1100 1762
425 140 14 18 1
453 140 41 22 April
794 138 64 19 XLIX

58 207 83 22 lauseen
158 207 86 28 tekijäin
259 208 112 21 ehdotusta
384 207 103 28 johonkin
503 207 80 22 määrin
598 207 203 27 kansanvaltaisena,
814 210 68 19 mutta

58 241 58 22 minä
138 248 25 15 en
182 241 50 28 pidä
247 241 94 22 sitäkään
357 242 158 27 tyydyttävänä.
545 241 59 22 Minä
619 242 48 21 olen
682 241 58 22 ilolla
754 242 84 21 kuullut
852 243 31 20 tä-

59 278 48 19 män
136 276 137 22 keskustelun
297 276 76 21 aikana
395 276 156 22 ilmaantuneen
575 276 36 21 hra
635 276 87 22 Tauben
744 276 137 27 ehdotuksen,

59 311 57 21 minä
139 310 46 21 olen
207 310 69 21 vallan
295 310 125 21 vakuutettu
435 310 54 26 siitä,
505 312 44 19 että
563 310 34 27 jos
611 310 68 21 kohta
694 310 38 21 hra
748 310 84 21 Tauben
849 310 34 21 eh-

59 345 63 21 dotus
143 344 99 28 pidetään
264 345 52 21 tällä
337 345 94 21 hetkellä
451 351 92 15 suurena
565 344 134 28 hurjuutena,
722 345 52 27 jolle
794 344 89 22 kentiesi

59 379 111 27 hiljaisesti
191 379 133 27 hymyillään,
346 379 44 21 niin
411 379 57 21 minä
490 379 78 26 luulen,
587 381 44 19 että
645 379 120 21 vastaisuus
778 379 106 27 paljoakin

60 413 161 21 makeammalla
242 413 92 27 hymyllä
356 419 27 15 on
405 413 108 21 katseleva
526 413 51 26 sitä,
590 415 47 19 että
650 413 66 21 täällä
730 419 28 15 on
773 413 110 21 ollenkaan

60 447 135 27 epäiltykään
216 447 118 21 valittaissa
355 447 134 22 semmoisten
503 447 152 27 järjestelmäin
669 447 78 26 välillä,
759 447 54 27 joita
826 447 57 22 koko

63 481 25 21 19
110 480 126 22 vuosisadan
257 480 99 28 ihmisyys
379 480 69 28 aikoja
463 480 64 22 sitten
541 487 28 15 on
584 481 115 27 hyljännyt.
728 480 59 22 Minä
801 481 82 27 pyydän

63 516 63 21 saada
151 515 127 28 lämpimästi
305 516 104 21 ehdotella
435 515 197 22 korkea-arvoisten
654 516 94 26 säätyjen
770 515 114 22 huomioon

62 549 128 22 otettavaksi
205 550 39 21 hra
257 549 89 22 Tauben
360 550 138 25 ehdotuksen,
515 552 46 19 että
569 549 62 22 kaksi
641 549 109 28 veroäyriä
760 549 57 22 tulisi
827 556 57 15 muo-

65 584 120 21 dostamaan
209 584 69 21 ehdon
300 583 159 22 vaalioikeuden
481 583 150 22 nauttimiselle
648 583 119 22 valittaessa
782 583 103 27 edustajia

62 616 187 29 Porvarissäätyyn
270 618 22 27 ja
313 620 46 19 että
372 620 74 19 tämän
458 617 163 22 vaalioikeuden
635 617 126 27 nauttijoilla
775 617 48 22 olisi
836 617 50 22 itse-

63 651 96 21 kullakin
172 651 47 27 yksi
234 651 53 21 ääni.
319 651 195 28 (,Hyvä*-huutoja
529 652 52 21 sekä
595 652 85 25 melua).

132 720 33 21 Hr
182 720 195 21 landtmarskalken
392 720 124 21 hemställde
531 719 34 22 till
579 720 120 26 ständerna,
716 719 101 22 huruvida
831 720 56 21 tolk-

64 754 50 27 ning
128 754 33 21 till
180 754 90 22 svenska
286 754 22 21 af
322 754 59 22 detta
395 760 42 21 nog
451 754 76 27 tydligt
542 754 77 27 afgifna
634 754 99 27 yttrande
748 754 137 26 erfordrades,

66 788 38 22 och
120 794 45 16 som
182 788 67 22 denna
263 788 106 27 förfrägan
384 788 126 22 besvarades
528 788 46 22 med
590 790 31 20 ett
636 788 69 21 starkt
720 788 39 22 och
774 787 59 28 lifligt
845 787 41 28 nej,

65 823 48 21 kom
128 823 98 27 tolkning
240 823 60 21 deraf
312 823 46 21 icke
373 823 6 21 i
395 823 65 27 fräga.

136 857 54 21 Frih.
215 857 104 26 Wrede,
341 857 25 21 R.
389 857 36 21 A.:
450 856 33 22 Då
506 856 42 22 min
571 856 137 27 reservation,
723 856 84 22 hvilken
821 857 68 21 under

67 891 155 21 diskussionens
237 891 50 27 lopp
302 891 69 21 blifvit
386 891 107 27 angripen,
509 891 67 21 delvis
592 891 27 27 pä
634 893 31 19 ett
680 893 50 24 sätt,
741 891 84 21 hvartill
835 893 53 19 mot-

67 925 72 27 stycke
154 925 61 21 torde
230 925 76 21 saknas
321 925 6 21 i
343 925 38 21 vär
395 925 180 27 representations
589 925 94 26 historie,
699 925 39 21 och
754 931 44 15 som
813 925 75 21 ätmin-

68 961 58 19 stone
149 959 6 21 i
180 959 57 22 detta
260 966 46 14 rum
328 961 24 19 är
372 959 113 27 nägonting
502 959 107 26 oerhördt,
627 959 61 22 ocksä
704 960 39 20 har
759 959 71 21 vunnit
845 959 42 21 väl-

67 993 67 27 villigt
156 994 115 21 understöd
292 993 23 22 af
336 1000 25 15 en
379 994 50 21 ärad
445 994 72 26 talare,
535 994 64 26 vägar
613 994 35 27 jag
663 994 40 21 hos
719 993 97 22 Finlands
833 994 54 26 högl.

68 1027 84 22 ständer
176 1028 82 21 anhålla
286 1034 30 15 om
334 1028 29 21 en
387 1028 74 21 stunds
483 1028 188 27 uppmärksamhet
693 1027 32 22 för
744 1030 31 19 att
788 1027 23 22 få
824 1028 87 26 något.
901 1023 14 36 .

68 1064 98 19 närmare
187 1062 97 21 utveckla
309 1062 24 21 de
356 1062 111 27 principer,
489 1062 82 27 hvarpå
590 1062 67 21 denna
673 1062 127 21 reservation
815 1062 73 27 hvilar,

70 1095 38 21 och
129 1095 87 21 bemöta
234 1096 66 27 några
316 1098 55 19 emot
387 1096 122 21 densamma
524 1096 68 21 under
607 1096 145 21 diskussionen
766 1096 74 26 gjorda
854 1102 36 15 an-

68 1137 72 21 grepp.
170 1130 39 22 Att
222 1131 36 27 jag
275 1130 70 22 dervid
362 1130 45 22 icke
423 1130 32 22 till
470 1130 128 22 bemötande
614 1132 102 26 upptager
731 1131 36 21 det
781 1130 38 22 sist
834 1130 56 27 gifna

68 1164 115 27 yttrandet,
208 1164 70 21 derför
300 1164 62 21 torde
384 1170 47 15 man
453 1164 7 29 i
478 1164 68 22 denna
561 1164 64 21 ärade
641 1164 121 27 församling
776 1164 57 21 hålla
848 1164 42 27 mig

69 1198 95 27 räkning,
180 1198 82 25 (bravo!
278 1198 91 25 bravo!).

138 1232 88 22 Oafsedt
249 1233 58 21 detta
326 1233 141 26 andragande,
482 1232 63 22 hafva
560 1233 67 21 under
644 1233 66 21 denna
727 1232 117 22 diskussion
858 1234 34 20 ut-

69 1266 66 21 talats
156 1266 77 21 tankar
248 1272 34 15 om
298 1266 77 21 allmän
389 1267 96 25 rösträtt,
503 1272 34 15 om
553 1265 174 27 förkastligheten
742 1265 22 22 af
777 1272 26 15 en
818 1265 74 26 grade-

70 1300 39 21 rad
130 1300 106 21 röstskala
258 1300 39 21 och
318 1306 33 15 om
367 1300 55 21 huru
437 1299 138 27 antiqverade
591 1299 69 28 dylika
676 1299 157 27 bestämningar
847 1302 44 24 äro,

70 1339 46 16 som
130 1333 131 22 förekomma
276 1333 6 21 i
298 1333 37 22 det
344 1333 33 22 till
393 1334 125 21 ständernas
529 1333 130 27 granskning
669 1333 107 27 förelagda
785 1333 106 27 förslaget.

72 1367 66 22 Dessa
162 1367 147 27 andraganden
333 1367 64 21 hafva
418 1367 55 21 varit
490 1367 32 21 till
539 1374 25 15 en
580 1367 33 21 del
628 1367 47 21 utaf
690 1367 40 22 den
745 1367 149 27 beskaffenhet,

71 1403 32 20 att
124 1401 128 22 åtminstone
272 1402 38 27 jag
324 1402 69 21 måste
407 1401 33 22 till
454 1401 51 22 fullo
521 1402 94 21 erkänna
629 1401 129 27 riktigheten
772 1401 22 22 af
807 1402 26 21 de
847 1408 48 21 syn-

70 1436 98 27 punkter,
189 1442 44 15 som
249 1435 72 22 dervid
336 1435 69 22 blifvit
419 1435 131 22 framstälda.
580 1436 33 21 En
628 1436 78 21 allmän
721 1437 93 25 rösträtt,
830 1435 65 27 enligt

72 1469 83 22 hvilken
171 1470 52 21 hvar
238 1470 39 21 och
292 1476 26 15 en
335 1476 75 21 person
427 1476 44 15 som
487 1469 90 22 innehar
591 1469 55 22 vissa
662 1469 173 27 qvalifikationer,
845 1476 50 15 vare

71 1502 32 27 sig
126 1505 32 19 att
181 1503 60 22 dessa
264 1503 128 22 bestämmas
414 1509 76 21 genom
511 1509 74 16 census
600 1503 52 22 eller
666 1504 28 26 på
709 1505 64 19 annat
787 1505 49 24 sätt,
853 1503 43 22 del-

70 1538 63 26 tager
155 1537 6 21 i
185 1537 56 22 valet
263 1537 48 22 med
333 1537 32 21 sin
387 1537 138 22 individuella
547 1539 46 19 röst
615 1537 38 22 och
675 1537 47 22 icke
739 1537 48 22 med
800 1536 57 27 flere,
873 1539 25 19 är

800 1582 27 18 IV
