1104 1764
454 131 12 18 1
481 131 52 22 Aprill.
839 130 37 19 XV

75 203 33 19 att
124 201 38 21 den
179 201 46 21 icke
241 201 85 21 absolut
341 207 49 15 men
405 201 86 21 relativt
506 201 31 21 till
553 201 54 21 hans
621 201 150 27 förmögenhet
786 203 69 19 större
865 208 36 14 an-

77 236 33 21 del
131 236 103 21 hvarmed
258 236 41 21 han
316 236 106 27 bidrager,
439 236 33 21 må
488 236 131 22 bestämmas
634 236 93 21 rättvist.
758 237 47 20 Den
819 236 83 21 mindre

76 269 111 27 förmögne
203 269 39 21 har
257 275 82 15 samma
353 271 45 19 rätt
412 271 33 19 att
460 269 78 25 fordra,
555 271 34 19 att
603 269 54 21 hans
673 269 124 27 visserligen
813 269 88 26 mindre,

77 310 48 15 men
147 304 44 20 lika
207 305 65 25 tungt
285 303 135 22 förvärfvade
436 304 124 26 penningar,
577 304 103 21 hvarmed
696 304 43 20 han
754 304 100 26 bidrager
868 304 33 20 till

77 338 36 21 det
127 338 114 26 allmänna,
255 338 68 21 måtte
338 338 108 21 användas
460 338 41 26 väl,
518 344 45 15 som
579 338 41 21 den
631 338 46 21 rike
687 338 42 21 kan
740 338 69 21 hafva.
839 339 63 20 Dess-

77 374 58 19 utom
151 372 40 21 bör
205 372 83 21 erinras
303 378 40 20 om,
359 374 33 19 att
407 372 198 27 representationen
616 372 117 27 ingalunda
743 374 82 19 ensamt
835 372 66 21 finnes

77 407 33 20 till
131 406 34 21 för
187 408 33 19 att
234 407 101 21 beskatta
349 406 68 22 folket
431 407 52 21 eller
497 406 34 22 för
547 408 33 19 att
595 407 135 21 kontrollera
745 405 155 22 finansförvalt-

77 441 84 26 ningen,
176 442 53 19 utan
244 441 41 21 den
299 441 108 26 lagstiftar
425 441 62 21 äfven
502 441 92 21 rörande
609 441 84 25 sådant,
710 447 44 15 som
769 441 44 20 lika
828 441 74 20 träffar

79 475 71 26 hvarje
166 475 145 27 medborgare,
329 481 47 15 vare
393 475 31 27 sig
441 475 50 21 hans
507 475 149 27 förmögenhet
671 477 24 19 är
711 477 68 19 större
791 475 49 21 eller
852 475 52 21 min-

79 510 44 21 dre.
152 510 47 21 Den
221 509 74 27 fattige
317 510 40 21 har
371 509 128 22 åtminstone
516 516 81 15 samma
612 510 91 21 intresse
721 516 42 15 som
781 510 38 21 den
837 510 43 21 rike
895 510 7 20 i

79 545 60 27 fråga
155 551 34 15 om
203 545 156 27 näringslagen,
374 545 86 21 hvilken
476 545 95 27 reglerar
585 545 120 21 individens
720 546 44 20 rätt
779 545 32 21 till
822 545 79 21 arbete.

79 579 206 26 Representationen
307 577 87 28 ålägger
416 579 169 26 medborgarene
608 579 126 26 värnepligt:
755 579 146 26 värnepligten

79 613 74 21 träffar
176 613 43 27 liga
233 615 62 25 tungt
311 613 39 21 den
365 613 82 27 fattige,
469 619 44 15 som
531 613 40 21 den
586 613 53 21 rike.
670 611 51 23 Med
737 612 55 21 hvad
807 614 45 19 rätt
866 613 37 20 vill

80 655 49 14 man
145 648 26 21 då
187 650 32 19 att
234 648 41 21 den
289 648 77 27 fattige
381 648 54 21 skall
450 648 22 21 få
489 648 87 27 bidraga
592 648 32 21 till
641 648 116 27 afgörande
768 648 23 21 af
800 654 26 15 en
838 648 66 21 sådan

79 682 66 27 fråga,
163 688 44 15 som
223 682 40 21 den
274 682 91 21 rörande
376 682 152 27 värnepligten,
540 682 75 21 endast
625 682 49 21 med
685 688 26 15 en
723 682 54 21 25:te
790 682 34 21 del
835 682 23 21 af
868 682 36 21 det

80 716 121 27 inflytande,
217 716 101 21 hvarmed
334 716 40 21 den
383 716 137 27 förmögnare
531 716 71 21 dertill
612 716 43 21 kan
666 716 95 27 bidraga.
783 717 42 20 Det
835 716 68 21 skulle

80 757 51 15 vara
152 751 87 21 rättvist
261 751 76 21 endast
351 751 7 21 i
374 751 35 21 det
430 751 40 21 fall
491 753 32 19 att
546 751 40 21 den
609 751 82 21 mindre
709 751 120 27 förmögnes
845 751 57 26 blod,

79 785 63 21 helsa
155 785 40 21 och
209 785 27 21 lif
247 791 52 15 voro
314 785 27 21 25
356 785 79 27 gånger
449 785 85 21 mindre
547 785 68 21 värde
630 786 27 20 än
673 785 42 21 den
729 785 128 27 förmögnes.

149 818 50 22 Man
218 819 63 21 anför
294 820 58 20 ännu
367 821 31 19 ett
411 821 67 19 annat
492 821 119 25 argument,
627 819 87 21 hvarför
731 819 40 21 den
787 819 117 27 graderade

80 854 101 26 politiska
196 854 121 20 röstskalan
332 860 49 15 vore
401 854 128 26 berättigad,
545 854 107 26 nämligen
668 855 33 20 att
716 854 47 21 med
779 854 40 21 den
835 855 69 20 större

80 887 175 27 förmögenheten
276 887 70 21 skulle
369 887 53 26 följa
437 893 26 15 en
478 887 85 21 relativt
579 889 69 19 större
663 887 98 27 förmåga
775 889 33 19 att
823 887 34 21 väl
872 889 34 19 ut-

80 921 51 21 öfva
152 921 145 27 valmanskap.
327 921 57 21 Vore
406 921 37 21 det
465 921 112 27 verkligen
600 921 29 26 så,
653 927 46 15 som
721 928 49 14 man
785 921 79 27 påstår,
881 921 24 21 så

81 955 68 21 skulle
162 955 24 27 ju
202 955 79 22 enhvar
294 956 56 20 böra
363 955 50 27 böja
428 956 31 26 sig
475 955 34 21 för
525 956 40 21 den
575 956 119 26 graderade
706 956 131 20 röstskalans
847 956 59 26 prin-

81 990 39 26 cip,
144 996 48 15 men
215 990 37 21 det
274 991 24 19 är
312 990 47 21 icke
375 989 30 26 så,
421 990 69 26 enligt
504 990 43 21 min
564 989 147 27 öfvertygelse.
743 989 76 22 Satsen
834 991 70 25 ,vota-

81 1031 41 14 non
137 1025 138 26 numeranda,
291 1025 37 21 sed
343 1025 158 26 ponderanda*,
514 1026 70 20 röster
594 1025 55 20 böra
659 1025 47 21 icke
717 1026 64 25 vägas
791 1026 53 19 utan
855 1025 48 20 räk-

81 1065 43 20 nas,
149 1061 24 19 är
195 1059 52 21 visst
270 1065 26 15 en
320 1059 93 27 gammal
437 1059 161 21 vördnadsvärd
624 1061 49 24 sats,
698 1066 49 15 men
770 1060 65 21 skada
849 1059 57 21 blott

80 1095 34 19 att
135 1093 37 21 det
195 1093 68 27 aldrig
278 1093 39 21 har
332 1093 81 27 lyckats
429 1093 7 21 i
451 1093 115 27 praktiken
582 1095 34 19 att
630 1093 129 21 konstruera
774 1099 27 15 en
816 1093 40 27 våg
870 1099 37 21 ge-

80 1134 49 15 nom
146 1128 85 21 hvilken
245 1134 50 15 man
309 1128 72 21 kunde
390 1128 79 21 utreda
479 1128 85 21 hvilken
573 1128 47 27 vigt
629 1134 27 15 en
667 1128 92 27 afgifven
769 1130 44 19 röst
826 1128 78 21 verkli-

80 1167 41 21 gen
135 1168 57 20 eger.
222 1162 125 21 Allraminst
361 1163 64 26 utgör
441 1162 36 21 det
493 1163 69 20 större
572 1162 54 21 eller
635 1162 82 21 mindre
727 1162 179 26 penningebelop-

80 1198 37 25 pet
140 1203 26 15 en
185 1196 68 21 sådan
274 1196 47 27 våg,
344 1198 22 25 ty
388 1197 121 26 penningen
523 1197 43 20 kan
581 1196 120 21 förvärfvas
716 1196 27 27 på
758 1196 149 27 mångahanda

81 1231 49 25 sätt,
147 1230 72 21 bättre
234 1230 53 21 eller
301 1232 76 19 sämre.
400 1231 41 20 Det
457 1232 25 19 är
497 1230 47 21 icke
554 1230 64 27 sagdt
628 1232 32 19 att
672 1230 25 21 de
709 1230 137 27 egenskaper,
859 1236 45 15 som

82 1266 51 25 göra
156 1271 26 15 en
206 1271 75 21 person
304 1265 87 27 lämplig
413 1267 33 19 att
461 1265 113 26 förvärfva,
591 1266 38 20 äro
644 1265 44 26 just
703 1265 115 24 desamma,
834 1265 73 20 hvilka

81 1302 37 19 äro
145 1300 121 21 önskvärda
282 1301 46 25 shos
353 1306 26 15 en
403 1300 130 27 lagstiftare,
557 1300 53 21 eller
633 1299 73 21 hvilka
720 1301 52 25 göra
787 1306 26 15 en
829 1306 78 20 person

80 1333 88 27 lämplig
183 1335 33 19 att
231 1333 96 26 bedöma,
343 1333 86 21 hvilken
445 1339 46 15 som
506 1333 42 21 blir
563 1333 41 21 den
619 1333 62 21 bäste
697 1333 138 27 lagstiftaren.
866 1331 43 20 Det

81 1370 24 19 är
126 1368 124 27 visserligen
273 1370 48 19 sant
340 1368 40 21 och
402 1368 37 21 det
465 1368 43 21 kan
527 1368 49 21 icke
594 1368 75 26 nekas,
685 1370 32 19 att
732 1368 26 21 de
772 1368 136 27 förmögnare

80 1402 111 21 klasserna
216 1402 137 21 öfverhufvud
377 1402 100 27 bibringa
493 1402 46 21 sina
553 1402 54 21 barn
623 1408 26 15 en
665 1402 174 27 omsorgsfullare
855 1408 52 21 upp-

80 1436 83 21 fostran
179 1438 27 19 än
223 1436 26 21 de
265 1436 81 21 mindre
362 1436 133 21 bemedlade.
527 1436 49 21 Men
592 1436 61 21 deraf
667 1436 63 27 följer
745 1436 115 27 ingalunda
875 1438 32 19 att

81 1471 26 21 de
129 1471 59 21 förra
213 1471 54 21 böra
281 1471 22 21 få
317 1471 158 27 monopolisera
491 1471 36 21 det
541 1471 102 27 politiska
659 1471 129 27 inflytandet.
819 1471 31 27 Ty
866 1471 41 21 den

80 1505 102 27 bildning,
209 1511 45 15 som
276 1505 7 21 i
299 1505 116 22 allmänhet
431 1505 86 27 åtföljer
533 1505 40 21 den
589 1507 71 19 större
674 1505 182 27 förmögenheten,
871 1505 38 21 fri-

79 1540 71 20 kallar
167 1540 115 26 ingalunda
301 1540 126 21 menniskan
441 1539 56 21 ifrån
511 1540 118 26 egoismens
644 1540 52 26 lyte,
710 1539 49 22 från
771 1540 92 26 begäret
877 1541 33 19 att
