1104 1736
224 131 41 33 XL
578 138 14 18 11
606 138 46 22 April.

207 206 39 22 och
268 206 32 21 till
321 207 51 27 följd
395 207 61 21 häraf
477 213 39 21 ega
538 207 25 21 de
586 207 182 27 förutsättningar,
785 213 43 15 som
846 208 82 20 senaste
944 206 85 22 ständer

207 240 114 22 framhållit
336 241 32 21 till
383 241 47 21 stöd
444 241 32 21 för
492 247 25 15 en
534 241 94 21 bestämd
645 247 81 20 census,
741 241 130 21 fortfarande
885 241 102 27 giltighet.

276 275 118 22 Ständerna
416 276 33 21 vid
473 276 53 21 1882
549 277 34 20 års
603 276 102 26 landtdag
722 275 63 22 hafva
799 276 6 20 i
821 275 74 27 sjelfva
911 276 71 21 verket
997 277 32 20 så-

208 313 45 15 som
275 307 32 21 sin
329 308 109 22 bestämda
461 309 55 27 åsigt
538 309 84 27 uttalat,
648 311 30 19 att
702 311 29 20 ett
754 309 51 21 visst
820 309 209 22 inkomst-minimum

208 344 64 21 borde
294 344 34 21 för
348 344 108 21 rösträtt
451 340 14 36 i
472 344 176 27 borgareståndet
663 344 121 22 fastställas.
816 344 101 27 Beloppet
933 344 22 21 af
969 344 60 21 detta

207 377 108 21 minimum
337 377 65 22 finnes
425 378 30 21 uti
477 378 124 21 ständernas
624 378 89 27 petition
732 378 47 21 icke
794 377 98 27 angifvet.
922 378 32 21 De
969 378 59 26 citat,

208 411 40 22 den
272 414 84 19 senaste
377 412 80 21 talaren
479 412 75 26 anfört,
577 412 71 21 kunna
671 412 45 21 icke
739 412 57 26 gälla
818 412 32 21 till
866 412 48 21 stöd
929 412 32 21 för
976 412 52 21 hans

207 446 69 21 tillika
297 446 72 27 gjorda
392 446 134 27 påståenden.
557 446 118 21 Ständerna
696 446 64 21 hafva
783 446 55 21 blott
853 446 77 26 anfört,
946 448 32 19 att
993 446 35 21 det

207 481 55 21 varit
283 481 58 27 fråga
363 487 34 15 om
419 481 40 21 den
475 487 39 15 ena
529 481 51 21 eller
594 481 67 21 andra
676 481 94 27 grunden
786 481 33 21 för
836 481 154 21 bestämmande
1007 481 23 21 af

208 517 31 19 ett
261 515 113 26 minimum,
397 514 64 22 bland
483 517 64 19 annat
568 514 100 22 anfördes
690 515 127 27 exempelvis
833 515 64 21 också
911 515 42 21 500
968 515 61 21 mark

207 549 70 21 såsom
299 549 59 21 detta
373 549 114 26 minimum;
504 555 47 15 men
566 549 115 21 ständerna
694 549 65 21 hafva
773 549 46 21 icke
834 549 34 21 vid
883 549 40 21 den
938 549 90 27 prelimi-

207 586 52 19 nära
273 584 154 27 behandlingen
441 584 83 27 pröfvat
538 584 51 22 eller
604 584 107 22 bestämdt
725 584 78 21 uttalat
815 584 31 27 sig
862 591 33 15 om
912 584 35 22 det
962 584 65 27 lämp-

207 617 76 27 ligaste
297 617 182 27 minimibeloppet.

276 652 115 27 Angående
410 652 67 22 denna
492 652 77 27 vigtiga
584 652 60 27 fråga
660 659 34 15 om
710 652 182 27 minimibeloppet
907 652 71 21 kunna
993 659 36 14 na-

207 687 105 26 turligtvis
334 687 81 26 ganska
436 687 57 21 olika
508 687 108 26 meningar
631 687 69 27 hysas,
715 689 23 25 ty
753 687 87 21 alldeles
856 686 110 22 bestämda
980 693 48 15 nor-

208 727 45 15 mer
274 721 32 21 till
324 721 50 21 stöd
388 721 32 21 för
434 721 140 21 bedömandet
589 721 61 21 häraf
663 721 39 21 har
717 727 49 15 man
782 722 58 20 svårt
862 723 34 19 att
916 721 111 27 uppställa.

276 755 42 21 Det
340 755 38 21 har
399 755 23 21 af
436 761 24 15 en
476 755 33 21 del
524 755 69 21 talare
608 755 108 21 anmärkts
732 756 70 20 såsom
819 755 36 21 det
870 755 114 21 förnämsta
1000 755 28 21 fe-

207 790 30 21 let
259 790 7 20 i
289 790 40 21 den
343 791 48 21 nåd.
409 796 66 21 prop.,
491 792 32 19 att
539 790 32 21 det
589 790 44 21 deri
648 789 119 27 föreslagna
782 790 210 21 inkomst-minimum
1008 789 21 22 af

209 824 39 21 800
264 823 60 21 mark
339 823 67 22 skulle
421 823 85 22 beröfva
521 823 105 27 åtskilliga
641 823 146 27 medborgare,
799 829 46 16 som
857 823 30 21 för
898 823 130 22 närvarande

207 862 40 20 ega
265 856 86 27 politisk
366 856 83 26 valrätt,
465 856 68 21 denna
548 856 160 27 betydelsefulla
722 856 91 21 förmån.
843 855 120 21 Statistiska
979 855 50 21 data

208 890 22 22 af
250 891 80 27 ganska
353 891 56 21 olika
430 891 45 26 slag
497 891 61 21 hafva
580 891 82 21 anförts
679 891 30 21 till
726 891 47 21 stöd
789 891 32 21 för
839 891 66 21 denna
920 891 6 21 i
943 891 38 21 och
997 891 31 21 för

208 925 31 27 sig
253 925 114 27 ingalunda
381 925 60 27 ringa
455 925 143 27 anmärkning.
623 925 61 21 Hvad
700 925 69 21 denna
783 925 95 21 statistik
893 925 135 26 vidkommer,

208 959 23 21 så
246 961 24 19 är
285 959 40 21 den
341 959 53 21 dock
410 959 126 21 åtminstone
552 958 64 22 delvis
630 959 46 21 icke
691 958 128 27 tillförlitlig.

276 994 42 21 Det
340 996 24 19 är
384 994 104 27 nemligen
501 996 78 25 ytterst
592 995 59 20 svårt
666 996 32 19 att
712 994 108 27 uppställa
836 1000 25 15 en
876 994 67 21 sådan
955 993 74 28 jemfö-

207 1028 55 22 relse
277 1029 27 26 på
320 1030 29 20 ett
366 1028 62 22 exakt
443 1030 48 25 sätt,
508 1030 36 19 när
560 1028 109 27 samtidigt
684 1028 48 22 med
747 1028 122 22 införandet
884 1028 22 21 af
921 1028 33 22 det
969 1028 60 21 mini-

207 1069 64 20 mum,
294 1068 46 16 som
361 1069 29 14 nu
411 1062 93 27 föreslås,
519 1062 70 21 tillika
604 1069 25 15 en
644 1063 24 20 så
684 1062 118 27 betydande
820 1062 122 27 förändring
956 1063 31 20 uti
1003 1062 25 22 de

207 1096 75 21 hittills
303 1096 97 27 gällande
422 1096 266 27 undantagskategorierna
710 1096 68 21 skulle
794 1102 40 21 ega
848 1102 53 15 rum.
931 1096 41 21 Det
987 1096 42 21 kan

207 1130 108 22 dessutom
337 1130 90 27 förtjena
449 1130 94 27 beaktas,
565 1132 32 19 att
617 1131 24 20 så
657 1132 59 19 snart
730 1130 212 22 inkomst-minimum
957 1130 71 22 ställes

208 1164 63 27 högre
295 1166 26 19 än
343 1165 42 21 200
407 1164 66 27 mark,
496 1165 23 21 så
541 1164 99 26 inträder,
656 1164 128 22 åtminstone
800 1164 84 22 formelt
899 1164 129 27 betraktadt,

207 1203 26 16 en
248 1198 151 27 inskränkning
413 1198 7 21 i
435 1205 28 14 nu
479 1198 113 22 bestående
608 1198 85 26 valrätt;
712 1198 38 22 den
764 1198 113 27 praktiska
885 1198 78 27 följden
972 1198 59 22 deraf

207 1231 42 22 blir
262 1232 133 26 naturligtvis
405 1233 83 26 ringare
501 1233 23 26 ju
539 1233 58 26 lägre
611 1233 212 21 inkomst-minimum
838 1235 30 24 är,
885 1239 48 15 men
947 1234 83 19 senaste

208 1266 86 22 ständer
317 1266 64 21 hafva
401 1266 64 21 likväl
488 1266 7 21 i
517 1266 32 21 sin
571 1266 154 27 framställning
740 1266 46 22 icke
803 1267 81 20 kunnat
897 1266 86 27 förbise,
999 1268 32 19 att

207 1301 72 26 hvarje
302 1301 80 26 verklig
405 1300 205 27 censusbestämning
634 1302 67 20 måste
724 1300 98 22 medföra
838 1301 68 26 någon
921 1301 110 20 inskränk-

208 1332 49 27 ning
271 1332 6 21 i
294 1339 28 14 nu
336 1332 114 22 bestående
466 1332 84 21 valrätt.

277 1368 141 27 Lagstiftaren
440 1369 39 21 har
501 1369 33 21 väl
558 1369 60 21 också
642 1369 74 26 giltiga
738 1369 46 21 skäl
809 1371 32 19 att
860 1371 50 24 taga
924 1369 7 20 i
946 1368 84 22 betrak-

209 1402 67 26 tande,
298 1404 31 19 att
344 1402 143 26 aflägsnandet
502 1401 22 22 af
537 1402 49 21 flere
601 1402 249 26 undantagskategorier,
867 1408 44 15 som
929 1401 101 22 härintills

208 1436 53 21 varit
284 1436 104 27 gällande,
405 1436 121 22 förutsätter
542 1438 30 19 ett
587 1437 64 26 något
668 1438 62 19 annat
746 1436 135 22 bedömande
896 1436 22 21 af
931 1436 99 22 inkomst-

207 1470 108 21 minimum
338 1470 51 22 eller
413 1476 80 21 census,
517 1472 26 19 än
565 1470 56 21 förut
644 1472 35 25 egt
703 1477 49 14 rum.
787 1471 69 21 Dessa
880 1471 36 20 två
937 1470 94 22 faktorer

208 1504 65 22 verka
294 1504 99 22 inbördes
415 1505 28 26 på
464 1504 119 21 hvarandra
604 1504 39 22 och
665 1504 52 22 böra
735 1504 73 22 derför
823 1504 53 27 icke,
892 1505 69 21 såsom
977 1504 53 22 dock

207 1538 7 21 i
230 1538 57 22 afton
303 1540 35 25 egt
354 1544 51 21 rum,
423 1538 99 22 bedömas
537 1538 74 22 endast
626 1538 99 21 särskildt
740 1538 33 21 för
789 1538 39 27 sig.
