1098 1766
229 122 42 21 750
550 129 10 17 9
573 134 18 17 p.
603 127 78 19 Huhtik.

200 190 113 20 1877—78
336 189 35 21 års
393 189 105 27 landtdag
519 191 86 25 antogs,
628 189 108 22 befriades
752 189 6 21 i
775 189 41 22 och
838 189 50 22 med
911 189 121 22 detsamma

199 217 100 27 samtliga
321 218 98 26 rusthåll,
436 218 99 21 roterade
553 218 97 21 hemman
669 218 38 21 och
724 218 157 21 båtsmanshåll
897 218 47 22 från
960 218 69 27 erläg-

199 247 81 26 gandet
295 246 23 22 af
331 247 26 21 de
370 246 46 22 från
435 246 46 22 dem
493 246 109 27 utgående
612 246 237 27 passevolansafgifter,
862 247 24 21 så
897 247 62 26 länge
969 253 61 15 nem-

198 276 58 26 ligen
272 276 84 21 landets
372 276 172 21 militärväsende
559 276 87 21 komme
660 278 35 19 att
709 282 52 15 vara
776 276 94 21 ordnadt
884 276 28 26 på
923 275 106 27 grundva-

199 304 33 21 len
257 303 22 22 af
300 304 78 21 allmän
401 304 125 27 värnepligt.
558 304 32 21 En
614 304 94 27 naturlig
727 304 52 27 följd
795 304 23 21 af
831 304 61 21 detta
909 304 70 21 beslut
994 310 36 15 om

197 332 162 27 värnepligtens
375 333 120 26 antagande
511 339 38 15 var
564 332 69 27 äfven,
650 335 34 19 att
699 332 26 22 de
740 333 30 26 på
784 333 70 26 grund
868 332 23 22 af
900 332 130 27 indelnings-

197 362 77 21 verket
296 361 47 22 från
366 362 91 21 rusthäll
473 362 40 21 och
528 362 102 21 roterade
645 362 99 21 hemman
761 362 108 26 utgående
884 361 145 27 vakansafgif-

197 392 63 20 terna
282 390 67 21 borde
372 390 90 27 aflyftas,
482 390 90 22 emedan
591 390 24 22 de
632 390 100 27 utgjorde
749 397 24 15 en
791 390 121 27 egvivalent
926 390 33 22 för
973 397 55 20 upp-

198 419 107 21 ställande
321 418 24 22 af
356 419 82 21 militär
451 420 28 26 pä
495 419 68 27 grund
580 419 23 21 af
615 419 206 27 indelningsverket.
853 419 76 22 Derför
943 419 85 22 fästade

200 447 67 21 också
293 448 111 21 1877—178
427 448 37 21 års
480 448 94 22 Ständer
588 448 6 21 i
611 448 32 21 sin
659 447 175 22 svarsskrifvelse
851 448 28 26 pä
894 448 40 21 den
950 448 79 26 nådiga

197 477 166 27 propositionen
379 483 34 15 om
428 477 160 27 värnepligtens
603 477 113 21 införande
732 477 60 22 detta
808 483 47 15 som
871 479 31 19 ett
917 477 68 21 vilkor
994 476 34 22 för

197 505 123 27 antagande
336 505 23 22 af
373 512 26 15 en
415 506 76 21 allmän
508 506 127 26 värnepligt,
654 506 66 21 ehuru
737 505 123 22 Ständerna
875 505 73 22 biföllo
960 506 68 26 erläg-

197 534 82 26 gandet
301 534 23 21 af
344 534 171 27 vakansafgiften
540 534 30 21 till
596 534 109 27 utgängen
729 534 23 21 af
773 534 25 21 är
814 536 61 19 1882.
906 534 121 22 Ständerna

197 563 86 21 anhöllo
300 562 110 28 derjemte,
428 565 32 19 att
476 569 25 15 en
516 563 162 26 undersökning
694 563 69 21 skulle
780 563 39 21 ske
832 563 6 20 i
855 563 39 21 och
903 562 35 22 för
948 563 78 26 äväga-

196 592 119 26 bringande
331 591 23 22 af
367 598 26 15 en
410 592 104 27 reglering
531 592 111 26 angående
654 594 229 24 augmentsräntornas
894 591 133 22 förhållande

196 620 33 21 till
244 620 131 21 rusthällens
391 620 152 27 skyldigheter,
560 620 25 21 sä
600 620 47 21 vidt
661 627 27 14 en
704 620 68 21 sädan
787 620 108 27 reglering
905 620 71 21 kunde
987 619 39 21 ske

195 651 54 19 utan
273 649 93 27 verkligt
385 649 84 27 inträng
484 649 6 21 i
506 649 119 21 bestäende
641 649 317 26 förmögenhetsförhällanden.
989 649 37 21 Uti

196 677 37 22 det
247 684 27 14 nu
291 677 145 27 föreliggande
453 677 245 22 utskottsbetänkandet
713 677 95 22 föresläs
819 677 118 22 emellertid
949 677 78 21 endast

195 713 25 15 en
258 706 65 22 partiel
345 706 85 27 lösning
452 706 23 21 af
496 706 70 22 denna
588 706 61 27 fråga
664 707 6 20 i
687 707 37 21 det
747 709 33 19 att
800 707 77 21 endast
891 706 134 22 beträffande

194 733 121 21 rusthällen
339 734 71 21 säsom
434 734 82 21 sädana
535 734 199 27 indelningsverket
748 735 88 21 komme
852 737 32 19 att
898 733 126 27 upphäfvas,

195 770 47 15 men
265 763 90 22 faktiskt
378 766 32 19 att
426 764 86 26 gvarstä
527 764 49 21 med
592 764 124 21 hänseende
733 764 25 21 de
775 763 100 22 roterade
890 763 134 26 hemmanen,

194 792 6 21 i
218 792 36 22 det
278 794 32 19 att
332 792 171 27 vakansafgiften
519 793 85 21 komme
619 795 33 19 att
666 792 47 22 frän
731 793 48 21 dem
796 793 118 21 tillsvidare
928 794 96 25 utgöras.

263 821 61 21 Hvad
341 821 100 22 beträffar
457 821 74 27 sjelfva
546 821 126 26 rusthällen,
694 821 25 21 sä
734 822 78 25 skulle,
829 821 6 21 i
852 821 36 21 fall
904 822 122 21 utskottets

194 850 137 21 betänkande
349 850 132 27 godkändes,
498 852 32 19 ett
544 850 95 27 verkligt
653 850 86 27 inträng
755 850 5 21 i
779 850 26 21 de
816 850 119 21 bestäende
945 850 80 21 förmö-

194 879 241 26 genhetsförhällanden
451 879 86 21 komma
553 881 32 19 att
601 880 70 25 göras,
687 879 6 20 i
711 879 37 21 det
764 881 34 19 att
811 879 119 21 rusthällen
940 879 85 21 komme

195 908 33 20 att
244 906 71 27 nedgä
329 906 6 21 i
352 907 148 26 kapitalvärde
516 907 48 21 med
579 907 48 21 icke
641 907 85 21 mindre
741 909 28 19 än
786 908 12 20 6
809 908 21 25 1
842 907 106 21 millioner
957 907 66 21 mark.

192 935 43 27 Jag
257 935 33 22 för
305 935 42 21 min
365 935 33 22 del
413 936 42 20 kan
473 935 70 22 derför
558 935 48 22 icke
622 935 115 27 godkänna
751 936 122 21 utskottets
887 935 137 22 betänkande

193 970 28 15 nu
243 964 45 21 lika
311 964 48 21 litet
382 970 46 15 som
450 964 35 21 vid
507 963 130 27 föregäende
661 964 109 26 landtdag,
796 966 52 19 utan
871 964 95 21 ansluter
980 964 45 27 mig

192 992 34 21 till
250 992 40 22 den
314 992 24 21 af
356 992 53 22 herr
428 992 120 22 Schauman
564 992 148 22 betänkandet
726 992 115 27 vidfogade
857 992 168 27 reservationen,

194 1023 45 24 yätt
264 1021 46 21 icke
334 1021 70 27 någon
428 1021 106 27 reglering
557 1022 21 20 at
598 1021 131 21 rusthällens
746 1021 104 27 ställning
865 1021 35 21 mä
914 1020 109 27 företagas

193 1050 122 21 oberoende
331 1049 23 22 af
367 1049 182 26 vakansafgittens
566 1049 115 28 aflyftande
698 1050 38 21 och
755 1050 67 21 andra
838 1050 106 21 allmänna
955 1050 68 26 regle-

191 1079 74 26 ringar
287 1078 23 22 af
328 1079 237 27 jordbeskattningen*.
597 1078 41 26 Jag
662 1085 62 15 anser
749 1081 33 19 att
806 1078 74 26 frågan
898 1078 68 22 hellre
981 1079 43 21 kan

191 1107 67 21 blifva
281 1107 97 27 oafgjord
396 1110 58 19 ännu
469 1114 26 15 en
511 1108 38 26 tid,
566 1110 27 19 än
608 1110 34 19 att
656 1114 49 15 man
721 1114 79 20 genom
816 1108 121 26 antagande
952 1107 23 22 af
988 1110 35 19 ut-

192 1136 95 21 skottets
304 1136 137 21 betänkande
455 1136 69 21 inslär
538 1142 33 20 en,
587 1136 66 26 enligt
668 1136 43 21 min
727 1136 66 26 äsigt,
810 1136 79 26 oriktig
903 1138 49 24 väg.
981 1136 43 26 Jag

191 1164 38 20 vill
252 1166 56 19 ännu
331 1164 97 27 tillägga,
451 1166 34 19 att
504 1164 37 27 jag
556 1165 87 26 styrkes
657 1164 6 21 i
681 1164 70 21 denna
767 1164 44 21 min
827 1164 58 27 äsigt
900 1164 24 21 sä
939 1165 86 26 mycket

192 1199 59 15 mera
268 1198 45 15 som
329 1199 49 15 man
394 1196 39 19 har
448 1193 122 27 berättigad
587 1193 112 27 anledning
717 1195 32 19 att
766 1195 82 25 antaga
863 1193 36 21 det
913 1193 42 21 alla
963 1193 60 27 jord-

191 1222 87 21 skatter
292 1222 57 21 inom
365 1222 49 21 kort
429 1222 86 21 komma
529 1224 34 19 att
577 1221 90 28 aflyftas,
683 1221 101 22 hvarföre
799 1222 37 21 det
846 1228 51 15 vore
907 1222 118 26 onaturligt

192 1251 34 19 att
241 1249 27 27 pä
284 1249 120 22 rusthällen
420 1250 64 26 lägga
499 1256 25 15 en
540 1256 27 20 ny
583 1250 64 20 skatt.

261 1278 218 27 Landtdagsmannen
495 1279 151 26 Rosenberg
662 1279 72 26 ansäg,
753 1280 33 20 att
802 1278 82 27 frägan,
900 1279 44 21 löst
960 1279 65 26 enligt

192 1308 121 21 utskottets
329 1307 144 26 betänkande,
490 1307 46 22 icke
554 1307 67 22 skulle
637 1307 160 22 tillfredsställa
809 1307 147 26 allmänheten,
969 1309 56 19 samt

194 1336 80 27 yrkade
295 1335 73 22 derför
383 1338 33 19 att
433 1336 87 21 ärendet
536 1336 67 21 mätte
619 1336 172 21 äterremitteras
808 1335 31 22 till
856 1335 169 22 Statsutskottet

191 1364 34 22 för
248 1367 33 19 att
303 1364 118 22 behandlas
437 1365 6 20 i
460 1364 222 22 öfverensstämmelse
704 1365 51 21 med
778 1364 71 22 första
867 1364 158 22 alternativet
1012 1360 15 36 i

194 1391 39 22 den
249 1391 80 27 nädiga
345 1391 168 27 propositionen.

262 1421 113 21 Edusmies
399 1421 110 21 Mattila
530 1421 60 27 pyysi
613 1421 71 21 asiata
704 1421 105 27 pöydälle
827 1428 109 15 nousevan
951 1422 74 21 viikon

193 1449 123 21 viimeiseen
332 1449 120 21 istuntoon.

261 1479 116 21 Edusmies
392 1478 144 28 Landgrön
558 1479 29 21 oli
602 1485 72 15 samaa
689 1479 148 27 mielipidettä
852 1479 52 21 kuin
920 1479 106 21 edusmie-

192 1508 37 21 het
245 1507 133 22 Tensikkala
390 1507 23 27 ja
429 1507 121 22 Lemström
565 1508 53 21 sekä
632 1507 140 22 kummasteli
782 1507 106 26 muutoin,
908 1509 45 20 että
964 1509 61 20 eräät

191 1536 94 27 puhujat
309 1538 48 19 ovat
375 1538 118 25 pyytäneet
508 1536 68 21 asiata
593 1536 52 22 vielä
661 1536 110 27 pöydälle,
788 1536 80 21 vaikka
882 1536 143 21 valiokunnan
