1100 1764
230 119 58 18 LX
585 122 14 18 1
612 122 47 23 April.

208 190 76 27 ningen
307 189 23 22 af
343 190 27 21 de
385 190 73 21 dervid
474 189 78 28 afgifna
568 191 100 20 rösterna
683 190 39 21 har
739 190 93 21 komitén
847 190 7 20 i
870 190 46 21 4:de
934 196 59 15 mom.
1011 189 23 22 af

208 231 80 15 samma
310 225 102 27 paragraf
428 225 112 21 bibehållit
555 225 26 21 de
598 225 137 27 stadganden,
753 231 45 15 som
813 225 6 21 i
836 225 60 21 detta
911 221 120 25 hänseende

206 259 34 21 för
262 259 133 21 närvarande
417 259 63 27 gälla,
503 265 48 15 men
573 259 34 26 då,
631 259 6 21 i
657 259 102 21 händelse
774 259 41 21 den
830 259 24 21 af
866 259 95 21 komitén
976 259 55 21 före-

208 292 74 27 slagna
304 293 125 27 utvidgning
449 292 23 22 af
487 293 104 21 valrätten
606 293 42 21 blir
662 293 107 27 godkänd,
787 293 87 27 ändring
889 293 6 20 i
912 294 65 20 sättet
992 293 40 21 och

207 327 118 27 ordningen
340 327 36 21 vid
389 327 64 21 valen
465 327 64 21 torde
543 327 6 21 i
565 327 26 22 de
606 327 65 21 flesta
684 327 74 21 städer
772 327 66 21 blifva
851 327 73 27 nödig,
940 327 39 21 har
993 327 39 21 ko-

206 361 68 21 mitén
296 361 139 21 öfverlemnat
457 361 23 21 åt
501 361 162 21 vederbörande
685 361 187 21 stadskommuner
885 363 35 19 att
934 361 97 21 deröfver

207 395 89 27 besluta,
318 395 104 27 Kejsaren
438 395 53 22 dock
506 395 129 22 förbehållet
649 397 33 19 att
698 395 79 21 sådana
793 395 149 27 valordningar
956 395 76 27 pröfva

209 430 38 21 och
264 430 127 21 fastställa".
415 430 70 21 Häraf
498 432 24 19 är
537 430 81 27 ganska
633 430 77 27 tydligt
725 432 33 19 att
773 430 34 21 vid
822 430 62 27 fråga
899 436 34 15 om
943 430 90 27 ändring

206 465 24 21 af
252 467 68 20 sättet
344 465 39 22 och
398 465 117 27 ordningen
529 465 33 21 för
578 465 61 22 valen
655 465 62 22 äfven
732 465 90 27 ändring
837 465 23 21 af
874 465 158 22 röstberäknin-

207 505 40 21 gen
270 499 42 21 kan
334 499 84 21 komma
433 499 7 20 i
455 498 66 28 fråga.
552 499 43 27 Mig
612 505 61 21 synes
689 500 32 20 att
737 499 71 21 vidare
824 499 58 21 bevis
897 499 46 21 icke
958 498 74 22 behöf-

206 540 38 15 vas
259 533 35 22 för
308 535 33 20 att
356 534 60 21 Hans
431 534 111 27 Majestäts
557 533 122 28 rådgifvare
694 534 56 21 varit
764 534 7 20 i
788 533 32 22 sin
834 533 53 22 fulla
902 535 50 25 rätt,
967 533 27 22 då
1005 533 25 22 de

206 568 36 21 vid
256 568 125 27 tolkningen
395 568 24 21 af
431 568 132 27 grundlagen
577 568 111 27 uppfattat
703 568 42 21 den
760 568 30 26 så,
806 574 44 15 som
866 568 25 21 de
905 568 63 27 gjort.
991 568 40 27 Jag

207 602 37 22 ber
269 602 52 22 dock
343 604 33 19 att
398 604 55 19 ännu
475 602 22 22 få
520 602 93 27 tillägga,
637 604 33 19 att
685 609 26 15 en
728 602 65 22 sådan
809 602 134 27 uppfattning
958 602 73 21 vinner

205 636 132 22 bekräftelse
351 637 24 21 af
387 637 52 21 sista
453 643 66 15 mom.
533 637 7 21 i
557 639 26 19 11
601 637 10 27 $
628 637 21 22 af
660 637 22 21 L.
694 637 31 26 O.,
738 637 38 21 der
787 637 35 21 det
833 637 109 27 angående
952 639 79 25 preste-

207 672 83 21 ståndet
313 672 97 27 stadgas:
441 689 6 9 ,
449 671 45 26 Om
519 673 42 20 sätt
585 672 38 21 och
644 672 90 27 ordning
749 671 33 22 för
798 672 61 21 valen
875 672 55 21 inom
946 672 25 21 de
987 674 44 19 sär-

208 705 67 22 skilda
292 705 73 22 stiften
380 705 35 21 må
430 705 25 22 de
471 705 98 27 väljande
585 705 31 27 sig
633 705 87 22 emellan
738 705 203 22 öfverenskomma"'.
963 701 68 26 Äfven

207 739 36 22 der
267 741 24 19 är
312 739 61 27 fråga
396 745 32 15 om
453 739 47 22 hela
518 739 159 27 valordningen,
693 739 193 27 röstberäkningen
900 739 130 27 inbegripen.

204 774 74 21 Hafva
294 774 6 21 i
317 776 25 19 11
359 774 11 27 &
387 774 66 21 orden
467 776 60 25 ,,sätt
540 774 40 21 och
594 774 92 27 ordning
701 774 33 21 för
750 774 75 21 valen'
837 774 69 21 denna
917 774 113 27 betydelse,

205 809 56 21 huru
283 809 69 21 skulle
375 809 25 21 de
424 809 27 21 dä
473 809 72 21 kunna
559 809 72 21 tolkas
645 809 154 21 annorlunda
789 804 12 36 i
816 809 40 21 den
872 810 61 20 12:te.
963 808 70 22 Häraf

205 843 73 27 tyckes
301 843 43 27 mig
361 842 83 28 framgä
459 843 124 27 otvetydigt,
599 844 34 20 att
648 843 116 27 styrelsens
779 843 97 27 tolkning
890 843 55 21 varit
960 843 70 27 riktig,

206 876 54 22 eller
276 877 129 21 ätminstone
421 879 32 19 att
469 877 40 21 den
523 877 48 21 icke
585 877 50 21 med
650 877 46 21 skäl
712 877 41 21 kan
770 877 106 21 klandras.
906 876 41 26 Jag
962 875 68 22 skulle

206 910 72 22 derför
300 917 64 21 gerna
388 912 43 20 sett
453 912 32 20 att
507 911 36 21 det
567 917 98 21 angrepp,
688 917 43 15 som
748 911 68 27 gjorts
831 912 44 20 mot
892 911 67 21 denna
974 911 55 21 tolk-

204 945 57 27 ning,
285 946 47 21 icke
347 945 69 22 blifvit
431 945 122 22 framstäldt
572 946 29 26 pä
615 946 77 21 sädant
708 947 50 25 sätt,
776 952 44 15 som
836 946 36 21 det
887 946 57 21 skett
958 946 6 20 i
980 945 49 22 frih.

204 978 90 22 Wredes
309 978 138 22 reservation.
479 978 61 27 (Bra!
556 978 63 27 bra!)

274 1013 32 21 Hr
330 1013 166 27 Schauman,;
510 1014 23 20 B.
557 1013 36 22 O.:
617 1013 74 21 Ehuru
711 1014 37 26 jag
763 1013 33 21 till
811 1020 26 15 en
853 1013 34 22 del
900 1013 53 22 eller
966 1013 6 21 i
987 1013 43 21 viss

204 1048 49 21 män
275 1048 39 21 har
336 1048 68 21 blifvit
418 1048 143 22 förekommen
577 1048 23 21 af
612 1048 27 21 hr
653 1048 115 27 Runeberg
782 1048 40 22 och
838 1050 14 19 t.
869 1054 19 15 o.
903 1055 27 14 m.
947 1048 22 21 af
981 1048 47 21 frih.

188 1104 3 2 .
203 1082 84 27 Wrede,
308 1082 36 21 vill
357 1083 36 26 jag
410 1082 52 22 dock
477 1084 57 25 yttra
549 1082 6 21 i
571 1084 79 19 största
666 1082 85 22 korthet
769 1082 39 22 och
822 1082 7 21 i
845 1082 115 22 allmänhet
974 1082 55 21 hvad

200 1116 37 27 jag
261 1119 78 19 ämnat.
369 1113 68 25 Äfven
456 1117 36 27 jag
514 1117 39 21 hör
577 1117 33 21 till
633 1117 36 21 det
683 1117 92 27 troligen
790 1119 58 19 stora
862 1117 91 21 flertalet
968 1117 22 21 af
1004 1117 26 21 de

202 1151 40 21 här
264 1150 127 22 församlade
412 1152 195 25 representanterne
628 1150 36 22 för
688 1150 68 22 finska
784 1150 73 27 folket,
882 1151 74 21 hvilka
978 1157 52 15 anse

202 1186 34 20 att
259 1185 146 21 diskussionen
428 1191 28 15 nu
478 1185 39 22 här
539 1186 28 26 pä
582 1185 61 21 detta
656 1191 54 21 rum,
726 1185 6 21 i
750 1185 217 21 öfverensstämmelse
981 1185 48 21 med

202 1218 28 21 47
245 1219 13 26 8
276 1218 23 21 af
311 1219 24 20 L.
353 1218 30 27 O.,
399 1218 47 22 icke
460 1218 97 22 kommer
572 1220 33 19 att
619 1218 49 22 leda
682 1218 35 21 till
731 1219 66 26 något
812 1218 106 27 praktiskt
932 1218 97 27 resultat,

203 1252 19 21 d.
246 1259 17 15 v.
288 1259 15 15 s.
327 1255 33 19 att
385 1253 42 21 alla
449 1253 46 27 fyra
516 1253 62 21 stånd
602 1253 83 21 komma
704 1254 32 20 att
752 1254 76 20 stanna
842 1253 7 20 i
865 1259 80 15 samma
960 1253 69 21 beslut

204 1287 107 27 angäende
332 1287 69 21 denna
415 1287 62 27 högst
493 1287 78 27 vigtiga
585 1287 183 27 grundlagsfräga,
783 1289 94 19 närmast
892 1287 90 21 rörande
999 1289 31 19 ett

202 1320 22 22 af
246 1321 61 21 dessa
329 1321 69 21 ständ.
428 1321 33 21 Dä
484 1327 28 15 nu
529 1321 40 21 här
584 1323 25 19 är
623 1321 60 27 fräga
699 1327 34 15 om
749 1321 87 27 politisk
849 1321 80 21 valrätt
943 1321 39 21 och
997 1327 33 15 re-

201 1356 208 26 presentationsrätt,
431 1357 24 20 sä
477 1356 66 21 mäste
567 1362 49 15 man
638 1356 61 21 kasta
721 1355 59 22 öfver
802 1356 52 21 bord
877 1356 46 21 icke
939 1356 90 21 allenast

202 1389 42 21 alla
267 1390 95 26 exempel
383 1389 49 22 frän
454 1390 65 21 andra
540 1390 83 26 länder,
639 1392 52 19 utan
706 1390 65 21 ocksä
786 1390 43 21 alla
843 1390 132 26 principiella
989 1389 40 22 och

201 1423 78 22 ideella
300 1423 93 26 grunder
415 1423 35 21 för
471 1423 122 26 detsamma,
619 1423 47 22 dem
681 1430 48 14 man
746 1423 104 22 inhemtat
864 1423 48 21 från
927 1423 26 22 de
967 1423 62 21 bäste

202 1457 40 22 och
261 1459 78 20 störste
354 1458 177 21 statsrättslärare
546 1458 56 21 ända
617 1457 46 22 frän
678 1458 161 26 Montesguieus
855 1458 39 21 och
910 1452 119 27 Rousseaus

203 1493 71 27 dagar,
298 1493 38 21 och
359 1492 33 22 för
413 1493 71 21 hvilka
509 1499 48 15 man
575 1494 93 20 svärmat
683 1493 6 20 i
705 1493 163 27 ungdomsären,
885 1493 27 21 dä
927 1499 54 20 man,
997 1494 33 20 sä-

204 1532 44 15 som
264 1526 60 21 fallet
338 1528 24 19 är
378 1526 47 21 med
442 1526 47 27 mig,
505 1526 65 21 redan
586 1526 127 27 längesedan
735 1526 134 21 öfverskridit
889 1526 61 21 deras
959 1528 69 25 gräns.
