1104 1737
214 126 61 33 XL
575 132 14 18 1
604 132 45 22 April.

195 199 94 27 följande
310 200 102 27 paragraf
431 200 6 20 i
461 201 24 21 L.
502 200 33 28 O.,
555 200 39 21 den
612 200 67 26 13:de,
695 200 38 21 der
749 200 35 21 det
799 200 56 21 talas
871 206 33 14 om
920 200 103 20 valrätten

196 234 33 21 till
250 234 161 26 bondeståndet,
433 235 32 21 för
488 237 33 19 att
545 235 56 22 finna
624 237 33 19 att
678 235 60 21 äfven
763 235 36 21 der
823 233 124 22 förutsättes
969 234 54 21 vissa

197 269 206 26 rättsförhållanden,
426 271 13 19 t.
465 276 30 14 ex.
520 270 109 26 mantalet,
653 276 43 14 som
721 270 123 20 tillkommit
863 276 76 20 genom
955 276 67 14 annan

196 304 132 27 lagstiftning
350 306 27 19 än
399 304 108 27 grundlag.
538 304 61 21 Hvad
622 304 33 21 för
678 304 63 27 öfrigt
763 304 108 21 olikheten
895 304 87 21 emellan
998 304 25 21 hr

197 338 88 20 Heikels
305 337 78 27 förslag
405 337 38 21 och
464 338 40 20 den
520 338 49 21 nåd.
587 344 58 20 prop.
663 337 136 27 vidkommer,
816 338 24 21 så
855 344 61 20 synes
932 338 35 20 det
981 338 43 26 mig

197 378 44 15 som
266 378 33 15 om
319 378 32 20 en,
373 378 26 15 en
421 372 54 27 gång
497 372 33 21 för
553 372 49 26 alla,
625 372 6 20 i
647 372 62 27 lagen
723 372 97 21 bestämd
836 371 151 22 klassifikation
1002 372 23 21 af

197 406 106 26 städerna,
326 406 108 27 åsyftande
457 408 31 19 att
511 412 51 15 vara
584 406 86 26 lämpad
693 406 53 21 efter
761 406 108 21 olikheten
885 406 6 20 i
907 406 115 27 förmögen-

197 440 208 21 hetsförhållandena
423 440 26 26 på
465 440 70 21 skilda
551 442 61 24 orter,
629 440 106 21 måhända
751 440 44 21 icke
812 440 42 21 lika
870 440 72 21 säkert
956 440 67 21 skulle

197 475 101 20 realisera
319 474 59 21 detta
399 474 56 27 syfte
469 481 44 14 som
530 474 49 21 -den
598 475 31 20 uti
645 475 48 21 nåd.
710 481 56 20 prop.
784 474 120 27 föreslagna
920 475 101 26 grunden.

197 509 45 21 När
263 509 101 21 städerna
386 509 116 21 bestämma
525 509 37 21 sitt
582 509 180 27 skattörebelopp,
777 511 52 25 taga
844 509 26 21 de
886 509 71 21 dervid
971 509 52 21 hän-

197 549 38 21 syn
257 543 32 21 till
311 542 253 22 inkomstförhållandena
587 543 37 21 hos
646 543 95 21 flertalet
761 543 128 21 innevånare
911 544 28 26 på
955 545 66 24 orten,

199 577 118 21 oberoende
340 577 23 21 af
384 577 72 27 frågan
479 584 34 14 om
537 578 36 20 det
592 578 99 26 politiska
706 578 63 20 valet.
799 577 46 21 När
861 577 35 21 det
910 578 65 26 gäller
991 579 32 19 att

197 611 96 27 tillämpa
311 611 39 21 den
367 617 26 15 nu
410 611 116 27 föreslagna
542 611 127 26 röstskalan,
685 612 23 20 så
723 611 96 21 kommer
835 611 68 21 denna
919 611 103 27 sjelffallet

197 647 32 19 att
251 646 7 20 i
273 645 98 27 lämpligt
385 645 131 22 förhållande
531 646 84 20 ansluta
630 646 32 26 sig
677 646 32 20 till
724 646 188 20 existensvilkoren
928 645 38 21 och
982 645 40 21 för-

197 680 246 27 mögenhets-olikheten,
466 680 82 21 hvilket
562 680 47 21 icke
631 686 50 15 vore
700 680 139 27 garanteradt
853 686 76 21 genom
944 682 31 19 att
991 681 31 20 så-

197 721 46 14 som
263 714 24 21 hr
303 715 76 20 Heikel
395 714 113 27 föreslagit,
524 714 81 21 fördela
620 714 99 21 städerna
734 715 6 20 i
757 715 56 20 vissa
827 715 126 26 kategorier.
982 714 40 27 Jag

199 750 43 19 tror
262 750 31 19 att
311 748 65 21 denna
393 748 112 21 elasticitet
521 748 38 21 har
575 748 84 27 mycket
674 748 45 21 skäl
734 748 33 21 för
783 748 36 26 sig,
836 748 89 21 likasom
941 748 34 21 det
990 753 31 21 sy-

200 789 34 14 nes
254 783 43 26 mig
311 784 32 19 att
360 782 38 21 den
416 783 83 26 princip,
517 789 43 14 som
575 783 36 26 jag
628 789 46 20 nyss
691 784 36 25 tog
743 783 41 26 mig
800 782 91 21 friheten
906 782 116 26 framhålla,

198 817 106 26 nämligen
327 818 32 19 att
374 816 75 27 högsta
465 817 109 20 röstetalet
590 817 45 20 icke
652 817 63 20 borde
733 817 121 20 utsträckas
870 816 57 21 öfver
943 817 34 20 det
993 817 28 20 in-

198 851 155 26 komstbelopp,
377 857 43 15 som
444 851 81 21 medför
539 851 68 27 skälig
622 851 108 27 bergning,
746 851 61 21 äfven
824 851 87 21 sålunda
927 851 40 21 blir
981 851 41 21 till-

197 883 114 27 godosedd.

267 919 50 21 Med
338 917 79 23 fästadt
439 919 98 21 afseende
559 920 27 26 på
609 919 145 27 önskligheten
777 919 23 21 af
821 921 32 19 att
873 919 57 21 detta
945 919 76 21 ärende

197 954 66 21 måtte
288 954 69 21 kunna
380 954 48 21 leda
451 954 30 21 till
505 954 153 27 samstämmigt
681 954 74 26 beslut,
779 960 64 21 synes
863 954 35 21 det
913 954 48 27 mig,
977 959 44 23 som

196 988 70 20 skulle
288 990 78 19 största
389 988 111 27 anledning
520 987 76 27 finnas,
617 990 33 19 att
665 988 32 21 till
711 988 71 27 grund
796 988 35 21 för
845 988 70 21 beslut
929 990 92 25 upptaga

198 1023 34 20 det
256 1022 31 21 uti
307 1022 40 21 den
365 1022 47 21 nåd.
429 1029 58 20 prop.
504 1022 117 27 framlagda
635 1022 106 27 förslaget,
757 1022 88 26 hvilket,
859 1022 100 27 jemfördt
974 1022 47 21 med

197 1057 26 21 de
241 1057 67 27 öfriga
323 1057 84 27 förslag,
423 1063 44 15 som
483 1057 118 24 framträdt,
617 1057 66 21 borde
698 1057 105 21 erkännas
819 1057 90 21 beträda
924 1057 39 21 den
978 1057 44 27 gyl-

196 1091 48 21 lene
266 1091 143 27 medelvägen.
440 1091 39 21 Det
498 1093 23 19 är
536 1091 47 21 icke
600 1091 61 21 minst
677 1091 30 21 uti
724 1091 39 21 den
780 1092 102 26 politiska
896 1091 126 27 lagstiftnin-

195 1131 40 21 gen
257 1125 7 20 i
285 1125 48 21 vårt
356 1125 47 21 land
427 1125 22 21 af
468 1125 48 27 vigt,
533 1127 31 19 att
579 1131 49 15 man
644 1125 113 27 begränsar
774 1125 44 21 sina
836 1125 136 27 tillgöranden
989 1125 32 21 till

196 1159 95 26 måttliga
316 1159 37 21 och
377 1165 117 15 varsamma
516 1159 152 27 förändringar.
698 1159 40 27 Jag
761 1165 64 15 anser
850 1159 41 22 mig
907 1159 53 21 dock
975 1159 46 21 icke

195 1193 52 21 böra
269 1193 34 21 för
325 1193 42 21 min
391 1193 33 21 del
447 1193 106 21 bestämdt
575 1192 70 27 afböja
668 1193 40 21 den
731 1193 22 21 af
770 1193 25 21 hr
811 1193 77 21 Heikel
904 1193 117 27 föreslagna

195 1226 179 22 modifikationen.
400 1227 40 27 Jag
455 1227 65 27 vågar
535 1227 84 21 förorda
635 1227 31 21 till
681 1227 68 27 grund
765 1227 33 21 för
814 1227 93 21 beslutet
923 1227 39 21 den
973 1227 46 21 nåd.

194 1266 59 21 prop.
279 1260 48 21 med
349 1260 52 21 eller
419 1262 51 19 utan
488 1260 66 21 sådan
569 1260 151 26 modifikation,
737 1266 45 15 som
799 1260 23 21 af
836 1260 27 21 hr
878 1260 75 21 Heikel
968 1259 53 21 före-

194 1295 81 26 slagits.
301 1294 40 27 Jag
357 1296 43 19 tror
417 1295 42 26 mig
475 1295 49 20 böra
540 1295 115 20 inskränka
670 1295 47 20 mitt
733 1294 118 21 anförande
868 1295 31 20 till
915 1295 35 20 det
961 1295 58 25 mått,

193 1329 102 21 hvarmed
318 1329 35 27 jag
369 1329 64 21 redan
450 1329 54 27 tagit
518 1329 213 26 uppmärksamheten
746 1329 6 20 i
769 1329 101 26 anspråk,
887 1329 26 21 då
928 1335 25 15 en
968 1329 53 21 före-

194 1362 79 27 gående
290 1363 52 20 ärad
357 1363 73 25 talare,
447 1362 25 21 hr
487 1362 120 27 Runeberg,
623 1362 114 22 framhållit
752 1363 79 26 många
847 1362 22 21 af
883 1363 26 20 de
925 1363 96 20 väsentli-

192 1398 60 25 gaste
275 1396 181 27 omständigheter
476 1397 36 26 jag
530 1403 75 14 annars
621 1397 68 20 skulle
703 1396 47 21 haft
763 1397 49 20 skäl
829 1398 32 19 att
876 1398 50 25 taga
940 1397 6 20 i
962 1397 59 20 skär-

192 1429 116 21 skådande.

261 1464 70 21 Herra
346 1464 125 21 Kivekäs:
489 1464 180 27 Täydentääkseni
684 1464 53 21 niitä
751 1464 83 27 tietoja,
849 1464 55 27 joita
917 1464 103 21 edusmies

193 1499 89 21 Castrén
305 1505 27 15 on
351 1501 75 19 tuonut
442 1499 51 21 esiin
509 1499 151 21 valaistakseen
676 1499 40 21 sitä
732 1499 93 26 seikkaa,
843 1501 45 19 että
903 1499 51 21 sekä
968 1499 51 21 keis.

192 1533 106 26 esityksen
314 1534 44 19 että
369 1533 140 20 valiokunnan
520 1533 115 20 mietinnön
644 1533 92 20 mukaan
745 1533 60 20 tulisi
819 1533 118 20 melkoinen
949 1534 71 19 määrä
