<?xml version="1.0" encoding="UTF-8"?>
<alto xmlns="http://www.loc.gov/standards/alto/ns-v3#" xmlns:xlink="http://www.w3.org/1999/xlink" xmlns:xsi="http://www.w3.org/2001/XMLSchema-instance" xsi:schemaLocation="http://www.loc.gov/standards/alto/ns-v3# http://www.loc.gov/alto/v3/alto-3-0.xsd">
	<Description>
		<MeasurementUnit>pixel</MeasurementUnit>
		<sourceImageInformation>
			<fileName>/tmp/tess_agdp647u_input.PNG</fileName>
		</sourceImageInformation>
		<OCRProcessing ID="OCR_0">
			<ocrProcessingStep>
				<processingSoftware>
					<softwareName>tesseract 5.3.4</softwareName>
				</processingSoftware>
			</ocrProcessingStep>
		</OCRProcessing>
	</Description>
	<Layout>
		<Page WIDTH="1104" HEIGHT="1764" PHYSICAL_IMG_NR="0" ID="page_0">
			<PrintSpace HPOS="0" VPOS="0" WIDTH="1104" HEIGHT="1764">
				<ComposedBlock ID="cblock_0" HPOS="453" VPOS="137" WIDTH="423" HEIGHT="23">
					<TextBlock ID="block_0" HPOS="453" VPOS="137" WIDTH="423" HEIGHT="23">
						<TextLine ID="line_0" HPOS="453" VPOS="137" WIDTH="423" HEIGHT="23">
							<String ID="string_0" HPOS="453" VPOS="137" WIDTH="14" HEIGHT="18" WC="0.84" CONTENT="1"/><SP WIDTH="13" VPOS="137" HPOS="467"/>
							<String ID="string_1" HPOS="480" VPOS="137" WIDTH="47" HEIGHT="23" WC="0.89" CONTENT="April."/><SP WIDTH="320" VPOS="137" HPOS="527"/>
							<String ID="string_2" HPOS="847" VPOS="137" WIDTH="29" HEIGHT="18" WC="0.91" CONTENT="IX"/>
						</TextLine>
					</TextBlock>
				</ComposedBlock>
				<ComposedBlock ID="cblock_1" HPOS="72" VPOS="206" WIDTH="837" HEIGHT="1364">
					<TextBlock ID="block_1" HPOS="72" VPOS="206" WIDTH="836" HEIGHT="645">
						<TextLine ID="line_1" HPOS="72" VPOS="206" WIDTH="828" HEIGHT="28">
							<String ID="string_3" HPOS="72" VPOS="207" WIDTH="69" HEIGHT="22" WC="0.96" CONTENT="lande."/><SP WIDTH="30" VPOS="207" HPOS="141"/>
							<String ID="string_4" HPOS="171" VPOS="206" WIDTH="101" HEIGHT="22" WC="0.96" CONTENT="Närmast"/><SP WIDTH="21" VPOS="206" HPOS="272"/>
							<String ID="string_5" HPOS="293" VPOS="209" WIDTH="119" HEIGHT="19" WC="0.96" CONTENT="motsvarar"/><SP WIDTH="23" VPOS="209" HPOS="412"/>
							<String ID="string_6" HPOS="435" VPOS="207" WIDTH="40" HEIGHT="22" WC="0.92" CONTENT="den"/><SP WIDTH="21" VPOS="207" HPOS="475"/>
							<String ID="string_7" HPOS="496" VPOS="207" WIDTH="54" HEIGHT="27" WC="0.92" CONTENT="kejs."/><SP WIDTH="22" VPOS="207" HPOS="550"/>
							<String ID="string_8" HPOS="572" VPOS="213" WIDTH="61" HEIGHT="21" WC="0.96" CONTENT="prop."/><SP WIDTH="17" VPOS="213" HPOS="633"/>
							<String ID="string_9" HPOS="650" VPOS="207" WIDTH="128" HEIGHT="26" WC="0.95" CONTENT="ändamålet,"/><SP WIDTH="23" VPOS="207" HPOS="778"/>
							<String ID="string_10" HPOS="801" VPOS="214" WIDTH="48" HEIGHT="15" WC="0.96" CONTENT="men"/><SP WIDTH="14" VPOS="214" HPOS="849"/>
							<String ID="string_11" HPOS="863" VPOS="207" WIDTH="37" HEIGHT="22" WC="0.96" CONTENT="det"/>
						</TextLine>
						<TextLine ID="line_2" HPOS="73" VPOS="241" WIDTH="835" HEIGHT="28">
							<String ID="string_12" HPOS="73" VPOS="241" WIDTH="112" HEIGHT="22" WC="0.92" CONTENT="förefinnes"/><SP WIDTH="23" VPOS="241" HPOS="185"/>
							<String ID="string_13" HPOS="208" VPOS="242" WIDTH="54" HEIGHT="21" WC="0.95" CONTENT="dock"/><SP WIDTH="23" VPOS="242" HPOS="262"/>
							<String ID="string_14" HPOS="285" VPOS="242" WIDTH="112" HEIGHT="27" WC="0.95" CONTENT="anledning"/><SP WIDTH="22" VPOS="242" HPOS="397"/>
							<String ID="string_15" HPOS="419" VPOS="242" WIDTH="34" HEIGHT="21" WC="0.95" CONTENT="till"/><SP WIDTH="15" VPOS="242" HPOS="453"/>
							<String ID="string_16" HPOS="468" VPOS="242" WIDTH="165" HEIGHT="27" WC="0.96" CONTENT="anmärkningar"/><SP WIDTH="16" VPOS="242" HPOS="633"/>
							<String ID="string_17" HPOS="649" VPOS="242" WIDTH="62" HEIGHT="21" WC="0.96" CONTENT="äfven"/><SP WIDTH="16" VPOS="242" HPOS="711"/>
							<String ID="string_18" HPOS="727" VPOS="244" WIDTH="45" HEIGHT="19" WC="0.96" CONTENT="mot"/><SP WIDTH="15" VPOS="244" HPOS="772"/>
							<String ID="string_19" HPOS="787" VPOS="242" WIDTH="121" HEIGHT="27" WC="0.94" CONTENT="styrelsens:"/>
						</TextLine>
						<TextLine ID="line_3" HPOS="73" VPOS="275" WIDTH="826" HEIGHT="28">
							<String ID="string_20" HPOS="73" VPOS="276" WIDTH="84" HEIGHT="27" WC="0.94" CONTENT="förslag."/><SP WIDTH="31" VPOS="276" HPOS="157"/>
							<String ID="string_21" HPOS="188" VPOS="275" WIDTH="111" HEIGHT="22" WC="0.94" CONTENT="Utskottet"/><SP WIDTH="21" VPOS="275" HPOS="299"/>
							<String ID="string_22" HPOS="320" VPOS="276" WIDTH="39" HEIGHT="21" WC="0.96" CONTENT="har"/><SP WIDTH="23" VPOS="276" HPOS="359"/>
							<String ID="string_23" HPOS="382" VPOS="276" WIDTH="65" HEIGHT="21" WC="0.96" CONTENT="redan"/><SP WIDTH="22" VPOS="276" HPOS="447"/>
							<String ID="string_24" HPOS="469" VPOS="276" WIDTH="118" HEIGHT="21" WC="0.89" CONTENT="framhållit"/><SP WIDTH="16" VPOS="276" HPOS="587"/>
							<String ID="string_25" HPOS="603" VPOS="276" WIDTH="164" HEIGHT="27" WC="0.92" CONTENT="olägenheterna"/><SP WIDTH="21" VPOS="276" HPOS="767"/>
							<String ID="string_26" HPOS="788" VPOS="276" WIDTH="60" HEIGHT="21" WC="0.96" CONTENT="deraf"/><SP WIDTH="13" VPOS="276" HPOS="848"/>
							<String ID="string_27" HPOS="861" VPOS="278" WIDTH="38" HEIGHT="24" WC="0.88" CONTENT="att,"/>
						</TextLine>
						<TextLine ID="line_4" HPOS="75" VPOS="310" WIDTH="825" HEIGHT="27">
							<String ID="string_28" HPOS="75" VPOS="310" WIDTH="26" HEIGHT="21" WC="0.96" CONTENT="då"/><SP WIDTH="15" VPOS="310" HPOS="101"/>
							<String ID="string_29" HPOS="116" VPOS="310" WIDTH="40" HEIGHT="21" WC="0.93" CONTENT="den"/><SP WIDTH="15" VPOS="310" HPOS="156"/>
							<String ID="string_30" HPOS="171" VPOS="310" WIDTH="52" HEIGHT="27" WC="0.93" CONTENT="kejs."/><SP WIDTH="16" VPOS="310" HPOS="223"/>
							<String ID="string_31" HPOS="239" VPOS="316" WIDTH="59" HEIGHT="21" WC="0.96" CONTENT="prop."/><SP WIDTH="17" VPOS="316" HPOS="298"/>
							<String ID="string_32" HPOS="315" VPOS="312" WIDTH="83" HEIGHT="25" WC="0.96" CONTENT="strängt"/><SP WIDTH="14" VPOS="312" HPOS="398"/>
							<String ID="string_33" HPOS="412" VPOS="310" WIDTH="68" HEIGHT="21" WC="0.96" CONTENT="håller"/><SP WIDTH="17" VPOS="310" HPOS="480"/>
							<String ID="string_34" HPOS="497" VPOS="310" WIDTH="29" HEIGHT="27" WC="0.96" CONTENT="sig"/><SP WIDTH="16" VPOS="310" HPOS="526"/>
							<String ID="string_35" HPOS="542" VPOS="310" WIDTH="33" HEIGHT="21" WC="0.96" CONTENT="till"/><SP WIDTH="17" VPOS="310" HPOS="575"/>
							<String ID="string_36" HPOS="592" VPOS="310" WIDTH="34" HEIGHT="21" WC="0.96" CONTENT="det"/><SP WIDTH="16" VPOS="310" HPOS="626"/>
							<String ID="string_37" HPOS="642" VPOS="310" WIDTH="137" HEIGHT="21" WC="0.93" CONTENT="kommunala"/><SP WIDTH="11" VPOS="310" HPOS="779"/>
							<String ID="string_38" HPOS="790" VPOS="310" WIDTH="110" HEIGHT="26" WC="0.93" CONTENT="skattöret,"/>
						</TextLine>
						<TextLine ID="line_5" HPOS="74" VPOS="345" WIDTH="826" HEIGHT="26">
							<String ID="string_39" HPOS="74" VPOS="350" WIDTH="25" HEIGHT="16" WC="0.96" CONTENT="en"/><SP WIDTH="24" VPOS="350" HPOS="99"/>
							<String ID="string_40" HPOS="123" VPOS="345" WIDTH="55" HEIGHT="21" WC="0.92" CONTENT="olika"/><SP WIDTH="23" VPOS="345" HPOS="178"/>
							<String ID="string_41" HPOS="201" VPOS="345" WIDTH="109" HEIGHT="23" WC="0.92" CONTENT="valcensus"/><SP WIDTH="21" VPOS="345" HPOS="310"/>
							<String ID="string_42" HPOS="331" VPOS="345" WIDTH="69" HEIGHT="21" WC="0.91" CONTENT="blefve"/><SP WIDTH="15" VPOS="345" HPOS="400"/>
							<String ID="string_43" HPOS="415" VPOS="345" WIDTH="105" HEIGHT="26" WC="0.96" CONTENT="gällande,"/><SP WIDTH="19" VPOS="345" HPOS="520"/>
							<String ID="string_44" HPOS="539" VPOS="345" WIDTH="7" HEIGHT="20" WC="0.96" CONTENT="i"/><SP WIDTH="18" VPOS="345" HPOS="546"/>
							<String ID="string_45" HPOS="564" VPOS="345" WIDTH="35" HEIGHT="21" WC="0.96" CONTENT="det"/><SP WIDTH="14" VPOS="345" HPOS="599"/>
							<String ID="string_46" HPOS="613" VPOS="351" WIDTH="26" HEIGHT="15" WC="0.96" CONTENT="en"/><SP WIDTH="17" VPOS="351" HPOS="639"/>
							<String ID="string_47" HPOS="656" VPOS="346" WIDTH="44" HEIGHT="20" WC="0.96" CONTENT="röst"/><SP WIDTH="15" VPOS="346" HPOS="700"/>
							<String ID="string_48" HPOS="715" VPOS="345" WIDTH="7" HEIGHT="20" WC="0.96" CONTENT="i"/><SP WIDTH="17" VPOS="345" HPOS="722"/>
							<String ID="string_49" HPOS="739" VPOS="351" WIDTH="26" HEIGHT="15" WC="0.96" CONTENT="en"/><SP WIDTH="16" VPOS="351" HPOS="765"/>
							<String ID="string_50" HPOS="781" VPOS="346" WIDTH="33" HEIGHT="21" WC="0.96" CONTENT="del"/><SP WIDTH="15" VPOS="346" HPOS="814"/>
							<String ID="string_51" HPOS="829" VPOS="346" WIDTH="71" HEIGHT="21" WC="0.96" CONTENT="städer"/>
						</TextLine>
						<TextLine ID="line_6" HPOS="75" VPOS="378" WIDTH="825" HEIGHT="27">
							<String ID="string_52" HPOS="75" VPOS="378" WIDTH="80" HEIGHT="22" WC="0.96" CONTENT="komme"/><SP WIDTH="24" VPOS="378" HPOS="155"/>
							<String ID="string_53" HPOS="179" VPOS="380" WIDTH="32" HEIGHT="19" WC="0.96" CONTENT="att"/><SP WIDTH="22" VPOS="380" HPOS="211"/>
							<String ID="string_54" HPOS="233" VPOS="379" WIDTH="82" HEIGHT="26" WC="0.96" CONTENT="uppnås"/><SP WIDTH="14" VPOS="379" HPOS="315"/>
							<String ID="string_55" HPOS="329" VPOS="378" WIDTH="49" HEIGHT="22" WC="0.96" CONTENT="med"/><SP WIDTH="15" VPOS="378" HPOS="378"/>
							<String ID="string_56" HPOS="393" VPOS="385" WIDTH="26" HEIGHT="15" WC="0.96" CONTENT="en"/><SP WIDTH="16" VPOS="385" HPOS="419"/>
							<String ID="string_57" HPOS="435" VPOS="378" WIDTH="93" HEIGHT="21" WC="0.96" CONTENT="inkomst"/><SP WIDTH="15" VPOS="378" HPOS="528"/>
							<String ID="string_58" HPOS="543" VPOS="378" WIDTH="24" HEIGHT="21" WC="0.96" CONTENT="af"/><SP WIDTH="13" VPOS="378" HPOS="567"/>
							<String ID="string_59" HPOS="580" VPOS="379" WIDTH="42" HEIGHT="21" WC="0.96" CONTENT="800"/><SP WIDTH="15" VPOS="379" HPOS="622"/>
							<String ID="string_60" HPOS="637" VPOS="378" WIDTH="68" HEIGHT="25" WC="0.96" CONTENT="mark,"/><SP WIDTH="20" VPOS="378" HPOS="705"/>
							<String ID="string_61" HPOS="725" VPOS="378" WIDTH="6" HEIGHT="21" WC="0.96" CONTENT="i"/><SP WIDTH="18" VPOS="378" HPOS="731"/>
							<String ID="string_62" HPOS="749" VPOS="378" WIDTH="65" HEIGHT="21" WC="0.96" CONTENT="andra"/><SP WIDTH="15" VPOS="378" HPOS="814"/>
							<String ID="string_63" HPOS="829" VPOS="378" WIDTH="71" HEIGHT="22" WC="0.96" CONTENT="städer"/>
						</TextLine>
						<TextLine ID="line_7" HPOS="74" VPOS="414" WIDTH="827" HEIGHT="26">
							<String ID="string_64" HPOS="74" VPOS="414" WIDTH="53" HEIGHT="21" WC="0.96" CONTENT="först"/><SP WIDTH="15" VPOS="414" HPOS="127"/>
							<String ID="string_65" HPOS="142" VPOS="414" WIDTH="49" HEIGHT="21" WC="0.96" CONTENT="med"/><SP WIDTH="15" VPOS="414" HPOS="191"/>
							<String ID="string_66" HPOS="206" VPOS="414" WIDTH="41" HEIGHT="21" WC="0.96" CONTENT="900"/><SP WIDTH="15" VPOS="414" HPOS="247"/>
							<String ID="string_67" HPOS="262" VPOS="414" WIDTH="66" HEIGHT="21" WC="0.94" CONTENT="mark."/><SP WIDTH="31" VPOS="414" HPOS="328"/>
							<String ID="string_68" HPOS="359" VPOS="414" WIDTH="76" HEIGHT="21" WC="0.95" CONTENT="Denna"/><SP WIDTH="14" VPOS="414" HPOS="435"/>
							<String ID="string_69" HPOS="449" VPOS="414" WIDTH="160" HEIGHT="26" WC="0.96" CONTENT="omständighet"/><SP WIDTH="14" VPOS="414" HPOS="609"/>
							<String ID="string_70" HPOS="623" VPOS="416" WIDTH="25" HEIGHT="19" WC="0.96" CONTENT="är"/><SP WIDTH="15" VPOS="416" HPOS="648"/>
							<String ID="string_71" HPOS="663" VPOS="414" WIDTH="56" HEIGHT="21" WC="0.96" CONTENT="dock"/><SP WIDTH="15" VPOS="414" HPOS="719"/>
							<String ID="string_72" HPOS="734" VPOS="414" WIDTH="23" HEIGHT="21" WC="0.96" CONTENT="af"/><SP WIDTH="14" VPOS="414" HPOS="757"/>
							<String ID="string_73" HPOS="771" VPOS="414" WIDTH="79" HEIGHT="21" WC="0.93" CONTENT="mindre"/><SP WIDTH="16" VPOS="414" HPOS="850"/>
							<String ID="string_74" HPOS="866" VPOS="414" WIDTH="35" HEIGHT="21" WC="0.92" CONTENT="be-"/>
						</TextLine>
						<TextLine ID="line_8" HPOS="74" VPOS="447" WIDTH="827" HEIGHT="27">
							<String ID="string_75" HPOS="74" VPOS="447" WIDTH="87" HEIGHT="27" WC="0.91" CONTENT="tydelse,"/><SP WIDTH="16" VPOS="447" HPOS="161"/>
							<String ID="string_76" HPOS="177" VPOS="453" WIDTH="48" HEIGHT="15" WC="0.96" CONTENT="men"/><SP WIDTH="16" VPOS="453" HPOS="225"/>
							<String ID="string_77" HPOS="241" VPOS="447" WIDTH="22" HEIGHT="21" WC="0.96" CONTENT="af"/><SP WIDTH="13" VPOS="447" HPOS="263"/>
							<String ID="string_78" HPOS="276" VPOS="447" WIDTH="23" HEIGHT="21" WC="0.96" CONTENT="så"/><SP WIDTH="16" VPOS="447" HPOS="299"/>
							<String ID="string_79" HPOS="315" VPOS="447" WIDTH="82" HEIGHT="27" WC="0.96" CONTENT="mycket"/><SP WIDTH="17" VPOS="447" HPOS="397"/>
							<String ID="string_80" HPOS="414" VPOS="448" WIDTH="67" HEIGHT="20" WC="0.96" CONTENT="större"/><SP WIDTH="16" VPOS="448" HPOS="481"/>
							<String ID="string_81" HPOS="497" VPOS="447" WIDTH="45" HEIGHT="26" WC="0.96" CONTENT="vigt"/><SP WIDTH="15" VPOS="447" HPOS="542"/>
							<String ID="string_82" HPOS="557" VPOS="449" WIDTH="24" HEIGHT="19" WC="0.96" CONTENT="är"/><SP WIDTH="10" VPOS="449" HPOS="581"/>
							<String ID="string_83" HPOS="591" VPOS="449" WIDTH="33" HEIGHT="19" WC="0.96" CONTENT="att"/><SP WIDTH="11" VPOS="449" HPOS="624"/>
							<String ID="string_84" HPOS="635" VPOS="447" WIDTH="40" HEIGHT="21" WC="0.93" CONTENT="den"/><SP WIDTH="10" VPOS="447" HPOS="675"/>
							<String ID="string_85" HPOS="685" VPOS="447" WIDTH="53" HEIGHT="27" WC="0.91" CONTENT="kejs."/><SP WIDTH="11" VPOS="447" HPOS="738"/>
							<String ID="string_86" HPOS="749" VPOS="453" WIDTH="60" HEIGHT="20" WC="0.93" CONTENT="prop."/><SP WIDTH="11" VPOS="453" HPOS="809"/>
							<String ID="string_87" HPOS="820" VPOS="447" WIDTH="81" HEIGHT="21" WC="0.92" CONTENT="lemnar"/>
						</TextLine>
						<TextLine ID="line_9" HPOS="73" VPOS="475" WIDTH="828" HEIGHT="33">
							<String ID="string_88" HPOS="73" VPOS="481" WIDTH="108" HEIGHT="21" WC="0.91" CONTENT="valrätten"/><SP WIDTH="10" VPOS="481" HPOS="181"/>
							<String ID="string_89" HPOS="191" VPOS="481" WIDTH="6" HEIGHT="21" WC="0.93" CONTENT="i"/><SP WIDTH="11" VPOS="481" HPOS="197"/>
							<String ID="string_90" HPOS="208" VPOS="481" WIDTH="175" HEIGHT="27" WC="0.92" CONTENT="borgareståndet"/><SP WIDTH="14" VPOS="481" HPOS="383"/>
							<String ID="string_91" HPOS="397" VPOS="481" WIDTH="107" HEIGHT="21" WC="0.96" CONTENT="beroende"/><SP WIDTH="10" VPOS="481" HPOS="504"/>
							<String ID="string_92" HPOS="514" VPOS="481" WIDTH="23" HEIGHT="21" WC="0.92" CONTENT="af"/><SP WIDTH="14" VPOS="481" HPOS="537"/>
							<String ID="string_93" HPOS="551" VPOS="481" WIDTH="281" HEIGHT="27" WC="0.91" CONTENT="kommunalförfattningen."/><SP WIDTH="26" VPOS="481" HPOS="832"/>
							<String ID="string_94" HPOS="858" VPOS="475" WIDTH="43" HEIGHT="26" WC="0.92" CONTENT="Än-"/>
						</TextLine>
						<TextLine ID="line_10" HPOS="75" VPOS="514" WIDTH="829" HEIGHT="28">
							<String ID="string_95" HPOS="75" VPOS="516" WIDTH="50" HEIGHT="21" WC="0.96" CONTENT="dras"/><SP WIDTH="15" VPOS="516" HPOS="125"/>
							<String ID="string_96" HPOS="140" VPOS="516" WIDTH="36" HEIGHT="21" WC="0.93" CONTENT="det"/><SP WIDTH="19" VPOS="516" HPOS="176"/>
							<String ID="string_97" HPOS="195" VPOS="516" WIDTH="176" HEIGHT="26" WC="0.92" CONTENT="inkomstbelopp,"/><SP WIDTH="23" VPOS="516" HPOS="371"/>
							<String ID="string_98" HPOS="394" VPOS="522" WIDTH="45" HEIGHT="15" WC="0.96" CONTENT="som"/><SP WIDTH="16" VPOS="522" HPOS="439"/>
							<String ID="string_99" HPOS="455" VPOS="517" WIDTH="120" HEIGHT="20" WC="0.96" CONTENT="motsvarar"/><SP WIDTH="14" VPOS="517" HPOS="575"/>
							<String ID="string_100" HPOS="589" VPOS="517" WIDTH="32" HEIGHT="20" WC="0.93" CONTENT="ett"/><SP WIDTH="15" VPOS="517" HPOS="621"/>
							<String ID="string_101" HPOS="636" VPOS="516" WIDTH="103" HEIGHT="26" WC="0.91" CONTENT="skattöre,"/><SP WIDTH="16" VPOS="516" HPOS="739"/>
							<String ID="string_102" HPOS="755" VPOS="516" WIDTH="28" HEIGHT="26" WC="0.95" CONTENT="på"/><SP WIDTH="15" VPOS="516" HPOS="783"/>
							<String ID="string_103" HPOS="798" VPOS="516" WIDTH="68" HEIGHT="26" WC="0.96" CONTENT="grund"/><SP WIDTH="15" VPOS="516" HPOS="866"/>
							<String ID="string_104" HPOS="881" VPOS="514" WIDTH="23" HEIGHT="21" WC="0.96" CONTENT="af"/>
						</TextLine>
						<TextLine ID="line_11" HPOS="75" VPOS="549" WIDTH="826" HEIGHT="27">
							<String ID="string_105" HPOS="75" VPOS="551" WIDTH="34" HEIGHT="20" WC="0.93" CONTENT="tre"/><SP WIDTH="15" VPOS="551" HPOS="109"/>
							<String ID="string_106" HPOS="124" VPOS="549" WIDTH="73" HEIGHT="22" WC="0.92" CONTENT="ständs"/><SP WIDTH="16" VPOS="549" HPOS="197"/>
							<String ID="string_107" HPOS="213" VPOS="550" WIDTH="70" HEIGHT="21" WC="0.96" CONTENT="beslut"/><SP WIDTH="14" VPOS="550" HPOS="283"/>
							<String ID="string_108" HPOS="297" VPOS="556" WIDTH="75" HEIGHT="20" WC="0.96" CONTENT="genom"/><SP WIDTH="16" VPOS="556" HPOS="372"/>
							<String ID="string_109" HPOS="388" VPOS="556" WIDTH="25" HEIGHT="15" WC="0.96" CONTENT="en"/><SP WIDTH="16" VPOS="556" HPOS="413"/>
							<String ID="string_110" HPOS="429" VPOS="550" WIDTH="90" HEIGHT="26" WC="0.96" CONTENT="ändring"/><SP WIDTH="16" VPOS="550" HPOS="519"/>
							<String ID="string_111" HPOS="535" VPOS="550" WIDTH="22" HEIGHT="21" WC="0.96" CONTENT="af"/><SP WIDTH="14" VPOS="550" HPOS="557"/>
							<String ID="string_112" HPOS="571" VPOS="556" WIDTH="26" HEIGHT="15" WC="0.96" CONTENT="en"/><SP WIDTH="10" VPOS="556" HPOS="597"/>
							<String ID="string_113" HPOS="607" VPOS="551" WIDTH="13" HEIGHT="25" WC="0.76" CONTENT="8"/><SP WIDTH="19" VPOS="551" HPOS="620"/>
							<String ID="string_114" HPOS="639" VPOS="550" WIDTH="2" HEIGHT="20" WC="0.93" CONTENT="i"/><SP WIDTH="17" VPOS="550" HPOS="641"/>
							<String ID="string_115" HPOS="658" VPOS="550" WIDTH="243" HEIGHT="21" WC="0.68" CONTENT="kommunalförfattnin-"/>
						</TextLine>
						<TextLine ID="line_12" HPOS="75" VPOS="585" WIDTH="826" HEIGHT="26">
							<String ID="string_116" HPOS="75" VPOS="591" WIDTH="48" HEIGHT="20" WC="0.95" CONTENT="gen,"/><SP WIDTH="15" VPOS="591" HPOS="123"/>
							<String ID="string_117" HPOS="138" VPOS="585" WIDTH="24" HEIGHT="21" WC="0.96" CONTENT="sä"/><SP WIDTH="15" VPOS="585" HPOS="162"/>
							<String ID="string_118" HPOS="177" VPOS="585" WIDTH="38" HEIGHT="21" WC="0.93" CONTENT="har"/><SP WIDTH="15" VPOS="585" HPOS="215"/>
							<String ID="string_119" HPOS="230" VPOS="585" WIDTH="121" HEIGHT="26" WC="0.92" CONTENT="derigenom"/><SP WIDTH="14" VPOS="585" HPOS="351"/>
							<String ID="string_120" HPOS="365" VPOS="585" WIDTH="62" HEIGHT="21" WC="0.93" CONTENT="äfven"/><SP WIDTH="16" VPOS="585" HPOS="427"/>
							<String ID="string_121" HPOS="443" VPOS="585" WIDTH="41" HEIGHT="21" WC="0.93" CONTENT="den"/><SP WIDTH="15" VPOS="585" HPOS="484"/>
							<String ID="string_122" HPOS="499" VPOS="585" WIDTH="100" HEIGHT="26" WC="0.92" CONTENT="politiska"/><SP WIDTH="15" VPOS="585" HPOS="599"/>
							<String ID="string_123" HPOS="614" VPOS="586" WIDTH="118" HEIGHT="20" WC="0.91" CONTENT="rösträtten"/><SP WIDTH="15" VPOS="586" HPOS="732"/>
							<String ID="string_124" HPOS="747" VPOS="585" WIDTH="114" HEIGHT="26" WC="0.93" CONTENT="undergätt"/><SP WIDTH="14" VPOS="585" HPOS="861"/>
							<String ID="string_125" HPOS="875" VPOS="591" WIDTH="26" HEIGHT="15" WC="0.97" CONTENT="en"/>
						</TextLine>
						<TextLine ID="line_13" HPOS="75" VPOS="618" WIDTH="827" HEIGHT="27">
							<String ID="string_126" HPOS="75" VPOS="619" WIDTH="106" HEIGHT="26" WC="0.91" CONTENT="väsentlig"/><SP WIDTH="20" VPOS="619" HPOS="181"/>
							<String ID="string_127" HPOS="201" VPOS="619" WIDTH="128" HEIGHT="26" WC="0.91" CONTENT="förändring."/><SP WIDTH="30" VPOS="619" HPOS="329"/>
							<String ID="string_128" HPOS="359" VPOS="618" WIDTH="137" HEIGHT="27" WC="0.92" CONTENT="Grundlagen"/><SP WIDTH="23" VPOS="618" HPOS="496"/>
							<String ID="string_129" HPOS="519" VPOS="619" WIDTH="42" HEIGHT="21" WC="0.93" CONTENT="kan"/><SP WIDTH="20" VPOS="619" HPOS="561"/>
							<String ID="string_130" HPOS="581" VPOS="619" WIDTH="90" HEIGHT="21" WC="0.92" CONTENT="sälunda"/><SP WIDTH="15" VPOS="619" HPOS="671"/>
							<String ID="string_131" HPOS="686" VPOS="619" WIDTH="78" HEIGHT="21" WC="0.96" CONTENT="ändras"/><SP WIDTH="15" VPOS="619" HPOS="764"/>
							<String ID="string_132" HPOS="779" VPOS="625" WIDTH="74" HEIGHT="20" WC="0.96" CONTENT="genom"/><SP WIDTH="16" VPOS="625" HPOS="853"/>
							<String ID="string_133" HPOS="869" VPOS="620" WIDTH="33" HEIGHT="20" WC="0.96" CONTENT="tre"/>
						</TextLine>
						<TextLine ID="line_14" HPOS="76" VPOS="653" WIDTH="827" HEIGHT="26">
							<String ID="string_134" HPOS="76" VPOS="653" WIDTH="74" HEIGHT="21" WC="0.92" CONTENT="ständs"/><SP WIDTH="22" VPOS="653" HPOS="150"/>
							<String ID="string_135" HPOS="172" VPOS="653" WIDTH="75" HEIGHT="26" WC="0.93" CONTENT="beslut,"/><SP WIDTH="23" VPOS="653" HPOS="247"/>
							<String ID="string_136" HPOS="270" VPOS="653" WIDTH="81" HEIGHT="21" WC="0.96" CONTENT="hvilket"/><SP WIDTH="14" VPOS="653" HPOS="351"/>
							<String ID="string_137" HPOS="365" VPOS="653" WIDTH="46" HEIGHT="21" WC="0.93" CONTENT="icke"/><SP WIDTH="16" VPOS="653" HPOS="411"/>
							<String ID="string_138" HPOS="427" VPOS="653" WIDTH="199" HEIGHT="21" WC="0.91" CONTENT="öfverensstämmer"/><SP WIDTH="16" VPOS="653" HPOS="626"/>
							<String ID="string_139" HPOS="642" VPOS="653" WIDTH="47" HEIGHT="21" WC="0.93" CONTENT="med"/><SP WIDTH="16" VPOS="653" HPOS="689"/>
							<String ID="string_140" HPOS="705" VPOS="653" WIDTH="48" HEIGHT="21" WC="0.93" CONTENT="vårt"/><SP WIDTH="14" VPOS="653" HPOS="753"/>
							<String ID="string_141" HPOS="767" VPOS="653" WIDTH="136" HEIGHT="22" WC="0.86" CONTENT="konstitutio-"/>
						</TextLine>
						<TextLine ID="line_15" HPOS="77" VPOS="682" WIDTH="825" HEIGHT="32">
							<String ID="string_142" HPOS="77" VPOS="687" WIDTH="55" HEIGHT="21" WC="0.93" CONTENT="nella"/><SP WIDTH="16" VPOS="687" HPOS="132"/>
							<String ID="string_143" HPOS="148" VPOS="687" WIDTH="165" HEIGHT="21" WC="0.95" CONTENT="samhällsskick."/><SP WIDTH="31" VPOS="687" HPOS="313"/>
							<String ID="string_144" HPOS="344" VPOS="682" WIDTH="32" HEIGHT="26" WC="0.96" CONTENT="Än"/><SP WIDTH="17" VPOS="682" HPOS="376"/>
							<String ID="string_145" HPOS="393" VPOS="687" WIDTH="72" HEIGHT="22" WC="0.97" CONTENT="vidare"/><SP WIDTH="15" VPOS="687" HPOS="465"/>
							<String ID="string_146" HPOS="480" VPOS="689" WIDTH="39" HEIGHT="25" WC="0.96" CONTENT="gör"/><SP WIDTH="15" VPOS="689" HPOS="519"/>
							<String ID="string_147" HPOS="534" VPOS="687" WIDTH="41" HEIGHT="22" WC="0.93" CONTENT="den"/><SP WIDTH="14" VPOS="687" HPOS="575"/>
							<String ID="string_148" HPOS="589" VPOS="687" WIDTH="53" HEIGHT="27" WC="0.92" CONTENT="kejs."/><SP WIDTH="17" VPOS="687" HPOS="642"/>
							<String ID="string_149" HPOS="659" VPOS="693" WIDTH="59" HEIGHT="21" WC="0.96" CONTENT="prop."/><SP WIDTH="16" VPOS="693" HPOS="718"/>
							<String ID="string_150" HPOS="734" VPOS="689" WIDTH="117" HEIGHT="20" WC="0.92" CONTENT="rösträtten"/><SP WIDTH="15" VPOS="689" HPOS="851"/>
							<String ID="string_151" HPOS="866" VPOS="687" WIDTH="36" HEIGHT="21" WC="0.93" CONTENT="be-"/>
						</TextLine>
						<TextLine ID="line_16" HPOS="78" VPOS="722" WIDTH="823" HEIGHT="27">
							<String ID="string_152" HPOS="78" VPOS="722" WIDTH="76" HEIGHT="22" WC="0.92" CONTENT="roende"/><SP WIDTH="24" VPOS="722" HPOS="154"/>
							<String ID="string_153" HPOS="178" VPOS="722" WIDTH="23" HEIGHT="21" WC="0.93" CONTENT="af"/><SP WIDTH="20" VPOS="722" HPOS="201"/>
							<String ID="string_154" HPOS="221" VPOS="722" WIDTH="214" HEIGHT="26" WC="0.92" CONTENT="rädhusstämmorna,"/><SP WIDTH="24" VPOS="722" HPOS="435"/>
							<String ID="string_155" HPOS="459" VPOS="722" WIDTH="84" HEIGHT="21" WC="0.91" CONTENT="hvilkas"/><SP WIDTH="22" VPOS="722" HPOS="543"/>
							<String ID="string_156" HPOS="565" VPOS="722" WIDTH="197" HEIGHT="27" WC="0.92" CONTENT="sammanställning"/><SP WIDTH="15" VPOS="722" HPOS="762"/>
							<String ID="string_157" HPOS="777" VPOS="724" WIDTH="24" HEIGHT="19" WC="0.96" CONTENT="är"/><SP WIDTH="15" VPOS="724" HPOS="801"/>
							<String ID="string_158" HPOS="816" VPOS="722" WIDTH="85" HEIGHT="22" WC="0.96" CONTENT="alldeles"/>
						</TextLine>
						<TextLine ID="line_17" HPOS="77" VPOS="756" WIDTH="826" HEIGHT="27">
							<String ID="string_159" HPOS="77" VPOS="756" WIDTH="92" HEIGHT="27" WC="0.91" CONTENT="tillfällig"/><SP WIDTH="15" VPOS="756" HPOS="169"/>
							<String ID="string_160" HPOS="184" VPOS="756" WIDTH="39" HEIGHT="22" WC="0.93" CONTENT="och"/><SP WIDTH="16" VPOS="756" HPOS="223"/>
							<String ID="string_161" HPOS="239" VPOS="756" WIDTH="141" HEIGHT="27" WC="0.92" CONTENT="oberäknelig."/><SP WIDTH="23" VPOS="756" HPOS="380"/>
							<String ID="string_162" HPOS="403" VPOS="757" WIDTH="42" HEIGHT="21" WC="0.96" CONTENT="Det"/><SP WIDTH="15" VPOS="757" HPOS="445"/>
							<String ID="string_163" HPOS="460" VPOS="756" WIDTH="97" HEIGHT="22" WC="0.96" CONTENT="kommer"/><SP WIDTH="15" VPOS="756" HPOS="557"/>
							<String ID="string_164" HPOS="572" VPOS="758" WIDTH="32" HEIGHT="19" WC="0.93" CONTENT="att"/><SP WIDTH="15" VPOS="758" HPOS="604"/>
							<String ID="string_165" HPOS="619" VPOS="756" WIDTH="51" HEIGHT="22" WC="0.93" CONTENT="bero"/><SP WIDTH="17" VPOS="756" HPOS="670"/>
							<String ID="string_166" HPOS="687" VPOS="757" WIDTH="27" HEIGHT="26" WC="0.93" CONTENT="pä"/><SP WIDTH="10" VPOS="757" HPOS="714"/>
							<String ID="string_167" HPOS="724" VPOS="756" WIDTH="179" HEIGHT="21" WC="0.91" CONTENT="rädhusstämmo-"/>
						</TextLine>
						<TextLine ID="line_18" HPOS="77" VPOS="790" WIDTH="828" HEIGHT="27">
							<String ID="string_168" HPOS="77" VPOS="791" WIDTH="76" HEIGHT="25" WC="0.95" CONTENT="beslut,"/><SP WIDTH="23" VPOS="791" HPOS="153"/>
							<String ID="string_169" HPOS="176" VPOS="790" WIDTH="103" HEIGHT="21" WC="0.93" CONTENT="huruvida"/><SP WIDTH="22" VPOS="790" HPOS="279"/>
							<String ID="string_170" HPOS="301" VPOS="790" WIDTH="160" HEIGHT="22" WC="0.92" CONTENT="röstmaximum"/><SP WIDTH="23" VPOS="790" HPOS="461"/>
							<String ID="string_171" HPOS="484" VPOS="790" WIDTH="67" HEIGHT="22" WC="0.93" CONTENT="skulle"/><SP WIDTH="24" VPOS="790" HPOS="551"/>
							<String ID="string_172" HPOS="575" VPOS="791" WIDTH="80" HEIGHT="26" WC="0.92" CONTENT="uppnäs"/><SP WIDTH="25" VPOS="791" HPOS="655"/>
							<String ID="string_173" HPOS="680" VPOS="790" WIDTH="34" HEIGHT="21" WC="0.96" CONTENT="vid"/><SP WIDTH="20" VPOS="790" HPOS="714"/>
							<String ID="string_174" HPOS="734" VPOS="797" WIDTH="26" HEIGHT="15" WC="0.93" CONTENT="en"/><SP WIDTH="15" VPOS="797" HPOS="760"/>
							<String ID="string_175" HPOS="775" VPOS="790" WIDTH="91" HEIGHT="21" WC="0.92" CONTENT="inkomst"/><SP WIDTH="15" VPOS="790" HPOS="866"/>
							<String ID="string_176" HPOS="881" VPOS="790" WIDTH="24" HEIGHT="21" WC="0.96" CONTENT="af"/>
						</TextLine>
						<TextLine ID="line_19" HPOS="77" VPOS="822" WIDTH="498" HEIGHT="29">
							<String ID="string_177" HPOS="77" VPOS="825" WIDTH="64" HEIGHT="26" WC="0.96" CONTENT="5,000"/><SP WIDTH="14" VPOS="825" HPOS="141"/>
							<String ID="string_178" HPOS="155" VPOS="822" WIDTH="63" HEIGHT="23" WC="0.94" CONTENT="mark"/><SP WIDTH="13" VPOS="822" HPOS="218"/>
							<String ID="string_179" HPOS="231" VPOS="825" WIDTH="51" HEIGHT="21" WC="0.96" CONTENT="eller"/><SP WIDTH="13" VPOS="825" HPOS="282"/>
							<String ID="string_180" HPOS="295" VPOS="824" WIDTH="56" HEIGHT="22" WC="0.96" CONTENT="först"/><SP WIDTH="13" VPOS="824" HPOS="351"/>
							<String ID="string_181" HPOS="364" VPOS="824" WIDTH="35" HEIGHT="21" WC="0.93" CONTENT="vid"/><SP WIDTH="17" VPOS="824" HPOS="399"/>
							<String ID="string_182" HPOS="416" VPOS="825" WIDTH="77" HEIGHT="26" WC="0.93" CONTENT="10,000"/><SP WIDTH="15" VPOS="825" HPOS="493"/>
							<String ID="string_183" HPOS="508" VPOS="824" WIDTH="67" HEIGHT="21" WC="0.96" CONTENT="mark."/>
						</TextLine>
					</TextBlock>
					<TextBlock ID="block_2" HPOS="78" VPOS="859" WIDTH="830" HEIGHT="465">
						<TextLine ID="line_20" HPOS="146" VPOS="859" WIDTH="757" HEIGHT="26">
							<String ID="string_184" HPOS="146" VPOS="859" WIDTH="41" HEIGHT="26" WC="0.96" CONTENT="Jag"/><SP WIDTH="14" VPOS="859" HPOS="187"/>
							<String ID="string_185" HPOS="201" VPOS="859" WIDTH="38" HEIGHT="21" WC="0.93" CONTENT="ber"/><SP WIDTH="16" VPOS="859" HPOS="239"/>
							<String ID="string_186" HPOS="255" VPOS="859" WIDTH="70" HEIGHT="21" WC="0.93" CONTENT="derför"/><SP WIDTH="15" VPOS="859" HPOS="325"/>
							<String ID="string_187" HPOS="340" VPOS="861" WIDTH="33" HEIGHT="19" WC="0.93" CONTENT="att"/><SP WIDTH="14" VPOS="861" HPOS="373"/>
							<String ID="string_188" HPOS="387" VPOS="859" WIDTH="22" HEIGHT="21" WC="0.93" CONTENT="fä"/><SP WIDTH="14" VPOS="859" HPOS="409"/>
							<String ID="string_189" HPOS="423" VPOS="859" WIDTH="118" HEIGHT="21" WC="0.93" CONTENT="framställa"/><SP WIDTH="16" VPOS="859" HPOS="541"/>
							<String ID="string_190" HPOS="557" VPOS="861" WIDTH="31" HEIGHT="19" WC="0.96" CONTENT="ett"/><SP WIDTH="15" VPOS="861" HPOS="588"/>
							<String ID="string_191" HPOS="603" VPOS="859" WIDTH="86" HEIGHT="26" WC="0.93" CONTENT="förslag,"/><SP WIDTH="16" VPOS="859" HPOS="689"/>
							<String ID="string_192" HPOS="705" VPOS="860" WIDTH="81" HEIGHT="21" WC="0.92" CONTENT="hvilket"/><SP WIDTH="15" VPOS="860" HPOS="786"/>
							<String ID="string_193" HPOS="801" VPOS="860" WIDTH="55" HEIGHT="21" WC="0.92" CONTENT="afser"/><SP WIDTH="15" VPOS="860" HPOS="856"/>
							<String ID="string_194" HPOS="871" VPOS="861" WIDTH="32" HEIGHT="20" WC="0.96" CONTENT="att"/>
						</TextLine>
						<TextLine ID="line_21" HPOS="79" VPOS="892" WIDTH="825" HEIGHT="27">
							<String ID="string_195" HPOS="79" VPOS="892" WIDTH="23" HEIGHT="21" WC="0.95" CONTENT="sä"/><SP WIDTH="23" VPOS="892" HPOS="102"/>
							<String ID="string_196" HPOS="125" VPOS="894" WIDTH="50" HEIGHT="19" WC="0.95" CONTENT="nära"/><SP WIDTH="23" VPOS="894" HPOS="175"/>
							<String ID="string_197" HPOS="198" VPOS="898" WIDTH="44" HEIGHT="15" WC="0.96" CONTENT="som"/><SP WIDTH="18" VPOS="898" HPOS="242"/>
							<String ID="string_198" HPOS="260" VPOS="892" WIDTH="80" HEIGHT="27" WC="0.93" CONTENT="möjligt"/><SP WIDTH="17" VPOS="892" HPOS="340"/>
							<String ID="string_199" HPOS="357" VPOS="893" WIDTH="53" HEIGHT="20" WC="0.92" CONTENT="sluta"/><SP WIDTH="16" VPOS="893" HPOS="410"/>
							<String ID="string_200" HPOS="426" VPOS="892" WIDTH="32" HEIGHT="27" WC="0.96" CONTENT="sig"/><SP WIDTH="15" VPOS="892" HPOS="458"/>
							<String ID="string_201" HPOS="473" VPOS="892" WIDTH="34" HEIGHT="21" WC="0.96" CONTENT="till"/><SP WIDTH="17" VPOS="892" HPOS="507"/>
							<String ID="string_202" HPOS="524" VPOS="892" WIDTH="34" HEIGHT="22" WC="0.96" CONTENT="det"/><SP WIDTH="15" VPOS="892" HPOS="558"/>
							<String ID="string_203" HPOS="573" VPOS="898" WIDTH="46" HEIGHT="15" WC="0.96" CONTENT="som"/><SP WIDTH="16" VPOS="898" HPOS="619"/>
							<String ID="string_204" HPOS="635" VPOS="892" WIDTH="33" HEIGHT="22" WC="0.96" CONTENT="för"/><SP WIDTH="15" VPOS="892" HPOS="668"/>
							<String ID="string_205" HPOS="683" VPOS="892" WIDTH="132" HEIGHT="22" WC="0.96" CONTENT="närvarande"/><SP WIDTH="15" VPOS="892" HPOS="815"/>
							<String ID="string_206" HPOS="830" VPOS="894" WIDTH="24" HEIGHT="19" WC="0.93" CONTENT="är"/><SP WIDTH="15" VPOS="894" HPOS="854"/>
							<String ID="string_207" HPOS="869" VPOS="893" WIDTH="35" HEIGHT="21" WC="0.93" CONTENT="be-"/>
						</TextLine>
						<TextLine ID="line_22" HPOS="79" VPOS="927" WIDTH="824" HEIGHT="27">
							<String ID="string_208" HPOS="79" VPOS="927" WIDTH="93" HEIGHT="25" WC="0.93" CONTENT="stäende,"/><SP WIDTH="18" VPOS="927" HPOS="172"/>
							<String ID="string_209" HPOS="190" VPOS="933" WIDTH="45" HEIGHT="15" WC="0.93" CONTENT="men"/><SP WIDTH="17" VPOS="933" HPOS="235"/>
							<String ID="string_210" HPOS="252" VPOS="927" WIDTH="69" HEIGHT="21" WC="0.93" CONTENT="tillika"/><SP WIDTH="14" VPOS="927" HPOS="321"/>
							<String ID="string_211" HPOS="335" VPOS="927" WIDTH="69" HEIGHT="21" WC="0.92" CONTENT="sävidt"/><SP WIDTH="14" VPOS="927" HPOS="404"/>
							<String ID="string_212" HPOS="418" VPOS="927" WIDTH="84" HEIGHT="27" WC="0.96" CONTENT="möjligt"/><SP WIDTH="16" VPOS="927" HPOS="502"/>
							<String ID="string_213" HPOS="518" VPOS="927" WIDTH="51" HEIGHT="21" WC="0.93" CONTENT="skall"/><SP WIDTH="18" VPOS="927" HPOS="569"/>
							<String ID="string_214" HPOS="587" VPOS="927" WIDTH="93" HEIGHT="27" WC="0.93" CONTENT="afhjelpa"/><SP WIDTH="15" VPOS="927" HPOS="680"/>
							<String ID="string_215" HPOS="695" VPOS="927" WIDTH="105" HEIGHT="21" WC="0.93" CONTENT="bristerna"/><SP WIDTH="10" VPOS="927" HPOS="800"/>
							<String ID="string_216" HPOS="810" VPOS="927" WIDTH="30" HEIGHT="21" WC="0.93" CONTENT="uti"/><SP WIDTH="13" VPOS="927" HPOS="840"/>
							<String ID="string_217" HPOS="853" VPOS="928" WIDTH="25" HEIGHT="20" WC="0.88" CONTENT="12"/><SP WIDTH="11" VPOS="928" HPOS="878"/>
							<String ID="string_218" HPOS="889" VPOS="927" WIDTH="14" HEIGHT="27" WC="0.88" CONTENT="&amp;"/>
						</TextLine>
						<TextLine ID="line_23" HPOS="78" VPOS="961" WIDTH="827" HEIGHT="28">
							<String ID="string_219" HPOS="78" VPOS="962" WIDTH="6" HEIGHT="21" WC="0.96" CONTENT="i"/><SP WIDTH="18" VPOS="962" HPOS="84"/>
							<String ID="string_220" HPOS="102" VPOS="962" WIDTH="22" HEIGHT="21" WC="0.96" CONTENT="L."/><SP WIDTH="18" VPOS="962" HPOS="124"/>
							<String ID="string_221" HPOS="142" VPOS="962" WIDTH="23" HEIGHT="21" WC="0.96" CONTENT="O."/><SP WIDTH="24" VPOS="962" HPOS="165"/>
							<String ID="string_222" HPOS="189" VPOS="961" WIDTH="50" HEIGHT="22" WC="0.95" CONTENT="Mitt"/><SP WIDTH="14" VPOS="961" HPOS="239"/>
							<String ID="string_223" HPOS="253" VPOS="962" WIDTH="79" HEIGHT="27" WC="0.93" CONTENT="förslag"/><SP WIDTH="15" VPOS="962" HPOS="332"/>
							<String ID="string_224" HPOS="347" VPOS="968" WIDTH="50" HEIGHT="15" WC="0.91" CONTENT="vore"/><SP WIDTH="14" VPOS="968" HPOS="397"/>
							<String ID="string_225" HPOS="411" VPOS="964" WIDTH="39" HEIGHT="23" WC="0.93" CONTENT="att,"/><SP WIDTH="17" VPOS="964" HPOS="450"/>
							<String ID="string_226" HPOS="467" VPOS="962" WIDTH="88" HEIGHT="21" WC="0.92" CONTENT="likasom"/><SP WIDTH="16" VPOS="962" HPOS="555"/>
							<String ID="string_227" HPOS="571" VPOS="962" WIDTH="32" HEIGHT="21" WC="0.93" CONTENT="uti"/><SP WIDTH="16" VPOS="962" HPOS="603"/>
							<String ID="string_228" HPOS="619" VPOS="962" WIDTH="134" HEIGHT="27" WC="0.96" CONTENT="regeringens"/><SP WIDTH="17" VPOS="962" HPOS="753"/>
							<String ID="string_229" HPOS="770" VPOS="962" WIDTH="38" HEIGHT="21" WC="0.92" CONTENT="och"/><SP WIDTH="16" VPOS="962" HPOS="808"/>
							<String ID="string_230" HPOS="824" VPOS="962" WIDTH="81" HEIGHT="21" WC="0.92" CONTENT="utskot-"/>
						</TextLine>
						<TextLine ID="line_24" HPOS="79" VPOS="996" WIDTH="826" HEIGHT="27">
							<String ID="string_231" HPOS="79" VPOS="998" WIDTH="42" HEIGHT="19" WC="0.93" CONTENT="tets"/><SP WIDTH="14" VPOS="998" HPOS="121"/>
							<String ID="string_232" HPOS="135" VPOS="996" WIDTH="86" HEIGHT="27" WC="0.96" CONTENT="förslag,"/><SP WIDTH="16" VPOS="996" HPOS="221"/>
							<String ID="string_233" HPOS="237" VPOS="1002" WIDTH="26" HEIGHT="15" WC="0.93" CONTENT="en"/><SP WIDTH="14" VPOS="1002" HPOS="263"/>
							<String ID="string_234" HPOS="277" VPOS="996" WIDTH="93" HEIGHT="21" WC="0.93" CONTENT="inkomst"/><SP WIDTH="15" VPOS="996" HPOS="370"/>
							<String ID="string_235" HPOS="385" VPOS="996" WIDTH="23" HEIGHT="21" WC="0.96" CONTENT="af"/><SP WIDTH="13" VPOS="996" HPOS="408"/>
							<String ID="string_236" HPOS="421" VPOS="997" WIDTH="42" HEIGHT="21" WC="0.96" CONTENT="800"/><SP WIDTH="16" VPOS="997" HPOS="463"/>
							<String ID="string_237" HPOS="479" VPOS="996" WIDTH="61" HEIGHT="21" WC="0.96" CONTENT="mark"/><SP WIDTH="15" VPOS="996" HPOS="540"/>
							<String ID="string_238" HPOS="555" VPOS="996" WIDTH="6" HEIGHT="21" WC="0.96" CONTENT="i"/><SP WIDTH="16" VPOS="996" HPOS="561"/>
							<String ID="string_239" HPOS="577" VPOS="996" WIDTH="42" HEIGHT="21" WC="0.93" CONTENT="alla"/><SP WIDTH="15" VPOS="996" HPOS="619"/>
							<String ID="string_240" HPOS="634" VPOS="996" WIDTH="73" HEIGHT="21" WC="0.93" CONTENT="städer"/><SP WIDTH="15" VPOS="996" HPOS="707"/>
							<String ID="string_241" HPOS="722" VPOS="996" WIDTH="67" HEIGHT="21" WC="0.93" CONTENT="skulle"/><SP WIDTH="10" VPOS="996" HPOS="789"/>
							<String ID="string_242" HPOS="799" VPOS="996" WIDTH="106" HEIGHT="27" WC="0.92" CONTENT="berättiga"/>
						</TextLine>
						<TextLine ID="line_25" HPOS="80" VPOS="1029" WIDTH="824" HEIGHT="28">
							<String ID="string_243" HPOS="80" VPOS="1029" WIDTH="31" HEIGHT="21" WC="0.96" CONTENT="till"/><SP WIDTH="24" VPOS="1029" HPOS="111"/>
							<String ID="string_244" HPOS="135" VPOS="1035" WIDTH="26" HEIGHT="15" WC="0.93" CONTENT="en"/><SP WIDTH="22" VPOS="1035" HPOS="161"/>
							<String ID="string_245" HPOS="183" VPOS="1030" WIDTH="50" HEIGHT="20" WC="0.92" CONTENT="röst."/><SP WIDTH="32" VPOS="1030" HPOS="233"/>
							<String ID="string_246" HPOS="265" VPOS="1030" WIDTH="44" HEIGHT="21" WC="0.96" CONTENT="Den"/><SP WIDTH="17" VPOS="1030" HPOS="309"/>
							<String ID="string_247" HPOS="326" VPOS="1030" WIDTH="70" HEIGHT="21" WC="0.93" CONTENT="vidare"/><SP WIDTH="15" VPOS="1030" HPOS="396"/>
							<String ID="string_248" HPOS="411" VPOS="1030" WIDTH="121" HEIGHT="21" WC="0.93" CONTENT="röstskalan"/><SP WIDTH="15" VPOS="1030" HPOS="532"/>
							<String ID="string_249" HPOS="547" VPOS="1030" WIDTH="50" HEIGHT="21" WC="0.97" CONTENT="ville"/><SP WIDTH="13" VPOS="1030" HPOS="597"/>
							<String ID="string_250" HPOS="610" VPOS="1030" WIDTH="36" HEIGHT="27" WC="0.93" CONTENT="jag"/><SP WIDTH="15" VPOS="1030" HPOS="646"/>
							<String ID="string_251" HPOS="661" VPOS="1030" WIDTH="64" HEIGHT="21" WC="0.92" CONTENT="hafva"/><SP WIDTH="14" VPOS="1030" HPOS="725"/>
							<String ID="string_252" HPOS="739" VPOS="1030" WIDTH="97" HEIGHT="21" WC="0.95" CONTENT="bestämd"/><SP WIDTH="15" VPOS="1030" HPOS="836"/>
							<String ID="string_253" HPOS="851" VPOS="1030" WIDTH="53" HEIGHT="21" WC="0.96" CONTENT="efter"/>
						</TextLine>
						<TextLine ID="line_26" HPOS="79" VPOS="1064" WIDTH="826" HEIGHT="27">
							<String ID="string_254" HPOS="79" VPOS="1064" WIDTH="110" HEIGHT="22" WC="0.96" CONTENT="städernas"/><SP WIDTH="16" VPOS="1064" HPOS="189"/>
							<String ID="string_255" HPOS="205" VPOS="1064" WIDTH="80" HEIGHT="22" WC="0.96" CONTENT="storlek"/><SP WIDTH="14" VPOS="1064" HPOS="285"/>
							<String ID="string_256" HPOS="299" VPOS="1064" WIDTH="7" HEIGHT="21" WC="0.93" CONTENT="i"/><SP WIDTH="17" VPOS="1064" HPOS="306"/>
							<String ID="string_257" HPOS="323" VPOS="1064" WIDTH="218" HEIGHT="22" WC="0.77" CONTENT="öfverensstämmelse"/><SP WIDTH="13" VPOS="1064" HPOS="541"/>
							<String ID="string_258" HPOS="554" VPOS="1064" WIDTH="49" HEIGHT="22" WC="0.96" CONTENT="med"/><SP WIDTH="12" VPOS="1064" HPOS="603"/>
							<String ID="string_259" HPOS="615" VPOS="1064" WIDTH="38" HEIGHT="22" WC="0.93" CONTENT="den"/><SP WIDTH="12" VPOS="1064" HPOS="653"/>
							<String ID="string_260" HPOS="665" VPOS="1064" WIDTH="114" HEIGHT="27" WC="0.96" CONTENT="indelning,"/><SP WIDTH="18" VPOS="1064" HPOS="779"/>
							<String ID="string_261" HPOS="797" VPOS="1070" WIDTH="43" HEIGHT="15" WC="0.93" CONTENT="som"/><SP WIDTH="11" VPOS="1070" HPOS="840"/>
							<String ID="string_262" HPOS="851" VPOS="1064" WIDTH="54" HEIGHT="22" WC="0.92" CONTENT="före-"/>
						</TextLine>
						<TextLine ID="line_27" HPOS="79" VPOS="1099" WIDTH="826" HEIGHT="27">
							<String ID="string_263" HPOS="79" VPOS="1099" WIDTH="96" HEIGHT="21" WC="0.95" CONTENT="kommer"/><SP WIDTH="14" VPOS="1099" HPOS="175"/>
							<String ID="string_264" HPOS="189" VPOS="1100" WIDTH="7" HEIGHT="20" WC="0.95" CONTENT="i"/><SP WIDTH="16" VPOS="1100" HPOS="196"/>
							<String ID="string_265" HPOS="212" VPOS="1100" WIDTH="67" HEIGHT="21" WC="0.93" CONTENT="första"/><SP WIDTH="14" VPOS="1100" HPOS="279"/>
							<String ID="string_266" HPOS="293" VPOS="1101" WIDTH="116" HEIGHT="20" WC="0.96" CONTENT="momentet"/><SP WIDTH="15" VPOS="1101" HPOS="409"/>
							<String ID="string_267" HPOS="424" VPOS="1100" WIDTH="23" HEIGHT="21" WC="0.96" CONTENT="af"/><SP WIDTH="13" VPOS="1100" HPOS="447"/>
							<String ID="string_268" HPOS="460" VPOS="1100" WIDTH="45" HEIGHT="21" WC="0.96" CONTENT="ofta"/><SP WIDTH="15" VPOS="1100" HPOS="505"/>
							<String ID="string_269" HPOS="520" VPOS="1100" WIDTH="92" HEIGHT="21" WC="0.96" CONTENT="nämnda"/><SP WIDTH="16" VPOS="1100" HPOS="612"/>
							<String ID="string_270" HPOS="628" VPOS="1101" WIDTH="19" HEIGHT="25" WC="0.44" CONTENT="8,"/><SP WIDTH="16" VPOS="1101" HPOS="647"/>
							<String ID="string_271" HPOS="663" VPOS="1100" WIDTH="90" HEIGHT="21" WC="0.96" CONTENT="sålunda"/><SP WIDTH="16" VPOS="1100" HPOS="753"/>
							<String ID="string_272" HPOS="769" VPOS="1101" WIDTH="31" HEIGHT="20" WC="0.96" CONTENT="att"/><SP WIDTH="16" VPOS="1101" HPOS="800"/>
							<String ID="string_273" HPOS="816" VPOS="1106" WIDTH="26" HEIGHT="15" WC="0.93" CONTENT="en"/><SP WIDTH="17" VPOS="1106" HPOS="842"/>
							<String ID="string_274" HPOS="859" VPOS="1101" WIDTH="46" HEIGHT="20" WC="0.96" CONTENT="röst"/>
						</TextLine>
						<TextLine ID="line_28" HPOS="79" VPOS="1133" WIDTH="826" HEIGHT="26">
							<String ID="string_275" HPOS="79" VPOS="1133" WIDTH="68" HEIGHT="21" WC="0.93" CONTENT="skulle"/><SP WIDTH="22" VPOS="1133" HPOS="147"/>
							<String ID="string_276" HPOS="169" VPOS="1133" WIDTH="118" HEIGHT="21" WC="0.96" CONTENT="tillkomma"/><SP WIDTH="23" VPOS="1133" HPOS="287"/>
							<String ID="string_277" HPOS="310" VPOS="1133" WIDTH="31" HEIGHT="21" WC="0.96" CONTENT="uti"/><SP WIDTH="18" VPOS="1133" HPOS="341"/>
							<String ID="string_278" HPOS="359" VPOS="1133" WIDTH="72" HEIGHT="21" WC="0.96" CONTENT="städer"/><SP WIDTH="16" VPOS="1133" HPOS="431"/>
							<String ID="string_279" HPOS="447" VPOS="1133" WIDTH="47" HEIGHT="21" WC="0.96" CONTENT="med"/><SP WIDTH="16" VPOS="1133" HPOS="494"/>
							<String ID="string_280" HPOS="510" VPOS="1133" WIDTH="82" HEIGHT="21" WC="0.96" CONTENT="mindre"/><SP WIDTH="15" VPOS="1133" HPOS="592"/>
							<String ID="string_281" HPOS="607" VPOS="1135" WIDTH="28" HEIGHT="19" WC="0.97" CONTENT="än"/><SP WIDTH="16" VPOS="1135" HPOS="635"/>
							<String ID="string_282" HPOS="651" VPOS="1134" WIDTH="64" HEIGHT="25" WC="0.93" CONTENT="1,500"/><SP WIDTH="14" VPOS="1134" HPOS="715"/>
							<String ID="string_283" HPOS="729" VPOS="1133" WIDTH="128" HEIGHT="21" WC="0.96" CONTENT="innevånare"/><SP WIDTH="14" VPOS="1133" HPOS="857"/>
							<String ID="string_284" HPOS="871" VPOS="1133" WIDTH="34" HEIGHT="21" WC="0.96" CONTENT="för"/>
						</TextLine>
						<TextLine ID="line_29" HPOS="79" VPOS="1168" WIDTH="827" HEIGHT="27">
							<String ID="string_285" HPOS="79" VPOS="1168" WIDTH="73" HEIGHT="27" WC="0.91" CONTENT="hvarje"/><SP WIDTH="23" VPOS="1168" HPOS="152"/>
							<String ID="string_286" HPOS="175" VPOS="1169" WIDTH="42" HEIGHT="21" WC="0.96" CONTENT="200"/><SP WIDTH="20" VPOS="1169" HPOS="217"/>
							<String ID="string_287" HPOS="237" VPOS="1168" WIDTH="66" HEIGHT="26" WC="0.93" CONTENT="mark,"/><SP WIDTH="24" VPOS="1168" HPOS="303"/>
							<String ID="string_288" HPOS="327" VPOS="1168" WIDTH="31" HEIGHT="21" WC="0.92" CONTENT="uti"/><SP WIDTH="17" VPOS="1168" HPOS="358"/>
							<String ID="string_289" HPOS="375" VPOS="1168" WIDTH="69" HEIGHT="21" WC="0.91" CONTENT="städer"/><SP WIDTH="16" VPOS="1168" HPOS="444"/>
							<String ID="string_290" HPOS="460" VPOS="1168" WIDTH="49" HEIGHT="21" WC="0.96" CONTENT="med"/><SP WIDTH="18" VPOS="1168" HPOS="509"/>
							<String ID="string_291" HPOS="527" VPOS="1169" WIDTH="61" HEIGHT="25" WC="0.96" CONTENT="1,500"/><SP WIDTH="16" VPOS="1169" HPOS="588"/>
							<String ID="string_292" HPOS="604" VPOS="1168" WIDTH="31" HEIGHT="21" WC="0.96" CONTENT="till"/><SP WIDTH="18" VPOS="1168" HPOS="635"/>
							<String ID="string_293" HPOS="653" VPOS="1169" WIDTH="61" HEIGHT="25" WC="0.93" CONTENT="6,000"/><SP WIDTH="16" VPOS="1169" HPOS="714"/>
							<String ID="string_294" HPOS="730" VPOS="1168" WIDTH="127" HEIGHT="21" WC="0.91" CONTENT="innevänare"/><SP WIDTH="15" VPOS="1168" HPOS="857"/>
							<String ID="string_295" HPOS="872" VPOS="1168" WIDTH="34" HEIGHT="21" WC="0.96" CONTENT="för"/>
						</TextLine>
						<TextLine ID="line_30" HPOS="79" VPOS="1202" WIDTH="827" HEIGHT="27">
							<String ID="string_296" HPOS="79" VPOS="1202" WIDTH="73" HEIGHT="27" WC="0.91" CONTENT="hvarje"/><SP WIDTH="23" VPOS="1202" HPOS="152"/>
							<String ID="string_297" HPOS="175" VPOS="1202" WIDTH="41" HEIGHT="21" WC="0.96" CONTENT="300"/><SP WIDTH="22" VPOS="1202" HPOS="216"/>
							<String ID="string_298" HPOS="238" VPOS="1202" WIDTH="61" HEIGHT="21" WC="0.96" CONTENT="mark"/><SP WIDTH="23" VPOS="1202" HPOS="299"/>
							<String ID="string_299" HPOS="322" VPOS="1202" WIDTH="37" HEIGHT="21" WC="0.93" CONTENT="och"/><SP WIDTH="20" VPOS="1202" HPOS="359"/>
							<String ID="string_300" HPOS="379" VPOS="1202" WIDTH="30" HEIGHT="21" WC="0.92" CONTENT="uti"/><SP WIDTH="16" VPOS="1202" HPOS="409"/>
							<String ID="string_301" HPOS="425" VPOS="1202" WIDTH="73" HEIGHT="21" WC="0.92" CONTENT="städer"/><SP WIDTH="15" VPOS="1202" HPOS="498"/>
							<String ID="string_302" HPOS="513" VPOS="1202" WIDTH="49" HEIGHT="21" WC="0.96" CONTENT="med"/><SP WIDTH="15" VPOS="1202" HPOS="562"/>
							<String ID="string_303" HPOS="577" VPOS="1202" WIDTH="59" HEIGHT="21" WC="0.96" CONTENT="öfver"/><SP WIDTH="16" VPOS="1202" HPOS="636"/>
							<String ID="string_304" HPOS="652" VPOS="1202" WIDTH="64" HEIGHT="26" WC="0.93" CONTENT="6,000"/><SP WIDTH="15" VPOS="1202" HPOS="716"/>
							<String ID="string_305" HPOS="731" VPOS="1202" WIDTH="128" HEIGHT="21" WC="0.92" CONTENT="innevänare"/><SP WIDTH="14" VPOS="1202" HPOS="859"/>
							<String ID="string_306" HPOS="873" VPOS="1202" WIDTH="33" HEIGHT="21" WC="0.96" CONTENT="för"/>
						</TextLine>
						<TextLine ID="line_31" HPOS="79" VPOS="1236" WIDTH="828" HEIGHT="28">
							<String ID="string_307" HPOS="79" VPOS="1236" WIDTH="73" HEIGHT="27" WC="0.92" CONTENT="hvarje"/><SP WIDTH="15" VPOS="1236" HPOS="152"/>
							<String ID="string_308" HPOS="167" VPOS="1238" WIDTH="42" HEIGHT="19" WC="0.96" CONTENT="400"/><SP WIDTH="16" VPOS="1238" HPOS="209"/>
							<String ID="string_309" HPOS="225" VPOS="1236" WIDTH="60" HEIGHT="21" WC="0.89" CONTENT="mark"/><SP WIDTH="10" VPOS="1236" HPOS="285"/>
							<String ID="string_310" HPOS="295" VPOS="1236" WIDTH="6" HEIGHT="21" WC="0.89" CONTENT="i"/><SP WIDTH="11" VPOS="1236" HPOS="301"/>
							<String ID="string_311" HPOS="312" VPOS="1236" WIDTH="93" HEIGHT="21" WC="0.91" CONTENT="inkomst"/><SP WIDTH="14" VPOS="1236" HPOS="405"/>
							<String ID="string_312" HPOS="419" VPOS="1236" WIDTH="85" HEIGHT="22" WC="0.92" CONTENT="utöfver"/><SP WIDTH="16" VPOS="1236" HPOS="504"/>
							<String ID="string_313" HPOS="520" VPOS="1237" WIDTH="40" HEIGHT="21" WC="0.96" CONTENT="800"/><SP WIDTH="16" VPOS="1237" HPOS="560"/>
							<String ID="string_314" HPOS="576" VPOS="1236" WIDTH="61" HEIGHT="21" WC="0.93" CONTENT="mark"/><SP WIDTH="10" VPOS="1236" HPOS="637"/>
							<String ID="string_315" HPOS="647" VPOS="1236" WIDTH="56" HEIGHT="21" WC="0.92" CONTENT="ända"/><SP WIDTH="11" VPOS="1236" HPOS="703"/>
							<String ID="string_316" HPOS="714" VPOS="1236" WIDTH="31" HEIGHT="21" WC="0.96" CONTENT="till"/><SP WIDTH="11" VPOS="1236" HPOS="745"/>
							<String ID="string_317" HPOS="756" VPOS="1237" WIDTH="33" HEIGHT="27" WC="0.96" CONTENT="25,"/><SP WIDTH="12" VPOS="1237" HPOS="789"/>
							<String ID="string_318" HPOS="801" VPOS="1242" WIDTH="43" HEIGHT="15" WC="0.93" CONTENT="som"/><SP WIDTH="12" VPOS="1242" HPOS="844"/>
							<String ID="string_319" HPOS="856" VPOS="1242" WIDTH="51" HEIGHT="16" WC="0.93" CONTENT="vore"/>
						</TextLine>
						<TextLine ID="line_32" HPOS="81" VPOS="1270" WIDTH="827" HEIGHT="27">
							<String ID="string_320" HPOS="81" VPOS="1270" WIDTH="35" HEIGHT="22" WC="0.93" CONTENT="det"/><SP WIDTH="22" VPOS="1270" HPOS="116"/>
							<String ID="string_321" HPOS="138" VPOS="1270" WIDTH="77" HEIGHT="27" WC="0.92" CONTENT="högsta"/><SP WIDTH="20" VPOS="1270" HPOS="215"/>
							<String ID="string_322" HPOS="235" VPOS="1271" WIDTH="71" HEIGHT="26" WC="0.91" CONTENT="nägon"/><SP WIDTH="20" VPOS="1271" HPOS="306"/>
							<String ID="string_323" HPOS="326" VPOS="1270" WIDTH="57" HEIGHT="27" WC="0.91" CONTENT="finge"/><SP WIDTH="22" VPOS="1270" HPOS="383"/>
							<String ID="string_324" HPOS="405" VPOS="1277" WIDTH="45" HEIGHT="20" WC="0.90" CONTENT="ega"/><SP WIDTH="31" VPOS="1277" HPOS="450"/>
							<String ID="string_325" HPOS="481" VPOS="1271" WIDTH="66" HEIGHT="21" WC="0.96" CONTENT="Detta"/><SP WIDTH="14" VPOS="1271" HPOS="547"/>
							<String ID="string_326" HPOS="561" VPOS="1270" WIDTH="80" HEIGHT="27" WC="0.96" CONTENT="förslag"/><SP WIDTH="14" VPOS="1270" HPOS="641"/>
							<String ID="string_327" HPOS="655" VPOS="1270" WIDTH="39" HEIGHT="22" WC="0.96" CONTENT="ber"/><SP WIDTH="13" VPOS="1270" HPOS="694"/>
							<String ID="string_328" HPOS="707" VPOS="1270" WIDTH="38" HEIGHT="27" WC="0.96" CONTENT="jag"/><SP WIDTH="15" VPOS="1270" HPOS="745"/>
							<String ID="string_329" HPOS="760" VPOS="1272" WIDTH="31" HEIGHT="19" WC="0.92" CONTENT="att"/><SP WIDTH="14" VPOS="1272" HPOS="791"/>
							<String ID="string_330" HPOS="805" VPOS="1270" WIDTH="23" HEIGHT="21" WC="0.92" CONTENT="fä"/><SP WIDTH="14" VPOS="1270" HPOS="828"/>
							<String ID="string_331" HPOS="842" VPOS="1271" WIDTH="66" HEIGHT="26" WC="0.92" CONTENT="nägot"/>
						</TextLine>
						<TextLine ID="line_33" HPOS="80" VPOS="1303" WIDTH="222" HEIGHT="21">
							<String ID="string_332" HPOS="80" VPOS="1305" WIDTH="98" HEIGHT="19" WC="0.91" CONTENT="närmare"/><SP WIDTH="15" VPOS="1305" HPOS="178"/>
							<String ID="string_333" HPOS="193" VPOS="1303" WIDTH="109" HEIGHT="21" WC="0.92" CONTENT="motivera."/>
						</TextLine>
					</TextBlock>
					<TextBlock ID="block_3" HPOS="80" VPOS="1338" WIDTH="829" HEIGHT="232">
						<TextLine ID="line_34" HPOS="149" VPOS="1338" WIDTH="759" HEIGHT="26">
							<String ID="string_334" HPOS="149" VPOS="1338" WIDTH="50" HEIGHT="21" WC="0.96" CONTENT="Man"/><SP WIDTH="16" VPOS="1338" HPOS="199"/>
							<String ID="string_335" HPOS="215" VPOS="1338" WIDTH="39" HEIGHT="21" WC="0.93" CONTENT="har"/><SP WIDTH="15" VPOS="1338" HPOS="254"/>
							<String ID="string_336" HPOS="269" VPOS="1338" WIDTH="58" HEIGHT="21" WC="0.92" CONTENT="säväl"/><SP WIDTH="14" VPOS="1338" HPOS="327"/>
							<String ID="string_337" HPOS="341" VPOS="1338" WIDTH="57" HEIGHT="21" WC="0.93" CONTENT="inom"/><SP WIDTH="16" VPOS="1338" HPOS="398"/>
							<String ID="string_338" HPOS="414" VPOS="1338" WIDTH="111" HEIGHT="26" WC="0.90" CONTENT="utskottet,"/><SP WIDTH="17" VPOS="1338" HPOS="525"/>
							<String ID="string_339" HPOS="542" VPOS="1344" WIDTH="45" HEIGHT="15" WC="0.93" CONTENT="som"/><SP WIDTH="15" VPOS="1344" HPOS="587"/>
							<String ID="string_340" HPOS="602" VPOS="1338" WIDTH="63" HEIGHT="21" WC="0.92" CONTENT="äfven"/><SP WIDTH="16" VPOS="1338" HPOS="665"/>
							<String ID="string_341" HPOS="681" VPOS="1338" WIDTH="34" HEIGHT="21" WC="0.96" CONTENT="vid"/><SP WIDTH="16" VPOS="1338" HPOS="715"/>
							<String ID="string_342" HPOS="731" VPOS="1338" WIDTH="58" HEIGHT="21" WC="0.93" CONTENT="detta"/><SP WIDTH="15" VPOS="1338" HPOS="789"/>
							<String ID="string_343" HPOS="804" VPOS="1344" WIDTH="104" HEIGHT="15" WC="0.92" CONTENT="samman-"/>
						</TextLine>
						<TextLine ID="line_35" HPOS="80" VPOS="1372" WIDTH="827" HEIGHT="28">
							<String ID="string_344" HPOS="80" VPOS="1372" WIDTH="61" HEIGHT="22" WC="0.89" CONTENT="träde"/><SP WIDTH="24" VPOS="1372" HPOS="141"/>
							<String ID="string_345" HPOS="165" VPOS="1373" WIDTH="122" HEIGHT="26" WC="0.89" CONTENT="framhällit,"/><SP WIDTH="16" VPOS="1373" HPOS="287"/>
							<String ID="string_346" HPOS="303" VPOS="1375" WIDTH="33" HEIGHT="19" WC="0.96" CONTENT="att"/><SP WIDTH="22" VPOS="1375" HPOS="336"/>
							<String ID="string_347" HPOS="358" VPOS="1379" WIDTH="75" HEIGHT="21" WC="0.93" CONTENT="genom"/><SP WIDTH="16" VPOS="1379" HPOS="433"/>
							<String ID="string_348" HPOS="449" VPOS="1373" WIDTH="170" HEIGHT="21" WC="0.91" CONTENT="bestämmandet"/><SP WIDTH="16" VPOS="1373" HPOS="619"/>
							<String ID="string_349" HPOS="635" VPOS="1373" WIDTH="23" HEIGHT="21" WC="0.96" CONTENT="af"/><SP WIDTH="13" VPOS="1373" HPOS="658"/>
							<String ID="string_350" HPOS="671" VPOS="1379" WIDTH="26" HEIGHT="15" WC="0.91" CONTENT="en"/><SP WIDTH="26" VPOS="1379" HPOS="697"/>
							<String ID="string_351" HPOS="723" VPOS="1373" WIDTH="184" HEIGHT="21" WC="0.91" CONTENT="minimi-inkomst"/>
						</TextLine>
						<TextLine ID="line_36" HPOS="81" VPOS="1406" WIDTH="827" HEIGHT="28">
							<String ID="string_352" HPOS="81" VPOS="1406" WIDTH="23" HEIGHT="21" WC="0.96" CONTENT="af"/><SP WIDTH="21" VPOS="1406" HPOS="104"/>
							<String ID="string_353" HPOS="125" VPOS="1407" WIDTH="41" HEIGHT="21" WC="0.96" CONTENT="800"/><SP WIDTH="15" VPOS="1407" HPOS="166"/>
							<String ID="string_354" HPOS="181" VPOS="1406" WIDTH="62" HEIGHT="21" WC="0.96" CONTENT="mark"/><SP WIDTH="14" VPOS="1406" HPOS="243"/>
							<String ID="string_355" HPOS="257" VPOS="1406" WIDTH="34" HEIGHT="22" WC="0.93" CONTENT="för"/><SP WIDTH="14" VPOS="1406" HPOS="291"/>
							<String ID="string_356" HPOS="305" VPOS="1406" WIDTH="125" HEIGHT="28" WC="0.93" CONTENT="ätnjutande"/><SP WIDTH="15" VPOS="1406" HPOS="430"/>
							<String ID="string_357" HPOS="445" VPOS="1406" WIDTH="23" HEIGHT="21" WC="0.93" CONTENT="af"/><SP WIDTH="13" VPOS="1406" HPOS="468"/>
							<String ID="string_358" HPOS="481" VPOS="1407" WIDTH="86" HEIGHT="25" WC="0.92" CONTENT="valrätt,"/><SP WIDTH="23" VPOS="1407" HPOS="567"/>
							<String ID="string_359" HPOS="590" VPOS="1407" WIDTH="105" HEIGHT="21" WC="0.92" CONTENT="uteslutas"/><SP WIDTH="13" VPOS="1407" HPOS="695"/>
							<String ID="string_360" HPOS="708" VPOS="1406" WIDTH="50" HEIGHT="21" WC="0.92" CONTENT="frän"/><SP WIDTH="15" VPOS="1406" HPOS="758"/>
							<String ID="string_361" HPOS="773" VPOS="1406" WIDTH="68" HEIGHT="22" WC="0.93" CONTENT="denna"/><SP WIDTH="15" VPOS="1406" HPOS="841"/>
							<String ID="string_362" HPOS="856" VPOS="1406" WIDTH="52" HEIGHT="27" WC="0.93" CONTENT="poli-"/>
						</TextLine>
						<TextLine ID="line_37" HPOS="81" VPOS="1440" WIDTH="828" HEIGHT="27">
							<String ID="string_363" HPOS="81" VPOS="1440" WIDTH="56" HEIGHT="21" WC="0.93" CONTENT="tiska"/><SP WIDTH="15" VPOS="1440" HPOS="137"/>
							<String ID="string_364" HPOS="152" VPOS="1442" WIDTH="44" HEIGHT="19" WC="0.93" CONTENT="rätt"/><SP WIDTH="15" VPOS="1442" HPOS="196"/>
							<String ID="string_365" HPOS="211" VPOS="1440" WIDTH="50" HEIGHT="22" WC="0.92" CONTENT="flere"/><SP WIDTH="15" VPOS="1440" HPOS="261"/>
							<String ID="string_366" HPOS="276" VPOS="1446" WIDTH="106" HEIGHT="21" WC="0.93" CONTENT="personer,"/><SP WIDTH="15" VPOS="1446" HPOS="382"/>
							<String ID="string_367" HPOS="397" VPOS="1440" WIDTH="74" HEIGHT="22" WC="0.92" CONTENT="hvilka"/><SP WIDTH="14" VPOS="1440" HPOS="471"/>
							<String ID="string_368" HPOS="485" VPOS="1440" WIDTH="33" HEIGHT="22" WC="0.96" CONTENT="för"/><SP WIDTH="15" VPOS="1440" HPOS="518"/>
							<String ID="string_369" HPOS="533" VPOS="1440" WIDTH="133" HEIGHT="22" WC="0.93" CONTENT="närvarande"/><SP WIDTH="16" VPOS="1440" HPOS="666"/>
							<String ID="string_370" HPOS="682" VPOS="1447" WIDTH="39" HEIGHT="20" WC="0.92" CONTENT="ega"/><SP WIDTH="11" VPOS="1447" HPOS="721"/>
							<String ID="string_371" HPOS="732" VPOS="1440" WIDTH="127" HEIGHT="27" WC="0.92" CONTENT="densamma,"/><SP WIDTH="17" VPOS="1440" HPOS="859"/>
							<String ID="string_372" HPOS="876" VPOS="1442" WIDTH="33" HEIGHT="19" WC="0.96" CONTENT="att"/>
						</TextLine>
						<TextLine ID="line_38" HPOS="81" VPOS="1474" WIDTH="827" HEIGHT="27">
							<String ID="string_373" HPOS="81" VPOS="1481" WIDTH="26" HEIGHT="15" WC="0.93" CONTENT="en"/><SP WIDTH="16" VPOS="1481" HPOS="107"/>
							<String ID="string_374" HPOS="123" VPOS="1474" WIDTH="58" HEIGHT="27" WC="0.92" CONTENT="dylik"/><SP WIDTH="14" VPOS="1474" HPOS="181"/>
							<String ID="string_375" HPOS="195" VPOS="1474" WIDTH="134" HEIGHT="27" WC="0.92" CONTENT="bestämning"/><SP WIDTH="15" VPOS="1474" HPOS="329"/>
							<String ID="string_376" HPOS="344" VPOS="1480" WIDTH="49" HEIGHT="16" WC="0.92" CONTENT="vore"/><SP WIDTH="11" VPOS="1480" HPOS="393"/>
							<String ID="string_377" HPOS="404" VPOS="1474" WIDTH="130" HEIGHT="26" WC="0.92" CONTENT="reaktionär,"/><SP WIDTH="16" VPOS="1474" HPOS="534"/>
							<String ID="string_378" HPOS="550" VPOS="1476" WIDTH="33" HEIGHT="19" WC="0.93" CONTENT="att"/><SP WIDTH="8" VPOS="1476" HPOS="583"/>
							<String ID="string_379" HPOS="591" VPOS="1475" WIDTH="107" HEIGHT="21" WC="0.92" CONTENT="valrätten"/><SP WIDTH="10" VPOS="1475" HPOS="698"/>
							<String ID="string_380" HPOS="708" VPOS="1474" WIDTH="122" HEIGHT="27" WC="0.92" CONTENT="derigenom"/><SP WIDTH="11" VPOS="1474" HPOS="830"/>
							<String ID="string_381" HPOS="841" VPOS="1474" WIDTH="67" HEIGHT="22" WC="0.96" CONTENT="skulle"/>
						</TextLine>
						<TextLine ID="line_39" HPOS="81" VPOS="1509" WIDTH="827" HEIGHT="27">
							<String ID="string_382" HPOS="81" VPOS="1509" WIDTH="127" HEIGHT="21" WC="0.92" CONTENT="inskränkas"/><SP WIDTH="20" VPOS="1509" HPOS="208"/>
							<String ID="string_383" HPOS="228" VPOS="1509" WIDTH="39" HEIGHT="21" WC="0.93" CONTENT="och"/><SP WIDTH="15" VPOS="1509" HPOS="267"/>
							<String ID="string_384" HPOS="282" VPOS="1509" WIDTH="46" HEIGHT="21" WC="0.91" CONTENT="icke"/><SP WIDTH="15" VPOS="1509" HPOS="328"/>
							<String ID="string_385" HPOS="343" VPOS="1509" WIDTH="104" HEIGHT="27" WC="0.92" CONTENT="utvidgas."/><SP WIDTH="32" VPOS="1509" HPOS="447"/>
							<String ID="string_386" HPOS="479" VPOS="1509" WIDTH="49" HEIGHT="21" WC="0.96" CONTENT="Man"/><SP WIDTH="16" VPOS="1509" HPOS="528"/>
							<String ID="string_387" HPOS="544" VPOS="1509" WIDTH="39" HEIGHT="21" WC="0.96" CONTENT="har"/><SP WIDTH="16" VPOS="1509" HPOS="583"/>
							<String ID="string_388" HPOS="599" VPOS="1509" WIDTH="54" HEIGHT="21" WC="0.93" CONTENT="dock"/><SP WIDTH="16" VPOS="1509" HPOS="653"/>
							<String ID="string_389" HPOS="669" VPOS="1509" WIDTH="73" HEIGHT="21" WC="0.91" CONTENT="dervid"/><SP WIDTH="15" VPOS="1509" HPOS="742"/>
							<String ID="string_390" HPOS="757" VPOS="1509" WIDTH="99" HEIGHT="21" WC="0.93" CONTENT="förbisett"/><SP WIDTH="14" VPOS="1509" HPOS="856"/>
							<String ID="string_391" HPOS="870" VPOS="1511" WIDTH="38" HEIGHT="24" WC="0.96" CONTENT="att,"/>
						</TextLine>
						<TextLine ID="line_40" HPOS="84" VPOS="1543" WIDTH="825" HEIGHT="27">
							<String ID="string_392" HPOS="84" VPOS="1543" WIDTH="63" HEIGHT="27" WC="0.93" CONTENT="enligt"/><SP WIDTH="24" VPOS="1543" HPOS="147"/>
							<String ID="string_393" HPOS="171" VPOS="1544" WIDTH="58" HEIGHT="20" WC="0.92" CONTENT="säväl"/><SP WIDTH="23" VPOS="1544" HPOS="229"/>
							<String ID="string_394" HPOS="252" VPOS="1549" WIDTH="58" HEIGHT="21" WC="0.91" CONTENT="prop."/><SP WIDTH="25" VPOS="1549" HPOS="310"/>
							<String ID="string_395" HPOS="335" VPOS="1549" WIDTH="43" HEIGHT="15" WC="0.92" CONTENT="som"/><SP WIDTH="24" VPOS="1549" HPOS="378"/>
							<String ID="string_396" HPOS="402" VPOS="1543" WIDTH="117" HEIGHT="22" WC="0.92" CONTENT="utskottets"/><SP WIDTH="15" VPOS="1543" HPOS="519"/>
							<String ID="string_397" HPOS="534" VPOS="1543" WIDTH="85" HEIGHT="27" WC="0.96" CONTENT="förslag,"/><SP WIDTH="25" VPOS="1543" HPOS="619"/>
							<String ID="string_398" HPOS="644" VPOS="1543" WIDTH="24" HEIGHT="22" WC="0.92" CONTENT="de"/><SP WIDTH="15" VPOS="1543" HPOS="668"/>
							<String ID="string_399" HPOS="683" VPOS="1543" WIDTH="178" HEIGHT="27" WC="0.90" CONTENT="inskränkningar"/><SP WIDTH="14" VPOS="1543" HPOS="861"/>
							<String ID="string_400" HPOS="875" VPOS="1543" WIDTH="34" HEIGHT="22" WC="0.96" CONTENT="för"/>
						</TextLine>
					</TextBlock>
				</ComposedBlock>
			</PrintSpace>
		</Page>
	</Layout>
</alto>
