<?xml version="1.0" encoding="UTF-8"?>
<alto xmlns="http://www.loc.gov/standards/alto/ns-v3#" xmlns:xlink="http://www.w3.org/1999/xlink" xmlns:xsi="http://www.w3.org/2001/XMLSchema-instance" xsi:schemaLocation="http://www.loc.gov/standards/alto/ns-v3# http://www.loc.gov/alto/v3/alto-3-0.xsd">
	<Description>
		<MeasurementUnit>pixel</MeasurementUnit>
		<sourceImageInformation>
			<fileName>/tmp/tess_nclc8m3r_input.PNG</fileName>
		</sourceImageInformation>
		<OCRProcessing ID="OCR_0">
			<ocrProcessingStep>
				<processingSoftware>
					<softwareName>tesseract 5.3.4</softwareName>
				</processingSoftware>
			</ocrProcessingStep>
		</OCRProcessing>
	</Description>
	<Layout>
		<Page WIDTH="1100" HEIGHT="1731" PHYSICAL_IMG_NR="0" ID="page_0">
			<PrintSpace HPOS="0" VPOS="0" WIDTH="1100" HEIGHT="1731">
				<ComposedBlock ID="cblock_0" HPOS="441" VPOS="141" WIDTH="428" HEIGHT="23">
					<TextBlock ID="block_0" HPOS="441" VPOS="141" WIDTH="428" HEIGHT="23">
						<TextLine ID="line_0" HPOS="441" VPOS="141" WIDTH="428" HEIGHT="23">
							<String ID="string_0" HPOS="441" VPOS="141" WIDTH="14" HEIGHT="19" WC="0.80" CONTENT="11"/><SP WIDTH="14" VPOS="141" HPOS="455"/>
							<String ID="string_1" HPOS="469" VPOS="141" WIDTH="46" HEIGHT="23" WC="0.83" CONTENT="April."/><SP WIDTH="306" VPOS="141" HPOS="515"/>
							<String ID="string_2" HPOS="821" VPOS="142" WIDTH="48" HEIGHT="18" WC="0.90" CONTENT="LIX"/>
						</TextLine>
					</TextBlock>
				</ComposedBlock>
				<ComposedBlock ID="cblock_1" HPOS="68" VPOS="209" WIDTH="830" HEIGHT="1363">
					<TextBlock ID="block_1" HPOS="68" VPOS="209" WIDTH="830" HEIGHT="1055">
						<TextLine ID="line_1" HPOS="68" VPOS="209" WIDTH="824" HEIGHT="27">
							<String ID="string_3" HPOS="68" VPOS="211" WIDTH="37" HEIGHT="25" WC="0.96" CONTENT="got"/><SP WIDTH="22" VPOS="211" HPOS="105"/>
							<String ID="string_4" HPOS="127" VPOS="210" WIDTH="31" HEIGHT="20" WC="0.93" CONTENT="vis"/><SP WIDTH="24" VPOS="210" HPOS="158"/>
							<String ID="string_5" HPOS="182" VPOS="209" WIDTH="121" HEIGHT="27" WC="0.92" CONTENT="äfventyrar"/><SP WIDTH="22" VPOS="209" HPOS="303"/>
							<String ID="string_6" HPOS="325" VPOS="210" WIDTH="84" HEIGHT="20" WC="0.96" CONTENT="landets"/><SP WIDTH="14" VPOS="210" HPOS="409"/>
							<String ID="string_7" HPOS="423" VPOS="209" WIDTH="194" HEIGHT="21" WC="0.96" CONTENT="framåtskridande"/><SP WIDTH="16" VPOS="209" HPOS="617"/>
							<String ID="string_8" HPOS="633" VPOS="209" WIDTH="53" HEIGHT="21" WC="0.96" CONTENT="eller"/><SP WIDTH="15" VPOS="209" HPOS="686"/>
							<String ID="string_9" HPOS="701" VPOS="211" WIDTH="31" HEIGHT="19" WC="0.96" CONTENT="ett"/><SP WIDTH="15" VPOS="211" HPOS="732"/>
							<String ID="string_10" HPOS="747" VPOS="210" WIDTH="145" HEIGHT="21" WC="0.96" CONTENT="konservativt"/>
						</TextLine>
						<TextLine ID="line_2" HPOS="69" VPOS="244" WIDTH="824" HEIGHT="27">
							<String ID="string_11" HPOS="69" VPOS="244" WIDTH="119" HEIGHT="21" WC="0.95" CONTENT="bevarande"/><SP WIDTH="15" VPOS="244" HPOS="188"/>
							<String ID="string_12" HPOS="203" VPOS="244" WIDTH="23" HEIGHT="21" WC="0.96" CONTENT="af"/><SP WIDTH="14" VPOS="244" HPOS="226"/>
							<String ID="string_13" HPOS="240" VPOS="244" WIDTH="47" HEIGHT="21" WC="0.93" CONTENT="dess"/><SP WIDTH="16" VPOS="244" HPOS="287"/>
							<String ID="string_14" HPOS="303" VPOS="244" WIDTH="124" HEIGHT="27" WC="0.91" CONTENT="dyrbaraste"/><SP WIDTH="16" VPOS="244" HPOS="427"/>
							<String ID="string_15" HPOS="443" VPOS="244" WIDTH="112" HEIGHT="21" WC="0.94" CONTENT="intressen."/><SP WIDTH="30" VPOS="244" HPOS="555"/>
							<String ID="string_16" HPOS="585" VPOS="244" WIDTH="41" HEIGHT="27" WC="0.96" CONTENT="Jag"/><SP WIDTH="16" VPOS="244" HPOS="626"/>
							<String ID="string_17" HPOS="642" VPOS="244" WIDTH="78" HEIGHT="21" WC="0.96" CONTENT="vänder"/><SP WIDTH="17" VPOS="244" HPOS="720"/>
							<String ID="string_18" HPOS="737" VPOS="244" WIDTH="42" HEIGHT="27" WC="0.96" CONTENT="mig"/><SP WIDTH="15" VPOS="244" HPOS="779"/>
							<String ID="string_19" HPOS="794" VPOS="244" WIDTH="99" HEIGHT="27" WC="0.96" CONTENT="slutligen"/>
						</TextLine>
						<TextLine ID="line_3" HPOS="68" VPOS="278" WIDTH="825" HEIGHT="27">
							<String ID="string_20" HPOS="68" VPOS="279" WIDTH="34" HEIGHT="21" WC="0.93" CONTENT="till"/><SP WIDTH="22" VPOS="279" HPOS="102"/>
							<String ID="string_21" HPOS="124" VPOS="279" WIDTH="36" HEIGHT="21" WC="0.95" CONTENT="det"/><SP WIDTH="14" VPOS="279" HPOS="160"/>
							<String ID="string_22" HPOS="174" VPOS="279" WIDTH="111" HEIGHT="21" WC="0.95" CONTENT="uttalande"/><SP WIDTH="17" VPOS="279" HPOS="285"/>
							<String ID="string_23" HPOS="302" VPOS="285" WIDTH="43" HEIGHT="15" WC="0.96" CONTENT="som"/><SP WIDTH="15" VPOS="285" HPOS="345"/>
							<String ID="string_24" HPOS="360" VPOS="279" WIDTH="87" HEIGHT="26" WC="0.96" CONTENT="gjordes"/><SP WIDTH="16" VPOS="279" HPOS="447"/>
							<String ID="string_25" HPOS="463" VPOS="279" WIDTH="23" HEIGHT="21" WC="0.96" CONTENT="af"/><SP WIDTH="12" VPOS="279" HPOS="486"/>
							<String ID="string_26" HPOS="498" VPOS="279" WIDTH="48" HEIGHT="21" WC="0.95" CONTENT="frih."/><SP WIDTH="17" VPOS="279" HPOS="546"/>
							<String ID="string_27" HPOS="563" VPOS="279" WIDTH="77" HEIGHT="21" WC="0.96" CONTENT="Wrede"/><SP WIDTH="17" VPOS="279" HPOS="640"/>
							<String ID="string_28" HPOS="657" VPOS="279" WIDTH="46" HEIGHT="21" WC="0.96" CONTENT="med"/><SP WIDTH="16" VPOS="279" HPOS="703"/>
							<String ID="string_29" HPOS="719" VPOS="279" WIDTH="99" HEIGHT="21" WC="0.91" CONTENT="afseende"/><SP WIDTH="15" VPOS="279" HPOS="818"/>
							<String ID="string_30" HPOS="833" VPOS="278" WIDTH="12" HEIGHT="22" WC="0.91" CONTENT="å"/><SP WIDTH="15" VPOS="278" HPOS="845"/>
							<String ID="string_31" HPOS="860" VPOS="279" WIDTH="33" HEIGHT="20" WC="0.93" CONTENT="in-"/>
						</TextLine>
						<TextLine ID="line_4" HPOS="68" VPOS="311" WIDTH="825" HEIGHT="28">
							<String ID="string_32" HPOS="68" VPOS="312" WIDTH="130" HEIGHT="27" WC="0.92" CONTENT="bjudningen"/><SP WIDTH="21" VPOS="312" HPOS="198"/>
							<String ID="string_33" HPOS="219" VPOS="313" WIDTH="33" HEIGHT="20" WC="0.96" CONTENT="till"/><SP WIDTH="24" VPOS="313" HPOS="252"/>
							<String ID="string_34" HPOS="276" VPOS="313" WIDTH="57" HEIGHT="20" WC="0.96" CONTENT="detta"/><SP WIDTH="22" VPOS="313" HPOS="333"/>
							<String ID="string_35" HPOS="355" VPOS="313" WIDTH="93" HEIGHT="26" WC="0.96" CONTENT="plenum."/><SP WIDTH="30" VPOS="313" HPOS="448"/>
							<String ID="string_36" HPOS="478" VPOS="313" WIDTH="48" HEIGHT="20" WC="0.96" CONTENT="Han"/><SP WIDTH="23" VPOS="313" HPOS="526"/>
							<String ID="string_37" HPOS="549" VPOS="312" WIDTH="99" HEIGHT="21" WC="0.96" CONTENT="förvånar"/><SP WIDTH="23" VPOS="312" HPOS="648"/>
							<String ID="string_38" HPOS="671" VPOS="313" WIDTH="32" HEIGHT="26" WC="0.96" CONTENT="sig"/><SP WIDTH="16" VPOS="313" HPOS="703"/>
							<String ID="string_39" HPOS="719" VPOS="312" WIDTH="59" HEIGHT="21" WC="0.96" CONTENT="öfver"/><SP WIDTH="14" VPOS="312" HPOS="778"/>
							<String ID="string_40" HPOS="792" VPOS="314" WIDTH="32" HEIGHT="19" WC="0.96" CONTENT="att"/><SP WIDTH="15" VPOS="314" HPOS="824"/>
							<String ID="string_41" HPOS="839" VPOS="311" WIDTH="54" HEIGHT="22" WC="0.96" CONTENT="ifrån"/>
						</TextLine>
						<TextLine ID="line_5" HPOS="69" VPOS="346" WIDTH="825" HEIGHT="27">
							<String ID="string_42" HPOS="69" VPOS="347" WIDTH="147" HEIGHT="26" WC="0.95" CONTENT="majoritetens"/><SP WIDTH="15" VPOS="347" HPOS="216"/>
							<String ID="string_43" HPOS="231" VPOS="347" WIDTH="46" HEIGHT="20" WC="0.96" CONTENT="sida"/><SP WIDTH="15" VPOS="347" HPOS="277"/>
							<String ID="string_44" HPOS="292" VPOS="347" WIDTH="6" HEIGHT="20" WC="0.96" CONTENT="i"/><SP WIDTH="18" VPOS="347" HPOS="298"/>
							<String ID="string_45" HPOS="316" VPOS="347" WIDTH="34" HEIGHT="20" WC="0.96" CONTENT="det"/><SP WIDTH="16" VPOS="347" HPOS="350"/>
							<String ID="string_46" HPOS="366" VPOS="346" WIDTH="68" HEIGHT="26" WC="0.96" CONTENT="stånd,"/><SP WIDTH="18" VPOS="346" HPOS="434"/>
							<String ID="string_47" HPOS="452" VPOS="353" WIDTH="45" HEIGHT="14" WC="0.96" CONTENT="som"/><SP WIDTH="10" VPOS="353" HPOS="497"/>
							<String ID="string_48" HPOS="507" VPOS="352" WIDTH="76" HEIGHT="21" WC="0.95" CONTENT="genom"/><SP WIDTH="12" VPOS="352" HPOS="583"/>
							<String ID="string_49" HPOS="595" VPOS="347" WIDTH="31" HEIGHT="20" WC="0.93" CONTENT="sin"/><SP WIDTH="10" VPOS="347" HPOS="626"/>
							<String ID="string_50" HPOS="636" VPOS="346" WIDTH="126" HEIGHT="27" WC="0.91" CONTENT="inbjudning"/><SP WIDTH="11" VPOS="346" HPOS="762"/>
							<String ID="string_51" HPOS="773" VPOS="346" WIDTH="121" HEIGHT="21" WC="0.92" CONTENT="åstadkom-"/>
						</TextLine>
						<TextLine ID="line_6" HPOS="70" VPOS="380" WIDTH="824" HEIGHT="27">
							<String ID="string_52" HPOS="70" VPOS="381" WIDTH="38" HEIGHT="20" WC="0.96" CONTENT="mit"/><SP WIDTH="21" VPOS="381" HPOS="108"/>
							<String ID="string_53" HPOS="129" VPOS="381" WIDTH="133" HEIGHT="20" WC="0.96" CONTENT="närvarande"/><SP WIDTH="21" VPOS="381" HPOS="262"/>
							<String ID="string_54" HPOS="283" VPOS="380" WIDTH="130" HEIGHT="27" WC="0.96" CONTENT="församling,"/><SP WIDTH="22" VPOS="380" HPOS="413"/>
							<String ID="string_55" HPOS="435" VPOS="381" WIDTH="47" HEIGHT="20" WC="0.96" CONTENT="icke"/><SP WIDTH="23" VPOS="381" HPOS="482"/>
							<String ID="string_56" HPOS="505" VPOS="380" WIDTH="65" HEIGHT="27" WC="0.93" CONTENT="något"/><SP WIDTH="23" VPOS="380" HPOS="570"/>
							<String ID="string_57" HPOS="593" VPOS="380" WIDTH="218" HEIGHT="27" WC="0.91" CONTENT="förmedlingsförslag"/><SP WIDTH="14" VPOS="380" HPOS="811"/>
							<String ID="string_58" HPOS="825" VPOS="380" WIDTH="69" HEIGHT="22" WC="0.96" CONTENT="blifvit"/>
						</TextLine>
						<TextLine ID="line_7" HPOS="69" VPOS="414" WIDTH="825" HEIGHT="28">
							<String ID="string_59" HPOS="69" VPOS="415" WIDTH="123" HEIGHT="21" WC="0.91" CONTENT="framstäldt"/><SP WIDTH="22" VPOS="415" HPOS="192"/>
							<String ID="string_60" HPOS="214" VPOS="415" WIDTH="33" HEIGHT="21" WC="0.96" CONTENT="för"/><SP WIDTH="25" VPOS="415" HPOS="247"/>
							<String ID="string_61" HPOS="272" VPOS="417" WIDTH="32" HEIGHT="19" WC="0.96" CONTENT="att"/><SP WIDTH="23" VPOS="417" HPOS="304"/>
							<String ID="string_62" HPOS="327" VPOS="415" WIDTH="72" HEIGHT="21" WC="0.96" CONTENT="förena"/><SP WIDTH="23" VPOS="415" HPOS="399"/>
							<String ID="string_63" HPOS="422" VPOS="415" WIDTH="26" HEIGHT="21" WC="0.96" CONTENT="de"/><SP WIDTH="23" VPOS="415" HPOS="448"/>
							<String ID="string_64" HPOS="471" VPOS="415" WIDTH="88" HEIGHT="27" WC="0.93" CONTENT="spridda"/><SP WIDTH="22" VPOS="415" HPOS="559"/>
							<String ID="string_65" HPOS="581" VPOS="414" WIDTH="113" HEIGHT="28" WC="0.89" CONTENT="åsigterna."/><SP WIDTH="31" VPOS="414" HPOS="694"/>
							<String ID="string_66" HPOS="725" VPOS="415" WIDTH="112" HEIGHT="27" WC="0.95" CONTENT="Förslaget"/><SP WIDTH="22" VPOS="415" HPOS="837"/>
							<String ID="string_67" HPOS="859" VPOS="421" WIDTH="35" HEIGHT="15" WC="0.96" CONTENT="om"/>
						</TextLine>
						<TextLine ID="line_8" HPOS="68" VPOS="449" WIDTH="824" HEIGHT="27">
							<String ID="string_68" HPOS="68" VPOS="456" WIDTH="120" HEIGHT="20" WC="0.93" CONTENT="gemensam"/><SP WIDTH="25" VPOS="456" HPOS="188"/>
							<String ID="string_69" HPOS="213" VPOS="449" WIDTH="158" HEIGHT="27" WC="0.90" CONTENT="öfverläggning"/><SP WIDTH="22" VPOS="449" HPOS="371"/>
							<String ID="string_70" HPOS="393" VPOS="450" WIDTH="7" HEIGHT="20" WC="0.96" CONTENT="i"/><SP WIDTH="25" VPOS="450" HPOS="400"/>
							<String ID="string_71" HPOS="425" VPOS="450" WIDTH="70" HEIGHT="20" WC="0.92" CONTENT="denna"/><SP WIDTH="22" VPOS="450" HPOS="495"/>
							<String ID="string_72" HPOS="517" VPOS="450" WIDTH="80" HEIGHT="26" WC="0.92" CONTENT="vigtiga"/><SP WIDTH="22" VPOS="450" HPOS="597"/>
							<String ID="string_73" HPOS="619" VPOS="449" WIDTH="62" HEIGHT="27" WC="0.96" CONTENT="fråga"/><SP WIDTH="21" VPOS="449" HPOS="681"/>
							<String ID="string_74" HPOS="702" VPOS="449" WIDTH="43" HEIGHT="21" WC="0.94" CONTENT="har"/><SP WIDTH="21" VPOS="449" HPOS="745"/>
							<String ID="string_75" HPOS="766" VPOS="450" WIDTH="64" HEIGHT="20" WC="0.94" CONTENT="likväl"/><SP WIDTH="16" VPOS="450" HPOS="830"/>
							<String ID="string_76" HPOS="846" VPOS="450" WIDTH="46" HEIGHT="20" WC="0.96" CONTENT="icke"/>
						</TextLine>
						<TextLine ID="line_9" HPOS="72" VPOS="483" WIDTH="822" HEIGHT="27">
							<String ID="string_77" HPOS="72" VPOS="484" WIDTH="57" HEIGHT="20" WC="0.96" CONTENT="skett"/><SP WIDTH="21" VPOS="484" HPOS="129"/>
							<String ID="string_78" HPOS="150" VPOS="490" WIDTH="27" HEIGHT="14" WC="0.96" CONTENT="ur"/><SP WIDTH="22" VPOS="490" HPOS="177"/>
							<String ID="string_79" HPOS="199" VPOS="484" WIDTH="135" HEIGHT="26" WC="0.96" CONTENT="synpunkten"/><SP WIDTH="22" VPOS="484" HPOS="334"/>
							<String ID="string_80" HPOS="356" VPOS="483" WIDTH="24" HEIGHT="21" WC="0.96" CONTENT="af"/><SP WIDTH="21" VPOS="483" HPOS="380"/>
							<String ID="string_81" HPOS="401" VPOS="485" WIDTH="33" HEIGHT="19" WC="0.96" CONTENT="att"/><SP WIDTH="23" VPOS="485" HPOS="434"/>
							<String ID="string_82" HPOS="457" VPOS="484" WIDTH="41" HEIGHT="20" WC="0.96" CONTENT="den"/><SP WIDTH="23" VPOS="484" HPOS="498"/>
							<String ID="string_83" HPOS="521" VPOS="490" WIDTH="41" HEIGHT="14" WC="0.96" CONTENT="ena"/><SP WIDTH="15" VPOS="490" HPOS="562"/>
							<String ID="string_84" HPOS="577" VPOS="484" WIDTH="52" HEIGHT="20" WC="0.96" CONTENT="eller"/><SP WIDTH="15" VPOS="484" HPOS="629"/>
							<String ID="string_85" HPOS="644" VPOS="484" WIDTH="67" HEIGHT="20" WC="0.96" CONTENT="andra"/><SP WIDTH="14" VPOS="484" HPOS="711"/>
							<String ID="string_86" HPOS="725" VPOS="484" WIDTH="70" HEIGHT="20" WC="0.96" CONTENT="skulle"/><SP WIDTH="14" VPOS="484" HPOS="795"/>
							<String ID="string_87" HPOS="809" VPOS="483" WIDTH="28" HEIGHT="27" WC="0.93" CONTENT="på"/><SP WIDTH="14" VPOS="483" HPOS="837"/>
							<String ID="string_88" HPOS="851" VPOS="483" WIDTH="43" HEIGHT="21" WC="0.92" CONTENT="för-"/>
						</TextLine>
						<TextLine ID="line_10" HPOS="74" VPOS="517" WIDTH="820" HEIGHT="28">
							<String ID="string_89" HPOS="74" VPOS="518" WIDTH="54" HEIGHT="21" WC="0.93" CONTENT="hand"/><SP WIDTH="24" VPOS="518" HPOS="128"/>
							<String ID="string_90" HPOS="152" VPOS="518" WIDTH="82" HEIGHT="27" WC="0.92" CONTENT="nödgas"/><SP WIDTH="23" VPOS="518" HPOS="234"/>
							<String ID="string_91" HPOS="257" VPOS="518" WIDTH="56" HEIGHT="21" WC="0.92" CONTENT="afstå"/><SP WIDTH="17" VPOS="518" HPOS="313"/>
							<String ID="string_92" HPOS="330" VPOS="517" WIDTH="48" HEIGHT="22" WC="0.95" CONTENT="från"/><SP WIDTH="17" VPOS="517" HPOS="378"/>
							<String ID="string_93" HPOS="395" VPOS="518" WIDTH="39" HEIGHT="21" WC="0.93" CONTENT="den"/><SP WIDTH="18" VPOS="518" HPOS="434"/>
							<String ID="string_94" HPOS="452" VPOS="518" WIDTH="140" HEIGHT="27" WC="0.92" CONTENT="öfvertygelse"/><SP WIDTH="16" VPOS="518" HPOS="592"/>
							<String ID="string_95" HPOS="608" VPOS="518" WIDTH="41" HEIGHT="21" WC="0.96" CONTENT="han"/><SP WIDTH="15" VPOS="518" HPOS="649"/>
							<String ID="string_96" HPOS="664" VPOS="518" WIDTH="6" HEIGHT="21" WC="0.96" CONTENT="i"/><SP WIDTH="16" VPOS="518" HPOS="670"/>
							<String ID="string_97" HPOS="686" VPOS="517" WIDTH="76" HEIGHT="28" WC="0.96" CONTENT="frågan"/><SP WIDTH="14" VPOS="517" HPOS="762"/>
							<String ID="string_98" HPOS="776" VPOS="518" WIDTH="55" HEIGHT="27" WC="0.96" CONTENT="hyst."/><SP WIDTH="25" VPOS="518" HPOS="831"/>
							<String ID="string_99" HPOS="856" VPOS="519" WIDTH="38" HEIGHT="20" WC="0.96" CONTENT="Att"/>
						</TextLine>
						<TextLine ID="line_11" HPOS="74" VPOS="551" WIDTH="820" HEIGHT="28">
							<String ID="string_100" HPOS="74" VPOS="551" WIDTH="90" HEIGHT="22" WC="0.92" CONTENT="sålunda"/><SP WIDTH="15" VPOS="551" HPOS="164"/>
							<String ID="string_101" HPOS="179" VPOS="552" WIDTH="84" HEIGHT="26" WC="0.91" CONTENT="enhvar,"/><SP WIDTH="18" VPOS="552" HPOS="263"/>
							<String ID="string_102" HPOS="281" VPOS="558" WIDTH="43" HEIGHT="15" WC="0.92" CONTENT="som"/><SP WIDTH="16" VPOS="558" HPOS="324"/>
							<String ID="string_103" HPOS="340" VPOS="552" WIDTH="93" HEIGHT="27" WC="0.91" CONTENT="djerfves"/><SP WIDTH="9" VPOS="552" HPOS="433"/>
							<String ID="string_104" HPOS="442" VPOS="554" WIDTH="53" HEIGHT="25" WC="0.96" CONTENT="göra"/><SP WIDTH="12" VPOS="554" HPOS="495"/>
							<String ID="string_105" HPOS="507" VPOS="554" WIDTH="30" HEIGHT="19" WC="0.96" CONTENT="ett"/><SP WIDTH="11" VPOS="554" HPOS="537"/>
							<String ID="string_106" HPOS="548" VPOS="552" WIDTH="81" HEIGHT="27" WC="0.96" CONTENT="förslag"/><SP WIDTH="9" VPOS="552" HPOS="629"/>
							<String ID="string_107" HPOS="638" VPOS="552" WIDTH="33" HEIGHT="21" WC="0.93" CONTENT="till"/><SP WIDTH="10" VPOS="552" HPOS="671"/>
							<String ID="string_108" HPOS="681" VPOS="551" WIDTH="146" HEIGHT="27" WC="0.92" CONTENT="medstånden,"/><SP WIDTH="12" VPOS="551" HPOS="827"/>
							<String ID="string_109" HPOS="839" VPOS="554" WIDTH="32" HEIGHT="19" WC="0.93" CONTENT="att"/><SP WIDTH="11" VPOS="554" HPOS="871"/>
							<String ID="string_110" HPOS="882" VPOS="552" WIDTH="12" HEIGHT="22" WC="0.93" CONTENT="å"/>
						</TextLine>
						<TextLine ID="line_12" HPOS="71" VPOS="586" WIDTH="824" HEIGHT="27">
							<String ID="string_111" HPOS="71" VPOS="588" WIDTH="132" HEIGHT="25" WC="0.96" CONTENT="gemensamt"/><SP WIDTH="7" VPOS="588" HPOS="203"/>
							<String ID="string_112" HPOS="210" VPOS="593" WIDTH="48" HEIGHT="15" WC="0.93" CONTENT="rum"/><SP WIDTH="7" VPOS="593" HPOS="258"/>
							<String ID="string_113" HPOS="265" VPOS="587" WIDTH="125" HEIGHT="26" WC="0.90" CONTENT="öfverlägga"/><SP WIDTH="8" VPOS="587" HPOS="390"/>
							<String ID="string_114" HPOS="398" VPOS="593" WIDTH="32" HEIGHT="15" WC="0.97" CONTENT="om"/><SP WIDTH="11" VPOS="593" HPOS="430"/>
							<String ID="string_115" HPOS="441" VPOS="588" WIDTH="32" HEIGHT="20" WC="0.96" CONTENT="ett"/><SP WIDTH="11" VPOS="588" HPOS="473"/>
							<String ID="string_116" HPOS="484" VPOS="587" WIDTH="84" HEIGHT="25" WC="0.96" CONTENT="ärende,"/><SP WIDTH="12" VPOS="587" HPOS="568"/>
							<String ID="string_117" HPOS="580" VPOS="586" WIDTH="65" HEIGHT="22" WC="0.96" CONTENT="också"/><SP WIDTH="10" VPOS="586" HPOS="645"/>
							<String ID="string_118" HPOS="655" VPOS="587" WIDTH="6" HEIGHT="20" WC="0.96" CONTENT="i"/><SP WIDTH="13" VPOS="587" HPOS="661"/>
							<String ID="string_119" HPOS="674" VPOS="587" WIDTH="38" HEIGHT="21" WC="0.96" CONTENT="och"/><SP WIDTH="8" VPOS="587" HPOS="712"/>
							<String ID="string_120" HPOS="720" VPOS="587" WIDTH="48" HEIGHT="21" WC="0.96" CONTENT="med"/><SP WIDTH="9" VPOS="587" HPOS="768"/>
							<String ID="string_121" HPOS="777" VPOS="587" WIDTH="118" HEIGHT="21" WC="0.96" CONTENT="detsamma"/>
						</TextLine>
						<TextLine ID="line_13" HPOS="71" VPOS="620" WIDTH="823" HEIGHT="27">
							<String ID="string_122" HPOS="71" VPOS="627" WIDTH="50" HEIGHT="15" WC="0.96" CONTENT="vore"/><SP WIDTH="21" VPOS="627" HPOS="121"/>
							<String ID="string_123" HPOS="142" VPOS="621" WIDTH="121" HEIGHT="21" WC="0.96" CONTENT="förbunden"/><SP WIDTH="22" VPOS="621" HPOS="263"/>
							<String ID="string_124" HPOS="285" VPOS="622" WIDTH="32" HEIGHT="20" WC="0.96" CONTENT="att"/><SP WIDTH="19" VPOS="622" HPOS="317"/>
							<String ID="string_125" HPOS="336" VPOS="621" WIDTH="103" HEIGHT="21" WC="0.96" CONTENT="reducera"/><SP WIDTH="16" VPOS="621" HPOS="439"/>
							<String ID="string_126" HPOS="455" VPOS="621" WIDTH="32" HEIGHT="21" WC="0.96" CONTENT="sin"/><SP WIDTH="16" VPOS="621" HPOS="487"/>
							<String ID="string_127" HPOS="503" VPOS="627" WIDTH="52" HEIGHT="20" WC="0.96" CONTENT="egen"/><SP WIDTH="15" VPOS="627" HPOS="555"/>
							<String ID="string_128" HPOS="570" VPOS="621" WIDTH="137" HEIGHT="26" WC="0.96" CONTENT="uppfattning"/><SP WIDTH="15" VPOS="621" HPOS="707"/>
							<String ID="string_129" HPOS="722" VPOS="621" WIDTH="40" HEIGHT="21" WC="0.96" CONTENT="och"/><SP WIDTH="14" VPOS="621" HPOS="762"/>
							<String ID="string_130" HPOS="776" VPOS="622" WIDTH="53" HEIGHT="25" WC="0.93" CONTENT="göra"/><SP WIDTH="14" VPOS="622" HPOS="829"/>
							<String ID="string_131" HPOS="843" VPOS="620" WIDTH="51" HEIGHT="21" WC="0.92" CONTENT="nöd-"/>
						</TextLine>
						<TextLine ID="line_14" HPOS="71" VPOS="655" WIDTH="822" HEIGHT="27">
							<String ID="string_132" HPOS="71" VPOS="656" WIDTH="91" HEIGHT="26" WC="0.93" CONTENT="vändiga"/><SP WIDTH="16" VPOS="656" HPOS="162"/>
							<String ID="string_133" HPOS="178" VPOS="655" WIDTH="119" HEIGHT="27" WC="0.96" CONTENT="eftergifter"/><SP WIDTH="15" VPOS="655" HPOS="297"/>
							<String ID="string_134" HPOS="312" VPOS="655" WIDTH="34" HEIGHT="21" WC="0.96" CONTENT="för"/><SP WIDTH="15" VPOS="655" HPOS="346"/>
							<String ID="string_135" HPOS="361" VPOS="655" WIDTH="68" HEIGHT="21" WC="0.96" CONTENT="andra"/><SP WIDTH="14" VPOS="655" HPOS="429"/>
							<String ID="string_136" HPOS="443" VPOS="655" WIDTH="82" HEIGHT="27" WC="0.96" CONTENT="förslag"/><SP WIDTH="14" VPOS="655" HPOS="525"/>
							<String ID="string_137" HPOS="539" VPOS="655" WIDTH="43" HEIGHT="21" WC="0.96" CONTENT="kan"/><SP WIDTH="15" VPOS="655" HPOS="582"/>
							<String ID="string_138" HPOS="597" VPOS="655" WIDTH="34" HEIGHT="21" WC="0.96" CONTENT="väl"/><SP WIDTH="16" VPOS="655" HPOS="631"/>
							<String ID="string_139" HPOS="647" VPOS="655" WIDTH="19" HEIGHT="27" WC="0.9" CONTENT="ej"/><SP WIDTH="9" VPOS="655" HPOS="666"/>
							<String ID="string_140" HPOS="675" VPOS="655" WIDTH="114" HEIGHT="27" WC="0.9" CONTENT="rimligtvis"/><SP WIDTH="9" VPOS="655" HPOS="789"/>
							<String ID="string_141" HPOS="798" VPOS="655" WIDTH="95" HEIGHT="27" WC="0.96" CONTENT="begäras."/>
						</TextLine>
						<TextLine ID="line_15" HPOS="72" VPOS="689" WIDTH="822" HEIGHT="27">
							<String ID="string_142" HPOS="72" VPOS="689" WIDTH="154" HEIGHT="27" WC="0.91" CONTENT="Inbjudningen"/><SP WIDTH="22" VPOS="689" HPOS="226"/>
							<String ID="string_143" HPOS="248" VPOS="689" WIDTH="136" HEIGHT="21" WC="0.92" CONTENT="framstäldes"/><SP WIDTH="20" VPOS="689" HPOS="384"/>
							<String ID="string_144" HPOS="404" VPOS="690" WIDTH="142" HEIGHT="26" WC="0.96" CONTENT="uttryckligen"/><SP WIDTH="15" VPOS="690" HPOS="546"/>
							<String ID="string_145" HPOS="561" VPOS="690" WIDTH="7" HEIGHT="20" WC="0.96" CONTENT="i"/><SP WIDTH="17" VPOS="690" HPOS="568"/>
							<String ID="string_146" HPOS="585" VPOS="690" WIDTH="40" HEIGHT="20" WC="0.91" CONTENT="den"/><SP WIDTH="16" VPOS="690" HPOS="625"/>
							<String ID="string_147" HPOS="641" VPOS="689" WIDTH="69" HEIGHT="27" WC="0.90" CONTENT="afsigt,"/><SP WIDTH="17" VPOS="689" HPOS="710"/>
							<String ID="string_148" HPOS="727" VPOS="691" WIDTH="32" HEIGHT="19" WC="0.96" CONTENT="att"/><SP WIDTH="15" VPOS="691" HPOS="759"/>
							<String ID="string_149" HPOS="774" VPOS="690" WIDTH="25" HEIGHT="20" WC="0.93" CONTENT="de"/><SP WIDTH="15" VPOS="690" HPOS="799"/>
							<String ID="string_150" HPOS="814" VPOS="696" WIDTH="80" HEIGHT="20" WC="0.93" CONTENT="uppen-"/>
						</TextLine>
						<TextLine ID="line_16" HPOS="72" VPOS="723" WIDTH="822" HEIGHT="27">
							<String ID="string_151" HPOS="72" VPOS="724" WIDTH="58" HEIGHT="26" WC="0.96" CONTENT="bara,"/><SP WIDTH="24" VPOS="724" HPOS="130"/>
							<String ID="string_152" HPOS="154" VPOS="724" WIDTH="55" HEIGHT="21" WC="0.96" CONTENT="inom"/><SP WIDTH="25" VPOS="724" HPOS="209"/>
							<String ID="string_153" HPOS="234" VPOS="724" WIDTH="25" HEIGHT="21" WC="0.95" CONTENT="de"/><SP WIDTH="19" VPOS="724" HPOS="259"/>
							<String ID="string_154" HPOS="278" VPOS="724" WIDTH="56" HEIGHT="21" WC="0.96" CONTENT="olika"/><SP WIDTH="16" VPOS="724" HPOS="334"/>
							<String ID="string_155" HPOS="350" VPOS="723" WIDTH="90" HEIGHT="22" WC="0.96" CONTENT="stånden"/><SP WIDTH="14" VPOS="723" HPOS="440"/>
							<String ID="string_156" HPOS="454" VPOS="724" WIDTH="161" HEIGHT="21" WC="0.95" CONTENT="framträdande"/><SP WIDTH="16" VPOS="724" HPOS="615"/>
							<String ID="string_157" HPOS="631" VPOS="724" WIDTH="58" HEIGHT="21" WC="0.93" CONTENT="olika"/><SP WIDTH="14" VPOS="724" HPOS="689"/>
							<String ID="string_158" HPOS="703" VPOS="723" WIDTH="109" HEIGHT="27" WC="0.92" CONTENT="åsigterna"/><SP WIDTH="14" VPOS="723" HPOS="812"/>
							<String ID="string_159" HPOS="826" VPOS="724" WIDTH="68" HEIGHT="21" WC="0.96" CONTENT="skulle"/>
						</TextLine>
						<TextLine ID="line_17" HPOS="71" VPOS="757" WIDTH="824" HEIGHT="28">
							<String ID="string_160" HPOS="71" VPOS="758" WIDTH="23" HEIGHT="22" WC="0.96" CONTENT="få"/><SP WIDTH="17" VPOS="758" HPOS="94"/>
							<String ID="string_161" HPOS="111" VPOS="758" WIDTH="87" HEIGHT="21" WC="0.96" CONTENT="tillfälle"/><SP WIDTH="14" VPOS="758" HPOS="198"/>
							<String ID="string_162" HPOS="212" VPOS="760" WIDTH="32" HEIGHT="19" WC="0.96" CONTENT="att"/><SP WIDTH="16" VPOS="760" HPOS="244"/>
							<String ID="string_163" HPOS="260" VPOS="758" WIDTH="63" HEIGHT="27" WC="0.96" CONTENT="bryta"/><SP WIDTH="15" VPOS="758" HPOS="323"/>
							<String ID="string_164" HPOS="338" VPOS="758" WIDTH="32" HEIGHT="27" WC="0.96" CONTENT="sig"/><SP WIDTH="16" VPOS="758" HPOS="370"/>
							<String ID="string_165" HPOS="386" VPOS="760" WIDTH="43" HEIGHT="19" WC="0.96" CONTENT="mot"/><SP WIDTH="15" VPOS="760" HPOS="429"/>
							<String ID="string_166" HPOS="444" VPOS="758" WIDTH="127" HEIGHT="21" WC="0.96" CONTENT="hvarandra."/><SP WIDTH="31" VPOS="758" HPOS="571"/>
							<String ID="string_167" HPOS="602" VPOS="757" WIDTH="39" HEIGHT="21" WC="0.92" CONTENT="Om"/><SP WIDTH="16" VPOS="757" HPOS="641"/>
							<String ID="string_168" HPOS="657" VPOS="758" WIDTH="65" HEIGHT="20" WC="0.92" CONTENT="derur"/><SP WIDTH="14" VPOS="758" HPOS="722"/>
							<String ID="string_169" HPOS="736" VPOS="757" WIDTH="117" HEIGHT="27" WC="0.91" CONTENT="framginge"/><SP WIDTH="16" VPOS="757" HPOS="853"/>
							<String ID="string_170" HPOS="869" VPOS="764" WIDTH="26" HEIGHT="14" WC="0.96" CONTENT="en"/>
						</TextLine>
						<TextLine ID="line_18" HPOS="70" VPOS="792" WIDTH="824" HEIGHT="27">
							<String ID="string_171" HPOS="70" VPOS="792" WIDTH="135" HEIGHT="27" WC="0.96" CONTENT="förmedling,"/><SP WIDTH="22" VPOS="792" HPOS="205"/>
							<String ID="string_172" HPOS="227" VPOS="792" WIDTH="26" HEIGHT="21" WC="0.96" CONTENT="då"/><SP WIDTH="23" VPOS="792" HPOS="253"/>
							<String ID="string_173" HPOS="276" VPOS="798" WIDTH="50" HEIGHT="15" WC="0.96" CONTENT="vore"/><SP WIDTH="16" VPOS="798" HPOS="326"/>
							<String ID="string_174" HPOS="342" VPOS="792" WIDTH="37" HEIGHT="21" WC="0.96" CONTENT="det"/><SP WIDTH="14" VPOS="792" HPOS="379"/>
							<String ID="string_175" HPOS="393" VPOS="792" WIDTH="34" HEIGHT="21" WC="0.96" CONTENT="för"/><SP WIDTH="15" VPOS="792" HPOS="427"/>
							<String ID="string_176" HPOS="442" VPOS="792" WIDTH="66" HEIGHT="21" WC="0.96" CONTENT="saken"/><SP WIDTH="16" VPOS="792" HPOS="508"/>
							<String ID="string_177" HPOS="524" VPOS="792" WIDTH="50" HEIGHT="27" WC="0.96" CONTENT="godt"/><SP WIDTH="18" VPOS="792" HPOS="574"/>
							<String ID="string_178" HPOS="592" VPOS="792" WIDTH="38" HEIGHT="21" WC="0.96" CONTENT="och"/><SP WIDTH="15" VPOS="792" HPOS="630"/>
							<String ID="string_179" HPOS="645" VPOS="792" WIDTH="40" HEIGHT="21" WC="0.94" CONTENT="väl."/><SP WIDTH="32" VPOS="792" HPOS="685"/>
							<String ID="string_180" HPOS="717" VPOS="792" WIDTH="39" HEIGHT="21" WC="0.96" CONTENT="Om"/><SP WIDTH="16" VPOS="792" HPOS="756"/>
							<String ID="string_181" HPOS="772" VPOS="792" WIDTH="46" HEIGHT="21" WC="0.96" CONTENT="åter"/><SP WIDTH="14" VPOS="792" HPOS="818"/>
							<String ID="string_182" HPOS="832" VPOS="792" WIDTH="62" HEIGHT="27" WC="0.96" CONTENT="ingen"/>
						</TextLine>
						<TextLine ID="line_19" HPOS="72" VPOS="826" WIDTH="822" HEIGHT="27">
							<String ID="string_183" HPOS="72" VPOS="826" WIDTH="68" HEIGHT="21" WC="0.96" CONTENT="sådan"/><SP WIDTH="21" VPOS="826" HPOS="140"/>
							<String ID="string_184" HPOS="161" VPOS="827" WIDTH="43" HEIGHT="20" WC="0.96" CONTENT="kan"/><SP WIDTH="22" VPOS="827" HPOS="204"/>
							<String ID="string_185" HPOS="226" VPOS="826" WIDTH="165" HEIGHT="26" WC="0.94" CONTENT="åstadkommas,"/><SP WIDTH="22" VPOS="826" HPOS="391"/>
							<String ID="string_186" HPOS="413" VPOS="827" WIDTH="43" HEIGHT="20" WC="0.96" CONTENT="kan"/><SP WIDTH="21" VPOS="827" HPOS="456"/>
							<String ID="string_187" HPOS="477" VPOS="827" WIDTH="89" HEIGHT="20" WC="0.96" CONTENT="skulden"/><SP WIDTH="14" VPOS="827" HPOS="566"/>
							<String ID="string_188" HPOS="580" VPOS="827" WIDTH="35" HEIGHT="20" WC="0.96" CONTENT="väl"/><SP WIDTH="14" VPOS="827" HPOS="615"/>
							<String ID="string_189" HPOS="629" VPOS="827" WIDTH="48" HEIGHT="20" WC="0.95" CONTENT="icke"/><SP WIDTH="15" VPOS="827" HPOS="677"/>
							<String ID="string_190" HPOS="692" VPOS="827" WIDTH="92" HEIGHT="26" WC="0.93" CONTENT="ensidigt"/><SP WIDTH="14" VPOS="827" HPOS="784"/>
							<String ID="string_191" HPOS="798" VPOS="826" WIDTH="96" HEIGHT="21" WC="0.91" CONTENT="hvälfvas"/>
						</TextLine>
						<TextLine ID="line_20" HPOS="72" VPOS="861" WIDTH="821" HEIGHT="27">
							<String ID="string_192" HPOS="72" VPOS="861" WIDTH="27" HEIGHT="27" WC="0.96" CONTENT="på"/><SP WIDTH="15" VPOS="861" HPOS="99"/>
							<String ID="string_193" HPOS="114" VPOS="861" WIDTH="26" HEIGHT="21" WC="0.96" CONTENT="de"/><SP WIDTH="16" VPOS="861" HPOS="140"/>
							<String ID="string_194" HPOS="156" VPOS="863" WIDTH="179" HEIGHT="25" WC="0.96" CONTENT="representanter,"/><SP WIDTH="17" VPOS="863" HPOS="335"/>
							<String ID="string_195" HPOS="352" VPOS="861" WIDTH="70" HEIGHT="21" WC="0.96" CONTENT="hvilka"/><SP WIDTH="16" VPOS="861" HPOS="422"/>
							<String ID="string_196" HPOS="438" VPOS="861" WIDTH="53" HEIGHT="27" WC="0.96" CONTENT="hysa"/><SP WIDTH="16" VPOS="861" HPOS="491"/>
							<String ID="string_197" HPOS="507" VPOS="867" WIDTH="25" HEIGHT="15" WC="0.96" CONTENT="en"/><SP WIDTH="16" VPOS="867" HPOS="532"/>
							<String ID="string_198" HPOS="548" VPOS="867" WIDTH="44" HEIGHT="15" WC="0.95" CONTENT="mer"/><SP WIDTH="16" VPOS="867" HPOS="592"/>
							<String ID="string_199" HPOS="608" VPOS="861" WIDTH="102" HEIGHT="21" WC="0.92" CONTENT="frisinnad"/><SP WIDTH="17" VPOS="861" HPOS="710"/>
							<String ID="string_200" HPOS="727" VPOS="861" WIDTH="61" HEIGHT="27" WC="0.92" CONTENT="åsigt,"/><SP WIDTH="16" VPOS="861" HPOS="788"/>
							<String ID="string_201" HPOS="804" VPOS="863" WIDTH="27" HEIGHT="19" WC="0.96" CONTENT="än"/><SP WIDTH="15" VPOS="863" HPOS="831"/>
							<String ID="string_202" HPOS="846" VPOS="861" WIDTH="47" HEIGHT="26" WC="0.96" CONTENT="den,"/>
						</TextLine>
						<TextLine ID="line_21" HPOS="72" VPOS="894" WIDTH="823" HEIGHT="28">
							<String ID="string_203" HPOS="72" VPOS="895" WIDTH="86" HEIGHT="21" WC="0.96" CONTENT="hvilken"/><SP WIDTH="22" VPOS="895" HPOS="158"/>
							<String ID="string_204" HPOS="180" VPOS="894" WIDTH="38" HEIGHT="28" WC="0.95" CONTENT="går"/><SP WIDTH="22" VPOS="894" HPOS="218"/>
							<String ID="string_205" HPOS="240" VPOS="895" WIDTH="90" HEIGHT="21" WC="0.95" CONTENT="tillbaka"/><SP WIDTH="23" VPOS="895" HPOS="330"/>
							<String ID="string_206" HPOS="353" VPOS="897" WIDTH="43" HEIGHT="19" WC="0.95" CONTENT="mot"/><SP WIDTH="23" VPOS="897" HPOS="396"/>
							<String ID="string_207" HPOS="419" VPOS="895" WIDTH="73" HEIGHT="21" WC="0.93" CONTENT="alltför"/><SP WIDTH="13" VPOS="895" HPOS="492"/>
							<String ID="string_208" HPOS="505" VPOS="895" WIDTH="158" HEIGHT="21" WC="0.91" CONTENT="inskränkande"/><SP WIDTH="16" VPOS="895" HPOS="663"/>
							<String ID="string_209" HPOS="679" VPOS="895" WIDTH="50" HEIGHT="21" WC="0.95" CONTENT="håll."/><SP WIDTH="31" VPOS="895" HPOS="729"/>
							<String ID="string_210" HPOS="760" VPOS="895" WIDTH="72" HEIGHT="21" WC="0.80" CONTENT="Skulle"/><SP WIDTH="16" VPOS="895" HPOS="832"/>
							<String ID="string_211" HPOS="848" VPOS="895" WIDTH="47" HEIGHT="21" WC="0.96" CONTENT="åter"/>
						</TextLine>
						<TextLine ID="line_22" HPOS="72" VPOS="929" WIDTH="822" HEIGHT="27">
							<String ID="string_212" HPOS="72" VPOS="931" WIDTH="32" HEIGHT="19" WC="0.93" CONTENT="ett"/><SP WIDTH="14" VPOS="931" HPOS="104"/>
							<String ID="string_213" HPOS="118" VPOS="929" WIDTH="218" HEIGHT="27" WC="0.92" CONTENT="förmedlingsförslag"/><SP WIDTH="14" VPOS="929" HPOS="336"/>
							<String ID="string_214" HPOS="350" VPOS="929" WIDTH="106" HEIGHT="27" WC="0.96" CONTENT="uppstått,"/><SP WIDTH="16" VPOS="929" HPOS="456"/>
							<String ID="string_215" HPOS="472" VPOS="935" WIDTH="45" HEIGHT="15" WC="0.96" CONTENT="som"/><SP WIDTH="13" VPOS="935" HPOS="517"/>
							<String ID="string_216" HPOS="530" VPOS="929" WIDTH="6" HEIGHT="21" WC="0.96" CONTENT="i"/><SP WIDTH="16" VPOS="929" HPOS="536"/>
							<String ID="string_217" HPOS="552" VPOS="929" WIDTH="31" HEIGHT="27" WC="0.96" CONTENT="sig"/><SP WIDTH="15" VPOS="929" HPOS="583"/>
							<String ID="string_218" HPOS="598" VPOS="929" WIDTH="56" HEIGHT="21" WC="0.96" CONTENT="hade"/><SP WIDTH="14" VPOS="929" HPOS="654"/>
							<String ID="string_219" HPOS="668" VPOS="929" WIDTH="108" HEIGHT="21" WC="0.96" CONTENT="inneburit"/><SP WIDTH="15" VPOS="929" HPOS="776"/>
							<String ID="string_220" HPOS="791" VPOS="931" WIDTH="32" HEIGHT="19" WC="0.93" CONTENT="ett"/><SP WIDTH="9" VPOS="931" HPOS="823"/>
							<String ID="string_221" HPOS="832" VPOS="929" WIDTH="62" HEIGHT="21" WC="0.90" CONTENT="verk-"/>
						</TextLine>
						<TextLine ID="line_23" HPOS="72" VPOS="963" WIDTH="821" HEIGHT="28">
							<String ID="string_222" HPOS="72" VPOS="964" WIDTH="38" HEIGHT="27" WC="0.96" CONTENT="ligt"/><SP WIDTH="15" VPOS="964" HPOS="110"/>
							<String ID="string_223" HPOS="125" VPOS="964" WIDTH="108" HEIGHT="27" WC="0.96" CONTENT="framsteg,"/><SP WIDTH="17" VPOS="964" HPOS="233"/>
							<String ID="string_224" HPOS="250" VPOS="966" WIDTH="30" HEIGHT="19" WC="0.96" CONTENT="ett"/><SP WIDTH="15" VPOS="966" HPOS="280"/>
							<String ID="string_225" HPOS="295" VPOS="964" WIDTH="103" HEIGHT="27" WC="0.93" CONTENT="framsteg"/><SP WIDTH="15" VPOS="964" HPOS="398"/>
							<String ID="string_226" HPOS="413" VPOS="966" WIDTH="15" HEIGHT="19" WC="0.93" CONTENT="t."/><SP WIDTH="17" VPOS="966" HPOS="428"/>
							<String ID="string_227" HPOS="445" VPOS="970" WIDTH="31" HEIGHT="15" WC="0.96" CONTENT="ex."/><SP WIDTH="17" VPOS="970" HPOS="476"/>
							<String ID="string_228" HPOS="493" VPOS="963" WIDTH="77" HEIGHT="22" WC="0.96" CONTENT="sådant"/><SP WIDTH="15" VPOS="963" HPOS="570"/>
							<String ID="string_229" HPOS="585" VPOS="970" WIDTH="44" HEIGHT="15" WC="0.97" CONTENT="som"/><SP WIDTH="14" VPOS="970" HPOS="629"/>
							<String ID="string_230" HPOS="643" VPOS="964" WIDTH="37" HEIGHT="27" WC="0.96" CONTENT="jag"/><SP WIDTH="9" VPOS="964" HPOS="680"/>
							<String ID="string_231" HPOS="689" VPOS="964" WIDTH="77" HEIGHT="21" WC="0.96" CONTENT="nämde"/><SP WIDTH="11" VPOS="964" HPOS="766"/>
							<String ID="string_232" HPOS="777" VPOS="964" WIDTH="6" HEIGHT="21" WC="0.96" CONTENT="i"/><SP WIDTH="12" VPOS="964" HPOS="783"/>
							<String ID="string_233" HPOS="795" VPOS="964" WIDTH="98" HEIGHT="21" WC="0.95" CONTENT="afseende"/>
						</TextLine>
						<TextLine ID="line_24" HPOS="72" VPOS="998" WIDTH="821" HEIGHT="27">
							<String ID="string_234" HPOS="72" VPOS="998" WIDTH="13" HEIGHT="21" WC="0.90" CONTENT="å"/><SP WIDTH="22" VPOS="998" HPOS="85"/>
							<String ID="string_235" HPOS="107" VPOS="998" WIDTH="73" HEIGHT="21" WC="0.93" CONTENT="H:fors"/><SP WIDTH="20" VPOS="998" HPOS="180"/>
							<String ID="string_236" HPOS="200" VPOS="999" WIDTH="54" HEIGHT="25" WC="0.96" CONTENT="stad,"/><SP WIDTH="16" VPOS="999" HPOS="254"/>
							<String ID="string_237" HPOS="270" VPOS="1000" WIDTH="32" HEIGHT="19" WC="0.96" CONTENT="att"/><SP WIDTH="14" VPOS="1000" HPOS="302"/>
							<String ID="string_238" HPOS="316" VPOS="999" WIDTH="115" HEIGHT="20" WC="0.96" CONTENT="maximum"/><SP WIDTH="16" VPOS="999" HPOS="431"/>
							<String ID="string_239" HPOS="447" VPOS="998" WIDTH="23" HEIGHT="21" WC="0.96" CONTENT="af"/><SP WIDTH="13" VPOS="998" HPOS="470"/>
							<String ID="string_240" HPOS="483" VPOS="999" WIDTH="114" HEIGHT="20" WC="0.96" CONTENT="röstetalet"/><SP WIDTH="15" VPOS="999" HPOS="597"/>
							<String ID="string_241" HPOS="612" VPOS="998" WIDTH="42" HEIGHT="21" WC="0.93" CONTENT="blir"/><SP WIDTH="13" VPOS="998" HPOS="654"/>
							<String ID="string_242" HPOS="667" VPOS="998" WIDTH="130" HEIGHT="27" WC="0.91" CONTENT="begränsadt"/><SP WIDTH="15" VPOS="998" HPOS="797"/>
							<String ID="string_243" HPOS="812" VPOS="999" WIDTH="32" HEIGHT="20" WC="0.96" CONTENT="till"/><SP WIDTH="18" VPOS="999" HPOS="844"/>
							<String ID="string_244" HPOS="862" VPOS="999" WIDTH="31" HEIGHT="25" WC="0.96" CONTENT="10,"/>
						</TextLine>
						<TextLine ID="line_25" HPOS="72" VPOS="1032" WIDTH="824" HEIGHT="27">
							<String ID="string_245" HPOS="72" VPOS="1032" WIDTH="32" HEIGHT="22" WC="0.96" CONTENT="låt"/><SP WIDTH="15" VPOS="1032" HPOS="104"/>
							<String ID="string_246" HPOS="119" VPOS="1039" WIDTH="52" HEIGHT="15" WC="0.96" CONTENT="vara"/><SP WIDTH="15" VPOS="1039" HPOS="171"/>
							<String ID="string_247" HPOS="186" VPOS="1033" WIDTH="47" HEIGHT="21" WC="0.95" CONTENT="med"/><SP WIDTH="16" VPOS="1033" HPOS="233"/>
							<String ID="string_248" HPOS="249" VPOS="1032" WIDTH="69" HEIGHT="27" WC="0.95" CONTENT="någon"/><SP WIDTH="14" VPOS="1032" HPOS="318"/>
							<String ID="string_249" HPOS="332" VPOS="1033" WIDTH="123" HEIGHT="26" WC="0.96" CONTENT="förhöjning"/><SP WIDTH="14" VPOS="1033" HPOS="455"/>
							<String ID="string_250" HPOS="469" VPOS="1033" WIDTH="6" HEIGHT="20" WC="0.96" CONTENT="i"/><SP WIDTH="17" VPOS="1033" HPOS="475"/>
							<String ID="string_251" HPOS="492" VPOS="1039" WIDTH="81" HEIGHT="17" WC="0.96" CONTENT="census,"/><SP WIDTH="17" VPOS="1039" HPOS="573"/>
							<String ID="string_252" HPOS="590" VPOS="1032" WIDTH="28" HEIGHT="22" WC="0.96" CONTENT="då"/><SP WIDTH="15" VPOS="1032" HPOS="618"/>
							<String ID="string_253" HPOS="633" VPOS="1033" WIDTH="68" HEIGHT="21" WC="0.96" CONTENT="skulle"/><SP WIDTH="14" VPOS="1033" HPOS="701"/>
							<String ID="string_254" HPOS="715" VPOS="1033" WIDTH="66" HEIGHT="26" WC="0.96" CONTENT="enligt"/><SP WIDTH="9" VPOS="1033" HPOS="781"/>
							<String ID="string_255" HPOS="790" VPOS="1033" WIDTH="43" HEIGHT="21" WC="0.91" CONTENT="min"/><SP WIDTH="10" VPOS="1033" HPOS="833"/>
							<String ID="string_256" HPOS="843" VPOS="1039" WIDTH="53" HEIGHT="20" WC="0.91" CONTENT="upp-"/>
						</TextLine>
						<TextLine ID="line_26" HPOS="73" VPOS="1066" WIDTH="822" HEIGHT="28">
							<String ID="string_257" HPOS="73" VPOS="1067" WIDTH="93" HEIGHT="27" WC="0.96" CONTENT="fattning"/><SP WIDTH="20" VPOS="1067" HPOS="166"/>
							<String ID="string_258" HPOS="186" VPOS="1069" WIDTH="30" HEIGHT="19" WC="0.96" CONTENT="ett"/><SP WIDTH="16" VPOS="1069" HPOS="216"/>
							<String ID="string_259" HPOS="232" VPOS="1066" WIDTH="76" HEIGHT="22" WC="0.96" CONTENT="sådant"/><SP WIDTH="14" VPOS="1066" HPOS="308"/>
							<String ID="string_260" HPOS="322" VPOS="1067" WIDTH="81" HEIGHT="27" WC="0.96" CONTENT="förslag"/><SP WIDTH="16" VPOS="1067" HPOS="403"/>
							<String ID="string_261" HPOS="419" VPOS="1067" WIDTH="52" HEIGHT="21" WC="0.96" CONTENT="böra"/><SP WIDTH="16" VPOS="1067" HPOS="471"/>
							<String ID="string_262" HPOS="487" VPOS="1067" WIDTH="173" HEIGHT="21" WC="0.96" CONTENT="karaktäriseras"/><SP WIDTH="14" VPOS="1067" HPOS="660"/>
							<String ID="string_263" HPOS="674" VPOS="1066" WIDTH="70" HEIGHT="22" WC="0.96" CONTENT="såsom"/><SP WIDTH="15" VPOS="1066" HPOS="744"/>
							<String ID="string_264" HPOS="759" VPOS="1069" WIDTH="32" HEIGHT="19" WC="0.96" CONTENT="ett"/><SP WIDTH="13" VPOS="1069" HPOS="791"/>
							<String ID="string_265" HPOS="804" VPOS="1067" WIDTH="91" HEIGHT="27" WC="0.96" CONTENT="verkligt"/>
						</TextLine>
						<TextLine ID="line_27" HPOS="76" VPOS="1100" WIDTH="819" HEIGHT="28">
							<String ID="string_266" HPOS="76" VPOS="1101" WIDTH="224" HEIGHT="26" WC="0.90" CONTENT="förmedlingsförslag."/><SP WIDTH="30" VPOS="1101" HPOS="300"/>
							<String ID="string_267" HPOS="330" VPOS="1101" WIDTH="50" HEIGHT="24" WC="0.93" CONTENT="Men"/><SP WIDTH="21" VPOS="1101" HPOS="380"/>
							<String ID="string_268" HPOS="401" VPOS="1101" WIDTH="43" HEIGHT="21" WC="0.93" CONTENT="alla"/><SP WIDTH="23" VPOS="1101" HPOS="444"/>
							<String ID="string_269" HPOS="467" VPOS="1101" WIDTH="68" HEIGHT="26" WC="0.96" CONTENT="öfriga"/><SP WIDTH="22" VPOS="1101" HPOS="535"/>
							<String ID="string_270" HPOS="557" VPOS="1101" WIDTH="80" HEIGHT="26" WC="0.96" CONTENT="förslag"/><SP WIDTH="22" VPOS="1101" HPOS="637"/>
							<String ID="string_271" HPOS="659" VPOS="1107" WIDTH="62" HEIGHT="21" WC="0.96" CONTENT="synas"/><SP WIDTH="21" VPOS="1107" HPOS="721"/>
							<String ID="string_272" HPOS="742" VPOS="1101" WIDTH="43" HEIGHT="26" WC="0.96" CONTENT="mig"/><SP WIDTH="14" VPOS="1101" HPOS="785"/>
							<String ID="string_273" HPOS="799" VPOS="1100" WIDTH="27" HEIGHT="27" WC="0.95" CONTENT="gå"/><SP WIDTH="15" VPOS="1100" HPOS="826"/>
							<String ID="string_274" HPOS="841" VPOS="1101" WIDTH="54" HEIGHT="21" WC="0.95" CONTENT="blott"/>
						</TextLine>
						<TextLine ID="line_28" HPOS="74" VPOS="1134" WIDTH="821" HEIGHT="28">
							<String ID="string_275" HPOS="74" VPOS="1135" WIDTH="38" HEIGHT="21" WC="0.96" CONTENT="och"/><SP WIDTH="23" VPOS="1135" HPOS="112"/>
							<String ID="string_276" HPOS="135" VPOS="1135" WIDTH="48" HEIGHT="21" WC="0.96" CONTENT="bart"/><SP WIDTH="23" VPOS="1135" HPOS="183"/>
							<String ID="string_277" HPOS="206" VPOS="1135" WIDTH="22" HEIGHT="21" WC="0.96" CONTENT="åt"/><SP WIDTH="22" VPOS="1135" HPOS="228"/>
							<String ID="string_278" HPOS="250" VPOS="1141" WIDTH="81" HEIGHT="15" WC="0.96" CONTENT="samma"/><SP WIDTH="22" VPOS="1141" HPOS="331"/>
							<String ID="string_279" HPOS="353" VPOS="1134" WIDTH="50" HEIGHT="27" WC="0.96" CONTENT="håll,"/><SP WIDTH="23" VPOS="1134" HPOS="403"/>
							<String ID="string_280" HPOS="426" VPOS="1137" WIDTH="33" HEIGHT="19" WC="0.96" CONTENT="att"/><SP WIDTH="23" VPOS="1137" HPOS="459"/>
							<String ID="string_281" HPOS="482" VPOS="1135" WIDTH="100" HEIGHT="27" WC="0.92" CONTENT="antingen"/><SP WIDTH="15" VPOS="1135" HPOS="582"/>
							<String ID="string_282" HPOS="597" VPOS="1135" WIDTH="100" HEIGHT="21" WC="0.92" CONTENT="fasthålla"/><SP WIDTH="16" VPOS="1135" HPOS="697"/>
							<String ID="string_283" HPOS="713" VPOS="1135" WIDTH="36" HEIGHT="21" WC="0.96" CONTENT="det"/><SP WIDTH="14" VPOS="1135" HPOS="749"/>
							<String ID="string_284" HPOS="763" VPOS="1135" WIDTH="132" HEIGHT="20" WC="0.96" CONTENT="närvarande"/>
						</TextLine>
						<TextLine ID="line_29" HPOS="74" VPOS="1168" WIDTH="822" HEIGHT="29">
							<String ID="string_285" HPOS="74" VPOS="1169" WIDTH="52" HEIGHT="21" WC="0.96" CONTENT="eller"/><SP WIDTH="22" VPOS="1169" HPOS="126"/>
							<String ID="string_286" HPOS="148" VPOS="1171" WIDTH="51" HEIGHT="25" WC="0.96" CONTENT="göra"/><SP WIDTH="23" VPOS="1171" HPOS="199"/>
							<String ID="string_287" HPOS="222" VPOS="1169" WIDTH="36" HEIGHT="21" WC="0.96" CONTENT="det"/><SP WIDTH="23" VPOS="1169" HPOS="258"/>
							<String ID="string_288" HPOS="281" VPOS="1175" WIDTH="44" HEIGHT="15" WC="0.96" CONTENT="mer"/><SP WIDTH="22" VPOS="1175" HPOS="325"/>
							<String ID="string_289" HPOS="347" VPOS="1169" WIDTH="117" HEIGHT="26" WC="0.96" CONTENT="inskränkt,"/><SP WIDTH="25" VPOS="1169" HPOS="464"/>
							<String ID="string_290" HPOS="489" VPOS="1171" WIDTH="27" HEIGHT="19" WC="0.96" CONTENT="än"/><SP WIDTH="15" VPOS="1171" HPOS="516"/>
							<String ID="string_291" HPOS="531" VPOS="1169" WIDTH="56" HEIGHT="28" WC="0.96" CONTENT="hvad"/><SP WIDTH="17" VPOS="1169" HPOS="587"/>
							<String ID="string_292" HPOS="604" VPOS="1175" WIDTH="43" HEIGHT="15" WC="0.96" CONTENT="som"/><SP WIDTH="17" VPOS="1175" HPOS="647"/>
							<String ID="string_293" HPOS="664" VPOS="1175" WIDTH="27" HEIGHT="15" WC="0.96" CONTENT="nu"/><SP WIDTH="16" VPOS="1175" HPOS="691"/>
							<String ID="string_294" HPOS="707" VPOS="1171" WIDTH="24" HEIGHT="19" WC="0.96" CONTENT="är"/><SP WIDTH="15" VPOS="1171" HPOS="731"/>
							<String ID="string_295" HPOS="746" VPOS="1169" WIDTH="93" HEIGHT="21" WC="0.95" CONTENT="rådande"/><SP WIDTH="18" VPOS="1169" HPOS="839"/>
							<String ID="string_296" HPOS="857" VPOS="1168" WIDTH="39" HEIGHT="21" WC="0.96" CONTENT="och"/>
						</TextLine>
						<TextLine ID="line_30" HPOS="73" VPOS="1203" WIDTH="825" HEIGHT="31">
							<String ID="string_297" HPOS="73" VPOS="1210" WIDTH="45" HEIGHT="24" WC="0.96" CONTENT="som"/><SP WIDTH="22" VPOS="1210" HPOS="118"/>
							<String ID="string_298" HPOS="140" VPOS="1204" WIDTH="92" HEIGHT="26" WC="0.96" CONTENT="lagligen"/><SP WIDTH="22" VPOS="1204" HPOS="232"/>
							<String ID="string_299" HPOS="254" VPOS="1204" WIDTH="48" HEIGHT="21" WC="0.90" CONTENT="med"/><SP WIDTH="18" VPOS="1204" HPOS="302"/>
							<String ID="string_300" HPOS="320" VPOS="1204" WIDTH="91" HEIGHT="26" WC="0.90" CONTENT="tillhjelp"/><SP WIDTH="21" VPOS="1204" HPOS="411"/>
							<String ID="string_301" HPOS="432" VPOS="1204" WIDTH="24" HEIGHT="21" WC="0.96" CONTENT="af"/><SP WIDTH="21" VPOS="1204" HPOS="456"/>
							<String ID="string_302" HPOS="477" VPOS="1204" WIDTH="101" HEIGHT="21" WC="0.96" CONTENT="städerna"/><SP WIDTH="15" VPOS="1204" HPOS="578"/>
							<String ID="string_303" HPOS="593" VPOS="1204" WIDTH="75" HEIGHT="26" WC="0.96" CONTENT="sjelfva"/><SP WIDTH="15" VPOS="1204" HPOS="668"/>
							<String ID="string_304" HPOS="683" VPOS="1204" WIDTH="38" HEIGHT="21" WC="0.96" CONTENT="och"/><SP WIDTH="16" VPOS="1204" HPOS="721"/>
							<String ID="string_305" HPOS="737" VPOS="1204" WIDTH="48" HEIGHT="21" WC="0.96" CONTENT="med"/><SP WIDTH="14" VPOS="1204" HPOS="785"/>
							<String ID="string_306" HPOS="799" VPOS="1203" WIDTH="60" HEIGHT="21" WC="0.95" CONTENT="bifall"/><SP WIDTH="16" VPOS="1203" HPOS="859"/>
							<String ID="string_307" HPOS="875" VPOS="1203" WIDTH="23" HEIGHT="21" WC="0.96" CONTENT="af"/>
						</TextLine>
						<TextLine ID="line_31" HPOS="74" VPOS="1238" WIDTH="497" HEIGHT="26">
							<String ID="string_308" HPOS="74" VPOS="1238" WIDTH="124" HEIGHT="26" WC="0.96" CONTENT="regeringen"/><SP WIDTH="17" VPOS="1238" HPOS="198"/>
							<String ID="string_309" HPOS="215" VPOS="1238" WIDTH="40" HEIGHT="21" WC="0.96" CONTENT="kan"/><SP WIDTH="15" VPOS="1238" HPOS="255"/>
							<String ID="string_310" HPOS="270" VPOS="1238" WIDTH="113" HEIGHT="21" WC="0.95" CONTENT="förändras"/><SP WIDTH="16" VPOS="1238" HPOS="383"/>
							<String ID="string_311" HPOS="399" VPOS="1238" WIDTH="30" HEIGHT="21" WC="0.95" CONTENT="till"/><SP WIDTH="19" VPOS="1238" HPOS="429"/>
							<String ID="string_312" HPOS="448" VPOS="1239" WIDTH="29" HEIGHT="20" WC="0.96" CONTENT="ett"/><SP WIDTH="16" VPOS="1239" HPOS="477"/>
							<String ID="string_313" HPOS="493" VPOS="1238" WIDTH="78" HEIGHT="21" WC="0.96" CONTENT="bättre."/>
						</TextLine>
					</TextBlock>
					<TextBlock ID="block_2" HPOS="72" VPOS="1272" WIDTH="825" HEIGHT="300">
						<TextLine ID="line_32" HPOS="140" VPOS="1272" WIDTH="753" HEIGHT="26">
							<String ID="string_314" HPOS="140" VPOS="1272" WIDTH="32" HEIGHT="21" WC="0.96" CONTENT="Hr"/><SP WIDTH="16" VPOS="1272" HPOS="172"/>
							<String ID="string_315" HPOS="188" VPOS="1275" WIDTH="85" HEIGHT="18" WC="0.93" CONTENT="senator"/><SP WIDTH="15" VPOS="1275" HPOS="273"/>
							<String ID="string_316" HPOS="288" VPOS="1272" WIDTH="147" HEIGHT="21" WC="0.92" CONTENT="Ehrström:"/><SP WIDTH="26" VPOS="1272" HPOS="435"/>
							<String ID="string_317" HPOS="461" VPOS="1272" WIDTH="31" HEIGHT="21" WC="0.94" CONTENT="De"/><SP WIDTH="17" VPOS="1272" HPOS="492"/>
							<String ID="string_318" HPOS="509" VPOS="1272" WIDTH="45" HEIGHT="26" WC="0.96" CONTENT="ord,"/><SP WIDTH="16" VPOS="1272" HPOS="554"/>
							<String ID="string_319" HPOS="570" VPOS="1272" WIDTH="73" HEIGHT="21" WC="0.96" CONTENT="hvilka"/><SP WIDTH="14" VPOS="1272" HPOS="643"/>
							<String ID="string_320" HPOS="657" VPOS="1272" WIDTH="67" HEIGHT="21" WC="0.96" CONTENT="under"/><SP WIDTH="15" VPOS="1272" HPOS="724"/>
							<String ID="string_321" HPOS="739" VPOS="1272" WIDTH="102" HEIGHT="21" WC="0.93" CONTENT="debatten"/><SP WIDTH="15" VPOS="1272" HPOS="841"/>
							<String ID="string_322" HPOS="856" VPOS="1278" WIDTH="37" HEIGHT="15" WC="0.92" CONTENT="an-"/>
						</TextLine>
						<TextLine ID="line_33" HPOS="73" VPOS="1306" WIDTH="823" HEIGHT="27">
							<String ID="string_323" HPOS="73" VPOS="1307" WIDTH="75" HEIGHT="20" WC="0.92" CONTENT="vändts"/><SP WIDTH="23" VPOS="1307" HPOS="148"/>
							<String ID="string_324" HPOS="171" VPOS="1306" WIDTH="12" HEIGHT="21" WC="0.90" CONTENT="å"/><SP WIDTH="18" VPOS="1306" HPOS="183"/>
							<String ID="string_325" HPOS="201" VPOS="1306" WIDTH="162" HEIGHT="27" WC="0.91" CONTENT="hufvudfrågan,"/><SP WIDTH="18" VPOS="1306" HPOS="363"/>
							<String ID="string_326" HPOS="381" VPOS="1313" WIDTH="62" HEIGHT="20" WC="0.96" CONTENT="synas"/><SP WIDTH="15" VPOS="1313" HPOS="443"/>
							<String ID="string_327" HPOS="458" VPOS="1307" WIDTH="42" HEIGHT="26" WC="0.96" CONTENT="mig"/><SP WIDTH="16" VPOS="1307" HPOS="500"/>
							<String ID="string_328" HPOS="516" VPOS="1307" WIDTH="55" HEIGHT="20" WC="0.96" CONTENT="varit"/><SP WIDTH="14" VPOS="1307" HPOS="571"/>
							<String ID="string_329" HPOS="585" VPOS="1307" WIDTH="124" HEIGHT="26" WC="0.96" CONTENT="tillräckligt"/><SP WIDTH="14" VPOS="1307" HPOS="709"/>
							<String ID="string_330" HPOS="723" VPOS="1306" WIDTH="77" HEIGHT="27" WC="0.96" CONTENT="många"/><SP WIDTH="15" VPOS="1306" HPOS="800"/>
							<String ID="string_331" HPOS="815" VPOS="1306" WIDTH="34" HEIGHT="21" WC="0.96" CONTENT="för"/><SP WIDTH="15" VPOS="1306" HPOS="849"/>
							<String ID="string_332" HPOS="864" VPOS="1308" WIDTH="32" HEIGHT="19" WC="0.96" CONTENT="att"/>
						</TextLine>
						<TextLine ID="line_34" HPOS="73" VPOS="1340" WIDTH="821" HEIGHT="27">
							<String ID="string_333" HPOS="73" VPOS="1342" WIDTH="32" HEIGHT="20" WC="0.93" CONTENT="ett"/><SP WIDTH="15" VPOS="1342" HPOS="105"/>
							<String ID="string_334" HPOS="120" VPOS="1341" WIDTH="154" HEIGHT="26" WC="0.91" CONTENT="samstämmigt"/><SP WIDTH="14" VPOS="1341" HPOS="274"/>
							<String ID="string_335" HPOS="288" VPOS="1341" WIDTH="71" HEIGHT="21" WC="0.96" CONTENT="beslut"/><SP WIDTH="16" VPOS="1341" HPOS="359"/>
							<String ID="string_336" HPOS="375" VPOS="1341" WIDTH="54" HEIGHT="21" WC="0.96" CONTENT="skall"/><SP WIDTH="15" VPOS="1341" HPOS="429"/>
							<String ID="string_337" HPOS="444" VPOS="1341" WIDTH="50" HEIGHT="21" WC="0.96" CONTENT="med"/><SP WIDTH="16" VPOS="1341" HPOS="494"/>
							<String ID="string_338" HPOS="510" VPOS="1341" WIDTH="40" HEIGHT="26" WC="0.96" CONTENT="god"/><SP WIDTH="15" VPOS="1341" HPOS="550"/>
							<String ID="string_339" HPOS="565" VPOS="1341" WIDTH="51" HEIGHT="26" WC="0.96" CONTENT="vilja"/><SP WIDTH="15" VPOS="1341" HPOS="616"/>
							<String ID="string_340" HPOS="631" VPOS="1341" WIDTH="72" HEIGHT="21" WC="0.96" CONTENT="kunna"/><SP WIDTH="14" VPOS="1341" HPOS="703"/>
							<String ID="string_341" HPOS="717" VPOS="1341" WIDTH="95" HEIGHT="26" WC="0.91" CONTENT="grundas"/><SP WIDTH="10" VPOS="1341" HPOS="812"/>
							<String ID="string_342" HPOS="822" VPOS="1340" WIDTH="72" HEIGHT="27" WC="0.91" CONTENT="derpå."/>
						</TextLine>
						<TextLine ID="line_35" HPOS="72" VPOS="1375" WIDTH="824" HEIGHT="27">
							<String ID="string_343" HPOS="72" VPOS="1376" WIDTH="41" HEIGHT="26" WC="0.95" CONTENT="Jag"/><SP WIDTH="22" VPOS="1376" HPOS="113"/>
							<String ID="string_344" HPOS="135" VPOS="1375" WIDTH="39" HEIGHT="21" WC="0.95" CONTENT="har"/><SP WIDTH="21" VPOS="1375" HPOS="174"/>
							<String ID="string_345" HPOS="195" VPOS="1375" WIDTH="77" HEIGHT="27" WC="0.96" CONTENT="begärt"/><SP WIDTH="22" VPOS="1375" HPOS="272"/>
							<String ID="string_346" HPOS="294" VPOS="1376" WIDTH="62" HEIGHT="20" WC="0.96" CONTENT="ordet"/><SP WIDTH="23" VPOS="1376" HPOS="356"/>
							<String ID="string_347" HPOS="379" VPOS="1376" WIDTH="48" HEIGHT="20" WC="0.96" CONTENT="med"/><SP WIDTH="24" VPOS="1376" HPOS="427"/>
							<String ID="string_348" HPOS="451" VPOS="1376" WIDTH="114" HEIGHT="26" WC="0.96" CONTENT="anledning"/><SP WIDTH="16" VPOS="1376" HPOS="565"/>
							<String ID="string_349" HPOS="581" VPOS="1375" WIDTH="23" HEIGHT="21" WC="0.96" CONTENT="af"/><SP WIDTH="13" VPOS="1375" HPOS="604"/>
							<String ID="string_350" HPOS="617" VPOS="1376" WIDTH="36" HEIGHT="20" WC="0.96" CONTENT="det"/><SP WIDTH="15" VPOS="1376" HPOS="653"/>
							<String ID="string_351" HPOS="668" VPOS="1375" WIDTH="67" HEIGHT="26" WC="0.96" CONTENT="bifall,"/><SP WIDTH="16" VPOS="1375" HPOS="735"/>
							<String ID="string_352" HPOS="751" VPOS="1382" WIDTH="45" HEIGHT="14" WC="0.96" CONTENT="som"/><SP WIDTH="15" VPOS="1382" HPOS="796"/>
							<String ID="string_353" HPOS="811" VPOS="1376" WIDTH="35" HEIGHT="20" WC="0.93" CONTENT="vid"/><SP WIDTH="15" VPOS="1376" HPOS="846"/>
							<String ID="string_354" HPOS="861" VPOS="1376" WIDTH="35" HEIGHT="20" WC="0.91" CONTENT="de-"/>
						</TextLine>
						<TextLine ID="line_36" HPOS="72" VPOS="1408" WIDTH="824" HEIGHT="27">
							<String ID="string_355" HPOS="72" VPOS="1409" WIDTH="86" HEIGHT="21" WC="0.92" CONTENT="battens"/><SP WIDTH="15" VPOS="1409" HPOS="158"/>
							<String ID="string_356" HPOS="173" VPOS="1409" WIDTH="76" HEIGHT="26" WC="0.96" CONTENT="början"/><SP WIDTH="15" VPOS="1409" HPOS="249"/>
							<String ID="string_357" HPOS="264" VPOS="1409" WIDTH="101" HEIGHT="21" WC="0.96" CONTENT="skänktes"/><SP WIDTH="16" VPOS="1409" HPOS="365"/>
							<String ID="string_358" HPOS="381" VPOS="1408" WIDTH="22" HEIGHT="22" WC="0.96" CONTENT="åt"/><SP WIDTH="16" VPOS="1408" HPOS="403"/>
							<String ID="string_359" HPOS="419" VPOS="1415" WIDTH="26" HEIGHT="15" WC="0.96" CONTENT="en"/><SP WIDTH="21" VPOS="1415" HPOS="445"/>
							<String ID="string_360" HPOS="466" VPOS="1409" WIDTH="73" HEIGHT="26" WC="0.96" CONTENT="episod"/><SP WIDTH="20" VPOS="1409" HPOS="539"/>
							<String ID="string_361" HPOS="559" VPOS="1409" WIDTH="6" HEIGHT="20" WC="0.96" CONTENT="i"/><SP WIDTH="20" VPOS="1409" HPOS="565"/>
							<String ID="string_362" HPOS="585" VPOS="1409" WIDTH="48" HEIGHT="21" WC="0.93" CONTENT="frih."/><SP WIDTH="20" VPOS="1409" HPOS="633"/>
							<String ID="string_363" HPOS="653" VPOS="1409" WIDTH="88" HEIGHT="21" WC="0.90" CONTENT="Wredes"/><SP WIDTH="17" VPOS="1409" HPOS="741"/>
							<String ID="string_364" HPOS="758" VPOS="1409" WIDTH="138" HEIGHT="21" WC="0.95" CONTENT="reservation."/>
						</TextLine>
						<TextLine ID="line_37" HPOS="72" VPOS="1443" WIDTH="825" HEIGHT="27">
							<String ID="string_365" HPOS="72" VPOS="1443" WIDTH="76" HEIGHT="21" WC="0.96" CONTENT="Denna"/><SP WIDTH="22" VPOS="1443" HPOS="148"/>
							<String ID="string_366" HPOS="170" VPOS="1443" WIDTH="74" HEIGHT="27" WC="0.96" CONTENT="episod"/><SP WIDTH="22" VPOS="1443" HPOS="244"/>
							<String ID="string_367" HPOS="266" VPOS="1443" WIDTH="40" HEIGHT="21" WC="0.92" CONTENT="har"/><SP WIDTH="22" VPOS="1443" HPOS="306"/>
							<String ID="string_368" HPOS="328" VPOS="1443" WIDTH="103" HEIGHT="21" WC="0.91" CONTENT="förefallit"/><SP WIDTH="19" VPOS="1443" HPOS="431"/>
							<String ID="string_369" HPOS="450" VPOS="1443" WIDTH="45" HEIGHT="27" WC="0.96" CONTENT="mig"/><SP WIDTH="15" VPOS="1443" HPOS="495"/>
							<String ID="string_370" HPOS="510" VPOS="1443" WIDTH="61" HEIGHT="21" WC="0.96" CONTENT="desto"/><SP WIDTH="14" VPOS="1443" HPOS="571"/>
							<String ID="string_371" HPOS="585" VPOS="1449" WIDTH="46" HEIGHT="15" WC="0.96" CONTENT="mer"/><SP WIDTH="15" VPOS="1449" HPOS="631"/>
							<String ID="string_372" HPOS="646" VPOS="1443" WIDTH="139" HEIGHT="27" WC="0.96" CONTENT="besynnerlig,"/><SP WIDTH="17" VPOS="1443" HPOS="785"/>
							<String ID="string_373" HPOS="802" VPOS="1449" WIDTH="44" HEIGHT="15" WC="0.96" CONTENT="som"/><SP WIDTH="14" VPOS="1449" HPOS="846"/>
							<String ID="string_374" HPOS="860" VPOS="1443" WIDTH="37" HEIGHT="27" WC="0.96" CONTENT="jag"/>
						</TextLine>
						<TextLine ID="line_38" HPOS="72" VPOS="1477" WIDTH="825" HEIGHT="27">
							<String ID="string_375" HPOS="72" VPOS="1478" WIDTH="101" HEIGHT="20" WC="0.96" CONTENT="värderar"/><SP WIDTH="14" VPOS="1478" HPOS="173"/>
							<String ID="string_376" HPOS="187" VPOS="1477" WIDTH="140" HEIGHT="21" WC="0.93" CONTENT="författarens"/><SP WIDTH="16" VPOS="1477" HPOS="327"/>
							<String ID="string_377" HPOS="343" VPOS="1478" WIDTH="114" HEIGHT="20" WC="0.92" CONTENT="älskvärda"/><SP WIDTH="15" VPOS="1478" HPOS="457"/>
							<String ID="string_378" HPOS="472" VPOS="1484" WIDTH="84" HEIGHT="20" WC="0.96" CONTENT="person."/><SP WIDTH="30" VPOS="1484" HPOS="556"/>
							<String ID="string_379" HPOS="586" VPOS="1477" WIDTH="41" HEIGHT="26" WC="0.96" CONTENT="Jag"/><SP WIDTH="14" VPOS="1477" HPOS="627"/>
							<String ID="string_380" HPOS="641" VPOS="1477" WIDTH="40" HEIGHT="21" WC="0.96" CONTENT="har"/><SP WIDTH="15" VPOS="1477" HPOS="681"/>
							<String ID="string_381" HPOS="696" VPOS="1477" WIDTH="73" HEIGHT="21" WC="0.96" CONTENT="derför"/><SP WIDTH="15" VPOS="1477" HPOS="769"/>
							<String ID="string_382" HPOS="784" VPOS="1478" WIDTH="56" HEIGHT="20" WC="0.96" CONTENT="trott"/><SP WIDTH="14" VPOS="1478" HPOS="840"/>
							<String ID="string_383" HPOS="854" VPOS="1477" WIDTH="43" HEIGHT="26" WC="0.96" CONTENT="mig"/>
						</TextLine>
						<TextLine ID="line_39" HPOS="72" VPOS="1511" WIDTH="825" HEIGHT="27">
							<String ID="string_384" HPOS="72" VPOS="1511" WIDTH="54" HEIGHT="21" WC="0.96" CONTENT="böra"/><SP WIDTH="22" VPOS="1511" HPOS="126"/>
							<String ID="string_385" HPOS="148" VPOS="1513" WIDTH="79" HEIGHT="25" WC="0.96" CONTENT="antaga"/><SP WIDTH="23" VPOS="1513" HPOS="227"/>
							<String ID="string_386" HPOS="250" VPOS="1513" WIDTH="32" HEIGHT="19" WC="0.96" CONTENT="att"/><SP WIDTH="22" VPOS="1513" HPOS="282"/>
							<String ID="string_387" HPOS="304" VPOS="1512" WIDTH="42" HEIGHT="20" WC="0.96" CONTENT="den"/><SP WIDTH="20" VPOS="1512" HPOS="346"/>
							<String ID="string_388" HPOS="366" VPOS="1512" WIDTH="127" HEIGHT="21" WC="0.96" CONTENT="tillkommit"/><SP WIDTH="21" VPOS="1512" HPOS="493"/>
							<String ID="string_389" HPOS="514" VPOS="1511" WIDTH="70" HEIGHT="27" WC="0.96" CONTENT="någon"/><SP WIDTH="18" VPOS="1511" HPOS="584"/>
							<String ID="string_390" HPOS="602" VPOS="1512" WIDTH="65" HEIGHT="20" WC="0.96" CONTENT="stund"/><SP WIDTH="14" VPOS="1512" HPOS="667"/>
							<String ID="string_391" HPOS="681" VPOS="1512" WIDTH="67" HEIGHT="20" WC="0.96" CONTENT="under"/><SP WIDTH="15" VPOS="1512" HPOS="748"/>
							<String ID="string_392" HPOS="763" VPOS="1511" WIDTH="90" HEIGHT="26" WC="0.96" CONTENT="arbetet,"/><SP WIDTH="17" VPOS="1511" HPOS="853"/>
							<String ID="string_393" HPOS="870" VPOS="1511" WIDTH="27" HEIGHT="21" WC="0.96" CONTENT="då"/>
						</TextLine>
						<TextLine ID="line_40" HPOS="72" VPOS="1544" WIDTH="825" HEIGHT="28">
							<String ID="string_394" HPOS="72" VPOS="1545" WIDTH="80" HEIGHT="21" WC="0.91" CONTENT="tankeu"/><SP WIDTH="22" VPOS="1545" HPOS="152"/>
							<String ID="string_395" HPOS="174" VPOS="1545" WIDTH="66" HEIGHT="21" WC="0.95" CONTENT="redan"/><SP WIDTH="21" VPOS="1545" HPOS="240"/>
							<String ID="string_396" HPOS="261" VPOS="1545" WIDTH="65" HEIGHT="21" WC="0.95" CONTENT="hållit"/><SP WIDTH="16" VPOS="1545" HPOS="326"/>
							<String ID="string_397" HPOS="342" VPOS="1544" WIDTH="28" HEIGHT="28" WC="0.96" CONTENT="på"/><SP WIDTH="22" VPOS="1544" HPOS="370"/>
							<String ID="string_398" HPOS="392" VPOS="1547" WIDTH="34" HEIGHT="19" WC="0.93" CONTENT="att"/><SP WIDTH="24" VPOS="1547" HPOS="426"/>
							<String ID="string_399" HPOS="450" VPOS="1545" WIDTH="97" HEIGHT="27" WC="0.92" CONTENT="slappas;"/><SP WIDTH="24" VPOS="1545" HPOS="547"/>
							<String ID="string_400" HPOS="571" VPOS="1545" WIDTH="39" HEIGHT="21" WC="0.96" CONTENT="och"/><SP WIDTH="22" VPOS="1545" HPOS="610"/>
							<String ID="string_401" HPOS="632" VPOS="1551" WIDTH="55" HEIGHT="21" WC="0.96" CONTENT="nyss,"/><SP WIDTH="27" VPOS="1551" HPOS="687"/>
							<String ID="string_402" HPOS="714" VPOS="1544" WIDTH="27" HEIGHT="22" WC="0.96" CONTENT="då"/><SP WIDTH="14" VPOS="1544" HPOS="741"/>
							<String ID="string_403" HPOS="755" VPOS="1545" WIDTH="48" HEIGHT="21" WC="0.87" CONTENT="frih."/><SP WIDTH="17" VPOS="1545" HPOS="803"/>
							<String ID="string_404" HPOS="820" VPOS="1545" WIDTH="77" HEIGHT="21" WC="0.96" CONTENT="Wrede"/>
						</TextLine>
					</TextBlock>
				</ComposedBlock>
			</PrintSpace>
		</Page>
	</Layout>
</alto>
