<?xml version="1.0" encoding="UTF-8"?>
<alto xmlns="http://www.loc.gov/standards/alto/ns-v3#" xmlns:xlink="http://www.w3.org/1999/xlink" xmlns:xsi="http://www.w3.org/2001/XMLSchema-instance" xsi:schemaLocation="http://www.loc.gov/standards/alto/ns-v3# http://www.loc.gov/alto/v3/alto-3-0.xsd">
	<Description>
		<MeasurementUnit>pixel</MeasurementUnit>
		<sourceImageInformation>
			<fileName>/tmp/tess_vtcsv7lz_input.PNG</fileName>
		</sourceImageInformation>
		<OCRProcessing ID="OCR_0">
			<ocrProcessingStep>
				<processingSoftware>
					<softwareName>tesseract 5.3.4</softwareName>
				</processingSoftware>
			</ocrProcessingStep>
		</OCRProcessing>
	</Description>
	<Layout>
		<Page WIDTH="1100" HEIGHT="1762" PHYSICAL_IMG_NR="0" ID="page_0">
			<PrintSpace HPOS="0" VPOS="0" WIDTH="1100" HEIGHT="1762">
				<ComposedBlock ID="cblock_0" HPOS="436" VPOS="132" WIDTH="426" HEIGHT="23">
					<TextBlock ID="block_0" HPOS="436" VPOS="132" WIDTH="426" HEIGHT="23">
						<TextLine ID="line_0" HPOS="436" VPOS="132" WIDTH="426" HEIGHT="23">
							<String ID="string_0" HPOS="436" VPOS="132" WIDTH="13" HEIGHT="18" WC="0.79" CONTENT="1"/><SP WIDTH="14" VPOS="132" HPOS="449"/>
							<String ID="string_1" HPOS="463" VPOS="132" WIDTH="47" HEIGHT="23" WC="0.78" CONTENT="April."/><SP WIDTH="306" VPOS="132" HPOS="510"/>
							<String ID="string_2" HPOS="816" VPOS="132" WIDTH="46" HEIGHT="17" WC="0.87" CONTENT="LXI"/>
						</TextLine>
					</TextBlock>
				</ComposedBlock>
				<ComposedBlock ID="cblock_1" HPOS="64" VPOS="201" WIDTH="828" HEIGHT="1364">
					<TextBlock ID="block_1" HPOS="64" VPOS="201" WIDTH="828" HEIGHT="1364">
						<TextLine ID="line_1" HPOS="64" VPOS="201" WIDTH="823" HEIGHT="27">
							<String ID="string_3" HPOS="64" VPOS="208" WIDTH="43" HEIGHT="20" WC="0.91" CONTENT="gan"/><SP WIDTH="16" VPOS="208" HPOS="107"/>
							<String ID="string_4" HPOS="123" VPOS="201" WIDTH="139" HEIGHT="25" WC="0.91" CONTENT="öfyerlemnas"/><SP WIDTH="14" VPOS="201" HPOS="262"/>
							<String ID="string_5" HPOS="276" VPOS="201" WIDTH="33" HEIGHT="21" WC="0.96" CONTENT="till"/><SP WIDTH="15" VPOS="201" HPOS="309"/>
							<String ID="string_6" HPOS="324" VPOS="201" WIDTH="115" HEIGHT="26" WC="0.96" CONTENT="Kejsarens"/><SP WIDTH="16" VPOS="201" HPOS="439"/>
							<String ID="string_7" HPOS="455" VPOS="201" WIDTH="39" HEIGHT="21" WC="0.93" CONTENT="och"/><SP WIDTH="16" VPOS="201" HPOS="494"/>
							<String ID="string_8" HPOS="510" VPOS="201" WIDTH="145" HEIGHT="21" WC="0.92" CONTENT="Storfurstens"/><SP WIDTH="15" VPOS="201" HPOS="655"/>
							<String ID="string_9" HPOS="670" VPOS="201" WIDTH="98" HEIGHT="27" WC="0.91" CONTENT="pröfning"/><SP WIDTH="12" VPOS="201" HPOS="768"/>
							<String ID="string_10" HPOS="780" VPOS="201" WIDTH="38" HEIGHT="21" WC="0.93" CONTENT="och"/><SP WIDTH="10" VPOS="201" HPOS="818"/>
							<String ID="string_11" HPOS="828" VPOS="201" WIDTH="59" HEIGHT="21" WC="0.91" CONTENT="stad-"/>
						</TextLine>
						<TextLine ID="line_2" HPOS="66" VPOS="234" WIDTH="821" HEIGHT="27">
							<String ID="string_12" HPOS="66" VPOS="234" WIDTH="103" HEIGHT="26" WC="0.90" CONTENT="fästelse*,"/><SP WIDTH="25" VPOS="234" HPOS="169"/>
							<String ID="string_13" HPOS="194" VPOS="234" WIDTH="23" HEIGHT="21" WC="0.96" CONTENT="sä"/><SP WIDTH="15" VPOS="234" HPOS="217"/>
							<String ID="string_14" HPOS="232" VPOS="234" WIDTH="61" HEIGHT="27" WC="0.96" CONTENT="följer"/><SP WIDTH="15" VPOS="234" HPOS="293"/>
							<String ID="string_15" HPOS="308" VPOS="234" WIDTH="67" HEIGHT="27" WC="0.96" CONTENT="deraf,"/><SP WIDTH="16" VPOS="234" HPOS="375"/>
							<String ID="string_16" HPOS="391" VPOS="236" WIDTH="32" HEIGHT="19" WC="0.96" CONTENT="att"/><SP WIDTH="15" VPOS="236" HPOS="423"/>
							<String ID="string_17" HPOS="438" VPOS="240" WIDTH="49" HEIGHT="16" WC="0.96" CONTENT="man"/><SP WIDTH="15" VPOS="240" HPOS="487"/>
							<String ID="string_18" HPOS="502" VPOS="235" WIDTH="43" HEIGHT="20" WC="0.96" CONTENT="kan"/><SP WIDTH="15" VPOS="235" HPOS="545"/>
							<String ID="string_19" HPOS="560" VPOS="235" WIDTH="63" HEIGHT="20" WC="0.96" CONTENT="vinna"/><SP WIDTH="16" VPOS="235" HPOS="623"/>
							<String ID="string_20" HPOS="639" VPOS="235" WIDTH="89" HEIGHT="26" WC="0.96" CONTENT="ändring"/><SP WIDTH="16" VPOS="235" HPOS="728"/>
							<String ID="string_21" HPOS="744" VPOS="235" WIDTH="6" HEIGHT="20" WC="0.93" CONTENT="i"/><SP WIDTH="16" VPOS="235" HPOS="750"/>
							<String ID="string_22" HPOS="766" VPOS="235" WIDTH="121" HEIGHT="20" WC="0.92" CONTENT="röstberäk-"/>
						</TextLine>
						<TextLine ID="line_3" HPOS="66" VPOS="268" WIDTH="822" HEIGHT="28">
							<String ID="string_23" HPOS="66" VPOS="269" WIDTH="76" HEIGHT="27" WC="0.92" CONTENT="ningen"/><SP WIDTH="22" VPOS="269" HPOS="142"/>
							<String ID="string_24" HPOS="164" VPOS="271" WIDTH="39" HEIGHT="19" WC="0.96" CONTENT="när"/><SP WIDTH="22" VPOS="271" HPOS="203"/>
							<String ID="string_25" HPOS="225" VPOS="275" WIDTH="49" HEIGHT="15" WC="0.96" CONTENT="man"/><SP WIDTH="15" VPOS="275" HPOS="274"/>
							<String ID="string_26" HPOS="289" VPOS="268" WIDTH="27" HEIGHT="27" WC="0.93" CONTENT="pä"/><SP WIDTH="15" VPOS="268" HPOS="316"/>
							<String ID="string_27" HPOS="331" VPOS="269" WIDTH="182" HEIGHT="27" WC="0.92" CONTENT="grundlagsenligt"/><SP WIDTH="16" VPOS="269" HPOS="513"/>
							<String ID="string_28" HPOS="529" VPOS="271" WIDTH="44" HEIGHT="19" WC="0.93" CONTENT="sätt"/><SP WIDTH="16" VPOS="271" HPOS="573"/>
							<String ID="string_29" HPOS="589" VPOS="269" WIDTH="73" HEIGHT="21" WC="0.93" CONTENT="vinner"/><SP WIDTH="15" VPOS="269" HPOS="662"/>
							<String ID="string_30" HPOS="677" VPOS="269" WIDTH="90" HEIGHT="27" WC="0.96" CONTENT="ändring"/><SP WIDTH="14" VPOS="269" HPOS="767"/>
							<String ID="string_31" HPOS="781" VPOS="269" WIDTH="6" HEIGHT="20" WC="0.93" CONTENT="i"/><SP WIDTH="17" VPOS="269" HPOS="787"/>
							<String ID="string_32" HPOS="804" VPOS="269" WIDTH="84" HEIGHT="21" WC="0.91" CONTENT="ordnin-"/>
						</TextLine>
						<TextLine ID="line_4" HPOS="65" VPOS="302" WIDTH="823" HEIGHT="28">
							<String ID="string_33" HPOS="65" VPOS="309" WIDTH="41" HEIGHT="21" WC="0.96" CONTENT="gen"/><SP WIDTH="22" VPOS="309" HPOS="106"/>
							<String ID="string_34" HPOS="128" VPOS="303" WIDTH="34" HEIGHT="21" WC="0.96" CONTENT="för"/><SP WIDTH="21" VPOS="303" HPOS="162"/>
							<String ID="string_35" HPOS="183" VPOS="303" WIDTH="63" HEIGHT="21" WC="0.96" CONTENT="valet."/><SP WIDTH="30" VPOS="303" HPOS="246"/>
							<String ID="string_36" HPOS="276" VPOS="303" WIDTH="65" HEIGHT="21" WC="0.93" CONTENT="Detta"/><SP WIDTH="21" VPOS="303" HPOS="341"/>
							<String ID="string_37" HPOS="362" VPOS="303" WIDTH="95" HEIGHT="27" WC="0.91" CONTENT="framgär"/><SP WIDTH="22" VPOS="303" HPOS="457"/>
							<String ID="string_38" HPOS="479" VPOS="303" WIDTH="81" HEIGHT="27" WC="0.96" CONTENT="ganska"/><SP WIDTH="19" VPOS="303" HPOS="560"/>
							<String ID="string_39" HPOS="579" VPOS="303" WIDTH="77" HEIGHT="27" WC="0.93" CONTENT="tydligt"/><SP WIDTH="16" VPOS="303" HPOS="656"/>
							<String ID="string_40" HPOS="672" VPOS="302" WIDTH="63" HEIGHT="22" WC="0.90" CONTENT="ocksä"/><SP WIDTH="15" VPOS="302" HPOS="735"/>
							<String ID="string_41" HPOS="750" VPOS="309" WIDTH="26" HEIGHT="15" WC="0.93" CONTENT="ur"/><SP WIDTH="15" VPOS="309" HPOS="776"/>
							<String ID="string_42" HPOS="791" VPOS="303" WIDTH="97" HEIGHT="21" WC="0.93" CONTENT="källorna"/>
						</TextLine>
						<TextLine ID="line_5" HPOS="66" VPOS="337" WIDTH="822" HEIGHT="28">
							<String ID="string_43" HPOS="66" VPOS="337" WIDTH="35" HEIGHT="21" WC="0.94" CONTENT="för"/><SP WIDTH="17" VPOS="337" HPOS="101"/>
							<String ID="string_44" HPOS="118" VPOS="338" WIDTH="24" HEIGHT="20" WC="0.92" CONTENT="12"/><SP WIDTH="16" VPOS="338" HPOS="142"/>
							<String ID="string_45" HPOS="158" VPOS="337" WIDTH="11" HEIGHT="28" WC="0.91" CONTENT="$"/><SP WIDTH="16" VPOS="337" HPOS="169"/>
							<String ID="string_46" HPOS="185" VPOS="338" WIDTH="6" HEIGHT="20" WC="0.95" CONTENT="i"/><SP WIDTH="16" VPOS="338" HPOS="191"/>
							<String ID="string_47" HPOS="207" VPOS="338" WIDTH="22" HEIGHT="20" WC="0.93" CONTENT="L."/><SP WIDTH="17" VPOS="338" HPOS="229"/>
							<String ID="string_48" HPOS="246" VPOS="337" WIDTH="36" HEIGHT="25" WC="0.83" CONTENT="O.;"/><SP WIDTH="14" VPOS="337" HPOS="282"/>
							<String ID="string_49" HPOS="296" VPOS="338" WIDTH="36" HEIGHT="20" WC="0.93" CONTENT="det"/><SP WIDTH="15" VPOS="338" HPOS="332"/>
							<String ID="string_50" HPOS="347" VPOS="337" WIDTH="95" HEIGHT="27" WC="0.96" CONTENT="framgår"/><SP WIDTH="14" VPOS="337" HPOS="442"/>
							<String ID="string_51" HPOS="456" VPOS="344" WIDTH="26" HEIGHT="14" WC="0.93" CONTENT="ur"/><SP WIDTH="16" VPOS="344" HPOS="482"/>
							<String ID="string_52" HPOS="498" VPOS="337" WIDTH="74" HEIGHT="27" WC="0.93" CONTENT="sjelfva"/><SP WIDTH="15" VPOS="337" HPOS="572"/>
							<String ID="string_53" HPOS="587" VPOS="338" WIDTH="23" HEIGHT="20" WC="0.96" CONTENT="L."/><SP WIDTH="19" VPOS="338" HPOS="610"/>
							<String ID="string_54" HPOS="629" VPOS="337" WIDTH="22" HEIGHT="21" WC="0.94" CONTENT="O."/><SP WIDTH="24" VPOS="337" HPOS="651"/>
							<String ID="string_55" HPOS="675" VPOS="338" WIDTH="42" HEIGHT="20" WC="0.93" CONTENT="Det"/><SP WIDTH="14" VPOS="338" HPOS="717"/>
							<String ID="string_56" HPOS="731" VPOS="337" WIDTH="100" HEIGHT="21" WC="0.96" CONTENT="förvånar"/><SP WIDTH="14" VPOS="337" HPOS="831"/>
							<String ID="string_57" HPOS="845" VPOS="338" WIDTH="43" HEIGHT="26" WC="0.96" CONTENT="mig"/>
						</TextLine>
						<TextLine ID="line_6" HPOS="66" VPOS="371" WIDTH="822" HEIGHT="27">
							<String ID="string_58" HPOS="66" VPOS="373" WIDTH="33" HEIGHT="19" WC="0.90" CONTENT="att"/><SP WIDTH="22" VPOS="373" HPOS="99"/>
							<String ID="string_59" HPOS="121" VPOS="371" WIDTH="47" HEIGHT="21" WC="0.90" CONTENT="frih"/><SP WIDTH="24" VPOS="371" HPOS="168"/>
							<String ID="string_60" HPOS="192" VPOS="371" WIDTH="84" HEIGHT="26" WC="0.96" CONTENT="Wrede,"/><SP WIDTH="18" VPOS="371" HPOS="276"/>
							<String ID="string_61" HPOS="294" VPOS="377" WIDTH="50" HEIGHT="20" WC="0.96" CONTENT="som,"/><SP WIDTH="17" VPOS="377" HPOS="344"/>
							<String ID="string_62" HPOS="361" VPOS="371" WIDTH="66" HEIGHT="27" WC="0.93" CONTENT="enligt"/><SP WIDTH="14" VPOS="371" HPOS="427"/>
							<String ID="string_63" HPOS="441" VPOS="371" WIDTH="56" HEIGHT="22" WC="0.92" CONTENT="hvad"/><SP WIDTH="14" VPOS="371" HPOS="497"/>
							<String ID="string_64" HPOS="511" VPOS="371" WIDTH="36" HEIGHT="27" WC="0.96" CONTENT="jag"/><SP WIDTH="15" VPOS="371" HPOS="547"/>
							<String ID="string_65" HPOS="562" VPOS="371" WIDTH="37" HEIGHT="21" WC="0.93" CONTENT="vill"/><SP WIDTH="20" VPOS="371" HPOS="599"/>
							<String ID="string_66" HPOS="619" VPOS="371" WIDTH="88" HEIGHT="26" WC="0.92" CONTENT="minnas,"/><SP WIDTH="20" VPOS="371" HPOS="707"/>
							<String ID="string_67" HPOS="727" VPOS="371" WIDTH="109" HEIGHT="21" WC="0.92" CONTENT="bevistade"/><SP WIDTH="21" VPOS="371" HPOS="836"/>
							<String ID="string_68" HPOS="857" VPOS="377" WIDTH="31" HEIGHT="15" WC="0.92" CONTENT="se-"/>
						</TextLine>
						<TextLine ID="line_7" HPOS="66" VPOS="406" WIDTH="821" HEIGHT="27">
							<String ID="string_69" HPOS="66" VPOS="408" WIDTH="61" HEIGHT="19" WC="0.88" CONTENT="naste"/><SP WIDTH="23" VPOS="408" HPOS="127"/>
							<String ID="string_70" HPOS="150" VPOS="406" WIDTH="108" HEIGHT="27" WC="0.88" CONTENT="landtdag,"/><SP WIDTH="24" VPOS="406" HPOS="258"/>
							<String ID="string_71" HPOS="282" VPOS="406" WIDTH="46" HEIGHT="21" WC="0.92" CONTENT="icke"/><SP WIDTH="22" VPOS="406" HPOS="328"/>
							<String ID="string_72" HPOS="350" VPOS="406" WIDTH="96" HEIGHT="21" WC="0.92" CONTENT="kommer"/><SP WIDTH="15" VPOS="406" HPOS="446"/>
							<String ID="string_73" HPOS="461" VPOS="406" WIDTH="50" HEIGHT="27" WC="0.92" CONTENT="ihäg"/><SP WIDTH="15" VPOS="406" HPOS="511"/>
							<String ID="string_74" HPOS="526" VPOS="406" WIDTH="55" HEIGHT="21" WC="0.92" CONTENT="hvad"/><SP WIDTH="15" VPOS="406" HPOS="581"/>
							<String ID="string_75" HPOS="596" VPOS="406" WIDTH="75" HEIGHT="21" WC="0.93" CONTENT="härom"/><SP WIDTH="15" VPOS="406" HPOS="671"/>
							<String ID="string_76" HPOS="686" VPOS="406" WIDTH="96" HEIGHT="27" WC="0.91" CONTENT="yttrades"/><SP WIDTH="15" VPOS="406" HPOS="782"/>
							<String ID="string_77" HPOS="797" VPOS="406" WIDTH="23" HEIGHT="21" WC="0.96" CONTENT="af"/><SP WIDTH="13" VPOS="406" HPOS="820"/>
							<String ID="string_78" HPOS="833" VPOS="407" WIDTH="54" HEIGHT="21" WC="0.96" CONTENT="1882"/>
						</TextLine>
						<TextLine ID="line_8" HPOS="66" VPOS="439" WIDTH="822" HEIGHT="28">
							<String ID="string_79" HPOS="66" VPOS="440" WIDTH="36" HEIGHT="21" WC="0.93" CONTENT="års"/><SP WIDTH="21" VPOS="440" HPOS="102"/>
							<String ID="string_80" HPOS="123" VPOS="441" WIDTH="126" HEIGHT="26" WC="0.92" CONTENT="lagutskott."/><SP WIDTH="30" VPOS="441" HPOS="249"/>
							<String ID="string_81" HPOS="279" VPOS="439" WIDTH="112" HEIGHT="22" WC="0.95" CONTENT="Utskottet"/><SP WIDTH="18" VPOS="439" HPOS="391"/>
							<String ID="string_82" HPOS="409" VPOS="440" WIDTH="126" HEIGHT="21" WC="0.96" CONTENT="förklarade"/><SP WIDTH="14" VPOS="440" HPOS="535"/>
							<String ID="string_83" HPOS="549" VPOS="441" WIDTH="143" HEIGHT="26" WC="0.91" CONTENT="uttryckligen"/><SP WIDTH="15" VPOS="441" HPOS="692"/>
							<String ID="string_84" HPOS="707" VPOS="442" WIDTH="33" HEIGHT="19" WC="0.96" CONTENT="att"/><SP WIDTH="15" VPOS="442" HPOS="740"/>
							<String ID="string_85" HPOS="755" VPOS="441" WIDTH="36" HEIGHT="20" WC="0.93" CONTENT="det"/><SP WIDTH="15" VPOS="441" HPOS="791"/>
							<String ID="string_86" HPOS="806" VPOS="441" WIDTH="82" HEIGHT="20" WC="0.92" CONTENT="anslöte"/>
						</TextLine>
						<TextLine ID="line_9" HPOS="66" VPOS="475" WIDTH="822" HEIGHT="27">
							<String ID="string_87" HPOS="66" VPOS="475" WIDTH="32" HEIGHT="27" WC="0.94" CONTENT="sig"/><SP WIDTH="22" VPOS="475" HPOS="98"/>
							<String ID="string_88" HPOS="120" VPOS="475" WIDTH="33" HEIGHT="21" WC="0.96" CONTENT="till"/><SP WIDTH="23" VPOS="475" HPOS="153"/>
							<String ID="string_89" HPOS="176" VPOS="475" WIDTH="40" HEIGHT="21" WC="0.96" CONTENT="den"/><SP WIDTH="22" VPOS="475" HPOS="216"/>
							<String ID="string_90" HPOS="238" VPOS="475" WIDTH="90" HEIGHT="27" WC="0.96" CONTENT="mening,"/><SP WIDTH="24" VPOS="475" HPOS="328"/>
							<String ID="string_91" HPOS="352" VPOS="477" WIDTH="33" HEIGHT="19" WC="0.93" CONTENT="att"/><SP WIDTH="14" VPOS="477" HPOS="385"/>
							<String ID="string_92" HPOS="399" VPOS="475" WIDTH="152" HEIGHT="27" WC="0.92" CONTENT="valordningar"/><SP WIDTH="15" VPOS="475" HPOS="551"/>
							<String ID="string_93" HPOS="566" VPOS="475" WIDTH="47" HEIGHT="21" WC="0.93" CONTENT="med"/><SP WIDTH="16" VPOS="475" HPOS="613"/>
							<String ID="string_94" HPOS="629" VPOS="475" WIDTH="82" HEIGHT="21" WC="0.92" CONTENT="ändrad"/><SP WIDTH="16" VPOS="475" HPOS="711"/>
							<String ID="string_95" HPOS="727" VPOS="475" WIDTH="161" HEIGHT="27" WC="0.91" CONTENT="röstberäkning"/>
						</TextLine>
						<TextLine ID="line_10" HPOS="68" VPOS="510" WIDTH="819" HEIGHT="27">
							<String ID="string_96" HPOS="68" VPOS="510" WIDTH="69" HEIGHT="21" WC="0.92" CONTENT="kunde"/><SP WIDTH="23" VPOS="510" HPOS="137"/>
							<String ID="string_97" HPOS="160" VPOS="510" WIDTH="120" HEIGHT="21" WC="0.96" CONTENT="tillkomma"/><SP WIDTH="22" VPOS="510" HPOS="280"/>
							<String ID="string_98" HPOS="302" VPOS="510" WIDTH="27" HEIGHT="26" WC="0.92" CONTENT="pä"/><SP WIDTH="23" VPOS="510" HPOS="329"/>
							<String ID="string_99" HPOS="352" VPOS="510" WIDTH="110" HEIGHT="21" WC="0.96" CONTENT="städernas"/><SP WIDTH="25" VPOS="510" HPOS="462"/>
							<String ID="string_100" HPOS="487" VPOS="510" WIDTH="97" HEIGHT="27" WC="0.95" CONTENT="begäran,"/><SP WIDTH="24" VPOS="510" HPOS="584"/>
							<String ID="string_101" HPOS="608" VPOS="510" WIDTH="38" HEIGHT="21" WC="0.93" CONTENT="och"/><SP WIDTH="18" VPOS="510" HPOS="646"/>
							<String ID="string_102" HPOS="664" VPOS="510" WIDTH="113" HEIGHT="21" WC="0.96" CONTENT="ständerna"/><SP WIDTH="16" VPOS="510" HPOS="777"/>
							<String ID="string_103" HPOS="793" VPOS="510" WIDTH="94" HEIGHT="21" WC="0.95" CONTENT="uttalade"/>
						</TextLine>
						<TextLine ID="line_11" HPOS="67" VPOS="544" WIDTH="820" HEIGHT="26">
							<String ID="string_104" HPOS="67" VPOS="544" WIDTH="60" HEIGHT="21" WC="0.96" CONTENT="äfven"/><SP WIDTH="27" VPOS="544" HPOS="127"/>
							<String ID="string_105" HPOS="154" VPOS="550" WIDTH="79" HEIGHT="15" WC="0.96" CONTENT="samma"/><SP WIDTH="26" VPOS="550" HPOS="233"/>
							<String ID="string_106" HPOS="259" VPOS="544" WIDTH="88" HEIGHT="26" WC="0.94" CONTENT="mening."/><SP WIDTH="32" VPOS="544" HPOS="347"/>
							<String ID="string_107" HPOS="379" VPOS="544" WIDTH="64" HEIGHT="21" WC="0.96" CONTENT="Detta"/><SP WIDTH="20" VPOS="544" HPOS="443"/>
							<String ID="string_108" HPOS="463" VPOS="544" WIDTH="40" HEIGHT="21" WC="0.96" CONTENT="har"/><SP WIDTH="23" VPOS="544" HPOS="503"/>
							<String ID="string_109" HPOS="526" VPOS="544" WIDTH="47" HEIGHT="21" WC="0.84" CONTENT="frih."/><SP WIDTH="29" VPOS="544" HPOS="573"/>
							<String ID="string_110" HPOS="602" VPOS="544" WIDTH="75" HEIGHT="21" WC="0.96" CONTENT="Wrede"/><SP WIDTH="26" VPOS="544" HPOS="677"/>
							<String ID="string_111" HPOS="703" VPOS="544" WIDTH="46" HEIGHT="21" WC="0.96" CONTENT="icke"/><SP WIDTH="25" VPOS="544" HPOS="749"/>
							<String ID="string_112" HPOS="774" VPOS="546" WIDTH="113" HEIGHT="24" WC="0.95" CONTENT="omnämnt,"/>
						</TextLine>
						<TextLine ID="line_12" HPOS="65" VPOS="578" WIDTH="823" HEIGHT="26">
							<String ID="string_113" HPOS="65" VPOS="578" WIDTH="72" HEIGHT="21" WC="0.96" CONTENT="fastän"/><SP WIDTH="23" VPOS="578" HPOS="137"/>
							<String ID="string_114" HPOS="160" VPOS="578" WIDTH="35" HEIGHT="21" WC="0.93" CONTENT="det"/><SP WIDTH="21" VPOS="578" HPOS="195"/>
							<String ID="string_115" HPOS="216" VPOS="578" WIDTH="95" HEIGHT="25" WC="0.89" CONTENT="klander,"/><SP WIDTH="23" VPOS="578" HPOS="311"/>
							<String ID="string_116" HPOS="334" VPOS="578" WIDTH="54" HEIGHT="21" WC="0.96" CONTENT="hans"/><SP WIDTH="23" VPOS="578" HPOS="388"/>
							<String ID="string_117" HPOS="411" VPOS="578" WIDTH="131" HEIGHT="21" WC="0.96" CONTENT="reservation"/><SP WIDTH="23" VPOS="578" HPOS="542"/>
							<String ID="string_118" HPOS="565" VPOS="578" WIDTH="124" HEIGHT="26" WC="0.95" CONTENT="innehåller,"/><SP WIDTH="24" VPOS="578" HPOS="689"/>
							<String ID="string_119" HPOS="713" VPOS="578" WIDTH="94" HEIGHT="21" WC="0.96" CONTENT="drabbar"/><SP WIDTH="17" VPOS="578" HPOS="807"/>
							<String ID="string_120" HPOS="824" VPOS="578" WIDTH="64" HEIGHT="21" WC="0.96" CONTENT="också"/>
						</TextLine>
						<TextLine ID="line_13" HPOS="66" VPOS="612" WIDTH="822" HEIGHT="27">
							<String ID="string_121" HPOS="66" VPOS="614" WIDTH="85" HEIGHT="19" WC="0.93" CONTENT="senaste"/><SP WIDTH="16" VPOS="614" HPOS="151"/>
							<String ID="string_122" HPOS="167" VPOS="612" WIDTH="97" HEIGHT="21" WC="0.91" CONTENT="ständers"/><SP WIDTH="14" VPOS="612" HPOS="264"/>
							<String ID="string_123" HPOS="278" VPOS="612" WIDTH="121" HEIGHT="27" WC="0.92" CONTENT="lagutskott"/><SP WIDTH="14" VPOS="612" HPOS="399"/>
							<String ID="string_124" HPOS="413" VPOS="612" WIDTH="39" HEIGHT="21" WC="0.97" CONTENT="och"/><SP WIDTH="18" VPOS="612" HPOS="452"/>
							<String ID="string_125" HPOS="470" VPOS="613" WIDTH="53" HEIGHT="20" WC="0.96" CONTENT="1882"/><SP WIDTH="17" VPOS="613" HPOS="523"/>
							<String ID="string_126" HPOS="540" VPOS="612" WIDTH="34" HEIGHT="21" WC="0.96" CONTENT="års"/><SP WIDTH="16" VPOS="612" HPOS="574"/>
							<String ID="string_127" HPOS="590" VPOS="612" WIDTH="93" HEIGHT="21" WC="0.96" CONTENT="ständer."/><SP WIDTH="23" VPOS="612" HPOS="683"/>
							<String ID="string_128" HPOS="706" VPOS="612" WIDTH="33" HEIGHT="21" WC="0.95" CONTENT="En"/><SP WIDTH="15" VPOS="612" HPOS="739"/>
							<String ID="string_129" HPOS="754" VPOS="612" WIDTH="24" HEIGHT="21" WC="0.95" CONTENT="af"/><SP WIDTH="13" VPOS="612" HPOS="778"/>
							<String ID="string_130" HPOS="791" VPOS="612" WIDTH="97" HEIGHT="21" WC="0.96" CONTENT="källorna"/>
						</TextLine>
						<TextLine ID="line_14" HPOS="66" VPOS="646" WIDTH="822" HEIGHT="28">
							<String ID="string_131" HPOS="66" VPOS="647" WIDTH="34" HEIGHT="20" WC="0.96" CONTENT="till"/><SP WIDTH="24" VPOS="647" HPOS="100"/>
							<String ID="string_132" HPOS="124" VPOS="647" WIDTH="25" HEIGHT="20" WC="0.75" CONTENT="12"/><SP WIDTH="24" VPOS="647" HPOS="149"/>
							<String ID="string_133" HPOS="173" VPOS="646" WIDTH="10" HEIGHT="28" WC="0.93" CONTENT="$"/><SP WIDTH="24" VPOS="646" HPOS="183"/>
							<String ID="string_134" HPOS="207" VPOS="647" WIDTH="6" HEIGHT="20" WC="0.94" CONTENT="i"/><SP WIDTH="23" VPOS="647" HPOS="213"/>
							<String ID="string_135" HPOS="236" VPOS="647" WIDTH="23" HEIGHT="20" WC="0.95" CONTENT="L."/><SP WIDTH="23" VPOS="647" HPOS="259"/>
							<String ID="string_136" HPOS="282" VPOS="646" WIDTH="24" HEIGHT="21" WC="0.96" CONTENT="O."/><SP WIDTH="21" VPOS="646" HPOS="306"/>
							<String ID="string_137" HPOS="327" VPOS="648" WIDTH="24" HEIGHT="19" WC="0.96" CONTENT="är"/><SP WIDTH="15" VPOS="648" HPOS="351"/>
							<String ID="string_138" HPOS="366" VPOS="646" WIDTH="65" HEIGHT="21" WC="0.96" CONTENT="också"/><SP WIDTH="15" VPOS="646" HPOS="431"/>
							<String ID="string_139" HPOS="446" VPOS="647" WIDTH="81" HEIGHT="20" WC="0.96" CONTENT="citerad"/><SP WIDTH="15" VPOS="647" HPOS="527"/>
							<String ID="string_140" HPOS="542" VPOS="647" WIDTH="6" HEIGHT="20" WC="0.93" CONTENT="i"/><SP WIDTH="15" VPOS="647" HPOS="548"/>
							<String ID="string_141" HPOS="563" VPOS="647" WIDTH="155" HEIGHT="26" WC="0.93" CONTENT="lagutskottets"/><SP WIDTH="14" VPOS="647" HPOS="718"/>
							<String ID="string_142" HPOS="732" VPOS="647" WIDTH="135" HEIGHT="21" WC="0.96" CONTENT="betänkande"/><SP WIDTH="15" VPOS="647" HPOS="867"/>
							<String ID="string_143" HPOS="882" VPOS="647" WIDTH="6" HEIGHT="20" WC="0.96" CONTENT="i"/>
						</TextLine>
						<TextLine ID="line_15" HPOS="64" VPOS="680" WIDTH="824" HEIGHT="28">
							<String ID="string_144" HPOS="64" VPOS="680" WIDTH="78" HEIGHT="28" WC="0.92" CONTENT="frägan"/><SP WIDTH="23" VPOS="680" HPOS="142"/>
							<String ID="string_145" HPOS="165" VPOS="681" WIDTH="35" HEIGHT="21" WC="0.96" CONTENT="vid"/><SP WIDTH="24" VPOS="681" HPOS="200"/>
							<String ID="string_146" HPOS="224" VPOS="682" WIDTH="53" HEIGHT="21" WC="0.93" CONTENT="1882"/><SP WIDTH="23" VPOS="682" HPOS="277"/>
							<String ID="string_147" HPOS="300" VPOS="681" WIDTH="34" HEIGHT="21" WC="0.92" CONTENT="ärs"/><SP WIDTH="24" VPOS="681" HPOS="334"/>
							<String ID="string_148" HPOS="358" VPOS="681" WIDTH="107" HEIGHT="27" WC="0.92" CONTENT="landtdag."/><SP WIDTH="30" VPOS="681" HPOS="465"/>
							<String ID="string_149" HPOS="495" VPOS="681" WIDTH="42" HEIGHT="21" WC="0.96" CONTENT="Det"/><SP WIDTH="24" VPOS="681" HPOS="537"/>
							<String ID="string_150" HPOS="561" VPOS="683" WIDTH="24" HEIGHT="19" WC="0.93" CONTENT="är"/><SP WIDTH="23" VPOS="683" HPOS="585"/>
							<String ID="string_151" HPOS="608" VPOS="681" WIDTH="66" HEIGHT="27" WC="0.92" CONTENT="nägra"/><SP WIDTH="16" VPOS="681" HPOS="674"/>
							<String ID="string_152" HPOS="690" VPOS="681" WIDTH="68" HEIGHT="26" WC="0.92" CONTENT="rader,"/><SP WIDTH="18" VPOS="681" HPOS="758"/>
							<String ID="string_153" HPOS="776" VPOS="687" WIDTH="44" HEIGHT="15" WC="0.93" CONTENT="som"/><SP WIDTH="14" VPOS="687" HPOS="820"/>
							<String ID="string_154" HPOS="834" VPOS="681" WIDTH="54" HEIGHT="21" WC="0.93" CONTENT="före-"/>
						</TextLine>
						<TextLine ID="line_16" HPOS="67" VPOS="715" WIDTH="820" HEIGHT="28">
							<String ID="string_155" HPOS="67" VPOS="715" WIDTH="86" HEIGHT="21" WC="0.96" CONTENT="komma"/><SP WIDTH="21" VPOS="715" HPOS="153"/>
							<String ID="string_156" HPOS="174" VPOS="716" WIDTH="6" HEIGHT="20" WC="0.93" CONTENT="i"/><SP WIDTH="24" VPOS="716" HPOS="180"/>
							<String ID="string_157" HPOS="204" VPOS="716" WIDTH="232" HEIGHT="27" WC="0.91" CONTENT="grundlagsutskottets"/><SP WIDTH="21" VPOS="716" HPOS="436"/>
							<String ID="string_158" HPOS="457" VPOS="716" WIDTH="136" HEIGHT="21" WC="0.93" CONTENT="betänkande"/><SP WIDTH="17" VPOS="716" HPOS="593"/>
							<String ID="string_159" HPOS="610" VPOS="716" WIDTH="33" HEIGHT="21" WC="0.96" CONTENT="vid"/><SP WIDTH="18" VPOS="716" HPOS="643"/>
							<String ID="string_160" HPOS="661" VPOS="717" WIDTH="54" HEIGHT="21" WC="0.93" CONTENT="1867"/><SP WIDTH="16" VPOS="717" HPOS="715"/>
							<String ID="string_161" HPOS="731" VPOS="715" WIDTH="35" HEIGHT="22" WC="0.92" CONTENT="ärs"/><SP WIDTH="15" VPOS="715" HPOS="766"/>
							<String ID="string_162" HPOS="781" VPOS="716" WIDTH="106" HEIGHT="27" WC="0.91" CONTENT="landtdag,"/>
						</TextLine>
						<TextLine ID="line_17" HPOS="67" VPOS="748" WIDTH="822" HEIGHT="28">
							<String ID="string_163" HPOS="67" VPOS="749" WIDTH="27" HEIGHT="21" WC="0.96" CONTENT="dä"/><SP WIDTH="24" VPOS="749" HPOS="94"/>
							<String ID="string_164" HPOS="118" VPOS="749" WIDTH="40" HEIGHT="21" WC="0.93" CONTENT="den"/><SP WIDTH="22" VPOS="749" HPOS="158"/>
							<String ID="string_165" HPOS="180" VPOS="748" WIDTH="120" HEIGHT="22" WC="0.96" CONTENT="dåvarande"/><SP WIDTH="24" VPOS="748" HPOS="300"/>
							<String ID="string_166" HPOS="324" VPOS="749" WIDTH="25" HEIGHT="21" WC="0.89" CONTENT="13"/><SP WIDTH="15" VPOS="749" HPOS="349"/>
							<String ID="string_167" HPOS="364" VPOS="749" WIDTH="11" HEIGHT="27" WC="0.85" CONTENT="8"/><SP WIDTH="16" VPOS="749" HPOS="375"/>
							<String ID="string_168" HPOS="391" VPOS="749" WIDTH="7" HEIGHT="20" WC="0.93" CONTENT="i"/><SP WIDTH="15" VPOS="749" HPOS="398"/>
							<String ID="string_169" HPOS="413" VPOS="749" WIDTH="103" HEIGHT="27" WC="0.95" CONTENT="förslaget"/><SP WIDTH="15" VPOS="749" HPOS="516"/>
							<String ID="string_170" HPOS="531" VPOS="749" WIDTH="33" HEIGHT="21" WC="0.95" CONTENT="till"/><SP WIDTH="16" VPOS="749" HPOS="564"/>
							<String ID="string_171" HPOS="580" VPOS="749" WIDTH="23" HEIGHT="21" WC="0.93" CONTENT="L."/><SP WIDTH="17" VPOS="749" HPOS="603"/>
							<String ID="string_172" HPOS="620" VPOS="749" WIDTH="31" HEIGHT="26" WC="0.91" CONTENT="O.,"/><SP WIDTH="16" VPOS="749" HPOS="651"/>
							<String ID="string_173" HPOS="667" VPOS="749" WIDTH="85" HEIGHT="21" WC="0.96" CONTENT="hvilken"/><SP WIDTH="16" VPOS="749" HPOS="752"/>
							<String ID="string_174" HPOS="768" VPOS="749" WIDTH="121" HEIGHT="21" WC="0.96" CONTENT="sedermera"/>
						</TextLine>
						<TextLine ID="line_18" HPOS="66" VPOS="783" WIDTH="824" HEIGHT="28">
							<String ID="string_175" HPOS="66" VPOS="783" WIDTH="71" HEIGHT="21" WC="0.96" CONTENT="blifvit"/><SP WIDTH="16" VPOS="783" HPOS="137"/>
							<String ID="string_176" HPOS="153" VPOS="784" WIDTH="39" HEIGHT="20" WC="0.96" CONTENT="den"/><SP WIDTH="19" VPOS="784" HPOS="192"/>
							<String ID="string_177" HPOS="211" VPOS="784" WIDTH="23" HEIGHT="21" WC="0.93" CONTENT="12"/><SP WIDTH="17" VPOS="784" HPOS="234"/>
							<String ID="string_178" HPOS="251" VPOS="783" WIDTH="17" HEIGHT="28" WC="0.80" CONTENT="$,"/><SP WIDTH="16" VPOS="783" HPOS="268"/>
							<String ID="string_179" HPOS="284" VPOS="784" WIDTH="6" HEIGHT="20" WC="0.93" CONTENT="i"/><SP WIDTH="16" VPOS="784" HPOS="290"/>
							<String ID="string_180" HPOS="306" VPOS="784" WIDTH="223" HEIGHT="26" WC="0.91" CONTENT="grundlagsutskottet"/><SP WIDTH="9" VPOS="784" HPOS="529"/>
							<String ID="string_181" HPOS="538" VPOS="784" WIDTH="137" HEIGHT="26" WC="0.95" CONTENT="granskades."/><SP WIDTH="24" VPOS="784" HPOS="675"/>
							<String ID="string_182" HPOS="699" VPOS="784" WIDTH="111" HEIGHT="20" WC="0.96" CONTENT="Utskottet"/><SP WIDTH="10" VPOS="784" HPOS="810"/>
							<String ID="string_183" HPOS="820" VPOS="785" WIDTH="70" HEIGHT="25" WC="0.96" CONTENT="yttrar"/>
						</TextLine>
						<TextLine ID="line_19" HPOS="66" VPOS="817" WIDTH="823" HEIGHT="27">
							<String ID="string_184" HPOS="66" VPOS="817" WIDTH="48" HEIGHT="21" WC="0.86" CONTENT="der:"/><SP WIDTH="32" VPOS="817" HPOS="114"/>
							<String ID="string_185" HPOS="146" VPOS="834" WIDTH="11" HEIGHT="9" WC="0.54" CONTENT=",,"/><SP WIDTH="2" VPOS="834" HPOS="157"/>
							<String ID="string_186" HPOS="159" VPOS="817" WIDTH="115" HEIGHT="27" WC="0.93" CONTENT="Angående"/><SP WIDTH="24" VPOS="817" HPOS="274"/>
							<String ID="string_187" HPOS="298" VPOS="818" WIDTH="258" HEIGHT="26" WC="0.91" CONTENT="landtdagsmannavalets"/><SP WIDTH="23" VPOS="818" HPOS="556"/>
							<String ID="string_188" HPOS="579" VPOS="817" WIDTH="134" HEIGHT="21" WC="0.92" CONTENT="förrättande"/><SP WIDTH="25" VPOS="817" HPOS="713"/>
							<String ID="string_189" HPOS="738" VPOS="819" WIDTH="55" HEIGHT="19" WC="0.92" CONTENT="samt"/><SP WIDTH="21" VPOS="819" HPOS="793"/>
							<String ID="string_190" HPOS="814" VPOS="818" WIDTH="75" HEIGHT="20" WC="0.90" CONTENT="beräk-"/>
						</TextLine>
						<TextLine ID="line_20" HPOS="66" VPOS="852" WIDTH="824" HEIGHT="27">
							<String ID="string_191" HPOS="66" VPOS="852" WIDTH="78" HEIGHT="27" WC="0.92" CONTENT="ningen"/><SP WIDTH="15" VPOS="852" HPOS="144"/>
							<String ID="string_192" HPOS="159" VPOS="852" WIDTH="23" HEIGHT="21" WC="0.97" CONTENT="af"/><SP WIDTH="14" VPOS="852" HPOS="182"/>
							<String ID="string_193" HPOS="196" VPOS="852" WIDTH="25" HEIGHT="21" WC="0.93" CONTENT="de"/><SP WIDTH="16" VPOS="852" HPOS="221"/>
							<String ID="string_194" HPOS="237" VPOS="852" WIDTH="73" HEIGHT="21" WC="0.92" CONTENT="dervid"/><SP WIDTH="15" VPOS="852" HPOS="310"/>
							<String ID="string_195" HPOS="325" VPOS="852" WIDTH="80" HEIGHT="27" WC="0.92" CONTENT="afgifna"/><SP WIDTH="16" VPOS="852" HPOS="405"/>
							<String ID="string_196" HPOS="421" VPOS="854" WIDTH="95" HEIGHT="19" WC="0.92" CONTENT="rösterna"/><SP WIDTH="16" VPOS="854" HPOS="516"/>
							<String ID="string_197" HPOS="532" VPOS="854" WIDTH="37" HEIGHT="19" WC="0.92" CONTENT="äro"/><SP WIDTH="16" VPOS="854" HPOS="569"/>
							<String ID="string_198" HPOS="585" VPOS="852" WIDTH="76" HEIGHT="21" WC="0.92" CONTENT="hittills"/><SP WIDTH="15" VPOS="852" HPOS="661"/>
							<String ID="string_199" HPOS="676" VPOS="852" WIDTH="98" HEIGHT="27" WC="0.93" CONTENT="gällande"/><SP WIDTH="16" VPOS="852" HPOS="774"/>
							<String ID="string_200" HPOS="790" VPOS="852" WIDTH="100" HEIGHT="27" WC="0.91" CONTENT="stadgan-"/>
						</TextLine>
						<TextLine ID="line_21" HPOS="67" VPOS="887" WIDTH="823" HEIGHT="27">
							<String ID="string_201" HPOS="67" VPOS="887" WIDTH="40" HEIGHT="21" WC="0.93" CONTENT="den"/><SP WIDTH="15" VPOS="887" HPOS="107"/>
							<String ID="string_202" HPOS="122" VPOS="887" WIDTH="124" HEIGHT="21" WC="0.91" CONTENT="bibehällna"/><SP WIDTH="14" VPOS="887" HPOS="246"/>
							<String ID="string_203" HPOS="260" VPOS="888" WIDTH="7" HEIGHT="20" WC="0.95" CONTENT="i"/><SP WIDTH="16" VPOS="888" HPOS="267"/>
							<String ID="string_204" HPOS="283" VPOS="888" WIDTH="51" HEIGHT="20" WC="0.96" CONTENT="sista"/><SP WIDTH="16" VPOS="888" HPOS="334"/>
							<String ID="string_205" HPOS="350" VPOS="894" WIDTH="61" HEIGHT="14" WC="0.96" CONTENT="mom."/><SP WIDTH="17" VPOS="894" HPOS="411"/>
							<String ID="string_206" HPOS="428" VPOS="887" WIDTH="23" HEIGHT="21" WC="0.93" CONTENT="af"/><SP WIDTH="12" VPOS="887" HPOS="451"/>
							<String ID="string_207" HPOS="463" VPOS="887" WIDTH="139" HEIGHT="21" WC="0.92" CONTENT="förevarande"/><SP WIDTH="16" VPOS="887" HPOS="602"/>
							<String ID="string_208" HPOS="618" VPOS="887" WIDTH="107" HEIGHT="27" WC="0.92" CONTENT="paragraf."/><SP WIDTH="23" VPOS="887" HPOS="725"/>
							<String ID="string_209" HPOS="748" VPOS="888" WIDTH="42" HEIGHT="20" WC="0.96" CONTENT="Det"/><SP WIDTH="11" VPOS="888" HPOS="790"/>
							<String ID="string_210" HPOS="801" VPOS="889" WIDTH="24" HEIGHT="19" WC="0.96" CONTENT="är"/><SP WIDTH="10" VPOS="889" HPOS="825"/>
							<String ID="string_211" HPOS="835" VPOS="888" WIDTH="55" HEIGHT="20" WC="0.96" CONTENT="dock"/>
						</TextLine>
						<TextLine ID="line_22" HPOS="66" VPOS="920" WIDTH="824" HEIGHT="28">
							<String ID="string_212" HPOS="66" VPOS="921" WIDTH="60" HEIGHT="21" WC="0.95" CONTENT="klart"/><SP WIDTH="19" VPOS="921" HPOS="126"/>
							<String ID="string_213" HPOS="145" VPOS="923" WIDTH="40" HEIGHT="24" WC="0.96" CONTENT="att,"/><SP WIDTH="22" VPOS="923" HPOS="185"/>
							<String ID="string_214" HPOS="207" VPOS="927" WIDTH="33" HEIGHT="15" WC="0.96" CONTENT="om"/><SP WIDTH="24" VPOS="927" HPOS="240"/>
							<String ID="string_215" HPOS="264" VPOS="921" WIDTH="41" HEIGHT="21" WC="0.96" CONTENT="den"/><SP WIDTH="24" VPOS="921" HPOS="305"/>
							<String ID="string_216" HPOS="329" VPOS="921" WIDTH="6" HEIGHT="20" WC="0.92" CONTENT="i"/><SP WIDTH="23" VPOS="921" HPOS="335"/>
							<String ID="string_217" HPOS="358" VPOS="920" WIDTH="49" HEIGHT="22" WC="0.92" CONTENT="näd."/><SP WIDTH="22" VPOS="920" HPOS="407"/>
							<String ID="string_218" HPOS="429" VPOS="927" WIDTH="61" HEIGHT="20" WC="0.93" CONTENT="prop."/><SP WIDTH="16" VPOS="927" HPOS="490"/>
							<String ID="string_219" HPOS="506" VPOS="921" WIDTH="121" HEIGHT="27" WC="0.93" CONTENT="föreslagna"/><SP WIDTH="15" VPOS="921" HPOS="627"/>
							<String ID="string_220" HPOS="642" VPOS="921" WIDTH="152" HEIGHT="27" WC="0.92" CONTENT="utvidgningen"/><SP WIDTH="14" VPOS="921" HPOS="794"/>
							<String ID="string_221" HPOS="808" VPOS="921" WIDTH="24" HEIGHT="21" WC="0.93" CONTENT="af"/><SP WIDTH="12" VPOS="921" HPOS="832"/>
							<String ID="string_222" HPOS="844" VPOS="921" WIDTH="46" HEIGHT="21" WC="0.92" CONTENT="val-"/>
						</TextLine>
						<TextLine ID="line_23" HPOS="66" VPOS="955" WIDTH="824" HEIGHT="27">
							<String ID="string_223" HPOS="66" VPOS="957" WIDTH="72" HEIGHT="19" WC="0.91" CONTENT="rätten"/><SP WIDTH="22" VPOS="957" HPOS="138"/>
							<String ID="string_224" HPOS="160" VPOS="955" WIDTH="79" HEIGHT="21" WC="0.90" CONTENT="blifver"/><SP WIDTH="21" VPOS="955" HPOS="239"/>
							<String ID="string_225" HPOS="260" VPOS="956" WIDTH="105" HEIGHT="26" WC="0.90" CONTENT="godkänd,"/><SP WIDTH="23" VPOS="956" HPOS="365"/>
							<String ID="string_226" HPOS="388" VPOS="956" WIDTH="92" HEIGHT="26" WC="0.96" CONTENT="ändring"/><SP WIDTH="20" VPOS="956" HPOS="480"/>
							<String ID="string_227" HPOS="500" VPOS="956" WIDTH="6" HEIGHT="20" WC="0.96" CONTENT="i"/><SP WIDTH="25" VPOS="956" HPOS="506"/>
							<String ID="string_228" HPOS="531" VPOS="957" WIDTH="65" HEIGHT="19" WC="0.96" CONTENT="sättet"/><SP WIDTH="24" VPOS="957" HPOS="596"/>
							<String ID="string_229" HPOS="620" VPOS="955" WIDTH="38" HEIGHT="21" WC="0.93" CONTENT="och"/><SP WIDTH="16" VPOS="955" HPOS="658"/>
							<String ID="string_230" HPOS="674" VPOS="956" WIDTH="117" HEIGHT="26" WC="0.91" CONTENT="ordningen"/><SP WIDTH="14" VPOS="956" HPOS="791"/>
							<String ID="string_231" HPOS="805" VPOS="956" WIDTH="35" HEIGHT="20" WC="0.93" CONTENT="vid"/><SP WIDTH="15" VPOS="956" HPOS="840"/>
							<String ID="string_232" HPOS="855" VPOS="962" WIDTH="35" HEIGHT="14" WC="0.92" CONTENT="va-"/>
						</TextLine>
						<TextLine ID="line_24" HPOS="66" VPOS="989" WIDTH="825" HEIGHT="27">
							<String ID="string_233" HPOS="66" VPOS="989" WIDTH="37" HEIGHT="21" WC="0.95" CONTENT="len"/><SP WIDTH="21" VPOS="989" HPOS="103"/>
							<String ID="string_234" HPOS="124" VPOS="990" WIDTH="7" HEIGHT="20" WC="0.95" CONTENT="i"/><SP WIDTH="23" VPOS="990" HPOS="131"/>
							<String ID="string_235" HPOS="154" VPOS="990" WIDTH="26" HEIGHT="20" WC="0.96" CONTENT="de"/><SP WIDTH="24" VPOS="990" HPOS="180"/>
							<String ID="string_236" HPOS="204" VPOS="989" WIDTH="60" HEIGHT="21" WC="0.93" CONTENT="flesta"/><SP WIDTH="24" VPOS="989" HPOS="264"/>
							<String ID="string_237" HPOS="288" VPOS="990" WIDTH="70" HEIGHT="20" WC="0.93" CONTENT="städer"/><SP WIDTH="16" VPOS="990" HPOS="358"/>
							<String ID="string_238" HPOS="374" VPOS="989" WIDTH="66" HEIGHT="21" WC="0.92" CONTENT="mäste"/><SP WIDTH="17" VPOS="989" HPOS="440"/>
							<String ID="string_239" HPOS="457" VPOS="990" WIDTH="101" HEIGHT="26" WC="0.92" CONTENT="vidtagas."/><SP WIDTH="24" VPOS="990" HPOS="558"/>
							<String ID="string_240" HPOS="582" VPOS="990" WIDTH="41" HEIGHT="20" WC="0.96" CONTENT="Det"/><SP WIDTH="17" VPOS="990" HPOS="623"/>
							<String ID="string_241" HPOS="640" VPOS="990" WIDTH="38" HEIGHT="20" WC="0.96" CONTENT="bör"/><SP WIDTH="16" VPOS="990" HPOS="678"/>
							<String ID="string_242" HPOS="694" VPOS="990" WIDTH="53" HEIGHT="20" WC="0.93" CONTENT="dock"/><SP WIDTH="15" VPOS="990" HPOS="747"/>
							<String ID="string_243" HPOS="762" VPOS="990" WIDTH="45" HEIGHT="20" WC="0.89" CONTENT="icke"/><SP WIDTH="17" VPOS="990" HPOS="807"/>
							<String ID="string_244" HPOS="824" VPOS="989" WIDTH="67" HEIGHT="21" WC="0.89" CONTENT="öfver-"/>
						</TextLine>
						<TextLine ID="line_25" HPOS="67" VPOS="1023" WIDTH="823" HEIGHT="27">
							<String ID="string_245" HPOS="67" VPOS="1024" WIDTH="82" HEIGHT="20" WC="0.92" CONTENT="lemnas"/><SP WIDTH="23" VPOS="1024" HPOS="149"/>
							<String ID="string_246" HPOS="172" VPOS="1023" WIDTH="23" HEIGHT="21" WC="0.93" CONTENT="ät"/><SP WIDTH="24" VPOS="1023" HPOS="195"/>
							<String ID="string_247" HPOS="219" VPOS="1024" WIDTH="99" HEIGHT="20" WC="0.96" CONTENT="städerna"/><SP WIDTH="23" VPOS="1024" HPOS="318"/>
							<String ID="string_248" HPOS="341" VPOS="1023" WIDTH="74" HEIGHT="27" WC="0.96" CONTENT="sjelfva"/><SP WIDTH="22" VPOS="1023" HPOS="415"/>
							<String ID="string_249" HPOS="437" VPOS="1025" WIDTH="33" HEIGHT="19" WC="0.93" CONTENT="att"/><SP WIDTH="23" VPOS="1025" HPOS="470"/>
							<String ID="string_250" HPOS="493" VPOS="1024" WIDTH="73" HEIGHT="20" WC="0.96" CONTENT="derom"/><SP WIDTH="15" VPOS="1024" HPOS="566"/>
							<String ID="string_251" HPOS="581" VPOS="1024" WIDTH="6" HEIGHT="20" WC="0.96" CONTENT="i"/><SP WIDTH="18" VPOS="1024" HPOS="587"/>
							<String ID="string_252" HPOS="605" VPOS="1024" WIDTH="51" HEIGHT="21" WC="0.96" CONTENT="sista"/><SP WIDTH="17" VPOS="1024" HPOS="656"/>
							<String ID="string_253" HPOS="673" VPOS="1023" WIDTH="54" HEIGHT="21" WC="0.93" CONTENT="hand"/><SP WIDTH="16" VPOS="1023" HPOS="727"/>
							<String ID="string_254" HPOS="743" VPOS="1023" WIDTH="79" HEIGHT="27" WC="0.89" CONTENT="afgöra,"/><SP WIDTH="18" VPOS="1023" HPOS="822"/>
							<String ID="string_255" HPOS="840" VPOS="1025" WIDTH="50" HEIGHT="19" WC="0.96" CONTENT="enär"/>
						</TextLine>
						<TextLine ID="line_26" HPOS="66" VPOS="1057" WIDTH="824" HEIGHT="28">
							<String ID="string_256" HPOS="66" VPOS="1057" WIDTH="77" HEIGHT="27" WC="0.91" CONTENT="frägan"/><SP WIDTH="15" VPOS="1057" HPOS="143"/>
							<String ID="string_257" HPOS="158" VPOS="1058" WIDTH="69" HEIGHT="26" WC="0.93" CONTENT="gäller"/><SP WIDTH="14" VPOS="1058" HPOS="227"/>
							<String ID="string_258" HPOS="241" VPOS="1057" WIDTH="154" HEIGHT="21" WC="0.92" CONTENT="innevänarnes"/><SP WIDTH="16" VPOS="1057" HPOS="395"/>
							<String ID="string_259" HPOS="411" VPOS="1058" WIDTH="127" HEIGHT="26" WC="0.93" CONTENT="ömsesidiga"/><SP WIDTH="14" VPOS="1058" HPOS="538"/>
							<String ID="string_260" HPOS="552" VPOS="1057" WIDTH="134" HEIGHT="28" WC="0.96" CONTENT="rättigheter,"/><SP WIDTH="17" VPOS="1057" HPOS="686"/>
							<String ID="string_261" HPOS="703" VPOS="1057" WIDTH="37" HEIGHT="21" WC="0.96" CONTENT="och"/><SP WIDTH="16" VPOS="1057" HPOS="740"/>
							<String ID="string_262" HPOS="756" VPOS="1058" WIDTH="42" HEIGHT="20" WC="0.93" CONTENT="kan"/><SP WIDTH="10" VPOS="1058" HPOS="798"/>
							<String ID="string_263" HPOS="808" VPOS="1058" WIDTH="82" HEIGHT="20" WC="0.91" CONTENT="utskot-"/>
						</TextLine>
						<TextLine ID="line_27" HPOS="67" VPOS="1092" WIDTH="823" HEIGHT="27">
							<String ID="string_264" HPOS="67" VPOS="1094" WIDTH="31" HEIGHT="19" WC="0.91" CONTENT="tet"/><SP WIDTH="22" VPOS="1094" HPOS="98"/>
							<String ID="string_265" HPOS="120" VPOS="1092" WIDTH="74" HEIGHT="21" WC="0.90" CONTENT="derför"/><SP WIDTH="14" VPOS="1092" HPOS="194"/>
							<String ID="string_266" HPOS="208" VPOS="1093" WIDTH="46" HEIGHT="20" WC="0.91" CONTENT="icke"/><SP WIDTH="16" VPOS="1093" HPOS="254"/>
							<String ID="string_267" HPOS="270" VPOS="1094" WIDTH="64" HEIGHT="19" WC="0.96" CONTENT="annat"/><SP WIDTH="16" VPOS="1094" HPOS="334"/>
							<String ID="string_268" HPOS="350" VPOS="1094" WIDTH="27" HEIGHT="19" WC="0.93" CONTENT="än"/><SP WIDTH="14" VPOS="1094" HPOS="377"/>
							<String ID="string_269" HPOS="391" VPOS="1093" WIDTH="114" HEIGHT="26" WC="0.92" CONTENT="godkänna"/><SP WIDTH="16" VPOS="1093" HPOS="505"/>
							<String ID="string_270" HPOS="521" VPOS="1093" WIDTH="36" HEIGHT="20" WC="0.93" CONTENT="det"/><SP WIDTH="15" VPOS="1093" HPOS="557"/>
							<String ID="string_271" HPOS="572" VPOS="1093" WIDTH="31" HEIGHT="20" WC="0.91" CONTENT="uti"/><SP WIDTH="16" VPOS="1093" HPOS="603"/>
							<String ID="string_272" HPOS="619" VPOS="1092" WIDTH="161" HEIGHT="27" WC="0.92" CONTENT="ifrägavarande"/><SP WIDTH="16" VPOS="1092" HPOS="780"/>
							<String ID="string_273" HPOS="796" VPOS="1094" WIDTH="94" HEIGHT="19" WC="0.96" CONTENT="moment"/>
						</TextLine>
						<TextLine ID="line_28" HPOS="68" VPOS="1124" WIDTH="823" HEIGHT="29">
							<String ID="string_274" HPOS="68" VPOS="1124" WIDTH="122" HEIGHT="28" WC="0.91" CONTENT="föreslagna"/><SP WIDTH="23" VPOS="1124" HPOS="190"/>
							<String ID="string_275" HPOS="213" VPOS="1126" WIDTH="123" HEIGHT="27" WC="0.91" CONTENT="stadgande,"/><SP WIDTH="23" VPOS="1126" HPOS="336"/>
							<String ID="string_276" HPOS="359" VPOS="1128" WIDTH="34" HEIGHT="19" WC="0.93" CONTENT="att"/><SP WIDTH="13" VPOS="1128" HPOS="393"/>
							<String ID="string_277" HPOS="406" VPOS="1126" WIDTH="75" HEIGHT="27" WC="0.92" CONTENT="dylika"/><SP WIDTH="14" VPOS="1126" HPOS="481"/>
							<String ID="string_278" HPOS="495" VPOS="1126" WIDTH="226" HEIGHT="21" WC="0.92" CONTENT="öfverenskommelser"/><SP WIDTH="15" VPOS="1126" HPOS="721"/>
							<String ID="string_279" HPOS="736" VPOS="1126" WIDTH="62" HEIGHT="21" WC="0.93" CONTENT="skola"/><SP WIDTH="14" VPOS="1126" HPOS="798"/>
							<String ID="string_280" HPOS="812" VPOS="1126" WIDTH="79" HEIGHT="21" WC="0.92" CONTENT="under-"/>
						</TextLine>
						<TextLine ID="line_29" HPOS="66" VPOS="1160" WIDTH="824" HEIGHT="28">
							<String ID="string_281" HPOS="66" VPOS="1161" WIDTH="75" HEIGHT="20" WC="0.96" CONTENT="ställas"/><SP WIDTH="22" VPOS="1161" HPOS="141"/>
							<String ID="string_282" HPOS="163" VPOS="1161" WIDTH="115" HEIGHT="26" WC="0.93" CONTENT="Kejsarens"/><SP WIDTH="22" VPOS="1161" HPOS="278"/>
							<String ID="string_283" HPOS="300" VPOS="1161" WIDTH="98" HEIGHT="27" WC="0.91" CONTENT="pröfning"/><SP WIDTH="22" VPOS="1161" HPOS="398"/>
							<String ID="string_284" HPOS="420" VPOS="1161" WIDTH="39" HEIGHT="21" WC="0.93" CONTENT="och"/><SP WIDTH="24" VPOS="1161" HPOS="459"/>
							<String ID="string_285" HPOS="483" VPOS="1161" WIDTH="157" HEIGHT="21" WC="0.0" CONTENT="stadfästelse&#39;&#39;."/><SP WIDTH="31" VPOS="1161" HPOS="640"/>
							<String ID="string_286" HPOS="671" VPOS="1161" WIDTH="46" HEIGHT="21" WC="0.93" CONTENT="Här"/><SP WIDTH="25" VPOS="1161" HPOS="717"/>
							<String ID="string_287" HPOS="742" VPOS="1163" WIDTH="60" HEIGHT="25" WC="0.96" CONTENT="säges"/><SP WIDTH="24" VPOS="1163" HPOS="802"/>
							<String ID="string_288" HPOS="826" VPOS="1160" WIDTH="64" HEIGHT="22" WC="0.96" CONTENT="alltså"/>
						</TextLine>
						<TextLine ID="line_30" HPOS="67" VPOS="1195" WIDTH="824" HEIGHT="28">
							<String ID="string_289" HPOS="67" VPOS="1195" WIDTH="119" HEIGHT="27" WC="0.92" CONTENT="otvetydigt"/><SP WIDTH="22" VPOS="1195" HPOS="186"/>
							<String ID="string_290" HPOS="208" VPOS="1195" WIDTH="32" HEIGHT="21" WC="0.91" CONTENT="uti"/><SP WIDTH="22" VPOS="1195" HPOS="240"/>
							<String ID="string_291" HPOS="262" VPOS="1195" WIDTH="233" HEIGHT="27" WC="0.92" CONTENT="grundlagsutskottets"/><SP WIDTH="21" VPOS="1195" HPOS="495"/>
							<String ID="string_292" HPOS="516" VPOS="1195" WIDTH="144" HEIGHT="26" WC="0.92" CONTENT="betänkande,"/><SP WIDTH="17" VPOS="1195" HPOS="660"/>
							<String ID="string_293" HPOS="677" VPOS="1197" WIDTH="32" HEIGHT="19" WC="0.93" CONTENT="att"/><SP WIDTH="15" VPOS="1197" HPOS="709"/>
							<String ID="string_294" HPOS="724" VPOS="1195" WIDTH="56" HEIGHT="21" WC="0.91" CONTENT="hvad"/><SP WIDTH="15" VPOS="1195" HPOS="780"/>
							<String ID="string_295" HPOS="795" VPOS="1200" WIDTH="45" HEIGHT="23" WC="0.96" CONTENT="som"/><SP WIDTH="15" VPOS="1200" HPOS="840"/>
							<String ID="string_296" HPOS="855" VPOS="1196" WIDTH="36" HEIGHT="19" WC="0.96" CONTENT="rör"/>
						</TextLine>
						<TextLine ID="line_31" HPOS="65" VPOS="1229" WIDTH="827" HEIGHT="28">
							<String ID="string_297" HPOS="65" VPOS="1232" WIDTH="68" HEIGHT="19" WC="0.93" CONTENT="sättet"/><SP WIDTH="23" VPOS="1232" HPOS="133"/>
							<String ID="string_298" HPOS="156" VPOS="1230" WIDTH="39" HEIGHT="21" WC="0.93" CONTENT="och"/><SP WIDTH="23" VPOS="1230" HPOS="195"/>
							<String ID="string_299" HPOS="218" VPOS="1230" WIDTH="117" HEIGHT="27" WC="0.92" CONTENT="ordningen"/><SP WIDTH="21" VPOS="1230" HPOS="335"/>
							<String ID="string_300" HPOS="356" VPOS="1230" WIDTH="36" HEIGHT="21" WC="0.92" CONTENT="vid"/><SP WIDTH="22" VPOS="1230" HPOS="392"/>
							<String ID="string_301" HPOS="414" VPOS="1230" WIDTH="255" HEIGHT="27" WC="0.90" CONTENT="landtdagsmannavalen"/><SP WIDTH="22" VPOS="1230" HPOS="669"/>
							<String ID="string_302" HPOS="691" VPOS="1230" WIDTH="121" HEIGHT="27" WC="0.90" CONTENT="inbegriper"/><SP WIDTH="22" VPOS="1230" HPOS="812"/>
							<String ID="string_303" HPOS="834" VPOS="1229" WIDTH="58" HEIGHT="22" WC="0.92" CONTENT="hvad"/>
						</TextLine>
						<TextLine ID="line_32" HPOS="66" VPOS="1265" WIDTH="826" HEIGHT="27">
							<String ID="string_304" HPOS="66" VPOS="1271" WIDTH="46" HEIGHT="15" WC="0.93" CONTENT="som"/><SP WIDTH="22" VPOS="1271" HPOS="112"/>
							<String ID="string_305" HPOS="134" VPOS="1265" WIDTH="67" HEIGHT="27" WC="0.90" CONTENT="angär"/><SP WIDTH="23" VPOS="1265" HPOS="201"/>
							<String ID="string_306" HPOS="224" VPOS="1265" WIDTH="198" HEIGHT="27" WC="0.92" CONTENT="röstberäkningen,"/><SP WIDTH="24" VPOS="1265" HPOS="422"/>
							<String ID="string_307" HPOS="446" VPOS="1265" WIDTH="39" HEIGHT="21" WC="0.93" CONTENT="och"/><SP WIDTH="22" VPOS="1265" HPOS="485"/>
							<String ID="string_308" HPOS="507" VPOS="1265" WIDTH="114" HEIGHT="27" WC="0.92" CONTENT="meningen"/><SP WIDTH="22" VPOS="1265" HPOS="621"/>
							<String ID="string_309" HPOS="643" VPOS="1267" WIDTH="24" HEIGHT="19" WC="0.96" CONTENT="är"/><SP WIDTH="21" VPOS="1267" HPOS="667"/>
							<String ID="string_310" HPOS="688" VPOS="1267" WIDTH="34" HEIGHT="19" WC="0.96" CONTENT="att"/><SP WIDTH="21" VPOS="1267" HPOS="722"/>
							<String ID="string_311" HPOS="743" VPOS="1265" WIDTH="69" HEIGHT="21" WC="0.96" CONTENT="denna"/><SP WIDTH="24" VPOS="1265" HPOS="812"/>
							<String ID="string_312" HPOS="836" VPOS="1265" WIDTH="56" HEIGHT="21" WC="0.96" CONTENT="skall"/>
						</TextLine>
						<TextLine ID="line_33" HPOS="67" VPOS="1299" WIDTH="824" HEIGHT="27">
							<String ID="string_313" HPOS="67" VPOS="1299" WIDTH="71" HEIGHT="21" WC="0.95" CONTENT="kunna"/><SP WIDTH="21" VPOS="1299" HPOS="138"/>
							<String ID="string_314" HPOS="159" VPOS="1299" WIDTH="82" HEIGHT="26" WC="0.96" CONTENT="ändras,"/><SP WIDTH="24" VPOS="1299" HPOS="241"/>
							<String ID="string_315" HPOS="265" VPOS="1305" WIDTH="47" HEIGHT="15" WC="0.96" CONTENT="men"/><SP WIDTH="23" VPOS="1305" HPOS="312"/>
							<String ID="string_316" HPOS="335" VPOS="1301" WIDTH="32" HEIGHT="19" WC="0.96" CONTENT="att"/><SP WIDTH="15" VPOS="1301" HPOS="367"/>
							<String ID="string_317" HPOS="382" VPOS="1305" WIDTH="49" HEIGHT="15" WC="0.93" CONTENT="man"/><SP WIDTH="16" VPOS="1305" HPOS="431"/>
							<String ID="string_318" HPOS="447" VPOS="1299" WIDTH="45" HEIGHT="21" WC="0.92" CONTENT="icke"/><SP WIDTH="18" VPOS="1299" HPOS="492"/>
							<String ID="string_319" HPOS="510" VPOS="1299" WIDTH="56" HEIGHT="21" WC="0.93" CONTENT="velat"/><SP WIDTH="17" VPOS="1299" HPOS="566"/>
							<String ID="string_320" HPOS="583" VPOS="1299" WIDTH="129" HEIGHT="21" WC="0.91" CONTENT="öfverlemna"/><SP WIDTH="17" VPOS="1299" HPOS="712"/>
							<String ID="string_321" HPOS="729" VPOS="1299" WIDTH="162" HEIGHT="27" WC="0.91" CONTENT="bestämningen"/>
						</TextLine>
						<TextLine ID="line_34" HPOS="70" VPOS="1333" WIDTH="821" HEIGHT="27">
							<String ID="string_322" HPOS="70" VPOS="1334" WIDTH="73" HEIGHT="20" WC="0.92" CONTENT="derom"/><SP WIDTH="16" VPOS="1334" HPOS="143"/>
							<String ID="string_323" HPOS="159" VPOS="1333" WIDTH="23" HEIGHT="21" WC="0.93" CONTENT="ät"/><SP WIDTH="14" VPOS="1333" HPOS="182"/>
							<String ID="string_324" HPOS="196" VPOS="1334" WIDTH="101" HEIGHT="20" WC="0.92" CONTENT="städerna"/><SP WIDTH="15" VPOS="1334" HPOS="297"/>
							<String ID="string_325" HPOS="312" VPOS="1334" WIDTH="76" HEIGHT="26" WC="0.92" CONTENT="allena,"/><SP WIDTH="14" VPOS="1334" HPOS="388"/>
							<String ID="string_326" HPOS="402" VPOS="1336" WIDTH="52" HEIGHT="18" WC="0.93" CONTENT="utan"/><SP WIDTH="10" VPOS="1336" HPOS="454"/>
							<String ID="string_327" HPOS="464" VPOS="1333" WIDTH="83" HEIGHT="21" WC="0.92" CONTENT="fordrat"/><SP WIDTH="10" VPOS="1333" HPOS="547"/>
							<String ID="string_328" HPOS="557" VPOS="1334" WIDTH="60" HEIGHT="20" WC="0.93" CONTENT="Hans"/><SP WIDTH="9" VPOS="1334" HPOS="617"/>
							<String ID="string_329" HPOS="626" VPOS="1333" WIDTH="114" HEIGHT="27" WC="0.91" CONTENT="Majestäts"/><SP WIDTH="10" VPOS="1333" HPOS="740"/>
							<String ID="string_330" HPOS="750" VPOS="1333" WIDTH="141" HEIGHT="21" WC="0.92" CONTENT="stadfästelse."/>
						</TextLine>
						<TextLine ID="line_35" HPOS="69" VPOS="1367" WIDTH="822" HEIGHT="27">
							<String ID="string_331" HPOS="69" VPOS="1367" WIDTH="43" HEIGHT="21" WC="0.91" CONTENT="Det"/><SP WIDTH="24" VPOS="1367" HPOS="112"/>
							<String ID="string_332" HPOS="136" VPOS="1373" WIDTH="60" HEIGHT="21" WC="0.91" CONTENT="synes"/><SP WIDTH="17" VPOS="1373" HPOS="196"/>
							<String ID="string_333" HPOS="213" VPOS="1367" WIDTH="45" HEIGHT="27" WC="0.96" CONTENT="mig"/><SP WIDTH="15" VPOS="1367" HPOS="258"/>
							<String ID="string_334" HPOS="273" VPOS="1369" WIDTH="32" HEIGHT="19" WC="0.93" CONTENT="att"/><SP WIDTH="14" VPOS="1369" HPOS="305"/>
							<String ID="string_335" HPOS="319" VPOS="1367" WIDTH="65" HEIGHT="27" WC="0.91" CONTENT="nägot"/><SP WIDTH="15" VPOS="1367" HPOS="384"/>
							<String ID="string_336" HPOS="399" VPOS="1367" WIDTH="105" HEIGHT="27" WC="0.93" CONTENT="tydligare"/><SP WIDTH="16" VPOS="1367" HPOS="504"/>
							<String ID="string_337" HPOS="520" VPOS="1367" WIDTH="57" HEIGHT="21" WC="0.92" CONTENT="bevis"/><SP WIDTH="17" VPOS="1367" HPOS="577"/>
							<String ID="string_338" HPOS="594" VPOS="1367" WIDTH="45" HEIGHT="21" WC="0.92" CONTENT="icke"/><SP WIDTH="16" VPOS="1367" HPOS="639"/>
							<String ID="string_339" HPOS="655" VPOS="1367" WIDTH="108" HEIGHT="21" WC="0.92" CONTENT="behöfves."/><SP WIDTH="30" VPOS="1367" HPOS="763"/>
							<String ID="string_340" HPOS="793" VPOS="1367" WIDTH="48" HEIGHT="21" WC="0.96" CONTENT="Men"/><SP WIDTH="14" VPOS="1367" HPOS="841"/>
							<String ID="string_341" HPOS="855" VPOS="1367" WIDTH="36" HEIGHT="27" WC="0.96" CONTENT="jag"/>
						</TextLine>
						<TextLine ID="line_36" HPOS="68" VPOS="1401" WIDTH="823" HEIGHT="27">
							<String ID="string_342" HPOS="68" VPOS="1401" WIDTH="41" HEIGHT="21" WC="0.96" CONTENT="bör"/><SP WIDTH="22" VPOS="1401" HPOS="109"/>
							<String ID="string_343" HPOS="131" VPOS="1402" WIDTH="45" HEIGHT="20" WC="0.96" CONTENT="icke"/><SP WIDTH="23" VPOS="1402" HPOS="176"/>
							<String ID="string_344" HPOS="199" VPOS="1401" WIDTH="131" HEIGHT="21" WC="0.96" CONTENT="undanhålla"/><SP WIDTH="18" VPOS="1401" HPOS="330"/>
							<String ID="string_345" HPOS="348" VPOS="1403" WIDTH="33" HEIGHT="19" WC="0.96" CONTENT="att"/><SP WIDTH="15" VPOS="1403" HPOS="381"/>
							<String ID="string_346" HPOS="396" VPOS="1402" WIDTH="26" HEIGHT="20" WC="0.96" CONTENT="de"/><SP WIDTH="15" VPOS="1402" HPOS="422"/>
							<String ID="string_347" HPOS="437" VPOS="1401" WIDTH="23" HEIGHT="21" WC="0.96" CONTENT="af"/><SP WIDTH="14" VPOS="1401" HPOS="460"/>
							<String ID="string_348" HPOS="474" VPOS="1402" WIDTH="42" HEIGHT="26" WC="0.93" CONTENT="mig"/><SP WIDTH="16" VPOS="1402" HPOS="516"/>
							<String ID="string_349" HPOS="532" VPOS="1408" WIDTH="48" HEIGHT="20" WC="0.93" CONTENT="nyss"/><SP WIDTH="16" VPOS="1408" HPOS="580"/>
							<String ID="string_350" HPOS="596" VPOS="1402" WIDTH="100" HEIGHT="26" WC="0.90" CONTENT="upplästa"/><SP WIDTH="16" VPOS="1402" HPOS="696"/>
							<String ID="string_351" HPOS="712" VPOS="1402" WIDTH="64" HEIGHT="20" WC="0.96" CONTENT="orden"/><SP WIDTH="15" VPOS="1402" HPOS="776"/>
							<String ID="string_352" HPOS="791" VPOS="1402" WIDTH="6" HEIGHT="20" WC="0.93" CONTENT="i"/><SP WIDTH="17" VPOS="1402" HPOS="797"/>
							<String ID="string_353" HPOS="814" VPOS="1402" WIDTH="77" HEIGHT="26" WC="0.91" CONTENT="grund-"/>
						</TextLine>
						<TextLine ID="line_37" HPOS="69" VPOS="1436" WIDTH="823" HEIGHT="27">
							<String ID="string_354" HPOS="69" VPOS="1436" WIDTH="164" HEIGHT="27" WC="0.91" CONTENT="lagsutskottets"/><SP WIDTH="15" VPOS="1436" HPOS="233"/>
							<String ID="string_355" HPOS="248" VPOS="1436" WIDTH="137" HEIGHT="21" WC="0.92" CONTENT="betänkande"/><SP WIDTH="16" VPOS="1436" HPOS="385"/>
							<String ID="string_356" HPOS="401" VPOS="1438" WIDTH="36" HEIGHT="19" WC="0.92" CONTENT="äro"/><SP WIDTH="16" VPOS="1438" HPOS="437"/>
							<String ID="string_357" HPOS="453" VPOS="1436" WIDTH="100" HEIGHT="21" WC="0.92" CONTENT="hemtade"/><SP WIDTH="15" VPOS="1436" HPOS="553"/>
							<String ID="string_358" HPOS="568" VPOS="1442" WIDTH="25" HEIGHT="15" WC="0.93" CONTENT="ur"/><SP WIDTH="15" VPOS="1442" HPOS="593"/>
							<String ID="string_359" HPOS="608" VPOS="1436" WIDTH="119" HEIGHT="21" WC="0.92" CONTENT="motiverna"/><SP WIDTH="15" VPOS="1436" HPOS="727"/>
							<String ID="string_360" HPOS="742" VPOS="1436" WIDTH="32" HEIGHT="21" WC="0.93" CONTENT="till"/><SP WIDTH="15" VPOS="1436" HPOS="774"/>
							<String ID="string_361" HPOS="789" VPOS="1436" WIDTH="103" HEIGHT="27" WC="0.93" CONTENT="förslaget"/>
						</TextLine>
						<TextLine ID="line_38" HPOS="68" VPOS="1469" WIDTH="824" HEIGHT="27">
							<String ID="string_362" HPOS="68" VPOS="1469" WIDTH="32" HEIGHT="21" WC="0.93" CONTENT="till"/><SP WIDTH="16" VPOS="1469" HPOS="100"/>
							<String ID="string_363" HPOS="116" VPOS="1470" WIDTH="236" HEIGHT="26" WC="0.91" CONTENT="landtdagsordningen."/><SP WIDTH="30" VPOS="1470" HPOS="352"/>
							<String ID="string_364" HPOS="382" VPOS="1469" WIDTH="32" HEIGHT="21" WC="0.96" CONTENT="Ur"/><SP WIDTH="15" VPOS="1469" HPOS="414"/>
							<String ID="string_365" HPOS="429" VPOS="1469" WIDTH="63" HEIGHT="22" WC="0.93" CONTENT="dessa"/><SP WIDTH="15" VPOS="1469" HPOS="492"/>
							<String ID="string_366" HPOS="507" VPOS="1469" WIDTH="95" HEIGHT="26" WC="0.91" CONTENT="motiver,"/><SP WIDTH="18" VPOS="1469" HPOS="602"/>
							<String ID="string_367" HPOS="620" VPOS="1475" WIDTH="44" HEIGHT="15" WC="0.93" CONTENT="som"/><SP WIDTH="15" VPOS="1475" HPOS="664"/>
							<String ID="string_368" HPOS="679" VPOS="1469" WIDTH="96" HEIGHT="21" WC="0.93" CONTENT="förvaras"/><SP WIDTH="15" VPOS="1469" HPOS="775"/>
							<String ID="string_369" HPOS="790" VPOS="1469" WIDTH="6" HEIGHT="21" WC="0.93" CONTENT="i"/><SP WIDTH="17" VPOS="1469" HPOS="796"/>
							<String ID="string_370" HPOS="813" VPOS="1469" WIDTH="79" HEIGHT="27" WC="0.92" CONTENT="kejser-"/>
						</TextLine>
						<TextLine ID="line_39" HPOS="66" VPOS="1504" WIDTH="826" HEIGHT="27">
							<String ID="string_371" HPOS="66" VPOS="1505" WIDTH="45" HEIGHT="26" WC="0.93" CONTENT="liga"/><SP WIDTH="13" VPOS="1505" HPOS="111"/>
							<String ID="string_372" HPOS="124" VPOS="1506" WIDTH="101" HEIGHT="20" WC="0.92" CONTENT="senatens"/><SP WIDTH="15" VPOS="1506" HPOS="225"/>
							<String ID="string_373" HPOS="240" VPOS="1505" WIDTH="66" HEIGHT="26" WC="0.96" CONTENT="arkiv,"/><SP WIDTH="16" VPOS="1505" HPOS="306"/>
							<String ID="string_374" HPOS="322" VPOS="1504" WIDTH="40" HEIGHT="21" WC="0.96" CONTENT="har"/><SP WIDTH="14" VPOS="1504" HPOS="362"/>
							<String ID="string_375" HPOS="376" VPOS="1504" WIDTH="35" HEIGHT="27" WC="0.93" CONTENT="jag"/><SP WIDTH="14" VPOS="1504" HPOS="411"/>
							<String ID="string_376" HPOS="425" VPOS="1504" WIDTH="103" HEIGHT="21" WC="0.93" CONTENT="tillhands"/><SP WIDTH="15" VPOS="1504" HPOS="528"/>
							<String ID="string_377" HPOS="543" VPOS="1511" WIDTH="26" HEIGHT="14" WC="0.93" CONTENT="en"/><SP WIDTH="16" VPOS="1511" HPOS="569"/>
							<String ID="string_378" HPOS="585" VPOS="1504" WIDTH="90" HEIGHT="21" WC="0.91" CONTENT="afskrift."/><SP WIDTH="24" VPOS="1504" HPOS="675"/>
							<String ID="string_379" HPOS="699" VPOS="1504" WIDTH="71" HEIGHT="21" WC="0.92" CONTENT="Orden"/><SP WIDTH="14" VPOS="1504" HPOS="770"/>
							<String ID="string_380" HPOS="784" VPOS="1505" WIDTH="50" HEIGHT="26" WC="0.92" CONTENT="lyda"/><SP WIDTH="11" VPOS="1505" HPOS="834"/>
							<String ID="string_381" HPOS="845" VPOS="1505" WIDTH="47" HEIGHT="20" WC="0.91" CONTENT="der-"/>
						</TextLine>
						<TextLine ID="line_40" HPOS="64" VPOS="1537" WIDTH="828" HEIGHT="28">
							<String ID="string_382" HPOS="64" VPOS="1537" WIDTH="84" HEIGHT="21" WC="0.91" CONTENT="städes:"/><SP WIDTH="26" VPOS="1537" HPOS="148"/>
							<String ID="string_383" HPOS="174" VPOS="1554" WIDTH="10" HEIGHT="10" WC="0.91" CONTENT=","/><SP WIDTH="5" VPOS="1554" HPOS="184"/>
							<String ID="string_384" HPOS="189" VPOS="1538" WIDTH="115" HEIGHT="27" WC="0.93" CONTENT="Angående"/><SP WIDTH="15" VPOS="1538" HPOS="304"/>
							<String ID="string_385" HPOS="319" VPOS="1538" WIDTH="262" HEIGHT="27" WC="0.92" CONTENT="landtdagsmannavalets"/><SP WIDTH="14" VPOS="1538" HPOS="581"/>
							<String ID="string_386" HPOS="595" VPOS="1538" WIDTH="136" HEIGHT="21" WC="0.91" CONTENT="förrättande"/><SP WIDTH="14" VPOS="1538" HPOS="731"/>
							<String ID="string_387" HPOS="745" VPOS="1540" WIDTH="55" HEIGHT="19" WC="0.93" CONTENT="samt"/><SP WIDTH="15" VPOS="1540" HPOS="800"/>
							<String ID="string_388" HPOS="815" VPOS="1538" WIDTH="77" HEIGHT="21" WC="0.92" CONTENT="beräk-"/>
						</TextLine>
					</TextBlock>
				</ComposedBlock>
			</PrintSpace>
		</Page>
	</Layout>
</alto>
