1100 1734
446 137 14 18 11
477 136 46 23 April,
784 135 87 19 XXXIX

72 207 42 21 Det
136 206 42 20 kan
192 205 46 21 icke
253 212 51 14 vara
318 205 105 27 likgiltigt,
439 205 104 21 huruvida
558 206 147 26 stadgandena
719 205 129 21 beträffande
863 207 32 19 ett

72 242 24 20 sä
111 240 73 26 vigtigt
199 241 67 24 ämne,
282 246 45 15 som
343 240 40 20 den
398 240 102 26 politiska
513 241 122 24 rösträtten,
651 241 38 19 äro
705 239 135 27 oförtydbara
854 239 40 21 och

72 274 60 21 klara
153 274 53 21 eller
220 280 40 20 om,
276 275 70 20 säsom
362 274 147 21 erfarenheten
524 280 88 15 numera
626 274 62 26 visat,
704 274 57 21 olika
776 274 119 27 tolkningar

73 308 22 22 af
116 308 105 21 desamma
244 308 69 21 kunna
336 314 39 20 ega
397 314 57 20 rum;
471 308 24 21 sä
509 308 39 21 har
563 308 118 21 emellertid
697 307 55 22 varit
765 307 61 22 fallet
840 307 55 21 hvad

73 341 129 22 vidkommer
224 342 26 20 de
269 342 31 20 uti
319 342 23 20 12
359 342 13 26 &
389 341 22 21 af
424 342 23 21 L.
466 341 22 21 O.
506 343 107 25 upptagna
630 342 265 26 undantagskategorierna

72 376 45 21 frän
132 376 110 21 valrätten.
268 376 40 21 Det
324 376 41 21 kan
382 376 44 21 icke
441 376 68 21 heller
525 383 50 14 vara
589 376 33 21 till
637 382 61 21 gagn,
716 382 33 15 om
765 375 129 22 beträffande

73 409 72 28 sjelfva
166 412 126 19 rösträttens
314 410 128 26 gestaltning
464 410 55 21 intet
540 410 107 21 bestämdt
664 412 80 25 system
758 409 67 22 finnes
839 410 6 20 i
860 410 35 26 lag

73 444 112 27 faststäldt,
201 447 51 19 utan
267 445 69 21 såsom
352 451 29 15 nu
395 447 24 19 är
434 444 66 27 fallet,
515 445 81 26 ganska
612 445 56 21 olika
680 445 69 26 regler
759 445 6 20 i
776 445 59 21 detta
845 445 50 21 hän-

73 479 77 21 seende
164 479 7 21 i
187 479 65 21 skilda
268 479 72 21 städer
354 479 112 27 tillämpas.

142 513 66 21 Dessa
230 515 78 19 tvänne
330 512 161 27 hufvudsakliga
506 513 181 26 omständigheter
702 513 62 21 hafva
779 512 21 22 af
814 513 81 21 landets

72 548 88 21 ständer
180 548 25 20 år
228 548 53 21 1882
300 546 133 28 fullständigt
448 547 125 22 framhållits
588 548 6 20 i
611 548 40 20 den
666 548 96 26 petition,
778 554 45 15 som
838 547 59 27 gifvit

74 581 110 26 anledning
206 581 32 21 till
261 581 36 21 det
320 581 32 21 vid
376 581 142 21 innevarande
540 581 103 26 landtdag
662 580 78 22 aflåtna
754 580 141 27 lagförslaget.

74 614 158 28 Behöfligheten
247 615 22 21 af
282 615 146 27 ifrågakomna
443 615 222 27 lagstiftningsåtgärd.
678 615 65 21 borde
753 615 88 21 sålunda
850 615 46 21 icke

73 650 72 20 kunna
158 649 71 27 jäfvas.

142 684 38 20 Ett
194 685 64 19 annat
272 684 47 20 icke
333 683 91 27 ovigtigt
437 684 53 25 skäl,
508 690 32 14 om
557 684 64 21 också
636 683 22 21 af
672 690 68 14 annan
756 685 70 24 natur,
836 683 61 21 hvar-

74 717 32 21 för
129 724 46 14 man
191 717 39 21 bör
245 718 66 21 önska
325 717 85 27 frågans
425 718 89 26 lösning,
531 719 23 19 är
569 719 32 19 att
618 718 34 20 det
671 718 50 20 dock
740 718 65 21 skulle
822 718 75 25 utgöra

74 758 26 14 en
123 752 159 26 inkonseqvens,
306 758 34 14 om
362 758 29 14 nu
413 751 128 22 församlade
557 752 86 21 ständer
658 752 19 26 ej
694 752 69 20 kunde
779 751 72 21 förena
865 751 32 27 sig

76 793 32 14 om
132 788 30 19 ett
184 787 152 26 samstämmigt
350 786 71 22 beslut
436 787 49 20 med
500 787 113 26 anledning
627 786 22 21 af
663 793 26 14 en
704 786 48 21 nåd.
768 793 68 20 prop.,
846 786 53 21 hvil-

75 821 40 21 ken
140 820 77 22 aflåtits
237 821 43 26 just
299 821 6 20 i
323 821 35 21 det
373 820 54 27 syfte
443 823 32 19 att
490 821 129 26 tillmötesgå
634 821 40 21 den
689 820 127 27 föregående
830 821 68 21 landt-

75 855 78 26 dagens
178 854 159 27 framställning,
365 854 38 22 och
426 854 85 22 hvilken
533 855 6 20 i
563 855 32 26 sig
618 856 102 26 upptager
745 855 25 21 de
792 854 106 22 allmänna

74 890 96 27 grunder,
193 896 44 15 som
261 890 22 21 af
306 891 52 20 1882
383 891 34 20 års
440 890 88 21 ständer
550 890 116 27 framlagts.
696 890 40 27 Jag
760 890 37 21 vill
811 890 87 21 härmed

74 924 46 21 icke
142 923 60 22 hafva
224 926 54 24 sagt,
300 926 32 19 att
350 924 163 26 nödvändigtvis
527 924 73 26 hvarje
615 924 101 26 landtdag
732 924 74 26 borde,
822 924 27 21 då
863 924 37 21 nå-

73 964 41 21 gon
129 958 65 27 fråga,
210 964 44 15 som
270 958 34 21 vid
319 958 127 27 föregående
461 958 101 27 landtdag
578 958 140 26 förekommit,
736 959 47 20 åter
797 957 54 22 skall
863 958 35 21 be-

76 993 92 26 handlas,
193 993 51 27 hysa
267 993 100 21 identiskt
387 999 82 15 samma
483 993 78 26 åsigter
578 999 43 15 som
639 993 39 21 den
694 992 132 27 föregående.
857 993 42 21 Det

74 1027 41 21 kan
139 1027 24 26 ju
188 1026 61 22 hafva
270 1027 95 21 inträffat
387 1033 42 21 nya
451 1026 66 27 fakta,
540 1026 147 27 förändringar
709 1027 6 20 i
741 1026 157 22 förhållandena

74 1060 72 21 kunna
164 1060 62 21 hafva
241 1061 102 26 uppstått,
358 1060 73 21 hvilka
446 1060 88 27 betinga
549 1062 31 19 ett
595 1062 65 19 annat
675 1060 132 21 bedömande
823 1062 25 19 än
864 1059 35 22 vid

74 1096 31 18 ett
127 1094 89 26 tidigare
238 1094 150 21 ständermöte.
420 1093 51 21 Men
490 1094 41 20 kan
548 1094 35 20 det
598 1094 34 20 väl
648 1094 46 20 med
710 1094 46 21 skäl
772 1094 80 26 påstås,
867 1096 32 18 att

74 1129 30 21 uti
128 1129 25 21 de
168 1129 78 21 sociala
260 1128 153 27 förhållanden,
428 1129 34 21 till
478 1129 71 21 hvilka
565 1129 40 21 den
620 1135 28 15 nu
663 1129 6 20 i
684 1128 59 27 fråga
760 1129 92 21 varande
869 1129 28 21 la-

74 1169 40 20 gen
128 1162 40 21 har
182 1165 32 18 att
228 1165 50 24 taga
292 1162 87 27 hänsyn,
397 1163 69 26 någon
483 1163 40 20 den
539 1163 77 21 minsta
624 1162 124 27 förändring
758 1162 68 22 skulle
837 1162 61 21 hafva

72 1197 81 21 inträdt
167 1198 67 20 under
250 1198 24 20 de
290 1200 83 19 senaste
389 1198 13 21 3
417 1198 68 21 åren?
515 1198 32 20 De
560 1197 137 27 jemförelser,
714 1197 131 22 beträffande
856 1198 41 20 den

73 1231 22 21 af
109 1231 41 27 mig
165 1237 28 15 nu
208 1231 90 21 berörda
312 1231 142 27 synpunkten,
471 1237 46 15 som
533 1231 39 21 den
588 1233 83 19 senaste
685 1231 67 21 ärade
766 1231 82 21 talaren
862 1237 36 15 an-

74 1266 71 26 stälde,
170 1272 60 21 synas
255 1266 40 26 mig
319 1266 43 21 icke
387 1265 62 22 hafva
474 1266 67 26 någon
557 1266 132 26 tillämpning
704 1266 27 26 på
747 1266 59 21 detta
820 1265 78 22 förhål-

72 1298 67 21 lande.
170 1300 42 20 Det
227 1301 24 19 är
265 1301 54 25 sant,
335 1306 25 14 en
377 1299 221 27 lagstiftningsätgärd
613 1301 24 19 är
652 1300 99 26 vidtagen
766 1299 54 21 efter
837 1300 60 26 1882,

72 1333 83 21 hvilken
179 1336 51 19 nära
244 1334 62 21 berör
322 1334 59 21 detta
397 1336 67 24 ämne,
482 1334 105 25 nemligen
602 1334 40 21 den
656 1333 122 27 förändring
794 1334 30 21 uti
839 1334 58 21 kom-

72 1367 220 27 munalförfattningen
313 1367 34 22 för
370 1368 106 26 städerna,
502 1370 32 19 att
549 1374 87 15 numera
651 1368 114 21 skattörets
782 1368 74 27 belopp
873 1370 24 19 är

72 1402 6 21 i
101 1402 61 26 lagen
180 1402 112 26 bestämdt,
308 1402 81 21 hvilket
405 1402 45 21 icke
467 1408 38 15 var
521 1401 64 27 fallet,
601 1402 27 21 dä
642 1402 115 21 ständerna
772 1402 82 21 beslöto
871 1408 25 15 en

72 1436 88 27 petition
184 1442 32 15 om
231 1436 91 27 ändring
335 1436 23 21 af
374 1437 23 20 12
414 1435 13 28 8
443 1436 7 21 i
468 1436 22 21 L.
509 1436 23 21 0.
564 1436 58 21 Dock
638 1438 24 19 är
676 1436 60 21 äfven
753 1436 38 21 den
808 1436 90 21 bestäm-

71 1470 56 26 ning,
151 1476 43 15 som
218 1470 70 21 derom
312 1476 28 15 nu
364 1470 72 26 gäller,
463 1470 68 21 säsom
556 1470 70 26 kändt,
647 1470 128 25 latitudinär,
791 1470 6 20 i
814 1470 36 21 det
865 1472 32 19 att

71 1505 41 21 200
136 1504 59 21 mark
217 1506 23 19 är
262 1504 109 21 minimum
395 1504 39 21 och
459 1505 42 20 400
524 1504 60 21 mark
606 1504 113 21 maximum
737 1504 34 21 för
786 1504 110 26 skattöret,
