<?xml version="1.0" encoding="UTF-8"?>
<alto xmlns="http://www.loc.gov/standards/alto/ns-v3#" xmlns:xlink="http://www.w3.org/1999/xlink" xmlns:xsi="http://www.w3.org/2001/XMLSchema-instance" xsi:schemaLocation="http://www.loc.gov/standards/alto/ns-v3# http://www.loc.gov/alto/v3/alto-3-0.xsd">
	<Description>
		<MeasurementUnit>pixel</MeasurementUnit>
		<sourceImageInformation>
			<fileName>/tmp/tess_s2mvtt02_input.PNG</fileName>
		</sourceImageInformation>
		<OCRProcessing ID="OCR_0">
			<ocrProcessingStep>
				<processingSoftware>
					<softwareName>tesseract 5.3.4</softwareName>
				</processingSoftware>
			</ocrProcessingStep>
		</OCRProcessing>
	</Description>
	<Layout>
		<Page WIDTH="1100" HEIGHT="1762" PHYSICAL_IMG_NR="0" ID="page_0">
			<PrintSpace HPOS="0" VPOS="0" WIDTH="1100" HEIGHT="1762">
				<ComposedBlock ID="cblock_0" HPOS="445" VPOS="133" WIDTH="434" HEIGHT="23">
					<TextBlock ID="block_0" HPOS="445" VPOS="133" WIDTH="434" HEIGHT="23">
						<TextLine ID="line_0" HPOS="445" VPOS="133" WIDTH="434" HEIGHT="23">
							<String ID="string_0" HPOS="445" VPOS="133" WIDTH="14" HEIGHT="19" WC="0.65" CONTENT="1"/><SP WIDTH="14" VPOS="133" HPOS="459"/>
							<String ID="string_1" HPOS="473" VPOS="134" WIDTH="44" HEIGHT="22" WC="0.72" CONTENT="April"/><SP WIDTH="296" VPOS="134" HPOS="517"/>
							<String ID="string_2" HPOS="813" VPOS="133" WIDTH="66" HEIGHT="18" WC="0.90" CONTENT="XCIII"/>
						</TextLine>
					</TextBlock>
				</ComposedBlock>
				<ComposedBlock ID="cblock_1" HPOS="72" VPOS="202" WIDTH="859" HEIGHT="1320">
					<TextBlock ID="block_1" HPOS="72" VPOS="202" WIDTH="831" HEIGHT="226">
						<TextLine ID="line_1" HPOS="74" VPOS="202" WIDTH="827" HEIGHT="27">
							<String ID="string_3" HPOS="74" VPOS="203" WIDTH="78" HEIGHT="26" WC="0.87" CONTENT="förslag"/><SP WIDTH="24" VPOS="203" HPOS="152"/>
							<String ID="string_4" HPOS="176" VPOS="209" WIDTH="48" HEIGHT="14" WC="0.87" CONTENT="vore"/><SP WIDTH="24" VPOS="209" HPOS="224"/>
							<String ID="string_5" HPOS="248" VPOS="203" WIDTH="34" HEIGHT="20" WC="0.96" CONTENT="det"/><SP WIDTH="24" VPOS="203" HPOS="282"/>
							<String ID="string_6" HPOS="306" VPOS="209" WIDTH="43" HEIGHT="14" WC="0.96" CONTENT="som"/><SP WIDTH="26" VPOS="209" HPOS="349"/>
							<String ID="string_7" HPOS="375" VPOS="203" WIDTH="68" HEIGHT="20" WC="0.91" CONTENT="kunde"/><SP WIDTH="16" VPOS="203" HPOS="443"/>
							<String ID="string_8" HPOS="459" VPOS="202" WIDTH="63" HEIGHT="21" WC="0.91" CONTENT="hafva"/><SP WIDTH="16" VPOS="202" HPOS="522"/>
							<String ID="string_9" HPOS="538" VPOS="204" WIDTH="67" HEIGHT="19" WC="0.93" CONTENT="mesta"/><SP WIDTH="17" VPOS="204" HPOS="605"/>
							<String ID="string_10" HPOS="622" VPOS="203" WIDTH="91" HEIGHT="26" WC="0.93" CONTENT="utsigten"/><SP WIDTH="17" VPOS="203" HPOS="713"/>
							<String ID="string_11" HPOS="730" VPOS="204" WIDTH="32" HEIGHT="19" WC="0.93" CONTENT="att"/><SP WIDTH="16" VPOS="204" HPOS="762"/>
							<String ID="string_12" HPOS="778" VPOS="203" WIDTH="65" HEIGHT="20" WC="0.92" CONTENT="samla"/><SP WIDTH="16" VPOS="203" HPOS="843"/>
							<String ID="string_13" HPOS="859" VPOS="209" WIDTH="42" HEIGHT="14" WC="0.91" CONTENT="om-"/>
						</TextLine>
						<TextLine ID="line_2" HPOS="73" VPOS="237" WIDTH="829" HEIGHT="27">
							<String ID="string_14" HPOS="73" VPOS="237" WIDTH="61" HEIGHT="27" WC="0.96" CONTENT="kring"/><SP WIDTH="25" VPOS="237" HPOS="134"/>
							<String ID="string_15" HPOS="159" VPOS="237" WIDTH="32" HEIGHT="26" WC="0.96" CONTENT="sig"/><SP WIDTH="24" VPOS="237" HPOS="191"/>
							<String ID="string_16" HPOS="215" VPOS="243" WIDTH="25" HEIGHT="15" WC="0.93" CONTENT="en"/><SP WIDTH="22" VPOS="243" HPOS="240"/>
							<String ID="string_17" HPOS="262" VPOS="237" WIDTH="64" HEIGHT="26" WC="0.92" CONTENT="nödig"/><SP WIDTH="23" VPOS="237" HPOS="326"/>
							<String ID="string_18" HPOS="349" VPOS="237" WIDTH="112" HEIGHT="26" WC="0.89" CONTENT="majoritet."/><SP WIDTH="31" VPOS="237" HPOS="461"/>
							<String ID="string_19" HPOS="492" VPOS="237" WIDTH="111" HEIGHT="26" WC="0.92" CONTENT="Förslaget"/><SP WIDTH="16" VPOS="237" HPOS="603"/>
							<String ID="string_20" HPOS="619" VPOS="237" WIDTH="40" HEIGHT="21" WC="0.96" CONTENT="har"/><SP WIDTH="16" VPOS="237" HPOS="659"/>
							<String ID="string_21" HPOS="675" VPOS="237" WIDTH="107" HEIGHT="21" WC="0.96" CONTENT="dessutom"/><SP WIDTH="17" VPOS="237" HPOS="782"/>
							<String ID="string_22" HPOS="799" VPOS="237" WIDTH="39" HEIGHT="21" WC="0.93" CONTENT="den"/><SP WIDTH="16" VPOS="237" HPOS="838"/>
							<String ID="string_23" HPOS="854" VPOS="237" WIDTH="48" HEIGHT="21" WC="0.93" CONTENT="obe-"/>
						</TextLine>
						<TextLine ID="line_3" HPOS="72" VPOS="270" WIDTH="831" HEIGHT="27">
							<String ID="string_24" HPOS="72" VPOS="270" WIDTH="99" HEIGHT="27" WC="0.90" CONTENT="stridliga"/><SP WIDTH="27" VPOS="270" HPOS="171"/>
							<String ID="string_25" HPOS="198" VPOS="271" WIDTH="93" HEIGHT="21" WC="0.96" CONTENT="fördelen"/><SP WIDTH="25" VPOS="271" HPOS="291"/>
							<String ID="string_26" HPOS="316" VPOS="270" WIDTH="90" HEIGHT="22" WC="0.95" CONTENT="framför"/><SP WIDTH="23" VPOS="270" HPOS="406"/>
							<String ID="string_27" HPOS="429" VPOS="272" WIDTH="66" HEIGHT="25" WC="0.90" CONTENT="något"/><SP WIDTH="22" VPOS="272" HPOS="495"/>
							<String ID="string_28" HPOS="517" VPOS="273" WIDTH="65" HEIGHT="19" WC="0.96" CONTENT="annat"/><SP WIDTH="23" VPOS="273" HPOS="582"/>
							<String ID="string_29" HPOS="605" VPOS="271" WIDTH="20" HEIGHT="21" WC="0.96" CONTENT="af"/><SP WIDTH="23" VPOS="271" HPOS="625"/>
							<String ID="string_30" HPOS="648" VPOS="271" WIDTH="26" HEIGHT="21" WC="0.93" CONTENT="de"/><SP WIDTH="22" VPOS="271" HPOS="674"/>
							<String ID="string_31" HPOS="696" VPOS="271" WIDTH="144" HEIGHT="26" WC="0.93" CONTENT="föreliggande"/><SP WIDTH="22" VPOS="271" HPOS="840"/>
							<String ID="string_32" HPOS="862" VPOS="271" WIDTH="41" HEIGHT="21" WC="0.91" CONTENT="för-"/>
						</TextLine>
						<TextLine ID="line_4" HPOS="74" VPOS="304" WIDTH="829" HEIGHT="27">
							<String ID="string_33" HPOS="74" VPOS="305" WIDTH="73" HEIGHT="25" WC="0.91" CONTENT="slagen"/><SP WIDTH="32" VPOS="305" HPOS="147"/>
							<String ID="string_34" HPOS="179" VPOS="306" WIDTH="35" HEIGHT="25" WC="0.85" CONTENT="att"/><SP WIDTH="32" VPOS="306" HPOS="214"/>
							<String ID="string_35" HPOS="246" VPOS="305" WIDTH="26" HEIGHT="26" WC="0.94" CONTENT="pä"/><SP WIDTH="30" VPOS="305" HPOS="272"/>
							<String ID="string_36" HPOS="302" VPOS="311" WIDTH="81" HEIGHT="14" WC="0.90" CONTENT="samma"/><SP WIDTH="31" VPOS="311" HPOS="383"/>
							<String ID="string_37" HPOS="414" VPOS="305" WIDTH="53" HEIGHT="26" WC="0.88" CONTENT="gäng"/><SP WIDTH="25" VPOS="305" HPOS="467"/>
							<String ID="string_38" HPOS="492" VPOS="305" WIDTH="33" HEIGHT="20" WC="0.96" CONTENT="det"/><SP WIDTH="20" VPOS="305" HPOS="525"/>
							<String ID="string_39" HPOS="545" VPOS="305" WIDTH="74" HEIGHT="20" WC="0.93" CONTENT="ställer"/><SP WIDTH="23" VPOS="305" HPOS="619"/>
							<String ID="string_40" HPOS="642" VPOS="306" WIDTH="116" HEIGHT="19" WC="0.91" CONTENT="rösträtten"/><SP WIDTH="23" VPOS="306" HPOS="758"/>
							<String ID="string_41" HPOS="781" VPOS="304" WIDTH="33" HEIGHT="21" WC="0.93" CONTENT="för"/><SP WIDTH="21" VPOS="304" HPOS="814"/>
							<String ID="string_42" HPOS="835" VPOS="305" WIDTH="68" HEIGHT="20" WC="0.91" CONTENT="landt-"/>
						</TextLine>
						<TextLine ID="line_5" HPOS="75" VPOS="339" WIDTH="827" HEIGHT="26">
							<String ID="string_43" HPOS="75" VPOS="339" WIDTH="165" HEIGHT="26" WC="0.92" CONTENT="dagsmannaval"/><SP WIDTH="22" VPOS="339" HPOS="240"/>
							<String ID="string_44" HPOS="262" VPOS="339" WIDTH="57" HEIGHT="21" WC="0.93" CONTENT="inom"/><SP WIDTH="17" VPOS="339" HPOS="319"/>
							<String ID="string_45" HPOS="336" VPOS="339" WIDTH="178" HEIGHT="26" WC="0.92" CONTENT="borgareständet"/><SP WIDTH="15" VPOS="339" HPOS="514"/>
							<String ID="string_46" HPOS="529" VPOS="339" WIDTH="128" HEIGHT="26" WC="0.91" CONTENT="fullkomligt"/><SP WIDTH="16" VPOS="339" HPOS="657"/>
							<String ID="string_47" HPOS="673" VPOS="339" WIDTH="121" HEIGHT="21" WC="0.92" CONTENT="oberoende"/><SP WIDTH="16" VPOS="339" HPOS="794"/>
							<String ID="string_48" HPOS="810" VPOS="339" WIDTH="22" HEIGHT="21" WC="0.93" CONTENT="af"/><SP WIDTH="12" VPOS="339" HPOS="832"/>
							<String ID="string_49" HPOS="844" VPOS="339" WIDTH="58" HEIGHT="21" WC="0.91" CONTENT="kom-"/>
						</TextLine>
						<TextLine ID="line_6" HPOS="73" VPOS="373" WIDTH="830" HEIGHT="27">
							<String ID="string_50" HPOS="73" VPOS="373" WIDTH="233" HEIGHT="27" WC="0.85" CONTENT="munalförfattningen,"/><SP WIDTH="15" VPOS="373" HPOS="306"/>
							<String ID="string_51" HPOS="321" VPOS="373" WIDTH="37" HEIGHT="21" WC="0.93" CONTENT="det"/><SP WIDTH="15" VPOS="373" HPOS="358"/>
							<String ID="string_52" HPOS="373" VPOS="373" WIDTH="63" HEIGHT="21" WC="0.96" CONTENT="också"/><SP WIDTH="16" VPOS="373" HPOS="436"/>
							<String ID="string_53" HPOS="452" VPOS="375" WIDTH="39" HEIGHT="25" WC="0.96" CONTENT="gör"/><SP WIDTH="16" VPOS="375" HPOS="491"/>
							<String ID="string_54" HPOS="507" VPOS="373" WIDTH="68" HEIGHT="21" WC="0.93" CONTENT="denna"/><SP WIDTH="15" VPOS="373" HPOS="575"/>
							<String ID="string_55" HPOS="590" VPOS="375" WIDTH="90" HEIGHT="19" WC="0.96" CONTENT="rösträtt"/><SP WIDTH="15" VPOS="375" HPOS="680"/>
							<String ID="string_56" HPOS="695" VPOS="373" WIDTH="88" HEIGHT="21" WC="0.93" CONTENT="alldeles"/><SP WIDTH="15" VPOS="373" HPOS="783"/>
							<String ID="string_57" HPOS="798" VPOS="373" WIDTH="105" HEIGHT="27" WC="0.91" CONTENT="likformig"/>
						</TextLine>
						<TextLine ID="line_7" HPOS="75" VPOS="407" WIDTH="255" HEIGHT="21">
							<String ID="string_58" HPOS="75" VPOS="407" WIDTH="6" HEIGHT="21" WC="0.93" CONTENT="i"/><SP WIDTH="16" VPOS="407" HPOS="81"/>
							<String ID="string_59" HPOS="97" VPOS="407" WIDTH="83" HEIGHT="21" WC="0.93" CONTENT="landets"/><SP WIDTH="17" VPOS="407" HPOS="180"/>
							<String ID="string_60" HPOS="197" VPOS="407" WIDTH="41" HEIGHT="21" WC="0.93" CONTENT="alla"/><SP WIDTH="16" VPOS="407" HPOS="238"/>
							<String ID="string_61" HPOS="254" VPOS="407" WIDTH="76" HEIGHT="21" WC="0.92" CONTENT="städer."/>
						</TextLine>
					</TextBlock>
					<TextBlock ID="block_2" HPOS="74" VPOS="441" WIDTH="833" HEIGHT="471">
						<TextLine ID="line_8" HPOS="144" VPOS="441" WIDTH="759" HEIGHT="28">
							<String ID="string_62" HPOS="144" VPOS="441" WIDTH="32" HEIGHT="22" WC="0.96" CONTENT="Hr"/><SP WIDTH="15" VPOS="441" HPOS="176"/>
							<String ID="string_63" HPOS="191" VPOS="442" WIDTH="150" HEIGHT="20" WC="0.93" CONTENT="Wasenius:"/><SP WIDTH="17" VPOS="442" HPOS="341"/>
							<String ID="string_64" HPOS="358" VPOS="442" WIDTH="33" HEIGHT="20" WC="0.93" CONTENT="Dä"/><SP WIDTH="13" VPOS="442" HPOS="391"/>
							<String ID="string_65" HPOS="404" VPOS="442" WIDTH="36" HEIGHT="26" WC="0.96" CONTENT="jag"/><SP WIDTH="15" VPOS="442" HPOS="440"/>
							<String ID="string_66" HPOS="455" VPOS="441" WIDTH="23" HEIGHT="21" WC="0.93" CONTENT="af"/><SP WIDTH="13" VPOS="441" HPOS="478"/>
							<String ID="string_67" HPOS="491" VPOS="442" WIDTH="66" HEIGHT="26" WC="0.92" CONTENT="nägra"/><SP WIDTH="15" VPOS="442" HPOS="557"/>
							<String ID="string_68" HPOS="572" VPOS="442" WIDTH="79" HEIGHT="20" WC="0.92" CONTENT="talares"/><SP WIDTH="16" VPOS="442" HPOS="651"/>
							<String ID="string_69" HPOS="667" VPOS="442" WIDTH="113" HEIGHT="27" WC="0.92" CONTENT="yttranden"/><SP WIDTH="17" VPOS="442" HPOS="780"/>
							<String ID="string_70" HPOS="797" VPOS="443" WIDTH="53" HEIGHT="19" WC="0.93" CONTENT="trott"/><SP WIDTH="12" VPOS="443" HPOS="850"/>
							<String ID="string_71" HPOS="862" VPOS="442" WIDTH="41" HEIGHT="26" WC="0.96" CONTENT="mig"/>
						</TextLine>
						<TextLine ID="line_9" HPOS="76" VPOS="475" WIDTH="827" HEIGHT="27">
							<String ID="string_72" HPOS="76" VPOS="475" WIDTH="55" HEIGHT="22" WC="0.95" CONTENT="finna"/><SP WIDTH="24" VPOS="475" HPOS="131"/>
							<String ID="string_73" HPOS="155" VPOS="478" WIDTH="32" HEIGHT="19" WC="0.93" CONTENT="att"/><SP WIDTH="22" VPOS="478" HPOS="187"/>
							<String ID="string_74" HPOS="209" VPOS="475" WIDTH="101" HEIGHT="27" WC="0.92" CONTENT="förslaget"/><SP WIDTH="14" VPOS="475" HPOS="310"/>
							<String ID="string_75" HPOS="324" VPOS="476" WIDTH="109" HEIGHT="26" WC="0.91" CONTENT="angäende"/><SP WIDTH="17" VPOS="476" HPOS="433"/>
							<String ID="string_76" HPOS="450" VPOS="476" WIDTH="27" HEIGHT="21" WC="0.93" CONTENT="10"/><SP WIDTH="15" VPOS="476" HPOS="477"/>
							<String ID="string_77" HPOS="492" VPOS="477" WIDTH="69" HEIGHT="19" WC="0.92" CONTENT="röster"/><SP WIDTH="15" VPOS="477" HPOS="561"/>
							<String ID="string_78" HPOS="576" VPOS="476" WIDTH="69" HEIGHT="20" WC="0.92" CONTENT="säsom"/><SP WIDTH="17" VPOS="476" HPOS="645"/>
							<String ID="string_79" HPOS="662" VPOS="476" WIDTH="113" HEIGHT="20" WC="0.93" CONTENT="maximum"/><SP WIDTH="17" VPOS="476" HPOS="775"/>
							<String ID="string_80" HPOS="792" VPOS="475" WIDTH="111" HEIGHT="21" WC="0.92" CONTENT="förklarats"/>
						</TextLine>
						<TextLine ID="line_10" HPOS="75" VPOS="510" WIDTH="828" HEIGHT="26">
							<String ID="string_81" HPOS="75" VPOS="510" WIDTH="63" HEIGHT="21" WC="0.91" CONTENT="hafva"/><SP WIDTH="23" VPOS="510" HPOS="138"/>
							<String ID="string_82" HPOS="161" VPOS="510" WIDTH="31" HEIGHT="21" WC="0.96" CONTENT="sin"/><SP WIDTH="24" VPOS="510" HPOS="192"/>
							<String ID="string_83" HPOS="216" VPOS="510" WIDTH="66" HEIGHT="26" WC="0.95" CONTENT="grund"/><SP WIDTH="22" VPOS="510" HPOS="282"/>
							<String ID="string_84" HPOS="304" VPOS="510" WIDTH="6" HEIGHT="20" WC="0.95" CONTENT="i"/><SP WIDTH="21" VPOS="510" HPOS="310"/>
							<String ID="string_85" HPOS="331" VPOS="510" WIDTH="34" HEIGHT="21" WC="0.93" CONTENT="det"/><SP WIDTH="16" VPOS="510" HPOS="365"/>
							<String ID="string_86" HPOS="381" VPOS="510" WIDTH="132" HEIGHT="21" WC="0.92" CONTENT="förhällande"/><SP WIDTH="16" VPOS="510" HPOS="513"/>
							<String ID="string_87" HPOS="529" VPOS="512" WIDTH="37" HEIGHT="24" WC="0.93" CONTENT="att,"/><SP WIDTH="18" VPOS="512" HPOS="566"/>
							<String ID="string_88" HPOS="584" VPOS="510" WIDTH="62" HEIGHT="21" WC="0.92" CONTENT="innan"/><SP WIDTH="16" VPOS="510" HPOS="646"/>
							<String ID="string_89" HPOS="662" VPOS="510" WIDTH="241" HEIGHT="21" WC="0.91" CONTENT="kommunalförfattnin-"/>
						</TextLine>
						<TextLine ID="line_11" HPOS="77" VPOS="544" WIDTH="827" HEIGHT="27">
							<String ID="string_90" HPOS="77" VPOS="551" WIDTH="39" HEIGHT="20" WC="0.96" CONTENT="gen"/><SP WIDTH="23" VPOS="551" HPOS="116"/>
							<String ID="string_91" HPOS="139" VPOS="545" WIDTH="33" HEIGHT="21" WC="0.93" CONTENT="för"/><SP WIDTH="23" VPOS="545" HPOS="172"/>
							<String ID="string_92" HPOS="195" VPOS="544" WIDTH="98" HEIGHT="21" WC="0.96" CONTENT="städerna"/><SP WIDTH="23" VPOS="544" HPOS="293"/>
							<String ID="string_93" HPOS="316" VPOS="544" WIDTH="44" HEIGHT="21" WC="0.96" CONTENT="blef"/><SP WIDTH="22" VPOS="544" HPOS="360"/>
							<String ID="string_94" HPOS="382" VPOS="544" WIDTH="104" HEIGHT="26" WC="0.93" CONTENT="gällande,"/><SP WIDTH="23" VPOS="544" HPOS="486"/>
							<String ID="string_95" HPOS="509" VPOS="544" WIDTH="161" HEIGHT="21" WC="0.85" CONTENT="röstmaximum"/><SP WIDTH="24" VPOS="544" HPOS="670"/>
							<String ID="string_96" HPOS="694" VPOS="544" WIDTH="6" HEIGHT="20" WC="0.96" CONTENT="i"/><SP WIDTH="20" VPOS="544" HPOS="700"/>
							<String ID="string_97" HPOS="720" VPOS="544" WIDTH="132" HEIGHT="26" WC="0.96" CONTENT="Helsingfors"/><SP WIDTH="16" VPOS="544" HPOS="852"/>
							<String ID="string_98" HPOS="868" VPOS="550" WIDTH="36" HEIGHT="15" WC="0.96" CONTENT="var"/>
						</TextLine>
						<TextLine ID="line_12" HPOS="78" VPOS="578" WIDTH="827" HEIGHT="27">
							<String ID="string_99" HPOS="78" VPOS="579" WIDTH="26" HEIGHT="21" WC="0.93" CONTENT="10"/><SP WIDTH="12" VPOS="579" HPOS="104"/>
							<String ID="string_100" HPOS="116" VPOS="578" WIDTH="116" HEIGHT="25" WC="0.92" CONTENT="skattören,"/><SP WIDTH="14" VPOS="578" HPOS="232"/>
							<String ID="string_101" HPOS="246" VPOS="578" WIDTH="36" HEIGHT="21" WC="0.96" CONTENT="ber"/><SP WIDTH="8" VPOS="578" HPOS="282"/>
							<String ID="string_102" HPOS="290" VPOS="578" WIDTH="36" HEIGHT="27" WC="0.93" CONTENT="jag"/><SP WIDTH="10" VPOS="578" HPOS="326"/>
							<String ID="string_103" HPOS="336" VPOS="578" WIDTH="22" HEIGHT="21" WC="0.96" CONTENT="få"/><SP WIDTH="17" VPOS="578" HPOS="358"/>
							<String ID="string_104" HPOS="375" VPOS="578" WIDTH="86" HEIGHT="27" WC="0.96" CONTENT="upplysa"/><SP WIDTH="13" VPOS="578" HPOS="461"/>
							<String ID="string_105" HPOS="474" VPOS="584" WIDTH="31" HEIGHT="15" WC="0.96" CONTENT="om"/><SP WIDTH="13" VPOS="584" HPOS="505"/>
							<String ID="string_106" HPOS="518" VPOS="580" WIDTH="32" HEIGHT="19" WC="0.96" CONTENT="att"/><SP WIDTH="16" VPOS="580" HPOS="550"/>
							<String ID="string_107" HPOS="566" VPOS="578" WIDTH="26" HEIGHT="21" WC="0.93" CONTENT="dä"/><SP WIDTH="15" VPOS="578" HPOS="592"/>
							<String ID="string_108" HPOS="607" VPOS="578" WIDTH="62" HEIGHT="27" WC="0.92" CONTENT="gälde"/><SP WIDTH="17" VPOS="578" HPOS="669"/>
							<String ID="string_109" HPOS="686" VPOS="580" WIDTH="31" HEIGHT="19" WC="0.93" CONTENT="ett"/><SP WIDTH="15" VPOS="580" HPOS="717"/>
							<String ID="string_110" HPOS="732" VPOS="578" WIDTH="95" HEIGHT="21" WC="0.63" CONTENT="skattöre"/><SP WIDTH="11" VPOS="578" HPOS="827"/>
							<String ID="string_111" HPOS="838" VPOS="578" WIDTH="6" HEIGHT="21" WC="0.93" CONTENT="i"/><SP WIDTH="11" VPOS="578" HPOS="844"/>
							<String ID="string_112" HPOS="855" VPOS="578" WIDTH="50" HEIGHT="21" WC="0.92" CONTENT="Hel-"/>
						</TextLine>
						<TextLine ID="line_13" HPOS="76" VPOS="612" WIDTH="829" HEIGHT="27">
							<String ID="string_113" HPOS="76" VPOS="612" WIDTH="92" HEIGHT="27" WC="0.92" CONTENT="singfors"/><SP WIDTH="25" VPOS="612" HPOS="168"/>
							<String ID="string_114" HPOS="193" VPOS="613" WIDTH="63" HEIGHT="25" WC="0.96" CONTENT="1,000"/><SP WIDTH="21" VPOS="613" HPOS="256"/>
							<String ID="string_115" HPOS="277" VPOS="613" WIDTH="62" HEIGHT="20" WC="0.95" CONTENT="mark"/><SP WIDTH="19" VPOS="613" HPOS="339"/>
							<String ID="string_116" HPOS="358" VPOS="612" WIDTH="39" HEIGHT="21" WC="0.95" CONTENT="och"/><SP WIDTH="15" VPOS="612" HPOS="397"/>
							<String ID="string_117" HPOS="412" VPOS="614" WIDTH="33" HEIGHT="19" WC="0.93" CONTENT="att"/><SP WIDTH="14" VPOS="614" HPOS="445"/>
							<String ID="string_118" HPOS="459" VPOS="613" WIDTH="82" HEIGHT="20" WC="0.92" CONTENT="säledes"/><SP WIDTH="17" VPOS="613" HPOS="541"/>
							<String ID="string_119" HPOS="558" VPOS="613" WIDTH="39" HEIGHT="20" WC="0.93" CONTENT="den"/><SP WIDTH="16" VPOS="613" HPOS="597"/>
							<String ID="string_120" HPOS="613" VPOS="612" WIDTH="77" HEIGHT="27" WC="0.92" CONTENT="högsta"/><SP WIDTH="15" VPOS="612" HPOS="690"/>
							<String ID="string_121" HPOS="705" VPOS="613" WIDTH="93" HEIGHT="20" WC="0.92" CONTENT="inkomst"/><SP WIDTH="15" VPOS="613" HPOS="798"/>
							<String ID="string_122" HPOS="813" VPOS="612" WIDTH="48" HEIGHT="22" WC="0.93" CONTENT="med"/><SP WIDTH="15" VPOS="612" HPOS="861"/>
							<String ID="string_123" HPOS="876" VPOS="612" WIDTH="29" HEIGHT="21" WC="0.93" CONTENT="af-"/>
						</TextLine>
						<TextLine ID="line_14" HPOS="77" VPOS="647" WIDTH="828" HEIGHT="26">
							<String ID="string_124" HPOS="77" VPOS="647" WIDTH="77" HEIGHT="21" WC="0.93" CONTENT="seende"/><SP WIDTH="23" VPOS="647" HPOS="154"/>
							<String ID="string_125" HPOS="177" VPOS="648" WIDTH="12" HEIGHT="20" WC="0.91" CONTENT="å"/><SP WIDTH="23" VPOS="648" HPOS="189"/>
							<String ID="string_126" HPOS="212" VPOS="647" WIDTH="110" HEIGHT="21" WC="0.96" CONTENT="röstetalet"/><SP WIDTH="20" VPOS="647" HPOS="322"/>
							<String ID="string_127" HPOS="342" VPOS="653" WIDTH="38" HEIGHT="15" WC="0.93" CONTENT="var"/><SP WIDTH="16" VPOS="653" HPOS="380"/>
							<String ID="string_128" HPOS="396" VPOS="647" WIDTH="77" HEIGHT="26" WC="0.90" CONTENT="10,000"/><SP WIDTH="15" VPOS="647" HPOS="473"/>
							<String ID="string_129" HPOS="488" VPOS="647" WIDTH="66" HEIGHT="21" WC="0.95" CONTENT="mark."/><SP WIDTH="32" VPOS="647" HPOS="554"/>
							<String ID="string_130" HPOS="586" VPOS="647" WIDTH="38" HEIGHT="26" WC="0.95" CONTENT="Jag"/><SP WIDTH="17" VPOS="647" HPOS="624"/>
							<String ID="string_131" HPOS="641" VPOS="653" WIDTH="62" HEIGHT="15" WC="0.96" CONTENT="anser"/><SP WIDTH="15" VPOS="653" HPOS="703"/>
							<String ID="string_132" HPOS="718" VPOS="647" WIDTH="33" HEIGHT="21" WC="0.96" CONTENT="för"/><SP WIDTH="16" VPOS="647" HPOS="751"/>
							<String ID="string_133" HPOS="767" VPOS="647" WIDTH="42" HEIGHT="21" WC="0.96" CONTENT="min"/><SP WIDTH="16" VPOS="647" HPOS="809"/>
							<String ID="string_134" HPOS="825" VPOS="647" WIDTH="33" HEIGHT="21" WC="0.96" CONTENT="del"/><SP WIDTH="16" VPOS="647" HPOS="858"/>
							<String ID="string_135" HPOS="874" VPOS="649" WIDTH="31" HEIGHT="19" WC="0.96" CONTENT="att"/>
						</TextLine>
						<TextLine ID="line_15" HPOS="78" VPOS="681" WIDTH="826" HEIGHT="21">
							<String ID="string_136" HPOS="78" VPOS="687" WIDTH="34" HEIGHT="15" WC="0.96" CONTENT="om"/><SP WIDTH="26" VPOS="687" HPOS="112"/>
							<String ID="string_137" HPOS="138" VPOS="681" WIDTH="56" HEIGHT="21" WC="0.93" CONTENT="detta"/><SP WIDTH="24" VPOS="681" HPOS="194"/>
							<String ID="string_138" HPOS="218" VPOS="681" WIDTH="158" HEIGHT="21" WC="0.91" CONTENT="röstmaximum"/><SP WIDTH="23" VPOS="681" HPOS="376"/>
							<String ID="string_139" HPOS="399" VPOS="687" WIDTH="27" HEIGHT="15" WC="0.96" CONTENT="nu"/><SP WIDTH="23" VPOS="687" HPOS="426"/>
							<String ID="string_140" HPOS="449" VPOS="681" WIDTH="69" HEIGHT="21" WC="0.93" CONTENT="skulle"/><SP WIDTH="21" VPOS="681" HPOS="518"/>
							<String ID="string_141" HPOS="539" VPOS="681" WIDTH="109" HEIGHT="21" WC="0.93" CONTENT="nedsättas"/><SP WIDTH="15" VPOS="681" HPOS="648"/>
							<String ID="string_142" HPOS="663" VPOS="681" WIDTH="33" HEIGHT="21" WC="0.96" CONTENT="till"/><SP WIDTH="16" VPOS="681" HPOS="696"/>
							<String ID="string_143" HPOS="712" VPOS="681" WIDTH="78" HEIGHT="21" WC="0.96" CONTENT="hälften"/><SP WIDTH="19" VPOS="681" HPOS="790"/>
							<String ID="string_144" HPOS="809" VPOS="681" WIDTH="48" HEIGHT="21" WC="0.93" CONTENT="eller"/><SP WIDTH="17" VPOS="681" HPOS="857"/>
							<String ID="string_145" HPOS="874" VPOS="681" WIDTH="30" HEIGHT="21" WC="0.96" CONTENT="till"/>
						</TextLine>
						<TextLine ID="line_16" HPOS="74" VPOS="715" WIDTH="832" HEIGHT="27">
							<String ID="string_146" HPOS="74" VPOS="718" WIDTH="30" HEIGHT="18" WC="0.94" CONTENT="en"/><SP WIDTH="23" VPOS="718" HPOS="104"/>
							<String ID="string_147" HPOS="127" VPOS="715" WIDTH="94" HEIGHT="21" WC="0.96" CONTENT="inkomst"/><SP WIDTH="22" VPOS="715" HPOS="221"/>
							<String ID="string_148" HPOS="243" VPOS="715" WIDTH="22" HEIGHT="21" WC="0.96" CONTENT="af"/><SP WIDTH="21" VPOS="715" HPOS="265"/>
							<String ID="string_149" HPOS="286" VPOS="716" WIDTH="63" HEIGHT="25" WC="0.96" CONTENT="5,000"/><SP WIDTH="24" VPOS="716" HPOS="349"/>
							<String ID="string_150" HPOS="373" VPOS="715" WIDTH="64" HEIGHT="26" WC="0.96" CONTENT="mark,"/><SP WIDTH="24" VPOS="715" HPOS="437"/>
							<String ID="string_151" HPOS="461" VPOS="715" WIDTH="68" HEIGHT="21" WC="0.96" CONTENT="skulle"/><SP WIDTH="24" VPOS="715" HPOS="529"/>
							<String ID="string_152" HPOS="553" VPOS="715" WIDTH="35" HEIGHT="21" WC="0.93" CONTENT="det"/><SP WIDTH="19" VPOS="715" HPOS="588"/>
							<String ID="string_153" HPOS="607" VPOS="715" WIDTH="18" HEIGHT="27" WC="0.95" CONTENT="ej"/><SP WIDTH="17" VPOS="715" HPOS="625"/>
							<String ID="string_154" HPOS="642" VPOS="722" WIDTH="50" HEIGHT="14" WC="0.93" CONTENT="vara"/><SP WIDTH="17" VPOS="722" HPOS="692"/>
							<String ID="string_155" HPOS="709" VPOS="716" WIDTH="66" HEIGHT="26" WC="0.96" CONTENT="någon"/><SP WIDTH="18" VPOS="716" HPOS="775"/>
							<String ID="string_156" HPOS="793" VPOS="715" WIDTH="65" HEIGHT="21" WC="0.96" CONTENT="fördel"/><SP WIDTH="16" VPOS="715" HPOS="858"/>
							<String ID="string_157" HPOS="874" VPOS="715" WIDTH="32" HEIGHT="21" WC="0.96" CONTENT="för"/>
						</TextLine>
						<TextLine ID="line_17" HPOS="77" VPOS="749" WIDTH="829" HEIGHT="27">
							<String ID="string_158" HPOS="77" VPOS="749" WIDTH="179" HEIGHT="27" WC="0.90" CONTENT="borgareständet"/><SP WIDTH="24" VPOS="749" HPOS="256"/>
							<String ID="string_159" HPOS="280" VPOS="749" WIDTH="36" HEIGHT="21" WC="0.93" CONTENT="och"/><SP WIDTH="24" VPOS="749" HPOS="316"/>
							<String ID="string_160" HPOS="340" VPOS="749" WIDTH="18" HEIGHT="27" WC="0.93" CONTENT="ej"/><SP WIDTH="23" VPOS="749" HPOS="358"/>
							<String ID="string_161" HPOS="381" VPOS="749" WIDTH="67" HEIGHT="21" WC="0.96" CONTENT="heller"/><SP WIDTH="18" VPOS="749" HPOS="448"/>
							<String ID="string_162" HPOS="466" VPOS="749" WIDTH="33" HEIGHT="21" WC="0.96" CONTENT="för"/><SP WIDTH="14" VPOS="749" HPOS="499"/>
							<String ID="string_163" HPOS="513" VPOS="749" WIDTH="78" HEIGHT="21" WC="0.96" CONTENT="landet."/><SP WIDTH="31" VPOS="749" HPOS="591"/>
							<String ID="string_164" HPOS="622" VPOS="749" WIDTH="41" HEIGHT="27" WC="0.96" CONTENT="Jag"/><SP WIDTH="15" VPOS="749" HPOS="663"/>
							<String ID="string_165" HPOS="678" VPOS="749" WIDTH="38" HEIGHT="21" WC="0.93" CONTENT="ber"/><SP WIDTH="16" VPOS="749" HPOS="716"/>
							<String ID="string_166" HPOS="732" VPOS="749" WIDTH="70" HEIGHT="21" WC="0.91" CONTENT="derför"/><SP WIDTH="15" VPOS="749" HPOS="802"/>
							<String ID="string_167" HPOS="817" VPOS="749" WIDTH="32" HEIGHT="21" WC="0.96" CONTENT="för"/><SP WIDTH="14" VPOS="749" HPOS="849"/>
							<String ID="string_168" HPOS="863" VPOS="749" WIDTH="43" HEIGHT="21" WC="0.96" CONTENT="min"/>
						</TextLine>
						<TextLine ID="line_18" HPOS="78" VPOS="783" WIDTH="828" HEIGHT="27">
							<String ID="string_169" HPOS="78" VPOS="783" WIDTH="34" HEIGHT="21" WC="0.92" CONTENT="del"/><SP WIDTH="23" VPOS="783" HPOS="112"/>
							<String ID="string_170" HPOS="135" VPOS="783" WIDTH="129" HEIGHT="21" WC="0.92" CONTENT="fortfarande"/><SP WIDTH="21" VPOS="783" HPOS="264"/>
							<String ID="string_171" HPOS="285" VPOS="783" WIDTH="23" HEIGHT="21" WC="0.92" CONTENT="fä"/><SP WIDTH="22" VPOS="783" HPOS="308"/>
							<String ID="string_172" HPOS="330" VPOS="783" WIDTH="93" HEIGHT="21" WC="0.92" CONTENT="vidhälla"/><SP WIDTH="21" VPOS="783" HPOS="423"/>
							<String ID="string_173" HPOS="444" VPOS="783" WIDTH="118" HEIGHT="21" WC="0.92" CONTENT="utskottets"/><SP WIDTH="22" VPOS="783" HPOS="562"/>
							<String ID="string_174" HPOS="584" VPOS="783" WIDTH="135" HEIGHT="21" WC="0.92" CONTENT="betänkande"/><SP WIDTH="16" VPOS="783" HPOS="719"/>
							<String ID="string_175" HPOS="735" VPOS="783" WIDTH="39" HEIGHT="21" WC="0.96" CONTENT="och"/><SP WIDTH="16" VPOS="783" HPOS="774"/>
							<String ID="string_176" HPOS="790" VPOS="783" WIDTH="27" HEIGHT="21" WC="0.97" CONTENT="dä"/><SP WIDTH="13" VPOS="783" HPOS="817"/>
							<String ID="string_177" HPOS="830" VPOS="783" WIDTH="35" HEIGHT="27" WC="0.96" CONTENT="jag"/><SP WIDTH="16" VPOS="783" HPOS="865"/>
							<String ID="string_178" HPOS="881" VPOS="789" WIDTH="25" HEIGHT="15" WC="0.96" CONTENT="en"/>
						</TextLine>
						<TextLine ID="line_19" HPOS="78" VPOS="817" WIDTH="829" HEIGHT="27">
							<String ID="string_179" HPOS="78" VPOS="818" WIDTH="55" HEIGHT="26" WC="0.96" CONTENT="gång"/><SP WIDTH="15" VPOS="818" HPOS="133"/>
							<String ID="string_180" HPOS="148" VPOS="817" WIDTH="40" HEIGHT="21" WC="0.92" CONTENT="har"/><SP WIDTH="13" VPOS="817" HPOS="188"/>
							<String ID="string_181" HPOS="201" VPOS="817" WIDTH="70" HEIGHT="26" WC="0.54" CONTENT="+ordet,"/><SP WIDTH="17" VPOS="817" HPOS="271"/>
							<String ID="string_182" HPOS="288" VPOS="817" WIDTH="101" HEIGHT="21" WC="0.96" CONTENT="särskildt"/><SP WIDTH="14" VPOS="817" HPOS="389"/>
							<String ID="string_183" HPOS="403" VPOS="817" WIDTH="23" HEIGHT="21" WC="0.96" CONTENT="få"/><SP WIDTH="13" VPOS="817" HPOS="426"/>
							<String ID="string_184" HPOS="439" VPOS="817" WIDTH="74" HEIGHT="21" WC="0.96" CONTENT="förena"/><SP WIDTH="16" VPOS="817" HPOS="513"/>
							<String ID="string_185" HPOS="529" VPOS="818" WIDTH="42" HEIGHT="26" WC="0.96" CONTENT="mig"/><SP WIDTH="11" VPOS="818" HPOS="571"/>
							<String ID="string_186" HPOS="582" VPOS="823" WIDTH="34" HEIGHT="15" WC="0.97" CONTENT="om"/><SP WIDTH="12" VPOS="823" HPOS="616"/>
							<String ID="string_187" HPOS="628" VPOS="819" WIDTH="31" HEIGHT="19" WC="0.93" CONTENT="att"/><SP WIDTH="12" VPOS="819" HPOS="659"/>
							<String ID="string_188" HPOS="671" VPOS="817" WIDTH="65" HEIGHT="21" WC="0.96" CONTENT="orden"/><SP WIDTH="12" VPOS="817" HPOS="736"/>
							<String ID="string_189" HPOS="748" VPOS="823" WIDTH="26" HEIGHT="15" WC="0.93" CONTENT="en"/><SP WIDTH="10" VPOS="823" HPOS="774"/>
							<String ID="string_190" HPOS="784" VPOS="817" WIDTH="123" HEIGHT="21" WC="0.91" CONTENT="femtionde-"/>
						</TextLine>
						<TextLine ID="line_20" HPOS="79" VPOS="852" WIDTH="826" HEIGHT="27">
							<String ID="string_191" HPOS="79" VPOS="852" WIDTH="34" HEIGHT="21" WC="0.96" CONTENT="del"/><SP WIDTH="15" VPOS="852" HPOS="113"/>
							<String ID="string_192" HPOS="128" VPOS="853" WIDTH="28" HEIGHT="25" WC="0.93" CONTENT="pä"/><SP WIDTH="15" VPOS="853" HPOS="156"/>
							<String ID="string_193" HPOS="171" VPOS="858" WIDTH="47" HEIGHT="20" WC="0.91" CONTENT="pag."/><SP WIDTH="19" VPOS="858" HPOS="218"/>
							<String ID="string_194" HPOS="237" VPOS="853" WIDTH="23" HEIGHT="19" WC="0.96" CONTENT="11"/><SP WIDTH="17" VPOS="853" HPOS="260"/>
							<String ID="string_195" HPOS="277" VPOS="852" WIDTH="6" HEIGHT="20" WC="0.93" CONTENT="i"/><SP WIDTH="16" VPOS="852" HPOS="283"/>
							<String ID="string_196" HPOS="299" VPOS="852" WIDTH="145" HEIGHT="21" WC="0.93" CONTENT="betänkandet"/><SP WIDTH="15" VPOS="852" HPOS="444"/>
							<String ID="string_197" HPOS="459" VPOS="852" WIDTH="86" HEIGHT="27" WC="0.92" CONTENT="utbytas"/><SP WIDTH="16" VPOS="852" HPOS="545"/>
							<String ID="string_198" HPOS="561" VPOS="854" WIDTH="56" HEIGHT="19" WC="0.93" CONTENT="emot"/><SP WIDTH="12" VPOS="854" HPOS="617"/>
							<String ID="string_199" HPOS="629" VPOS="852" WIDTH="64" HEIGHT="21" WC="0.93" CONTENT="orden"/><SP WIDTH="14" VPOS="852" HPOS="693"/>
							<String ID="string_200" HPOS="707" VPOS="858" WIDTH="38" HEIGHT="18" WC="0.91" CONTENT=",.en"/><SP WIDTH="12" VPOS="858" HPOS="745"/>
							<String ID="string_201" HPOS="757" VPOS="852" WIDTH="148" HEIGHT="26" WC="0.86" CONTENT="tjugondedel*"/>
						</TextLine>
						<TextLine ID="line_21" HPOS="79" VPOS="885" WIDTH="380" HEIGHT="27">
							<String ID="string_202" HPOS="79" VPOS="886" WIDTH="27" HEIGHT="26" WC="0.96" CONTENT="pä"/><SP WIDTH="16" VPOS="886" HPOS="106"/>
							<String ID="string_203" HPOS="122" VPOS="886" WIDTH="26" HEIGHT="20" WC="0.95" CONTENT="de"/><SP WIDTH="15" VPOS="886" HPOS="148"/>
							<String ID="string_204" HPOS="163" VPOS="886" WIDTH="47" HEIGHT="20" WC="0.96" CONTENT="skäl"/><SP WIDTH="14" VPOS="886" HPOS="210"/>
							<String ID="string_205" HPOS="224" VPOS="886" WIDTH="36" HEIGHT="26" WC="0.93" CONTENT="jag"/><SP WIDTH="14" VPOS="886" HPOS="260"/>
							<String ID="string_206" HPOS="274" VPOS="892" WIDTH="49" HEIGHT="20" WC="0.91" CONTENT="nyss"/><SP WIDTH="14" VPOS="892" HPOS="323"/>
							<String ID="string_207" HPOS="337" VPOS="885" WIDTH="122" HEIGHT="21" WC="0.88" CONTENT="framhällit."/>
						</TextLine>
					</TextBlock>
					<TextBlock ID="block_3" HPOS="78" VPOS="920" WIDTH="853" HEIGHT="602">
						<TextLine ID="line_22" HPOS="149" VPOS="920" WIDTH="759" HEIGHT="27">
							<String ID="string_208" HPOS="149" VPOS="920" WIDTH="119" HEIGHT="21" WC="0.95" CONTENT="Professori"/><SP WIDTH="24" VPOS="920" HPOS="268"/>
							<String ID="string_209" HPOS="292" VPOS="920" WIDTH="155" HEIGHT="21" WC="0.96" CONTENT="Danielson:"/><SP WIDTH="18" VPOS="920" HPOS="447"/>
							<String ID="string_210" HPOS="465" VPOS="920" WIDTH="67" HEIGHT="21" WC="0.93" CONTENT="Herra"/><SP WIDTH="17" VPOS="920" HPOS="532"/>
							<String ID="string_211" HPOS="549" VPOS="920" WIDTH="171" HEIGHT="27" WC="0.80" CONTENT="prolsuraattorin"/><SP WIDTH="18" VPOS="920" HPOS="720"/>
							<String ID="string_212" HPOS="738" VPOS="920" WIDTH="117" HEIGHT="21" WC="0.93" CONTENT="lausunnon"/><SP WIDTH="13" VPOS="920" HPOS="855"/>
							<String ID="string_213" HPOS="868" VPOS="920" WIDTH="40" HEIGHT="26" WC="0.92" CONTENT="jäl-"/>
						</TextLine>
						<TextLine ID="line_23" HPOS="78" VPOS="954" WIDTH="829" HEIGHT="27">
							<String ID="string_214" HPOS="78" VPOS="954" WIDTH="55" HEIGHT="21" WC="0.96" CONTENT="keen"/><SP WIDTH="17" VPOS="954" HPOS="133"/>
							<String ID="string_215" HPOS="150" VPOS="954" WIDTH="18" HEIGHT="21" WC="0.96" CONTENT="ei"/><SP WIDTH="16" VPOS="954" HPOS="168"/>
							<String ID="string_216" HPOS="184" VPOS="956" WIDTH="56" HEIGHT="19" WC="0.96" CONTENT="enää"/><SP WIDTH="15" VPOS="956" HPOS="240"/>
							<String ID="string_217" HPOS="255" VPOS="954" WIDTH="33" HEIGHT="21" WC="0.96" CONTENT="voi"/><SP WIDTH="15" VPOS="954" HPOS="288"/>
							<String ID="string_218" HPOS="303" VPOS="954" WIDTH="52" HEIGHT="21" WC="0.96" CONTENT="tulla"/><SP WIDTH="16" VPOS="954" HPOS="355"/>
							<String ID="string_219" HPOS="371" VPOS="954" WIDTH="159" HEIGHT="27" WC="0.96" CONTENT="kysymykseen,"/><SP WIDTH="15" VPOS="954" HPOS="530"/>
							<String ID="string_220" HPOS="545" VPOS="956" WIDTH="44" HEIGHT="19" WC="0.93" CONTENT="että"/><SP WIDTH="15" VPOS="956" HPOS="589"/>
							<String ID="string_221" HPOS="604" VPOS="954" WIDTH="122" HEIGHT="21" WC="0.92" CONTENT="rohkenisin"/><SP WIDTH="17" VPOS="954" HPOS="726"/>
							<String ID="string_222" HPOS="743" VPOS="954" WIDTH="106" HEIGHT="27" WC="0.92" CONTENT="viivytellä"/><SP WIDTH="13" VPOS="954" HPOS="849"/>
							<String ID="string_223" HPOS="862" VPOS="956" WIDTH="45" HEIGHT="19" WC="0.96" CONTENT="tätä"/>
						</TextLine>
						<TextLine ID="line_24" HPOS="78" VPOS="988" WIDTH="853" HEIGHT="26">
							<String ID="string_224" HPOS="78" VPOS="988" WIDTH="107" HEIGHT="21" WC="0.95" CONTENT="kokousta"/><SP WIDTH="24" VPOS="988" HPOS="185"/>
							<String ID="string_225" HPOS="209" VPOS="988" WIDTH="137" HEIGHT="21" WC="0.95" CONTENT="vastaamalla"/><SP WIDTH="20" VPOS="988" HPOS="346"/>
							<String ID="string_226" HPOS="366" VPOS="988" WIDTH="67" HEIGHT="20" WC="0.93" CONTENT="niihin"/><SP WIDTH="16" VPOS="988" HPOS="433"/>
							<String ID="string_227" HPOS="449" VPOS="988" WIDTH="114" HEIGHT="26" WC="0.92" CONTENT="väitteihin,"/><SP WIDTH="16" VPOS="988" HPOS="563"/>
							<String ID="string_228" HPOS="579" VPOS="988" WIDTH="59" HEIGHT="26" WC="0.96" CONTENT="joilla"/><SP WIDTH="15" VPOS="988" HPOS="638"/>
							<String ID="string_229" HPOS="653" VPOS="988" WIDTH="132" HEIGHT="26" WC="0.96" CONTENT="vapaaherra"/><SP WIDTH="15" VPOS="988" HPOS="785"/>
							<String ID="string_230" HPOS="800" VPOS="988" WIDTH="76" HEIGHT="21" WC="0.96" CONTENT="Wrede"/><SP WIDTH="8" VPOS="988" HPOS="876"/>
							<String ID="string_231" HPOS="884" VPOS="988" WIDTH="24" HEIGHT="26" WC="0.93" CONTENT="ja"/><SP WIDTH="21" VPOS="988" HPOS="908"/>
							<String ID="string_232" HPOS="929" VPOS="993" WIDTH="2" HEIGHT="3" WC="0.82" CONTENT="*"/>
						</TextLine>
						<TextLine ID="line_25" HPOS="78" VPOS="1023" WIDTH="830" HEIGHT="27">
							<String ID="string_233" HPOS="78" VPOS="1023" WIDTH="64" HEIGHT="21" WC="0.96" CONTENT="herra"/><SP WIDTH="18" VPOS="1023" HPOS="142"/>
							<String ID="string_234" HPOS="160" VPOS="1023" WIDTH="120" HEIGHT="21" WC="0.96" CONTENT="Serlachius"/><SP WIDTH="16" VPOS="1023" HPOS="280"/>
							<String ID="string_235" HPOS="296" VPOS="1025" WIDTH="48" HEIGHT="19" WC="0.93" CONTENT="ovat"/><SP WIDTH="15" VPOS="1025" HPOS="344"/>
							<String ID="string_236" HPOS="359" VPOS="1023" WIDTH="123" HEIGHT="21" WC="0.92" CONTENT="koettaneet"/><SP WIDTH="15" VPOS="1023" HPOS="482"/>
							<String ID="string_237" HPOS="497" VPOS="1023" WIDTH="114" HEIGHT="26" WC="0.93" CONTENT="puolustaa"/><SP WIDTH="10" VPOS="1023" HPOS="611"/>
							<String ID="string_238" HPOS="621" VPOS="1023" WIDTH="173" HEIGHT="27" WC="0.92" CONTENT="lainselitystään."/><SP WIDTH="26" VPOS="1023" HPOS="794"/>
							<String ID="string_239" HPOS="820" VPOS="1023" WIDTH="88" HEIGHT="21" WC="0.96" CONTENT="Tahdon"/>
						</TextLine>
						<TextLine ID="line_26" HPOS="79" VPOS="1056" WIDTH="827" HEIGHT="27">
							<String ID="string_240" HPOS="79" VPOS="1057" WIDTH="127" HEIGHT="20" WC="0.96" CONTENT="ainoastaan"/><SP WIDTH="24" VPOS="1057" HPOS="206"/>
							<String ID="string_241" HPOS="230" VPOS="1058" WIDTH="85" HEIGHT="19" WC="0.93" CONTENT="vastata"/><SP WIDTH="13" VPOS="1058" HPOS="315"/>
							<String ID="string_242" HPOS="328" VPOS="1058" WIDTH="89" HEIGHT="19" WC="0.91" CONTENT="erääsen"/><SP WIDTH="14" VPOS="1058" HPOS="417"/>
							<String ID="string_243" HPOS="431" VPOS="1056" WIDTH="94" HEIGHT="21" WC="0.96" CONTENT="kohtaan"/><SP WIDTH="15" VPOS="1056" HPOS="525"/>
							<String ID="string_244" HPOS="540" VPOS="1056" WIDTH="64" HEIGHT="21" WC="0.96" CONTENT="herra"/><SP WIDTH="15" VPOS="1056" HPOS="604"/>
							<String ID="string_245" HPOS="619" VPOS="1056" WIDTH="161" HEIGHT="21" WC="0.96" CONTENT="Serlachiuksen"/><SP WIDTH="17" VPOS="1056" HPOS="780"/>
							<String ID="string_246" HPOS="797" VPOS="1056" WIDTH="109" HEIGHT="27" WC="0.96" CONTENT="puheessa,"/>
						</TextLine>
						<TextLine ID="line_27" HPOS="79" VPOS="1090" WIDTH="828" HEIGHT="27">
							<String ID="string_247" HPOS="79" VPOS="1091" WIDTH="65" HEIGHT="20" WC="0.96" CONTENT="missä"/><SP WIDTH="18" VPOS="1091" HPOS="144"/>
							<String ID="string_248" HPOS="162" VPOS="1091" WIDTH="42" HEIGHT="21" WC="0.96" CONTENT="hän"/><SP WIDTH="18" VPOS="1091" HPOS="204"/>
							<String ID="string_249" HPOS="222" VPOS="1091" WIDTH="59" HEIGHT="20" WC="0.96" CONTENT="sanoi"/><SP WIDTH="14" VPOS="1091" HPOS="281"/>
							<String ID="string_250" HPOS="295" VPOS="1091" WIDTH="72" HEIGHT="20" WC="0.93" CONTENT="minun"/><SP WIDTH="15" VPOS="1091" HPOS="367"/>
							<String ID="string_251" HPOS="382" VPOS="1091" WIDTH="122" HEIGHT="20" WC="0.92" CONTENT="viskaneeni"/><SP WIDTH="14" VPOS="1091" HPOS="504"/>
							<String ID="string_252" HPOS="518" VPOS="1091" WIDTH="127" HEIGHT="20" WC="0.92" CONTENT="solvauksen"/><SP WIDTH="14" VPOS="1091" HPOS="645"/>
							<String ID="string_253" HPOS="659" VPOS="1090" WIDTH="66" HEIGHT="21" WC="0.96" CONTENT="häntä"/><SP WIDTH="13" VPOS="1090" HPOS="725"/>
							<String ID="string_254" HPOS="738" VPOS="1091" WIDTH="22" HEIGHT="26" WC="0.96" CONTENT="ja"/><SP WIDTH="14" VPOS="1091" HPOS="760"/>
							<String ID="string_255" HPOS="774" VPOS="1091" WIDTH="54" HEIGHT="20" WC="0.96" CONTENT="niitä"/><SP WIDTH="14" VPOS="1091" HPOS="828"/>
							<String ID="string_256" HPOS="842" VPOS="1090" WIDTH="65" HEIGHT="21" WC="0.96" CONTENT="kahta"/>
						</TextLine>
						<TextLine ID="line_28" HPOS="79" VPOS="1125" WIDTH="829" HEIGHT="27">
							<String ID="string_257" HPOS="79" VPOS="1125" WIDTH="160" HEIGHT="21" WC="0.96" CONTENT="kunnioitettua"/><SP WIDTH="17" VPOS="1125" HPOS="239"/>
							<String ID="string_258" HPOS="256" VPOS="1126" WIDTH="109" HEIGHT="26" WC="0.96" CONTENT="edustajaa"/><SP WIDTH="15" VPOS="1126" HPOS="365"/>
							<String ID="string_259" HPOS="380" VPOS="1128" WIDTH="93" HEIGHT="24" WC="0.96" CONTENT="vastaan,"/><SP WIDTH="14" VPOS="1128" HPOS="473"/>
							<String ID="string_260" HPOS="487" VPOS="1126" WIDTH="62" HEIGHT="26" WC="0.96" CONTENT="jotka"/><SP WIDTH="16" VPOS="1126" HPOS="549"/>
							<String ID="string_261" HPOS="565" VPOS="1125" WIDTH="67" HEIGHT="21" WC="0.96" CONTENT="hänen"/><SP WIDTH="16" VPOS="1125" HPOS="632"/>
							<String ID="string_262" HPOS="648" VPOS="1126" WIDTH="105" HEIGHT="20" WC="0.96" CONTENT="kanssaan"/><SP WIDTH="11" VPOS="1126" HPOS="753"/>
							<String ID="string_263" HPOS="764" VPOS="1128" WIDTH="50" HEIGHT="18" WC="0.93" CONTENT="ovat"/><SP WIDTH="10" VPOS="1128" HPOS="814"/>
							<String ID="string_264" HPOS="824" VPOS="1126" WIDTH="84" HEIGHT="21" WC="0.93" CONTENT="allekir-"/>
						</TextLine>
						<TextLine ID="line_29" HPOS="78" VPOS="1159" WIDTH="830" HEIGHT="27">
							<String ID="string_265" HPOS="78" VPOS="1160" WIDTH="116" HEIGHT="26" WC="0.90" CONTENT="joittaneet"/><SP WIDTH="18" VPOS="1160" HPOS="194"/>
							<String ID="string_266" HPOS="212" VPOS="1159" WIDTH="183" HEIGHT="27" WC="0.90" CONTENT="puheena-olevan"/><SP WIDTH="15" VPOS="1159" HPOS="395"/>
							<String ID="string_267" HPOS="410" VPOS="1160" WIDTH="151" HEIGHT="20" WC="0.95" CONTENT="vastalauseen."/><SP WIDTH="32" VPOS="1160" HPOS="561"/>
							<String ID="string_268" HPOS="593" VPOS="1159" WIDTH="26" HEIGHT="21" WC="0.92" CONTENT="Se"/><SP WIDTH="15" VPOS="1159" HPOS="619"/>
							<String ID="string_269" HPOS="634" VPOS="1161" WIDTH="105" HEIGHT="25" WC="0.96" CONTENT="perustuu"/><SP WIDTH="13" VPOS="1161" HPOS="739"/>
							<String ID="string_270" HPOS="752" VPOS="1161" WIDTH="72" HEIGHT="19" WC="0.96" CONTENT="tämän"/><SP WIDTH="15" VPOS="1161" HPOS="824"/>
							<String ID="string_271" HPOS="839" VPOS="1159" WIDTH="69" HEIGHT="21" WC="0.96" CONTENT="hänen"/>
						</TextLine>
						<TextLine ID="line_30" HPOS="79" VPOS="1194" WIDTH="829" HEIGHT="27">
							<String ID="string_272" HPOS="79" VPOS="1194" WIDTH="119" HEIGHT="21" WC="0.93" CONTENT="väitteensä"/><SP WIDTH="26" VPOS="1194" HPOS="198"/>
							<String ID="string_273" HPOS="224" VPOS="1194" WIDTH="143" HEIGHT="27" WC="0.87" CONTENT="erehtykseen."/><SP WIDTH="33" VPOS="1194" HPOS="367"/>
							<String ID="string_274" HPOS="400" VPOS="1194" WIDTH="58" HEIGHT="21" WC="0.96" CONTENT="Minä"/><SP WIDTH="23" VPOS="1194" HPOS="458"/>
							<String ID="string_275" HPOS="481" VPOS="1200" WIDTH="26" HEIGHT="15" WC="0.96" CONTENT="en"/><SP WIDTH="22" VPOS="1200" HPOS="507"/>
							<String ID="string_276" HPOS="529" VPOS="1194" WIDTH="34" HEIGHT="21" WC="0.92" CONTENT="ole"/><SP WIDTH="22" VPOS="1194" HPOS="563"/>
							<String ID="string_277" HPOS="585" VPOS="1194" WIDTH="113" HEIGHT="21" WC="0.92" CONTENT="viskannut"/><SP WIDTH="23" VPOS="1194" HPOS="698"/>
							<String ID="string_278" HPOS="721" VPOS="1194" WIDTH="107" HEIGHT="21" WC="0.93" CONTENT="solvausta"/><SP WIDTH="22" VPOS="1194" HPOS="828"/>
							<String ID="string_279" HPOS="850" VPOS="1194" WIDTH="58" HEIGHT="21" WC="0.96" CONTENT="heitä"/>
						</TextLine>
						<TextLine ID="line_31" HPOS="78" VPOS="1228" WIDTH="830" HEIGHT="27">
							<String ID="string_280" HPOS="78" VPOS="1230" WIDTH="97" HEIGHT="24" WC="0.94" CONTENT="vastaan,"/><SP WIDTH="24" VPOS="1230" HPOS="175"/>
							<String ID="string_281" HPOS="199" VPOS="1228" WIDTH="57" HEIGHT="21" WC="0.96" CONTENT="minä"/><SP WIDTH="22" VPOS="1228" HPOS="256"/>
							<String ID="string_282" HPOS="278" VPOS="1234" WIDTH="26" HEIGHT="15" WC="0.96" CONTENT="en"/><SP WIDTH="23" VPOS="1234" HPOS="304"/>
							<String ID="string_283" HPOS="327" VPOS="1228" WIDTH="39" HEIGHT="26" WC="0.96" CONTENT="ole,"/><SP WIDTH="19" VPOS="1228" HPOS="366"/>
							<String ID="string_284" HPOS="385" VPOS="1228" WIDTH="97" HEIGHT="21" WC="0.96" CONTENT="niinkuin"/><SP WIDTH="15" VPOS="1228" HPOS="482"/>
							<String ID="string_285" HPOS="497" VPOS="1228" WIDTH="42" HEIGHT="21" WC="0.96" CONTENT="hän"/><SP WIDTH="16" VPOS="1228" HPOS="539"/>
							<String ID="string_286" HPOS="555" VPOS="1228" WIDTH="66" HEIGHT="27" WC="0.96" CONTENT="sanoi,"/><SP WIDTH="13" VPOS="1228" HPOS="621"/>
							<String ID="string_287" HPOS="634" VPOS="1228" WIDTH="101" HEIGHT="27" WC="0.96" CONTENT="puhunut"/><SP WIDTH="12" VPOS="1228" HPOS="735"/>
							<String ID="string_288" HPOS="747" VPOS="1228" WIDTH="78" HEIGHT="21" WC="0.92" CONTENT="heidän"/><SP WIDTH="15" VPOS="1228" HPOS="825"/>
							<String ID="string_289" HPOS="840" VPOS="1228" WIDTH="68" HEIGHT="21" WC="0.92" CONTENT="motii-"/>
						</TextLine>
						<TextLine ID="line_32" HPOS="78" VPOS="1261" WIDTH="830" HEIGHT="27">
							<String ID="string_290" HPOS="78" VPOS="1261" WIDTH="107" HEIGHT="26" WC="0.91" CONTENT="veistaan;"/><SP WIDTH="26" VPOS="1261" HPOS="185"/>
							<String ID="string_291" HPOS="211" VPOS="1262" WIDTH="55" HEIGHT="21" WC="0.96" CONTENT="minä"/><SP WIDTH="24" VPOS="1262" HPOS="266"/>
							<String ID="string_292" HPOS="290" VPOS="1262" WIDTH="132" HEIGHT="26" WC="0.96" CONTENT="päinvastoin"/><SP WIDTH="23" VPOS="1262" HPOS="422"/>
							<String ID="string_293" HPOS="445" VPOS="1262" WIDTH="110" HEIGHT="26" WC="0.96" CONTENT="mainitsin,"/><SP WIDTH="19" VPOS="1262" HPOS="555"/>
							<String ID="string_294" HPOS="574" VPOS="1264" WIDTH="44" HEIGHT="19" WC="0.96" CONTENT="että"/><SP WIDTH="15" VPOS="1264" HPOS="618"/>
							<String ID="string_295" HPOS="633" VPOS="1262" WIDTH="42" HEIGHT="21" WC="0.96" CONTENT="olin"/><SP WIDTH="16" VPOS="1262" HPOS="675"/>
							<String ID="string_296" HPOS="691" VPOS="1262" WIDTH="126" HEIGHT="21" WC="0.96" CONTENT="vakuutettu"/><SP WIDTH="15" VPOS="1262" HPOS="817"/>
							<String ID="string_297" HPOS="832" VPOS="1262" WIDTH="76" HEIGHT="21" WC="0.96" CONTENT="heidän"/>
						</TextLine>
						<TextLine ID="line_33" HPOS="78" VPOS="1296" WIDTH="830" HEIGHT="27">
							<String ID="string_298" HPOS="78" VPOS="1296" WIDTH="210" HEIGHT="27" WC="0.90" CONTENT="lojaalisuudestaan."/><SP WIDTH="25" VPOS="1296" HPOS="288"/>
							<String ID="string_299" HPOS="313" VPOS="1296" WIDTH="70" HEIGHT="21" WC="0.96" CONTENT="Herra"/><SP WIDTH="14" VPOS="1296" HPOS="383"/>
							<String ID="string_300" HPOS="397" VPOS="1296" WIDTH="163" HEIGHT="21" WC="0.96" CONTENT="Serlachiuksen"/><SP WIDTH="16" VPOS="1296" HPOS="560"/>
							<String ID="string_301" HPOS="576" VPOS="1296" WIDTH="89" HEIGHT="27" WC="0.96" CONTENT="erehdys"/><SP WIDTH="16" VPOS="1296" HPOS="665"/>
							<String ID="string_302" HPOS="681" VPOS="1302" WIDTH="25" HEIGHT="15" WC="0.96" CONTENT="on"/><SP WIDTH="13" VPOS="1302" HPOS="706"/>
							<String ID="string_303" HPOS="719" VPOS="1296" WIDTH="189" HEIGHT="21" WC="0.96" CONTENT="silminnähtävästi"/>
						</TextLine>
						<TextLine ID="line_34" HPOS="79" VPOS="1330" WIDTH="830" HEIGHT="27">
							<String ID="string_304" HPOS="79" VPOS="1332" WIDTH="76" HEIGHT="19" WC="0.96" CONTENT="saanut"/><SP WIDTH="17" VPOS="1332" HPOS="155"/>
							<String ID="string_305" HPOS="172" VPOS="1330" WIDTH="88" HEIGHT="21" WC="0.95" CONTENT="alkunsa"/><SP WIDTH="16" VPOS="1330" HPOS="260"/>
							<String ID="string_306" HPOS="276" VPOS="1330" WIDTH="54" HEIGHT="26" WC="0.96" CONTENT="siitä,"/><SP WIDTH="16" VPOS="1330" HPOS="330"/>
							<String ID="string_307" HPOS="346" VPOS="1332" WIDTH="45" HEIGHT="19" WC="0.96" CONTENT="että"/><SP WIDTH="15" VPOS="1332" HPOS="391"/>
							<String ID="string_308" HPOS="406" VPOS="1330" WIDTH="72" HEIGHT="21" WC="0.93" CONTENT="sanoin"/><SP WIDTH="17" VPOS="1330" HPOS="478"/>
							<String ID="string_309" HPOS="495" VPOS="1330" WIDTH="180" HEIGHT="27" WC="0.92" CONTENT="puheena-olevan"/><SP WIDTH="17" VPOS="1330" HPOS="675"/>
							<String ID="string_310" HPOS="692" VPOS="1330" WIDTH="156" HEIGHT="27" WC="0.91" CONTENT="lainselityksen"/><SP WIDTH="14" VPOS="1330" HPOS="848"/>
							<String ID="string_311" HPOS="862" VPOS="1335" WIDTH="47" HEIGHT="21" WC="0.93" CONTENT="syn-"/>
						</TextLine>
						<TextLine ID="line_35" HPOS="79" VPOS="1364" WIDTH="828" HEIGHT="27">
							<String ID="string_312" HPOS="79" VPOS="1367" WIDTH="77" HEIGHT="24" WC="0.92" CONTENT="tyneen"/><SP WIDTH="24" VPOS="1367" HPOS="156"/>
							<String ID="string_313" HPOS="180" VPOS="1365" WIDTH="83" HEIGHT="26" WC="0.95" CONTENT="aikana,"/><SP WIDTH="23" VPOS="1365" HPOS="263"/>
							<String ID="string_314" HPOS="286" VPOS="1365" WIDTH="74" HEIGHT="26" WC="0.93" CONTENT="jolloin"/><SP WIDTH="22" VPOS="1365" HPOS="360"/>
							<String ID="string_315" HPOS="382" VPOS="1364" WIDTH="151" HEIGHT="27" WC="0.91" CONTENT="puoluekiihko"/><SP WIDTH="17" VPOS="1364" HPOS="533"/>
							<String ID="string_316" HPOS="550" VPOS="1365" WIDTH="28" HEIGHT="20" WC="0.96" CONTENT="oli"/><SP WIDTH="15" VPOS="1365" HPOS="578"/>
							<String ID="string_317" HPOS="593" VPOS="1364" WIDTH="111" HEIGHT="21" WC="0.93" CONTENT="kohonnut"/><SP WIDTH="15" VPOS="1364" HPOS="704"/>
							<String ID="string_318" HPOS="719" VPOS="1365" WIDTH="188" HEIGHT="20" WC="0.92" CONTENT="korkeimmilleen."/>
						</TextLine>
						<TextLine ID="line_36" HPOS="79" VPOS="1399" WIDTH="830" HEIGHT="27">
							<String ID="string_319" HPOS="79" VPOS="1399" WIDTH="112" HEIGHT="21" WC="0.96" CONTENT="Tarkoitin"/><SP WIDTH="15" VPOS="1399" HPOS="191"/>
							<String ID="string_320" HPOS="206" VPOS="1399" WIDTH="115" HEIGHT="27" WC="0.96" CONTENT="tapauksia"/><SP WIDTH="13" VPOS="1399" HPOS="321"/>
							<String ID="string_321" HPOS="334" VPOS="1399" WIDTH="146" HEIGHT="27" WC="0.96" CONTENT="Tampereella"/><SP WIDTH="11" VPOS="1399" HPOS="480"/>
							<String ID="string_322" HPOS="491" VPOS="1399" WIDTH="69" HEIGHT="21" WC="0.96" CONTENT="vähän"/><SP WIDTH="11" VPOS="1399" HPOS="560"/>
							<String ID="string_323" HPOS="571" VPOS="1401" WIDTH="111" HEIGHT="19" WC="0.96" CONTENT="enemmän"/><SP WIDTH="11" VPOS="1401" HPOS="682"/>
							<String ID="string_324" HPOS="693" VPOS="1399" WIDTH="50" HEIGHT="21" WC="0.96" CONTENT="kuin"/><SP WIDTH="11" VPOS="1399" HPOS="743"/>
							<String ID="string_325" HPOS="754" VPOS="1399" WIDTH="70" HEIGHT="21" WC="0.96" CONTENT="kolme"/><SP WIDTH="12" VPOS="1399" HPOS="824"/>
							<String ID="string_326" HPOS="836" VPOS="1401" WIDTH="73" HEIGHT="19" WC="0.96" CONTENT="vuotta"/>
						</TextLine>
						<TextLine ID="line_37" HPOS="78" VPOS="1433" WIDTH="831" HEIGHT="27">
							<String ID="string_327" HPOS="78" VPOS="1433" WIDTH="114" HEIGHT="26" WC="0.96" CONTENT="takaperin"/><SP WIDTH="24" VPOS="1433" HPOS="192"/>
							<String ID="string_328" HPOS="216" VPOS="1433" WIDTH="21" HEIGHT="26" WC="0.96" CONTENT="ja"/><SP WIDTH="22" VPOS="1433" HPOS="237"/>
							<String ID="string_329" HPOS="259" VPOS="1433" WIDTH="69" HEIGHT="21" WC="0.96" CONTENT="luulen"/><SP WIDTH="16" VPOS="1433" HPOS="328"/>
							<String ID="string_330" HPOS="344" VPOS="1439" WIDTH="139" HEIGHT="15" WC="0.96" CONTENT="maassamme"/><SP WIDTH="16" VPOS="1439" HPOS="483"/>
							<String ID="string_331" HPOS="499" VPOS="1433" WIDTH="92" HEIGHT="27" WC="0.96" CONTENT="yleisesti"/><SP WIDTH="16" VPOS="1433" HPOS="591"/>
							<String ID="string_332" HPOS="607" VPOS="1435" WIDTH="170" HEIGHT="25" WC="0.96" CONTENT="myönnettävän,"/><SP WIDTH="17" VPOS="1435" HPOS="777"/>
							<String ID="string_333" HPOS="794" VPOS="1435" WIDTH="45" HEIGHT="19" WC="0.96" CONTENT="että"/><SP WIDTH="13" VPOS="1435" HPOS="839"/>
							<String ID="string_334" HPOS="852" VPOS="1433" WIDTH="57" HEIGHT="27" WC="0.96" CONTENT="juuri"/>
						</TextLine>
						<TextLine ID="line_38" HPOS="79" VPOS="1467" WIDTH="829" HEIGHT="27">
							<String ID="string_335" HPOS="79" VPOS="1473" WIDTH="25" HEIGHT="15" WC="0.96" CONTENT="ne"/><SP WIDTH="26" VPOS="1473" HPOS="104"/>
							<String ID="string_336" HPOS="130" VPOS="1467" WIDTH="112" HEIGHT="27" WC="0.96" CONTENT="tapaukset"/><SP WIDTH="24" VPOS="1467" HPOS="242"/>
							<String ID="string_337" HPOS="266" VPOS="1469" WIDTH="50" HEIGHT="19" WC="0.96" CONTENT="ovat"/><SP WIDTH="23" VPOS="1469" HPOS="316"/>
							<String ID="string_338" HPOS="339" VPOS="1467" WIDTH="124" HEIGHT="21" WC="0.92" CONTENT="surullisena"/><SP WIDTH="24" VPOS="1467" HPOS="463"/>
							<String ID="string_339" HPOS="487" VPOS="1467" WIDTH="134" HEIGHT="26" WC="0.90" CONTENT="osotuksena,"/><SP WIDTH="18" VPOS="1467" HPOS="621"/>
							<String ID="string_340" HPOS="639" VPOS="1467" WIDTH="66" HEIGHT="21" WC="0.93" CONTENT="miten"/><SP WIDTH="15" VPOS="1467" HPOS="705"/>
							<String ID="string_341" HPOS="720" VPOS="1467" WIDTH="152" HEIGHT="27" WC="0.92" CONTENT="puoluekiihko"/><SP WIDTH="14" VPOS="1467" HPOS="872"/>
							<String ID="string_342" HPOS="886" VPOS="1467" WIDTH="22" HEIGHT="27" WC="0.96" CONTENT="jo"/>
						</TextLine>
						<TextLine ID="line_39" HPOS="78" VPOS="1501" WIDTH="832" HEIGHT="21">
							<String ID="string_343" HPOS="78" VPOS="1501" WIDTH="70" HEIGHT="21" WC="0.95" CONTENT="silloin"/><SP WIDTH="24" VPOS="1501" HPOS="148"/>
							<String ID="string_344" HPOS="172" VPOS="1501" WIDTH="27" HEIGHT="21" WC="0.96" CONTENT="oli"/><SP WIDTH="25" VPOS="1501" HPOS="199"/>
							<String ID="string_345" HPOS="224" VPOS="1503" WIDTH="88" HEIGHT="19" WC="0.96" CONTENT="noussut"/><SP WIDTH="23" VPOS="1503" HPOS="312"/>
							<String ID="string_346" HPOS="335" VPOS="1507" WIDTH="67" HEIGHT="15" WC="0.90" CONTENT="ennen"/><SP WIDTH="23" VPOS="1507" HPOS="402"/>
							<String ID="string_347" HPOS="425" VPOS="1501" WIDTH="213" HEIGHT="21" WC="0.90" CONTENT="aavistamattomaan"/><SP WIDTH="22" VPOS="1501" HPOS="638"/>
							<String ID="string_348" HPOS="660" VPOS="1503" WIDTH="107" HEIGHT="19" WC="0.95" CONTENT="määrään."/><SP WIDTH="31" VPOS="1503" HPOS="767"/>
							<String ID="string_349" HPOS="798" VPOS="1501" WIDTH="44" HEIGHT="21" WC="0.93" CONTENT="Hra"/><SP WIDTH="20" VPOS="1501" HPOS="842"/>
							<String ID="string_350" HPOS="862" VPOS="1501" WIDTH="48" HEIGHT="21" WC="0.91" CONTENT="Ser-"/>
						</TextLine>
					</TextBlock>
				</ComposedBlock>
			</PrintSpace>
		</Page>
	</Layout>
</alto>
