1142 1786
412 113 47 17 Der
464 113 23 18 14
499 113 93 16 Februari.
890 108 27 19 47

117 159 206 29 m—m—.
368 159 56 29 11
426 159 10 29 15
438 159 54 29 5"="="1
494 159 5 29 1"
506 159 3 29 "
121 163 823 17 "1"
916 159 33 29 >

459 187 101 38 Transport
676 210 1 4 |
700 196 59 18 18585]
807 186 5 27 |
831 196 113 19 17,900|/—)

215 226 53 20 ning;
287 225 93 20 komplett
398 223 42 16 med
460 223 38 16 inre
521 223 39 15 fön-
676 228 1 19 i
807 230 2 12 H
943 222 1 31 |

212 250 40 14 ster
272 260 3 3 .
533 242 27 28 NIKO
607 245 22 14 80
636 240 11 29 i
647 252 22 2 —
728 242 33 15 880
770 238 8 28 |
779 249 21 2 —

156 272 20 16 16
190 273 22 14 st.
234 271 43 20 smä,
298 259 55 27 enkla
360 259 3 4 *
372 258 135 32 gluggfönster,
511 253 46 40 kom:
560 264 9 15 |
676 266 1 6 I
943 261 2 28 i

213 294 59 20 plette
303 305 3 3 .
332 305 3 3 .
550 291 10 15 al
607 290 75 22 20/—]
728 288 86 28 —320/—|]
943 295 2 7 |

167 318 9 14 2
190 318 22 14 st.
226 316 98 20 hällspisar
335 304 41 27 med
389 303 118 50 plätkupor;
504 303 56 26 ”kom-
681 322 1 3 |
813 323 1 9 |

213 340 59 20 plette
304 351 2 3 .
332 350 3 4 .
532 337 28 15 «ål
596 336 73 15 200;—
729 333 32 15 400
769 329 10 28 |
781 339 19 3 —

167 363 10 15 2
190 364 22 14 st.
225 362 91 16 klosetter
332 373 3 4 .
360 373 4 3 .
532 359 28 16 XA
607 357 71 17 60|—'
730 356 32 15 120
771 351 8 30 |
781 362 21 3 —

168 386 9 14 2
190 387 23 14 st.
226 385 56 15 enkla
294 372 113 32 jornstakett
418 372 32 26 vid
459 371 101 49 trappupp:
677 374 1 30 |

214 408 92 20 gångarne
332 419 3 4 .
360 419 4 3 .
608 404 70 22 40|—
741 401 22 16 80]
781 407 21 3 —

168 431 10 15 2
191 432 22 14 st.
235 430 55 16 enkla
311 414 110 40 jerndörrar
434 418 29 26 till
475 405 85 42 äänt

214 454 104 20 kompletta
332 465 2 3 .
360 464 3 4 .
389 464 3 3 -
476 463 31 4 Mr
550 451 10 15 a
609 450 21 16 80]
654 460 11 4 —
677 450 2 23 |
731 449 32 15 160
771 445 8 28 |
781 454 20 2 —

169 478 8 14 1
192 478 22 14 st.
224 476 156 20 smidjernsgaller
389 464 31 26 vid
430 464 91 31 ingängen
530 463 30 26 till
638 474 2 11 1
678 477 1 11 1
945 477 1 21 |

214 498 208 17 ventilationsskorten,
436 497 41 16 med
486 496 74 16 manhäl
639 493 1 13 |
945 506 1 7 |

215 522 33 16 och
261 522 90 20 stängsel,
366 522 20 15 15
399 515 74 26 lispund
504 532 4 3 .
534 520 27 15 .&
610 520 21 15 10|
649 529 21 2 —
732 519 32 16 150
773 514 8 30 |
783 522 33 7 —
808 514 10 30 |
945 516 2 10 !

148 546 30 15 187
192 545 80 20 gvardat
292 545 72 15 famnar
387 545 51 19 yttre
462 543 99 20 rappning,
945 538 2 14 |

215 568 41 16 med
276 568 54 15 enkel
349 567 60 16 rustik
425 567 33 15 och
472 566 90 20 dragning

215 591 19 15 af
247 591 57 18 lister,
318 591 48 15 samt
379 589 107 21 afputsning
506 600 3 4 .
534 589 28 15 .å
621 591 10 14 5
731 589 33 15 935
783 590 22 3 |
946 605 1 3 N

146 612 33 17 315
193 614 57 15 kubik
268 614 71 15 famnar
358 618 48 15 grus,
418 612 30 16 till
462 612 101 20 utfyllning
679 623 2 4 i
816 626 1 8 |
946 613 1 5 :

215 636 34 16 och
261 636 96 20 planering
370 636 18 15 af
400 635 82 16 bankens
494 634 46 21 gård
554 634 10 16 å
623 636 50 15 4/—
715 635 50 16 1.260
776 631 8 28 |
816 635 2 8 ||
946 634 1 4 i

147 660 33 16 340
194 660 79 20 gvadrat
297 659 71 15 famnar
393 658 131 20 stenläggning
545 658 19 15 af

216 682 114 19 densamma;
349 681 41 16 med
404 681 112 16 materialier
530 680 32 16 och

217 705 64 16 arbete
306 717 3 3 .
334 717 4 3 .
364 716 3 4 a
536 700 28 26 «så
623 705 50 14 Bj
717 704 49 20 1,700
775 699 6 29 |
784 704 21 2 *

195 728 35 16 För
249 728 71 16 diverse
337 716 70 27 mindre
421 711 143 41 "arbetskostna-
947 737 2 9 '

217 751 33 15 der
259 751 33 16 och
302 750 121 16 oförutsedda
416 785 3 3 »
432 750 77 38 utgifter
520 754 44 34 "pp"
947 755 1 5 i

217 776 52 18 tages
301 786 3 2 .
329 786 3 3 .
600 780 21 3 —
653 778 32 16 1—.)|
717 774 96 20 1,510|—1
947 776 2 5 i

466 807 73 15 Summa
552 807 119 16 Arbetslöner
685 808 33 16 och
731 797 64 36 Diverse
808 801 6 28 |
837 807 62 19 26,100
907 803 10 27 |
918 814 20 2 —

681 844 72 15 Summa
765 842 39 22 Fc
808 838 11 31 |
837 842 61 19 44,000
917 835 33 28 -|

278 897 147 27 Sammandrag
441 897 22 21 af
475 897 130 22 förestående
621 898 186 27 kostnadsförslag:

127 933 114 26 Förslaget
258 939 32 14 n:o
311 934 16 24 1,
344 931 210 27 hufvudbyggnaden
581 948 5 5 .
617 948 5 5 .
653 948 5 5 .
689 948 4 5 .
725 948 4 5 .
761 948 3 4 .
796 932 92 26 620,200
908 927 43 36 Zn

129 961 111 26 Förslaget
258 968 34 13 n:o
308 961 20 26 2,
344 960 123 27 bibyggnad
484 962 40 19 ete.
548 976 4 5 .
583 976 5 5 .
620 977 4 4 .
656 977 4 4 .
692 977 4 4 .
727 976 5 5 .
763 977 4 4 .
813 960 78 25 44,000
921 976 13 9 ,,

548 1001 87 20 Summa
652 1007 129 14 summarum
798 1000 91 27 664,200
905 1000 47 27 Zan

200 1029 143 27 Helsingfors,
359 1029 6 20 i
381 1028 89 21 Januari
487 1029 62 20 1872.

648 1057 99 28 Hampus
763 1057 120 21 Dalström.

199 1085 117 21 Bordlades
333 1085 31 20 till
379 1087 61 18 nästa
455 1086 165 21 sammanträde.

198 1142 57 21 Herr
272 1141 194 22 landtmarskalken
484 1143 125 20 hemställde
625 1143 94 20 härefter
739 1142 47 21 med
802 1141 115 28 anledning
931 1141 24 20 af

130 1171 72 20 derom
227 1171 5 20 i
253 1171 235 20 talmanskonferensen
509 1171 64 21 väckt
592 1171 69 27 fräga,
680 1171 104 20 huruvida
802 1170 151 27 ridderskapet

129 1199 39 21 och
184 1199 62 21 adeln
268 1199 48 20 ville
332 1199 88 20 tillsätta
440 1201 30 18 ett
486 1199 88 21 allmänt
591 1200 96 20 besvärs-
704 1199 39 21 och
759 1201 31 18 ett
806 1198 146 28 expeditions-

130 1228 94 24 utskott,
248 1228 23 20 af
292 1227 72 21 hvilka
387 1228 36 19 det
443 1234 75 14 senare
538 1228 66 27 enligt
627 1227 234 28 landtdagsordningen
885 1226 68 21 borde

131 1256 63 21 hafva
210 1257 13 20 2
240 1256 117 21 ledamöter
373 1256 46 21 frän
437 1256 73 27 hvarje
527 1257 68 20 ständ.

200 1284 45 21 Och
262 1285 68 20 beslöt
346 1284 150 27 ridderskapet
512 1285 38 20 och
563 1285 61 21 adeln
636 1287 31 18 att
676 1285 90 20 tillsätta
773 1283 92 22 nämnde
874 1285 79 19 tvenne

130 1313 84 20 utskott
236 1313 89 20 sålunda
348 1315 32 18 att
403 1313 106 20 allmänna
530 1314 194 20 besvärsutskottet
744 1313 68 20 skulle
829 1313 87 26 utgöras
932 1311 23 21 af

130 1342 12 19 3
159 1341 119 21 ledamöter
294 1342 38 19 och
348 1343 12 19 2
377 1341 139 27 suppleanter
532 1344 55 18 samt
603 1341 243 28 expeditionsutskottet
861 1340 24 21 af
898 1341 13 19 2
923 1340 30 20 le-

131 1369 97 21 damöter
244 1371 39 19 och
302 1371 7 19 1
328 1370 114 27 suppleant
457 1370 46 20 från
520 1370 149 27 ridderskapet
685 1370 39 21 och
741 1369 69 21 adeln.

200 1397 81 22 Vidare
299 1398 143 27 tillkännagaf
459 1398 49 21 herr
527 1399 179 20 landtmarsalken
717 1400 31 19 att
756 1397 199 21 riddarhusutskot-

130 1428 44 18 tets
197 1427 127 20 ordförande,
354 1427 74 26 grefve
450 1427 98 20 Aminoff
567 1427 80 20 anmält
670 1429 31 18 att
719 1427 13 20 2
748 1426 139 27 suppleanter
903 1431 52 14 vore

132 1454 107 27 behöflige
255 1455 5 20 i
278 1455 90 20 berörde
391 1455 83 20 utskott
489 1455 33 20 för
538 1458 30 18 att
585 1456 4 19 i
607 1455 100 20 händelse
723 1455 23 20 af
759 1456 69 26 någon
848 1453 106 21 ledamots

132 1482 70 21 förfall
219 1483 61 21 träda
296 1484 4 19 i
317 1484 79 20 dennes
414 1484 66 20 ställe.

202 1510 46 21 Och
272 1518 44 14 som
334 1512 148 27 ridderskapet
502 1512 38 20 och
558 1512 60 20 adeln
635 1512 58 20 biföll
717 1512 49 20 herr
791 1509 164 21 landtmarskal-
