1142 1786
474 104 39 15 Den
529 103 20 16 12
563 103 52 16 Mars.
889 103 38 20 241

132 160 58 21 deles
214 159 102 28 eftergift,
338 159 26 21 dä
385 159 23 20 af
425 159 102 27 kejserlig
547 159 46 24 näd,
614 161 67 25 vägen
701 161 69 25 öppen
791 162 33 17 att
840 160 69 20 vända
925 161 33 27 sig

132 188 48 21 med
196 195 26 14 en
238 188 62 20 skrift
317 188 30 20 till
364 188 114 27 kejserliga
494 190 97 18 senaten.
617 187 32 20 Nu
661 194 64 21 synes
736 187 37 21 det
784 187 55 21 efter
851 188 40 21 den
904 195 52 21 upp-

132 217 98 27 fattning,
252 223 46 14 som
316 216 6 20 i
341 216 107 27 ätskilliga
467 216 182 27 framställningar
667 217 6 19 i
689 216 35 20 det
741 216 114 27 höglofliga
871 217 86 21 ständet

132 245 58 27 gjort
214 245 32 27 sig
267 244 105 28 gällande,
395 246 32 19 att
446 245 40 19 alla
505 246 91 25 utvägar
612 251 51 14 vore
679 245 32 20 för
727 244 114 21 framtiden
858 245 98 28 stängda,

132 275 32 18 att
180 273 64 27 ingen
260 275 41 24 väg
317 273 76 20 funnes
409 275 31 18 att
456 273 86 20 komma
558 273 31 19 till
601 273 68 26 nägon
682 273 65 20 sädan
762 273 96 27 eftergift
872 273 2 20 i
887 275 69 26 nägon

132 301 108 21 händelse.
272 300 43 21 Det
338 300 113 28 höglofliga
472 300 97 21 ständets
591 301 64 20 ärade
671 300 179 28 bankfullmäktig
867 302 38 20 har
921 302 35 20 be-

132 330 80 20 kräftat
228 329 57 21 hvad
298 329 38 27 jag
352 331 52 18 trott
420 329 43 27 mig
479 329 65 20 hafva
560 328 113 28 anledning
689 331 32 18 att
731 329 104 25 förmoda,
847 332 31 18 att
891 330 65 20 bank-

132 358 133 28 fullmäktige
280 358 48 20 icke
344 357 67 21 skulle
427 360 70 18 ansett
513 358 35 26 sig
564 357 133 27 berättigade
709 360 31 18 att
752 357 78 28 bevilja
840 358 41 20 den
893 358 63 21 efter-

132 386 46 28 gift,
194 386 89 21 hvarom
300 386 234 27 hypoteksföreningen
551 386 83 20 ansökt.
661 385 40 21 Om
719 386 82 20 säledes
819 386 48 21 icke
885 387 70 27 nägon

131 416 66 25 utväg
219 415 68 21 finnes
310 414 32 20 för
366 414 233 28 hypoteksföreningen
623 416 31 19 att
673 414 69 20 vända
762 414 31 27 sig
818 414 30 20 till
871 415 84 21 landets

132 443 93 26 ständer,
242 444 24 20 sä
281 443 69 20 skulle
366 443 62 27 ingen
445 443 112 27 möjlighet
568 442 69 27 gifvas
649 445 31 18 att
691 443 64 20 vinna
766 443 65 20 mälet
842 443 33 21 för
886 443 70 21 denna

131 472 103 21 ansökan.
266 471 43 21 Det
332 472 23 19 är
378 471 61 27 sagdt
460 473 30 18 att
512 471 234 27 hypoteksföreningen
769 471 72 21 kunde
863 472 93 20 inlemna

132 507 25 13 en
179 500 89 28 petition
288 500 38 20 hos
342 500 121 24 ständerna,
480 506 48 14 men
546 500 233 26 hypoteksföreningen
796 499 39 21 har
850 500 48 21 icke
919 500 37 21 nä-

131 535 41 21 gon
192 528 234 28 representationsrätt,
448 528 41 20 kan
510 528 84 20 säledes
610 528 39 20 hos
665 528 116 20 ständerna
799 528 47 21 icke
863 529 93 21 inlemna

131 558 71 26 nägon
226 557 98 27 petition,
346 556 40 21 kan
406 557 47 20 icke
473 556 67 21 heller
556 556 83 21 anhälla
655 556 38 21 hos
709 556 40 21 den
766 563 41 14 ena
822 558 51 21 eller
889 557 66 21 andra

130 585 114 25 individen,
262 587 31 19 att
309 585 40 20 han
365 586 70 19 säsom
451 585 33 20 för
500 585 67 20 saken
583 585 133 20 fremmande
733 585 67 20 skulle
818 593 51 13 vara
882 586 23 20 af
915 586 39 20 den

130 613 108 27 godheten
261 614 39 20 och
320 613 128 27 petitionera
466 613 33 20 för
522 613 245 27 hypoteksföreningens
791 614 98 27 räkning.
922 614 33 20 Då

131 642 24 20 sä
177 642 101 20 förhåller
300 642 38 27 sig,
363 642 65 27 vågar
448 642 37 27 jag
510 643 56 19 ännu
592 642 59 27 yrka,
670 644 32 18 att
722 642 40 20 den
779 644 40 26 väg
838 642 117 28 hypoteks-

130 670 127 28 föreningen
276 670 48 24 valt,
341 671 4 20 i
362 670 76 27 sjelfva
455 670 76 20 verket
547 671 23 19 är
586 670 39 20 den
643 670 54 20 enda
714 670 85 28 möjliga
815 672 39 20 och
870 671 85 21 derföre

130 699 41 21 den
196 701 62 24 rätta,
282 699 100 27 möjligen
407 698 46 21 med
474 698 140 27 förbigäende
634 699 22 20 af
671 698 190 28 bankfullmäktige
875 706 79 20 genom

131 734 25 14 en
181 728 124 20 skrifvelses
328 726 84 21 direkta
435 727 170 20 framlemnande
623 727 31 20 till
675 727 171 21 bankutskottet.
878 727 76 28 Nägon

130 757 41 25 väg
186 757 69 19 måste
271 756 33 20 stä
320 757 69 25 öppen
406 755 33 21 för
455 756 47 26 den,
520 762 45 13 som
583 756 33 19 vill
633 755 80 21 erhålla
729 755 94 28 eftergift
837 757 3 19 i
852 756 102 20 Finlands

130 784 65 26 bank,
215 786 31 18 att
262 784 21 20 få
299 791 25 13 en
341 784 65 20 sådan
422 784 96 20 ansökan
535 783 111 27 framlagd.
677 783 138 28 Grundlagen
833 786 62 26 säger
912 784 43 20 helt

130 813 80 25 enkelt,
229 815 31 18 att
280 812 83 20 banken
383 814 44 18 stär
446 812 67 20 under
533 812 126 20 ständernas
680 812 61 26 värd;
761 813 114 20 ständerna
892 813 62 21 hafva

130 840 83 22 således
229 840 102 28 rättighet
347 843 31 18 att
395 841 4 20 i
416 840 100 21 afseende
533 841 13 20 å
557 840 96 21 bankens
665 841 180 27 angelägenheter
856 841 97 21 fullkom-

130 870 39 26 ligt
184 871 53 25 göra
253 870 39 20 och
309 869 49 21 låta.

200 897 100 21 Friberre
317 904 46 13 von
380 897 76 20 Born:
472 897 10 20 I
498 897 149 20 hufvudsaken
664 897 58 20 delar
731 897 38 28 jag
779 897 26 21 de
819 898 78 26 åsigter
909 905 45 13 som

129 926 6 20 i
152 926 71 20 denna
238 926 61 27 fråga
315 926 87 20 uttalats
419 925 23 21 af
456 926 49 19 herr
522 925 115 20 Snellman.
669 925 42 20 Det
728 933 44 13 som
789 927 49 20 herr
853 926 101 27 Pipping,

130 954 98 27 Fredrik,
244 955 71 20 anfört
332 955 22 19 är
370 954 125 27 visserligen
511 953 130 28 fullkomligt
652 955 42 19 rätt
707 954 131 21 beträffande
850 955 36 20 det
898 954 56 21 olika

129 985 43 18 sätt
196 983 81 26 hvarpå
300 982 90 21 ärender
414 982 86 20 komma
522 982 69 20 under
611 982 125 21 ständernas
754 983 134 27 behandling,
905 989 48 14 men

127 1011 39 27 jag
188 1018 64 13 anser
268 1010 48 21 herr
336 1010 92 27 Pipping
444 1011 64 20 hafva
524 1011 99 20 förbisett
640 1010 36 21 det
692 1011 105 20 särskilda
812 1011 141 21 förhållandet

130 1046 45 13 som
192 1046 50 21 eger
258 1046 46 13 rum
321 1039 48 20 med
386 1039 26 20 de
428 1039 97 26 ärender,
543 1039 72 20 hvilka
631 1040 48 19 röra
696 1039 99 20 Finlands
811 1039 64 27 bank,
887 1039 66 21 sedan

130 1067 124 21 densamma
270 1068 152 19 öfverlemnats
438 1068 21 19 åt
476 1067 122 20 ständerna.
623 1067 120 21 Ständerna
759 1069 42 24 äro,
819 1069 69 20 såsom
905 1068 49 19 herr

130 1095 108 22 Snellman
254 1095 120 27 framställt,
392 1095 94 22 bankens
499 1095 138 27 principaler;
647 1095 115 21 ständerna
773 1096 64 21 hafva
848 1098 32 19 att
891 1103 61 20 gran-

129 1124 39 21 ska
192 1124 96 21 bankens
315 1124 48 21 hela
385 1124 139 27 förvaltning,
554 1123 83 21 således
660 1124 60 20 faller
745 1125 44 25 det,
817 1125 70 20 såsom
911 1124 42 27 mig

129 1159 72 21 synes,
225 1153 22 20 af
264 1153 32 26 sig
314 1152 50 27 sjelf
381 1154 33 19 att
429 1152 118 21 ständerna
563 1152 71 20 kunna
650 1154 51 25 taga
716 1153 98 26 initiativ,
831 1152 122 22 oberoende

129 1181 23 20 af
166 1181 158 27 propositioner
340 1181 45 19 från
404 1180 26 20 H.
447 1180 26 20 K.
490 1180 70 28 Maj:t,
576 1181 6 19 i
599 1180 71 27 frågor
687 1187 45 15 som
743 1183 49 18 röra
803 1181 96 21 bankens
910 1181 42 20 för-

128 1209 98 28 valtning
240 1210 6 19 i
263 1208 121 21 allmänhet.
416 1208 66 21 Detta
498 1210 24 19 är
539 1208 54 20 klart
610 1216 32 12 om
660 1216 48 13 man
724 1209 67 21 fäster
802 1210 33 27 sig
846 1209 35 21 vid
892 1209 61 21 orda-

128 1237 96 27 lydelsen
240 1238 7 20 i
263 1238 11 26 8
292 1237 24 20 11
334 1237 22 20 af
369 1237 78 28 nådiga
462 1237 153 27 förordningen
632 1237 23 20 af
669 1237 38 20 den
725 1238 12 20 9
753 1237 122 22 December
892 1237 61 26 1867,

128 1266 6 20 i
158 1266 64 21 hvars
244 1266 68 21 andra
331 1268 94 18 moment
443 1265 99 27 stadgas:
562 1281 11 9 ,,
577 1266 48 20 Men
641 1265 133 22 beträffande
791 1266 107 27 primitiva
913 1265 39 22 och

128 1294 214 27 hypoteksfonderna
357 1294 75 27 gäller:
449 1296 31 18 att
496 1294 42 20 alla
550 1294 134 20 föreskrifter
702 1295 110 26 angående
831 1295 64 20 dessa
908 1295 45 20 fon-

128 1322 38 21 der
187 1323 52 20 eller
262 1323 6 20 i
286 1323 116 20 allmänhet
423 1322 91 21 rörande
538 1321 103 22 Finlands
666 1322 67 21 banks
750 1323 91 21 redbara
857 1323 95 28 tillgång,

128 1351 228 28 sedelutgifningsrätt,
372 1351 129 20 lånerörelse
518 1350 40 21 och
575 1350 67 27 öfriga
657 1350 146 22 förhållanden
820 1352 30 19 till
865 1352 86 21 allmän-

128 1379 64 21 heten
212 1379 67 25 skola,
298 1379 70 21 såsom
389 1379 25 27 $$
434 1380 34 25 40,
484 1380 34 25 41,
535 1379 27 20 42
579 1379 38 20 och
633 1379 26 20 43
676 1379 22 20 af
714 1380 53 20 1772
783 1381 34 19 års
834 1381 118 27 regerings-

127 1407 54 21 form
198 1415 34 13 om
248 1407 108 28 lagfrägor
372 1407 84 27 stadga,
473 1407 69 21 ehvad
558 1407 103 27 förslaget
677 1408 69 20 dertill
757 1408 45 20 från
814 1407 28 22 H,
855 1407 26 22 K.
893 1408 60 28 Maj:t

128 1435 52 21 eller
191 1436 115 21 ständerna
317 1436 71 27 utgätt
398 1438 48 18 ...'*
466 1436 70 20 Dessa
548 1435 37 21 ord
597 1452 5 8 ,
605 1435 51 25 från
669 1437 114 19 ständerna
794 1438 84 26 utgått"
890 1444 64 14 anser

124 1464 39 26 jag
179 1464 106 21 innefatta
300 1464 42 24 det,
360 1466 32 18 att
408 1464 5 20 i
429 1464 72 27 frägor
517 1464 92 21 rörande
625 1464 92 26 banken,
729 1471 40 21 ega
780 1465 117 20 ständerna
911 1467 42 19 rätt

128 1492 30 20 till
175 1492 97 20 initiativ.
300 1491 73 27 Nägon
391 1492 77 20 tvekan
486 1499 33 13 om
538 1492 124 20 ständernas
680 1492 128 26 befogenhet
825 1496 31 17 att
871 1494 8 19 i
894 1494 59 20 detta

864 1535 20 15 16
