1142 1786
468 122 39 15 Den
522 122 21 15 16
556 121 56 20 April.
885 119 42 20 443

133 177 67 21 banks
224 177 91 27 styrelse
339 176 76 28 gjorda
434 177 156 26 framställning
611 177 92 20 beslutat
722 177 22 20 åt
757 175 196 27 bankfullmäktige

132 205 132 21 öfverlemna
282 208 32 18 att
334 206 12 19 å
365 205 128 20 ständernas
514 207 79 25 vägnar
609 205 22 20 åt
648 205 192 20 bankdirektionen
857 203 98 21 meddela

132 234 106 27 decharge
258 235 32 19 för
310 233 48 21 dess
375 233 137 28 förvaltning,
529 236 56 18 samt
601 235 31 19 att
649 233 73 27 hvarje
738 233 62 20 stånd
817 232 66 21 borde
900 232 55 27 välja

132 270 26 13 en
182 263 120 26 fullmäktig
322 265 54 17 samt
393 265 32 17 tre
442 262 141 27 fullmäktigs-
600 262 39 21 och
656 264 32 18 tre
705 261 249 27 revisors-suppleanter,

133 291 47 20 med
202 291 81 20 hvilkas
303 291 33 19 val
356 291 55 20 dock
427 291 67 20 borde
513 291 61 20 anstå
590 291 54 19 intill
661 290 49 20 dess
724 289 121 21 kännedom
861 289 93 25 vunnits,

132 319 104 21 huruvida
252 319 25 21 de
294 319 68 27 öfriga
378 319 91 21 stånden
486 319 62 20 fattat
565 318 111 21 enahanda
693 318 81 26 beslut;

201 350 31 18 att
256 347 85 21 ståndet
359 347 108 21 förkastat
486 347 154 27 lagutskottets
661 346 136 22 betänkande
817 346 5 20 i
839 346 115 27 anledning

134 376 22 20 af
178 376 77 28 nådiga
278 376 160 27 propositionen
459 383 33 13 om
514 375 121 28 antagande
652 376 23 20 af
689 375 214 27 fridlysningsstadga
921 374 33 21 för

133 412 48 20 gas-
198 405 39 20 och
253 404 194 28 vattenledningar,
464 406 56 19 samt
536 404 6 20 i
554 404 48 20 dess
615 404 61 20 ställe
687 404 83 27 antagit
782 404 107 26 professor
901 403 53 21 Ehr-

133 435 77 19 ströms
230 433 5 21 i
256 433 49 21 dess
324 434 132 20 reservation
476 435 44 19 mot
537 433 117 20 utskottets
670 432 135 21 betänkande
821 432 133 20 framställda

133 462 80 27 förslag
229 462 31 20 till
275 462 127 27 författning
418 462 6 20 i
440 463 82 25 ämnet;

201 492 31 18 att
248 490 86 21 ståndet
350 490 95 28 godkänt
462 490 153 28 lagutskottets
632 490 135 20 betänkande
783 490 5 20 i
805 489 114 27 anledning
934 489 23 21 af

133 519 78 27 nådiga
236 519 160 27 propositionen
420 518 111 28 angående
555 518 120 28 ersättning
698 518 31 21 till
747 518 82 21 vittnen
849 518 6 20 i
875 518 78 21 sådana

132 548 75 27 grofva
224 548 106 24 brottmål,
347 548 31 20 uti
394 547 72 21 hvilka
482 547 76 21 allmän
575 547 101 28 åklagare
693 554 50 21 eger
759 547 46 21 föra
821 547 69 26 talan;

202 578 31 19 att
252 576 86 21 ståndet
358 576 30 21 till
406 576 106 21 allmänna
531 575 197 22 besvärsutskottet
744 576 121 21 remitterat
880 583 25 14 en
924 576 30 20 till

132 604 85 22 ståndet
233 604 22 21 af
270 605 120 27 vicepastor
407 604 110 28 Dahlberg
532 604 108 20 inlemnad
656 604 39 21 och
711 604 24 20 af
749 604 96 21 ståndets
857 604 97 20 enskilda

133 633 174 21 besvärsutskott
324 632 105 28 handlagd
445 633 91 27 petition
552 632 110 28 angående
677 632 132 22 inrättandet
824 633 6 21 i
869 633 26 21 Åbo
907 632 47 21 stad

133 662 23 21 af
174 664 32 19 ett
229 661 133 28 fullständigt
384 662 219 20 elementarläroverk
626 661 48 21 med
693 661 82 21 finskan
795 662 30 21 till
845 662 109 20 undervis-

133 690 138 28 ningsspråk;

202 721 31 19 att
249 719 86 21 ståndet
350 718 31 22 till
397 718 188 28 sjölagsutskottet
601 719 120 21 remitterat
737 718 76 28 nådiga
825 719 128 27 propositio-

134 755 40 13 nen
191 747 111 28 angående
318 748 67 20 stads-
402 748 40 20 och
454 747 220 28 landtmannafartygs
685 747 152 21 likställande
829 743 15 36 i
852 747 102 21 afseende

133 778 12 19 å
161 776 131 27 rättigheten
308 776 30 21 till
355 776 61 20 deras
434 776 149 27 begagnande;

202 807 32 19 att
257 805 86 21 ståndet
366 805 48 21 icke
434 805 82 27 antagit
536 804 105 21 allmänna
657 804 207 21 besvärsutskottets
881 804 73 22 betän-

133 834 70 20 kande
218 833 112 27 angående
350 833 144 21 aflemnandet
510 833 23 21 af
547 840 25 14 en
589 833 90 28 petition
696 840 33 14 om
746 833 127 21 förändrade
889 840 65 21 grun-

134 862 38 20 der
188 862 33 20 för
236 862 328 27 räntepersedleomsättningen.

270 890 56 21 Från
343 890 178 27 borgareståndet
538 890 47 20 med
602 890 215 27 tillkännagifvande:

202 920 32 19 att
250 919 86 21 ståndet
351 919 6 20 i
373 919 95 26 enlighet
484 919 47 20 med
546 919 105 20 allmänna
663 919 206 20 besvärsutskottets
881 918 72 21 derom

132 947 80 28 afgifna
235 947 80 28 förslag
337 947 48 21 icke
408 947 57 20 velat
485 949 95 25 upptaga
599 954 25 13 en
643 947 57 20 inom
718 947 157 21 bondeståndet
890 947 65 22 väckt

134 976 88 27 petition
247 976 110 26 angående
373 977 228 26 augmentsräntornas
621 975 128 28 indragning
770 976 29 20 till
817 976 81 21 kronan
915 976 38 21 och

133 1004 129 21 rusthållens
278 1004 136 21 likställande
430 1004 49 21 med
495 1004 68 27 öfriga
579 1004 158 27 skattskyldiga
754 1004 109 27 hemman;

202 1035 32 18 att
250 1032 85 21 ståndet
354 1033 94 20 beslutat
464 1033 30 20 till
511 1032 28 21 H.
556 1032 27 21 K.
601 1033 60 27 Maj:t
677 1033 50 26 ingå
743 1033 48 20 med
807 1039 26 14 en
850 1033 105 21 underdä-

134 1061 36 28 nig
186 1061 89 27 petition
293 1068 33 13 om
343 1061 204 28 sägningsafgiftens
564 1061 137 27 fullständiga
717 1061 142 27 afskaffande;

202 1091 32 19 att
250 1089 84 21 ståndet
345 1089 97 28 godkänt
453 1090 26 20 de
490 1090 5 20 i
508 1089 175 21 bankutskottets
695 1090 116 21 berättelse
822 1090 60 21 öfver
893 1090 62 21 verk-

134 1118 62 21 ställd
212 1119 132 27 granskning
360 1119 22 20 af
397 1118 103 21 Finlands
517 1118 150 27 bankstyrelse
682 1118 120 21 innehällna
819 1118 80 28 förslag
915 1119 39 20 och

134 1147 94 20 beslutat
250 1147 117 28 uppskjuta
391 1147 60 20 valen
472 1147 22 20 af
511 1147 192 26 bankfullmäktige
723 1147 39 21 och
779 1147 106 20 revisorer
900 1149 55 19 samt

134 1175 145 27 suppleanter,
302 1175 53 21 intill
372 1175 49 20 dess
447 1175 174 21 bankutskottets
643 1175 135 21 betänkande
796 1176 61 20 öfver
875 1175 80 27 förslag

134 1203 31 21 till
182 1203 132 27 reglemente
330 1204 32 20 för
378 1203 103 21 Finlands
498 1204 57 20 bank
571 1204 122 26 aflemnats;

202 1234 32 19 att
256 1232 87 21 ständet
366 1232 120 21 remitterat
510 1232 40 21 den
570 1232 77 28 nädiga
666 1232 159 28 propositionen
843 1232 112 27 angäende

134 1261 67 20 stads-
218 1261 38 20 och
274 1260 224 29 landtmannafartygs
514 1261 136 20 likställande
666 1261 6 20 i
688 1261 101 20 afseende
800 1262 13 19 ä
823 1261 131 27 rättigheten

134 1289 30 20 till
181 1289 62 21 deras
264 1289 140 28 begagnande
424 1290 30 20 till
476 1292 154 18 sammansatta
647 1289 89 28 sjölags-
752 1289 39 21 och
808 1289 147 21 ekonomieut-

133 1318 92 20 skottets
242 1318 156 21 förberedande
414 1318 138 27 behandling,
569 1318 108 20 hvarefter
693 1318 90 21 ärendet
800 1318 73 26 borde,
885 1318 70 20 sävidt

133 1347 36 20 det
188 1347 62 20 rörde
270 1346 190 28 borgareständets
478 1346 113 28 samtycke
610 1346 31 21 till
660 1347 152 26 upphäfvande
829 1347 22 20 af
865 1346 25 21 de
908 1347 46 20 bor-

132 1375 118 27 gerskapet
268 1375 40 20 och
327 1375 101 21 städerna
448 1375 6 20 i
475 1376 8 19 1
506 1375 12 26 8
538 1375 22 20 af
578 1375 59 20 Hans
654 1375 79 28 Kongl.
750 1375 113 27 Majestäts
879 1375 77 28 nådiga

132 1404 111 20 försäkran
263 1403 23 21 af
302 1404 40 20 den
359 1404 27 21 23
407 1403 105 22 Februari
530 1404 53 20 1789
600 1403 157 21 tillförsäkrade
773 1404 35 20 fri-
825 1404 39 20 och
881 1403 74 28 rättig-

133 1432 68 27 heter,
218 1432 131 27 handläggas
365 1432 23 20 af
402 1433 98 20 ständets
518 1432 97 21 enskilda
631 1432 179 21 besvärsutskott.

271 1460 57 21 Frän
345 1461 157 20 bondeständet
518 1461 48 20 med
581 1461 168 20 underrättelse:

201 1491 31 18 att
256 1488 85 21 ståndet
361 1488 35 21 vid
417 1489 153 28 föredragning
589 1489 23 21 af
625 1489 106 20 allmänna
747 1489 209 20 besvärsutskottets

134 1516 137 22 betänkande
287 1517 5 20 i
310 1516 114 28 anledning
440 1516 24 22 af
478 1517 105 21 särskilda
597 1518 115 26 petitioner
723 1524 33 14 om
765 1517 192 27 jernvägsanlägg-
