1142 1786
207 126 42 20 424
523 127 39 15 Den
577 127 20 15 13
610 127 57 20 April.

248 183 121 26 Onekligen
390 189 50 14 vore
457 190 26 13 nu
501 183 33 20 väl
551 182 206 27 sågningsafgiftens
773 181 136 28 fullständiga
925 181 78 22 afskaf-

178 210 65 21 fande
267 211 36 20 det
326 211 145 20 rationellaste
488 211 23 20 af
524 212 40 20 alla
581 211 76 26 medel,
674 218 47 13 men
739 211 35 20 det
790 212 23 19 är
829 211 46 20 icke
892 213 31 18 att
939 211 65 20 tänka

180 240 32 26 på,
230 241 32 18 att
278 239 107 27 styrelsen
407 240 69 20 kunde
493 240 57 20 finna
566 240 35 20 det
617 239 84 27 möjligt
717 242 32 18 att
765 239 96 27 häruppå
878 239 54 28 ingå,
949 239 54 20 helst

179 268 70 19 denna
269 268 59 20 skatt
343 268 47 21 icke
407 269 82 26 uppgår
505 269 31 20 till
552 275 58 14 mera
626 269 27 19 än
669 268 60 20 cirka
744 269 13 19 4
769 268 26 26 9/,
811 268 23 19 af
848 275 76 13 varans
940 267 63 21 värde

181 296 34 20 vid
239 297 220 26 utskeppningsorten
480 297 39 20 och
536 297 83 20 således
635 298 51 18 utan
703 296 72 20 alltför
791 298 57 18 stora
865 296 138 27 olägenheter

180 324 38 20 bör
235 324 72 20 kunna
324 325 68 20 bäras.
417 325 98 20 Friherre
533 332 38 13 von
590 324 70 21 Troils
676 324 81 27 förslag
773 326 23 18 är
812 324 81 28 ganska
905 324 98 26 sinnrikt,

179 352 90 20 emedan
286 353 119 20 detsamma
422 354 31 19 för
469 354 151 27 sågindustrin,
637 352 48 21 med
701 352 102 22 afseende
819 354 11 20 å
842 352 160 22 konkurrensen

180 380 34 21 vid
238 381 89 27 uppköp
351 382 23 20 af
394 382 66 25 virke,
483 382 38 20 har
540 382 87 20 alldeles
648 388 81 14 samma
747 381 80 27 påföljd
844 388 44 14 som
905 388 33 13 om
956 381 47 20 hela

179 409 86 21 skatten
283 410 69 20 blifvit
368 410 96 26 aflyftad,
481 410 38 20 och
536 410 103 20 skenbart
655 410 142 20 tillförsäkrar
814 410 35 20 det
860 410 61 20 äfven
932 411 70 19 staten

178 444 26 14 en
228 438 147 20 oförminskad
398 439 99 20 inkomst.
528 439 42 27 Jag
593 441 90 24 antager
707 438 114 27 nemligen,
841 441 31 17 att
888 438 115 21 friherrens

180 466 86 27 mening
290 467 62 25 varit,
374 468 31 19 att
428 468 143 26 exporttullen
592 468 27 26 på
639 467 53 20 rund
709 467 62 21 stock
788 467 68 20 skulle
873 467 63 20 blifva
953 466 49 20 den-

179 502 82 13 samma
280 502 45 13 som
346 496 69 20 denna
434 496 61 20 stock
516 496 5 20 i
538 496 95 20 förädlad
650 496 53 20 form
719 495 63 27 eljest
798 496 84 20 komme
898 498 31 18 att
946 496 56 19 bära.

180 522 44 20 För
247 525 32 18 att
295 531 28 13 nu
340 526 69 18 staten
427 524 110 27 ingenting
554 524 67 20 skulle
637 524 85 24 förlora,
740 524 68 20 måste
824 524 131 25 förutsättas,
973 526 30 17 att

179 551 43 20 lika
238 552 87 27 mycket
342 552 53 21 rund
412 552 60 21 stock
488 555 125 25 exporteras
630 560 45 13 som
692 552 81 27 årligen
791 552 33 21 vid
841 552 82 21 landets
941 553 62 26 sågar

179 580 100 26 förädlas,
297 588 47 13 men
362 581 26 20 då
404 581 59 20 detta
479 582 129 26 antagligen,
625 581 30 20 till
667 581 38 20 och
720 581 49 20 med
781 581 46 20 med
841 581 106 25 säkerhet,
956 581 47 20 icke

180 608 96 28 kommer
292 611 32 18 att
341 609 44 25 ske,
403 610 23 19 så
442 610 90 20 förestår
550 610 130 20 statsverket
697 616 25 13 en
740 610 97 20 kännbar
855 609 82 20 förlust.

249 637 101 21 Återstår
374 638 82 20 således
476 638 76 20 endast
567 638 37 20 tull
621 638 27 26 på
664 638 54 20 rund
735 638 68 23 stock,
821 638 29 20 till
867 638 77 26 belopp
961 637 43 21 lika

181 665 48 20 med
245 666 111 27 sågnings-
373 666 38 20 och
430 666 327 27 universitetsfondsafgifterna,
773 666 50 20 eller
838 667 6 19 i
861 666 99 20 medeltal
977 667 26 19 30

180 694 63 26 penni
261 694 32 20 för
310 697 30 17 ett
356 694 102 27 sägbloek
474 702 34 12 om
526 695 25 20 18
566 695 12 21 &
594 695 27 20 20
637 695 50 20 kub.
703 695 38 25 fot,
758 695 150 20 motsvarande
920 697 31 18 ett
961 695 42 27 pris

180 722 22 19 af
218 723 46 26 11%,
281 723 62 27 penni
362 730 37 19 per
415 723 99 21 kubikfot
530 724 22 20 af
567 724 70 20 virket
656 724 27 26 på
698 725 34 19 rot
747 723 7 20 i
765 724 89 26 skogen.
880 723 74 20 Denna
965 723 38 20 tull

181 750 40 20 kan
245 751 39 20 och
302 751 70 20 kunde
388 751 80 21 införas
485 753 23 19 så
523 752 42 20 fort
581 758 44 14 som
645 752 89 27 möjligt,
753 752 76 20 medan
849 758 24 14 en
894 751 109 21 modifika-

180 778 44 20 tion
248 779 23 20 af
292 780 192 27 sågningsafgiften
508 780 40 20 kan
572 780 160 20 åstadkommas
755 780 54 20 först
829 780 54 20 efter
900 781 53 20 1875
969 780 34 21 års

180 808 88 27 utgång.

248 836 58 20 Herr
323 836 122 21 Elrnrooth
463 838 33 19 vill
513 837 47 21 icke
577 840 48 18 veta
641 836 23 21 af
677 838 70 26 någon
764 844 28 20 ny
809 837 44 20 tull.
883 837 42 27 Jag
936 837 67 20 skulle

180 864 98 27 ofantligt
294 872 67 20 gerna
377 866 74 20 förena
468 866 41 27 mig
525 866 48 20 med
589 866 84 24 honom,
691 872 33 13 om
741 866 41 20 han
799 866 54 20 blott
865 866 70 20 kunde
953 868 50 19 utan

180 893 202 26 sågningsskattens
398 894 116 27 aflyftande
531 894 62 20 vinna
610 894 35 20 det
661 894 63 20 äfven
740 894 23 20 af
772 893 85 26 honom,
874 894 129 21 åtminstone

181 921 115 27 vilkorligt,
320 923 69 19 såsom
415 922 129 27 nödvändigt
561 922 94 21 erkända
672 922 70 26 målet,
758 929 78 20 genom
852 923 65 26 något
933 927 70 20 annat,

182 949 122 27 verkeligen
330 951 107 25 praktiskt
461 951 74 20 medel.
567 951 71 27 Något
655 951 75 20 sådant
747 951 38 20 har
801 951 54 20 dock
871 951 47 20 icke
936 951 68 21 blifvit

180 977 120 22 framstäldt
316 991 26 2 —
360 980 38 19 och
416 991 26 3 —
460 979 60 21 torde
536 981 74 25 tyvärr
626 979 47 21 icke
689 979 66 20 heller
772 979 75 21 finnas.
878 979 125 22 Emellertid

180 1007 68 19 mäste
265 1007 118 27 någonting
398 1009 70 26 göras.

249 1035 43 20 Det
316 1036 133 20 närvarande
473 1036 140 21 förhällandet
636 1036 37 20 bör
698 1036 46 21 icke
764 1036 21 20 få
801 1036 94 27 fortfara,
912 1037 90 20 emedan

180 1062 120 22 detsamma
324 1065 121 26 uppenbart
468 1072 82 19 gynnar
566 1065 40 20 den
623 1065 114 20 utländska
753 1065 104 20 industrin
875 1066 26 26 på
918 1065 85 21 bekost-

181 1091 40 20 nad
238 1092 22 19 af
274 1092 83 21 landets
374 1100 61 19 egen,
451 1093 99 20 beröfvar
566 1093 130 20 statsverket
713 1100 26 13 en
755 1093 96 27 ansenlig
863 1093 93 22 inkomst
965 1095 38 20 och

180 1119 36 20 det
239 1120 69 21 finska
331 1121 67 20 folket
422 1129 25 12 en
469 1122 5 19 i
491 1122 117 27 synnerhet
626 1121 6 20 i
653 1122 79 20 norden
750 1121 23 21 af
787 1121 72 21 landet
875 1122 129 27 välbehöflig

180 1149 181 27 arbetsförtjenst.

249 1177 57 21 Herr
324 1185 46 13 von
389 1178 121 20 Schantz:
527 1178 10 20 I
553 1180 89 18 motsats
659 1178 30 20 till
706 1179 49 19 herr
771 1185 40 13 von
828 1178 89 21 Alfthan
936 1179 68 20 skulle

178 1205 38 26 jag
233 1206 23 20 så
272 1206 28 20 till
319 1206 47 20 vida
382 1206 114 28 godkänna
512 1209 153 18 sammansatta
682 1208 62 19 stats-
757 1206 38 21 och
808 1207 197 21 ekonomieutskot-

181 1235 42 18 tets
247 1234 141 27 betänkande,
413 1237 32 18 att
464 1236 113 19 ständerna
597 1236 64 19 borde
681 1236 49 26 ingå
745 1235 31 20 till
794 1235 26 21 H.
838 1235 25 21 K.
881 1237 60 26 Maj:t
957 1237 47 19 med

181 1269 26 12 en
224 1263 133 27 underdänig
378 1264 88 26 petition
484 1271 33 13 om
534 1264 203 27 sågningsafgiftens
754 1264 141 27 afskatfande,
910 1272 47 13 men
974 1265 29 20 in-

180 1290 92 26 galunda
296 1299 33 13 om
353 1294 32 18 att
405 1294 56 18 sätta
478 1293 36 19 tull
532 1293 26 27 på
574 1295 103 24 exporten
695 1293 23 19 af
731 1292 54 20 rund
802 1293 67 20 stock.
899 1293 43 20 Det
959 1293 45 20 huf-

183 1319 159 27 vudsakligaste
366 1321 69 20 skälet
452 1321 32 20 för
500 1321 41 20 min
558 1321 55 26 åsigt
629 1323 28 24 är,
675 1323 31 18 att
721 1327 27 14 en
765 1321 66 20 sådan
847 1321 37 20 tull
900 1323 24 19 är
939 1322 66 20 otids-

181 1347 57 27 enlig
260 1349 39 19 och
324 1349 88 20 orättvis
436 1354 58 15 emot
513 1349 96 20 enskilde
625 1350 137 27 skogsegare.
793 1349 42 27 Jag
851 1349 76 28 tycker
942 1352 63 18 stats-

183 1376 74 20 verket
282 1377 64 20 borde
366 1377 72 20 kunna
458 1377 125 26 vidkännas,
602 1385 33 13 om
655 1378 48 20 icke
722 1377 140 26 afskaffande,
881 1379 24 20 så
920 1379 84 20 nedsät-

182 1405 63 19 tande
262 1405 22 20 af
298 1405 199 28 sågningsafgiften,
514 1407 26 19 då
556 1406 192 27 sågningsafgiften
764 1408 23 19 är
797 1407 23 19 så
832 1407 85 26 mycket
928 1409 76 23 större,

181 1434 25 18 än
224 1434 192 27 sågqvarnskatten
434 1435 57 19 förut
508 1442 43 13 var.
577 1435 41 20 Det
635 1435 37 20 har
688 1435 117 27 uppgifvits
822 1435 70 20 såsom
908 1435 53 26 skäl,
973 1438 32 18 att

182 1461 38 20 den
246 1463 112 26 försågade
375 1470 64 13 varan
462 1463 68 20 skulle
549 1463 51 20 bära
616 1463 193 27 sågningsafgiften
825 1463 31 20 till
872 1463 50 27 följd
939 1464 66 26 deraf,

181 1493 31 17 att
236 1492 67 26 priset
319 1492 23 19 är
358 1492 22 19 så
396 1491 52 27 högt
465 1491 102 27 stegradt.
599 1491 41 27 Jag
657 1491 64 27 hyser
736 1492 33 19 för
785 1491 42 20 min
844 1491 32 21 del
893 1492 40 20 den
950 1492 53 27 åsig-

181 1524 42 21 ten,
244 1522 32 18 att
292 1518 59 22 detta
370 1520 56 26 höga
446 1520 43 26 pris
506 1522 22 18 är
545 1527 24 13 en
587 1520 194 27 konjunkturfråga
797 1520 39 20 och
853 1522 38 24 att,
907 1521 24 19 så
947 1523 58 18 snart
