1142 1786
475 123 39 15 Den
529 124 21 15 16
562 123 57 20 April.
891 123 41 20 475

138 178 110 27 fångvård,
266 179 123 26 brandstod,
405 178 195 28 fattigförsörjning
616 185 18 14 o.
647 186 16 12 s.
676 185 26 20 v.,
715 181 55 18 samt
781 179 108 20 dessutom
902 180 56 19 ännu

137 207 87 26 afgifter
240 207 30 20 till
287 207 105 27 ätskillige
408 207 142 26 tjenstemäns
566 207 117 25 underhåll,
698 208 69 19 såsom
780 207 178 28 tingsgästnings-

139 235 89 27 kappar,
249 235 47 20 bro-
316 235 38 21 och
377 235 213 28 skallfogde-kappar
606 243 27 13 m.
649 242 26 13 m.
707 235 117 28 Angäende
840 236 41 21 alla
897 236 63 21 dessa

138 264 63 20 saker
224 264 52 20 eller
299 264 129 20 åtminstone
452 271 24 13 en
501 267 45 17 stor
567 264 77 27 mängd
663 264 23 19 af
700 264 47 20 dem
765 264 62 20 hafva
843 265 116 20 ständerna

138 292 63 20 redan
226 292 68 20 under
312 293 26 19 de
358 295 74 17 trenne
454 292 132 26 landtdagar,
603 292 26 20 de
646 293 54 19 varit
716 292 101 26 samlade,
833 293 56 20 efter
905 300 53 20 upp-

137 320 103 21 lifvandet
256 320 23 20 af
294 322 46 19 vårt
357 320 185 21 konstitutionella
558 320 171 26 samhällsskick,
745 320 40 20 fått
800 322 111 27 emottaga
927 322 31 20 ät-

137 349 84 27 skilliga
245 349 76 27 nådiga
344 349 162 27 propositioner,
524 349 71 20 hvilka
611 349 95 27 tydligen
723 349 76 25 utvisa,
816 351 31 18 att
863 350 94 27 regerin-

138 384 40 20 gen
195 378 38 20 har
248 380 71 18 ansett
336 378 125 20 ständernas
478 378 129 20 medverkan
623 378 32 20 för
667 377 170 28 lagstiftningens
849 378 110 22 ordnande

139 406 4 20 i
161 406 62 20 dessa
239 406 71 27 frågor
328 413 50 13 vara
393 407 23 19 af
431 406 75 20 nöden.
538 406 33 20 Då
587 413 27 13 nu
631 413 25 13 en
673 406 70 27 privat
752 406 206 28 jernvägsbyggnad

138 434 47 22 icke
202 435 54 20 blott
272 436 5 19 i
295 435 119 27 väsendtlig
431 442 47 13 mon
496 436 60 20 rörer
571 434 97 21 enskilde
683 434 126 28 jordegares
821 437 42 18 rätt
873 435 34 21 för
918 436 40 20 den

137 464 231 26 jernvägsbyggnaden
394 463 140 27 ovilkorligen
559 463 116 27 ätföljande
695 463 195 27 expropriationen,
907 466 51 19 utan

138 492 65 20 också
220 492 26 20 de
262 492 66 27 lagar,
346 499 44 13 som
406 492 34 20 för
453 492 117 27 jernvägar
587 492 5 20 i
604 492 115 20 allmänhet
730 494 37 18 äro
778 492 105 27 gällande,
895 493 64 21 hafva

138 520 101 21 afseende
262 521 56 27 uppå
342 521 47 20 hela
412 520 123 21 samhällets
556 520 151 26 rättsbeständ,
727 521 23 20 sä
769 521 75 20 tvekar
858 521 37 27 jag
911 522 47 20 icke

138 551 32 18 att
194 550 25 26 på
238 549 62 21 dessa
321 549 39 21 och
376 549 26 20 de
422 549 22 20 af
462 548 47 21 herr
527 548 89 21 Fredrik
633 549 94 28 Pipping
742 556 49 21 nyss
809 549 88 21 anförda
913 550 46 21 skäl

140 578 56 20 hålla
212 578 52 24 före,
281 581 32 17 att
329 585 24 13 en
372 578 88 26 petition
477 578 5 20 i
499 578 35 20 det
551 578 63 26 syfte,
631 585 44 13 som
688 579 105 19 utskottet
805 578 116 27 föreslagit,
937 581 23 18 är

138 606 48 20 fullt
202 606 233 21 öfverensstämmande
452 607 47 19 med
515 607 51 20 våra
582 613 27 13 nu
625 606 98 27 gällande
739 606 135 28 grundlagar.
905 607 54 21 Der-

139 636 58 18 emot
220 634 34 21 vill
276 635 37 27 jag
332 635 46 20 icke
398 635 65 20 inlåta
480 635 42 27 mig
538 635 5 20 i
560 636 65 26 några
641 634 91 28 detaljer
747 635 23 20 af
784 635 117 21 utskottets
918 636 41 20 för-

141 663 53 27 slag,
217 664 5 19 i
246 663 111 21 förmodan
381 665 31 19 att
433 664 119 20 motiverna
568 664 29 19 till
615 664 117 20 utskottets
748 663 136 22 betänkande
900 665 60 20 skola

140 692 44 20 tala
199 691 33 21 för
248 692 32 27 sig
296 692 81 26 sjelfva.

208 720 58 20 Herr
282 720 194 27 Björkenheim,
496 720 109 21 Robert:
629 720 58 21 Utan
706 722 31 18 att
757 720 49 28 vilja
821 722 57 26 yttra
895 722 64 27 mig
948 716 15 37 i

140 748 65 27 detalj
226 749 6 20 i
252 756 25 13 en
300 750 68 26 fråga,
387 750 23 20 så
426 749 78 27 speciel
520 756 46 14 som
583 749 75 25 denna,
675 749 94 20 anhåller
782 750 38 26 jag
836 749 76 21 endast
928 754 32 17 att

138 777 22 20 få
175 777 139 28 understödja
330 780 30 18 ett
375 778 86 27 förslag,
478 784 45 14 som
538 778 67 20 blifvit
617 777 63 21 väckt
691 778 55 20 inom
758 777 85 21 ständet
853 778 40 20 och
906 786 54 19 som,

139 806 33 20 för
188 808 31 18 att
236 806 83 20 komma
340 806 66 20 under
422 806 138 27 omröstning,
578 807 67 19 måste
662 806 23 20 af
698 814 25 12 en
740 813 69 13 annan
826 806 133 22 ståndsmed-

140 834 40 20 lem
202 834 150 28 understödjas
374 835 47 20 icke
437 834 54 21 blott
507 842 76 20 genom
600 834 94 28 tystnad,
711 837 50 18 utan
778 834 47 21 med
841 836 45 20 ord.
917 836 44 20 Det

139 864 24 19 är
178 865 31 18 ett
224 863 82 27 förslag
322 863 23 21 af
359 864 49 20 herr
424 863 90 21 Fredrik
530 863 94 27 Pipping
635 870 33 13 om
681 863 128 27 tilläggande
821 863 23 21 af
853 870 26 14 en
892 866 67 24 punkt

139 891 6 20 i
161 891 206 28 petitionsförslaget
384 892 91 20 rörande
491 892 164 27 användningen
672 892 22 20 af
711 892 126 20 förverkade
849 892 110 21 kautions-

140 926 100 20 summor,
260 919 85 21 hvilken
362 920 68 27 punkt
444 921 37 26 jag
496 920 95 21 anhåller
608 921 65 20 måtte
691 920 83 21 komma
788 920 67 21 under
870 923 90 19 omröst-

141 949 51 26 ning
206 948 7 20 i
229 949 91 20 ståndet.

208 976 96 21 Emedan
328 977 56 20 olika
404 977 80 27 förslag
507 977 67 20 under
593 977 149 20 diskussionen
763 977 124 26 framstälts,
907 985 53 21 upp-

140 1004 88 21 ställdes
245 1005 93 28 följande
355 1006 131 27 proposition
502 1005 111 28 angående
629 1006 211 27 kontraproposition
859 1009 58 18 emot
928 1009 32 19 ut-

140 1033 93 20 skottets
249 1033 145 21 betänkande:

209 1078 11 9 »
223 1061 42 21 Vill
288 1062 150 27 ridderskapet
462 1062 38 21 och
521 1062 62 21 adeln
603 1063 30 20 till
655 1063 209 27 kontraproposition
881 1066 80 25 antaga

141 1090 26 20 de
183 1090 23 21 af
220 1091 49 20 herr
285 1091 90 20 Fredrik
391 1091 93 28 Pipping
500 1091 123 27 föreslagna
639 1091 100 28 tillägg?"

209 1118 96 25 »Vinner
323 1120 41 27 nej,
384 1122 91 24 antagas
494 1119 26 21 de
536 1120 24 20 af
573 1120 50 20 herr
638 1119 160 28 Langenskiöld
815 1121 39 20 och
870 1121 90 20 friherre

141 1154 39 13 von
197 1147 59 21 Born
276 1147 112 22 förordade
407 1148 150 26 förändringar
575 1149 23 19 af
618 1149 6 20 6
641 1155 62 14 mom.
721 1155 32 14 om
771 1152 86 23 postens
873 1149 88 21 framfö-

141 1175 85 21 rande**.

209 1204 77 21 Denna
302 1205 131 27 proposition
451 1205 130 20 besvarades
597 1205 47 20 med
657 1205 158 28 öfvervägande
825 1206 30 27 ja,
866 1206 30 20 till
909 1206 51 27 följd

140 1232 76 21 hvaraf
230 1235 62 19 nästa
309 1233 131 27 proposition
458 1233 116 28 sälydande
590 1234 148 21 hemställdes:

208 1261 116 25 »Biträder
339 1262 149 27 ridderskapet
504 1263 39 20 och
559 1263 61 20 adeln
635 1263 106 20 allmänna
754 1263 206 21 besvärsutskottets

141 1290 137 21 betänkande
296 1290 111 27 angående
424 1291 175 27 koncessionslag
615 1291 32 20 för
661 1292 117 27 jernvägar
793 1291 167 22 oförändradt?'*

209 1335 4 8 »
217 1318 88 25 Vinner
324 1319 42 27 nej,
385 1319 61 27 fogas
462 1319 30 20 till
509 1319 26 20 de
555 1319 5 20 i
580 1320 147 20 betänkandet
743 1322 109 25 upptagna
868 1320 93 21 bestäm-

141 1347 75 27 ningar
230 1347 26 20 de
272 1347 24 21 af
309 1347 49 21 herr
372 1347 94 28 Pipping
482 1348 121 27 föreslagna
619 1348 94 28 tillägg''.

210 1375 70 21 Sedan
297 1376 69 20 denna
383 1377 132 26 proposition
532 1377 111 20 besvarats
658 1377 47 20 med
721 1377 103 20 obestridt
836 1378 41 27 nej,
889 1378 72 20 anhöll

209 1404 57 21 Herr
282 1404 192 27 Björkenheim,
493 1405 110 26 Robert,
620 1407 31 18 att
667 1407 62 19 nästa
744 1406 131 27 proposition
893 1407 68 20 skulle

140 1432 74 21 ställas
236 1433 59 27 uppå
318 1433 120 27 antagande
463 1434 23 20 af
507 1434 49 20 herr
575 1433 91 21 Fredrik
685 1434 104 28 Pippings
808 1435 81 28 förslag
908 1438 31 17 att
955 1436 6 19 i

141 1461 144 26 premisserna
301 1461 30 21 till
348 1461 117 28 petitionen
482 1462 73 27 intaga
571 1462 26 21 de
612 1462 23 21 af
649 1463 77 20 honom
737 1463 122 27 äberopade
871 1463 90 28 lagrum.

210 1488 63 29 Uppä
298 1490 48 20 herr
369 1490 208 21 landtmarskalkens
596 1490 72 21 derom
693 1491 75 27 gjorda
785 1492 125 20 hemställan
928 1492 34 20 be-
