1142 1786
479 125 39 16 Den
532 125 22 15 22
567 125 56 20 April.
895 125 41 20 505

142 182 56 20 vissa
214 182 35 19 fall
266 181 136 26 åtminstone,
419 181 92 20 medfört
522 181 83 26 ganska
616 180 178 27 fruktbringande
806 181 97 20 resultat.
920 181 44 20 Det

141 212 62 25 säges
227 209 40 21 och
291 209 37 20 har
351 212 65 24 sagts,
441 212 31 17 att
491 209 70 20 denna
580 209 122 20 institution
719 209 42 20 kan
778 211 91 18 ersättas
885 216 78 21 genom

141 239 125 26 lösörepant
289 238 51 20 eller
364 238 41 20 reel
431 240 56 25 pant.
520 237 47 21 Men
592 237 131 27 exempelvis
743 237 67 20 finnes
831 238 36 20 det
887 239 77 26 många

142 267 139 20 obemedlade
302 267 119 26 ynglingar,
438 274 52 18 som,
507 267 26 20 då
550 266 25 20 de
591 266 60 21 skola
668 266 79 21 bereda
763 266 32 27 sig
811 266 96 21 utkomst
923 267 40 20 och

143 295 101 27 bildning,
270 295 46 20 icke
336 295 62 20 hafva
418 295 80 20 sådana
519 295 115 27 tillgångar
649 296 32 19 att
697 295 95 27 erbjuda.
823 295 10 19 I
849 295 63 21 dessa
928 295 36 21 fall

142 324 40 20 blir
198 325 52 19 nära
266 330 42 20 nog
324 323 36 21 det
375 323 55 21 enda
446 323 30 20 till
493 323 67 21 hands
576 324 93 19 varande
688 323 126 27 hjelpmedel
829 324 135 26 propriebor-

142 352 192 28 gesförbindelsen,
358 352 64 20 sådan
440 352 39 20 den
497 352 68 20 finnes
581 352 5 20 i
606 352 51 20 1734
674 352 34 20 års
724 351 41 27 lag.
796 352 42 27 Jag
854 354 51 24 tror,
925 355 38 23 att,

143 389 33 13 om
192 388 48 14 man
258 383 62 24 tager
336 381 55 20 notis
408 388 33 13 om
457 380 214 28 låneoperationerna
688 380 5 20 i
709 387 25 13 en
747 380 33 20 hel
792 380 78 26 mängd
882 381 82 27 kassor,

143 410 73 28 dylika
232 409 141 21 förbindelser
389 409 91 21 medfört
496 412 56 18 stort
567 416 56 20 gagn
638 409 33 20 vid
687 408 25 21 de
724 410 45 20 små
781 409 182 27 penningeopera-

143 439 104 25 tionerna,
265 437 39 21 och
320 437 62 21 deraf
397 438 67 20 måste
480 438 26 20 de
522 438 57 20 förut
596 437 111 27 påpekade
723 437 167 27 olägenheterna
905 438 6 20 i
927 440 36 18 nä-

142 474 41 20 gon
209 474 47 13 mon
281 468 116 26 uppvägas.
430 466 42 20 Det
493 466 37 20 har
546 466 115 20 föreburits
678 466 90 20 rörande
784 466 70 20 denna
870 467 45 25 sak,
931 469 33 18 att

143 503 48 13 man
216 495 34 21 vill
274 495 56 20 bilda
354 502 25 13 en
399 496 117 26 öfvergång
537 495 29 20 till
588 494 62 21 totalt
665 494 150 27 upphäfvande
830 495 23 20 af
868 496 95 26 proprie-

144 523 235 29 borgesförbindelsen;
402 523 68 21 denna
494 523 127 27 författning
644 523 68 21 skulle
739 523 83 21 således
846 524 75 26 utgöra
937 531 26 13 en

144 552 263 28 öfvergängsförfattning.
439 552 47 21 Men
499 552 150 21 half-mesurer
661 552 5 20 i
678 552 115 21 allmänhet
804 554 36 19 äro
852 552 53 21 visst
916 552 47 21 icke

144 584 32 18 att
200 581 102 26 tillvädas,
325 581 89 20 emedan
434 581 36 20 det
486 581 6 20 i
512 581 73 26 hvarje
601 581 36 19 fall
653 582 24 19 är
693 581 70 20 bättre
779 583 32 18 att
827 583 50 25 taga
893 583 71 25 steget

143 610 47 20 fullt
207 612 29 23 ut,
252 610 39 20 och
308 609 5 20 i
329 610 134 26 lagstiftning
479 609 67 21 håller
558 610 39 26 jag
609 609 53 24 före,
675 611 32 19 att
717 609 151 21 half-mesurer
879 611 37 19 äro
927 610 36 20 ab-

144 639 56 20 solut
223 638 132 26 förkastliga.
386 638 81 26 Ehuru,
487 639 71 19 såsom
577 638 70 27 sagdt,
663 638 62 27 ingen
743 638 67 20 talare
825 640 69 25 yttrat
910 638 32 27 sig
958 639 6 19 i

144 668 37 20 det
197 667 57 27 syfte
268 667 38 27 jag
322 674 26 13 nu
365 667 57 27 gjort
438 668 42 24 det,
497 666 38 21 har
548 667 38 27 jag
601 668 72 19 ansett
690 666 42 28 mig
750 666 131 28 uppfordrad
893 666 71 21 dertill

142 696 80 27 jemväl
246 695 90 25 derföre,
352 697 32 19 att
397 696 38 26 jag
455 696 88 24 känner,
560 698 37 23 att,
614 695 27 21 då
657 695 115 28 kejserliga
788 697 87 19 senaten
892 695 72 28 ingick

145 725 30 20 till
193 724 59 20 Hans
271 724 99 26 Majestät
386 724 48 20 med
450 731 49 13 svar
515 724 39 20 och
571 724 88 20 relation
677 731 32 13 om
727 725 107 26 utgången
851 724 24 20 af
883 731 82 13 samma

146 753 131 27 proposition
303 752 33 20 vid
356 753 54 21 1867
429 754 33 19 års
478 752 109 28 landtdag,
608 752 115 28 kejserliga
739 755 100 18 senatens
855 752 110 28 pluralitet

145 783 66 25 ansäg
230 781 65 20 saken
317 781 86 21 dermed
419 782 51 20 böra
486 781 84 20 förfalla
585 781 40 21 och
641 781 63 27 ingen
721 788 27 20 ny
765 782 132 26 proposition
913 782 52 20 böra

146 810 84 20 komma
236 806 14 36 i
248 810 82 26 fråga.
362 810 48 20 Men
428 810 148 20 minoritetens
591 810 56 26 åsigt
659 810 74 26 tyckes
746 810 62 20 hafva
821 810 47 27 gått
879 810 85 28 igenom

146 839 39 20 och
208 838 55 27 ligga
285 838 30 20 till
336 838 67 27 grund
420 838 33 20 för
469 838 40 21 den
526 846 28 13 nu
570 838 118 28 framlagda
704 838 76 28 nådiga
796 838 167 28 propositionen.

146 868 41 26 Jag
203 867 79 20 önskar
300 866 82 21 således
400 867 32 20 för
449 867 41 20 min
506 867 33 20 del
557 874 72 20 gerna,
647 867 67 21 ehuru
727 867 39 27 jag
781 867 47 21 icke
844 874 35 14 ser
894 867 70 21 dertill

146 896 69 27 någon
232 895 73 27 utsigt,
322 898 31 17 att
369 895 148 27 ridderskapet
533 895 38 20 och
589 895 60 20 adeln
667 895 48 20 ville
731 895 66 21 uttala
813 895 86 21 alldeles
915 902 49 14 ena-

147 924 69 21 handa
240 924 54 26 äsigt
318 931 44 12 som
387 924 33 20 vid
442 925 52 20 1867
514 925 35 19 års
566 923 109 28 landtdag,
695 924 51 20 eller
762 926 30 18 att
809 924 40 20 den
866 931 27 14 nu
909 924 55 21 före-

147 952 63 28 lagda
234 952 158 27 propositionen
416 953 46 20 icke
485 954 24 19 är
528 953 22 20 af
568 952 101 21 behofvet
685 952 106 27 påkallad.
822 953 56 26 Men,
894 953 70 20 såsom

147 981 69 28 sagdt,
237 982 38 26 jag
298 983 87 18 stannar
404 981 32 20 väl
457 988 72 13 ensam
550 988 32 13 om
599 981 48 20 mitt
663 981 86 27 förslag.
780 981 33 20 De
829 981 67 28 öfrige
913 981 52 21 tala-

147 1017 50 13 rene
216 1010 62 19 hafva
294 1009 69 28 ingätt
378 1009 6 20 i
396 1009 201 28 detaljgranskning
615 1009 22 21 af
654 1010 251 21 utskotts-betänkandet
917 1010 5 20 i
933 1010 32 20 sin

148 1039 78 23 helhet,
242 1038 67 20 ehuru
328 1038 36 20 det
381 1039 80 20 kanske
478 1045 50 14 vore
545 1038 130 27 lämpligare,
691 1041 31 18 att
738 1039 149 20 diskussionen
903 1038 62 21 rörde

147 1067 33 27 sig
203 1066 101 21 särskildt
323 1073 33 13 om
376 1066 73 27 hvarje
465 1067 110 27 paragraf;
591 1067 39 20 och
644 1067 38 27 jag
699 1067 36 20 ber
751 1067 84 20 derföre
851 1069 32 19 att
898 1067 66 21 redan

149 1103 26 12 nu
199 1095 21 20 få
238 1095 68 20 uttala
326 1095 41 27 mig
384 1095 90 20 rörande
489 1096 61 19 detta
566 1095 143 21 betänkande.
740 1095 63 21 Ilvad
820 1095 98 28 tillägget
934 1096 31 20 till

148 1125 12 19 2
176 1125 12 26 8
205 1123 107 27 beträffar,
330 1127 44 16 tror
387 1124 44 27 jag,
448 1126 31 18 att
495 1124 59 20 detta
570 1124 84 27 tillägg:
671 1126 50 24 ,äro
739 1124 154 21 löftesmännen
905 1124 59 26 flere,

148 1153 38 20 och
204 1152 33 20 vill
258 1153 69 26 någon
347 1152 23 20 af
387 1152 47 20 dem
451 1153 5 19 i
474 1152 39 21 den
531 1152 94 21 konkurs
642 1152 51 21 eller
709 1153 110 27 proklama
836 1153 83 20 bevaka
934 1155 31 18 ta-

148 1181 33 20 lan
199 1181 31 20 för
251 1181 54 19 hvad
324 1181 41 19 han
383 1181 39 19 kan
440 1181 85 20 komma
540 1183 32 18 att
588 1181 85 20 utöfver
689 1181 30 20 sin
737 1181 60 20 andel
814 1181 6 20 i
836 1181 77 27 gälden
930 1182 35 20 be-

148 1210 53 25 tala;
226 1208 63 21 hafvo
314 1210 41 19 rätt
374 1208 91 27 dertill',
486 1209 47 21 icke
550 1210 23 20 är
589 1210 23 20 så
627 1209 87 21 alldeles
731 1209 136 28 nödvändigt,
883 1209 26 21 då
924 1211 13 19 4
954 1210 11 27 $

148 1237 124 26 innehåller,
297 1240 31 18 att
347 1245 25 12 en
389 1238 57 27 dylik
468 1238 112 20 löftesman
595 1238 39 21 har
650 1245 84 20 regress
750 1239 30 20 till
795 1239 31 20 sin
843 1238 122 21 medlöftes-

149 1273 55 19 man,
221 1273 33 14 om
275 1267 40 19 han
336 1267 63 19 söker
416 1267 76 20 honom
506 1267 57 20 inom
581 1267 25 20 12
622 1267 101 20 månader
740 1267 37 20 hos
794 1267 171 27 befallningshaf-

148 1295 83 20 vanden
254 1295 52 20 eller
324 1295 101 20 domaren
442 1295 6 20 i
466 1297 69 19 orten.
566 1295 31 20 En
615 1295 39 21 slik
672 1295 157 26 bestämmelse,
845 1302 46 14 som
907 1295 60 22 detta

148 1323 74 27 tillägg
244 1323 123 26 innehåller,
391 1323 61 21 torde
475 1324 73 25 också,
571 1330 34 14 om
625 1324 36 20 det
680 1324 96 21 kommer
792 1324 4 20 i
814 1324 65 27 fråga,
896 1324 70 21 bättre

149 1352 64 20 hafva
232 1351 32 21 sin
281 1351 54 28 plats
352 1352 5 19 i
373 1353 12 19 4
398 1352 19 27 8.
448 1352 41 27 Jag
505 1352 38 21 har
559 1353 61 26 tyckt
636 1353 43 26 mig
695 1353 63 26 finna,
774 1355 31 18 att
821 1353 12 20 2
850 1353 11 26 &
877 1353 89 27 egentli-

148 1387 40 20 gen
207 1380 87 20 handlar
313 1387 33 13 om
367 1380 128 27 långifvares
514 1382 44 19 rätt
574 1381 30 20 till
620 1381 119 26 löftesman,
756 1388 47 13 men
820 1381 13 20 4
849 1381 12 27 8
877 1388 34 14 om
928 1381 38 21 löf-

149 1410 137 19 tesmännens
302 1408 100 21 inbördes
418 1409 140 26 förhållande,
574 1409 39 20 och
630 1409 23 21 af
667 1409 70 21 denna
748 1410 63 20 orsak
823 1410 90 21 föreslår
921 1410 45 28 jag,

148 1439 32 18 att
196 1437 59 20 detta
270 1437 74 27 tillägg
360 1438 69 20 såsom
446 1437 118 28 obehöfligt
579 1438 102 27 antingen
697 1439 38 26 går
749 1441 29 24 ut,
790 1438 51 21 eller
852 1438 115 28 förflyttas,

148 1472 34 13 om
199 1465 36 21 det
250 1467 24 18 är
290 1465 137 28 nödvändigt,
444 1466 29 20 till
490 1467 13 20 4
519 1467 19 26 8,
556 1466 54 21 helst
626 1466 54 21 dock
696 1469 32 18 att
744 1467 36 20 det
791 1467 68 27 utgår.
883 1466 84 22 Beträf-

149 1493 63 21 fande
229 1494 117 20 utskottets
362 1494 100 27 åtgärder
477 1494 6 20 i
499 1494 71 27 öfrigt,
587 1494 86 22 förenar
686 1495 38 27 jag
740 1495 43 27 mig
795 1494 48 22 med
854 1495 55 26 dem,
921 1502 45 14 som

149 1522 79 20 biträdt
244 1522 152 27 betänkandet,
412 1522 77 21 liksom
505 1522 40 22 ock
562 1530 33 14 om
611 1523 136 21 uteslutande
764 1524 23 20 af
800 1524 12 26 &
823 1524 20 20 6.
867 1523 100 21 Rörande
