1142 1786
208 128 26 20 10
478 129 39 15 Den
530 129 10 15 6
554 129 32 15 och
600 129 9 16 7
623 128 94 16 Februari.

179 184 33 20 för
234 183 143 28 landtdagens
401 183 118 28 högtidliga
542 183 115 28 öppnande
680 186 57 19 samt
761 185 116 21 återvände
897 191 26 14 en
939 185 64 21 stund

179 212 95 21 derefter
290 212 31 21 till
337 212 143 21 riddarhuset.

248 240 182 21 Kammarherren
446 241 38 20 hos
500 240 28 21 H.
540 239 27 22 K.
579 241 66 27 Maj:t,
663 241 96 27 verklige
778 241 115 21 statsrådet
913 241 90 21 friherre

180 269 86 27 August
283 269 146 20 Mannerheim
445 269 72 21 infann
530 269 32 27 sig
573 269 94 20 derefter
678 269 40 21 och
730 269 143 28 tillkännagaf
893 271 31 20 att
934 269 69 21 landt-

180 297 83 27 dagens
280 297 118 27 högtidliga
414 297 114 28 öppnande
541 304 38 14 var
595 299 68 19 utsatt
678 299 31 19 att
725 298 96 27 försiggå
837 299 5 19 i
859 305 88 20 morgon
963 298 40 20 den

180 327 12 19 6
208 326 147 20 innevarande
379 325 104 21 Februari
504 327 58 25 samt
583 326 74 27 inbjöd
681 326 50 20 herr
752 326 195 21 landtmarskalken
964 326 39 21 och

180 354 98 21 ståndets
296 354 140 20 medlemmar
452 356 31 18 att
499 354 66 27 sagde
581 354 51 27 dag,
649 354 55 20 efter
720 354 73 21 slutad
808 355 122 27 gudstjenst
945 355 5 20 i
967 354 36 21 Ni-

180 382 162 28 kolai-kyrkan,
359 383 79 20 bivista
454 382 89 21 berörde
560 382 141 28 högtidlighet
717 383 13 20 å
746 383 115 28 kejserliga
877 383 79 21 slottet.

250 411 174 21 Sammanträdet
440 410 111 28 upphörde
567 411 28 20 kl.
612 411 27 26 1/,
655 412 12 20 4
683 418 18 14 e.
717 418 28 14 m.

769 447 20 16 In
803 447 63 16 fidem:

679 480 74 21 Victor
769 481 25 21 de
809 480 21 21 la
848 480 104 29 Chapelle.

327 616 122 33 Tisdagen
467 616 45 26 den
531 616 13 26 6
562 616 114 27 Februari
694 616 33 27 kl.
746 616 28 26 11
791 616 17 27 f.
826 624 31 19 m.

252 679 57 21 Herr
332 679 196 21 landtmarskalken
551 679 144 27 tillkännagaf
712 681 41 24 att,
770 680 66 27 enligt
851 679 55 21 hvad
922 680 27 27 pä
965 687 35 13 en-

181 708 55 20 skild
248 710 41 26 väg
304 708 31 20 till
352 708 52 20 hans
416 708 98 26 kunskap
527 707 98 27 kommit,
637 707 143 21 medständen
789 708 82 27 antagit
882 708 121 21 ridderska-

182 738 47 26 pets
246 736 39 21 och
302 736 74 20 adelns
392 736 127 27 inbjudning
531 736 81 20 attien
624 736 74 20 adress
709 736 32 20 till
752 736 29 20 H.
791 736 27 20 M.
829 736 105 28 Kejsaren
946 737 57 21 hem-

181 766 53 20 bära
249 765 79 20 honom
344 764 84 21 landets
444 764 146 27 underdäviga
607 764 259 28 tacksamhetsbetygelse
884 765 33 21 för
935 765 68 21 landt-

182 793 185 28 dagsordningens
383 792 149 21 fastställande
548 792 39 21 och
603 792 127 22 hemställde
747 800 35 14 om
790 793 47 21 icke
849 794 154 26 uppsättandet

182 822 22 20 af
225 822 70 20 denna
318 822 84 26 adress,
426 821 70 21 såsom
518 821 143 27 brådskande,
680 821 71 21 kunde
768 822 141 20 öfverlemnas
926 822 30 21 till
972 824 31 19 ett

181 850 85 21 utskott
281 850 23 20 af
318 850 48 27 fyra
381 856 110 20 personer,
508 856 25 14 en
548 849 46 21 frän
611 849 74 27 hvarje
701 850 70 20 ständ.

251 878 34 21 Då
301 878 70 20 härtill
387 878 102 27 enhälligt
498 878 100 27 jakades,
609 878 63 27 utsåg
682 878 50 20 herr
740 878 205 27 landtmarskalken,
954 879 48 20 med

182 907 96 20 ståndets
302 905 134 28 begifvande,
456 906 48 21 herr
522 906 150 28 Montgomery
695 908 32 19 att
743 913 53 14 vara
811 907 93 21 ledamot
919 907 30 21 uti
966 907 36 21 be-

183 935 62 21 rörde
261 935 166 20 adressutskott.

251 963 174 21 Sammanträdet
441 962 110 28 upphörde
567 963 57 20 härå.

771 993 21 16 In
806 993 61 16 fidem:

684 1026 71 21 Victor
771 1027 26 20 de
813 1027 21 20 la
850 1026 104 29 Chapelle.

336 1169 126 32 Onsdagen
480 1169 46 25 den
544 1168 13 26 7
574 1168 115 27 Februari
706 1169 33 25 kl.
758 1169 28 25 11
804 1169 16 25 f.
838 1176 30 18 m.

251 1231 133 28 Föredrogs:
402 1231 241 27 Generalguvernörens
660 1231 40 20 den
717 1232 12 20 6
745 1230 82 22 dennes
843 1231 31 21 till
890 1231 114 22 landtmar-

183 1261 89 20 skalken
296 1260 78 20 aflåtne
398 1259 119 26 skrifvelse,
541 1259 120 28 hvarjemte
679 1259 6 20 i
705 1259 102 21 afseende
827 1261 12 19 å
853 1260 152 28 föredragning

183 1289 39 20 hos
238 1288 151 27 ridderskapet
406 1288 39 21 och
462 1287 62 22 adeln
538 1287 171 22 öfverlemnades
725 1289 32 20 ett
773 1288 111 27 exemplar
902 1289 23 20 af
940 1295 65 21 expe-

183 1317 95 20 ditionen
301 1316 30 21 uti
355 1317 99 26 tjugutvå
470 1316 105 21 särskilda
598 1317 77 26 frågor,
696 1319 111 24 upptagna
822 1317 6 19 i
845 1323 25 14 en
890 1317 115 27 sålydande

251 1345 147 27 Förteckning
413 1345 60 21 öfver
489 1344 26 21 de
527 1346 27 20 22
565 1345 22 21 af
595 1345 30 20 H.
637 1345 27 20 M.
675 1344 105 27 Kejsaren
793 1345 85 28 nådigst
887 1345 120 22 fastställda

183 1373 281 28 landtdagspropositioner,
487 1381 46 13 som
552 1373 75 28 åtfölja
642 1373 235 28 generalguvernörens
893 1373 112 22 skrifvelse

184 1403 23 20 af
221 1402 40 21 den
278 1403 12 20 6
307 1401 105 21 Februari
430 1403 60 20 1872.

253 1431 32 20 1:o
300 1437 34 14 om
346 1430 74 27 anslag
430 1430 31 21 till
472 1430 149 21 förbättrande
631 1429 24 22 af
663 1429 96 22 farleden
771 1430 91 21 emellan
874 1430 32 21 S:t
916 1430 91 21 Michels

183 1459 47 21 stad
248 1459 39 20 och
304 1460 71 26 öppna
390 1459 94 20 Saimen.

252 1488 34 20 2:0
310 1494 34 13 om
368 1487 125 27 förändring
516 1487 23 21 af
559 1486 96 28 grunden
679 1486 34 21 för
733 1487 182 27 tolags-afgiftens
931 1487 76 20 beräk-

184 1515 76 21 nande.
