1142 1786
446 123 35 16 Den
497 124 20 15 10
530 123 95 16 Februari.
891 125 23 19 21

440 179 188 20 Bank-utskottet:

124 218 80 21 Grefve
222 218 100 24 Armfelt,
339 219 95 26 August,
450 219 6 19 i
472 219 72 20 stället
560 218 32 21 för
607 219 91 20 friherre
714 218 68 28 Boije.

430 275 206 27 Sjölags-utskottet:

123 314 56 20 Herr
195 314 102 26 Etholén,
314 314 75 27 Adolf,
406 314 30 21 till
452 314 68 28 fjerde
537 315 100 21 ledamot.

407 371 254 21 Kommunal-utskottet:

122 410 56 21 Herr
190 418 40 13 von
242 410 79 25 Essen,
333 410 69 21 Johan
415 410 97 29 August,
523 411 104 21 likaledes
638 412 31 20 till
681 411 67 27 fjerde
760 412 92 20 ledamot
863 413 39 20 och
914 413 30 20 till

461 468 120 28 Suppleant
596 468 7 20 i

413 508 238 22 Ekonomie-utskottet:

121 547 57 21 Herr
194 547 144 28 Svinhufvud,
354 548 86 27 Gustaf,
456 549 6 20 i
478 549 73 20 stället
566 549 32 20 för
613 548 91 22 friherre
719 555 41 14 von
776 548 66 21 Troil.

189 604 132 28 Föredrogs:
336 604 28 22 H.
374 604 26 22 K.
412 605 72 28 Maj:ts
496 606 31 20 till
542 605 115 22 ständerna
669 605 78 21 aflätna
758 605 77 27 nådiga
847 604 96 28 proposi"

120 633 55 26 tion,
191 640 35 13 n:o
242 635 11 19 1
269 640 33 14 om
319 634 74 27 anslag
409 634 30 20 till
450 634 147 21 förbättrande
609 634 22 21 af
640 634 94 20 farleden
747 633 89 21 emellan
849 634 32 20 S:t
893 634 49 21 Mic-

120 662 46 20 hels
182 661 48 21 stad
246 661 40 21 och
302 663 70 26 öppna
388 662 91 21 Saimen.

188 690 58 20 Herr
261 697 41 14 von
318 690 113 21 Kremer
446 691 71 21 anhöll
534 691 51 21 härä
600 698 35 13 om
648 690 61 21 ordet
721 690 39 20 och
771 690 96 27 yttrade:
879 690 64 22 Först

120 718 39 21 och
178 718 77 21 främst
274 725 62 14 anser
349 720 39 26 jag
404 719 36 21 det
455 720 20 27 ej
492 726 52 14 vara
559 720 65 26 något
640 718 74 22 tvifvel
730 718 165 27 underkastadt,
911 722 32 18 att

120 748 20 26 ej
165 747 77 27 nådiga
265 747 160 27 propositionen
449 748 37 20 bör
505 748 121 20 remitteras
646 748 31 20 till
698 747 163 21 statsutskottet
877 748 66 27 enligt

120 775 245 28 landtdagsordningens
380 776 120 26 föreskrift,
517 783 48 13 men
579 776 38 27 jag
633 775 68 21 skulle
717 775 84 21 anhålla
817 777 32 19 att
864 775 21 21 få
900 776 43 20 låta

119 804 105 20 remissen
240 804 85 27 åtföljas
340 804 22 20 af
376 805 66 26 några
458 804 195 21 tillhandsvarande
669 804 133 27 handlingar,
819 803 60 21 öfver
890 804 52 20 hvil-

120 832 38 20 kas
174 832 116 28 uppkomst
306 832 39 20 och
362 833 92 20 innehåll
468 833 38 27 jag
522 832 53 21 skall
591 832 64 21 hafva
671 832 40 20 den
728 834 50 18 äran
795 833 32 19 att
838 832 6 20 i
856 832 86 21 korthet

119 860 112 28 redogöra.
262 860 79 28 Vigten
361 861 23 20 af
399 860 108 28 företaget
522 862 24 19 är
561 861 66 20 redan
642 861 7 20 i
664 860 41 21 den
721 860 77 27 nådiga
815 861 127 26 propositio-

119 895 39 14 nen
180 889 120 25 releverad;
316 889 37 20 det
368 889 66 27 gäller
448 891 32 18 att
495 889 106 20 fullborda
617 891 31 18 ett
663 888 280 22 vattenkommunikations-

118 919 91 25 system,
233 917 27 27 på
279 917 81 20 hvilket
378 919 69 19 staten
467 917 87 27 nedlagt
572 917 86 28 mycket
677 919 58 18 stora
756 917 121 24 kostnader,
894 924 48 14 men

118 952 46 13 som
184 945 66 20 också
270 945 61 20 torde
350 945 72 21 kunna
438 953 61 13 anses
515 945 34 21 för
564 945 36 21 det
616 947 79 19 största
711 945 140 20 ekonomiska
867 946 52 20 verk
935 946 6 20 i

120 974 46 19 vårt
186 973 49 20 land
251 973 39 21 och
306 981 44 13 som
367 974 47 20 icke
430 974 90 21 allenast
536 975 23 19 är
575 974 36 20 det
627 975 80 19 största
721 973 76 21 verket
812 973 6 20 i
835 974 107 21 anseende

119 1002 29 19 till
166 1002 31 20 sin
214 1001 128 28 omfattning
358 1002 39 21 och
413 1003 46 20 sina
472 1002 123 26 kostnader,
611 1004 51 18 utan
678 1001 66 22 också
759 1001 36 20 det
807 1004 56 18 mest
873 1002 68 21 frukt-

120 1029 124 28 bringande,
264 1030 128 21 åtminstone
408 1031 32 20 för
455 1037 25 14 en
497 1031 87 27 mycket
601 1033 44 18 stor
661 1030 33 20 del
711 1030 22 21 af
747 1029 83 27 landet;
846 1030 36 20 det
897 1031 44 26 gäl-

119 1059 31 20 ler
165 1058 47 21 icke
229 1058 75 21 endast
319 1061 32 18 att
366 1059 105 20 fullborda
488 1059 71 20 Saima
574 1059 75 20 kanals
663 1060 156 25 vattensystem
833 1058 33 20 för
877 1059 63 20 kana-

119 1087 44 20 lens
186 1093 54 20 egen
261 1087 55 20 skull
337 1087 51 20 eller
407 1087 33 20 för
460 1087 26 20 de
511 1087 125 26 inkomster,
655 1086 102 21 hvarmed
773 1093 26 14 en
815 1086 127 28 utvidgning

119 1115 67 20 måste
203 1115 42 20 öka
260 1115 49 20 dess
326 1115 69 24 värde,
411 1118 52 18 utan
479 1115 65 21 också
559 1115 32 20 för
607 1115 41 20 den
664 1115 34 20 del
713 1115 23 20 af
749 1114 97 21 Saimens
857 1117 83 18 vatten-

120 1143 58 27 drag,
195 1150 45 13 som
257 1143 59 21 detta
332 1146 80 25 system
429 1144 47 21 icke
492 1151 29 13 nu
536 1143 69 26 berör,
622 1143 106 28 nemligen
744 1143 86 20 trakten
841 1143 100 28 omkring

118 1172 32 20 S:t
166 1171 89 21 Michels
272 1172 58 26 stad;
346 1173 36 19 det
398 1174 23 18 är
437 1173 65 19 också
518 1173 28 26 på
561 1171 40 21 den
617 1172 79 26 grund,
712 1178 45 13 som
768 1171 66 21 redan
849 1171 92 27 tidigare

118 1202 31 18 ett
172 1200 82 20 mindre
278 1200 74 27 anslag
375 1200 23 20 af
418 1200 126 20 statsmedel
564 1200 37 20 har
620 1200 69 20 blifvit
707 1199 103 27 beviljadt
829 1199 40 20 och
885 1200 55 20 vissa

118 1228 126 27 rensningar
259 1228 122 27 företagits,
398 1228 54 21 dock
468 1229 26 26 på
510 1228 59 27 långt
584 1229 39 20 när
634 1228 47 21 icke
692 1228 135 27 tillräckliga.
850 1226 38 21 Ett
899 1228 41 20 för-

118 1257 46 26 slag
186 1257 32 20 till
240 1257 64 26 nådig
320 1257 131 27 proposition
468 1257 36 20 vid
519 1259 87 18 senaste
623 1256 102 27 landtdag
741 1256 54 20 hade
811 1255 66 21 också
893 1256 46 21 blif-

118 1285 30 20 vit
166 1285 118 27 uppgjordt
304 1286 26 26 på
350 1285 68 28 grund
441 1285 23 21 af
478 1292 25 14 en
520 1285 89 27 petition
625 1285 47 20 från
689 1284 32 21 S:t
738 1284 88 21 Michels
842 1284 48 20 stad
906 1285 34 20 vid

116 1313 69 20 första
203 1313 140 28 landtdagen,
359 1321 47 13 men
422 1314 69 20 denna
507 1313 76 28 nådiga
600 1313 133 28 proposition
749 1312 45 21 blef
807 1313 20 26 ej
843 1312 97 28 förelagd

118 1341 39 20 sist
172 1341 129 21 församlade
317 1342 92 26 ständer,
426 1342 39 21 och
481 1342 36 20 det
532 1345 24 17 är
571 1341 133 26 densamma,
720 1347 45 14 som
781 1347 29 14 nu
821 1341 85 27 nådigst
917 1343 23 18 är

118 1369 145 22 öfverlemnad
279 1370 31 21 till
326 1370 122 21 ständerna.
464 1370 42 27 Jag
522 1370 38 21 har
575 1370 83 21 således
674 1369 64 20 redan
755 1369 87 27 antydt,
853 1371 32 18 att
896 1369 43 27 vig-

118 1400 34 18 ten
170 1398 24 21 af
207 1398 85 21 arbetet
308 1400 23 19 är
346 1399 76 20 insedd
438 1399 46 20 utaf
498 1399 157 20 innevånarene
672 1397 7 20 i
694 1397 41 21 den
751 1400 43 23 ort,
810 1403 45 14 som
872 1397 68 21 skulle

117 1426 86 21 komma
219 1428 31 19 att
266 1427 88 20 beröras
370 1427 70 26 deraf,
456 1427 39 20 och
512 1427 61 20 deras
589 1427 54 20 ifver
658 1427 34 20 för
707 1425 120 21 detsamma
844 1425 38 21 har
893 1425 47 21 icke

117 1455 107 20 afsvalnat
239 1455 65 20 sedan
321 1455 58 27 dess;
395 1457 93 19 tvärtom
504 1455 56 20 inses
576 1455 49 20 dess
641 1455 46 26 vigt
697 1455 48 20 med
759 1453 92 21 förökad
866 1454 74 27 styrka

117 1483 33 19 för
166 1483 75 27 hvarje
257 1483 47 27 dag.
334 1483 42 21 För
392 1485 31 19 att
439 1483 85 21 komma
541 1483 26 27 på
582 1483 36 20 det
634 1483 69 26 klara,
720 1483 53 19 huru
785 1484 59 18 stora
853 1482 86 20 kostna-

116 1510 38 21 der
173 1511 109 21 erfordras
300 1512 33 20 för
348 1513 32 19 att
396 1511 89 21 slutföra
501 1512 62 20 dessa
579 1511 126 27 rensningar
721 1510 38 21 och
775 1510 71 20 denna
861 1510 78 20 farleds
