1142 1786
202 142 39 20 134
531 143 38 15 Den
583 143 22 16 20
618 143 94 15 Februari.

172 201 62 24 tager
250 198 39 27 sig,
306 200 38 24 att,
361 198 66 20 ehuru
444 198 125 27 visserligen
583 198 190 27 jernvägsfrakten
787 197 105 22 beräknas
904 198 54 21 efter
970 198 29 21 af-

172 227 87 20 ståndet
282 227 40 20 och
348 233 47 14 man
416 227 82 20 således
520 227 34 20 wvid
573 227 67 20 första
657 227 130 26 ögonkastet
803 227 68 20 skulle
888 227 64 26 tycka
969 229 31 18 att

172 255 76 20 endast
266 255 109 20 afståndet
391 255 97 20 kommer
504 255 5 20 i
526 255 59 27 fråga
601 255 26 20 då
641 255 38 27 jag
696 255 55 20 talar
767 262 33 13 om
812 255 75 27 dyrare
899 255 52 20 eller
964 255 35 20 bil-

172 283 68 27 ligare
254 283 194 27 jernvägsfrakter,
464 284 24 19 så
504 283 99 20 förhåller
619 283 36 20 det
671 283 31 27 sig
718 283 47 21 icke
781 285 29 24 sä,
828 285 37 18 när
881 290 46 13 man
944 283 54 27 går
986 279 16 35 i

173 310 74 28 detalj,
267 314 22 24 ty
310 318 25 13 en
354 311 104 27 förnuftig
474 312 274 26 jernvägsadministration
765 312 75 25 måste,
857 311 33 21 vid
907 312 92 20 bestäm-

174 340 77 20 mande
267 340 23 20 af
304 340 26 20 de
346 340 56 20 olika
418 340 134 26 fraktsatser,
569 347 43 13 som
625 340 27 26 på
661 340 92 27 jernväg
765 340 60 20 skola
837 340 86 24 betalas,
935 340 64 20 fram-

172 368 34 20 för
222 368 37 20 allt
275 368 55 20 fästa
347 368 31 26 sig
394 368 34 20 vid
445 368 41 20 den
502 368 114 27 vigtigaste
632 368 93 26 faktorn,
735 369 132 26 jornvägens
879 368 120 27 byggnads-

173 396 100 21 kostnad.
304 396 70 20 Deraf
387 396 69 28 följer,
473 398 31 18 att
520 403 26 13 en
563 396 38 27 dyr
615 397 93 27 jernväg
725 398 67 19 måste
809 397 83 20 belasta
909 403 90 13 varorna

174 425 48 20 med
239 432 27 13 en
283 424 39 28 dyr
338 424 66 27 frakt;
422 427 32 18 att
468 432 26 13 en
511 424 57 28 billig
581 425 91 27 jernväg
688 425 46 20 åter
751 425 40 20 kan
809 425 54 20 hålla
875 432 24 13 en
913 425 86 27 mycket

174 453 34 27 låg
225 456 61 23 taxa;
302 453 39 21 och
359 453 87 20 framför
462 453 36 20 allt
514 460 63 13 anser
590 454 37 26 jag
643 460 34 14 oss
694 454 6 19 i
717 453 91 21 Finland
824 454 51 20 böra
892 453 107 27 uppställa

174 481 41 20 den
232 481 119 27 principen,
368 484 31 18 att
416 482 19 20 vi
452 482 56 26 välja
525 482 69 20 såsom
607 482 94 26 riktning
712 482 33 19 för
757 482 125 20 stambanan
895 482 39 20 den
947 481 52 20 rikt-

174 510 58 26 ning,
249 516 45 14 som
311 510 101 27 erbjuder
428 510 26 20 de
470 510 78 20 minsta
564 509 257 28 terrängsvärigheterna,
838 510 39 20 och
889 510 26 20 dä
926 510 39 20 den
979 509 22 20 af

174 538 49 20 herr
246 545 40 13 von
303 538 88 20 Alfthan
410 538 122 27 föreslagna
548 538 63 20 linien
627 545 78 20 genom
723 538 104 20 Savolaks
844 538 37 20 hör
897 538 30 20 till
943 538 55 25 dem,

175 573 45 14 som
240 567 89 26 erbjuda
346 566 26 21 de
389 568 81 19 största
485 567 228 27 terrängsvårigheter,
735 569 23 18 är
771 567 38 27 jag
825 567 127 27 öfvertygad
969 569 30 18 att

174 595 41 19 den
232 595 69 20 skulle
316 595 112 20 framkalla
445 595 85 27 mycket
547 595 64 26 högre
627 595 104 20 fraktsats
743 596 26 19 än
781 596 68 26 någon
861 595 22 20 af
893 595 25 20 de
927 595 72 25 andra,

175 622 39 21 och
231 625 32 18 att
280 623 40 20 han
338 622 90 27 derföre,
446 630 33 13 om
496 624 52 19 hans
565 623 88 27 petition
670 623 5 20 i
692 623 61 20 detta
769 623 100 21 afseende
885 623 68 20 skulle
969 623 30 19 bi-

175 651 68 26 fallas,
268 652 68 20 skulle
358 652 72 26 uppnå
454 658 51 13 rena
524 653 118 19 motsatsen
661 651 22 21 af
701 651 56 20 hvad
777 651 40 20 han
835 651 42 25 vill,
894 651 104 27 nemligen

175 682 32 18 att
226 680 85 19 frakten
331 680 33 20 för
383 680 40 20 alla
442 686 63 14 varor
524 680 45 20 från
591 680 38 20 och
647 680 30 20 till
694 679 109 27 Uleåborg
818 680 67 20 skulle
902 679 97 27 fördyras

175 708 5 20 i
197 708 71 20 stället
285 708 33 20 för
334 710 32 18 att
382 708 66 20 blifva
464 708 102 27 billigare.
589 708 42 26 Jag
647 709 24 19 är
687 708 84 20 derföre
787 708 127 27 öfvertygad
926 710 31 18 att
966 714 33 13 om

176 736 107 20 utskottet
300 738 61 25 tager
377 736 63 21 dessa
456 736 182 27 omständigheter
654 736 6 20 i
672 736 142 20 betraktande
826 736 35 20 det
873 736 64 20 minst
946 736 53 20 skall

176 764 56 21 fästa
247 765 33 26 sig
296 764 35 20 vid
347 765 40 20 den
404 764 22 21 af
440 765 76 20 honom
533 764 121 27 föreslagna
671 764 187 26 undersökningen
875 765 22 19 af
911 764 70 20 linien.

245 792 57 21 Herr
325 792 163 27 Ehrnrooth,
512 792 67 21 Carl:
604 792 62 21 Efter
685 792 36 21 det
738 792 38 28 jag
796 792 69 21 anhöll
882 799 32 13 om
932 792 67 25 ordet,

176 821 120 27 uppträdde
313 821 49 20 herr
378 828 41 14 von
432 821 88 20 Alfthan
536 821 30 20 till
582 821 85 20 försvar
683 821 32 20 för
731 821 32 20 sin
780 821 89 27 petition
886 821 31 20 för
933 821 66 19 andra

176 850 92 26 gången,
285 850 39 20 och
342 856 44 14 som
400 850 38 26 jag
454 849 6 20 i
473 849 106 27 åtskilliga
590 849 59 20 delar
660 850 22 20 af
692 849 56 21 hvad
757 850 38 26 jag
805 851 72 19 ämnat
888 850 79 24 anföra,
977 851 23 18 är

176 878 147 20 förekommen
340 878 22 19 af
376 878 85 25 honom,
478 878 52 19 skall
544 878 38 27 jag
599 878 64 26 bjuda
679 878 30 19 till
721 880 32 17 att
764 878 53 19 fatta
829 878 42 26 mig
883 878 53 19 kort.
956 878 43 19 Det

176 907 24 19 är
216 906 66 20 kändt
298 906 23 20 af
335 905 161 28 ridderskapets
512 906 40 20 och
568 906 74 20 adelns
658 905 146 26 medlemmar,
823 905 86 26 enhvar,
926 908 31 17 att
975 906 25 25 på

176 941 76 14 senare
276 935 22 20 år
322 934 99 21 öfverallt
439 935 5 19 i
464 935 47 19 vårt
530 934 55 26 land,
603 935 51 19 nära
670 941 42 20 nog
727 934 6 20 i
751 934 39 20 alla
807 934 48 20 dess
871 934 128 27 aflägsnaste

177 962 103 27 byggder,
301 963 168 27 förhoppningar
489 963 64 20 hafva
568 963 98 26 uppstått
683 969 33 14 om
733 965 32 17 att
781 963 72 19 kunna
868 962 21 20 få
902 963 97 26 jernväg.

178 1003 21 2 —
222 991 38 26 De,
280 991 38 20 hos
335 991 71 20 hvilka
422 993 32 18 ett
470 991 75 20 sådant
562 991 55 27 hopp
635 991 86 24 vaknat,
739 991 63 20 hafva
818 990 113 27 ingalunda
947 990 53 20 kun-

177 1021 35 18 nat
230 1027 50 12 vara
300 1019 108 28 okunniga
424 1026 33 13 om
474 1019 39 20 den
531 1019 84 20 relativt
632 1019 67 26 dryga
716 1019 100 25 kostnad,
832 1025 45 14 som
893 1019 107 20 erfordras

176 1047 34 20 för
226 1048 79 20 sådana
322 1047 266 21 kommunikationsleders
605 1048 67 19 första
688 1047 130 27 anläggning
829 1047 40 20 och
881 1047 71 20 vidare
964 1054 36 13 un-

177 1076 89 20 derhåll.
298 1076 84 21 Hvaraf
403 1076 96 20 kommer
521 1075 35 21 det
579 1076 32 27 sig
635 1076 33 25 då,
689 1078 32 17 att
741 1083 48 13 man
805 1076 6 20 i
828 1075 63 20 dessa
906 1075 95 27 aflägsna

177 1104 75 27 nejder
268 1104 63 27 hyser
352 1104 69 21 denna
438 1105 69 20 såsom
524 1105 75 26 många
615 1104 71 27 tycka,
704 1104 74 27 utopi?
810 1103 42 21 Det
869 1104 95 20 kommer
980 1104 23 19 af

177 1133 151 20 medvetandet
350 1133 72 20 derom
443 1135 39 23 att,
498 1133 87 20 såframt
601 1133 20 26 ej
638 1133 63 20 dessa
717 1133 84 20 trakter
818 1132 84 20 komma
917 1134 32 18 att
966 1133 34 19 be-

177 1162 59 19 röras
253 1161 23 21 af
286 1161 98 28 jernväg,
400 1161 24 20 så
440 1163 23 18 är
479 1161 35 20 det
531 1161 32 20 för
579 1161 47 20 dem
643 1161 98 27 omöjligt
757 1163 30 18 att
803 1161 26 26 gå
841 1160 82 20 framåt.
947 1160 54 21 Vårt

176 1189 51 20 land
250 1191 23 19 är
293 1189 126 27 visserligen
440 1189 83 27 ganska
539 1190 32 19 väl
588 1189 77 20 lottadt
681 1189 5 19 i
704 1189 102 20 afseende
822 1189 12 19 å
850 1189 151 26 sjökommuni-

178 1218 104 25 kationer,
306 1218 72 20 hvilka
397 1217 67 21 under
485 1218 40 20 den
545 1218 30 20 tid
596 1218 25 20 de
638 1219 37 19 äro
693 1217 140 28 begagneliga
849 1217 46 20 icke
911 1217 90 20 allenast

177 1246 123 27 tillräckligt
320 1246 40 21 och
381 1246 67 27 billigt
468 1246 103 21 förmedla
591 1246 141 20 samfärdseln
749 1245 90 21 emellan
856 1245 88 20 Finland
962 1245 39 21 och

178 1275 40 20 den
235 1275 67 26 öfriga
318 1274 94 23 verlden,
429 1276 49 19 utan
496 1275 62 20 äfven
574 1275 56 20 inom
647 1277 49 23 eget
707 1274 50 20 land
769 1274 146 25 väsendtligen
925 1274 76 20 under-

178 1303 52 20 lätta
252 1305 134 24 transporter
405 1303 46 20 från
468 1303 39 20 den
524 1310 40 13 ena
580 1306 60 17 orten
658 1303 30 20 till
705 1303 41 20 den
763 1301 72 22 andra.
867 1302 47 20 Men
932 1302 69 20 denna

178 1331 219 27 sjökommunikation
412 1333 24 18 är
453 1331 125 27 begagnelig
595 1331 54 20 blott
665 1338 25 13 en
707 1331 30 20 tid
755 1330 22 21 af
791 1331 46 20 äret
848 1330 39 21 och
895 1331 24 26 ju
929 1331 72 26 längre

178 1360 20 19 vi
218 1360 85 19 komma
322 1363 44 17 mot
385 1359 89 26 norden,
491 1360 39 19 blir
547 1359 69 21 denna
634 1359 31 20 rid
682 1359 87 20 kortare
786 1358 32 21 för
834 1361 31 18 att
880 1359 100 26 slutiigen
995 1359 6 19 i

178 1388 40 20 den
242 1388 56 27 höga
321 1387 88 25 norden,
433 1387 30 20 dit
481 1388 37 26 jag
548 1388 67 20 räknar
633 1388 114 26 Uleåborg,
764 1387 127 20 inskränkas
908 1387 30 20 till
954 1387 47 26 fyra

178 1416 101 21 mänader
295 1423 34 13 om
345 1416 53 20 äret.
411 1428 26 3 —
450 1415 42 21 Det
508 1418 22 18 är
546 1416 83 20 säledes
646 1416 111 27 ingenting
773 1418 66 17 annat
854 1417 25 18 än
892 1415 63 27 högst
966 1422 35 13 na-

178 1445 81 26 turligt,
278 1447 32 18 att
325 1451 47 14 man
389 1444 47 20 icke
454 1445 39 20 kan
512 1452 50 13 vara
577 1445 50 26 nöjd
645 1444 47 21 med
709 1444 63 20 dessa
787 1443 214 26 kommunikationer,

179 1478 22 22 ty
220 1480 25 12 en
266 1472 134 25 samfärdsel,
417 1479 45 13 som
480 1473 66 20 under
562 1474 36 18 två
615 1472 130 28 tredjedelar
759 1472 23 20 af
795 1473 46 19 året
857 1473 23 18 är
896 1472 106 25 afbruten,

179 1503 23 18 är
218 1502 23 19 sä
257 1500 52 28 godt
326 1508 44 12 som
387 1500 69 28 ingen.
475 1514 25 1 —
517 1501 44 20 För
577 1504 30 17 att
624 1500 239 21 kommunikationerna
880 1500 59 20 skola
950 1502 52 25 göra

179 1533 67 23 nyttä,
259 1530 66 19 måste
342 1529 26 20 de
384 1536 51 13 vara
451 1530 71 26 öppna
540 1529 43 20 hela
602 1530 45 19 året
664 1536 41 18 om,
722 1529 39 20 och
778 1528 68 20 dertill
864 1528 73 26 finnes,
955 1529 46 20 med
