1142 1786
207 125 42 20 354
525 125 39 16 Den
577 125 10 15 6
599 124 57 21 April.

178 181 45 21 står
246 180 85 28 tydligt,
354 182 43 19 att:
422 197 4 8 ,
429 180 96 27 uppstår
550 179 61 28 fråga
637 187 33 14 om
693 180 125 27 förändring
841 179 51 21 eller
916 179 90 28 upphäf-

177 209 71 21 vande
271 209 23 21 af
316 209 26 20 de
362 209 90 20 stånden
466 208 61 30 gifna
543 209 128 27 privilegier,
690 209 109 20 förmoner
815 209 39 20 och
871 209 134 27 rättigheter,

178 238 52 20 eller
246 245 34 13 om
296 244 42 21 nya
358 237 134 28 privilegiers
513 237 146 26 meddelande,
679 237 56 28 gälle
755 237 57 21 hvad
827 237 5 20 i
850 237 155 27 regeringsfor-

178 273 48 14 men
250 265 74 21 derom
348 265 68 21 finnes
435 265 123 27 stadgadt'.
588 265 205 28 Regeringsformen
810 267 23 19 är
851 265 23 21 af
889 265 61 26 1772,
967 265 38 21 och

178 302 38 13 var
232 294 85 20 således
332 294 99 27 gällande
448 293 65 21 också
530 294 60 20 1863.

246 322 98 20 Emedan
360 322 68 21 under
444 322 40 20 den
501 322 86 20 härmed
603 322 107 21 afslutade
727 322 149 21 diskussionen
892 322 58 20 olika
964 322 41 20 för-

178 352 46 27 slag
241 351 70 21 blifvit
327 350 155 26 framkastade,
498 350 119 27 uppställde
634 350 49 22 herr
692 350 197 21 landtmarskalken
902 350 54 20 först
967 350 36 20 föl-

174 380 67 27 jande
258 379 134 27 proposition
410 378 111 28 angående
537 378 40 21 den
594 379 221 28 kontraproposition,
832 386 45 13 som
894 378 66 21 borde
969 386 35 13 an-

177 411 61 25 tagas
255 410 45 18 mot
316 408 119 20 utskottets
452 407 135 21 betänkande
604 408 71 20 såsom
689 408 176 27 ja-proposition,
887 407 118 27 nemligen:

248 453 12 9 »
262 436 43 21 Vill
322 436 150 27 ridderskapet
488 436 39 20 och
537 436 61 20 adeln
607 436 31 20 till
647 436 212 27 kontraproposition
868 438 79 25 antaga
957 436 48 20 herr

177 465 138 27 Lagerborgs
331 464 81 28 förslag
428 464 30 20 till
480 464 57 20 bifall
553 464 22 20 af
589 464 243 21 kommunalutskottets
841 464 163 27 framställning,

178 494 55 20 dock
257 493 49 21 med
330 493 76 26 vilkor,
429 494 33 19 att
478 492 123 21 nuvarande
617 492 138 22 innehafvare
772 492 118 21 bibehållas
906 492 35 20 vid
957 492 46 20 sina

177 522 136 27 rättigheter,
330 522 24 20 sä
368 521 64 28 länge
448 522 26 20 de
491 522 46 19 sina
552 521 77 27 gårdar
645 528 41 20 ega
703 522 39 20 och
760 521 83 21 bebo?'

247 567 13 9 »,
262 550 83 21 Vinner
361 550 41 27 nej,
419 552 89 25 antages
518 550 30 20 till
558 550 211 28 kontraproposition
778 550 49 20 herr
839 549 105 28 Pippings
953 548 52 22 eller

176 579 92 21 friherre
291 586 41 13 von
352 579 71 20 Borns
439 578 81 27 förslag
542 578 29 20 till
589 585 49 14 svar
661 579 5 20 &
682 578 242 21 kommunalutskottets
940 578 64 20 fram-

178 607 130 27 ställning
282 603 30 36 ?'*

246 635 59 21 Enär
328 635 36 21 vid
383 634 73 22 härom
477 634 91 22 anställd
585 635 98 27 votering
706 636 99 20 rösterna
821 635 76 20 utföllo
913 635 47 20 med
977 635 26 20 27

174 664 25 28 ja
214 666 46 18 mot
275 664 27 20 43
319 664 43 27 nej,
378 663 66 21 erhöll
461 664 61 20 nästa
538 664 131 26 proposition
687 663 95 29 följande
798 664 91 27 lydelse:

246 709 5 8 »
254 692 50 25 Vill
321 692 151 27 ridderskapet
487 691 39 21 och
535 692 61 20 adeln
605 692 31 20 till
646 692 210 28 kontraproposition
867 694 78 24 antaga
955 691 49 21 herr

176 721 107 27 Pippings
306 720 81 28 förslag
411 720 30 20 till
462 727 48 13 svar
530 720 12 20 å
558 720 243 22 kommunalutskottets
817 720 186 26 framställning
977 716 30 36 ?''

246 765 12 11 »
261 748 83 22 Vinner
360 749 42 27 nej,
418 751 90 25 antages
517 748 31 21 till
557 748 212 28 kontraproposition
778 749 91 21 friherre
880 756 41 13 von
933 747 70 21 Borns

176 778 82 26 förslag
273 777 32 21 till
322 784 49 14 svar
386 777 6 20 i
409 778 94 19 ämnet."

245 806 33 20 På
306 806 93 27 begäran
428 805 116 21 anställdes
576 806 105 27 votering,
709 812 45 14 som
777 806 62 20 utföll
863 805 47 21 med
933 805 27 20 35
981 805 23 27 ja

176 836 45 19 mot
236 835 27 20 37
280 835 42 26 nej,
340 834 29 20 till
389 834 53 27 följd
454 834 78 20 hvaraf
546 834 89 20 friherre
652 841 40 13 von
709 834 70 20 Borns
795 834 80 27 förslag
891 840 37 14 var
944 836 59 18 anta-

176 866 36 24 get
229 863 31 20 till
276 862 221 27 kontraproposition,
514 862 38 21 och
569 862 40 21 den
627 862 84 28 slutliga
728 862 274 28 omröstningspropositio-

176 898 40 14 nen
233 891 141 27 uppställdes,
390 890 127 27 sålydande:

246 919 146 26 ,»Godkänner
400 918 150 27 ridderskapet
562 919 38 20 och
610 919 61 20 adeln
682 919 232 20 riddarhusutskottets
925 919 78 27 ifråga-

177 947 93 21 varande
287 946 166 22 betänkande?"

245 976 98 21 «eVinner
359 976 43 27 nej,
418 975 126 28 godkännes
565 975 236 21 riddarhusutskottets
818 975 133 21 framställda
967 982 36 13 an-

176 1005 114 27 märkning
312 1006 45 19 mot
377 1003 242 22 kommunalutskottets
637 1004 131 27 befogenhet
783 1006 32 18 att
831 1005 108 19 inkomma
955 1004 47 20 med

175 1033 164 27 ifrågavarande
355 1033 190 27 petitionsförslag,
563 1032 102 21 hvarföre
681 1033 29 20 till
723 1040 50 13 svar
784 1039 77 21 genom
874 1032 128 27 protokolls-

175 1061 77 27 utdrag
267 1061 110 21 meddelas
394 1061 239 26 kommunalutskottet,
645 1063 31 18 att
693 1061 85 20 ståndet
794 1061 48 21 icke
859 1061 56 20 velat
931 1061 49 26 ingå
997 1061 5 20 i

176 1090 99 27 pröfning
291 1090 23 20 af
327 1089 118 21 utskottets
461 1089 176 27 framställning.'*

243 1117 71 22 Afven
331 1125 34 14 om
381 1117 70 21 denna
472 1117 131 28 proposition
623 1118 117 21 anställdes
758 1118 105 27 votering,
879 1125 46 13 som
942 1118 59 21 utföll

175 1146 48 21 med
248 1147 26 20 18
294 1147 24 27 ja
339 1148 44 19 mot
399 1147 26 20 23
445 1147 41 26 nej,
503 1146 31 21 till
551 1145 50 28 följd
618 1146 77 21 hvaraf
709 1147 91 20 friherre
817 1153 40 14 von
874 1146 70 21 Borns
961 1147 41 20 för-

175 1175 45 27 slag
236 1175 24 20 af
274 1175 86 20 ståndet
377 1175 44 20 blef
435 1177 93 24 antaget.

242 1202 60 22 Herr
318 1202 89 22 Taube
424 1203 69 20 anhöll
510 1210 28 13 nu
554 1209 33 14 om
603 1203 62 21 ordet
681 1203 39 21 och
738 1203 93 27 yttrade:
848 1202 42 28 Jag
906 1203 96 21 anhåller

175 1234 31 18 att
221 1232 22 21 få
252 1232 84 21 anmäla
348 1231 132 21 reservation
490 1233 44 19 mot
546 1230 161 29 ridderskapets
719 1232 41 20 och
771 1232 73 20 adelns
857 1234 80 18 tvenne
946 1231 57 21 förc-

174 1260 83 27 gående
274 1260 70 21 beslut
360 1262 56 19 samt
428 1260 169 27 tillkännagifva,
608 1262 32 18 att
653 1261 38 27 jag
701 1261 7 20 i
717 1261 62 20 detta
789 1261 51 20 sista
849 1260 47 21 icke
905 1260 96 27 deltagit.

243 1288 49 21 Med
309 1289 49 20 herr
374 1288 74 21 Taube
464 1288 102 21 förenade
581 1289 32 26 sig
629 1289 104 20 herrarne
750 1295 41 14 von
808 1288 95 27 Hellens,
921 1288 80 21 Schau-

175 1323 54 20 man,
254 1317 34 25 A.,
312 1317 128 25 Schauman,
456 1317 27 20 K.
500 1317 24 20 F.
544 1316 26 25 J.,
591 1316 130 26 Grotenfelt,
739 1316 35 27 N.,
791 1323 40 14 von
848 1317 95 26 Alfthan,
961 1324 39 14 von

175 1345 100 26 Schantz,
298 1345 149 27 Godenhjelm,
470 1345 127 26 Edelsköld,
619 1345 114 26 Järnefelt,
753 1345 101 26 Idestam,
871 1345 130 25 Ehrnrooth,

173 1373 117 27 Reinhold,
310 1372 172 29 Tavaststjerna,
499 1380 39 14 von
559 1373 121 27 Bonsdorff,
697 1373 120 27 Edelheim,
834 1373 88 27 Tavast,
939 1373 63 27 Rein,

173 1401 135 28 Lagerborg,
324 1401 34 27 R.,
374 1401 157 28 Montgomery,
547 1402 130 21 friherrarne
693 1402 83 21 Wrede
792 1402 39 21 och
849 1402 80 25 Mellin,
945 1405 56 18 samt

172 1429 76 28 grefve
264 1430 100 25 Armfelt,
380 1430 27 20 A.

242 1457 66 22 Emot
323 1458 36 21 det
374 1458 68 21 första
458 1458 24 21 af
495 1458 160 28 ridderskapets
671 1459 39 20 och
728 1458 75 21 adelns
815 1459 5 20 i
832 1459 75 27 frågan
919 1459 82 21 fattade

174 1486 70 20 beslut
260 1486 138 21 reserverade
414 1487 33 27 sig
463 1487 49 21 herr
528 1487 165 26 Nordenskiöld,
710 1486 48 21 Nils
775 1487 58 20 Karl.
