1142 1786
202 123 40 21 104
498 123 37 15 Den
551 122 18 17 19
584 123 92 15 Februari.

173 179 94 22 varande
291 179 166 21 verksamheten
482 179 35 20 vid
540 179 104 20 kontoren
666 178 55 20 skall
743 179 72 20 kunna
831 181 50 18 utan
899 179 53 20 våda
969 179 32 20 för

174 208 97 21 bankens
287 207 101 21 säkerhet
405 207 123 26 bibehållas,
545 207 60 20 torde
622 213 25 14 en
664 207 146 26 organisation
826 207 6 20 i
848 207 87 28 angifna
950 207 50 20 rikt-

173 237 58 26 ning,
251 243 51 14 vara
322 235 100 28 behöflig.
453 235 155 21 Erfarenheten
626 235 37 21 har
680 235 63 26 visat,
760 237 31 19 att
807 236 194 26 kommissarierne,

174 272 77 21 genom
271 264 149 27 obekantskap
440 264 48 21 med
506 264 207 21 ortsförhällandena
729 265 40 20 och
785 271 77 20 genom
879 264 62 21 deraf
954 264 47 21 här-

173 293 100 26 rörande,
289 293 144 20 vilseledande
452 292 225 21 rekommendationer
696 292 40 20 och
756 293 108 27 uppgifter
881 293 25 20 de
922 293 80 20 lemnat

174 321 202 24 bankdirektionen,
400 320 76 21 beredt
492 321 83 20 banken
595 322 58 19 stora
672 320 109 21 förluster.
813 321 40 20 Om
875 322 68 26 nägon
960 321 41 21 för-

174 350 91 28 ändring
280 350 49 20 icke
344 350 86 26 införes,
447 349 84 21 befarar
544 350 43 26 jag,
604 351 31 18 att
650 349 131 21 förlusterne
792 349 68 21 likasä
870 350 7 20 i
888 350 113 20 framtiden

174 379 62 20 skola
246 378 67 21 blifva
325 378 115 27 betydliga.
461 378 39 20 Att
511 378 97 20 meddela
619 377 224 28 kontorsstyrelserna
855 380 31 18 ett
896 378 106 20 intresse
992 373 12 36 i

174 407 166 27 förvaltningen,
358 406 122 28 derigenom
497 408 31 18 att
544 406 26 21 de
586 406 68 20 skulle
670 406 21 20 få
707 413 26 13 en
745 406 104 21 tantiöome
861 406 108 21 beroende
982 407 23 20 af

175 436 40 20 den
233 435 64 28 profit
312 435 95 20 rörelsen
424 435 86 27 lemnar,
526 435 41 20 kan
585 434 125 28 visserligen
725 434 67 21 hafva
808 435 86 27 mycket
910 435 45 20 skäl
969 435 33 20 för

175 464 39 27 sig,
238 464 69 20 ehuru
329 463 193 27 bankfullmäktige
544 463 46 21 icke
609 465 72 19 ansett
701 463 33 27 sig
755 463 72 21 kunna
843 464 78 20 föreslä
937 470 26 14 en
980 464 23 20 sä

175 492 183 28 genomgripande
378 492 129 27 förändring,
526 499 45 13 som
591 492 26 20 dä
635 492 67 20 borde
722 492 108 27 tillämpas
846 492 33 20 för
895 492 85 20 banken
996 492 6 20 i

176 521 32 20 sin
225 521 80 20 helhet.

245 548 65 22 Hvad
333 548 101 21 beträffar
457 549 40 20 den
520 548 191 28 ansvarighetslag,
736 556 46 13 som
802 550 23 20 är
844 549 122 28 föreslagen
982 549 23 21 af

177 577 200 27 bankfullmäktige,
403 577 64 21 hafva
491 577 191 27 bankfullmäktige
705 577 36 21 vid
766 577 153 21 utarbetandet
942 577 62 21 deraf

177 606 55 26 sökt,
250 608 32 18 att
298 606 24 20 sä
337 606 87 26 mycket
440 612 44 14 som
500 606 83 27 möjligt
598 606 109 26 precisera
723 606 173 27 ansvarigheten.
919 606 84 20 Ansva-

177 634 98 28 righeten
298 634 34 20 för
354 634 205 20 bankdirektionens
575 634 139 20 medlemmar
730 636 25 18 är
770 634 33 20 för
818 634 133 21 närvarande
967 634 37 21 all-

178 663 58 20 deles
260 662 88 28 oskälig.
379 662 49 21 Den
449 662 41 21 kan
506 663 28 27 pä
549 662 70 27 grund
635 662 23 20 af
671 662 74 27 lagens
763 662 134 28 ordalydelse
913 662 90 21 tilldöm-

178 698 46 14 mas
248 691 140 27 ansvarighet
406 690 34 21 för
460 691 82 26 sädant,
558 698 45 13 som
619 690 26 21 de
662 691 98 27 omöjligt
776 691 71 21 kunna
864 691 139 21 förekomma.

178 720 43 20 Det
244 721 24 19 är
284 720 34 20 väl
334 721 70 25 sannt,
421 721 32 19 att
469 719 40 21 den
525 726 28 14 nu
569 720 122 26 föreslagna
708 719 213 28 ansvarighetslagen
938 720 65 20 förut-

179 750 67 19 sätter
270 750 32 18 ett
322 749 68 20 större
410 748 53 20 mätt
482 748 22 20 af
521 748 74 20 arbete
611 748 32 20 för
659 748 156 26 direktörerne,
831 748 125 28 isynnerhet
972 748 32 21 för

178 776 49 27 den,
244 783 46 14 som
306 776 96 21 handhar
418 776 99 27 tillsynen
534 776 59 21 öfver
608 776 86 21 kassan.
717 776 51 21 Han
785 777 38 20 bör
833 777 106 27 nemligen
949 784 56 20 noga

179 805 131 21 kontrollera
326 805 48 26 den,
389 805 34 20 för
439 806 31 19 att
485 804 48 21 icke
550 805 51 21 råka
616 805 6 20 i
633 805 43 20 lika
687 805 140 27 ansvarighet
838 805 33 21 för
881 806 124 20 densamma

180 840 46 14 som
241 834 115 25 kassören;
379 840 48 14 men
444 840 48 14 man
508 833 38 21 har
562 835 71 19 ansett
648 835 31 19 att
696 833 82 21 enhvar
794 840 65 21 gerna
875 834 87 28 utbyter
977 841 27 13 en

180 862 107 27 onaturlig
307 862 39 20 och
367 862 139 27 oberäknelig
522 862 138 27 ansvarighet
676 864 44 18 mot
736 864 33 19 ett
784 863 5 19 i
806 863 68 26 nägon
891 863 48 20 män
956 862 49 28 dry-

180 897 52 20 gare
254 890 76 21 arbete
352 891 40 20 och
411 890 109 21 dessutom
540 890 85 21 komme
645 897 26 14 en
691 897 28 20 ny
735 891 57 20 lokal
809 893 31 18 att
855 891 97 20 medföra
969 892 35 19 vä-

180 919 93 27 sendtlig
289 919 81 20 lättnad
386 919 32 20 för
434 918 120 21 kontrollen
570 919 60 20 öfver
645 919 85 20 kassan.
745 931 21 2 —
785 919 78 20 Senast
879 919 38 20 har
933 919 36 21 det
984 920 23 19 af

180 947 91 20 friherre
291 954 40 13 von
348 947 58 20 Born
423 947 115 24 anmärkts,
554 949 32 18 att
599 947 140 27 jordbrukets
756 947 91 21 intresse
863 948 23 20 af
900 948 104 21 bankfull-

180 975 96 28 mäktige
292 975 69 21 blifvit
376 975 111 26 förbisedt,
504 976 26 20 dä
547 975 191 28 bankfullmäktige
755 976 104 27 tillstyrkt
870 978 32 19 att
913 977 33 20 län
957 977 48 20 icke

181 1004 56 27 finge
252 1004 94 27 utgifvas
363 1005 27 26 pä
405 1005 73 26 längre
494 1004 30 20 tid
539 1006 27 19 än
581 1006 31 19 ett
629 1005 28 20 är,
681 1004 75 21 Under
773 1004 178 28 nästföregäende
962 1005 43 27 ple-

181 1039 50 14 num
255 1033 39 20 har
312 1033 50 20 herr
383 1033 124 20 Ehrnrooth
528 1033 77 20 uttalat
621 1033 32 27 sig
669 1033 6 20 i
691 1040 82 13 samma
789 1033 62 27 syfte.
883 1033 72 21 Ocksä
968 1034 38 27 jag

181 1061 39 20 har
236 1061 108 21 allaredan
361 1061 83 26 erkänt,
460 1063 32 18 att
506 1061 129 28 jordbruket
651 1063 23 19 är
690 1061 121 21 vanlottadt
822 1062 27 27 pä
859 1061 146 21 kreditinrätt-

182 1090 76 27 ningar
282 1090 39 20 och
341 1091 31 19 att
391 1089 37 21 det
448 1097 52 13 vore
518 1090 101 27 önskligt,
635 1092 32 18 att
683 1089 71 21 denna
771 1090 52 20 brist
840 1091 27 26 pä
882 1091 65 26 nägot
963 1091 44 20 sätt

182 1118 121 27 afhjelptes.
331 1118 57 21 Herr
403 1117 123 22 Ehrnrooth
543 1118 75 27 tyckes
634 1118 33 21 för
683 1119 31 20 sin
730 1118 35 21 del
776 1119 63 20 hafva
851 1118 39 21 den
902 1119 61 27 äsigt,
975 1121 32 18 att

183 1147 59 20 detta
266 1146 97 21 ändamål
387 1153 81 14 vunnes
487 1147 7 20 i
509 1147 36 20 fall
560 1147 70 27 någon
647 1147 34 20 del
697 1147 23 20 af
735 1147 97 20 bankens
849 1147 112 27 tillgångar
977 1147 29 20 af-

183 1175 88 27 skiljdes
294 1175 34 20 för
348 1177 32 18 att
403 1175 70 20 lemna
496 1175 80 20 tillfälle
596 1175 30 20 till
647 1175 116 27 förlagslän
783 1176 22 19 ät
820 1175 143 27 jordbrukare
980 1177 27 25 pä

183 1203 73 27 längre
273 1203 37 21 tid.
341 1204 42 26 Jag
398 1205 45 18 tror
458 1204 54 26 äter,
528 1206 30 18 att
575 1210 25 14 en
617 1203 59 27 dylik
692 1204 75 26 ätgärd
784 1204 69 20 skulle
869 1204 95 20 medföra
976 1206 31 18 ett

183 1232 143 27 försvagande
342 1232 22 20 af
379 1232 82 21 banken
478 1232 6 20 i
500 1232 131 20 förhällande
635 1228 39 36 till
692 1232 42 26 dess
746 1232 97 27 verkliga
854 1232 90 28 uppgift,
957 1236 49 17 utan

184 1262 32 19 att
231 1261 36 20 det
283 1261 87 20 dermed
387 1260 88 21 afscdda
491 1268 56 19 gagn
564 1267 89 14 vunnes.
677 1260 70 21 Afven
765 1261 48 26 den,
829 1268 45 13 som
890 1263 55 18 mest
959 1269 46 12 san-

183 1289 95 26 gviniskt
302 1289 123 20 bedömmer
449 1289 95 20 bankens
567 1289 114 27 tillgångar
697 1289 38 20 och
752 1289 104 28 förmåga,
875 1289 68 21 skulle
959 1289 48 21 icke

183 1317 73 20 kunna
278 1317 86 26 föreslå,
388 1319 32 18 att
444 1317 31 20 till
498 1325 25 13 en
546 1317 66 21 sådan
633 1317 52 21 fond
704 1317 90 21 afsattes
811 1325 44 13 mer
871 1319 26 19 än
914 1325 44 20 par,
974 1320 33 19 tre

184 1345 98 28 miljoner
305 1346 39 21 och
367 1345 55 21 hvad
444 1346 68 20 skulle
535 1346 34 20 väl
588 1353 26 13 en
634 1346 66 21 sådan
723 1345 51 21 fond
790 1346 73 21 kunna
878 1348 82 19 uträtta
975 1347 33 20 för

181 1374 159 27 jordbrukaren
363 1374 48 21 med
434 1374 101 21 afseende
558 1375 11 20 å
593 1374 36 21 det
652 1377 59 18 stora
734 1374 66 21 behof
821 1381 45 14 som
885 1375 122 20 förefinnes.

184 1402 64 21 Hvad
271 1403 65 20 hafva
358 1403 6 20 i
386 1402 76 27 sjelfva
485 1403 75 20 verket
579 1403 26 20 de
626 1403 107 26 primitiva
749 1403 62 20 lånen
828 1403 38 21 och
883 1403 124 27 utlåningen

184 1431 46 20 från
254 1431 160 20 statsfonderna
436 1431 32 20 för
489 1431 128 27 jordbruket
636 1432 5 19 i
662 1431 73 21 landet
754 1433 96 19 uträttat.
882 1431 71 21 Dessa
973 1432 34 20 lån

185 1459 63 21 hafva
264 1459 89 21 kommit
365 1460 66 27 några
442 1459 21 21 få
474 1459 95 28 tillgodo,
581 1467 44 13 som
638 1460 45 20 haft
695 1462 34 18 tur
738 1462 32 18 att
779 1460 90 27 tidigare
881 1460 83 21 anmäla
975 1460 33 27 sig

184 1488 31 20 till
232 1488 121 20 erhållande
369 1488 68 26 deraf,
454 1494 47 14 men
519 1489 67 26 någon
604 1488 157 20 vidsträcktare
777 1490 62 25 nytta
849 1488 63 21 hafva
923 1488 26 21 de
961 1488 46 21 icke

185 1516 83 28 skapat.
300 1516 144 21 Jordbrukets
467 1516 106 21 intressen
593 1516 39 21 och
650 1516 83 21 behof
723 1512 14 36 i
748 1516 141 21 förevarande
906 1516 102 22 afseende
