1142 1786
448 107 40 16 Den
501 107 21 16 16
536 106 94 17 Februari.
896 104 27 20 57

125 169 167 27 byggmästaren
306 167 39 22 och
363 168 75 26 19,000
454 167 60 22 mark
530 167 34 21 för
579 167 130 21 arkitekten.
725 179 27 3 —
768 167 45 20 Allt
829 167 24 20 är
861 166 92 28 tilltaget

127 198 54 19 efter
196 197 34 20 för
245 198 55 19 stort
316 197 101 25 mönster,
429 196 105 27 hemtadt,
548 197 69 19 såsom
629 195 192 27 bankfullmäktige
833 196 58 26 säga,
900 195 53 20 ifrån

127 225 154 28 Köpenhamn,
298 231 44 14 som
359 225 23 20 är
398 231 25 14 en
440 225 22 20 af
476 225 26 20 de
518 225 79 20 största
613 223 161 21 handelsstäder
789 223 8 20 i
812 223 99 27 Europa.
925 235 26 3 —

127 253 42 28 Jag
189 253 43 21 kan
248 253 20 27 ej
285 253 65 20 inlåta
366 253 43 27 mig
424 253 6 20 i
446 253 70 27 någon
533 254 98 19 närmare
645 252 132 27 granskning
793 251 23 21 af
830 251 122 28 byggnads-

128 282 116 26 företaget,
262 281 26 21 då
301 281 38 27 jag
354 281 48 21 icke
418 283 43 18 sett
476 281 117 27 ritningen,
609 282 51 18 utan
677 280 96 20 anhåller
789 280 75 20 endast
880 281 32 19 att
928 280 26 20 de

128 310 166 27 anmärkningar
310 309 38 27 jag
364 316 28 14 nu
408 309 125 26 framställt,
549 309 34 21 må
599 310 106 26 upptagas
721 308 32 20 till
769 308 130 27 protokollet
914 308 40 21 och

128 338 115 27 höglofliga
262 338 86 20 ståndet
364 338 128 25 bestämma,
508 337 105 21 huruvida
629 337 26 20 de
671 337 72 20 kunna
759 343 63 14 anses
839 336 65 21 värda
923 338 31 19 att

129 366 74 28 åtfölja
218 366 114 27 remissen;
348 366 55 20 dock
420 367 38 19 ber
467 366 37 27 jag
515 366 22 20 få
548 367 77 19 nämna
637 365 110 27 angående
759 365 148 27 tomtplatsen,
923 367 32 18 att

127 395 38 27 jag
180 395 68 20 finner
264 395 124 20 densamma
404 394 110 28 olämplig;
531 394 86 21 trakten
634 394 63 27 kring
713 393 158 27 senatsplatsen
887 394 23 20 är
926 400 28 14 nu

128 423 137 27 Helsingfors
289 423 58 20 stads
371 424 96 20 centrum
491 422 38 21 och
550 423 97 20 kommer
662 422 59 20 alltid
737 424 31 18 att
789 422 65 20 blifva
869 422 36 20 det
921 422 33 20 för

128 451 174 25 embetsverken,
319 458 45 14 som
374 451 137 27 deromkring
525 451 64 21 hafva
600 450 46 21 sina
657 450 87 27 lokaler,
756 450 38 21 och
806 450 33 21 för
851 450 102 21 universi-

130 482 65 23 tetet,
212 480 64 20 hvars
292 480 103 20 lärosalar
412 480 39 20 och
466 486 86 14 museer
567 480 23 20 är
601 479 92 27 belägna
708 479 6 20 i
730 486 81 13 samma
825 478 67 27 trakt,
907 485 48 14 men

129 510 31 19 ett
184 508 98 21 bankhus
306 508 39 20 bör
369 508 73 28 läggas
464 508 6 20 i
494 510 96 19 centrum
611 507 22 21 af
647 507 126 21 affärslifvet
793 507 40 21 och
848 507 106 27 rörelsen;

130 536 83 28 platsen
240 537 28 27 på
283 536 155 27 Narinktorget
462 538 22 19 är
500 543 28 14 nu
544 536 47 21 icke
608 536 59 27 långt
682 536 46 20 från
744 536 86 20 stadens
846 538 107 23 centrum,

130 572 47 14 men
196 565 55 21 efter
274 566 66 27 något
362 565 62 20 tiotal
447 565 23 20 år
486 565 38 21 har
540 567 97 19 centrum
653 564 32 21 för
701 564 86 21 stadens
808 564 146 21 affärsrörelse

129 594 91 26 troligen
236 594 106 27 förflyttat
358 594 32 26 sig
406 593 150 27 annorstädes;
572 593 21 21 åt
609 593 145 27 Kronohagen
766 593 43 21 kan
819 593 76 20 staden
907 593 48 21 icke

128 622 88 27 utvidga
240 622 41 27 sig,
305 622 40 20 den
366 622 68 20 måste
450 622 92 20 förstora
559 622 32 27 sig
607 622 21 20 åt
644 620 99 28 Kampen
759 622 51 20 eller
825 620 130 28 Rödbergen

129 650 38 20 till.
190 662 27 3 —
241 650 43 20 För
306 650 122 21 bankhuset
453 650 65 21 borde
543 650 64 20 sökas
633 657 25 14 en
675 650 65 27 plats,
756 650 48 20 litet
819 649 73 28 längre
909 650 46 20 från

131 679 161 27 Senatstorget,
308 679 22 20 åt
349 679 25 20 de
398 679 83 21 trakter
506 679 76 21 hvarät
605 678 88 21 stadens
715 678 128 28 utvidgning
859 678 96 21 kommer

130 709 32 18 att
178 707 45 21 ske.

198 735 57 21 Herr
270 735 194 28 Montgomery:
480 735 42 28 Jag
538 735 38 21 ber
592 737 31 19 att
639 734 31 21 till
687 742 25 14 en
728 734 74 28 början
819 734 22 22 fä
852 734 104 21 anmärka

129 764 36 20 det
178 764 38 27 jag
232 764 47 20 icke
296 771 62 13 anser
373 764 97 27 lämpligt
485 766 42 25 att,
544 764 63 20 innan
622 763 142 21 förevarande
783 763 80 21 ärende
878 763 76 21 under-

129 792 46 27 gätt
191 792 130 28 behandling
336 793 6 19 i
358 792 163 21 vederbörande
538 792 94 25 utskott,
649 792 49 27 ingä
709 792 6 20 i
726 798 26 14 en
763 793 98 19 närmare
872 791 83 21 diskus-

130 821 45 20 sion
199 827 34 14 om
250 821 51 20 eller
317 827 62 14 svara
396 822 26 26 pä
438 821 165 27 anmärkningar
621 820 6 20 i
643 820 77 28 detalj,
737 820 84 21 hvartill
838 820 119 20 detsamma

130 849 41 20 kan
187 849 117 21 föranleda.
322 861 25 3 —
364 848 42 28 Jag
422 849 48 21 ville
486 849 54 21 blott
551 849 79 26 erinra,
642 850 31 19 att
682 849 31 20 uti
724 848 41 21 den
775 849 23 20 af
807 848 149 28 ridderskapet

131 877 39 20 och
195 877 70 26 adeln,
281 877 77 21 liksom
377 878 23 19 af
414 878 40 19 alla
470 877 26 21 de
512 878 68 27 öfriga
596 876 99 27 ständen,
711 877 33 20 för
766 877 191 26 bankfullmäktige

129 905 35 20 vid
180 907 86 19 senaste
281 905 103 28 landtdag
400 907 94 25 antagna
509 905 130 21 instruktion
653 905 191 28 bankfullmäktige
859 905 97 27 uttryck-

130 933 55 28 ligen
204 933 144 21 föreskrifvits
364 936 32 18 att
411 934 81 27 ritning
508 934 39 21 och
564 933 185 28 kostnadsförslag
765 934 66 20 borde
848 934 108 27 uppgöras

129 962 33 20 för
178 964 32 18 ett
226 962 108 27 tidsenligt
349 962 104 21 bankhus.
478 962 36 21 Uti
530 963 48 20 hela
594 963 59 20 detta
668 962 50 21 land
733 962 68 21 finnes
821 963 47 20 icke
891 963 66 26 nägot

131 990 77 21 enkom
224 991 32 20 för
272 991 139 20 bedrifvande
428 991 22 20 af
462 991 137 20 bankrörelse
609 990 101 28 uppfördt
721 991 39 20 och
771 991 70 20 inredt
852 991 39 20 hus
906 990 52 21 eller

129 1018 64 21 lokal.
210 1018 58 21 Våra
284 1019 126 26 arkitekter,
428 1026 45 13 som
488 1019 40 21 fått
545 1019 30 20 sin
588 1019 164 27 hufvudsakliga
763 1019 121 27 utbildning
900 1019 57 20 inom

130 1047 72 20 landet
219 1047 39 20 och
275 1047 77 21 endast
368 1047 152 28 undantagsvis
538 1049 36 19 äro
579 1043 15 36 i
591 1047 100 21 tillfälle
704 1049 31 19 att
746 1047 99 28 företaga
855 1054 60 14 resor
926 1047 32 20 till

129 1075 110 26 utlandet,
256 1075 65 22 hafva
337 1075 34 21 vid
388 1076 62 20 dessa
461 1076 103 27 utflygter
580 1076 98 27 vanligen
694 1076 47 21 icke
757 1076 82 20 kunnat
856 1082 55 21 egna
926 1075 32 28 sig

129 1103 23 20 åt
167 1104 67 27 några
246 1104 108 27 egentliga
362 1104 170 27 specialstudier,
545 1104 99 21 hvarföre
655 1105 48 20 icke
712 1105 65 20 heller
792 1105 71 26 någon
875 1103 83 28 specia-

130 1131 36 21 list
182 1132 6 20 i
204 1132 70 21 denna
292 1133 93 20 branche
402 1133 54 20 varit
472 1133 57 20 inom
546 1133 73 20 landet
635 1135 31 18 att
682 1133 70 27 tillgä,
769 1133 21 20 ät
804 1132 87 21 hvilken
903 1132 56 20 före-

129 1161 95 20 varande
240 1161 99 27 uppdrag
363 1161 81 20 kunnat
460 1161 113 21 anförtros.
607 1161 49 21 Med
673 1161 100 21 afseende
789 1161 52 21 derä
856 1161 52 26 sägo
925 1160 34 27 sig

129 1188 194 28 bankfullmäktige
339 1189 121 21 föranlätne
478 1191 31 18 att
525 1190 29 26 pä
571 1190 96 20 bankens
684 1189 119 21 bekostnad
820 1188 92 21 utsända
931 1195 27 13 en

129 1216 96 21 arkitekt
240 1217 34 20 för
298 1219 30 19 att
345 1217 87 21 studera
447 1217 113 28 inredning
577 1218 22 20 af
613 1218 140 21 banklokaler
768 1218 7 20 i
790 1218 67 21 andra
873 1216 83 27 länder,

129 1245 41 20 och
186 1245 34 21 vid
233 1245 57 21 valet
300 1246 23 21 af
330 1253 78 20 person
420 1246 71 21 kunde
504 1246 193 27 bankfullmäktige
708 1247 47 20 icke
767 1246 72 26 tveka,
852 1245 26 22 dä
887 1245 72 21 härtill

130 1273 76 27 erbjöd
222 1274 33 27 sig
271 1274 52 27 den,
340 1275 86 20 hvilken
443 1281 76 21 genom
537 1275 30 20 sin
585 1275 101 27 ställning
701 1275 71 20 säsom
788 1275 50 20 chef
846 1274 34 21 för
891 1273 68 28 bygg-

128 1301 161 22 nadsväsendet
305 1303 5 20 i
327 1303 72 20 landet
415 1304 68 19 mäste
500 1309 63 15 anses
580 1303 89 28 erbjuda
685 1303 26 20 de
728 1303 62 21 bästa
805 1303 110 28 garantier
926 1302 33 21 för

128 1329 66 28 insigt
218 1331 39 20 och
282 1331 122 20 erfarenhet
424 1331 39 21 och
480 1331 84 21 säledes
581 1331 68 21 borde
666 1331 23 21 af
703 1339 24 13 en
745 1332 65 20 sädan
827 1338 48 13 resa
892 1330 67 28 draga

128 1359 81 20 största
225 1361 69 25 nytta,
315 1359 33 20 för
364 1361 31 19 att
411 1360 65 20 sedan
493 1359 73 21 kunna
581 1360 112 27 öfvertaga
709 1360 126 21 ständernas
852 1359 106 28 uppdrag.

128 1386 43 21 Vid
196 1387 56 20 valet
275 1388 24 20 af
312 1388 80 26 länder,
410 1388 86 21 hvarest
511 1390 95 19 mönster
623 1389 66 20 borde
706 1389 71 26 sökas,
794 1387 73 22 kunde
892 1387 67 20 heller

128 1415 48 20 icke
200 1417 44 19 stor
268 1416 138 21 tveksamhet
429 1417 85 26 uppstä,
531 1418 51 19 utan
599 1417 81 20 beslöts
696 1417 35 20 det
748 1416 66 21 sända
831 1417 78 20 honom
925 1415 33 20 till

129 1443 26 20 de
167 1445 95 19 närmast
277 1445 97 26 belägna,
384 1444 38 21 der
433 1445 160 20 förhällandena
603 1452 52 13 voro
664 1444 237 21 öfverensstämmande
909 1444 50 20 med

129 1472 51 20 vära
196 1479 66 20 egna,
278 1473 108 27 nemligen
404 1473 32 20 till
452 1473 88 27 Sverige
557 1473 38 21 och
612 1473 30 20 till
655 1473 133 26 Danmark,i
801 1473 72 20 hvilka
889 1473 69 26 begge

106 1506 3 2 *
126 1499 75 21 länder
219 1501 140 21 banklokaler
374 1501 68 27 enligt
458 1508 66 21 nyare
541 1502 108 26 principer
661 1502 127 27 vetterligen
803 1501 68 21 under
883 1506 77 15 senare
