1142 1786
217 121 43 20 368
410 121 3 3 ”
536 123 37 15 Den
588 123 10 16 6
611 123 57 20 April.

191 185 38 14 ver
245 178 40 20 den
303 177 99 28 ofantligt
418 177 61 28 långa
496 178 39 20 och
552 178 86 21 alldeles
650 178 40 21 öde
701 179 107 26 gränsen?
829 178 61 21 Huru
902 179 53 20 skall
967 186 46 13 man

192 207 86 26 begära,
296 209 31 18 att
343 213 25 14 en
385 206 150 27 kronobetjent
552 206 52 21 skall
621 207 48 20 med
687 207 112 27 stränghet
815 207 87 20 visitera
917 207 97 26 resande,

191 242 33 13 om
250 235 41 20 han
316 235 54 27 sjelf,
394 235 67 20 under
481 242 26 13 en
526 241 48 14 resa
589 235 6 20 i
612 235 157 21 ödemarkerna
785 236 35 20 vid
835 237 28 19 40
878 237 27 25 9/,
921 236 56 26 köld,
994 235 23 21 af

192 263 102 21 omtanke
310 263 33 20 för
358 263 32 20 sin
407 263 65 26 helsa,
488 263 107 21 måhända
611 264 38 20 sitt
661 264 28 25 lif,
702 264 82 26 nödgas
795 264 46 20 föra
853 271 24 13 en
890 264 50 21 liten
954 265 61 20 brän-

192 291 118 21 vinsflaska
325 291 49 21 med
390 291 46 27 sig?
463 291 57 20 Skall
536 299 48 13 man
603 292 78 27 begära
697 294 32 18 att
745 292 26 20 de
789 292 140 21 hundradetal
946 293 22 20 af
983 300 32 12 ar-

192 320 82 26 betare,
290 327 46 13 som
352 320 47 20 med
416 322 92 25 yttersta
524 320 155 28 ansträngning
695 320 23 20 af
733 320 46 21 sina
795 320 82 21 krafter
891 321 66 20 under
969 322 46 19 vår-

192 348 70 21 floden
284 348 6 20 i
306 350 112 18 motström
437 348 68 20 måste
524 348 125 21 framskaffa
668 352 66 24 tunga
751 349 61 20 båtar
828 349 60 21 tiotal
905 349 35 20 mil
955 349 60 27 längs

192 377 96 20 elfvarne
303 376 30 21 till
352 376 191 28 guldvaskerierna
560 377 33 20 vid
610 377 66 26 Ivalo,
695 379 32 18 att
744 378 62 20 desse
822 378 106 26 arbetare,
945 377 70 21 hvilka

191 406 21 20 få
229 405 56 21 hvila
301 405 67 21 under
384 405 38 20 bar
438 405 92 27 himmel,
548 406 75 20 medan
640 406 95 20 rimfrost
752 406 102 21 betäcker
870 406 95 26 marken,
976 406 39 20 och

191 440 46 14 som
261 434 69 20 måste
353 434 83 27 åtnöjas
461 434 47 20 med
529 440 27 14 en
575 434 62 27 högst
654 434 71 27 tarflig
741 434 56 25 föda,
818 435 60 20 skola
895 434 72 28 afsäga
984 434 32 27 sig

192 462 37 21 allt
245 462 55 20 bruk
316 462 23 20 af
352 462 98 32 bränvin,
466 462 34 20 vid
516 462 99 28 äfventyr
631 465 32 17 att
679 462 57 21 duka
748 463 67 21 under
825 463 34 21 för
870 465 146 25 strapatserna

192 491 52 20 eller
260 493 32 17 att
308 490 79 34 ådraga
402 491 33 27 sig
450 490 76 28 farliga
541 491 79 21 febrar.

261 518 45 21 Det
324 520 24 19 är
363 519 125 27 visserligen
499 504 74 47 sannt,
590 521 31 19 att
637 520 114 26 styrelsen,
768 520 27 27 på
811 519 72 21 derom
899 520 62 27 gjord
979 526 36 14 un-

194 548 104 27 derdånig
314 547 162 28 framställning,
493 548 71 21 tillåtit
569 536 128 39 "antagande
708 548 23 21 af
740 548 159 21 marketentare
911 548 34 21 vid
956 548 59 33 guld-

193 576 139 21 vaskerierna
354 576 47 20 med
426 577 102 26 rättighet
550 577 71 20 ibland
645 579 65 18 annat
731 579 32 18 att
787 577 160 21 tillhandahålla
969 577 46 20 sina

192 604 84 21 kunder
298 604 88 21 bränvin
399 605 68 27 jemte
484 607 42 18 mat
542 604 89 28 ungefär
647 606 28 25 på
691 612 81 14 samma
787 606 50 25 sätt,
853 612 45 14 som
916 605 59 21 detta
992 607 22 18 är

192 632 134 28 gästgifvare
347 633 27 27 pä
394 633 72 21 landet
485 633 122 27 medgifvet.
638 633 97 21 Härmed
756 635 23 19 är
795 634 55 20 dock
866 634 47 20 icke
930 633 85 28 mycket

194 663 88 25 vunnet,
298 664 23 24 ty
338 661 75 20 endast
432 662 48 20 med
496 662 62 20 möda
574 662 37 20 har
628 662 36 20 det
679 662 86 27 lyckats
781 664 31 18 att
823 662 68 20 förmä
903 663 68 26 nägon
984 664 31 18 att

193 691 65 26 ätaga
274 690 32 26 sig
324 696 25 14 en
366 689 65 21 sådan
449 690 85 26 rörelse,
551 690 38 20 och
607 690 132 27 exempelvis
755 690 5 20 i
777 691 23 20 är
816 690 38 21 har
870 691 62 27 ingen
946 690 69 28 hugad

193 718 116 28 spekulant
324 718 92 20 infunnit
433 718 32 27 sig
480 718 33 20 för
529 719 154 27 öfvertagande
700 719 22 20 af
736 719 69 21 denna
822 720 107 26 rättighet.
950 718 65 21 Dess-

193 750 60 18 utom
269 748 37 19 äro
323 746 191 28 guldvaskerierna
530 747 86 27 spridda
632 748 28 27 pä
675 754 26 14 en
719 748 86 20 sträcka
821 748 22 20 af
857 748 51 20 flere
925 748 34 20 mil
976 747 39 21 och

193 776 115 20 arbetarne
333 775 71 20 kunna
424 775 76 21 endast
523 775 65 21 sällan
614 776 85 27 begifva
719 776 32 27 sig
770 776 31 20 till
817 776 40 20 den
874 776 89 28 aflägset
980 776 35 20 bo-

193 804 55 20 ende
265 804 180 20 marketentaren.

263 832 106 20 Särskildt
384 833 69 19 måste
468 832 37 27 jag
518 834 56 19 ännu
588 832 119 26 framhålla,
717 834 33 19 att
761 833 111 27 uttrycket
884 828 17 36 ,,
900 833 115 27 Lappmar-

194 861 63 25 ken",
278 868 44 12 som
342 860 144 20 förekommer
501 861 29 20 uti
547 862 25 26 $8
589 862 26 20 57
631 861 39 21 och
687 862 33 25 58,
736 861 62 27 gifvit
813 862 114 26 anledning
943 862 30 20 till
990 868 25 13 en

194 890 65 19 sädan
277 889 103 26 tolkning,
393 891 31 17 att
436 888 85 21 dermed
531 890 80 26 jemväl
623 890 38 19 bör
673 890 78 19 förstäs
763 889 110 21 Kuusamo
885 890 40 20 och
936 889 79 20 Kuola-

191 918 63 26 järvi,
272 917 67 20 ehuru
359 917 62 20 dessa
440 917 91 20 socknar
546 917 47 21 icke
609 918 52 20 höra
677 917 30 21 till
724 918 26 20 de
767 919 89 25 trakter,
873 919 54 20 inom
945 917 71 21 hvilka

194 945 242 27 bränvinstillverkning
456 946 38 20 och
513 946 88 27 forsling
618 947 55 20 varit
689 946 120 27 förbjuden,
827 946 80 21 hvilket
923 947 93 26 framgår

194 974 59 21 såväl
274 976 48 18 utur
344 973 69 28 kongl.
435 973 150 28 förordningen
605 975 24 20 af
649 975 40 20 den
709 975 25 20 15
751 975 50 20 Juni
817 975 56 21 1800
889 975 39 20 och
945 975 70 26 kongl.

196 1003 84 20 brefvet
303 1003 40 20 den
364 1003 21 19 11
409 1002 123 21 November
549 1004 60 24 1801,
626 1010 45 13 som
688 1003 39 20 ock
744 1003 89 27 specielt
850 1003 90 20 rörande
957 1003 59 20 Kuu-

194 1037 59 14 samo
277 1031 79 20 socken
379 1031 53 20 ifrån
457 1031 136 21 merberörda
614 1032 114 27 kejserliga
748 1031 128 28 kungörelse
897 1032 23 20 af
933 1032 40 20 den
989 1033 27 19 25

194 1059 62 28 April
283 1059 53 20 1838
356 1059 37 20 och
414 1059 53 20 ifrån
488 1060 11 26 &
518 1061 12 19 6
552 1060 47 20 utaf
617 1067 27 13 nu
664 1060 147 27 föreliggande
828 1061 76 26 nådiga
921 1061 96 26 proposi-

195 1088 51 20 tion.
278 1087 124 21 Emellertid
419 1087 113 21 inträffade
548 1089 90 20 sistlidet
655 1090 29 25 år,
701 1091 31 18 att
749 1089 170 20 domhafvanden
936 1089 5 20 i
953 1088 63 23 Kemi

194 1117 110 26 domsaga,
328 1117 26 26 pä
376 1116 69 27 grund
470 1116 22 20 af
512 1117 110 27 uttrycket
643 1134 11 8 ,,
657 1117 174 27 Lappmarken",
851 1117 120 20 förklarade
985 1119 31 18 ett

195 1145 55 26 parti
267 1145 91 27 lagligen
375 1144 128 27 tillverkadt
516 1145 94 25 bränvin,
627 1153 45 13 som
689 1145 130 21 anträffades
835 1146 56 20 inom
904 1145 112 21 Kuusamo

194 1173 87 26 socken,
297 1173 32 20 för
345 1173 112 20 förbrutet.
489 1167 107 27 Ärendets
613 1174 86 27 slutliga
718 1174 116 27 afgörande
850 1176 24 18 är
889 1174 54 20 dock
960 1176 56 18 ännu

195 1201 108 21 beroende
319 1202 23 20 af
356 1200 114 22 öfverrätts
487 1202 104 33 pröfning.

264 1230 50 20 Med
334 1230 114 27 anledning
468 1230 24 21 af
510 1231 54 20 hvad
580 1231 38 27 jag
634 1231 89 21 sälunda
739 1230 46 21 haft
801 1232 50 19 äran
868 1230 101 28 andraga,
984 1230 33 21 fär

191 1259 39 27 jag
247 1259 108 20 vördsamt
370 1258 89 21 föreslå:

265 1287 38 20 1:0.
326 1286 40 21 Att
384 1287 36 20 det
439 1287 69 20 skulle
523 1287 78 21 tillåtas
618 1288 148 21 föreståndare
782 1288 32 20 för
831 1287 136 27 guldvaskeri
984 1290 32 18 att

193 1315 81 27 årligen
292 1315 32 20 för
340 1315 73 27 hvarje
430 1315 106 26 arbetare,
553 1323 44 13 som
615 1316 40 21 han
672 1316 115 25 använder,
802 1317 99 26 medtaga
913 1317 42 26 21/,
966 1316 50 20 kan-

194 1350 40 14 nor
250 1344 57 19 inom
323 1343 72 21 landet
410 1343 142 28 förfärdigadt
568 1344 95 21 bränvin.

264 1373 40 19 2:0.
324 1372 40 20 Att
379 1372 39 20 den
436 1372 5 20 i
460 1373 54 20 1838
530 1373 34 20 ärs
580 1373 78 27 nädiga
674 1373 129 27 kungörelse
819 1373 108 27 medgifna
943 1373 73 26 rättig-

195 1401 37 20 het
255 1400 33 20 för
311 1400 47 21 med
378 1400 81 21 hushäll
484 1401 84 20 bosatte
588 1408 103 19 personer
706 1401 109 20 äfvensom
832 1401 32 20 för
879 1401 91 20 resande
987 1403 31 18 att

194 1429 58 20 förse
276 1429 33 27 sig
332 1429 46 20 med
402 1429 128 28 nödtorftigt
550 1430 78 27 belopp
648 1430 87 20 bränvin
760 1430 29 19 till
807 1432 49 25 eget
872 1429 65 21 behof
951 1430 66 20 mätte

194 1457 48 20 äter
257 1457 88 24 införas,
362 1464 33 13 om
412 1457 47 21 icke
475 1458 33 20 för
524 1458 47 20 hela
587 1458 163 27 Lappmarkens
767 1458 72 26 härad,
855 1459 23 19 sä
889 1458 128 20 ätminstone

194 1485 33 20 för
252 1485 76 21 Kittilä
352 1485 37 21 och
415 1486 124 27 Sodankylä
563 1487 152 26 församlingar
733 1486 110 20 äfvensom
862 1486 155 25 Muonioniska,

194 1515 56 19 samt
