1142 1786
216 122 42 21 348
538 124 38 15 Den
590 125 9 14 6
613 123 56 21 April.

188 179 110 26 beträffar,
322 186 63 13 anser
408 179 38 28 jag
469 179 124 28 billigheten
615 179 46 21 icke
677 179 143 27 ovilkorligen
836 179 79 26 fordra,
931 181 31 19 att
978 179 36 21 det

187 208 71 27 gamla
277 207 144 21 förhållandet
441 207 51 21 eller
512 208 151 27 privilegierna
679 208 60 19 skola
755 208 56 27 gälla
827 208 67 20 under
910 208 47 20 hela
973 209 40 19 den

188 236 124 23 nuvarande
332 236 164 21 innehafvarens
516 237 63 20 lifstid
601 237 52 20 eller
669 236 68 21 under
753 237 40 19 den
810 236 37 25 tid,
863 237 40 20 han
921 243 50 20 eger
988 243 25 13 en

187 264 60 28 gård,
264 266 50 19 utan
332 267 31 18 att
379 265 75 20 dervid
470 265 70 20 kunde
557 265 130 20 bestämmas
703 265 70 26 någon
790 265 188 27 preskriptionstid
993 265 23 20 af

188 295 32 18 ett
236 293 109 20 bestämdt
361 293 57 20 antal
435 294 29 25 är,
481 294 5 19 i
504 293 66 20 likhet
587 293 48 20 med
651 293 56 20 hvad
725 293 159 27 presteständet
899 293 93 21 beslutat
1008 294 5 19 i

188 328 26 14 en
230 321 101 21 liknande
347 322 65 27 fräga,
430 324 14 18 t.
460 328 35 14 ex.
512 322 41 20 fem
570 322 29 26 är,
616 322 30 20 till
663 322 49 20 dess
729 322 152 20 innehafvaren
897 321 75 21 hunnit
983 322 30 20 in-

189 352 56 18 rätta
268 350 33 27 sig
320 350 54 20 efter
393 350 26 20 de
438 357 41 20 nya
497 350 171 26 förhållandena;
686 352 22 25 ty
725 350 37 20 det
778 352 23 18 är
817 350 58 20 alltid
892 350 66 26 fallet,
975 352 39 22 att,

189 378 27 20 dä
232 385 42 20 nya
289 378 146 21 förhällanden
456 378 90 26 inträda,
564 378 35 21 det
615 379 68 20 finnes
701 385 109 20 personer,
827 386 44 12 som
889 378 41 20 lida
946 378 67 26 deraf,

189 407 38 21 och
245 407 63 27 ingen
326 414 28 20 ny
370 407 82 27 princip
469 407 40 20 kan
526 407 133 27 godkännas.
675 408 24 19 sä
714 409 32 18 att
763 408 62 26 ingen
843 407 102 20 behöfver
961 414 52 20 upp-

189 436 53 20 offra
258 436 72 26 något.
363 435 46 21 Den
428 436 87 26 princip,
532 442 46 14 som
594 435 75 21 härvid
685 436 97 20 kommer
795 436 6 20 i
813 436 66 26 fråga,
891 436 23 20 är
925 436 24 20 sä
961 435 52 27 klar,

188 466 33 18 att
239 463 150 28 uppoffringen
410 464 47 20 icke
477 464 41 20 kan
535 471 62 13 anses
614 464 32 20 för
662 471 25 13 en
704 464 96 20 särdeles
816 464 135 27 betungande
967 464 46 20 sak.

188 492 223 27 Preskriptionstiden
428 493 34 20 mä
479 492 128 21 bestämmas
624 492 73 28 längre
713 492 52 20 eller
777 492 92 21 kortare.
890 492 63 20 Huru
964 492 49 27 läng

190 521 40 21 den
247 521 54 20 skall
317 528 58 19 vara,
392 521 40 20 kan
448 521 38 27 jag
501 521 49 20 icke
566 521 107 21 bestämdt
689 521 110 27 uppgifva.
830 521 104 20 Deremot
950 527 63 14 anser

186 550 39 27 jag
248 549 40 21 den
308 549 92 26 fordran,
420 556 44 14 som
485 550 78 20 uttalas
582 550 6 20 i
605 550 49 20 herr
673 549 86 21 Taubes
775 550 140 25 reservation,
931 556 34 14 om
981 551 32 18 att

189 585 26 13 en
232 578 116 26 adelsman,
366 585 44 13 som
426 585 50 19 cger
492 578 51 27 gård
559 578 6 20 i
582 578 55 26 stad,
653 578 69 20 skulle
733 585 40 20 oga
785 579 26 20 de
823 579 133 26 rättigheter,
968 585 44 13 som

189 607 68 20 andra
272 606 137 28 gärdsegare,
425 608 23 18 är
464 606 82 28 ganska
563 606 65 27 billig,
645 609 22 25 ty
683 613 34 14 om
733 609 32 17 ett
776 606 77 21 sädant
864 606 149 27 medgifvande

190 634 69 22 skulle
275 635 88 26 lemnas,
380 634 61 21 stode
457 635 36 21 det
508 635 6 20 i
531 635 223 21 öfverensstämmelse
771 635 47 21 med
833 635 56 20 hvad
900 634 113 21 förhällan-

190 664 36 20 det
242 665 24 19 är
281 664 6 20 i
304 663 100 21 afseende
420 664 13 20 &
448 663 80 21 sådana
543 663 140 21 medlemmar
693 663 6 20 i
711 664 166 26 presteständet,
893 663 72 21 hvilka
976 664 36 19 äro

190 692 110 21 adelsmän
316 692 40 20 och
371 691 64 21 hafva
451 692 103 27 rättighet
569 694 32 18 att
617 692 101 27 antingen
731 692 85 28 deltaga
827 692 6 20 i
845 692 34 20 val
890 692 30 20 till
933 694 79 24 preste-

190 721 86 21 ståndet
292 720 52 21 eller
355 720 105 27 uppträda
472 727 44 13 som
528 722 175 26 representanter
714 720 6 20 i
732 720 149 28 ridderskapet
893 720 38 20 och
943 720 70 20 adeln.

260 748 58 22 Herr
338 748 141 21 Snellman:
502 748 42 28 Jag
564 749 37 20 ber
617 748 122 28 ödmjukast
756 748 47 21 med
820 749 42 20 min
879 750 45 19 röst
940 749 21 19 få
976 755 37 13 un-

191 777 111 28 derstödja
325 777 26 21 de
367 777 87 21 herrars
471 777 103 27 yrkande,
593 784 46 14 som
659 777 68 21 önska
742 777 115 28 förslagets
872 776 141 22 återremitte-

191 807 66 20 rande
273 806 32 20 till
320 806 96 26 utskott;
429 806 38 27 jag
483 807 38 26 gör
538 806 35 20 det
589 806 64 20 likväl
671 806 47 20 utaf
732 808 31 18 ett
779 808 66 18 annat
859 806 53 26 skäl,
923 805 90 21 emedan

188 836 38 26 jag
241 835 33 20 för
290 834 42 21 min
349 834 33 20 del
398 841 69 20 anser,
484 836 31 18 att
531 835 107 20 utskottet
654 834 39 21 har
708 841 26 14 en
750 834 40 20 lätt
806 835 66 26 utväg
888 836 31 18 att
930 834 83 26 förbigå

192 864 48 20 hela
255 863 111 27 förslaget.
396 862 34 21 En
446 862 162 22 stadskommun
626 863 37 20 har
679 870 25 13 en
722 862 77 28 mängd
816 862 89 28 utgifter
917 863 31 19 för
959 862 54 27 tjen-

191 893 95 19 stemäns
301 891 120 26 aflönande,
437 892 33 19 för
486 893 72 26 gators
571 891 116 26 underhåll,
699 891 33 20 för
743 891 146 27 gatulysning,
900 892 33 19 för
943 890 70 21 lands-

191 921 77 26 vägars
291 919 118 26 underhåll,
428 919 34 20 för
481 919 260 28 ingvarteringskostnad,
758 926 18 14 o.
794 927 17 12 s.
827 927 19 12 v.
877 919 135 20 Kommunen

192 949 106 20 beräknar
317 948 102 27 beloppet
437 948 23 20 af
477 948 45 21 sina
541 948 86 27 afgifter
646 948 32 20 för
694 949 47 20 året
756 947 40 21 och
812 948 129 20 kommunen
958 949 55 18 utta-

191 984 63 13 xerar
277 977 39 20 hos
338 977 46 20 sina
407 976 138 21 medlemmar
563 977 56 20 hvad
636 976 32 21 till
684 976 63 21 dessa
763 977 97 26 afgifters
876 975 137 22 bestridande

190 1005 111 21 behöfves.
332 1005 58 20 Skall
407 1005 150 27 uttaxeringen
575 1005 38 20 ske
629 1006 29 25 så,
675 1011 46 14 som
737 1005 6 20 i
759 1005 77 27 nådiga
851 1005 162 27 propositionen

191 1034 97 26 föreslås,
304 1034 24 20 så
344 1036 32 17 att
391 1033 105 28 gårdarne
512 1033 101 21 värderas
629 1035 51 19 utan
698 1033 71 20 vidare
786 1033 101 21 afseende
903 1033 27 28 på
941 1033 72 27 gårds-

191 1069 91 21 egarnes
304 1061 150 28 förmögenhet
478 1062 76 20 endast
577 1062 92 26 derföre,
692 1064 31 18 att
743 1061 26 21 de
785 1062 68 27 byggt
869 1062 46 20 sina
930 1061 83 28 gårdar,

192 1092 23 20 så
231 1097 63 14 anser
306 1091 46 27 jag,
368 1092 31 19 att
415 1090 48 21 hela
479 1090 366 27 kommunalförfattningsförslaget
860 1090 48 21 icke
924 1090 38 21 bör
978 1097 36 13 an-

192 1123 67 24 tagas,
276 1121 52 19 utan
343 1119 115 20 förkastas.
484 1118 111 21 Utskottet
609 1119 66 20 borde
687 1119 84 20 således
782 1119 67 27 enligt
859 1119 42 20 min
913 1118 101 28 ödmjuka

192 1148 55 27 åsigt
270 1148 44 20 helt
337 1147 40 21 och
399 1147 65 21 hållet
484 1147 74 28 stryka
577 1147 11 28 $
607 1148 27 20 56
652 1147 7 20 i
679 1147 77 27 nådiga
773 1147 168 27 propositionen.
972 1146 43 21 Det

192 1177 74 26 klagas
286 1176 60 20 öfver
364 1175 155 28 grundskatten
536 1176 27 27 på
576 1175 87 28 jorden;
680 1175 63 21 dessa
759 1176 84 20 skatter
859 1177 36 19 äro
911 1175 55 21 dock
983 1182 30 13 se-

192 1204 116 28 kelgamla;
324 1204 26 20 de
366 1204 64 20 hafva
445 1204 132 20 förvandlats
593 1204 30 20 till
641 1211 26 13 en
684 1204 88 20 stående
784 1205 67 25 ränta,
863 1204 86 20 hvilken
962 1203 52 21 hvar

192 1234 39 20 och
255 1240 26 14 en
301 1232 35 21 vid
355 1232 161 21 förvärfvandet
532 1232 23 21 af
566 1232 50 27 jord
632 1234 61 26 tager
709 1232 6 21 i
731 1232 126 27 beräkning.
888 1232 10 21 I
914 1232 101 21 städerna

192 1262 38 20 har
247 1269 48 13 man
310 1262 88 20 fortsatt
416 1263 32 18 att
465 1261 70 27 jemnt
554 1261 50 27 höja
622 1261 168 27 grundskatten;
807 1261 36 20 det
859 1261 90 20 föreslås
965 1267 27 14 nu
1008 1261 5 20 i

192 1289 366 28 kommunalförfattningsförslaget
576 1292 32 18 att
624 1289 88 21 härmed
728 1289 54 21 skall
797 1289 101 21 fortfaras
914 1289 49 21 Gud
980 1291 35 19 vet

192 1319 54 20 huru
269 1319 69 26 länge.
370 1318 43 21 Det
436 1319 24 19 är
483 1318 65 21 likväl
567 1318 62 26 klart,
650 1320 32 18 att
697 1318 27 20 då
740 1325 25 13 en
782 1318 59 20 skatt
856 1318 73 27 lägges
947 1319 26 26 på
989 1325 24 12 en

190 1347 60 27 gård,
266 1347 24 20 så
306 1349 61 26 tages
378 1347 23 20 af
410 1346 145 28 gårdsegaren
567 1349 32 18 ett
610 1347 87 26 kapital,
709 1346 150 21 motsvarande
875 1347 70 20 denna
956 1347 58 20 skatt

192 1376 70 20 såsom
283 1376 68 20 ränta.
382 1375 86 27 Lägges
488 1381 25 14 en
533 1375 59 20 skatt
612 1375 23 20 af
649 1376 26 19 60
691 1375 60 20 mark
768 1375 27 27 på
811 1381 26 14 en
853 1374 60 28 gård,
926 1375 89 20 förlorar

191 1403 82 28 gården
296 1406 32 18 ett
348 1403 79 27 kapital
449 1403 21 20 af
486 1404 62 26 1,000
564 1404 67 20 mark.
663 1403 86 20 Fortfar
765 1410 47 13 man
829 1405 48 19 med
893 1405 32 18 ett
940 1403 75 20 sådant

190 1432 125 21 förfarande
334 1432 53 20 skall
406 1431 113 21 efterhand
539 1431 124 28 byggandet
683 1432 22 20 af
718 1431 78 28 gårdar
811 1432 6 20 i
833 1432 101 20 städerna
951 1431 64 20 blifva

191 1463 48 18 rent
258 1461 22 20 af
296 1460 105 27 omöjligt,
417 1460 39 21 och
473 1460 102 21 städerna
591 1461 27 26 gå
635 1461 30 20 sin
683 1467 54 20 egen
753 1461 46 20 ruin
816 1461 31 20 till
865 1461 75 19 mötes.
972 1459 43 21 Nu-

191 1496 67 17 mera,
274 1489 64 20 sedan
356 1488 115 27 bevillning
486 1488 7 21 i
508 1488 72 21 landet
596 1490 26 19 än
633 1488 77 26 införd,
722 1488 64 21 hafva
797 1488 102 21 städerna
909 1494 26 14 en
946 1488 69 27 grund

190 1516 33 21 för
240 1516 178 28 beskattningens
438 1517 125 27 utgörande.
595 1517 33 20 All
650 1517 59 20 skatt
724 1518 34 19 må
774 1516 65 21 blifva
854 1516 161 26 inkomstskatt,
