1142 1786
224 141 41 20 280
537 141 38 15 Den
592 141 18 15 19
624 141 53 15 Mars.

196 197 126 27 målsenliga
342 197 38 20 och
402 197 92 27 lyckliga
510 197 83 26 lösning
611 197 53 20 varit
681 196 104 27 behöfligt
801 196 38 21 och
857 196 74 27 tycker
947 198 32 18 att
995 203 25 13 en

196 225 67 21 sådan
281 225 147 20 modifikation
448 226 22 19 af
484 225 163 27 ifrågavarande
664 225 193 24 knektekontrakt,
873 231 44 13 som
934 225 5 19 i
952 224 27 20 H.
993 224 25 21 K.

197 254 71 27 Maj:ts
286 253 78 28 nådiga
380 253 132 28 proposition
528 254 96 24 föreslås,
642 254 37 20 har
695 255 32 19 ett
739 253 94 28 afgjordt
841 253 108 20 företräde
958 253 63 20 fram-

197 282 32 20 för
245 285 31 17 ett
293 285 8 17 t
311 283 45 19 talt
372 282 152 26 upphäfvande
541 283 66 19 deraf.
639 281 42 28 Jag
698 283 37 19 ber
751 285 32 16 att
799 281 89 27 specielt
904 281 20 20 få
936 281 83 21 vidröra

198 312 66 25 några
281 310 191 27 omständigheter,
488 310 133 21 beträffande
634 310 25 20 de
668 299 83 36 vilkor,
769 310 72 20 hvilka
853 310 120 20 utskottet
966 306 9 35 i
984 310 37 20 sitt

198 339 67 20 andra
290 346 62 13 mom.
358 334 7 36 -
377 339 70 20 såsom
471 339 69 21 vilkor
562 339 32 20 för
611 338 56 21 bifall
689 340 30 19 till
735 338 159 27 propositionen
911 338 108 26 uppställt.

198 367 85 21 Främst
308 368 95 20 vidröres
426 368 73 26 frågan
524 374 33 14 om
581 367 56 21 areal
665 368 32 19 för
720 368 134 19 hemmanen.
891 366 45 20 Den
956 367 64 26 areal,

198 403 45 13 som
260 396 108 20 utskottet
380 396 92 20 bestämt
487 396 56 20 inom
561 396 61 20 dessa
639 396 97 24 socknar,
754 396 67 26 uppvår
852 395 29 20 till
899 395 36 19 dot
947 395 74 27 betyd-

199 424 41 28 liga
257 424 102 27 beloppet
375 424 23 20 af
412 425 75 24 12,000
503 424 115 20 tunneland
635 424 33 20 för
685 424 73 26 hvarje
776 424 85 20 mantal.
892 423 41 27 Jag
943 424 36 19 ber
989 427 30 17 att

199 453 20 20 få
234 452 58 21 fästa
308 452 161 28 ridderskapets
479 453 38 20 och
534 453 72 20 adelns
618 452 192 28 uppmärksamhet
820 460 25 18 på
857 452 92 27 följande
961 452 60 20 orda-

199 481 32 27 lag
242 482 5 20 i
257 481 170 27 propositionen,
435 483 31 19 att
484 482 50 20 ”den
550 483 68 19 större
633 481 98 26 egovidd,
749 488 43 13 som
811 481 34 19 vid
862 480 159 40 skattläggning

199 510 32 20 får
257 510 127 20 hemmanen
410 510 98 20 tilldelas,
533 512 96 18 närmare
653 509 139 21 föreskrifves
809 509 22 20 af
845 508 28 21 11.
893 508 26 21 K.

200 538 70 20 Dessa
286 538 88 27 ordalag
389 545 63 13 anser
466 538 37 27 jag
520 538 101 20 innebära
638 545 25 13 en
680 538 83 27 garanti
780 538 71 20 derför
867 540 32 18 att
908 524 59 33 Hans
978 553 5 5 J

198 567 23 33 je:
243 569 21 18 ät
282 567 54 20 varit
353 567 89 20 betänkt
457 569 31 18 att
504 567 57 26 vifva
580 567 25 20 de
621 567 164 36 ifrågavarande
802 567 123 26 lägenheter
940 574 9 12 e

200 596 81 26 räcklig
298 591 97 43 egovidd.
427 585 111 30 Huruvida
554 595 150 27 ridderskapet
719 595 39 21 och
776 584 61 31 adeln
854 598 55 17 samt
920 595 26 20 de

200 624 90 20 stånden
308 624 34 20 må
358 624 35 20 vid
410 623 75 21 sådant
503 623 131 21 förhållande
650 624 57 20 finna
723 624 36 20 det
776 630 51 14 vara
844 624 129 26 nödvändigt
983 609 37 46 att,

200 653 72 19 såsom
288 655 32 17 ett
337 652 67 20 vilkor
421 652 32 20 för
470 652 57 20 bifall
542 652 31 20 till
590 652 168 26 propositionen,
775 652 105 20 fastställa
890 659 24 13 en
926 641 95 39 uttryck-

200 680 29 27 lig
253 681 134 27 bestämning
407 688 33 13 om
461 680 176 25 tunnelandtalet,
653 680 83 20 lemnar
750 682 37 26 jag
803 680 87 20 derhän.
922 680 42 21 För
981 682 40 20 min

201 709 32 20 del
258 709 42 20 kan
322 709 38 27 jag
383 710 47 20 icke
455 709 81 20 biträda
556 716 25 13 en
598 708 64 21 sådan
682 709 62 26 äsigt,
761 709 113 27 stödjande
891 710 42 26 mig
949 710 31 20 till
996 718 25 12 en

201 737 34 20 del
258 738 27 26 pä
302 738 26 20 de
348 738 52 25 skäl,
422 745 44 13 som
484 744 25 14 en
527 737 50 20 ärad
594 738 66 20 talare
676 737 123 26 framhållit,
815 740 32 18 att
863 738 160 20 förhållandena

202 766 71 20 kunna
298 773 50 13 vara
366 767 23 19 sä
406 766 63 26 olika,
487 766 106 20 beroende
609 766 23 20 af
646 768 31 18 ett
694 767 69 19 större
780 766 51 20 eller
849 766 79 20 mindre
947 767 75 27 belopp

202 795 22 19 af
238 795 170 26 impedimenter,
424 795 6 20 i
446 794 52 28 följd
515 795 76 19 hvaraf
605 795 26 26 pä
642 794 64 27 nägra
719 794 92 27 punkter
823 795 75 25 12,000
908 796 114 19 tunneland

202 823 71 20 kunna
290 830 50 13 vara
360 823 86 27 mycket
464 824 33 19 för
513 823 91 27 mycket,
622 823 26 27 pä
664 822 66 21 andra
747 823 86 26 mycket
850 823 33 20 för
899 823 52 20 litet.
985 824 38 20 Be-

202 851 105 21 träffande
327 851 36 21 det
381 852 65 20 andra
466 852 22 20 af
502 851 105 21 utskottet
624 852 69 20 såsom
711 851 68 21 vilkor
795 852 122 26 uppställda
933 852 90 21 alterna-

202 880 60 26 tivet,
279 880 106 26 nemligen
402 882 31 18 att
449 880 157 20 innevänarene
623 880 68 19 skulle
707 880 132 20 fortfarande
857 880 115 20 bibehållas
990 882 33 19 vid

202 908 131 26 rättigheten
358 908 30 20 till
405 908 54 27 jagt,
476 908 99 27 djurfång
591 908 38 21 och
645 908 54 20 fiske
715 908 57 20 inom
789 909 41 19 den
846 909 113 20 afvittrade
976 909 48 20 kro-

203 937 103 26 nojorden
322 937 39 20 och
379 937 33 20 vid
429 937 115 27 nyttjorätt
560 936 30 20 till
607 937 22 19 af
643 936 46 21 dem
707 937 132 26 upprödjade
855 938 72 26 ängar,
945 938 22 19 så
983 939 40 19 kan

200 965 38 27 jag
261 965 47 20 icke
327 965 45 20 inse
389 967 30 18 att
436 965 36 20 det
489 972 49 13 vore
555 965 124 20 välbetänkt
695 967 32 18 att
742 965 119 20 förbehålla
878 965 26 20 de
920 966 103 27 ifrägava-

204 993 66 21 rande
287 993 121 21 trakternas
425 994 129 20 innevånare
569 1001 25 13 en
611 994 24 19 så
651 993 134 27 obegränsad
801 995 42 19 rätt
859 994 30 20 till
906 993 61 21 dessa
983 995 41 20 för-

203 1029 80 17 moner,
307 1022 77 20 hvaraf
401 1022 25 20 de
443 1022 74 20 hittills
535 1023 54 19 varit
604 1022 6 19 i
626 1022 134 27 åtnjutande.
792 1022 43 21 Det
851 1024 22 18 är
890 1022 134 27 obestridligt

203 1053 31 18 att
250 1051 72 20 denna
338 1050 106 21 landsorts
461 1051 128 20 innevånare
605 1050 33 20 för
654 1051 37 19 sitt
708 1051 32 19 lifs
758 1051 113 26 uppehälle
888 1051 61 20 hafva
962 1052 65 20 behof

203 1079 23 20 af
244 1079 54 28 jagt,
316 1079 100 28 djurfäng
435 1079 38 20 och
491 1079 59 25 fiske,
567 1079 38 20 och
622 1079 106 20 sannolikt
745 1081 30 24 är,
791 1081 31 18 att
839 1079 62 21 dessa
917 1080 108 21 förmoner

203 1107 69 21 skulle
296 1108 48 20 dem
368 1107 114 21 framdeles
510 1108 88 19 likasom
623 1107 74 20 hittills
722 1107 101 21 förunnas
847 1108 6 20 i
871 1108 30 20 visst
939 1109 86 26 omfång

203 1136 38 20 och
259 1136 70 21 sävidt
345 1136 35 20 det
396 1138 22 19 är
434 1136 100 27 förenligt
551 1136 46 20 med
615 1136 138 27 möjligheten
771 1137 22 19 af
806 1136 63 21 dessa
879 1137 92 20 trakters
982 1126 43 31 vid-

203 1165 75 27 lyftiga
302 1165 89 27 skogars
414 1164 125 27 skyddande
564 1167 43 18 mot
629 1164 34 21 eld
679 1165 39 20 och
735 1165 100 20 åverkan,
868 1165 47 20 Men
929 1165 38 27 jag
984 1165 40 21 kan

204 1193 47 20 icke
274 1193 73 21 förena
364 1193 42 27 mig
426 1193 80 25 derom,
523 1195 31 18 att
569 1200 48 13 man
635 1193 38 20 bör
689 1192 130 21 tillförsäkra
836 1193 46 20 dem
900 1194 125 20 oinskränkt

203 1222 102 27 rättighet
329 1222 30 20 till
382 1222 65 27 sagde
470 1222 114 20 förmoner.
617 1220 131 28 Ytterligare
769 1221 144 21 förekommer
930 1222 43 26 här,
990 1222 35 20 bo-

204 1250 104 21 träffande
332 1251 26 20 de
375 1239 113 38 nybyggen
513 1250 38 21 och
572 1252 55 25 torp,
645 1238 71 32 hvilka
732 1250 68 20 finnas
817 1250 30 20 uti
863 1251 162 25 ifrågavarande

203 1279 83 20 trakter
302 1279 39 20 och
358 1279 86 27 pröfvas
461 1279 71 20 kunna
538 1274 40 36 till
587 1278 166 27 sjelfbestående
763 1279 124 26 lägenheter
898 1279 127 26 förvandlas,

204 1307 36 20 det
264 1307 74 25 vilkor,
356 1309 31 18 att
407 1307 25 20 de
452 1307 66 20 borde
535 1309 87 25 tryggas
640 1307 4 20 i
663 1307 115 26 besittning
785 1296 32 31 af
832 1307 121 27 tillräckligt
968 1296 58 39 jord-

203 1335 94 21 område.
328 1335 10 21 I
362 1335 58 21 detta
443 1336 100 20 afseende
561 1336 36 20 ber
613 1335 38 27 jag
667 1335 21 20 få
704 1337 83 24 nämna,
804 1338 31 17 att
851 1336 65 20 sedan
933 1337 23 20 år
973 1337 53 20 1867

204 1364 63 21 hafva
282 1364 47 20 icke
346 1364 82 20 mindre
444 1366 25 18 än
487 1365 79 19 inemot
581 1365 64 25 2,000
661 1364 80 20 sådana
757 1364 114 27 nybyggen
881 1365 52 19 eller
950 1365 76 20 krono-

204 1393 122 32 skogstorp,
343 1393 70 20 såsom
430 1393 26 20 de
473 1392 73 25 kallas,
563 1393 5 20 i
585 1393 104 20 särskilda
704 1392 59 20 delar
775 1393 22 19 af
807 1393 78 25 landet,
898 1393 128 20 företrädes-

204 1421 31 20 vis
252 1421 56 20 inom
326 1421 119 27 Uleåborgs
463 1421 39 26 län,
521 1409 66 32 blifvit
605 1421 144 26 legaliserade.
777 1420 7 21 I
801 1421 71 20 stället
889 1422 31 19 för
930 1424 29 17 att
970 1422 56 20 inne-

204 1449 116 21 hafvarene
336 1450 22 20 af
372 1449 72 28 dylika
460 1452 48 25 torp
525 1450 55 20 förut
598 1438 53 31 varit
668 1449 75 21 ställde
754 1451 26 25 pä
790 1457 24 12 en
825 1449 127 28 fullkomligt
965 1452 61 18 rätts-

205 1479 30 19 lös
251 1479 75 26 grund,
343 1481 49 17 utan
410 1478 67 20 andra
494 1478 133 27 rättigheter,
645 1479 24 19 än
691 1478 46 20 dem
755 1477 26 20 de
797 1478 76 26 sjelfva
885 1479 97 19 tillvällat
996 1479 31 26 sig

204 1513 77 20 genom
306 1509 30 17 ett
362 1506 221 27 besittningstagande
605 1506 22 21 af
642 1506 95 24 marken,
755 1506 64 20 hafva
835 1506 26 20 de
878 1513 87 14 numera
982 1507 45 20 blif-

204 1535 30 19 vit
260 1535 76 20 ställde
360 1536 26 26 på
410 1535 84 27 rättslig
516 1535 74 27 grund.
623 1534 72 28 Enligt
715 1534 118 27 styrelsens
850 1535 124 27 förfogande
991 1536 37 20 har
