1142 1786
470 98 38 16 Den
523 99 21 14 12
558 98 53 15 Mars.
882 98 41 21 227

289 187 123 34 Tisdagen
430 188 46 26 den
494 187 28 27 12
540 187 65 27 Mars
621 187 35 27 kl.
674 187 29 26 12
720 187 75 27 midd.

194 239 63 21 Efter
273 239 36 21 det
326 240 196 27 protokollsutdrag
534 239 111 28 angäende
656 239 162 28 ridderskapets
830 239 39 22 och
877 241 74 21 adelns

126 268 34 21 vid
176 268 168 21 sammanträdet
360 268 40 21 den
416 269 13 20 9
445 269 58 20 Mars
519 268 83 21 fattade
618 268 70 21 beslut
700 268 69 21 blifvit
781 269 116 26 justeradt,
911 269 42 21 till-

126 297 110 27 kännagaf
250 296 49 21 herr
315 297 197 20 landtmarskalken
528 299 33 18 att
576 297 5 19 i
593 297 72 20 stället
675 296 34 20 för
720 296 49 21 herr
780 297 111 26 Forsman,
903 298 49 20 Carl

128 324 98 27 Fredrik,
238 332 46 13 som
302 325 70 27 afsagt
388 325 32 27 sig
436 325 122 28 uppdraget
573 327 31 18 att
621 332 50 13 vara
687 324 108 22 ledamoti
807 325 146 27 expeditions-

126 353 114 27 utskottet,
257 353 49 21 herr
322 353 151 28 Montgomery
484 354 24 20 af
517 350 96 24 ständets
622 353 107 21 elektorer
738 354 69 20 blifvit
817 354 31 20 till
859 354 94 21 ledamot

125 382 6 20 i
146 382 66 27 sagde
227 382 83 21 utskott
326 382 84 20 utsedd.

194 439 58 21 Ifrån
276 438 140 22 medständen
440 439 54 21 hade
509 439 94 28 följande
620 438 199 29 protokollsutdrag
833 439 119 28 inkommit,

126 468 116 20 nemligen:

204 497 36 20 rän
264 496 160 27 presteständet
447 496 23 21 af
491 496 40 20 den
549 496 12 20 5
580 496 89 25 dennes,
684 496 49 21 med
748 496 157 22 underrättelse
921 499 32 19 att

126 525 86 20 ständet
228 525 82 27 antagit
326 532 26 14 en
369 524 53 21 ifrän
439 524 180 28 borgareständet
634 525 127 20 ankommen
777 525 128 28 inbjudning
920 528 32 18 att

125 554 76 20 förena
223 554 33 27 sig
278 560 34 14 om
329 554 49 21 herr
394 553 110 28 Procopes
520 553 32 21 till
568 553 179 28 borgareständet
762 554 121 21 inlemnade
899 555 53 26 peti-

126 582 44 20 tion
188 589 33 13 om
238 582 127 21 utfärdande
380 583 24 19 af
417 582 41 28 lag,
474 582 111 27 angäende
601 582 26 20 de
643 582 76 26 vilkor,
735 582 67 20 under
818 582 72 21 hvilka
901 583 51 21 kon-

126 610 85 21 cession
228 610 32 20 för
276 610 83 21 enskild
376 617 77 21 person
470 613 31 18 att
516 610 7 20 i
539 610 73 21 landet
629 610 70 28 bygga
712 611 122 27 jernvägar,
850 611 71 21 kunde
932 612 23 20 af

126 639 128 28 regeringen
270 639 100 27 beviljas;
478 645 5 4 :

195 668 45 20 frän
257 674 81 14 samma
354 668 61 20 ständ
432 667 23 21 af
468 674 82 14 samma
565 667 48 27 dag,
631 667 205 27 tillkännagifvande
852 670 31 18 att
894 669 57 21 stän-

126 696 37 20 det
185 696 31 21 till
240 699 154 18 sammansatta
416 699 64 18 stats-
496 696 38 20 och
552 696 220 20 ekonomieutskottet
788 696 120 22 remitterat
923 696 28 22 H.

126 724 27 21 K.
171 724 71 28 Maj:ts
259 724 77 27 nädiga
352 725 140 27 proposition,
508 724 111 28 angäende
635 725 75 27 anslag
721 724 22 21 af
752 724 199 28 bevillningsmedel

126 754 34 20 för
176 753 212 21 folkskoleväsendet
403 754 5 20 i
425 753 73 21 landet
514 760 26 13 m.
557 760 34 19 m.,
608 755 55 18 samt

195 782 46 20 frän
258 782 179 27 borgareständet
455 782 23 20 af
494 782 42 20 den
554 784 9 19 1
581 782 65 26 Mars,
662 781 141 21 meddelande
819 783 32 19 att
867 782 86 21 ständet

126 811 31 20 till
180 810 107 21 allmänna
309 810 195 21 besvärsutskottet
528 810 120 21 remitterat
671 817 25 13 en
718 810 30 20 till
765 810 86 21 ständet
867 811 22 20 af
904 811 49 21 herr

127 839 116 27 Björkstön
259 839 93 27 ingifven
370 839 90 27 petition
477 846 33 13 om
526 840 88 19 räntans
630 838 70 21 frihet.

196 868 74 20 Säsom
287 867 76 21 endast
379 867 126 21 meddelade
517 867 30 20 till
559 867 127 26 kännedom,
697 867 72 21 blefvo
780 868 99 26 samtliga
890 868 63 21 dessa

126 895 199 28 protokollsutdrag
342 895 60 28 lagda
419 895 32 21 till
467 895 160 28 handlingarne.

196 952 121 27 Föredrogs
333 953 28 20 H.
376 952 26 21 K.
420 953 72 27 Maj:ts
508 953 46 20 frän
571 954 86 19 senaste
668 952 159 21 sammanträde
836 953 117 28 bordlagda

127 981 78 28 nådiga
221 981 138 28 proposition,
375 981 111 28 angående
500 989 27 19 ny
544 981 124 27 förordning
685 987 32 14 om
734 981 218 28 stämpelpappersaf-

126 1011 68 27 giften
211 1010 6 20 i
233 1009 97 21 Finland.

196 1037 58 22 Herr
270 1037 102 27 Munck,
388 1038 58 20 Car]
465 1037 120 25 Fredrik,
603 1037 86 28 yttrade
700 1038 48 20 med
759 1038 115 27 anledning
883 1038 70 21 häraf:

127 1067 43 20 För
186 1067 43 20 min
246 1067 33 20 del
296 1067 69 20 skulle
379 1067 39 26 jag
434 1067 86 20 förorda
532 1068 32 19 att
574 1067 40 20 den
627 1066 78 27 nädiga
717 1067 159 27 propositionen
886 1068 67 20 mätte

127 1096 123 20 remitteras
273 1095 31 20 till
327 1095 175 26 statsutskottet;
528 1102 47 13 men
599 1095 63 20 innan
683 1095 48 20 dess
754 1095 80 20 önskar
847 1095 39 28 jag
901 1097 52 25 göra

126 1125 68 26 några
209 1124 46 20 små
270 1123 174 28 anmärkningar,
461 1123 33 21 för
510 1126 31 18 att
557 1123 80 20 lemnas
654 1123 29 21 till
696 1123 118 21 utskottets
825 1124 127 21 kännedom.

128 1153 48 20 Man
193 1152 39 21 har
247 1152 6 20 i
268 1152 68 21 första
352 1153 96 26 punkten
466 1152 22 20 af
502 1152 107 21 allmänna
624 1153 121 26 grunderna
760 1151 98 22 förordat
873 1152 81 28 förhöj-

127 1182 51 26 ning
194 1181 23 20 af
230 1181 195 27 stämpelbeloppet
440 1180 33 21 för
489 1181 26 19 de
531 1180 46 20 från
593 1181 21 19 k.
625 1183 88 17 senaten
725 1182 56 18 samt
791 1180 69 27 öfrige
871 1181 6 20 i
885 1181 69 21 första

126 1209 135 28 afdelningen
284 1211 112 26 upptagne
418 1208 236 28 embetsmyndigheter
678 1208 107 28 utgående
805 1209 149 27 expeditioner

126 1239 46 20 från
197 1239 13 20 2
229 1238 31 21 till
278 1238 13 20 4
311 1238 66 20 mark.
410 1237 79 21 Dervid
513 1239 23 18 är
560 1239 31 18 att
607 1238 109 25 anmärka,
733 1240 32 17 att
781 1244 47 14 man
845 1238 57 20 velat
917 1245 36 20 ge-

126 1274 58 19 nom,
200 1266 64 21 bland
280 1268 73 25 annat,
370 1266 232 27 revisionsskillingens
613 1265 143 21 nedsättande
768 1265 121 22 underlätta
901 1267 52 26 möj-

126 1296 94 27 ligheten
244 1295 33 20 för
301 1294 163 21 vederbörande
483 1294 153 21 rättssökande
653 1297 31 18 att
701 1294 68 21 vända
785 1295 33 26 sig
834 1295 30 20 till
882 1294 27 21 H.
926 1295 27 20 K.

128 1325 60 26 Maj:t
204 1324 5 20 i
226 1324 126 27 rättegångs
368 1323 101 26 ärender;
484 1330 29 13 nu
529 1323 46 20 åter
591 1329 63 21 synes
666 1329 47 14 man
726 1323 49 27 vilja
786 1323 96 21 försvåra
895 1323 59 21 detta

127 1359 77 21 genom
223 1354 31 18 att
269 1351 84 28 förhöja
369 1351 284 28 stämpelpappersafgiften.
688 1351 62 20 Hvad
767 1351 102 21 beträffar
884 1352 70 27 tredje

128 1381 102 27 punkten,
248 1381 68 20 skulle
330 1381 44 27 jag,
390 1380 91 21 likasom
497 1380 6 20 i
519 1379 77 28 nådiga
613 1379 160 28 propositionen
789 1381 24 19 är
827 1379 127 26 framhållet,

127 1409 57 21 finna
209 1410 36 19 det
260 1409 88 20 alldeles
365 1408 132 28 nödvändigt
512 1410 33 19 att
560 1408 256 28 kartasigillata-afgiften
838 1408 79 21 betalas
935 1409 22 20 af

127 1438 41 20 alla
184 1438 50 25 lika,
252 1440 50 18 utan
320 1437 100 21 afseende
438 1438 26 27 på
480 1444 33 13 om
530 1437 27 20 de
573 1437 52 20 höra
641 1437 31 20 till
689 1437 99 27 allmoge-
800 1437 52 20 eller
868 1437 85 21 hvilken

127 1473 70 14 annan
214 1466 58 21 klass
288 1473 44 13 som
350 1466 61 20 helst.
444 1465 42 21 Det
503 1466 39 19 blir
558 1467 59 19 svårt
632 1467 32 18 att
680 1465 5 20 i
702 1465 41 20 alla
754 1465 106 21 särskilda
870 1465 36 21 fall
919 1466 36 20 be-

127 1496 92 19 stämma
235 1494 32 20 till
284 1494 85 20 hvilken
387 1494 58 20 klass
462 1494 52 20 hvar
530 1494 39 20 och
586 1500 25 14 en
628 1494 49 25 hör;
694 1493 27 21 då
737 1494 36 20 det
789 1496 14 18 t.
815 1500 34 14 ex.
861 1495 24 19 är
895 1494 60 26 fråga

853 1535 33 15 18"
