1142 1786
232 103 42 20 254
543 105 38 16 Den
595 104 21 17 14
629 105 54 16 Mars,

205 162 33 19 sta
254 161 62 20 delen
332 161 23 20 af
369 161 49 20 dess
434 160 132 21 härvarande
581 164 176 24 representanter
773 163 88 26 utgöras
877 163 66 21 också
953 163 23 20 af
985 170 43 13 em-

205 190 57 20 bets-
278 189 39 20 och
333 189 137 27 tjenstemän,
487 190 82 20 bosatte
585 190 6 19 i
608 189 142 28 Helsingfors.
781 190 42 27 Jag
840 191 34 20 vill
891 191 47 21 icke
955 199 28 13 nu
998 192 30 20 in-

206 219 42 20 låta
271 217 44 28 mig
337 218 6 20 i
367 219 68 26 någon
456 217 115 28 utredning
585 218 22 20 af
620 218 82 27 frågan,
719 219 104 20 huruvida
839 219 38 20 det
892 219 5 20 i
914 220 115 21 allmänhet

206 247 41 20 kan
271 253 52 13 vara
346 246 86 28 nyttigt,
453 249 33 18 att
505 247 36 20 det
557 246 157 27 öfvervägande
729 248 82 20 antalet
827 248 23 20 af
864 247 165 22 medlemmarne

205 275 5 20 i
230 281 26 14 en
280 275 192 27 representerande
495 275 122 27 församling
636 277 87 25 utgöres
743 276 23 20 af
783 276 93 20 kronans
892 277 137 26 tjenstemän,

206 309 48 15 men
268 303 39 27 jag
327 310 63 13 anser
406 303 42 27 mig
465 304 51 19 böra
532 303 83 27 påpeka
631 303 186 27 nödvändigheten
835 304 23 20 af
871 307 32 17 att
919 312 108 20 represen-

205 332 160 25 tationsrätten,
389 331 64 21 sådan
479 332 39 20 den
539 332 23 19 af
579 332 126 26 regeringen
723 332 39 20 och
778 332 117 21 ständerna
910 333 119 24 fastställts,

205 360 117 20 bibehålles
339 360 132 20 oförkränkt.
496 360 40 20 Att
548 360 159 20 vederbörande
719 360 234 28 embetsmyndigheter
964 362 5 20 i
981 362 48 20 Hel-

206 388 99 28 singfors,
322 389 67 19 under
405 388 137 20 erkännande
559 388 66 26 häraf,
642 388 111 27 medgifvit
765 388 62 21 deras
839 390 30 20 till
881 390 149 27 ridderskapet

206 418 39 20 och
262 416 62 21 adeln
340 416 94 21 hörande
450 417 128 27 tjenstemän
590 419 31 18 att
633 417 142 20 obehindradt
786 418 73 20 utöfva
871 420 158 25 representant-

206 446 72 25 kallet,
295 445 73 21 såvida
385 445 75 20 sådant
477 447 49 18 utan
538 445 118 27 synnerligt
668 445 62 21 mehn
743 446 33 20 för
787 446 62 20 deras
859 446 170 21 embetsmanna-

206 474 138 20 verksamhet
361 474 81 20 kunnat
457 474 45 26 ske,
519 475 23 19 är
558 474 124 26 visserligen
699 481 26 13 en
742 474 98 27 sanning,
854 482 46 13 men
913 482 32 13 om
956 474 74 21 hinder

206 503 6 20 i
228 502 76 27 antydt
320 502 102 20 afseende
438 502 22 20 af
475 509 25 13 en
517 502 50 20 eller
583 509 68 13 annan
668 502 115 27 anledning
794 503 69 20 skulle
874 503 23 21 af
905 504 26 20 de
943 503 86 27 respek-

206 532 43 19 tive
272 530 264 28 embetsmyndigheterna
558 530 110 20 härstädes
692 530 65 21 hafva
776 531 68 21 blifvit
863 532 128 27 uppställda,
1007 533 23 19 är

204 560 38 27 jag
258 558 64 21 säker
338 560 31 19 att
384 559 76 20 sådant
476 559 5 20 i
498 559 48 20 hela
562 558 72 21 landet
646 559 54 20 hade
713 560 65 20 mötts
789 560 24 20 af
822 560 40 20 den
872 562 79 19 största
959 560 70 27 ovilja.

208 589 33 19 Då
264 588 36 20 det
320 587 82 21 således
423 587 65 21 borde
504 588 56 26 ligga
576 587 97 27 samtlige
689 588 140 20 medlemmar
844 589 23 19 af
881 589 149 26 ridderskapet

207 616 39 21 och
269 616 61 20 adeln
354 617 44 19 ömt
418 622 33 14 om
472 616 85 27 hjertat,
575 618 31 18 att
621 616 84 20 landets
722 616 67 20 första
805 617 62 20 stånd
883 617 34 20 vid
934 617 95 20 landtda-

207 651 66 21 garne
290 644 47 20 icke
355 644 40 20 blir
410 644 195 27 orepresenteradt,
622 646 31 18 ett
669 644 140 27 förhållande,
826 652 45 13 som
882 646 33 19 för
926 645 47 21 hela
985 646 45 19 vårt

207 672 163 21 samhällsskick
387 672 71 21 kunde
474 672 99 21 innebära
590 673 26 20 de
631 673 188 27 oberäkneligaste
836 674 73 26 vådor,
925 676 54 18 samt
995 674 36 20 det

207 701 161 27 otvifvelaktigt
384 702 62 26 utgör
463 702 210 26 representationens
689 701 74 27 styrka
779 703 32 19 att
827 702 62 20 äfven
907 704 68 18 röster
984 702 44 20 från

207 730 123 20 landsorten
354 730 72 20 kunna
449 730 34 20 vid
506 729 155 27 landtdagarne
684 730 56 20 inom
761 730 74 27 hvarje
854 730 61 20 stånd
931 732 52 25 göra
999 730 32 26 sig

207 758 74 26 hörda,
298 758 106 27 förtjenar
420 758 49 21 herr
480 758 170 27 Langenskiölds
663 758 97 27 petition,
772 758 69 21 såvidt
853 759 39 20 den
905 759 56 20 afser
972 761 57 18 utom

208 786 158 22 hufvudstaden
388 787 84 20 bosatte
488 786 135 28 tjenstemän,
640 788 31 19 ett
687 786 106 28 allvarligt
810 787 146 27 behjertande.
989 787 42 20 När

207 822 28 14 nu
253 814 68 21 härtill
339 815 96 20 kommer
453 817 39 24 att,
508 815 27 27 på
550 816 43 19 sätt
608 815 144 27 petitionären
769 816 65 20 också
850 816 76 24 anfört,
943 816 40 20 alla
999 816 31 20 till

206 844 154 26 justitiestaten
378 844 94 20 hörande
489 850 102 21 personer
606 843 39 21 och
662 844 99 26 samtlige
771 845 138 25 guvernörer,
922 844 71 20 derest
1005 844 26 20 de

207 872 57 20 inom
281 871 149 28 ridderskapet
446 872 38 21 och
501 872 61 20 adeln
579 874 148 25 representera
744 872 45 20 sina
804 874 63 23 ätter,
885 874 26 25 på
926 873 67 26 grund
1010 872 23 20 af

208 900 105 21 särskilda
329 900 150 27 författningar
495 902 36 19 äro
548 900 5 20 i
570 900 80 21 tillfälle
667 902 38 24 att,
721 902 51 19 utan
788 901 124 26 uppoffring
927 901 23 20 af
963 902 67 25 någon

208 929 34 20 del
262 929 23 20 af
298 928 62 21 deras
377 929 65 26 löner,
459 929 73 20 utöfva
548 929 36 20 sitt
600 929 201 26 representantkall,
819 931 54 18 samt
890 929 140 20 lefnadskost-

208 957 69 21 naden
302 957 38 20 här
363 957 5 20 i
388 957 135 27 Helsingfors
543 957 5 20 i
567 957 41 20 alla
627 957 35 20 fall
680 958 23 19 är
718 957 24 20 så
758 957 61 27 dryg,
835 959 31 18 att
883 958 72 27 öfrige,
973 960 57 17 utom

208 985 157 21 hufvudstaden
389 985 84 21 bosatte
496 986 137 27 tjenstemän,
657 985 47 21 icke
727 988 51 18 utan
799 986 92 27 verkligt
907 987 77 26 uppsåt
1000 988 31 17 att

208 1021 78 20 gagna,
311 1013 60 21 torde
387 1014 80 21 infinna
482 1014 32 27 sig
531 1014 34 20 vid
581 1013 137 28 landtdagen,
735 1021 63 13 anser
811 1015 38 26 jag
866 1016 30 18 ett
913 1014 118 21 tillbakavi-

208 1042 66 21 sande
290 1042 22 20 af
326 1043 126 26 petitionen,
470 1043 72 20 såvida
559 1043 39 20 den
616 1043 101 20 omfattar
734 1043 137 26 tjenstemän,
887 1043 144 20 stationerade

209 1072 26 26 på
251 1071 67 20 andra
337 1073 59 18 orter
411 1073 25 18 än
454 1071 142 26 Helsingfors,
613 1071 94 20 hvarken
725 1078 50 13 vara
792 1071 85 20 rättvist
893 1071 52 20 eller
961 1072 70 19 välbe-

208 1099 68 21 tänkt.
308 1099 230 21 Riddarhusutskottet
554 1099 37 21 har
606 1099 125 27 visserligen
748 1099 122 26 framhållit,
889 1100 99 20 hurusom
1005 1099 26 20 de

208 1129 176 26 representanter
399 1128 55 20 inom
467 1127 150 28 ridderskapet
627 1129 38 19 och
678 1127 69 28 adeln,
760 1128 71 20 hvilka
842 1128 47 21 icke
898 1129 35 19 äro
943 1129 89 26 tjenste-

209 1158 55 24 män,
288 1156 47 21 icke
358 1156 66 21 heller
443 1157 83 27 åtnjuta
546 1157 68 26 någon
631 1157 121 26 ersättning
767 1157 33 20 för
816 1156 62 21 deras
894 1157 87 20 vistelse
999 1156 32 20 vid

209 1185 136 26 landtdagen,
369 1191 48 14 men
440 1191 34 14 om
498 1185 40 20 den
559 1185 68 26 gamla
649 1187 70 17 satsen
739 1187 32 18 att
789 1185 40 20 alla
843 1185 136 27 jemförelser
995 1186 36 18 äro

209 1213 101 20 haltande
330 1214 69 26 någon
416 1213 56 27 gång
489 1214 105 20 besannar
610 1213 38 28 sig,
665 1214 24 19 är
704 1213 36 20 det
758 1213 31 20 väl
805 1213 62 20 äfven
885 1213 42 26 här,
946 1216 20 24 ty
984 1213 47 24 den,

209 1249 45 13 som
271 1241 75 21 endast
364 1242 61 19 beror
441 1242 23 20 af
478 1242 32 27 sig
525 1242 54 27 sjelf,
597 1241 40 21 kan
654 1241 59 21 alitid
729 1242 62 20 ställa
807 1241 32 20 sin
852 1242 98 20 ekonomi
962 1243 29 25 så,
1001 1244 31 17 att

210 1270 52 21 hans
286 1271 99 19 frånvaro
409 1270 45 20 från
479 1271 92 20 hemmet
595 1270 46 21 icke
660 1270 160 20 åstadkommer
840 1271 68 26 någon
925 1270 108 27 synnerlig

209 1298 108 27 rubbning
335 1298 30 21 uti
382 1298 51 21 hans
450 1299 85 26 affärer,
552 1299 75 20 liksom
644 1298 37 20 det
698 1299 40 20 kan
755 1301 96 24 antagas,
868 1300 31 19 att
916 1299 51 19 hans
983 1299 49 19 eko-

210 1327 98 20 nomiska
324 1326 100 28 ställning
440 1329 23 18 är
479 1327 74 26 sådan,
567 1329 31 18 att
614 1327 39 20 den
671 1327 76 20 lättare
764 1327 40 20 kan
821 1327 42 20 tåla
879 1327 153 27 uppoffringar,

210 1356 25 19 än
252 1362 26 13 en
295 1355 149 27 tjenstemans,
462 1355 62 20 hvars
540 1355 54 20 enda
611 1355 112 27 tillgångar
740 1356 86 25 utgöras
843 1355 22 20 af
880 1355 61 20 lönen
959 1355 38 20 och
1007 1361 24 14 en

209 1383 64 20 talrik
298 1383 72 28 familj.
400 1383 114 21 Utskottet
531 1384 37 20 har
585 1384 64 20 också
665 1384 112 26 ifrågasatt
793 1383 107 20 hvarifrån
917 1383 69 20 medel
1003 1383 30 20 till

209 1412 94 27 aflöning
319 1412 23 20 af
355 1411 73 28 dylika
443 1413 140 26 tjenstemäns
600 1412 93 20 vikarier
708 1411 61 21 skola
785 1414 74 25 tagas;
880 1419 46 13 men
943 1411 90 21 oberäk-

209 1440 52 20 nadt
278 1440 40 21 den
334 1440 194 27 omständigheten,
544 1443 32 17 att
591 1441 63 26 högst
669 1440 22 20 få
702 1440 130 20 hufvudmän
844 1440 56 20 inom
913 1440 120 20 ridderska-

210 1471 36 24 pet
262 1468 40 21 och
318 1469 61 20 adeln
396 1468 122 25 förefinnas,
536 1469 71 20 hvilka
622 1470 37 19 äro
675 1470 129 25 tjenstemän
821 1471 58 17 utom
892 1468 141 26 Helsingfors,

209 1496 40 22 och
272 1496 54 25 icke,
350 1497 27 27 på
400 1497 70 26 grund
488 1497 24 20 af
529 1497 54 20 hvad
601 1497 38 27 jag
657 1497 57 19 förut
730 1496 77 26 anfört,
824 1496 34 21 vid
875 1498 159 25 representant-
