1142 1786
218 125 42 20 422
527 125 40 15 Den
580 125 21 16 13
614 125 58 20 April.

190 183 44 18 sats
251 181 30 20 till
299 181 223 20 öfverforstmästaren
539 180 6 21 i
557 179 63 22 Kemi
632 180 228 27 inspektionsdistrikt,
873 187 63 14 anser
947 183 69 18 trans-

191 212 74 24 porten
283 209 23 20 af
320 209 128 27 skogsvirke
463 209 60 20 öfver
540 210 69 26 öppna
626 208 73 21 hafvet
716 209 30 20 till
763 209 89 20 svenskt
871 209 87 20 omräde
970 209 45 20 full-

191 238 89 27 komligt
301 239 107 19 motsvara
430 237 110 28 sägnings-
559 237 38 20 och
619 237 67 21 andra
701 237 94 28 afgifter,
811 244 45 13 som
874 237 57 20 hvila
949 238 25 26 pä
990 237 26 20 de

191 266 69 21 finska
276 266 126 27 sägverken.

260 294 41 20 Till
326 295 128 20 bemötande
478 294 86 20 härutaf
584 295 63 19 utber
663 295 38 26 jag
721 294 43 27 mig
779 294 31 20 till
827 294 53 20 först
896 297 32 17 att
945 295 20 19 få
980 301 36 13 an-

190 323 47 21 föra
261 323 67 27 nägra
352 322 62 22 rader
435 324 49 19 utur
508 322 224 21 öfverforstmästaren
753 322 133 20 Nummelins
906 322 109 20 memorial

191 352 30 20 till
238 351 162 27 forststyrelsen
417 351 23 20 af
454 351 40 20 den
511 352 25 19 19
553 350 123 21 November
695 351 58 25 1871,
771 350 126 28 sälydande:

260 379 24 25 »I
301 380 154 26 sammanhang
472 380 86 20 härmed
575 379 79 21 dristar
667 380 45 26 jag,
729 379 48 21 med
789 379 154 21 föranledande
956 379 61 20 deraf

192 411 30 18 att
239 408 85 21 landets
341 408 221 20 trävarufabrikanter
578 408 47 20 icke
641 414 66 21 gerna
724 408 61 20 torde
801 408 4 19 i
823 408 108 20 anseende
947 408 30 20 till
990 408 25 20 de

192 436 48 21 med
264 436 107 21 förädladt
394 436 60 21 virke
478 436 141 28 förknippade
639 436 85 27 afgifter
746 436 71 20 kunna
839 436 33 20 vid
891 436 88 28 uppköp
995 436 22 20 af

192 466 126 26 sägtimmer
342 465 46 20 frän
412 465 68 20 finska
500 465 78 27 skogar
599 464 132 21 konkurrera
753 464 46 21 med
816 465 137 27 grannrikets
969 466 46 26 säg-

191 500 72 21 egare,
284 493 124 27 ödmjukast
429 493 111 21 framhälla
556 493 35 21 det
607 493 98 27 önskliga
723 493 52 25 deri,
791 495 32 18 att
839 494 69 26 nägon
925 493 90 27 ändring

192 522 29 20 uti
238 522 106 27 gällande,
361 522 65 20 saken
444 522 90 20 rörande
550 521 133 28 stadganden
700 523 67 19 mätte
783 522 104 26 vidtagas,
901 522 26 26 pä
938 522 35 20 det
985 524 31 18 att

192 550 40 21 den
257 550 69 21 finska
350 550 143 27 sägindustrin
518 550 34 21 vid
572 552 91 26 gränsen
685 550 47 21 icke
753 550 66 21 mätte
836 550 43 21 helt
895 550 38 21 och
951 550 64 21 hället

192 579 180 27 undertryckas''.

262 608 48 20 Man
334 614 35 14 ser
385 607 92 25 härutaf,
493 609 31 19 att
541 607 223 21 öfverforstmästaren
786 606 128 26 Nummelin,
931 614 44 13 som
993 609 22 18 är

192 636 72 20 bosatt
287 636 1 20 i
308 635 63 21 Kemi
394 636 38 20 och
453 642 77 20 genom
546 642 25 14 en
593 636 111 26 längvarig
720 635 87 21 vistelse
823 636 5 20 i
845 635 81 21 norden
943 637 23 19 är
983 635 32 21 väl

192 664 80 21 bekant
289 665 48 19 med
358 664 39 20 alla
414 664 134 21 dervarande
564 664 154 25 förhällanden,
736 664 83 20 befarar
835 664 112 27 ingenting
963 664 52 20 min-

192 693 44 25 dre,
260 694 25 19 än
310 700 26 13 en
360 692 126 28 fullständig
508 693 125 27 undergäng
651 693 32 20 för
703 693 50 20 vära
769 692 194 28 säganläggningar
981 692 34 20 vid

192 723 100 25 gränsen.
325 721 46 20 Och
397 720 70 21 denna
489 722 46 20 fara
555 722 22 20 är
598 721 5 20 i
620 721 91 27 sanning
727 720 182 28 öfverhängande.
940 720 74 21 Redan

192 750 62 27 länge
279 750 63 20 hafva
363 749 106 27 klagomäl
490 750 104 26 försports
619 749 105 26 deröfver,
741 752 31 17 att
789 751 58 19 stora
863 750 80 26 partier
959 750 54 20 inom

192 778 66 20 finskt
274 778 86 20 omräde
376 778 96 20 äverkad
488 778 60 20 stock
566 778 67 20 blifvit
649 778 61 20 förda
726 778 31 20 till
773 778 26 20 de
816 778 92 20 svenska
924 779 91 26 sägarne

192 806 34 21 vid
243 806 85 21 Torneå
344 806 35 26 elf,
396 806 39 21 och
453 806 72 28 beslag
541 808 12 19 &
569 806 59 21 öfver
643 807 56 20 3000
713 809 26 17 st.
757 806 66 20 sådan
839 806 62 21 stock
915 806 56 20 inom
984 809 31 18 ett

192 836 23 20 år
238 835 63 21 hafva
324 835 142 20 förekommit.
499 835 32 20 De
554 836 67 20 första
644 836 71 26 öppna
738 834 71 21 anbud
836 836 12 19 &
871 835 144 21 svenskarnes

193 866 80 25 vägnar
296 863 61 21 torde
381 863 53 21 dock
458 864 47 20 icke
528 864 63 20 hafva
614 863 70 21 blifvit
696 863 82 28 gjorda
793 863 72 21 förrän
884 864 33 20 vid
933 864 82 20 virkes-

192 892 142 20 auktionerna
358 892 23 19 är
402 892 60 25 1870,
482 892 26 20 dä
529 892 180 27 sägdisponenten
728 892 75 20 Mäller
820 892 102 27 inropade
940 892 75 26 13,509

193 923 102 18 stammar
314 920 54 20 ifrån
388 919 85 22 Torneå
490 920 38 21 och
544 920 87 21 Muonio
647 920 100 21 revierer.
779 920 97 20 Sistlidet
892 921 23 20 är
931 920 84 27 inropa-

192 949 38 20 des
253 949 23 20 af
298 949 208 20 kronolänsmannen
525 949 6 20 i
550 948 149 21 Nedertorneä
718 949 86 20 distrikt
822 949 76 25 18,800
914 951 101 18 stammar

192 978 54 20 ifrån
271 977 63 21 Kemi
358 977 62 20 elfdal
445 977 33 20 för
502 978 46 19 herr
570 977 111 20 Hummels
701 978 5 19 i
723 976 65 21 Kalix
812 977 101 27 räkning;
930 985 25 12 en
972 977 42 20 viss

194 1006 103 20 Lindroth
314 1005 66 27 köpte
396 1005 68 21 tillika
480 1007 62 24 3,200
558 1008 102 18 stammar
674 1006 53 20 ifrän
745 1005 120 28 Ounasjoki
881 1006 68 20 revier
961 1008 54 18 samt

193 1034 77 21 Miller
287 1036 118 25 yttermera
426 1035 76 25 18,440
521 1036 101 19 stammar
640 1034 53 21 ifrån
710 1034 86 21 Torneå
811 1034 70 21 eifdal.
912 1034 102 21 Summan

193 1063 48 20 utaf
255 1063 62 20 dessa
337 1063 60 27 inrop
414 1063 82 27 uppgär
518 1063 30 20 till
565 1063 76 26 82,949
657 1066 108 23 stammar,
783 1069 46 14 men
847 1063 63 27 utgör
925 1063 90 20 allenast

193 1099 24 13 en
242 1091 84 20 smäsak
350 1093 58 18 emot
432 1091 26 20 do
478 1094 57 18 stora
554 1091 80 28 planer,
651 1098 45 13 som
713 1091 133 20 svenskarne
864 1091 66 28 byggt
947 1093 25 25 pä
989 1092 25 19 de

195 1120 66 21 finska
285 1119 113 27 skogarne.
430 1119 92 22 Sälunda
546 1120 105 20 afslutade
673 1127 143 13 norrmannen
841 1119 65 21 Olsen
923 1120 92 20 sistlidet

192 1150 23 19 år
239 1148 102 21 kontrakt
362 1148 49 20 med
434 1148 69 21 finska
518 1148 105 27 styrelsen
644 1155 33 14 om
695 1148 122 21 erhållande
833 1148 24 20 af
870 1148 47 21 icke
934 1149 81 20 mindre

193 1179 25 18 än
242 1177 92 25 500,000
357 1177 101 27 sägstock
481 1177 54 20 ifrån
558 1177 63 20 Kemi
641 1177 70 25 elfdal,
731 1177 82 20 hvilket
835 1177 109 27 ansenliga
960 1177 54 27 parti

192 1205 66 27 enligt
274 1204 111 21 förmodan
401 1205 65 20 också
482 1205 61 20 torde
559 1205 87 27 öfvergä
662 1205 6 20 i
683 1204 143 21 svenskarnes
845 1204 87 22 händer.
960 1205 55 21 Herr

192 1233 102 22 Hummel
310 1234 6 20 i
333 1232 71 27 Kalix,
424 1241 44 13 som
486 1234 22 20 är
524 1234 55 20 1870
595 1234 143 27 exporterade
754 1235 98 19 närmare
870 1234 39 20 150
925 1234 89 27 skepps-

192 1263 66 20 laster
282 1262 47 21 med
356 1261 101 27 trävirke,
481 1262 38 21 har
538 1262 87 21 alldeles
641 1263 86 26 nyligen
744 1261 105 22 behedrat
865 1262 43 27 mig
923 1263 47 20 med
988 1269 25 14 en

192 1291 120 24 skrifvelse,
328 1291 44 20 deri
390 1291 40 20 han
447 1291 79 20 uttalar
541 1291 31 20 sin
584 1291 105 20 ästundan
701 1293 32 18 att
745 1291 56 26 köpa
813 1290 60 21 virke
884 1291 53 20 ifrän
952 1291 61 20 Kemi

192 1319 34 26 elf,
243 1319 40 20 och
300 1319 47 20 icke
363 1325 76 14 senare
455 1320 26 19 än
498 1319 4 20 i
519 1319 38 27 gär
572 1319 54 20 hade
641 1320 38 26 jag
694 1319 82 20 tillfälle
793 1321 32 18 att
840 1319 27 27 pä
883 1319 130 27 forststyrel-

192 1354 49 14 sens
257 1354 46 13 rum
320 1347 20 20 fä
356 1354 23 13 se
396 1349 31 18 ett
442 1349 48 26 nytt
506 1347 69 21 anbud
592 1348 47 20 utaf
653 1347 40 21 den
711 1347 22 20 af
747 1347 44 28 mig
806 1347 65 20 redan
887 1348 128 21 omnämnde

192 1376 48 20 herr
264 1375 82 26 Mäller,
371 1375 93 27 hvilken,
487 1376 67 20 under
573 1376 103 21 förmälan
697 1378 30 18 att
744 1377 41 20 han
802 1377 63 19 ärnar
881 1376 90 27 anlägga
988 1384 25 13 en

192 1411 27 20 ny
236 1404 82 27 ångsåg
333 1404 5 20 i
355 1403 153 28 Haaparanda,
524 1404 65 21 också
606 1405 33 20 vill
657 1405 57 26 köpa
730 1411 26 14 en
773 1405 28 26 1/,
817 1404 71 27 miljon
906 1405 108 26 sägstock,

191 1433 61 20 deraf
266 1433 92 25 200,000
376 1432 54 21 ifrän
447 1432 64 21 Kemi
527 1433 70 21 elfdal.
629 1433 137 20 Sistnämnda
782 1433 71 20 anbud
869 1434 24 19 är
908 1433 107 22 sätillvida

191 1461 120 27 märkeligt,
328 1463 31 18 att
374 1461 121 20 detsamma
510 1468 38 20 ger
564 1468 25 14 en
606 1461 111 28 möjlighet
732 1463 32 19 att
779 1461 56 20 sluta
851 1461 31 20 till
894 1461 119 22 kostnaden

190 1489 33 21 för
243 1490 138 26 transportefi
401 1489 23 21 af
437 1489 71 21 virket
523 1489 54 21 ifrån
595 1489 62 21 Kemi
673 1490 124 27 elfmynnne
813 1489 32 21 till
861 1489 152 27 Haaparanda.

190 1517 57 21 Herr
264 1517 76 21 Miller
355 1518 102 27 erbjuder
473 1518 105 27 nemligen
595 1525 32 20 pr.
644 1518 50 20 kub.
711 1518 31 21 fot
754 1518 41 27 71/,
806 1518 65 28 penni
882 1518 34 20 vid
929 1518 84 22 Torneå
