1142 1786
488 117 38 14 Den
541 117 21 15 19
575 117 54 15 Mars.
901 117 41 19 293

144 172 70 20 bättra
231 171 55 26 dem,
302 172 73 20 hvilka
393 171 73 21 försök
483 172 75 27 aflupit
574 171 108 21 fruktlöst.
706 171 41 28 Jag
759 172 80 21 känner
851 172 47 21 icke
909 179 62 21 noga,

144 200 73 20 hvilka
233 200 41 20 alla
290 200 72 21 försök
379 200 4 20 i
400 200 67 21 Polen
485 200 70 21 blifvit
571 200 76 27 gjorda
664 201 5 19 i
684 200 69 21 denna
769 202 50 26 väg;
835 201 36 20 det
888 203 35 18 vet
933 201 38 28 jag

146 229 60 25 blott,
222 231 32 18 att
271 235 46 14 man
334 229 83 20 försökt
432 229 96 27 afklippa
545 229 62 20 deras
624 229 119 26 hårlockar,
760 229 63 21 kläda
840 229 26 27 på
875 229 47 21 dem
935 237 35 13 eu-

145 257 101 27 ropeiska
262 257 83 25 rockar,
362 264 17 13 o.
397 265 15 12 s.
430 264 26 19 v.;
473 264 47 13 men
535 257 38 28 jag
590 257 37 20 har
643 257 47 21 icke
707 257 55 26 hört,
778 260 32 18 att
826 265 47 13 man
891 259 80 26 nägon-

145 286 30 20 sin
200 285 69 21 skulle
293 285 82 21 försökt
390 287 32 19 att
440 285 58 27 gifva
519 286 47 20 dem
588 293 81 13 samma
688 285 134 27 rättigheter,
843 293 45 13 som
905 286 66 21 andra

146 314 123 20 menniskor
286 314 38 20 och
340 314 147 27 medborgare.

215 342 57 21 Herr
288 342 162 26 Ehrnrooth,
462 342 139 21 Reinhold:
618 342 41 27 Jag
671 342 68 21 skulle
751 342 49 27 vilja
811 342 91 28 upplysa
913 343 58 21 stän-

146 370 36 21 det
206 378 34 13 om
260 373 31 18 att
307 378 24 13 en
350 370 134 28 kungörelse,
500 378 46 13 som
563 371 129 21 emanerade
710 371 53 21 1869
779 371 110 27 angäende
906 372 65 26 ryska

146 399 98 21 armöens
270 399 152 27 permitterade
445 399 39 21 och
509 399 118 21 afskedade
651 399 100 26 soldater,
775 400 72 20 hvilka
866 400 68 20 skulle
951 400 20 20 få

148 428 65 20 vistas
229 428 6 20 i
253 427 97 25 Finland,
367 428 124 27 visserligen
508 428 34 20 för
559 428 132 20 närvarande
708 428 40 20 kan
765 428 113 27 tillämpas,
895 428 26 20 dä
930 428 40 21 den

147 456 109 26 behöfves,
282 463 46 13 men
352 458 31 18 att
402 457 65 20 ocksä
487 464 81 13 samma
589 457 23 20 är
633 457 53 21 1869
710 456 127 21 emanerade
854 459 31 17 ett
901 457 69 27 regle-

147 487 70 18 mente
233 485 33 20 för
282 484 40 21 den
340 485 83 25 militär,
438 484 85 21 hvilken
541 485 68 20 skulle
624 485 34 20 för
673 485 114 21 framtiden
803 485 60 20 träda
880 485 4 20 i
897 485 74 27 tjenst,

146 515 32 18 att
194 513 47 21 icke
258 513 96 21 soldaten
371 513 68 21 skulle
452 513 126 27 bortryckas
589 514 47 20 från
648 513 111 21 samhället
771 514 51 20 eller
833 513 138 26 kommunen,

147 544 50 18 utan
214 542 87 27 qvarstå
318 542 43 26 der,
378 542 38 20 och
432 544 38 24 att,
488 543 37 19 vär
542 542 39 20 han
600 542 134 27 permitteras
751 542 50 20 eller
811 542 107 27 afskedas,
930 542 41 21 han

146 571 66 20 också
228 570 71 21 kunde
316 571 84 20 komma
416 570 90 21 tillbaka
522 571 31 20 till
569 571 129 20 kommunen
715 571 69 20 såsom
801 578 25 13 en
843 571 130 20 medlem'
946 566 29 37 af

147 598 131 21 densamma.

216 626 100 22 Friherre
328 634 49 14 von
389 627 77 21 Born:
483 627 43 21 Det
538 627 38 21 har
586 627 101 21 förefallit
696 627 43 27 mig
747 627 224 28 anmärkningsvärdt,

147 658 31 18 att
194 656 48 20 icke
258 655 76 21 endast
350 656 141 27 petitionären
508 656 31 20 uti
556 656 30 20 sin
604 656 96 28 petition,
717 658 49 18 utan
783 656 66 21 också
865 656 106 21 utskottet

146 684 6 20 i
169 684 37 20 sitt
222 684 136 21 betänkande
372 685 69 20 såsom
457 691 28 13 nu
502 684 104 27 gällande,
623 685 5 20 i
645 685 35 20 det
696 684 107 27 afseende,
820 685 87 20 hvarom
917 685 54 27 peti-

147 713 72 20 tionen
236 712 95 27 handlar,
348 713 103 27 åberopat
469 713 141 27 reglementet
626 713 23 20 af
663 713 39 21 den
711 714 26 20 27
749 712 43 28 Maj
805 714 61 26 1782,
875 713 39 21 och
923 713 48 21 icke

148 742 64 20 minst
228 742 100 20 förvånar
344 742 36 20 det
395 742 48 26 mig,
460 743 32 19 att
503 742 144 26 petitionären
659 742 112 27 uppgifvit,
783 743 31 19 att
826 742 65 27 sagde
903 742 68 27 regle-

148 772 71 18 mente
236 770 68 20 skulle
320 770 95 21 förmena
429 770 93 28 judarne
538 772 31 18 att
585 770 6 20 i
607 770 72 21 landet
701 770 71 20 vistas.
802 769 33 21 En
852 770 72 27 skymt
940 770 30 21 till

148 799 65 26 något
236 798 75 20 sådant
328 798 118 28 stadgande
462 798 6 20 i
486 799 54 20 1782
556 799 33 19 års
606 799 131 27 reglemente
753 800 44 18 tror
811 798 38 28 jag
865 806 47 13 man
929 799 41 20 för-

147 827 74 27 gäfves
238 826 53 21 skall
308 827 58 21 söka.
398 827 102 21 Tvärtom
518 827 117 21 innehåller
651 827 119 21 detsamma
785 827 82 27 ganska
883 827 88 21 liberala

149 855 160 27 bestämningar
326 856 132 20 beträffande
474 856 62 20 desse
553 856 176 20 trosbekännare.
760 855 67 21 Detta
838 855 133 28 reglemente

148 884 137 20 föranleddes
305 884 22 20 af
342 884 53 20 1779
412 884 33 20 års
462 884 178 27 riksdagsbeslut,
657 884 81 20 hvilket
754 884 22 20 af
789 884 88 27 konung
893 884 80 20 Gustaf

148 911 34 21 III
198 911 48 21 med
263 911 107 28 åtskilliga
386 912 74 27 tillägg
476 912 136 27 godkändes;
629 912 6 20 i
651 912 36 20 det
703 912 65 21 tilläts
782 912 93 27 judarne
891 914 32 19 att
934 912 37 21 fin-

148 947 38 14 nas
208 941 6 19 i
230 940 62 25 riket,
309 947 47 14 men
373 941 30 20 till
419 941 57 20 vissa
492 943 58 18 orter
566 941 136 20 inskränktes
719 941 61 20 deras
796 940 128 27 befogenhet
939 943 32 18 att

149 969 63 20 hafva
232 975 122 21 synagogor
369 969 37 20 och
424 971 31 18 att
471 969 69 20 drifva
557 969 56 20 vissa
629 969 194 26 industrirörelser;
847 969 66 20 andra
929 971 42 18 rät-

148 997 94 27 tigheter
265 997 47 20 äter
331 1004 50 14 voro
397 997 47 21 dem
460 997 128 28 obetingadt
604 997 133 26 tillerkända,
753 997 38 21 och
808 997 6 20 i
830 997 40 20 den
887 997 23 20 af
924 997 48 21 herr

149 1025 96 28 Pipping
268 1025 100 28 upplästa
391 1026 125 27 paragrafen
546 1026 129 20 förbehäller
700 1026 33 27 sig
755 1025 94 28 Konglig
869 1025 103 28 Majestät

149 1056 57 18 ännu
228 1056 32 19 att
276 1054 21 21 få
313 1054 73 21 vidare
402 1054 110 21 utsträcka
529 1055 114 20 tillätelsen
660 1054 33 21 för
709 1054 79 21 sädane
802 1053 71 28 judar,
888 1054 84 21 hvilkas

148 1083 124 27 inflyttning
295 1082 30 21 till
349 1083 55 20 riket
427 1083 71 20 kunde
522 1083 97 20 medföra
635 1083 65 26 nägot
720 1082 101 21 särskildt
841 1089 63 20 gagn,
921 1083 51 20 eller

148 1111 73 20 hvilka
240 1111 30 20 dit
287 1111 83 20 införde
386 1111 181 28 slöjdkunnighet,
584 1118 45 14 som
646 1117 51 14 vore
713 1111 22 20 af
748 1113 68 25 nyttä.
848 1111 43 20 Det
907 1112 22 19 är
945 1118 26 13 en

150 1140 43 20 helt
216 1146 70 14 annan
309 1139 133 28 författning,
465 1140 27 27 pä
516 1139 86 21 hvilken
621 1139 100 21 förbudet
739 1139 32 20 för
787 1139 92 28 judarne
895 1141 32 19 att
942 1139 30 21 in-

149 1168 85 20 komma
249 1168 7 20 i
272 1168 72 20 landet
355 1167 73 21 stöder
438 1169 38 26 sig,
486 1168 36 21 det
536 1169 23 19 är
568 1168 72 27 kongl.
650 1168 83 21 brefvet
742 1167 21 21 af
774 1168 39 20 den
826 1168 26 20 25
865 1167 104 21 Novemb.

151 1196 60 26 1806,
232 1203 45 13 som
294 1197 23 19 är
333 1196 158 27 promulgeradt
508 1196 22 20 af
544 1196 236 27 kommersekollegium
797 1196 29 20 uti
844 1196 128 26 kungörelse

149 1224 23 21 af
185 1225 41 20 den
243 1225 26 21 19
281 1224 131 28 derpäföljde
424 1224 127 21 December.
570 1224 77 21 Denna
658 1224 131 28 författning,
801 1224 86 21 hvilken
895 1224 80 21 Gustaf

149 1253 67 21 Adolf
231 1253 111 21 utfärdade
358 1254 28 27 pä
401 1253 157 21 administrativ
573 1255 48 26 väg,
630 1256 50 18 utan
693 1255 32 19 att
735 1253 84 21 landets
830 1252 87 21 ständer
925 1253 48 20 der-

149 1281 48 21 med
220 1281 55 21 hade
296 1283 65 26 nägot
384 1284 32 18 att
431 1282 75 27 skaffa,
526 1282 41 21 och
582 1282 37 21 det
634 1283 27 26 pä
677 1281 68 28 grund
761 1282 22 20 af
798 1282 53 21 1779
868 1281 34 21 &rs
918 1281 54 21 före-

150 1311 70 26 nings-
238 1310 39 20 och
293 1310 158 26 säkerhetsakt,
472 1310 118 21 innehäller
606 1310 134 28 kategoriskt
755 1312 32 19 att
803 1309 110 28 ,Kunglig
930 1310 42 20 Ma-

147 1339 67 27 jestät
230 1338 104 21 förklarat
350 1341 32 18 att
395 1339 64 27 judar
475 1339 54 20 skall
541 1338 126 22 hädanefter
678 1345 51 14 vara
739 1338 110 27 förbjudet
859 1338 114 21 att
898 1334 10 37 i
916 1338 57 21 riket

148 1367 130 21 inkomma".
309 1367 43 21 Det
374 1369 23 18 är
420 1367 26 27 pä
464 1367 68 28 grund
550 1367 23 20 af
585 1367 70 21 denna
670 1367 134 27 författning.
821 1373 45 14 som
882 1366 37 21 det
934 1367 39 20 hos

149 1403 35 13 oss
200 1397 23 19 är
239 1395 64 28 judar
322 1395 109 28 förbjudet
450 1398 32 18 att
498 1396 66 19 vistas
579 1396 7 20 i
602 1396 79 25 landet,
697 1402 47 14 men
761 1395 48 21 icke
825 1395 27 28 pä
867 1395 69 27 grund
952 1395 23 21 af

149 1424 37 20 det
201 1424 23 20 af
238 1424 106 21 utskottet
362 1424 39 21 och
419 1424 143 27 petitionären
577 1424 122 27 åberopade
716 1425 54 20 1782
783 1424 34 20 års
833 1423 140 28 reglemente.

149 1452 42 27 Jag
206 1459 64 14 anser
285 1453 27 26 pä
328 1453 26 20 de
371 1453 53 25 skäl,
440 1459 44 14 som
502 1453 23 20 af
542 1453 107 27 ätskillige
666 1452 66 21 talare
747 1452 70 21 blifvit
833 1452 140 26 framställda,

149 1481 36 20 det
200 1481 50 20 icke
271 1487 50 14 vara
337 1481 123 25 önskvärdt,
477 1482 32 19 att
522 1480 93 28 judarne
630 1481 7 20 i
653 1480 114 21 allmänhet
783 1481 34 20 mä
833 1480 140 20 tillerkännas

148 1508 43 21 alla
212 1508 172 28 medborgerliga
407 1509 134 27 rättigheter,
563 1516 44 14 som
628 1508 112 22 inhemske
755 1510 50 19 män
821 1508 70 21 hafva.
922 1508 51 21 Man
