1142 1786
214 112 43 21 410
521 115 39 15 Den
574 115 19 15 11
608 115 57 20 April.

185 171 65 26 göres
273 170 28 27 på
321 177 25 13 en
363 170 83 21 enskild
463 170 131 27 gasledning,
611 171 96 20 inträffar
723 172 36 20 det
775 171 106 28 nemligen
898 172 47 20 icke
961 172 49 21 alle-

186 200 48 18 nast
250 200 33 18 att
299 198 218 27 upplysningsverket
532 199 117 27 afstannur,
667 202 50 18 utan
734 200 44 20 ofta
794 200 62 20 äfven
866 201 143 26 explosioner,

186 227 95 20 särdeles
298 227 77 27 farliga
391 227 58 21 såväl
464 227 33 20 för
513 228 144 27 inrättningen
674 228 5 20 i
696 229 49 20 dess
762 228 77 25 helhet,
856 235 45 14 som
914 229 32 20 för
964 230 46 19 hela

186 255 161 27 omgifningen
342 251 10 37 ;
361 256 38 20 och
416 263 63 14 anser
492 256 38 27 jag
546 257 27 26 på
589 257 70 20 denna
675 257 75 27 grund,
762 259 31 18 att
805 257 118 20 utskottets
934 258 75 20 redak-

185 283 45 20 tion
247 283 46 20 häri
310 283 66 21 borde
392 284 124 21 bibehållas.
547 284 41 21 För
605 285 64 27 öfrigt
687 285 37 20 ber
737 286 38 26 jag
791 288 32 17 att
837 285 22 21 få
871 286 138 27 understödja

186 312 40 20 den
250 312 62 27 åsigt,
331 319 45 13 som
393 312 101 21 herrarne
511 313 147 27 Montgemery
675 314 40 20 och
731 313 117 21 Edelsköld
865 314 76 21 uttalat
957 315 6 19 i
979 314 30 20 af-

185 340 79 20 seende
280 341 13 20 å
309 340 122 22 erhållande
447 341 23 21 af
483 342 137 20 konformitet
637 342 48 20 med
701 342 70 27 öfriga
787 342 222 28 straffbestämningar

186 369 29 20 uti
232 370 39 19 vår
286 369 41 27 lag.

255 397 59 21 Herr
329 397 193 29 Montgomery:
538 398 42 28 Jag
596 399 68 21 skulle
682 400 86 27 tillägga
783 399 32 21 till
831 399 55 21 hvad
903 400 47 20 herr
967 406 39 14 von

186 425 57 21 Troil
260 426 72 20 anfört
348 428 45 19 mot
408 427 90 21 friherre
514 434 40 14 von
571 427 69 21 Borns
656 428 103 27 yrkande,
776 430 31 18 att
816 428 36 20 det
869 428 65 21 borde
945 430 63 25 göras

186 454 83 21 skilnad
287 455 90 20 emellan
394 455 149 28 inrättningar,
560 462 45 14 som
621 458 36 18 äro
669 456 33 20 för
711 456 94 21 enskildt
814 456 52 21 eller
875 457 86 20 allmänt
975 457 33 19 be-

186 482 43 26 hof,
256 485 32 19 att
318 483 64 21 sådan
411 484 83 20 skilnad
521 484 34 21 vid
581 485 252 27 straffbestämningarne
859 485 67 27 enligt
949 486 59 20 detta

186 512 118 26 lagförslag
321 513 39 19 kan
377 512 115 28 iakttagas,
508 512 89 21 emedan
614 513 25 21 de
656 514 103 20 innefatta
776 520 26 14 en
818 514 24 20 så
857 513 95 28 betydlig
961 514 46 20 lati-

185 540 45 20 tud.
261 540 44 20 Det
322 542 66 19 måste
405 541 113 27 erkännas,
534 544 32 18 att
585 548 26 14 en
627 542 73 25 skada,
717 542 96 28 tillfogad
831 542 77 21 allmän
925 542 82 28 gasled-

185 569 57 27 ning,
260 569 38 20 bör
315 569 85 21 straffas
417 570 89 21 hårdare
528 572 25 19 än
570 577 33 14 om
620 571 40 20 den
677 571 94 27 tillfogas
780 571 90 26 enskild,
880 578 48 13 men
938 571 69 20 dertill

185 597 81 20 lemnas
283 600 106 25 utrymme
405 605 76 20 genom
498 598 25 20 de
540 599 4 19 i
564 599 77 27 nådiga
657 599 160 27 propositionen
834 599 39 21 och
889 600 118 26 lagutskot-

185 627 43 19 tets
244 626 138 21 betänkande
397 626 122 28 föreslagna
535 627 256 28 straffbestämningarne.

254 654 58 20 Herr
336 662 40 13 von
398 654 123 22 Hellens:
538 656 46 20 Den
602 656 22 20 af
637 656 91 20 friherre
744 663 41 13 von
802 656 58 20 Born
876 656 132 21 framställda

184 683 143 27 anmärkning
343 685 44 19 mot
402 684 153 27 lagutskottets
572 684 135 21 betänkande
723 685 40 20 och
779 685 67 20 första
857 685 12 27 $
881 685 62 21 deraf
953 684 54 22 hade

182 711 39 27 jag
236 712 55 20 varit
308 712 75 20 sinnad
396 714 32 18 att
446 712 84 21 bemöta
546 713 47 20 med
610 713 90 27 ungefär
716 720 81 14 samma
813 714 53 26 skäl,
881 720 44 14 som
943 713 63 21 redan

184 740 23 20 af
221 740 103 21 herrarne
345 747 42 14 von
408 740 58 21 Troil
485 741 38 21 och
540 741 150 28 Montgomery
707 742 69 20 blifvit
791 742 96 26 anförda,
903 742 40 21 och
959 742 47 20 dem

182 769 39 27 jag
237 776 63 13 anser
316 776 50 13 vara
382 769 48 21 fullt
449 770 206 27 tillfyllestgörande.
687 771 40 19 Att
743 770 35 21 det
793 772 24 18 är
833 771 86 27 mycket
935 771 71 20 latitu-

185 798 74 20 dinära
277 798 167 27 bestämningar,
463 799 69 20 säsom
549 798 48 21 herr
612 798 152 28 Montgomery
780 801 67 25 yttrat
863 799 38 27 sig,
918 799 44 21 frän
980 800 27 20 50

184 826 61 21 mark
262 826 31 20 till
309 828 31 18 ett
356 827 34 19 års
406 826 103 28 fängelse,
526 827 81 20 således
624 827 113 21 lemnande
754 827 82 21 tillfälle
852 828 30 20 till
898 828 26 20 all
935 828 72 28 möjlig

184 855 96 24 rättvisa,
297 855 36 20 vill
349 855 63 20 äfven
426 856 38 27 jag
475 855 116 21 framhålla.
621 855 139 21 Beträffande
777 856 25 20 de
818 856 23 20 af
855 856 104 21 särskilde
976 859 30 18 ta-

184 884 44 19 lare
244 884 76 26 gjorda
336 884 172 27 anmärkningar,
524 887 32 17 att
571 884 59 20 detta
646 884 115 27 lagförslag
775 885 47 20 icke
832 885 99 27 upptagit
942 886 65 26 nägra

184 911 223 28 straffbestämningar
430 912 32 20 för
485 913 35 19 det
536 912 41 23 fall,
597 914 31 19 att
647 913 70 20 döden
737 913 68 20 skulle
821 920 76 20 genom
914 913 66 20 skada
995 913 12 20 &

184 947 47 20 gas-
255 940 40 21 och
312 940 162 28 vattenledning
496 941 63 20 hafva
578 941 137 27 tillskyndats
731 942 69 26 nägon
818 948 85 19 person,
920 942 36 20 ber
970 942 37 27 jag

184 971 32 18 att
239 969 22 20 få
284 969 119 20 äterhemtu
427 969 54 20 hvad
502 969 4 20 i
523 969 116 20 utskottets
657 969 135 21 betänkande
809 970 73 20 derom
899 972 22 19 är
937 971 70 26 sagdt,

184 997 52 21 eller
251 999 32 18 att
299 997 36 20 det
351 999 23 18 är
390 997 82 21 mindre
486 997 96 28 lämpligt
596 1000 32 18 att
644 998 5 20 i
666 1005 25 14 en
708 998 215 27 fridlysningsstadga
939 999 68 20 införa

184 1026 73 27 dylika
281 1026 167 27 bestämningar,
472 1028 32 19 att
527 1027 19 20 vi
563 1026 63 21 hafva
642 1033 26 14 en
685 1027 76 20 allmän
779 1027 34 26 lag
829 1027 32 20 för
877 1027 72 27 dylika
964 1027 43 20 för-

183 1054 121 26 hällanden,
321 1054 89 21 daterad
424 1054 40 21 den
481 1055 26 20 26
523 1055 123 20 November
664 1055 59 26 1866,
741 1055 39 21 och
796 1058 32 18 att
844 1063 48 13 man
909 1055 46 21 deri
971 1063 36 13 en-

184 1083 38 27 ligt
245 1083 119 20 utskottets
387 1083 143 26 betänkande,
546 1083 38 21 bör
600 1084 53 20 söka
669 1083 62 21 straff
745 1084 32 20 för
793 1084 80 20 sädana
890 1084 57 21 brott
963 1088 44 17 mot

181 1119 85 20 person,
282 1119 46 13 som
351 1111 70 21 blifvit
436 1119 76 20 genom
532 1111 67 22 skada
615 1113 10 19 ä
640 1119 38 20 gas
694 1112 53 21 eller
762 1112 163 28 vattenledning
939 1113 67 20 föror-

184 1140 86 21 sakade.
303 1140 76 21 Dertill
396 1141 68 20 skulle
486 1141 38 27 jag
543 1142 56 19 ännu
619 1141 50 27 vilja
685 1141 95 27 tillägga,
796 1143 32 18 att
844 1141 69 20 denna
929 1141 78 27 nädiga

184 1169 125 27 förordning
332 1169 22 20 af
370 1169 53 21 1866
439 1169 47 21 icke
502 1169 54 27 egde
573 1169 134 27 tillämpning
723 1170 39 20 och
778 1169 47 21 icke
842 1170 121 24 utkommit,
980 1170 27 20 dä

183 1197 231 28 fridlysningsstadgan
430 1198 33 20 för
476 1198 115 26 jernvägar
607 1197 40 21 och
663 1198 88 20 kanaler
759 1198 131 26 utfärdades,
901 1198 39 20 och
952 1198 54 20 säle-

183 1226 38 20 des
244 1226 47 21 icke
308 1225 71 21 kundo
394 1226 7 21 i
417 1226 48 21 dem
481 1226 111 28 åberopas,
609 1228 50 19 utan
675 1226 69 21 måste
760 1226 83 21 således
857 1226 149 28 fridlysnings-

183 1254 89 27 stadgan
297 1256 95 25 upptaga
414 1255 74 20 härom
504 1254 104 21 särskilda
622 1254 168 29 bestämningar.
822 1255 115 20 Dessutom
954 1262 52 21 upp-

183 1283 78 20 räknas
285 1283 145 27 uttryckligen
453 1283 6 20 i
482 1283 109 27 ingressen
617 1283 30 20 till
671 1290 81 14 samma
775 1283 124 27 förordning
915 1283 22 21 af
953 1285 54 20 1866

184 1311 71 20 hvilka
271 1311 89 27 lagrum,
376 1318 46 14 som
438 1313 38 19 äro
494 1311 100 27 ändrade,
611 1311 48 21 med
675 1312 80 27 tillägg:
765 1312 124 25 ,äfvensom
899 1312 48 21 med
956 1312 51 21 änd-

183 1340 47 27 ring
253 1340 22 20 af
297 1340 26 20 de
346 1339 6 20 i
368 1340 24 20 51
410 1341 12 26 8
439 1340 23 21 af
476 1341 193 26 regeringsformen
686 1340 39 21 den
743 1341 24 20 21
785 1341 95 26 Augusti
897 1341 54 20 1772
967 1341 39 21 och

182 1368 34 20 för
231 1369 65 26 öfrigt
312 1369 6 19 i
334 1368 34 27 lag
384 1369 52 20 eller
452 1369 92 20 särkilda
560 1369 153 26 författningar
728 1369 33 20 för
777 1369 65 25 brott,
858 1376 45 13 som
920 1369 5 20 i
937 1369 70 21 denna

182 1397 126 27 förordning
323 1397 143 26 omförmälas,
482 1400 79 18 utsatta
573 1397 223 21 straffbestämmelser
805 1397 77 21 varder
893 1398 114 27 stadgadt'*

183 1432 18 13 o.
218 1432 16 13 s.
253 1432 17 13 v.
303 1425 47 20 Den
367 1425 52 21 skall
436 1426 82 21 således
535 1427 45 20 från
597 1427 22 20 år
637 1426 54 21 1870
707 1426 52 21 eller
775 1426 41 20 den
826 1426 37 25 tid,
875 1426 27 20 dä
913 1426 40 20 den
966 1427 43 20 blef

182 1453 104 28 gällande,
304 1453 106 28 tillämpas
426 1455 13 20 &
454 1454 41 21 alla
510 1454 153 21 förhållanden.
688 1455 39 20 Att
737 1461 47 14 man
794 1455 65 20 också
868 1455 48 20 icke
925 1454 82 27 fåfängt

182 1483 5 19 i
204 1482 71 20 denna
298 1482 124 28 förordning
438 1483 22 19 af
479 1483 53 20 1866
548 1483 53 20 skall
618 1483 53 20 söka
687 1483 224 27 straffbestämningar
927 1483 32 20 för
975 1485 32 19 sä-

182 1510 55 20 dana
260 1510 43 25 fall,
327 1510 38 20 har
381 1510 23 20 af
418 1510 50 21 herr
484 1510 149 28 Montgomery
649 1512 130 26 medgitvits,
797 1512 38 20 och
853 1513 44 19 tror
910 1511 38 27 jag
964 1512 43 27 mig
