<?xml version="1.0" encoding="UTF-8"?>
<alto xmlns="http://www.loc.gov/standards/alto/ns-v3#" xmlns:xlink="http://www.w3.org/1999/xlink" xmlns:xsi="http://www.w3.org/2001/XMLSchema-instance" xsi:schemaLocation="http://www.loc.gov/standards/alto/ns-v3# http://www.loc.gov/alto/v3/alto-3-0.xsd">
	<Description>
		<MeasurementUnit>pixel</MeasurementUnit>
		<sourceImageInformation>
			<fileName>/tmp/tess_c5uzwxt3_input.PNG</fileName>
		</sourceImageInformation>
		<OCRProcessing ID="OCR_0">
			<ocrProcessingStep>
				<processingSoftware>
					<softwareName>tesseract 5.3.4</softwareName>
				</processingSoftware>
			</ocrProcessingStep>
		</OCRProcessing>
	</Description>
	<Layout>
		<Page WIDTH="1142" HEIGHT="1786" PHYSICAL_IMG_NR="0" ID="page_0">
			<PrintSpace HPOS="0" VPOS="0" WIDTH="1142" HEIGHT="1786">
				<ComposedBlock ID="cblock_0" HPOS="226" VPOS="135" WIDTH="476" HEIGHT="20">
					<TextBlock ID="block_0" HPOS="226" VPOS="135" WIDTH="476" HEIGHT="20">
						<TextLine ID="line_0" HPOS="226" VPOS="135" WIDTH="476" HEIGHT="20">
							<String ID="string_0" HPOS="226" VPOS="136" WIDTH="28" HEIGHT="19" WC="0.96" CONTENT="20"/><SP WIDTH="269" VPOS="136" HPOS="254"/>
							<String ID="string_1" HPOS="523" VPOS="135" WIDTH="38" HEIGHT="15" WC="0.96" CONTENT="Den"/><SP WIDTH="14" VPOS="135" HPOS="561"/>
							<String ID="string_2" HPOS="575" VPOS="135" WIDTH="20" HEIGHT="16" WC="0.96" CONTENT="10"/><SP WIDTH="13" VPOS="135" HPOS="595"/>
							<String ID="string_3" HPOS="608" VPOS="135" WIDTH="94" HEIGHT="14" WC="0.95" CONTENT="Februari."/>
						</TextLine>
					</TextBlock>
				</ComposedBlock>
				<ComposedBlock ID="cblock_1" HPOS="197" VPOS="189" WIDTH="828" HEIGHT="171">
					<TextBlock ID="block_1" HPOS="197" VPOS="189" WIDTH="828" HEIGHT="113">
						<TextLine ID="line_1" HPOS="197" VPOS="189" WIDTH="827" HEIGHT="29">
							<String ID="string_4" HPOS="197" VPOS="191" WIDTH="73" HEIGHT="27" WC="0.96" CONTENT="tidigt,"/><SP WIDTH="21" VPOS="191" HPOS="270"/>
							<String ID="string_5" HPOS="291" VPOS="190" WIDTH="83" HEIGHT="21" WC="0.93" CONTENT="hvilket"/><SP WIDTH="20" VPOS="190" HPOS="374"/>
							<String ID="string_6" HPOS="394" VPOS="190" WIDTH="70" HEIGHT="20" WC="0.92" CONTENT="blefve"/><SP WIDTH="20" VPOS="190" HPOS="464"/>
							<String ID="string_7" HPOS="484" VPOS="190" WIDTH="97" HEIGHT="27" WC="0.95" CONTENT="omöjligt"/><SP WIDTH="19" VPOS="190" HPOS="581"/>
							<String ID="string_8" HPOS="600" VPOS="197" WIDTH="33" HEIGHT="13" WC="0.96" CONTENT="om"/><SP WIDTH="17" VPOS="197" HPOS="633"/>
							<String ID="string_9" HPOS="650" VPOS="197" WIDTH="82" HEIGHT="13" WC="0.96" CONTENT="samma"/><SP WIDTH="17" VPOS="197" HPOS="732"/>
							<String ID="string_10" HPOS="749" VPOS="197" WIDTH="76" HEIGHT="20" WC="0.95" CONTENT="person"/><SP WIDTH="17" VPOS="197" HPOS="825"/>
							<String ID="string_11" HPOS="842" VPOS="197" WIDTH="51" HEIGHT="13" WC="0.95" CONTENT="vore"/><SP WIDTH="17" VPOS="197" HPOS="893"/>
							<String ID="string_12" HPOS="910" VPOS="189" WIDTH="93" HEIGHT="20" WC="0.96" CONTENT="ledamot"/><SP WIDTH="17" VPOS="189" HPOS="1003"/>
							<String ID="string_13" HPOS="1020" VPOS="190" WIDTH="4" HEIGHT="19" WC="0.96" CONTENT="i"/>
						</TextLine>
						<TextLine ID="line_2" HPOS="197" VPOS="217" WIDTH="828" HEIGHT="27">
							<String ID="string_14" HPOS="197" VPOS="222" WIDTH="82" HEIGHT="18" WC="0.92" CONTENT="tvenne"/><SP WIDTH="14" VPOS="222" HPOS="279"/>
							<String ID="string_15" HPOS="293" VPOS="219" WIDTH="92" HEIGHT="25" WC="0.90" CONTENT="&#39;utskott,"/><SP WIDTH="17" VPOS="219" HPOS="385"/>
							<String ID="string_16" HPOS="402" VPOS="218" WIDTH="126" HEIGHT="21" WC="0.90" CONTENT="hemställde"/><SP WIDTH="16" VPOS="218" HPOS="528"/>
							<String ID="string_17" HPOS="544" VPOS="218" WIDTH="103" HEIGHT="21" WC="0.96" CONTENT="friherren"/><SP WIDTH="17" VPOS="218" HPOS="647"/>
							<String ID="string_18" HPOS="664" VPOS="225" WIDTH="34" HEIGHT="13" WC="0.96" CONTENT="om"/><SP WIDTH="16" VPOS="225" HPOS="698"/>
							<String ID="string_19" HPOS="714" VPOS="218" WIDTH="49" HEIGHT="20" WC="0.96" CONTENT="icke"/><SP WIDTH="16" VPOS="218" HPOS="763"/>
							<String ID="string_20" HPOS="779" VPOS="218" WIDTH="85" HEIGHT="20" WC="0.95" CONTENT="ståndet"/><SP WIDTH="16" VPOS="218" HPOS="864"/>
							<String ID="string_21" HPOS="880" VPOS="217" WIDTH="47" HEIGHT="21" WC="0.93" CONTENT="ville"/><SP WIDTH="15" VPOS="217" HPOS="927"/>
							<String ID="string_22" HPOS="942" VPOS="217" WIDTH="83" HEIGHT="21" WC="0.91" CONTENT="frikalla"/>
						</TextLine>
						<TextLine ID="line_3" HPOS="197" VPOS="246" WIDTH="827" HEIGHT="28">
							<String ID="string_23" HPOS="197" VPOS="248" WIDTH="80" HEIGHT="20" WC="0.96" CONTENT="honom"/><SP WIDTH="15" VPOS="248" HPOS="277"/>
							<String ID="string_24" HPOS="292" VPOS="247" WIDTH="48" HEIGHT="20" WC="0.96" CONTENT="från"/><SP WIDTH="16" VPOS="247" HPOS="340"/>
							<String ID="string_25" HPOS="356" VPOS="246" WIDTH="117" HEIGHT="28" WC="0.96" CONTENT="någotdera"/><SP WIDTH="16" VPOS="246" HPOS="473"/>
							<String ID="string_26" HPOS="489" VPOS="247" WIDTH="23" HEIGHT="20" WC="0.93" CONTENT="af"/><SP WIDTH="13" VPOS="247" HPOS="512"/>
							<String ID="string_27" HPOS="525" VPOS="246" WIDTH="158" HEIGHT="21" WC="0.92" CONTENT="ofvanberörda"/><SP WIDTH="14" VPOS="246" HPOS="683"/>
							<String ID="string_28" HPOS="697" VPOS="246" WIDTH="105" HEIGHT="27" WC="0.93" CONTENT="uppdrag,"/><SP WIDTH="20" VPOS="246" HPOS="802"/>
							<String ID="string_29" HPOS="822" VPOS="246" WIDTH="133" HEIGHT="21" WC="0.92" CONTENT="hvilketdera"/><SP WIDTH="12" VPOS="246" HPOS="955"/>
							<String ID="string_30" HPOS="967" VPOS="247" WIDTH="57" HEIGHT="19" WC="0.92" CONTENT="stän-"/>
						</TextLine>
						<TextLine ID="line_4" HPOS="198" VPOS="275" WIDTH="515" HEIGHT="27">
							<String ID="string_31" HPOS="198" VPOS="276" WIDTH="36" HEIGHT="21" WC="0.96" CONTENT="det"/><SP WIDTH="17" VPOS="276" HPOS="234"/>
							<String ID="string_32" HPOS="251" VPOS="275" WIDTH="52" HEIGHT="21" WC="0.93" CONTENT="eller"/><SP WIDTH="16" VPOS="275" HPOS="303"/>
							<String ID="string_33" HPOS="319" VPOS="275" WIDTH="125" HEIGHT="20" WC="0.92" CONTENT="valmännen"/><SP WIDTH="17" VPOS="275" HPOS="444"/>
							<String ID="string_34" HPOS="461" VPOS="275" WIDTH="110" HEIGHT="27" WC="0.92" CONTENT="behagade"/><SP WIDTH="17" VPOS="275" HPOS="571"/>
							<String ID="string_35" HPOS="588" VPOS="275" WIDTH="125" HEIGHT="20" WC="0.96" CONTENT="bestämma."/>
						</TextLine>
					</TextBlock>
					<TextBlock ID="block_2" HPOS="198" VPOS="302" WIDTH="826" HEIGHT="58">
						<TextLine ID="line_5" HPOS="268" VPOS="302" WIDTH="756" HEIGHT="28">
							<String ID="string_36" HPOS="268" VPOS="303" WIDTH="58" HEIGHT="21" WC="0.93" CONTENT="Herr"/><SP WIDTH="15" VPOS="303" HPOS="326"/>
							<String ID="string_37" HPOS="341" VPOS="303" WIDTH="208" HEIGHT="21" WC="0.91" CONTENT="landtmarskalkens"/><SP WIDTH="15" VPOS="303" HPOS="549"/>
							<String ID="string_38" HPOS="564" VPOS="302" WIDTH="60" HEIGHT="28" WC="0.96" CONTENT="fråga"/><SP WIDTH="15" VPOS="302" HPOS="624"/>
							<String ID="string_39" HPOS="639" VPOS="310" WIDTH="34" HEIGHT="13" WC="0.95" CONTENT="om"/><SP WIDTH="16" VPOS="310" HPOS="673"/>
							<String ID="string_40" HPOS="689" VPOS="302" WIDTH="88" HEIGHT="21" WC="0.95" CONTENT="ståndet"/><SP WIDTH="14" VPOS="302" HPOS="777"/>
							<String ID="string_41" HPOS="791" VPOS="303" WIDTH="48" HEIGHT="20" WC="0.96" CONTENT="ville"/><SP WIDTH="13" VPOS="303" HPOS="839"/>
							<String ID="string_42" HPOS="852" VPOS="303" WIDTH="71" HEIGHT="20" WC="0.96" CONTENT="bifalla"/><SP WIDTH="11" VPOS="303" HPOS="923"/>
							<String ID="string_43" HPOS="934" VPOS="302" WIDTH="90" HEIGHT="21" WC="0.95" CONTENT="friherre"/>
						</TextLine>
						<TextLine ID="line_6" HPOS="198" VPOS="331" WIDTH="623" HEIGHT="29">
							<String ID="string_44" HPOS="198" VPOS="332" WIDTH="76" HEIGHT="28" WC="0.91" CONTENT="Boijes"/><SP WIDTH="16" VPOS="332" HPOS="274"/>
							<String ID="string_45" HPOS="290" VPOS="332" WIDTH="99" HEIGHT="20" WC="0.96" CONTENT="anhållan"/><SP WIDTH="17" VPOS="332" HPOS="389"/>
							<String ID="string_46" HPOS="406" VPOS="331" WIDTH="130" HEIGHT="21" WC="0.96" CONTENT="besvarades"/><SP WIDTH="17" VPOS="331" HPOS="536"/>
							<String ID="string_47" HPOS="553" VPOS="331" WIDTH="48" HEIGHT="21" WC="0.93" CONTENT="med"/><SP WIDTH="17" VPOS="331" HPOS="601"/>
							<String ID="string_48" HPOS="618" VPOS="331" WIDTH="159" HEIGHT="26" WC="0.90" CONTENT="öfvervägande"/><SP WIDTH="14" VPOS="331" HPOS="777"/>
							<String ID="string_49" HPOS="791" VPOS="332" WIDTH="30" HEIGHT="26" WC="0.96" CONTENT="ja."/>
						</TextLine>
					</TextBlock>
				</ComposedBlock>
				<ComposedBlock ID="cblock_2" HPOS="197" VPOS="387" WIDTH="826" HEIGHT="198">
					<TextBlock ID="block_3" HPOS="197" VPOS="387" WIDTH="826" HEIGHT="198">
						<TextLine ID="line_7" HPOS="268" VPOS="387" WIDTH="754" HEIGHT="27">
							<String ID="string_50" HPOS="268" VPOS="388" WIDTH="101" HEIGHT="20" WC="0.95" CONTENT="Friherre"/><SP WIDTH="16" VPOS="388" HPOS="369"/>
							<String ID="string_51" HPOS="385" VPOS="395" WIDTH="41" HEIGHT="13" WC="0.96" CONTENT="von"/><SP WIDTH="16" VPOS="395" HPOS="426"/>
							<String ID="string_52" HPOS="442" VPOS="388" WIDTH="58" HEIGHT="20" WC="0.96" CONTENT="Troil"/><SP WIDTH="16" VPOS="388" HPOS="500"/>
							<String ID="string_53" HPOS="516" VPOS="388" WIDTH="70" HEIGHT="20" WC="0.93" CONTENT="anhöll"/><SP WIDTH="16" VPOS="388" HPOS="586"/>
							<String ID="string_54" HPOS="602" VPOS="388" WIDTH="60" HEIGHT="26" WC="0.91" CONTENT="härå,"/><SP WIDTH="16" VPOS="388" HPOS="662"/>
							<String ID="string_55" HPOS="678" VPOS="390" WIDTH="31" HEIGHT="18" WC="0.96" CONTENT="att"/><SP WIDTH="16" VPOS="390" HPOS="709"/>
							<String ID="string_56" HPOS="725" VPOS="388" WIDTH="63" HEIGHT="21" WC="0.96" CONTENT="äfven"/><SP WIDTH="17" VPOS="388" HPOS="788"/>
							<String ID="string_57" HPOS="805" VPOS="388" WIDTH="51" HEIGHT="26" WC="0.95" CONTENT="han,"/><SP WIDTH="17" VPOS="388" HPOS="856"/>
							<String ID="string_58" HPOS="873" VPOS="395" WIDTH="44" HEIGHT="13" WC="0.96" CONTENT="som"/><SP WIDTH="17" VPOS="395" HPOS="917"/>
							<String ID="string_59" HPOS="934" VPOS="387" WIDTH="35" HEIGHT="21" WC="0.93" CONTENT="vid"/><SP WIDTH="10" VPOS="387" HPOS="969"/>
							<String ID="string_60" HPOS="979" VPOS="395" WIDTH="43" HEIGHT="13" WC="0.92" CONTENT="om-"/>
						</TextLine>
						<TextLine ID="line_8" HPOS="197" VPOS="416" WIDTH="826" HEIGHT="28">
							<String ID="string_61" HPOS="197" VPOS="416" WIDTH="107" HEIGHT="22" WC="0.92" CONTENT="förmälde"/><SP WIDTH="22" VPOS="416" HPOS="304"/>
							<String ID="string_62" HPOS="326" VPOS="416" WIDTH="32" HEIGHT="21" WC="0.96" CONTENT="val"/><SP WIDTH="22" VPOS="416" HPOS="358"/>
							<String ID="string_63" HPOS="380" VPOS="416" WIDTH="70" HEIGHT="21" WC="0.96" CONTENT="blifvit"/><SP WIDTH="15" VPOS="416" HPOS="450"/>
							<String ID="string_64" HPOS="465" VPOS="416" WIDTH="149" HEIGHT="27" WC="0.96" CONTENT="ihågkommen"/><SP WIDTH="17" VPOS="416" HPOS="614"/>
							<String ID="string_65" HPOS="631" VPOS="416" WIDTH="49" HEIGHT="21" WC="0.96" CONTENT="med"/><SP WIDTH="15" VPOS="416" HPOS="680"/>
							<String ID="string_66" HPOS="695" VPOS="419" WIDTH="80" HEIGHT="18" WC="0.96" CONTENT="tvenne"/><SP WIDTH="20" VPOS="419" HPOS="775"/>
							<String ID="string_67" HPOS="795" VPOS="417" WIDTH="103" HEIGHT="27" WC="0.93" CONTENT="uppdrag,"/><SP WIDTH="20" VPOS="417" HPOS="898"/>
							<String ID="string_68" HPOS="918" VPOS="416" WIDTH="105" HEIGHT="27" WC="0.92" CONTENT="nemligen"/>
						</TextLine>
						<TextLine ID="line_9" HPOS="198" VPOS="444" WIDTH="825" HEIGHT="28">
							<String ID="string_69" HPOS="198" VPOS="447" WIDTH="32" HEIGHT="19" WC="0.96" CONTENT="att"/><SP WIDTH="17" VPOS="447" HPOS="230"/>
							<String ID="string_70" HPOS="247" VPOS="452" WIDTH="52" HEIGHT="13" WC="0.96" CONTENT="vara"/><SP WIDTH="15" VPOS="452" HPOS="299"/>
							<String ID="string_71" HPOS="314" VPOS="445" WIDTH="94" HEIGHT="20" WC="0.96" CONTENT="ledamot"/><SP WIDTH="16" VPOS="445" HPOS="408"/>
							<String ID="string_72" HPOS="424" VPOS="445" WIDTH="6" HEIGHT="19" WC="0.96" CONTENT="i"/><SP WIDTH="16" VPOS="445" HPOS="430"/>
							<String ID="string_73" HPOS="446" VPOS="445" WIDTH="162" HEIGHT="20" WC="0.96" CONTENT="statsutskottet"/><SP WIDTH="16" VPOS="445" HPOS="608"/>
							<String ID="string_74" HPOS="624" VPOS="445" WIDTH="39" HEIGHT="20" WC="0.96" CONTENT="och"/><SP WIDTH="17" VPOS="445" HPOS="663"/>
							<String ID="string_75" HPOS="680" VPOS="445" WIDTH="113" HEIGHT="27" WC="0.96" CONTENT="suppleant"/><SP WIDTH="17" VPOS="445" HPOS="793"/>
							<String ID="string_76" HPOS="810" VPOS="446" WIDTH="5" HEIGHT="19" WC="0.93" CONTENT="i"/><SP WIDTH="12" VPOS="446" HPOS="815"/>
							<String ID="string_77" HPOS="827" VPOS="444" WIDTH="196" HEIGHT="21" WC="0.88" CONTENT="ckonomicutskot-"/>
						</TextLine>
						<TextLine ID="line_10" HPOS="199" VPOS="472" WIDTH="824" HEIGHT="28">
							<String ID="string_78" HPOS="199" VPOS="476" WIDTH="41" HEIGHT="24" WC="0.96" CONTENT="tet,"/><SP WIDTH="17" VPOS="476" HPOS="240"/>
							<String ID="string_79" HPOS="257" VPOS="474" WIDTH="67" HEIGHT="20" WC="0.96" CONTENT="måtte"/><SP WIDTH="16" VPOS="474" HPOS="324"/>
							<String ID="string_80" HPOS="340" VPOS="473" WIDTH="80" HEIGHT="21" WC="0.92" CONTENT="tillåtas"/><SP WIDTH="16" VPOS="473" HPOS="420"/>
							<String ID="string_81" HPOS="436" VPOS="473" WIDTH="74" HEIGHT="27" WC="0.92" CONTENT="afsäga"/><SP WIDTH="15" VPOS="473" HPOS="510"/>
							<String ID="string_82" HPOS="525" VPOS="473" WIDTH="33" HEIGHT="27" WC="0.96" CONTENT="sig"/><SP WIDTH="10" VPOS="473" HPOS="558"/>
							<String ID="string_83" HPOS="568" VPOS="473" WIDTH="40" HEIGHT="21" WC="0.96" CONTENT="den"/><SP WIDTH="12" VPOS="473" HPOS="608"/>
							<String ID="string_84" HPOS="620" VPOS="473" WIDTH="132" HEIGHT="21" WC="0.96" CONTENT="sistnämnde"/><SP WIDTH="12" VPOS="473" HPOS="752"/>
							<String ID="string_85" HPOS="764" VPOS="473" WIDTH="157" HEIGHT="27" WC="0.96" CONTENT="befattningen,"/><SP WIDTH="12" VPOS="473" HPOS="921"/>
							<String ID="string_86" HPOS="933" VPOS="472" WIDTH="90" HEIGHT="21" WC="0.91" CONTENT="emedan"/>
						</TextLine>
						<TextLine ID="line_11" HPOS="199" VPOS="500" WIDTH="824" HEIGHT="28">
							<String ID="string_87" HPOS="199" VPOS="502" WIDTH="85" HEIGHT="20" WC="0.96" CONTENT="arbetet"/><SP WIDTH="18" VPOS="502" HPOS="284"/>
							<String ID="string_88" HPOS="302" VPOS="501" WIDTH="32" HEIGHT="21" WC="0.96" CONTENT="uti"/><SP WIDTH="14" VPOS="501" HPOS="334"/>
							<String ID="string_89" HPOS="348" VPOS="501" WIDTH="162" HEIGHT="21" WC="0.96" CONTENT="statsutskottet"/><SP WIDTH="12" VPOS="501" HPOS="510"/>
							<String ID="string_90" HPOS="522" VPOS="504" WIDTH="98" HEIGHT="24" WC="0.96" CONTENT="nogsamt"/><SP WIDTH="14" VPOS="504" HPOS="620"/>
							<String ID="string_91" HPOS="634" VPOS="502" WIDTH="85" HEIGHT="20" WC="0.96" CONTENT="komme"/><SP WIDTH="11" VPOS="502" HPOS="719"/>
							<String ID="string_92" HPOS="730" VPOS="504" WIDTH="33" HEIGHT="18" WC="0.96" CONTENT="att"/><SP WIDTH="12" VPOS="504" HPOS="763"/>
							<String ID="string_93" HPOS="775" VPOS="502" WIDTH="123" HEIGHT="26" WC="0.95" CONTENT="tillräckligt"/><SP WIDTH="11" VPOS="502" HPOS="898"/>
							<String ID="string_94" HPOS="909" VPOS="504" WIDTH="50" HEIGHT="24" WC="0.96" CONTENT="taga"/><SP WIDTH="11" VPOS="504" HPOS="959"/>
							<String ID="string_95" HPOS="970" VPOS="500" WIDTH="53" HEIGHT="21" WC="0.96" CONTENT="hans"/>
						</TextLine>
						<TextLine ID="line_12" HPOS="199" VPOS="529" WIDTH="824" HEIGHT="28">
							<String ID="string_96" HPOS="199" VPOS="530" WIDTH="30" HEIGHT="20" WC="0.96" CONTENT="tid"/><SP WIDTH="17" VPOS="530" HPOS="229"/>
							<String ID="string_97" HPOS="246" VPOS="530" WIDTH="5" HEIGHT="20" WC="0.96" CONTENT="i"/><SP WIDTH="17" VPOS="530" HPOS="251"/>
							<String ID="string_98" HPOS="268" VPOS="530" WIDTH="101" HEIGHT="26" WC="0.96" CONTENT="anspråk."/><SP WIDTH="24" VPOS="530" HPOS="369"/>
							<String ID="string_99" HPOS="393" VPOS="529" WIDTH="47" HEIGHT="21" WC="0.96" CONTENT="Och"/><SP WIDTH="16" VPOS="529" HPOS="440"/>
							<String ID="string_100" HPOS="456" VPOS="529" WIDTH="44" HEIGHT="21" WC="0.93" CONTENT="blef"/><SP WIDTH="11" VPOS="529" HPOS="500"/>
							<String ID="string_101" HPOS="511" VPOS="530" WIDTH="80" HEIGHT="26" WC="0.91" CONTENT="jemväl"/><SP WIDTH="15" VPOS="530" HPOS="591"/>
							<String ID="string_102" HPOS="606" VPOS="530" WIDTH="71" HEIGHT="20" WC="0.97" CONTENT="denna"/><SP WIDTH="16" VPOS="530" HPOS="677"/>
							<String ID="string_103" HPOS="693" VPOS="530" WIDTH="108" HEIGHT="26" WC="0.96" CONTENT="anhållan,"/><SP WIDTH="17" VPOS="530" HPOS="801"/>
							<String ID="string_104" HPOS="818" VPOS="530" WIDTH="27" HEIGHT="27" WC="0.93" CONTENT="på"/><SP WIDTH="14" VPOS="530" HPOS="845"/>
							<String ID="string_105" HPOS="859" VPOS="529" WIDTH="164" HEIGHT="21" WC="0.90" CONTENT="landtmarskal-"/>
						</TextLine>
						<TextLine ID="line_13" HPOS="199" VPOS="558" WIDTH="679" HEIGHT="27">
							<String ID="string_106" HPOS="199" VPOS="559" WIDTH="53" HEIGHT="20" WC="0.96" CONTENT="kens"/><SP WIDTH="16" VPOS="559" HPOS="252"/>
							<String ID="string_107" HPOS="268" VPOS="558" WIDTH="164" HEIGHT="27" WC="0.96" CONTENT="framställning,"/><SP WIDTH="16" VPOS="558" HPOS="432"/>
							<String ID="string_108" HPOS="448" VPOS="558" WIDTH="24" HEIGHT="21" WC="0.96" CONTENT="af"/><SP WIDTH="13" VPOS="558" HPOS="472"/>
							<String ID="string_109" HPOS="485" VPOS="558" WIDTH="148" HEIGHT="27" WC="0.96" CONTENT="ridderskapet"/><SP WIDTH="17" VPOS="558" HPOS="633"/>
							<String ID="string_110" HPOS="650" VPOS="558" WIDTH="39" HEIGHT="21" WC="0.97" CONTENT="och"/><SP WIDTH="16" VPOS="558" HPOS="689"/>
							<String ID="string_111" HPOS="705" VPOS="558" WIDTH="63" HEIGHT="21" WC="0.91" CONTENT="adeln"/><SP WIDTH="17" VPOS="558" HPOS="768"/>
							<String ID="string_112" HPOS="785" VPOS="558" WIDTH="93" HEIGHT="21" WC="0.91" CONTENT="bifallen."/>
						</TextLine>
					</TextBlock>
				</ComposedBlock>
				<ComposedBlock ID="cblock_3" HPOS="199" VPOS="614" WIDTH="827" HEIGHT="367">
					<TextBlock ID="block_4" HPOS="199" VPOS="614" WIDTH="827" HEIGHT="339">
						<TextLine ID="line_14" HPOS="268" VPOS="614" WIDTH="756" HEIGHT="28">
							<String ID="string_113" HPOS="268" VPOS="614" WIDTH="10" HEIGHT="21" WC="0.96" CONTENT="I"/><SP WIDTH="21" VPOS="614" HPOS="278"/>
							<String ID="string_114" HPOS="299" VPOS="614" WIDTH="115" HEIGHT="28" WC="0.96" CONTENT="anledning"/><SP WIDTH="17" VPOS="614" HPOS="414"/>
							<String ID="string_115" HPOS="431" VPOS="614" WIDTH="23" HEIGHT="20" WC="0.96" CONTENT="af"/><SP WIDTH="14" VPOS="614" HPOS="454"/>
							<String ID="string_116" HPOS="468" VPOS="614" WIDTH="39" HEIGHT="20" WC="0.96" CONTENT="den"/><SP WIDTH="17" VPOS="614" HPOS="507"/>
							<String ID="string_117" HPOS="524" VPOS="614" WIDTH="100" HEIGHT="21" WC="0.96" CONTENT="befrielse"/><SP WIDTH="15" VPOS="614" HPOS="624"/>
							<String ID="string_118" HPOS="639" VPOS="615" WIDTH="47" HEIGHT="21" WC="0.93" CONTENT="från"/><SP WIDTH="17" VPOS="615" HPOS="686"/>
							<String ID="string_119" HPOS="703" VPOS="615" WIDTH="115" HEIGHT="20" WC="0.91" CONTENT="ledamots-"/><SP WIDTH="17" VPOS="615" HPOS="818"/>
							<String ID="string_120" HPOS="835" VPOS="614" WIDTH="39" HEIGHT="21" WC="0.93" CONTENT="och"/><SP WIDTH="15" VPOS="614" HPOS="874"/>
							<String ID="string_121" HPOS="889" VPOS="614" WIDTH="135" HEIGHT="28" WC="0.91" CONTENT="suppleants-"/>
						</TextLine>
						<TextLine ID="line_15" HPOS="200" VPOS="642" WIDTH="823" HEIGHT="28">
							<String ID="string_122" HPOS="200" VPOS="643" WIDTH="152" HEIGHT="27" WC="0.95" CONTENT="befattningar,"/><SP WIDTH="22" VPOS="643" HPOS="352"/>
							<String ID="string_123" HPOS="374" VPOS="650" WIDTH="44" HEIGHT="13" WC="0.96" CONTENT="som"/><SP WIDTH="22" VPOS="650" HPOS="418"/>
							<String ID="string_124" HPOS="440" VPOS="642" WIDTH="88" HEIGHT="21" WC="0.94" CONTENT="sålunda"/><SP WIDTH="19" VPOS="642" HPOS="528"/>
							<String ID="string_125" HPOS="547" VPOS="643" WIDTH="98" HEIGHT="27" WC="0.93" CONTENT="beviljats"/><SP WIDTH="20" VPOS="643" HPOS="645"/>
							<String ID="string_126" HPOS="665" VPOS="643" WIDTH="130" HEIGHT="21" WC="0.92" CONTENT="frihorrarne"/><SP WIDTH="21" VPOS="643" HPOS="795"/>
							<String ID="string_127" HPOS="816" VPOS="642" WIDTH="125" HEIGHT="26" WC="0.95" CONTENT="Cronstedt,"/><SP WIDTH="20" VPOS="642" HPOS="941"/>
							<String ID="string_128" HPOS="961" VPOS="642" WIDTH="62" HEIGHT="27" WC="0.59" CONTENT="Boije"/>
						</TextLine>
						<TextLine ID="line_16" HPOS="199" VPOS="671" WIDTH="824" HEIGHT="27">
							<String ID="string_129" HPOS="199" VPOS="672" WIDTH="40" HEIGHT="20" WC="0.96" CONTENT="och"/><SP WIDTH="17" VPOS="672" HPOS="239"/>
							<String ID="string_130" HPOS="256" VPOS="678" WIDTH="40" HEIGHT="14" WC="0.96" CONTENT="von"/><SP WIDTH="16" VPOS="678" HPOS="296"/>
							<String ID="string_131" HPOS="312" VPOS="671" WIDTH="58" HEIGHT="20" WC="0.93" CONTENT="Troil"/><SP WIDTH="17" VPOS="671" HPOS="370"/>
							<String ID="string_132" HPOS="387" VPOS="673" WIDTH="55" HEIGHT="18" WC="0.96" CONTENT="samt"/><SP WIDTH="16" VPOS="673" HPOS="442"/>
							<String ID="string_133" HPOS="458" VPOS="671" WIDTH="27" HEIGHT="21" WC="0.97" CONTENT="då"/><SP WIDTH="15" VPOS="671" HPOS="485"/>
							<String ID="string_134" HPOS="500" VPOS="671" WIDTH="26" HEIGHT="20" WC="0.96" CONTENT="de"/><SP WIDTH="16" VPOS="671" HPOS="526"/>
							<String ID="string_135" HPOS="542" VPOS="672" WIDTH="68" HEIGHT="26" WC="0.96" CONTENT="öfriga"/><SP WIDTH="20" VPOS="672" HPOS="610"/>
							<String ID="string_136" HPOS="630" VPOS="671" WIDTH="100" HEIGHT="26" WC="0.96" CONTENT="stånden,"/><SP WIDTH="17" VPOS="671" HPOS="730"/>
							<String ID="string_137" HPOS="747" VPOS="672" WIDTH="65" HEIGHT="26" WC="0.96" CONTENT="enligt"/><SP WIDTH="16" VPOS="672" HPOS="812"/>
							<String ID="string_138" HPOS="828" VPOS="671" WIDTH="55" HEIGHT="20" WC="0.96" CONTENT="hvad"/><SP WIDTH="11" VPOS="671" HPOS="883"/>
							<String ID="string_139" HPOS="894" VPOS="671" WIDTH="49" HEIGHT="20" WC="0.93" CONTENT="herr"/><SP WIDTH="12" VPOS="671" HPOS="943"/>
							<String ID="string_140" HPOS="955" VPOS="671" WIDTH="68" HEIGHT="19" WC="0.90" CONTENT="landt-"/>
						</TextLine>
						<TextLine ID="line_17" HPOS="200" VPOS="699" WIDTH="825" HEIGHT="28">
							<String ID="string_141" HPOS="200" VPOS="700" WIDTH="138" HEIGHT="20" WC="0.93" CONTENT="marskalken"/><SP WIDTH="17" VPOS="700" HPOS="338"/>
							<String ID="string_142" HPOS="355" VPOS="700" WIDTH="113" HEIGHT="25" WC="0.92" CONTENT="inhemtat,"/><SP WIDTH="18" VPOS="700" HPOS="468"/>
							<String ID="string_143" HPOS="486" VPOS="699" WIDTH="89" HEIGHT="28" WC="0.96" CONTENT="vidtagit"/><SP WIDTH="16" VPOS="699" HPOS="575"/>
							<String ID="string_144" HPOS="591" VPOS="700" WIDTH="126" HEIGHT="26" WC="0.95" CONTENT="författning"/><SP WIDTH="17" VPOS="700" HPOS="717"/>
							<String ID="string_145" HPOS="734" VPOS="706" WIDTH="34" HEIGHT="14" WC="0.95" CONTENT="om"/><SP WIDTH="13" VPOS="706" HPOS="768"/>
							<String ID="string_146" HPOS="781" VPOS="702" WIDTH="30" HEIGHT="18" WC="0.96" CONTENT="att"/><SP WIDTH="11" VPOS="702" HPOS="811"/>
							<String ID="string_147" HPOS="822" VPOS="699" WIDTH="30" HEIGHT="20" WC="0.96" CONTENT="till"/><SP WIDTH="14" VPOS="699" HPOS="852"/>
							<String ID="string_148" HPOS="866" VPOS="699" WIDTH="58" HEIGHT="21" WC="0.93" CONTENT="såväl"/><SP WIDTH="12" VPOS="699" HPOS="924"/>
							<String ID="string_149" HPOS="936" VPOS="699" WIDTH="89" HEIGHT="27" WC="0.89" CONTENT="sjölags-"/>
						</TextLine>
						<TextLine ID="line_18" HPOS="200" VPOS="726" WIDTH="825" HEIGHT="30">
							<String ID="string_150" HPOS="200" VPOS="735" WIDTH="45" HEIGHT="13" WC="0.93" CONTENT="som"/><SP WIDTH="16" VPOS="735" HPOS="245"/>
							<String ID="string_151" HPOS="261" VPOS="728" WIDTH="234" HEIGHT="20" WC="0.91" CONTENT="kommunalutskottet"/><SP WIDTH="11" VPOS="728" HPOS="495"/>
							<String ID="string_152" HPOS="506" VPOS="728" WIDTH="78" HEIGHT="27" WC="0.91" CONTENT="invälja"/><SP WIDTH="11" VPOS="728" HPOS="584"/>
							<String ID="string_153" HPOS="595" VPOS="728" WIDTH="48" HEIGHT="28" WC="0.96" CONTENT="fyra"/><SP WIDTH="10" VPOS="728" HPOS="643"/>
							<String ID="string_154" HPOS="653" VPOS="728" WIDTH="125" HEIGHT="26" WC="0.95" CONTENT="ledamöter,"/><SP WIDTH="13" VPOS="728" HPOS="778"/>
							<String ID="string_155" HPOS="791" VPOS="727" WIDTH="134" HEIGHT="28" WC="0.96" CONTENT="uppmanade"/><SP WIDTH="12" VPOS="727" HPOS="925"/>
							<String ID="string_156" HPOS="937" VPOS="734" WIDTH="28" HEIGHT="13" WC="0.96" CONTENT="nu"/><SP WIDTH="11" VPOS="734" HPOS="965"/>
							<String ID="string_157" HPOS="976" VPOS="726" WIDTH="49" HEIGHT="22" WC="0.96" CONTENT="herr"/>
						</TextLine>
						<TextLine ID="line_19" HPOS="200" VPOS="756" WIDTH="826" HEIGHT="27">
							<String ID="string_158" HPOS="200" VPOS="756" WIDTH="196" HEIGHT="21" WC="0.92" CONTENT="landtmarskalken"/><SP WIDTH="24" VPOS="756" HPOS="396"/>
							<String ID="string_159" HPOS="420" VPOS="756" WIDTH="161" HEIGHT="21" WC="0.93" CONTENT="vederbörande"/><SP WIDTH="26" VPOS="756" HPOS="581"/>
							<String ID="string_160" HPOS="607" VPOS="756" WIDTH="83" HEIGHT="20" WC="0.91" CONTENT="valmän"/><SP WIDTH="23" VPOS="756" HPOS="690"/>
							<String ID="string_161" HPOS="713" VPOS="758" WIDTH="32" HEIGHT="19" WC="0.96" CONTENT="att"/><SP WIDTH="20" VPOS="758" HPOS="745"/>
							<String ID="string_162" HPOS="765" VPOS="756" WIDTH="19" HEIGHT="27" WC="0.94" CONTENT="ej"/><SP WIDTH="19" VPOS="756" HPOS="784"/>
							<String ID="string_163" HPOS="803" VPOS="756" WIDTH="82" HEIGHT="20" WC="0.96" CONTENT="mindre"/><SP WIDTH="22" VPOS="756" HPOS="885"/>
							<String ID="string_164" HPOS="907" VPOS="756" WIDTH="119" HEIGHT="20" WC="0.96" CONTENT="bestämma"/>
						</TextLine>
						<TextLine ID="line_20" HPOS="200" VPOS="784" WIDTH="825" HEIGHT="28">
							<String ID="string_165" HPOS="200" VPOS="785" WIDTH="46" HEIGHT="20" WC="0.93" CONTENT="från"/><SP WIDTH="17" VPOS="785" HPOS="246"/>
							<String ID="string_166" HPOS="263" VPOS="784" WIDTH="136" HEIGHT="21" WC="0.91" CONTENT="hvilkotdera"/><SP WIDTH="16" VPOS="784" HPOS="399"/>
							<String ID="string_167" HPOS="415" VPOS="785" WIDTH="105" HEIGHT="20" WC="0.96" CONTENT="utskottet"/><SP WIDTH="16" VPOS="785" HPOS="520"/>
							<String ID="string_168" HPOS="536" VPOS="784" WIDTH="90" HEIGHT="21" WC="0.89" CONTENT="friherre"/><SP WIDTH="15" VPOS="784" HPOS="626"/>
							<String ID="string_169" HPOS="641" VPOS="784" WIDTH="64" HEIGHT="28" WC="0.96" CONTENT="Boije"/><SP WIDTH="14" VPOS="784" HPOS="705"/>
							<String ID="string_170" HPOS="719" VPOS="784" WIDTH="69" HEIGHT="21" WC="0.93" CONTENT="skulle"/><SP WIDTH="11" VPOS="784" HPOS="788"/>
							<String ID="string_171" HPOS="799" VPOS="784" WIDTH="65" HEIGHT="20" WC="0.92" CONTENT="undfå"/><SP WIDTH="11" VPOS="784" HPOS="864"/>
							<String ID="string_172" HPOS="875" VPOS="784" WIDTH="98" HEIGHT="20" WC="0.96" CONTENT="befrielse"/><SP WIDTH="13" VPOS="784" HPOS="973"/>
							<String ID="string_173" HPOS="986" VPOS="784" WIDTH="39" HEIGHT="20" WC="0.96" CONTENT="och"/>
						</TextLine>
						<TextLine ID="line_21" HPOS="200" VPOS="812" WIDTH="825" HEIGHT="28">
							<String ID="string_174" HPOS="200" VPOS="815" WIDTH="48" HEIGHT="18" WC="0.96" CONTENT="utse"/><SP WIDTH="16" VPOS="815" HPOS="248"/>
							<String ID="string_175" HPOS="264" VPOS="820" WIDTH="42" HEIGHT="20" WC="0.96" CONTENT="nya"/><SP WIDTH="16" VPOS="820" HPOS="306"/>
							<String ID="string_176" HPOS="322" VPOS="812" WIDTH="126" HEIGHT="26" WC="0.94" CONTENT="ledamöter,"/><SP WIDTH="16" VPOS="812" HPOS="448"/>
							<String ID="string_177" HPOS="464" VPOS="813" WIDTH="6" HEIGHT="20" WC="0.96" CONTENT="i"/><SP WIDTH="17" VPOS="813" HPOS="470"/>
							<String ID="string_178" HPOS="487" VPOS="813" WIDTH="70" HEIGHT="20" WC="0.96" CONTENT="stället"/><SP WIDTH="15" VPOS="813" HPOS="557"/>
							<String ID="string_179" HPOS="572" VPOS="813" WIDTH="33" HEIGHT="20" WC="0.96" CONTENT="för"/><SP WIDTH="16" VPOS="813" HPOS="605"/>
							<String ID="string_180" HPOS="621" VPOS="813" WIDTH="77" HEIGHT="20" WC="0.96" CONTENT="honom"/><SP WIDTH="11" VPOS="813" HPOS="698"/>
							<String ID="string_181" HPOS="709" VPOS="813" WIDTH="6" HEIGHT="20" WC="0.96" CONTENT="i"/><SP WIDTH="12" VPOS="813" HPOS="715"/>
							<String ID="string_182" HPOS="727" VPOS="813" WIDTH="36" HEIGHT="20" WC="0.96" CONTENT="det"/><SP WIDTH="11" VPOS="813" HPOS="763"/>
							<String ID="string_183" HPOS="774" VPOS="812" WIDTH="94" HEIGHT="27" WC="0.96" CONTENT="utskott,"/><SP WIDTH="12" VPOS="812" HPOS="868"/>
							<String ID="string_184" HPOS="880" VPOS="819" WIDTH="45" HEIGHT="14" WC="0.96" CONTENT="som"/><SP WIDTH="12" VPOS="819" HPOS="925"/>
							<String ID="string_185" HPOS="937" VPOS="812" WIDTH="88" HEIGHT="20" WC="0.96" CONTENT="sålunda"/>
						</TextLine>
						<TextLine ID="line_22" HPOS="200" VPOS="840" WIDTH="825" HEIGHT="26">
							<String ID="string_186" HPOS="200" VPOS="842" WIDTH="86" HEIGHT="20" WC="0.96" CONTENT="komme"/><SP WIDTH="23" VPOS="842" HPOS="286"/>
							<String ID="string_187" HPOS="309" VPOS="844" WIDTH="31" HEIGHT="17" WC="0.96" CONTENT="att"/><SP WIDTH="24" VPOS="844" HPOS="340"/>
							<String ID="string_188" HPOS="364" VPOS="841" WIDTH="140" HEIGHT="25" WC="0.96" CONTENT="bestämmas,"/><SP WIDTH="20" VPOS="841" HPOS="504"/>
							<String ID="string_189" HPOS="524" VPOS="841" WIDTH="39" HEIGHT="21" WC="0.96" CONTENT="och"/><SP WIDTH="19" VPOS="841" HPOS="563"/>
							<String ID="string_190" HPOS="582" VPOS="842" WIDTH="33" HEIGHT="20" WC="0.96" CONTENT="för"/><SP WIDTH="18" VPOS="842" HPOS="615"/>
							<String ID="string_191" HPOS="633" VPOS="841" WIDTH="88" HEIGHT="21" WC="0.96" CONTENT="friherre"/><SP WIDTH="22" VPOS="841" HPOS="721"/>
							<String ID="string_192" HPOS="743" VPOS="841" WIDTH="116" HEIGHT="21" WC="0.96" CONTENT="Cronstedt"/><SP WIDTH="21" VPOS="841" HPOS="859"/>
							<String ID="string_193" HPOS="880" VPOS="841" WIDTH="6" HEIGHT="20" WC="0.93" CONTENT="i"/><SP WIDTH="17" VPOS="841" HPOS="886"/>
							<String ID="string_194" HPOS="903" VPOS="840" WIDTH="122" HEIGHT="21" WC="0.91" CONTENT="riddarhus-"/>
						</TextLine>
						<TextLine ID="line_23" HPOS="201" VPOS="868" WIDTH="824" HEIGHT="28">
							<String ID="string_195" HPOS="201" VPOS="869" WIDTH="107" HEIGHT="21" WC="0.96" CONTENT="utskottet"/><SP WIDTH="20" VPOS="869" HPOS="308"/>
							<String ID="string_196" HPOS="328" VPOS="872" WIDTH="56" HEIGHT="17" WC="0.95" CONTENT="samt"/><SP WIDTH="18" VPOS="872" HPOS="384"/>
							<String ID="string_197" HPOS="402" VPOS="876" WIDTH="72" HEIGHT="14" WC="0.95" CONTENT="annan"/><SP WIDTH="20" VPOS="876" HPOS="474"/>
							<String ID="string_198" HPOS="494" VPOS="870" WIDTH="114" HEIGHT="26" WC="0.96" CONTENT="suppleant"/><SP WIDTH="18" VPOS="870" HPOS="608"/>
							<String ID="string_199" HPOS="626" VPOS="869" WIDTH="6" HEIGHT="21" WC="0.93" CONTENT="i"/><SP WIDTH="16" VPOS="869" HPOS="632"/>
							<String ID="string_200" HPOS="648" VPOS="869" WIDTH="221" HEIGHT="21" WC="0.92" CONTENT="ekonomieutskottet"/><SP WIDTH="15" VPOS="869" HPOS="869"/>
							<String ID="string_201" HPOS="884" VPOS="869" WIDTH="7" HEIGHT="21" WC="0.96" CONTENT="i"/><SP WIDTH="16" VPOS="869" HPOS="891"/>
							<String ID="string_202" HPOS="907" VPOS="869" WIDTH="70" HEIGHT="21" WC="0.96" CONTENT="stället"/><SP WIDTH="16" VPOS="869" HPOS="977"/>
							<String ID="string_203" HPOS="993" VPOS="868" WIDTH="32" HEIGHT="20" WC="0.96" CONTENT="för"/>
						</TextLine>
						<TextLine ID="line_24" HPOS="200" VPOS="897" WIDTH="825" HEIGHT="28">
							<String ID="string_204" HPOS="200" VPOS="898" WIDTH="91" HEIGHT="20" WC="0.96" CONTENT="friherre"/><SP WIDTH="21" VPOS="898" HPOS="291"/>
							<String ID="string_205" HPOS="312" VPOS="904" WIDTH="41" HEIGHT="13" WC="0.96" CONTENT="von"/><SP WIDTH="22" VPOS="904" HPOS="353"/>
							<String ID="string_206" HPOS="375" VPOS="897" WIDTH="59" HEIGHT="21" WC="0.96" CONTENT="Troil"/><SP WIDTH="20" VPOS="897" HPOS="434"/>
							<String ID="string_207" HPOS="454" VPOS="899" WIDTH="25" HEIGHT="18" WC="0.96" CONTENT="än"/><SP WIDTH="21" VPOS="899" HPOS="479"/>
							<String ID="string_208" HPOS="500" VPOS="898" WIDTH="39" HEIGHT="20" WC="0.93" CONTENT="ock"/><SP WIDTH="15" VPOS="898" HPOS="539"/>
							<String ID="string_209" HPOS="554" VPOS="897" WIDTH="80" HEIGHT="28" WC="0.92" CONTENT="invälja"/><SP WIDTH="16" VPOS="897" HPOS="634"/>
							<String ID="string_210" HPOS="650" VPOS="904" WIDTH="25" HEIGHT="14" WC="0.96" CONTENT="en"/><SP WIDTH="18" VPOS="904" HPOS="675"/>
							<String ID="string_211" HPOS="693" VPOS="897" WIDTH="124" HEIGHT="28" WC="0.96" CONTENT="ytterligare"/><SP WIDTH="16" VPOS="897" HPOS="817"/>
							<String ID="string_212" HPOS="833" VPOS="897" WIDTH="93" HEIGHT="21" WC="0.95" CONTENT="ledamot"/><SP WIDTH="15" VPOS="897" HPOS="926"/>
							<String ID="string_213" HPOS="941" VPOS="897" WIDTH="6" HEIGHT="20" WC="0.93" CONTENT="i"/><SP WIDTH="17" VPOS="897" HPOS="947"/>
							<String ID="string_214" HPOS="964" VPOS="897" WIDTH="61" HEIGHT="20" WC="0.92" CONTENT="hvar-"/>
						</TextLine>
						<TextLine ID="line_25" HPOS="201" VPOS="925" WIDTH="507" HEIGHT="28">
							<String ID="string_215" HPOS="201" VPOS="926" WIDTH="51" HEIGHT="20" WC="0.96" CONTENT="dera"/><SP WIDTH="16" VPOS="926" HPOS="252"/>
							<String ID="string_216" HPOS="268" VPOS="926" WIDTH="23" HEIGHT="20" WC="0.92" CONTENT="af"/><SP WIDTH="15" VPOS="926" HPOS="291"/>
							<String ID="string_217" HPOS="306" VPOS="925" WIDTH="89" HEIGHT="28" WC="0.92" CONTENT="sjölags-"/><SP WIDTH="17" VPOS="925" HPOS="395"/>
							<String ID="string_218" HPOS="412" VPOS="926" WIDTH="39" HEIGHT="20" WC="0.93" CONTENT="och"/><SP WIDTH="17" VPOS="926" HPOS="451"/>
							<String ID="string_219" HPOS="468" VPOS="925" WIDTH="240" HEIGHT="22" WC="0.92" CONTENT="kommunalutskotten."/>
						</TextLine>
					</TextBlock>
					<TextBlock ID="block_5" HPOS="271" VPOS="953" WIDTH="624" HEIGHT="28">
						<TextLine ID="line_26" HPOS="271" VPOS="953" WIDTH="624" HEIGHT="28">
							<String ID="string_220" HPOS="271" VPOS="954" WIDTH="101" HEIGHT="21" WC="0.91" CONTENT="Ståndets"/><SP WIDTH="17" VPOS="954" HPOS="372"/>
							<String ID="string_221" HPOS="389" VPOS="953" WIDTH="138" HEIGHT="22" WC="0.93" CONTENT="medlemmar"/><SP WIDTH="15" VPOS="953" HPOS="527"/>
							<String ID="string_222" HPOS="542" VPOS="954" WIDTH="102" HEIGHT="21" WC="0.92" CONTENT="ätskildes"/><SP WIDTH="17" VPOS="954" HPOS="644"/>
							<String ID="string_223" HPOS="661" VPOS="954" WIDTH="28" HEIGHT="20" WC="0.93" CONTENT="kl."/><SP WIDTH="17" VPOS="954" HPOS="689"/>
							<String ID="string_224" HPOS="706" VPOS="955" WIDTH="55" HEIGHT="26" WC="0.82" CONTENT="1/,12"/><SP WIDTH="16" VPOS="955" HPOS="761"/>
							<String ID="string_225" HPOS="777" VPOS="955" WIDTH="28" HEIGHT="26" WC="0.96" CONTENT="pä"/><SP WIDTH="15" VPOS="955" HPOS="805"/>
							<String ID="string_226" HPOS="820" VPOS="954" WIDTH="75" HEIGHT="27" WC="0.96" CONTENT="dagen."/>
						</TextLine>
					</TextBlock>
				</ComposedBlock>
				<ComposedBlock ID="cblock_4" HPOS="724" VPOS="1000" WIDTH="271" HEIGHT="55">
					<TextBlock ID="block_6" HPOS="724" VPOS="1000" WIDTH="271" HEIGHT="55">
						<TextLine ID="line_27" HPOS="811" VPOS="1000" WIDTH="96" HEIGHT="16">
							<String ID="string_227" HPOS="811" VPOS="1001" WIDTH="21" HEIGHT="15" WC="0.93" CONTENT="In"/><SP WIDTH="13" VPOS="1001" HPOS="832"/>
							<String ID="string_228" HPOS="845" VPOS="1000" WIDTH="62" HEIGHT="16" WC="0.92" CONTENT="fidem:"/>
						</TextLine>
						<TextLine ID="line_28" HPOS="724" VPOS="1027" WIDTH="271" HEIGHT="28">
							<String ID="string_229" HPOS="724" VPOS="1028" WIDTH="73" HEIGHT="21" WC="0.96" CONTENT="Victor"/><SP WIDTH="16" VPOS="1028" HPOS="797"/>
							<String ID="string_230" HPOS="813" VPOS="1028" WIDTH="25" HEIGHT="21" WC="0.96" CONTENT="de"/><SP WIDTH="15" VPOS="1028" HPOS="838"/>
							<String ID="string_231" HPOS="853" VPOS="1027" WIDTH="22" HEIGHT="21" WC="0.95" CONTENT="la"/><SP WIDTH="16" VPOS="1027" HPOS="875"/>
							<String ID="string_232" HPOS="891" VPOS="1027" WIDTH="104" HEIGHT="28" WC="0.96" CONTENT="Chapelle."/>
						</TextLine>
					</TextBlock>
				</ComposedBlock>
				<ComposedBlock ID="cblock_5" HPOS="408" VPOS="1141" WIDTH="411" HEIGHT="27">
					<TextBlock ID="block_7" HPOS="408" VPOS="1141" WIDTH="411" HEIGHT="27">
						<TextLine ID="line_29" HPOS="408" VPOS="1141" WIDTH="411" HEIGHT="27">
							<String ID="string_233" HPOS="408" VPOS="1141" WIDTH="50" HEIGHT="26" WC="0.95" CONTENT="Den"/><SP WIDTH="18" VPOS="1141" HPOS="458"/>
							<String ID="string_234" HPOS="476" VPOS="1141" WIDTH="29" HEIGHT="26" WC="0.96" CONTENT="10"/><SP WIDTH="18" VPOS="1141" HPOS="505"/>
							<String ID="string_235" HPOS="523" VPOS="1141" WIDTH="115" HEIGHT="27" WC="0.96" CONTENT="Februari"/><SP WIDTH="17" VPOS="1141" HPOS="638"/>
							<String ID="string_236" HPOS="655" VPOS="1142" WIDTH="35" HEIGHT="26" WC="0.92" CONTENT="kl."/><SP WIDTH="18" VPOS="1142" HPOS="690"/>
							<String ID="string_237" HPOS="708" VPOS="1141" WIDTH="27" HEIGHT="26" WC="0.92" CONTENT="11"/><SP WIDTH="18" VPOS="1141" HPOS="735"/>
							<String ID="string_238" HPOS="753" VPOS="1141" WIDTH="17" HEIGHT="26" WC="0.50" CONTENT="f."/><SP WIDTH="19" VPOS="1141" HPOS="770"/>
							<String ID="string_239" HPOS="789" VPOS="1149" WIDTH="30" HEIGHT="18" WC="0.95" CONTENT="m."/>
						</TextLine>
					</TextBlock>
				</ComposedBlock>
				<ComposedBlock ID="cblock_6" HPOS="202" VPOS="1203" WIDTH="826" HEIGHT="198">
					<TextBlock ID="block_8" HPOS="202" VPOS="1203" WIDTH="826" HEIGHT="162">
						<TextLine ID="line_30" HPOS="271" VPOS="1203" WIDTH="754" HEIGHT="28">
							<String ID="string_240" HPOS="271" VPOS="1203" WIDTH="57" HEIGHT="21" WC="0.92" CONTENT="Herr"/><SP WIDTH="21" VPOS="1203" HPOS="328"/>
							<String ID="string_241" HPOS="349" VPOS="1203" WIDTH="196" HEIGHT="21" WC="0.89" CONTENT="landtmarskalken"/><SP WIDTH="22" VPOS="1203" HPOS="545"/>
							<String ID="string_242" HPOS="567" VPOS="1204" WIDTH="100" HEIGHT="27" WC="0.92" CONTENT="öppnade"/><SP WIDTH="20" VPOS="1204" HPOS="667"/>
							<String ID="string_243" HPOS="687" VPOS="1204" WIDTH="167" HEIGHT="20" WC="0.92" CONTENT="sammanträdet"/><SP WIDTH="20" VPOS="1204" HPOS="854"/>
							<String ID="string_244" HPOS="874" VPOS="1204" WIDTH="48" HEIGHT="20" WC="0.96" CONTENT="med"/><SP WIDTH="17" VPOS="1204" HPOS="922"/>
							<String ID="string_245" HPOS="939" VPOS="1206" WIDTH="30" HEIGHT="18" WC="0.93" CONTENT="ett"/><SP WIDTH="16" VPOS="1206" HPOS="969"/>
							<String ID="string_246" HPOS="985" VPOS="1203" WIDTH="40" HEIGHT="20" WC="0.92" CONTENT="till-"/>
						</TextLine>
						<TextLine ID="line_31" HPOS="203" VPOS="1231" WIDTH="825" HEIGHT="28">
							<String ID="string_247" HPOS="203" VPOS="1231" WIDTH="179" HEIGHT="28" WC="0.91" CONTENT="kännagifvande,"/><SP WIDTH="17" VPOS="1231" HPOS="382"/>
							<String ID="string_248" HPOS="399" VPOS="1233" WIDTH="32" HEIGHT="19" WC="0.93" CONTENT="att"/><SP WIDTH="16" VPOS="1233" HPOS="431"/>
							<String ID="string_249" HPOS="447" VPOS="1232" WIDTH="97" HEIGHT="21" WC="0.92" CONTENT="ständets"/><SP WIDTH="16" VPOS="1232" HPOS="544"/>
							<String ID="string_250" HPOS="560" VPOS="1232" WIDTH="109" HEIGHT="21" WC="0.96" CONTENT="elektorer"/><SP WIDTH="16" VPOS="1232" HPOS="669"/>
							<String ID="string_251" HPOS="685" VPOS="1239" WIDTH="89" HEIGHT="14" WC="0.96" CONTENT="numera"/><SP WIDTH="17" VPOS="1239" HPOS="774"/>
							<String ID="string_252" HPOS="791" VPOS="1232" WIDTH="110" HEIGHT="21" WC="0.96" CONTENT="verkställt"/><SP WIDTH="16" VPOS="1232" HPOS="901"/>
							<String ID="string_253" HPOS="917" VPOS="1232" WIDTH="26" HEIGHT="21" WC="0.94" CONTENT="de"/><SP WIDTH="14" VPOS="1232" HPOS="943"/>
							<String ID="string_254" HPOS="957" VPOS="1231" WIDTH="71" HEIGHT="21" WC="0.95" CONTENT="omval"/>
						</TextLine>
						<TextLine ID="line_32" HPOS="203" VPOS="1260" WIDTH="824" HEIGHT="28">
							<String ID="string_255" HPOS="203" VPOS="1261" WIDTH="31" HEIGHT="19" WC="0.96" CONTENT="till"/><SP WIDTH="17" VPOS="1261" HPOS="234"/>
							<String ID="string_256" HPOS="251" VPOS="1260" WIDTH="119" HEIGHT="20" WC="0.96" CONTENT="ledamöter"/><SP WIDTH="16" VPOS="1260" HPOS="370"/>
							<String ID="string_257" HPOS="386" VPOS="1260" WIDTH="6" HEIGHT="20" WC="0.96" CONTENT="i"/><SP WIDTH="16" VPOS="1260" HPOS="392"/>
							<String ID="string_258" HPOS="408" VPOS="1260" WIDTH="123" HEIGHT="27" WC="0.96" CONTENT="utskotten,"/><SP WIDTH="17" VPOS="1260" HPOS="531"/>
							<String ID="string_259" HPOS="548" VPOS="1268" WIDTH="44" HEIGHT="13" WC="0.96" CONTENT="som"/><SP WIDTH="17" VPOS="1268" HPOS="592"/>
							<String ID="string_260" HPOS="609" VPOS="1261" WIDTH="69" HEIGHT="20" WC="0.96" CONTENT="blifvit"/><SP WIDTH="17" VPOS="1261" HPOS="678"/>
							<String ID="string_261" HPOS="695" VPOS="1261" WIDTH="133" HEIGHT="27" WC="0.96" CONTENT="nödvändiga"/><SP WIDTH="16" VPOS="1261" HPOS="828"/>
							<String ID="string_262" HPOS="844" VPOS="1261" WIDTH="30" HEIGHT="20" WC="0.96" CONTENT="till"/><SP WIDTH="17" VPOS="1261" HPOS="874"/>
							<String ID="string_263" HPOS="891" VPOS="1261" WIDTH="50" HEIGHT="27" WC="0.96" CONTENT="följe"/><SP WIDTH="17" VPOS="1261" HPOS="941"/>
							<String ID="string_264" HPOS="958" VPOS="1260" WIDTH="69" HEIGHT="26" WC="0.94" CONTENT="deraf,"/>
						</TextLine>
						<TextLine ID="line_33" HPOS="202" VPOS="1288" WIDTH="823" HEIGHT="28">
							<String ID="string_265" HPOS="202" VPOS="1291" WIDTH="32" HEIGHT="18" WC="0.96" CONTENT="att"/><SP WIDTH="19" VPOS="1291" HPOS="234"/>
							<String ID="string_266" HPOS="253" VPOS="1288" WIDTH="150" HEIGHT="27" WC="0.95" CONTENT="ridderskapet"/><SP WIDTH="17" VPOS="1288" HPOS="403"/>
							<String ID="string_267" HPOS="420" VPOS="1289" WIDTH="39" HEIGHT="20" WC="0.96" CONTENT="och"/><SP WIDTH="17" VPOS="1289" HPOS="459"/>
							<String ID="string_268" HPOS="476" VPOS="1289" WIDTH="61" HEIGHT="20" WC="0.91" CONTENT="adeln"/><SP WIDTH="17" VPOS="1289" HPOS="537"/>
							<String ID="string_269" HPOS="554" VPOS="1289" WIDTH="75" HEIGHT="20" WC="0.90" CONTENT="bifallit"/><SP WIDTH="16" VPOS="1289" HPOS="629"/>
							<String ID="string_270" HPOS="645" VPOS="1289" WIDTH="31" HEIGHT="20" WC="0.96" CONTENT="till"/><SP WIDTH="14" VPOS="1289" HPOS="676"/>
							<String ID="string_271" HPOS="690" VPOS="1289" WIDTH="66" HEIGHT="27" WC="0.95" CONTENT="några"/><SP WIDTH="11" VPOS="1289" HPOS="756"/>
							<String ID="string_272" HPOS="767" VPOS="1289" WIDTH="148" HEIGHT="21" WC="0.95" CONTENT="medlemmars"/><SP WIDTH="12" VPOS="1289" HPOS="915"/>
							<String ID="string_273" HPOS="927" VPOS="1288" WIDTH="98" HEIGHT="21" WC="0.96" CONTENT="anhållan"/>
						</TextLine>
						<TextLine ID="line_34" HPOS="202" VPOS="1316" WIDTH="825" HEIGHT="29">
							<String ID="string_274" HPOS="202" VPOS="1319" WIDTH="32" HEIGHT="18" WC="0.96" CONTENT="att"/><SP WIDTH="16" VPOS="1319" HPOS="234"/>
							<String ID="string_275" HPOS="250" VPOS="1317" WIDTH="21" HEIGHT="20" WC="0.96" CONTENT="få"/><SP WIDTH="16" VPOS="1317" HPOS="271"/>
							<String ID="string_276" HPOS="287" VPOS="1317" WIDTH="65" HEIGHT="20" WC="0.95" CONTENT="blifva"/><SP WIDTH="16" VPOS="1317" HPOS="352"/>
							<String ID="string_277" HPOS="368" VPOS="1317" WIDTH="96" HEIGHT="20" WC="0.96" CONTENT="befriade"/><SP WIDTH="16" VPOS="1317" HPOS="464"/>
							<String ID="string_278" HPOS="480" VPOS="1317" WIDTH="46" HEIGHT="20" WC="0.96" CONTENT="från"/><SP WIDTH="17" VPOS="1317" HPOS="526"/>
							<String ID="string_279" HPOS="543" VPOS="1318" WIDTH="26" HEIGHT="20" WC="0.96" CONTENT="de"/><SP WIDTH="16" VPOS="1318" HPOS="569"/>
							<String ID="string_280" HPOS="585" VPOS="1318" WIDTH="47" HEIGHT="20" WC="0.93" CONTENT="dem"/><SP WIDTH="14" VPOS="1318" HPOS="632"/>
							<String ID="string_281" HPOS="646" VPOS="1317" WIDTH="97" HEIGHT="21" WC="0.92" CONTENT="lemnade"/><SP WIDTH="12" VPOS="1317" HPOS="743"/>
							<String ID="string_282" HPOS="755" VPOS="1318" WIDTH="97" HEIGHT="27" WC="0.96" CONTENT="uppdrag"/><SP WIDTH="12" VPOS="1318" HPOS="852"/>
							<String ID="string_283" HPOS="864" VPOS="1319" WIDTH="31" HEIGHT="19" WC="0.96" CONTENT="att"/><SP WIDTH="12" VPOS="1319" HPOS="895"/>
							<String ID="string_284" HPOS="907" VPOS="1324" WIDTH="50" HEIGHT="13" WC="0.93" CONTENT="vara"/><SP WIDTH="11" VPOS="1324" HPOS="957"/>
							<String ID="string_285" HPOS="968" VPOS="1316" WIDTH="59" HEIGHT="21" WC="0.92" CONTENT="med-"/>
						</TextLine>
						<TextLine ID="line_35" HPOS="202" VPOS="1345" WIDTH="247" HEIGHT="20">
							<String ID="string_286" HPOS="202" VPOS="1345" WIDTH="90" HEIGHT="20" WC="0.96" CONTENT="lemmar"/><SP WIDTH="16" VPOS="1345" HPOS="292"/>
							<String ID="string_287" HPOS="308" VPOS="1345" WIDTH="6" HEIGHT="20" WC="0.96" CONTENT="i"/><SP WIDTH="16" VPOS="1345" HPOS="314"/>
							<String ID="string_288" HPOS="330" VPOS="1345" WIDTH="119" HEIGHT="20" WC="0.96" CONTENT="utskotten."/>
						</TextLine>
					</TextBlock>
					<TextBlock ID="block_9" HPOS="272" VPOS="1373" WIDTH="624" HEIGHT="28">
						<TextLine ID="line_36" HPOS="272" VPOS="1373" WIDTH="624" HEIGHT="28">
							<String ID="string_289" HPOS="272" VPOS="1373" WIDTH="47" HEIGHT="21" WC="0.95" CONTENT="Och"/><SP WIDTH="16" VPOS="1373" HPOS="319"/>
							<String ID="string_290" HPOS="335" VPOS="1373" WIDTH="55" HEIGHT="21" WC="0.95" CONTENT="hade"/><SP WIDTH="16" VPOS="1373" HPOS="390"/>
							<String ID="string_291" HPOS="406" VPOS="1373" WIDTH="91" HEIGHT="21" WC="0.96" CONTENT="nämnde"/><SP WIDTH="17" VPOS="1373" HPOS="497"/>
							<String ID="string_292" HPOS="514" VPOS="1373" WIDTH="69" HEIGHT="21" WC="0.96" CONTENT="omval"/><SP WIDTH="16" VPOS="1373" HPOS="583"/>
							<String ID="string_293" HPOS="599" VPOS="1374" WIDTH="78" HEIGHT="20" WC="0.96" CONTENT="utfallit"/><SP WIDTH="15" VPOS="1374" HPOS="677"/>
							<String ID="string_294" HPOS="692" VPOS="1374" WIDTH="27" HEIGHT="27" WC="0.96" CONTENT="på"/><SP WIDTH="16" VPOS="1374" HPOS="719"/>
							<String ID="string_295" HPOS="735" VPOS="1373" WIDTH="93" HEIGHT="28" WC="0.96" CONTENT="följande"/><SP WIDTH="15" VPOS="1373" HPOS="828"/>
							<String ID="string_296" HPOS="843" VPOS="1375" WIDTH="53" HEIGHT="19" WC="0.96" CONTENT="sätt:"/>
						</TextLine>
					</TextBlock>
				</ComposedBlock>
				<ComposedBlock ID="cblock_7" HPOS="247" VPOS="1435" WIDTH="738" HEIGHT="112">
					<TextBlock ID="block_10" HPOS="247" VPOS="1435" WIDTH="738" HEIGHT="112">
						<TextLine ID="line_37" HPOS="518" VPOS="1435" WIDTH="197" HEIGHT="22">
							<String ID="string_297" HPOS="518" VPOS="1435" WIDTH="41" HEIGHT="22" WC="0.96" CONTENT="Till"/><SP WIDTH="16" VPOS="1435" HPOS="559"/>
							<String ID="string_298" HPOS="575" VPOS="1436" WIDTH="118" HEIGHT="21" WC="0.96" CONTENT="ledamöter"/><SP WIDTH="16" VPOS="1436" HPOS="693"/>
							<String ID="string_299" HPOS="709" VPOS="1436" WIDTH="6" HEIGHT="19" WC="0.96" CONTENT="i"/>
						</TextLine>
						<TextLine ID="line_38" HPOS="493" VPOS="1481" WIDTH="248" HEIGHT="21">
							<String ID="string_300" HPOS="493" VPOS="1481" WIDTH="248" HEIGHT="21" WC="0.88" CONTENT="Riddarhus-utskottet:"/>
						</TextLine>
						<TextLine ID="line_39" HPOS="247" VPOS="1520" WIDTH="738" HEIGHT="27">
							<String ID="string_301" HPOS="247" VPOS="1520" WIDTH="57" HEIGHT="20" WC="0.93" CONTENT="Herr"/><SP WIDTH="16" VPOS="1520" HPOS="304"/>
							<String ID="string_302" HPOS="320" VPOS="1520" WIDTH="93" HEIGHT="27" WC="0.91" CONTENT="Pinello,"/><SP WIDTH="17" VPOS="1520" HPOS="413"/>
							<String ID="string_303" HPOS="430" VPOS="1520" WIDTH="46" HEIGHT="21" WC="0.96" CONTENT="Nils"/><SP WIDTH="16" VPOS="1520" HPOS="476"/>
							<String ID="string_304" HPOS="492" VPOS="1521" WIDTH="93" HEIGHT="26" WC="0.96" CONTENT="Henrik,"/><SP WIDTH="15" VPOS="1521" HPOS="585"/>
							<String ID="string_305" HPOS="600" VPOS="1521" WIDTH="6" HEIGHT="20" WC="0.96" CONTENT="i"/><SP WIDTH="17" VPOS="1521" HPOS="606"/>
							<String ID="string_306" HPOS="623" VPOS="1521" WIDTH="70" HEIGHT="21" WC="0.96" CONTENT="stället"/><SP WIDTH="16" VPOS="1521" HPOS="693"/>
							<String ID="string_307" HPOS="709" VPOS="1521" WIDTH="33" HEIGHT="21" WC="0.96" CONTENT="för"/><SP WIDTH="15" VPOS="1521" HPOS="742"/>
							<String ID="string_308" HPOS="757" VPOS="1520" WIDTH="90" HEIGHT="21" WC="0.96" CONTENT="friherre"/><SP WIDTH="16" VPOS="1520" HPOS="847"/>
							<String ID="string_309" HPOS="863" VPOS="1520" WIDTH="122" HEIGHT="21" WC="0.96" CONTENT="Cronstedt."/>
						</TextLine>
					</TextBlock>
				</ComposedBlock>
			</PrintSpace>
		</Page>
	</Layout>
</alto>
