1142 1786
475 117 39 16 Den
528 117 21 16 21
563 117 54 16 Mars.
896 117 43 21 825

139 173 31 26 tig
182 172 39 21 och
233 174 32 19 att
276 172 32 21 lär
316 172 76 21 honom
402 172 59 27 gifva
473 172 37 21 akt
522 172 63 21 äfven
594 173 28 26 på
633 172 26 21 de
671 173 45 20 små
727 173 192 27 omständigheter,
930 181 36 20 ge-

140 208 48 13 nom
199 201 139 26 aktgifvande
356 201 26 26 på
398 201 71 20 hvilka
482 200 55 21 enda
551 201 138 27 möjligheten
704 201 32 20 för
745 201 130 28 jordbruket
883 204 32 19 att
924 202 43 28 lyc-

140 229 38 21 kas
190 230 70 23 beror,
274 229 22 20 så
308 229 94 21 dundrar
418 229 47 26 den,
482 236 45 13 som
537 230 27 26 på
575 229 166 28 embetsvägnar
752 232 23 19 är
786 230 76 21 tillsatt
870 233 32 18 att
911 231 56 20 hålla

140 258 87 27 uppsigt
250 257 114 28 förgäfvos.
395 257 77 21 Likväl
488 257 65 21 söker
568 265 48 13 man
633 264 76 21 genom
727 260 31 19 ett
774 258 37 21 allt
827 259 138 28 omsorgsful-

139 287 43 19 lare
199 286 161 21 öfvervakande
376 287 21 19 få
413 286 188 20 kronoboställena
616 286 128 21 förändrade
760 287 30 19 till
806 287 67 27 något
889 289 23 19 så
928 289 38 19 när

140 314 206 28 mönsterjordbruk,
363 314 100 21 särskildt
480 314 63 20 äfven
560 314 55 20 hvad
627 314 83 28 skogen
721 314 108 22 beträffar.
853 315 41 21 Om
907 316 59 20 detta

139 343 70 21 skulle
233 350 53 14 vara
301 343 89 27 möjligt,
410 343 68 20 skulle
494 350 50 13 man
560 342 72 21 kunna
646 343 89 27 hoppas,
751 344 32 20 att
798 350 83 14 samma
896 344 69 20 öfver-

140 372 98 20 vakande
255 372 68 20 skulle
340 371 85 21 komma
440 371 78 21 krono-
530 371 39 21 och
585 371 64 21 äfven
661 372 210 21 skatte-hemmanen
883 372 30 20 till
924 372 41 22 del.

141 400 48 21 Men
210 400 66 28 enligt
293 400 41 20 min
351 400 65 20 tanke
432 400 97 20 kommer
545 400 150 20 erfarenheten
712 400 19 27 ej
748 400 67 21 heller
829 401 6 20 i
852 401 61 21 detta
928 401 37 21 fall

139 430 32 19 att
187 429 64 21 häfva
267 429 79 21 teorins
363 429 144 27 anvisningar.
539 428 114 28 Knappast
669 429 61 21 torde
747 428 40 21 den
803 436 43 20 nya
865 430 100 26 kontroll,

140 458 122 20 hvarunder
278 457 119 21 boställena
414 457 69 21 blifvit
499 457 83 26 ställda,
599 457 96 21 medföra
707 458 94 20 önskade
814 458 91 26 frukter,
917 465 48 13 men

139 486 41 20 den
204 486 112 27 medtager
340 487 28 20 10
383 487 27 25 9/,
432 486 23 20 af
472 486 48 20 hela
535 486 129 20 inkomsten.
694 486 77 26 40,000
787 486 61 20 mark
863 488 24 19 är
903 487 20 27 ej
939 494 25 14 en

140 521 83 14 summa
247 515 23 20 af
284 515 23 20 så
326 514 51 21 liten
398 514 116 28 betydelse,
531 516 31 18 att
578 514 37 20 det
631 515 19 27 ej
666 521 51 14 vore
733 514 46 21 skäl
795 517 32 19 att
842 515 123 27 öfverväga,

140 550 33 14 om
190 544 40 20 den
247 542 83 21 medför
346 543 36 21 det
397 542 97 27 resultat,
510 550 49 13 man
575 542 88 22 dermed
679 543 86 28 åsyftar.

134 595 3 3 N
210 571 40 21 Om
267 579 48 13 man
331 572 69 21 skulle
416 571 100 22 betrakta
531 571 75 27 frägan
622 571 77 22 endast
713 572 48 21 med
778 571 101 22 afseende
895 573 14 20 &
923 572 41 21 den

139 600 70 21 fördel
222 600 131 27 jordbruket
369 600 71 20 kunde
456 600 62 20 deraf
532 600 85 24 erhålla,
634 600 68 20 skulle
715 600 38 28 jag
768 602 34 18 tro
819 600 37 21 det
867 600 98 22 enklaste

140 629 79 20 medlet
243 636 56 18 vara,
324 630 32 19 att
379 628 41 21 alla
443 628 106 21 boställen
572 628 99 28 försäljas
686 629 22 20 åt
723 628 104 27 enskilde,
845 629 68 21 ehuru
929 629 36 21 det

140 657 82 21 kanske
246 657 68 21 skulle
334 657 65 21 blifva
420 657 58 21 svärt
493 659 32 18 att
542 656 78 28 bevara
637 659 31 19 ett
683 658 24 20 sä
722 659 54 19 stort
791 658 76 26 rörligt
883 658 82 27 kapital

139 686 39 20 och
194 687 52 26 göra
263 686 118 20 detsamma
397 685 163 21 räntebärande.
583 685 102 28 Onskligt
700 687 31 25 är,
747 688 31 18 att
795 686 26 20 de
837 687 70 19 större
924 686 39 21 och

140 714 70 21 bättre
228 714 118 21 boställena
362 714 65 21 redan
439 714 30 20 till
481 714 190 21 arrendatorernes
681 721 55 21 egen
747 716 62 26 nytta
818 714 67 21 blifva
893 714 72 21 bättre

140 742 78 27 skötta,
235 742 40 21 och
292 742 58 21 alltid
367 743 41 20 kan
429 750 26 13 en
472 743 93 21 kontroll
581 743 61 20 öfver
657 742 48 21 dem
721 744 81 20 uträtta
817 744 73 26 nägot.
915 743 48 21 Men

139 771 26 21 de
182 771 90 27 mindre,
288 771 31 21 till
334 771 72 21 hvilka
419 772 39 26 jag
472 771 80 21 räknar
567 772 87 25 sådana,
671 778 44 14 som
732 772 19 27 ej
763 771 58 27 gifva
832 778 26 14 en
869 771 95 21 inkomst

139 800 61 20 öfver
218 801 24 19 12
259 802 77 18 tunnor
352 806 33 14 om
402 801 53 25 året,
464 801 36 19 äro
510 800 24 20 sä
545 800 130 26 beskaffade,
687 801 32 19 att
730 800 75 20 endast
817 800 147 20 bebrukarens

140 829 128 26 eganderätt
291 828 31 21 till
342 828 47 21 dem
410 828 41 21 kan
467 828 92 21 försätta
575 828 47 21 dem
639 828 6 21 i
661 828 37 21 full
713 828 111 21 vextkraft
840 828 39 21 och
896 828 67 21 skick.

140 856 127 21 Kontrollen
284 857 60 21 öfver
360 857 48 21 dem
424 857 42 20 kan
482 858 81 20 uträtta
578 857 64 26 högst
658 857 125 27 obetydligt.
813 856 50 21 Men
877 856 28 21 dä
915 857 48 20 kro-

140 892 41 13 nan
196 885 119 21 bibehäller
330 886 77 20 endast
422 885 26 21 de
466 886 69 20 bättre
552 885 127 27 boställena,
695 886 24 20 sä
729 885 40 20 blir
780 885 112 21 inseendet
903 885 61 21 öfver

139 913 49 21 dem
209 913 158 28 jemförelsevis
389 914 84 26 lättare,
496 921 34 14 om
551 914 40 20 den
608 913 27 22 dä
651 913 66 21 sedan
733 913 70 21 såsom
819 914 58 20 förut
893 913 70 21 öfver-

139 943 82 20 lemnas
244 943 22 20 ät
290 942 171 28 kronofogdarne
478 943 52 20 eller
547 943 26 27 pä
588 944 66 19 annat
670 944 49 23 sätt,
735 942 54 21 dock
806 942 20 27 ej
842 949 78 21 genom
937 949 26 14 en

139 971 55 20 skild
211 971 136 27 tjensteman.

209 999 49 21 Mitt
274 999 101 27 ödmjuka
390 999 81 27 förslag
488 999 38 21 blir
543 999 89 27 säledes,
649 1001 31 19 att
691 999 36 21 det
739 998 133 21 hedervärda
884 999 79 21 bonde-

139 1028 86 21 ståndet
241 1028 68 21 skulle
325 1029 73 20 förena
414 1028 33 27 sig
462 1028 6 20 i
484 1035 27 14 on
528 1028 133 27 underdänig
676 1027 100 28 petition:

208 1057 40 20 Att
271 1056 27 21 H.
318 1056 27 21 K.
367 1056 61 28 Maj:t
446 1057 70 20 skulle
533 1056 30 21 till
580 1055 184 22 förstkommande
779 1055 104 28 landtdag
899 1056 65 21 fram-

138 1085 64 28 lägga
224 1085 64 27 nädig
308 1085 132 28 proposition
456 1092 34 13 om
506 1085 154 28 försäljningen
677 1085 22 20 af
713 1085 26 20 de
755 1083 84 22 mindre
855 1084 40 21 och
911 1084 52 21 kon-

139 1114 77 20 trollen
232 1114 61 21 öfver
308 1113 26 21 de
350 1113 107 21 oförsälda
472 1113 125 21 boställena.

209 1142 136 28 Helsingfors
361 1143 41 20 den
418 1143 26 21 19
460 1141 105 22 Februari
582 1143 61 20 1872.

278 1171 27 20 M.
322 1171 104 20 Heikura.
617 1170 25 21 P.
659 1169 166 28 Kumpulainen.

277 1199 25 21 E.
318 1198 118 28 Rothberg.
619 1198 25 21 R.
661 1198 76 21 Niemi.

139 1235 44 14 som
206 1228 116 27 upplästes,
342 1227 39 22 och
398 1228 70 21 beslöt
483 1227 158 21 bondeståndet
656 1229 31 19 att
703 1226 70 21 denna
788 1226 89 28 petition
894 1226 70 21 skulle

139 1257 121 20 remitteras
285 1257 30 20 till
338 1257 163 20 statsutskottet
522 1258 55 19 samt
593 1258 32 19 att
641 1256 26 21 de
684 1255 123 28 respektive
823 1255 140 21 medständen

138 1285 67 21 borde
222 1285 98 27 inbjudas
336 1287 32 19 att
383 1285 6 20 i
406 1285 118 28 petitionen
540 1285 93 27 deltaga.

729 1314 21 15 In
763 1313 62 16 fidem:

686 1335 77 22 Konst.
779 1335 87 21 Hildén.

207 1370 101 21 Friherre
328 1370 74 28 Boije
423 1370 93 27 begärde
532 1370 61 21 ordet
610 1370 39 21 och
665 1369 95 28 yttrade:
785 1369 42 27 Jag
843 1369 68 20 skulle
927 1376 36 13 an-

139 1399 61 27 hålla,
225 1401 32 18 att
279 1399 48 20 med
343 1399 126 27 afgörandet
485 1399 23 20 af
522 1399 139 20 förenämnde
676 1398 126 27 inbjudning
818 1397 69 22 skulle
902 1397 62 21 anstå

138 1428 31 20 till
186 1428 48 20 dess
251 1427 173 21 statsutskottets
440 1427 137 21 betänkande
593 1427 4 20 i
607 1427 67 20 saken
685 1427 126 26 inkommer,
823 1426 40 21 och
872 1426 39 21 ber
919 1426 45 27 jag,

138 1457 70 20 såsom
232 1455 128 22 ordförande
383 1456 5 20 i
412 1455 170 27 statsutskottet,
602 1455 21 21 få
642 1455 97 28 upplysa,
759 1455 32 20 att
806 1455 75 27 frågan
897 1454 66 21 redan

137 1485 39 20 der
199 1486 24 18 är
246 1484 126 27 behandlad,
396 1485 23 20 så
442 1486 32 18 att
498 1483 146 22 betänkandet
667 1484 40 20 sist
725 1490 35 14 om
775 1489 28 15 en
819 1483 68 21 vecka
902 1482 61 21 torde

139 1512 64 22 blifva
219 1512 85 28 färdigt.
