1142 1786
209 110 41 21 242
525 109 39 16 Den
578 110 21 15 12
613 109 55 16 Mars.

181 167 35 21 fall
234 167 112 20 diskutera
362 166 40 21 och
418 166 55 20 fatta
489 165 69 21 beslut
574 172 62 14 anser
649 166 38 27 jag
703 165 86 21 derföre
805 165 48 21 icke
869 165 74 21 finnas.
974 164 33 22 En

181 203 70 14 annan
276 195 60 28 fräga
359 197 23 18 är
402 194 47 26 den,
470 194 104 21 huruvida
592 195 89 19 ärendet
697 195 41 19 kan
755 194 23 21 af
792 194 115 20 ständerna
922 194 85 27 afgöras

181 226 52 19 utan
250 224 41 20 den
308 223 67 21 andra
391 223 155 20 statsmaktens
564 223 63 20 bifall.
651 222 43 21 Det
711 223 40 20 blir
767 229 26 14 en
809 222 60 27 fräga
885 229 44 13 som
942 222 65 21 sedan

181 253 98 20 kommer
294 251 69 21 under
378 251 129 21 diskussion.
535 251 41 27 Jag
592 258 63 13 anser
671 252 23 19 sä
710 251 87 27 mycket
813 251 147 26 betänkligare
976 253 31 18 att

182 281 133 20 öfverlemna
330 281 90 19 ärendet
435 280 30 20 till
484 279 196 27 bankfullmäktige,
697 286 46 13 som
759 280 6 19 i
781 279 52 27 följd
850 280 22 19 af
886 282 30 17 ett
933 279 75 20 sädant

182 308 120 28 stadgande
318 308 160 26 otvifvelaktigt
494 314 25 14 en
537 314 68 14 massa
622 308 146 26 ansökningar
784 308 22 20 af
821 307 91 21 likartad
924 307 83 21 beskaf-

182 338 74 20 fenhet
273 337 85 20 komme
373 338 32 18 att
422 336 102 20 inlemnas
540 336 30 20 till
583 336 199 27 bankfullmäktige.
814 336 73 27 Nägon
900 336 55 26 gäng
966 336 41 20 kan

183 366 35 20 det
235 365 56 28 gälla
306 372 26 13 en
350 364 82 21 mindre
448 371 89 19 summa,
554 371 25 13 en
596 371 69 13 annan
682 364 56 27 gäng
755 372 25 12 en
797 366 76 24 större,
888 364 39 20 och
943 364 65 20 bank-

183 394 146 26 fullmäktiges
349 393 131 27 befogenhet
497 392 65 27 enligt
581 392 41 20 den
643 393 100 26 upplästa
759 393 39 20 och
816 392 120 27 äberopade
953 393 11 26 $
983 393 25 19 15

183 423 41 20 kan
244 422 48 20 icke
308 422 86 20 sträcka
410 422 33 26 sig
458 421 31 20 till
505 420 72 28 frågor
593 428 33 13 om
643 420 120 28 eftergifter
779 422 6 19 i
801 424 65 17 annat
882 421 41 25 fall,
941 422 24 19 än
983 420 26 20 dä

184 450 110 21 bristande
318 450 114 27 tillgångar
451 449 53 21 eller
522 449 79 21 ackord
617 451 38 25 gör
671 449 36 21 det
724 449 138 27 nödvändigt.
893 449 33 21 På
941 448 68 28 grund

184 480 22 20 af
228 479 55 21 hvad
305 479 38 27 jag
363 478 44 20 haft
428 480 50 18 äran
495 478 80 25 anföra,
592 478 68 20 skulle
673 478 40 27 jag
727 485 53 13 anse
797 480 32 18 att
845 478 164 20 bankutskottet

185 507 66 21 borde
267 507 23 20 af
304 506 151 28 ridderskapet
472 506 38 20 och
527 506 62 21 adeln
601 506 80 20 erhålla
692 506 99 27 uppdrag
803 509 38 23 att,
853 506 54 20 efter
918 507 5 19 i
938 508 71 18 ämnet

184 535 110 22 inhemtad
310 534 121 28 utredning,
448 534 49 20 med
513 535 37 19 sitt
566 534 136 21 betänkande
718 535 5 19 i
740 535 74 27 frägan
831 535 114 20 inkomma.

254 564 100 20 Friherre
377 571 47 13 von
446 562 81 21 Troil:
548 563 42 27 Jag
606 563 37 20 har
660 563 75 28 begärt
752 564 61 19 ordet
829 563 32 20 för
877 566 31 17 att
925 563 84 20 bemöta

184 595 67 25 nägra
267 593 23 19 af
304 592 25 20 de
345 592 131 27 föregäende
492 591 107 21 talarenes
614 592 30 19 uti
656 592 62 20 deras
730 591 151 27 andraganden
894 592 75 26 gjorda
980 592 30 19 in-

185 622 48 20 kast
250 624 58 17 emot
325 627 27 13 nu
368 620 165 27 ifrägavarande
549 620 90 20 ärendes
656 620 139 27 upptagande
811 620 30 20 till
854 620 105 27 pröfning,
971 619 38 21 och

184 651 32 19 får
240 649 84 21 således
341 648 118 26 framhålla,
480 650 30 18 att
531 649 48 19 herr
594 648 99 27 Pipping,
711 648 26 20 dä
755 650 40 18 han
813 649 26 26 pä
854 648 68 27 grund
938 648 23 20 af
974 655 36 13 an-

184 678 62 20 förda
269 677 168 27 lagstadganden
458 677 38 20 har
516 679 71 18 ansett
610 680 31 16 att
664 677 247 27 hypoteksföreningens
927 676 83 20 föreva-

185 706 66 21 rande
267 706 159 26 framställning
442 705 46 20 icke
504 705 6 20 i
526 705 47 27 laga
590 705 89 27 ordning
696 705 37 20 har
751 705 30 20 till
797 705 114 20 ständerna
929 705 81 20 inkom-

186 736 44 25 mit,
247 736 55 18 samt
318 736 32 18 att
366 733 118 21 ständerna
499 734 55 26 förty
571 734 47 20 icke
635 733 65 21 borde
717 734 126 20 densamma
858 735 102 25 upptaga,
976 734 35 19 be-

185 764 47 26 gått
255 770 26 13 en
305 762 159 27 inkonsegvens
488 762 51 26 deri,
563 764 32 18 att
613 762 40 20 ban
675 762 111 26 föreslagit
806 762 149 26 ridderskapet
971 761 39 21 och

186 792 60 20 adeln
271 794 31 17 att
326 790 110 21 remittera
454 790 74 27 frägan
548 790 30 20 till
599 790 198 27 bankfullmäktige,
819 790 47 20 med
885 790 126 27 uttryckligt

186 819 150 27 medgifvande
360 820 21 19 ät
397 818 134 27 fullmäktige
551 821 30 18 att
601 819 124 20 densamma
742 819 80 26 afgöra,
840 818 88 20 emedan
945 818 65 20 saken

186 855 77 21 genom
280 855 26 13 en
324 847 57 27 dylik
398 846 109 21 föreskrift
523 847 6 19 i
546 847 74 27 sjelfva
638 847 74 20 verket
729 847 69 20 skulle
816 847 63 20 blifva
895 847 22 19 af
932 846 79 20 ridder-

187 877 77 26 skapet
282 876 38 20 och
338 875 62 20 adeln
418 875 29 20 till
465 875 99 26 pröfning
580 878 115 24 upptagen.
722 876 40 19 Att
773 876 47 19 åter
831 876 115 19 ständerna
957 875 55 24 icke,

187 905 26 27 på
229 906 43 19 sätt
288 905 70 26 någon
374 903 23 20 af
411 903 26 20 de
453 903 130 28 föregående
599 903 95 21 talarene
710 903 84 27 antydt,
811 903 68 20 skulle
895 910 50 13 vara
962 904 49 19 ban-

187 934 53 19 kens
262 932 129 28 principaler
410 932 30 20 uti
461 939 51 12 rena
528 932 127 27 lånefrågor,
672 932 79 20 sådana
767 939 45 13 som
829 931 40 21 den
887 939 26 13 nu
930 932 81 20 föreva-

187 961 74 26 rande,
276 961 42 20 kan
332 961 38 26 jag
386 960 47 21 icke
449 960 57 20 finna
522 960 23 20 af
559 959 76 28 nådiga
650 960 154 27 förordningen
816 960 39 21 den
867 961 13 20 9
893 960 119 20 December

188 990 60 21 1867.
280 989 78 20 Första
381 989 11 26 $
416 989 45 20 deri
482 988 60 27 lyder
560 989 106 26 nemligen
683 988 100 21 sålunda:
801 1005 11 8 ,,
815 988 116 21 ständerna
946 991 67 18 emot-

187 1021 51 24 taga
253 1018 69 20 under
338 1017 32 20 sin
387 1017 129 26 förvaltning
532 1017 39 20 och
583 1017 137 27 ansvarighet
731 1017 27 20 de
770 1017 30 20 uti
813 1017 82 20 banken
907 1017 106 20 inrättade

187 1047 109 27 primitiva
315 1045 39 21 och
375 1045 218 27 hypoteksfonderna,
618 1045 71 21 hvilka
712 1045 96 20 derefter
823 1048 134 24 gemensamt
973 1045 39 20 och

187 1074 137 21 uteslutande
348 1073 51 21 bära
422 1080 63 14 namn
508 1073 23 20 af
548 1073 101 21 Finlands
669 1074 79 20 bankt.
768 1086 27 3 —
814 1073 32 21 En
864 1074 66 27 fråga,
947 1073 65 20 sådan

188 1110 45 14 som
250 1103 40 20 den
307 1109 28 14 nu
351 1102 149 25 förevarande,
516 1103 23 18 är
555 1102 66 26 enligt
636 1102 43 20 min
695 1102 66 20 tanke
777 1109 25 13 en
814 1109 37 14 ren
863 1102 150 27 förvaltnings-

187 1132 67 27 fråga,
278 1138 26 13 en
327 1130 61 27 fråga
404 1137 33 14 om
454 1130 90 20 anstånd
560 1130 49 21 med
626 1131 109 26 betalning
750 1131 49 20 utaf
813 1132 31 19 ett
858 1131 21 20 åt
895 1130 116 28 hypoteks-

187 1159 127 28 föreningen
334 1159 104 27 beviljadt
457 1159 43 26 lån;
520 1158 36 21 det
573 1159 102 20 omfattar
691 1159 47 20 icke
755 1159 68 27 någon
841 1159 65 20 sådan
923 1159 90 27 lagstift-

187 1187 148 29 ningsätgärd,
358 1194 46 13 som
424 1188 124 19 omnämnes
568 1187 30 20 uti
617 1188 23 20 11
658 1187 11 27 &
686 1187 23 20 af
723 1194 82 13 samma
820 1187 132 27 förordning,
969 1187 44 20 deri

187 1216 37 22 det
239 1216 63 21 heter
318 1217 32 20 att
365 1215 162 27 lagstiftningen
545 1215 89 21 rörande
652 1216 83 20 banken
753 1215 54 21 skall
825 1215 38 21 ske
874 1216 101 27 antingen
989 1216 25 26 på

188 1245 127 21 ständernas
334 1244 52 21 eller
402 1245 56 26 uppå
475 1244 137 27 regeringens
624 1244 97 20 initiativ.
746 1243 41 21 Om
799 1244 88 20 sålunda
899 1244 114 27 hypoteks-

186 1273 127 28 föreningen
330 1272 55 21 hade
402 1273 108 26 begagnat
526 1272 39 20 den
582 1273 23 20 af
619 1272 48 21 herr
684 1271 94 28 Pipping
789 1272 122 27 föreslagna
922 1274 91 25 utvägen

188 1305 31 18 att
243 1301 125 27 föreningen
392 1307 78 20 genom
494 1301 67 26 någon
581 1301 93 20 ledamot
693 1301 31 20 uti
745 1301 83 20 landets
844 1301 169 26 representation

188 1330 68 21 skulle
274 1329 63 21 hafva
353 1329 57 20 inom
426 1329 48 26 laga
490 1329 29 20 tid
538 1329 62 20 väckt
616 1329 90 27 petition
723 1335 35 14 om
775 1331 32 18 ett
825 1329 118 27 lagförslag
961 1329 53 20 ifrån

188 1358 28 21 H.
234 1357 26 22 K.
279 1358 59 27 Maj:t
354 1357 111 27 angående
481 1357 37 20 det
533 1357 22 20 åt
571 1357 124 27 föreningen
713 1357 108 27 beviljade
837 1357 57 20 lånet
910 1357 39 20 och
965 1357 49 20 dess

188 1387 138 26 amortering,
350 1386 23 19 så
397 1385 68 20 skulle
485 1386 129 20 åtminstone
631 1385 38 28 jag
688 1386 31 19 för
736 1386 43 20 min
796 1385 34 21 del
847 1385 64 21 hafva
926 1387 88 18 motsatt

187 1415 44 27 mig
247 1422 25 13 en
290 1414 40 20 slik
347 1414 101 27 petitions
465 1413 128 28 antagande,
609 1417 52 17 enär
676 1413 28 21 H.
723 1413 26 21 K.
767 1414 60 27 Maj:t
841 1414 34 20 vid
887 1413 75 20 sådant
973 1413 41 20 för-

188 1443 98 21 hållande
308 1442 54 21 hade
385 1442 45 21 haft
446 1442 47 20 fullt
512 1443 45 20 skäl
577 1444 30 19 att
623 1442 68 21 afvisa
708 1442 127 27 petitionen,
852 1443 70 20 såsom
939 1442 75 21 endast

188 1471 92 21 rörande
296 1470 96 20 bankens
409 1470 138 27 principalers
558 1471 51 19 eller
621 1471 126 20 ständernas
758 1472 49 19 rätt.
832 1470 32 21 På
875 1471 68 26 grund
956 1470 61 20 häraf

188 1500 41 20 kan
247 1500 39 27 jag
306 1499 47 21 icke
369 1498 58 21 finna
442 1500 33 19 att
490 1498 236 28 hypoteksföreningen
744 1498 31 21 uti
791 1499 70 21 denna
877 1498 38 20 sak
935 1498 80 21 kunnat
