1142 1786
216 106 40 21 112
512 107 38 15 Den
565 107 20 16 19
599 106 93 16 februari.

187 163 49 22 med
252 162 82 27 förslag
348 162 31 20 till
396 169 28 21 ny
440 162 145 28 skolordning,
601 162 69 21 under
685 162 140 28 iakttagande
841 162 22 21 af
873 162 25 21 de
910 162 106 21 allmänna

187 191 143 28 stadganden,
346 191 66 26 sagda
426 191 151 28 författningar
592 191 114 21 innehålla.

257 220 10 20 I
288 219 102 21 afseende
410 220 12 19 å
443 220 102 20 reformer
560 220 27 27 på
603 219 86 21 skolans
705 220 88 20 område
809 219 66 28 gäller
891 219 54 21 dock
958 221 57 19 ännu

187 256 59 14 mera
262 250 26 19 än
305 248 35 21 vid
356 248 74 26 andra,
446 250 31 19 att
493 249 26 20 de
535 249 33 20 för
583 250 31 19 att
630 248 67 21 verka
713 248 166 28 välsigneserikt
890 248 52 21 böra
953 248 62 20 verk-

188 277 73 22 ställas
285 276 50 21 med
357 278 92 25 yttersta
470 277 122 20 varsamhet
611 277 40 20 och
667 277 56 26 böra
743 284 56 20 noga
820 277 129 20 skärskådas
968 277 47 20 från

188 306 41 21 alla
245 305 65 26 sidor,
327 305 64 20 innan
408 304 26 21 de
450 306 66 19 sättas
527 305 6 20 i
546 305 81 20 verket.
653 305 70 21 Afven
735 305 41 20 den
788 306 79 20 största
878 304 137 21 individuella

188 335 104 26 förmåga,
310 332 130 22 understödd
456 333 24 21 af
493 333 35 21 det
543 334 116 27 redligaste
675 334 85 27 uppsåt,
777 334 41 20 kan
835 334 40 20 lätt
890 336 51 24 taga
954 333 62 21 miste

188 363 40 21 och
247 362 91 21 sålunda
356 361 66 21 verka
441 361 126 28 förderfligt,
587 362 38 20 der
644 362 37 20 det
699 362 69 27 gäller
783 364 31 19 att
830 362 27 28 på
873 362 84 27 engång
972 368 43 14 om-

188 391 94 28 gestalta
297 392 32 20 ett
344 390 44 21 helt
403 390 61 21 lands
480 390 201 21 skolförhållanden.
712 390 41 21 Om
771 390 40 22 den
827 391 57 26 slags
900 390 115 20 konserva-

188 420 57 26 tism,
262 426 45 14 som
324 419 98 20 misstror
437 418 74 28 hvarje
527 419 131 27 förändring,
674 420 64 20 hvars
755 426 56 21 gagn
827 420 20 27 ej
862 419 69 21 blifvit
947 419 27 26 på
985 420 31 18 ett

189 448 47 21 fullt
252 447 156 28 öfvertygande
425 448 43 20 sätt
483 448 118 27 ådagalagd
617 448 40 20 och
673 448 22 20 af
709 448 150 20 erfarenheten
873 447 104 27 bestyrkt,
989 459 26 3 —

190 484 41 20 om,
251 478 64 26 säger
332 476 45 27 jag,
397 476 70 21 denna
485 476 156 21 konservatism
663 476 145 27 nägonstädes
824 478 23 19 är
862 476 27 27 på
905 476 31 20 sin
953 475 62 28 plats,

190 506 23 20 så
236 506 23 20 är
278 505 36 20 det
334 504 44 20 helt
396 504 54 21 visst
468 504 6 20 i
494 505 79 27 skolan,
591 505 37 20 der
643 505 76 27 hvarje
735 505 104 21 obetänkt
854 504 123 27 förändring
993 504 24 20 så

190 534 39 21 lätt
248 533 41 21 kan
310 534 56 19 sätta
385 533 27 27 på
432 533 45 27 spel
495 533 48 21 hela
558 534 161 27 generationers
736 534 84 27 andliga
836 533 39 21 och
892 532 124 28 kroppsliga

191 562 89 21 välfärd.
304 561 28 22 Ja
347 569 48 13 man
412 561 41 21 kan
470 564 74 26 tryggt
560 562 67 27 påstå,
644 564 31 19 att
687 562 107 21 reformen
806 569 45 14 som
863 562 74 26 sådan,
949 561 67 20 ehuru

191 591 100 21 stundom
308 590 130 27 oundviklig,
455 590 63 20 likväl
532 591 59 21 alltid
602 591 33 20 för
646 591 75 21 skolan
733 591 82 20 medför
826 591 121 27 olägenhet,
959 596 57 14 eme-

191 620 40 20 dan
251 619 41 21 den
312 618 129 28 välgörande
457 619 120 27 inflytelsen
597 619 23 21 af
639 619 74 21 skolan
733 620 28 26 på
778 619 80 21 hennes
875 619 95 20 alumner
985 618 31 20 till

191 655 26 14 en
241 647 121 27 väsendtlig
385 647 33 21 del
439 647 63 21 beror
518 648 45 27 just
583 648 22 20 af
621 648 165 28 orubbligheten
805 648 6 20 i
830 648 79 20 hennes
926 646 90 27 ordning

191 677 39 20 och
250 677 164 27 konseqvensen
434 676 6 20 i
460 677 79 19 hennes
558 676 165 28 förfaringssätt.
754 676 41 27 Då,
811 676 70 20 såsom
897 675 59 21 fallet
972 675 43 20 må-

192 705 69 21 hända
276 705 33 20 för
325 704 133 20 närvarande
474 706 22 19 är
513 704 37 21 hos
567 712 40 19 oss,
624 712 25 13 en
664 705 78 21 reform
755 704 23 22 af
788 704 151 22 skolväsendet
950 704 5 20 i
967 704 49 20 dess

191 734 72 20 helhet
281 733 70 21 blifvit
370 733 128 27 nödvändig,
517 734 34 20 må
569 740 48 14 man
633 734 130 20 åtminstone
779 733 115 21 verkställa
910 732 106 21 reformen

192 763 30 26 så,
238 764 32 18 att
285 762 24 20 så
325 761 46 21 litet
388 768 44 14 som
449 762 82 27 möjligt
546 762 45 20 åter
608 762 103 20 behöfver
725 764 64 25 göras
805 769 41 13 om.

261 790 67 20 Detta
344 790 122 21 önskvärda
482 790 41 21 mål
539 790 49 26 kan,
605 790 69 21 såvidt
687 791 38 27 jag
740 790 80 21 förmår
835 790 52 26 inse,
905 791 19 26 ej
941 796 75 14 annor-

192 819 64 21 lunda
276 819 82 26 vinnas,
377 820 25 18 än
424 821 30 18 att
474 819 204 27 reorganisationen,
697 820 46 20 före
760 819 37 20 sitt
813 819 84 27 slutliga
913 818 104 21 verkstäl-

192 848 69 25 lande,
280 849 57 19 ännu
357 847 143 21 underkastas
518 854 26 14 en
560 848 96 26 offentlig
672 848 133 27 granskning
820 847 39 21 och
876 846 88 22 framför
980 847 37 20 allt

192 876 142 21 öfverlemnas
355 875 31 20 till
407 876 125 20 ständernas
552 876 117 20 utlåtande.
701 876 48 20 Med
769 876 100 20 afseende
888 876 73 26 härpå,
977 875 38 20 och

194 905 48 20 med
258 904 48 21 stöd
320 904 80 27 jemväl
416 904 22 20 af
453 905 11 26 $
482 905 25 20 75
523 904 5 20 i
541 904 240 27 landtdagsordningen,
793 904 87 21 hvarest
891 904 125 20 förutsättes

194 933 138 27 möjligheten
356 932 23 21 af
396 933 36 20 det
450 933 36 20 fall
505 935 31 18 att
557 933 26 20 H.
600 933 27 20 K.
644 933 61 27 Maj:t
720 933 107 20 infordrar
842 933 127 20 ständernas
984 934 32 18 ut-

193 962 85 21 lätande
294 961 6 20 i
316 961 41 20 mäl
373 961 111 27 angäende
501 961 104 20 allmänna
621 961 163 27 hushällningen
800 961 52 21 eller
867 961 106 20 allmänna
987 961 30 20 in-

193 990 126 27 rättningar,
336 990 32 20 får
383 990 39 20 hos
438 990 114 27 höglofliga
567 990 150 27 ridderskapet
733 990 41 20 och
789 990 60 20 adeln
859 990 38 27 jag
909 989 108 21 vördsamt

193 1019 85 25 föreslä,
298 1018 36 21 det
353 1018 114 27 höglofliga
486 1018 85 21 ständet
592 1019 48 20 ville
658 1019 67 26 jemte
742 1018 140 21 medständen
898 1018 31 20 till
946 1017 27 21 H.
990 1017 25 21 K.

194 1047 61 28 Maj:t
271 1047 50 27 ingä
337 1046 48 21 med
401 1053 25 14 en
442 1047 132 27 underdänig
589 1047 91 26 petition
697 1047 22 20 af
733 1047 102 20 innehäll:

262 1075 40 21 Att
318 1075 40 20 den
376 1082 26 13 nu
419 1075 123 28 päbegynta
557 1075 198 28 reorganisationen
771 1075 23 20 af
807 1075 210 21 elementarlärover-

194 1105 48 26 ken,
258 1104 110 21 äfvensom
385 1104 25 20 de
427 1104 77 27 nädiga
518 1104 177 27 förordningarne
707 1103 22 21 af
739 1104 40 20 den
791 1105 26 20 30
829 1103 122 21 November
964 1103 51 21 1871

193 1133 47 21 icke
263 1133 107 20 definitivt
392 1132 66 21 måtte
478 1134 66 19 sättas
563 1133 6 20 i
588 1133 82 26 verket,
689 1133 64 20 innan
769 1133 20 27 ej
805 1133 89 20 allenast
909 1132 107 27 förslagen

193 1162 31 20 till
241 1161 66 28 sagde
327 1161 176 27 reorganisation,
522 1161 26 28 på
564 1162 42 19 sätt
622 1161 59 21 fallet
697 1161 55 20 varit
768 1161 47 21 med
832 1161 55 26 dem,
904 1167 45 14 som
965 1167 52 20 upp-

193 1190 87 28 gjordes
300 1190 23 20 af
338 1190 53 21 1865
406 1190 34 20 års
457 1190 134 26 skolkomité,
608 1189 69 21 blifvit
693 1189 179 28 offentliggjorda,
889 1192 49 17 utan
955 1189 62 20 äfven

195 1219 27 20 H.
239 1218 32 25 K,
282 1218 62 27 Maj:t
360 1225 49 14 vare
426 1218 32 27 sig
473 1218 35 21 vid
524 1218 69 21 denna
609 1218 51 21 eller
672 1218 34 21 vid
718 1218 177 21 nästkommande
909 1217 108 28 landtdag,

194 1248 5 19 i
216 1247 66 20 nåder
297 1247 104 20 infordrat
417 1247 125 20 ständernas
559 1247 109 22 utlåtande
680 1247 110 27 angående
802 1247 26 20 de
839 1247 105 20 allmänna
955 1253 62 20 grun-

194 1276 67 20 derna
276 1275 33 20 för
325 1275 163 21 skolväsendets
504 1275 118 27 ordnande;
640 1275 71 21 hvilka
726 1275 95 28 grunder
834 1275 68 20 skulle
913 1275 105 20 innefatta

195 1304 160 27 bestämningar
374 1311 44 13 om:
439 1305 44 26 1:0)
503 1304 164 27 skolstyrelsens
689 1304 156 27 organisation;
867 1304 46 27 2:0)
936 1303 26 20 de
981 1303 36 20 all-

194 1334 78 19 männä
288 1334 57 19 arter
361 1333 23 20 af
398 1332 233 27 elementar-läroverk,
647 1339 44 14 som
708 1332 6 20 i
731 1333 72 20 landet
819 1333 50 20 böra
884 1332 77 27 finnas;
973 1332 45 27 3:0)

195 1361 36 20 det
250 1361 166 27 hufvudsakliga
435 1361 109 27 angäende
563 1361 149 20 lärokurserna
729 1361 109 20 äfvensom
855 1360 116 21 lärotidens
986 1363 32 18 ut-

196 1390 134 26 sträckning;
346 1390 43 26 4:0)
406 1389 26 21 de
447 1390 146 26 grundsatser,
605 1389 66 28 enligt
683 1389 72 20 hvilka
766 1397 41 20 nya
819 1389 72 20 skolor
903 1389 52 20 böra
966 1396 52 20 upp-

195 1420 67 19 rättas
281 1417 39 21 och
336 1418 69 27 gamla
421 1418 110 27 indragas;
547 1419 46 25 5:0)
609 1418 94 27 språket,
719 1418 80 27 hvarpä
816 1417 180 28 undervisningen
1013 1418 5 19 i

195 1447 105 20 särskilda
320 1446 72 20 skolor
412 1447 38 20 bör
468 1447 119 26 meddelas;
603 1447 43 26 6:0)
663 1447 110 20 elevernas
790 1446 109 27 skolafgift
915 1447 39 19 och
970 1446 48 20 dess

195 1475 87 28 belopp;
307 1475 41 26 7:0)
370 1476 94 20 lärarnes
488 1476 98 26 aflöning.
618 1475 73 20 Skulle
710 1475 73 27 frågan
805 1482 34 12 om
855 1475 163 19 skolväsendets

194 1504 109 23 ordnande
323 1503 54 21 först
396 1504 34 20 vid
452 1504 177 20 nästkommande
642 1503 103 27 landtdag
760 1503 121 28 föreläggas
897 1504 121 24 ständerna,
