1142 1786
213 123 27 20 78
508 123 40 16 Den
562 124 19 16 16
595 124 94 16 Februari.

183 178 79 21 Härtill
277 178 98 21 kommer
390 180 32 19 att
438 178 26 21 de
480 178 132 28 förbättrade
628 179 241 22 kommunikationerna
879 180 7 20 i
897 180 63 21 södra
971 180 41 21 och

184 209 59 18 östra
258 207 92 20 Finland
362 207 96 21 alltmera
469 207 77 21 isolera
557 207 26 21 de
595 207 179 22 Österbottniska
784 209 159 26 kuststäderna,
955 215 57 14 eme-

184 235 41 21 dan
242 235 41 20 den
300 242 42 13 ena
357 235 186 28 upplandssocken
559 236 54 21 efter
629 237 40 20 den
685 237 79 26 andra,
776 237 48 21 med
835 237 48 20 hela
895 237 31 20 sin
937 237 74 27 trafik,

184 263 61 21 faller
260 263 24 21 af
297 263 55 21 ifrån
368 263 117 22 hamnarne
501 265 35 20 vid
552 264 161 28 Bottenhafvet,
730 265 33 21 för
776 267 32 19 att
821 266 68 21 vända
899 265 33 28 sig
942 266 32 20 till
985 266 26 20 de

184 292 89 26 söderut
289 291 35 21 vid
340 291 171 22 Saima-vattnen
527 293 90 27 belägna
633 293 106 21 städerna.

254 320 144 21 Österbotten
417 322 23 20 är
458 321 74 21 vidare
551 321 54 21 hvad
625 328 49 14 man
690 322 73 20 kunde
778 322 57 21 kalla
850 324 31 18 ett
892 322 119 28 framtids-

184 349 60 21 land.
261 348 10 21 I
280 348 125 28 jemförelse
416 349 49 21 med
476 350 63 20 södra
550 350 39 20 och
601 350 109 21 mellersta
720 350 102 27 Finland,
832 350 39 21 der
881 350 26 21 de
919 351 92 27 odlings-

184 378 52 20 bara
255 378 122 25 markerna,
396 378 24 20 af
435 378 62 28 ringa
514 378 92 28 omfång,
622 380 37 19 äro
675 378 110 21 inklämda
801 379 90 21 emellan
907 381 31 19 ett
953 379 58 20 antal

185 406 23 20 af
225 406 58 27 sjöar
299 406 41 26 och
355 406 157 28 granitklippor
527 409 54 18 samt
597 407 47 21 icke
660 407 89 27 mycket
765 408 72 20 kunna
852 407 109 28 utvidgas,
979 414 32 14 er-

185 434 65 28 bjuda
266 434 27 21 de
309 434 177 21 Österbottniska
502 435 103 21 slätterna
619 436 34 20 för
669 436 152 20 århundraden
836 436 79 20 framåt
930 436 82 20 tillfälle

185 463 32 20 till
240 462 128 29 nyodlingar
390 463 52 21 eller
460 463 31 21 till
510 464 148 20 betesmarker
674 464 34 20 för
727 464 79 21 talrika
821 464 190 28 boskapshjordar.

186 490 208 28 Skogsrikedomen,
411 491 54 21 huru
482 492 95 21 sköflade
595 492 106 28 skogarne
717 493 32 20 uti
765 493 58 21 vissa
839 493 82 21 trakter
937 494 27 19 än
978 493 35 20 må

185 526 62 20 vara,
262 519 95 27 framgår
372 526 25 14 ur
412 520 36 20 det
463 520 93 27 faktum,
572 522 32 19 att
615 520 172 28 kronojordarne
798 521 69 21 allena
877 522 58 20 inom
946 520 65 22 Uleå-

186 548 64 27 borgs
266 548 35 20 län
318 549 96 27 upptaga
428 555 26 14 en
471 556 51 14 area
537 549 23 21 af
577 549 60 21 öfver
648 550 28 20 20
687 549 99 28 miljoner
796 550 126 27 tunneland,
934 550 77 21 medan

186 577 26 21 de
228 577 6 20 i
250 577 49 20 hela
314 576 36 21 det
367 577 68 27 öfriga
450 577 72 21 landet
538 578 197 27 tillsammantagna
751 579 82 27 knappt
848 579 79 27 belöpa
937 579 33 27 sig
980 578 32 20 till

186 604 137 22 tiondedelen
339 605 23 21 af
376 605 70 21 denna
461 612 57 14 area.
543 606 102 21 Elfvarne
661 606 100 28 erbjuda,
777 607 92 21 förutom
887 606 67 21 andra
968 606 43 21 för-

186 640 80 20 moner,
283 634 52 20 flere
351 634 23 20 af
382 634 26 20 de
420 634 81 21 ädlaste
512 634 106 28 fiskeslag,
628 642 45 13 som
685 635 98 21 leverera
795 642 25 14 en
833 635 79 28 dyrbar
924 637 86 26 export-

186 669 58 19 vara,
268 662 40 20 och
332 662 96 28 sjöarnes
448 663 40 20 och
503 670 111 20 myrornas
630 663 75 21 botten
721 664 108 20 innehålla
844 664 56 27 goda
915 664 96 25 malmer,

186 690 73 21 hvilka
277 690 64 27 dock,
358 691 6 19 i
380 691 106 21 anseende
502 692 30 19 till
549 692 226 20 kommunikationens
790 692 45 20 usla
852 692 159 26 beskaffenhet,

185 719 59 27 ligga
259 718 57 21 döda
332 719 40 21 och
388 719 130 21 ofruktbara.
544 720 43 20 Det
602 720 132 27 nordligaste
748 720 141 28 landskapets
905 721 107 27 naturliga

186 747 129 28 hjelpkällor
334 749 37 19 äro
391 748 89 20 sälunda
496 748 22 20 af
532 748 39 20 den
589 748 159 27 beskaffenhet,
765 751 32 18 att
813 749 26 21 de
855 749 58 27 gifva
928 749 83 27 verklig

186 776 145 27 förhoppning
354 782 34 14 om
412 778 30 18 att
460 777 6 19 i
486 783 26 14 en
530 776 47 21 icke
598 776 71 21 alltför
685 777 95 27 aflägsen
797 777 86 21 framtid
899 778 70 20 lemna
985 784 25 14 en

184 804 93 28 jernväg
296 811 60 13 mera
374 805 170 27 sysselsättning,
564 806 26 19 än
608 812 49 14 man
673 806 6 20 i
696 806 65 20 södra
776 805 101 27 Finland,
893 806 35 20 vid
944 806 67 20 första

186 832 116 28 påseende,
319 833 103 21 måhända
440 840 50 14 vore
506 834 96 26 benägen
619 836 32 18 att
667 834 115 27 medgifva.

256 860 37 22 Må
308 868 49 14 man
372 861 48 21 icke
436 862 66 20 heller
516 862 127 27 förglömma
659 862 72 21 hvilka
743 863 104 27 ofantliga
857 862 102 21 förluster
969 862 42 21 till-

186 890 105 27 skyndats
307 890 26 19 de
350 896 63 14 norra
428 890 61 21 länen
504 897 75 20 genom
591 890 169 27 missvextåren;
773 891 112 20 huruledes
893 891 116 27 jordegen-

187 918 87 26 domen,
290 917 84 28 tillfölje
390 918 92 25 härutaf,
499 919 52 20 fallit
570 919 2 20 i
589 919 65 20 värde
670 919 40 20 och
725 919 27 20 de
763 919 87 28 fattiges
862 919 67 27 antal,
939 926 71 14 exem-

187 947 67 26 pelvis
273 947 57 20 inom
349 946 121 28 Uleåborgs
489 947 43 26 län,
547 947 61 27 stigit
624 947 31 20 till
671 948 78 25 20,000
765 948 27 27 på
807 955 26 13 en
850 947 125 28 -befolkning
991 948 22 20 af

187 975 75 20 inalles
283 975 91 26 180,000
392 981 104 21 personer
513 988 27 3 —
558 976 39 20 och
613 983 48 13 man
678 976 53 20 skall
747 976 48 21 icke
813 976 71 21 kunna
900 977 63 24 neka,
979 978 32 19 att

187 1005 32 19 ett
238 1003 109 21 verksamt
368 1003 118 21 botemedel
505 1005 23 19 är
547 1004 23 21 af
586 1004 77 27 högsta
679 1004 67 21 behof
760 1005 39 20 och
815 1005 24 20 af
852 1005 69 20 nöden
937 1005 74 27 påkal-

186 1031 54 27 ladt,
264 1031 40 21 och
322 1031 81 21 hvilket
422 1032 71 21 kunde
512 1033 33 20 väl
564 1033 65 20 blifva
647 1033 167 26 verksammare,
833 1034 27 19 än
879 1033 36 20 det
935 1033 76 27 ifråga-

187 1060 101 21 varande.
312 1060 113 27 Allmogen
442 1061 50 27 sjelf
506 1067 62 21 synes
585 1061 23 20 så
623 1061 132 20 intresserad
771 1062 33 19 för
815 1061 76 27 saken,
902 1063 31 19 att
945 1062 66 27 några

187 1089 23 20 af
224 1088 48 21 dess
288 1091 174 25 representanter
479 1089 33 20 vid
528 1089 133 21 närvarande
676 1089 103 28 landtdag
794 1090 33 20 för
842 1090 43 27 mig
895 1090 114 27 förklarat,

187 1119 33 18 att
238 1117 26 21 de
280 1118 12 20 å
308 1117 46 20 sine
369 1117 171 21 kommittenters
557 1119 80 26 vägnar
652 1118 75 21 trodde
744 1119 33 26 sig
792 1119 73 20 kunna
879 1118 132 21 tillförsäkra

186 1146 48 20 icke
250 1146 90 21 allenast
356 1145 150 22 kostnadsfritt
520 1147 131 26 upplåtande
668 1147 23 20 af
705 1147 61 20 mark
781 1147 31 20 till
823 1147 126 28 jernvägen,
959 1149 50 18 utan

188 1175 40 20 ock
243 1174 55 21 ända
314 1174 32 20 till
362 1175 40 19 100
418 1175 183 27 hästdagsverken
618 1175 91 27 årligen,
724 1175 129 21 vintertiden
865 1175 39 21 och
915 1176 58 20 inom
984 1182 26 14 en

187 1203 43 20 viss
246 1210 67 20 rayon
328 1202 55 21 ifrån
399 1202 40 22 den
456 1203 107 21 blifvande
579 1203 71 21 linien.
679 1202 70 22 Afven
766 1203 121 27 Uleåborgs
903 1204 58 20 stads
977 1210 33 14 re-

187 1233 150 26 presentanter
352 1230 65 22 hafva
433 1232 83 21 erhällit
531 1232 7 20 i
553 1232 104 28 uppdrag,
673 1234 32 19 att
721 1232 70 21 uttala
806 1232 33 27 sig
854 1232 33 21 för
898 1232 111 28 jernvägs-

187 1260 155 27 anläggningar
358 1259 30 21 till
404 1260 71 21 Norra
490 1260 97 21 Finland.

256 1288 75 21 Redan
351 1288 35 21 vid
406 1288 56 21 förra
481 1289 129 27 landtdagen
626 1289 97 27 yttrades
737 1289 42 20 den
795 1289 92 26 önskan,
903 1291 32 18 att
949 1296 61 20 rege-

187 1317 73 27 ringen
277 1317 67 20 mätte
359 1316 111 28 förelägga
485 1317 82 20 landets
583 1317 88 21 ständer
687 1319 31 19 ett
733 1317 81 28 förslag
829 1317 31 20 till
869 1318 141 27 jernvägsnät

186 1345 33 20 för
239 1345 47 20 hela
305 1345 79 20 landet.
415 1345 77 21 Denna
510 1345 125 21 ständernas
654 1346 82 21 önskan
753 1346 56 21 lärer
824 1346 107 21 såtillvida
946 1346 64 21 hafva

186 1373 70 21 blifvit
275 1373 107 28 uppfylld,
401 1376 31 18 att
451 1381 27 14 en
496 1374 75 21 okulär
589 1374 124 27 besigtning
730 1374 116 28 försiggått
865 1375 39 20 och
920 1381 26 14 en
963 1375 46 20 här-

187 1403 57 27 uppå
260 1402 96 27 grundad
372 1402 89 21 relation
478 1409 33 14 om
528 1403 138 27 möjligheten
683 1405 31 18 att
729 1403 7 20 i
750 1403 57 20 vissa
817 1403 150 27 sträckningar
977 1405 32 18 ut-

186 1431 47 20 föra
246 1431 230 27 jernvägsbyggnader
492 1431 95 20 kommer
598 1433 31 18 att
640 1431 32 20 till
683 1431 126 21 ständernas
820 1431 120 20 kännedom
951 1431 58 20 med-

187 1459 65 20 delas.
278 1459 32 20 Då
326 1459 36 20 det
378 1459 119 21 emellertid
512 1459 116 21 tillsvidare
644 1461 23 19 är
683 1460 96 25 osäkert,
795 1459 55 21 hvad
866 1460 75 27 åtgärd
953 1461 56 19 stän-

186 1487 70 21 derna
272 1487 72 21 kunna
362 1487 58 21 finna
439 1488 32 26 sig
486 1488 119 20 föranlåtna
621 1490 32 18 att
668 1488 48 20 med
734 1488 115 27 anledning
865 1488 87 20 härutaf
965 1488 44 21 vid-

186 1518 51 25 taga
252 1516 40 20 och
309 1516 233 28 landtdagsordningen
561 1516 112 28 tillstädjer
689 1523 26 13 en
731 1516 94 28 tidrymd
842 1517 23 20 af
878 1516 89 21 allenast
983 1518 27 20 14
