1142 1786
448 111 38 15 Den
501 110 21 15 20
536 109 94 16 Februari.
888 110 38 19 147

127 167 95 27 påkallas
246 167 33 19 för
302 165 60 21 detta
385 166 69 20 ämne.
490 165 104 21 Tvärtom
618 165 68 27 afgafs
707 165 65 20 redan
793 165 33 20 vid
849 166 52 21 1863
922 167 33 19 års

127 195 102 27 landtdag
245 201 26 14 en
287 194 133 26 underdånig
437 194 90 26 petition
546 193 4 20 i
566 193 135 21 omförmäldt
717 193 56 27 syfte
790 193 38 21 och
842 193 114 28 förnyades

129 223 35 20 vid
180 226 86 17 senaste
282 222 102 27 landtdag
402 222 60 20 1867.
487 221 48 21 Men
552 222 27 20 då
595 221 66 28 derpå
676 221 63 27 ingen
755 222 76 26 åtgärd
848 222 53 27 följt,
919 223 37 20 har

126 253 38 26 jag
179 251 69 20 funnit
265 251 43 27 mig
326 250 131 28 uppfordrad
478 252 32 18 att
527 251 35 20 vid
578 251 61 19 detta
654 249 81 21 tillfälle
751 250 126 27 ytterligare
892 251 64 20 fram-

128 280 57 20 hålla
203 279 92 21 nämnda
310 279 168 26 önskningsmål,
494 279 89 20 emedan
601 279 80 26 frågan,
697 278 33 20 för
747 279 39 20 den
804 282 33 17 ort
854 279 39 20 den
910 281 46 19 när-

128 311 56 17 mast
199 308 73 27 angår,
288 308 64 26 utgör
368 314 25 13 en
410 306 102 28 lifsfråga,
529 314 44 13 som
590 309 61 18 orten
668 306 47 20 icke
731 306 41 21 kan
790 307 43 20 låta
849 307 55 26 falla,
917 308 39 20 och

128 336 90 21 emedan
232 336 39 27 jag
287 342 63 14 anser
366 335 36 20 det
418 342 51 14 vara
484 335 34 20 för
533 336 43 26 mig
592 342 27 13 en
635 334 40 21 lika
693 334 39 28 dyr
748 342 44 13 som
805 335 39 21 kär
855 335 59 28 pligt,
926 338 31 18 att

129 365 38 20 här
183 364 107 28 uppträda
306 364 68 20 såsom
392 364 103 20 målsman
511 363 34 21 för
561 363 91 20 nämnde
669 367 38 16 ort.

198 392 49 21 Just
264 392 88 20 emedan
368 392 74 27 frågan
459 392 47 20 icke
523 394 23 18 är
562 398 34 21 ny,
613 391 62 21 torde
686 391 36 20 det
733 392 47 20 icke
792 399 51 13 vara
853 392 103 28 behöfligt

130 424 31 18 att
178 424 96 24 upptaga
290 420 115 28 höglofliga
420 420 98 20 ståndets
534 420 31 20 tid
581 420 48 20 med
646 420 69 27 någon
732 420 4 20 i
753 420 66 27 detalj
831 420 82 28 gående
924 424 33 17 ut-

129 450 102 27 läggning
247 449 23 21 af
284 451 81 18 ämnet:
388 448 42 28 Jag
446 449 128 20 inskränker
590 448 43 27 mig
647 448 85 20 derföre
748 448 31 20 till
795 451 32 18 att
843 449 55 21 blott
912 456 45 14 om-

129 480 78 18 nämna
230 480 38 24 att,
293 478 65 26 enligt
383 477 54 20 hvad
459 478 37 26 jag
521 477 54 20 varit
593 477 4 19 i
617 476 83 21 tillfälle
719 476 103 27 inhemta,
842 484 39 14 sex
897 478 12 20 &
923 478 34 27 sju

129 507 80 19 slussar
232 506 69 20 skulle
324 505 106 21 erfordras
450 505 33 20 för
503 508 31 17 att
555 506 52 26 göra
623 505 40 20 den
680 505 89 27 ungefär
785 506 42 27 61/,
843 506 36 20 mil
894 506 63 27 långa

129 534 66 21 Pielis
212 534 30 21 elf
256 534 47 20 fullt
320 534 118 27 navigabel,
455 534 120 27 hvarjemte
588 534 39 26 jag
643 540 62 14 anser
716 534 42 26 mig
769 534 53 21 böra
833 535 71 20 erinra
916 542 41 18 om,

130 565 32 18 att
185 570 78 20 genom
282 563 60 20 detta
358 562 234 27 kanaliseringsarbete
609 564 31 19 ett
656 562 91 20 tillskott
763 562 30 20 till
810 563 147 21 kommunika-

130 592 73 20 tionen
220 591 49 21 med
285 591 72 20 Saima
374 591 60 19 kanal
452 591 68 19 skulle
537 591 74 19 vinnas
627 590 22 20 af
664 590 89 27 ungefär
769 591 55 26 171/,
841 592 41 24 mil,
899 593 5 19 i
920 593 38 26 thy

130 622 32 18 att
178 620 98 20 Pielinen
292 620 55 26 insjö
363 626 62 13 anses
442 619 55 20 hålla
515 620 23 19 11
557 619 35 20 mil
608 619 5 19 i
630 618 64 27 längd
711 619 37 20 och
765 618 66 21 Pielis
848 620 31 20 elf
888 620 69 20 såsom

130 648 67 21 redan
220 647 103 21 nämndes
344 648 41 25 61/,
404 647 42 26 mil,
471 647 83 21 hvadan
574 654 76 20 genom
668 647 69 20 denna
752 654 42 21 nya
810 648 147 21 kommunika-

130 676 107 21 tionslinie
254 676 148 20 inkomsterna
416 675 34 21 för
466 676 92 20 nämnde
575 676 64 20 kanal
655 676 4 19 i
677 675 46 21 icke
740 676 61 27 ringa
812 683 48 14 mon
873 677 85 20 komme

132 707 32 19 att
186 704 61 22 ökas.
279 704 104 27 Slutligen
407 704 37 20 ber
461 704 38 27 jag
519 706 31 24 att
570 704 21 20 fä
610 704 101 27 päminna
727 711 39 19 om,
783 706 32 18 att
831 705 48 21 hela
894 712 64 14 norra

131 733 95 21 Karelen
250 733 40 21 och
314 740 25 13 en
362 732 95 28 betydlig
476 732 33 21 del
529 732 23 21 af
568 732 85 28 Kajana
671 732 64 20 härad
751 732 22 21 af
787 732 121 28 Uleåborgs
924 734 33 20 län

131 762 86 20 komme
217 756 15 36 i
254 761 82 21 tillfälle
353 763 30 18 att
398 761 60 27 längs
475 761 70 21 denna
560 768 42 20 nya
614 762 116 26 vattenväg
741 760 48 21 med
800 761 78 21 lätthet
893 762 65 20 fram-

130 790 66 21 forsla
219 790 47 20 sina
288 790 63 26 högst
375 789 116 21 värdefulla
515 789 75 28 skogs-
610 789 40 21 och
673 789 235 27 ladugärdsprodukter
927 791 31 19 till

131 818 97 21 Joensuu
252 818 54 26 stad,
330 819 64 19 hvars
418 818 172 27 företagsamme,
615 818 86 26 driftige
724 818 92 27 köpmän
834 826 41 20 nog
891 819 68 20 skulle

131 848 58 26 sörja
197 847 35 20 för
243 846 90 21 nämnde
346 846 128 27 produkters
487 846 74 20 vidare
574 846 114 20 befordran
701 846 30 20 till
746 846 212 22 verldsmarknaden.

201 875 10 20 I
228 875 47 20 stöd
292 875 22 20 af
328 874 55 21 hvad
396 875 38 26 jag
450 875 38 20 här
504 874 45 21 haft
566 876 49 19 äran
633 874 101 27 andraga,
748 875 61 20 utber
823 876 38 27 jag
877 876 43 27 mig
928 878 31 17 att

132 903 111 21 vördsamt
266 903 21 20 få
309 903 85 23 föreslå,
418 905 30 18 att
469 903 115 27 höglofliga
600 903 53 20 ridd.
671 903 39 20 och
727 903 32 20 ad.
777 903 48 20 ville
841 903 30 20 till
888 903 27 21 H.
932 903 26 21 K.

132 931 62 28 Maj:t
209 932 50 27 ingä
275 931 48 20 med
340 938 26 13 en
383 931 132 27 underdänig
532 931 89 27 petition
639 931 80 26 derom,
735 934 31 17 att
777 931 66 21 Pielis
855 932 29 20 elf
894 932 65 21 redan

131 961 6 20 i
154 961 41 20 den
212 962 98 18 snaraste
325 959 113 21 framtiden
461 960 66 20 mätte
547 960 100 20 försättas
668 960 5 19 i
690 959 47 21 fullt
752 960 123 27 navigabelt
892 961 67 26 skick,

132 989 37 20 allt
184 989 54 19 fram
255 988 30 20 till
302 988 95 20 Joensuu
415 988 54 25 stad,
488 988 119 27 hvarjemte
621 988 38 27 jag
670 988 43 20 lika
725 988 108 21 vördsamt
845 989 66 27 vägar
923 996 36 13 an-

133 1017 55 20 hällä
211 1019 37 22 att,
271 1017 6 19 i
294 1016 101 21 händelse
412 1016 69 21 denna
498 1017 42 20 min
560 1016 156 27 framställning
735 1017 72 26 lyckas
829 1017 64 20 vinna
908 1017 51 28 hög-

133 1045 71 28 lofiiga
228 1045 53 20 ridd.
306 1045 39 20 och
370 1044 43 21 ad:s
438 1045 63 25 bifall,
526 1044 139 21 medständen
685 1046 66 19 måtte
767 1045 98 27 inbjudas
877 1047 31 19 att
926 1053 32 12 om

133 1073 40 21 den
190 1073 146 27 underdäniga
353 1073 117 27 petitionen
486 1073 32 27 sig
534 1073 81 20 förena.

202 1101 136 27 Helsingfors
354 1101 40 20 den
413 1102 24 19 17
453 1101 105 20 Februari
576 1102 61 19 1872.

678 1129 19 20 J.
715 1129 26 20 A.
759 1137 39 13 von
814 1129 77 22 Essen.

202 1158 101 21 Friherre
324 1165 46 13 von
391 1157 66 21 Born
478 1158 71 20 anhöll
566 1165 32 13 om
616 1158 61 20 ordet
693 1158 38 20 och
747 1158 94 27 yttrade:
860 1158 47 21 Med
924 1166 35 13 an-

133 1187 87 26 ledning
243 1187 23 19 af
287 1186 55 20 hvad
366 1186 48 20 herr
434 1192 41 14 von
495 1186 68 20 Essen
584 1186 6 20 i
607 1187 36 19 sitt
660 1186 212 26 petitionsmemorial
889 1187 70 20 anfört

133 1215 73 20 derom
231 1216 31 19 att
286 1214 63 27 ingen
370 1214 74 27 ätgärd
464 1214 68 21 skulle
548 1214 105 28 försports
670 1214 5 21 i
692 1214 52 28 följd
760 1214 23 21 af
796 1214 40 21 den
854 1214 34 21 vid
907 1215 52 21 1867

134 1245 34 19 ärs
184 1243 103 27 landtdag
302 1243 124 20 framburna
441 1243 119 26 petitionen
577 1249 34 14 om
628 1243 66 20 Pielis
706 1243 37 20 elfs
759 1243 152 27 kanalisering,
927 1251 34 13 ser

131 1272 39 27 jag
187 1272 43 27 mig
246 1272 5 20 i
268 1271 83 20 tillfälle
367 1273 31 18 att
414 1271 104 26 meddela,
536 1273 31 18 att
583 1271 65 27 sagde
665 1271 60 28 fråga
735 1271 116 28 ingalunda
862 1272 55 27 lagts
929 1272 31 21 till

134 1300 63 26 hvila,
214 1302 50 18 utan
283 1299 69 26 hafva,
370 1300 26 26 pä
412 1299 27 20 H.
457 1301 24 19 K.
494 1299 72 28 Maj:ts
577 1300 123 27 befallning,
712 1300 185 27 undersökningar
908 1300 52 21 fort-

134 1330 47 25 gått
200 1329 33 20 för
252 1330 32 19 att
304 1329 77 19 utröna
398 1328 53 20 både
468 1328 163 20 utförbarheten
648 1328 23 20 af
685 1328 84 21 arbetet
785 1329 38 20 och
841 1329 118 20 kostnaden

134 1357 79 20 derför.
238 1356 37 21 Ett
291 1357 80 26 förslag
386 1356 6 20 i
408 1357 72 19 ämnet
497 1356 37 21 har
551 1357 64 20 redan
633 1356 68 21 blifvit
717 1357 121 26 aflemnadt,
855 1363 48 14 men
915 1357 46 20 blif-

135 1385 31 20 vit
187 1385 183 20 äterremitteradt
389 1385 6 19 i
416 1385 39 20 och
475 1385 33 20 för
533 1385 105 20 vinnande
654 1385 24 20 af
691 1385 108 28 ätskilliga
814 1385 79 28 nödiga
909 1392 52 21 upp-

134 1413 117 28 lysningar,
269 1413 39 20 och
325 1413 36 20 det
377 1415 23 18 är
416 1415 30 18 att
463 1413 89 27 hoppas,
569 1415 31 18 att
616 1413 115 27 desamma,
748 1421 33 12 om
793 1413 26 21 de
831 1414 19 27 ej
859 1414 100 27 möjligen

134 1442 66 20 redan
217 1441 64 21 dessa
296 1444 86 17 senaste
398 1441 66 27 dagar
474 1441 120 26 inkommit,
606 1443 59 19 snart
681 1443 36 18 äro
734 1444 31 19 att
781 1442 106 20 förvänta.
914 1441 45 20 Den

134 1470 75 26 frågan
227 1472 23 18 är
267 1470 83 20 således
366 1469 115 27 ingalunda
497 1470 49 26 lagd
564 1470 11 19 å
591 1469 52 20 sido.

204 1498 57 20 Herr
283 1505 46 13 von
352 1497 119 21 Kremer:
493 1497 41 27 Jag
557 1504 61 14 anser
638 1498 42 27 mig
696 1498 74 20 endast
786 1498 51 20 böra
855 1498 46 20 med
920 1498 40 19 min

860 1537 32 17 10”
