1142 1786
478 128 38 15 Den
530 128 22 15 20
566 127 94 16 Februari.
905 127 38 20 149

144 183 32 20 för
192 183 40 20 alla
249 183 66 20 andra
332 183 72 26 banor,
421 182 40 21 och
477 182 48 21 kort
542 182 31 21 tid
590 182 94 21 derefter
700 182 128 21 emanerade
845 189 25 14 en
891 182 80 27 kejser-

144 211 28 27 lig
188 211 132 27 förordning,
338 218 43 13 som
398 211 132 20 stadfästade
547 211 61 20 detta
625 211 126 20 ständernas
769 211 75 20 beslut.
869 209 102 22 Emeller-

145 239 28 20 tid
198 239 108 21 lemnades
327 239 59 20 detta
408 239 198 27 byggnadsföretag
626 239 23 20 af
663 239 32 20 för
711 239 42 27 mig
769 239 70 20 okänd
856 239 62 20 orsak
936 240 35 19 be-

144 268 79 20 roende
244 268 30 20 till
298 268 52 20 1867
367 269 34 19 års
418 267 108 28 landtdag,
544 267 27 21 då
587 267 90 27 ändring
693 268 4 19 i
715 267 35 20 det
766 267 65 20 redan
847 267 124 21 sanktione-

144 296 50 20 rade
212 296 92 20 beslutet
320 296 88 25 skedde,
424 296 6 20 i
446 296 37 20 det
498 298 32 18 att
548 296 115 20 ständerna
681 297 79 25 ansågo
777 297 32 18 att
825 295 40 20 den
881 302 90 14 numera

143 324 83 27 färdiga
241 324 64 20 linien
325 323 134 21 Riihimäki—
469 324 136 27 Petersburg
621 324 65 20 borde
703 324 72 20 ställas
791 324 6 20 i
813 323 89 21 främsta
914 331 56 13 rum-

144 356 49 16 met.
222 352 116 28 Samtidigt
358 352 95 21 lofvades
474 352 54 21 dock
546 354 33 19 att
595 354 60 18 näset
672 352 34 20 vid
722 352 124 27 Lemponen
863 352 106 28 snarligen

143 381 68 20 skulle
227 382 172 26 genomgräfvas,
416 381 32 20 för
464 383 32 18 att
512 380 121 28 dymedelst
650 382 71 25 öppna
737 387 26 13 en
776 380 193 21 vattenkommuni-

144 409 71 21 kation
233 409 90 21 emellan
340 409 146 21 Tammerfors
503 410 39 20 och
559 408 141 21 Tavastehus.
727 408 64 21 Detta
802 408 51 21 löfte
864 409 39 20 har
913 411 57 19 ännu

144 438 18 26 ej
182 438 67 27 gätti
266 438 131 26 fullbordan;
413 438 53 20 huru
483 438 60 26 längt
560 437 91 21 nämnde
667 437 74 21 arbete
757 439 115 19 avancerat
888 438 23 19 är
926 438 43 27 mig

143 466 101 26 obekant,
261 473 48 13 men
326 466 73 20 säkert
415 467 23 19 är
454 466 131 20 ätminstone
601 468 32 18 att
649 466 118 20 detsamma
783 467 56 19 ännu
853 466 19 27 ej
883 467 24 19 är
917 466 51 20 slut-

142 494 58 20 fördt
220 494 39 21 och
280 496 30 18 att
330 494 144 21 Tammerfors
493 494 37 21 allt
551 494 132 20 fortfarande
700 494 77 20 saknar
793 501 24 13 en
835 494 134 21 vattenkom-

143 523 141 26 munikation,
300 530 52 18 som,
369 524 23 19 sä
408 522 56 28 dälig
480 523 40 20 den
534 524 26 19 än
573 522 46 26 blir,
630 523 6 19 i
649 522 107 21 anseende
767 522 69 21 dertill
848 524 32 19 att
891 530 77 20 genom

142 551 117 28 fällningen
283 551 23 21 af
324 551 168 21 Kuokkala-fors
513 551 163 21 vattenståndet
697 552 27 27 pä
740 551 50 20 flere
807 551 75 21 ställen
900 551 68 21 blifvit

143 580 23 20 sä
182 579 50 28 lägt,
249 581 33 19 att
297 579 27 21 de
340 582 54 18 mest
411 579 154 28 grundgäende
581 580 104 26 ängbätar
701 579 55 21 vissa
769 579 54 21 tider
834 579 68 21 under
913 587 55 13 som-

144 615 72 13 maren
236 608 77 20 endast
332 608 48 20 med
400 610 79 18 största
494 608 112 27 svärighet
621 608 73 20 kunna
709 608 126 26 genomlöpa
851 608 26 20 de
893 608 75 26 tränga

144 636 39 21 och
199 636 85 28 grunda
299 637 89 26 sunden,
406 648 25 4 —
448 636 85 21 likvisst
550 643 49 14 vore
616 636 71 21 bättre
702 638 26 18 än
745 635 86 21 alldeles
847 636 63 27 ingen
927 637 40 26 sjö-

143 665 191 21 kommunikation.

211 693 62 21 Hvad
291 694 74 20 staden
382 693 154 27 Tammerfors,
553 694 69 20 säsom
636 692 101 21 Finlands
748 692 116 21 förnämsta
876 692 91 22 fabriks-

142 725 40 22 ort,
199 722 89 27 belägen
306 722 6 20 i
328 722 78 27 hjertat
422 722 22 20 af
459 721 80 26 landet,
554 721 57 21 invid
627 721 106 28 Näsijärvi
745 723 57 18 stora
814 721 153 26 vattenbassin,

142 756 44 15 som
204 751 96 20 sträcker
317 750 32 28 sig
364 750 59 28 längt
438 757 44 21 upp
498 750 6 20 i
521 750 68 20 Wasa
603 750 42 26 län,
657 750 39 20 och
707 750 47 20 med
767 756 25 14 en
805 749 80 27 ärligen
897 750 70 20 starkt

141 778 98 28 stigande
261 778 129 28 befolkning,
407 778 87 21 framför
510 779 68 20 andra
593 780 59 19 orter
667 778 5 20 i
689 778 72 20 landet
776 777 110 27 behöfver,
902 779 24 19 är
941 784 26 15 en

138 807 59 27 jemn
217 806 39 22 och
273 807 39 21 lätt
328 807 183 21 kommunikation
529 807 48 20 hela
593 807 46 20 året
655 814 34 13 om
705 806 48 21 med
769 806 78 20 kusten
863 806 38 21 och
919 806 48 21 med

141 835 140 27 Petersburg,
298 835 82 21 säledes
396 842 26 14 en
436 836 94 26 jernväg
545 835 30 21 till
593 834 142 27 Tavastehus,
751 834 82 28 hvarpä
846 841 47 14 man
906 834 61 28 täligt

142 865 73 19 väntat
231 864 7 20 i
254 864 98 27 omkring
369 864 26 20 10
411 864 33 20 års
460 864 38 21 tid.

209 892 45 20 Det
276 892 61 20 torde
361 892 84 20 derföre
467 892 20 27 ej
508 898 63 14 anses
588 892 71 20 alltför
676 891 71 28 djerft,
763 891 26 20 dä
803 892 38 27 jag
857 897 28 14 nu
902 892 65 27 vägar

142 919 36 21 hos
195 920 115 27 höglofliga
327 920 148 27 ridderskapet
492 920 39 21 och
548 920 60 21 adeln
627 919 156 21 vördsammast
799 919 84 21 anhälla

209 951 31 18 att
257 949 37 20 det
310 949 114 26 höglofliga
440 949 92 25 ståndet,
549 955 33 14 om
599 949 66 26 något
681 947 101 22 afseende
793 948 66 20 fästes
872 948 34 20 vid
919 948 47 21 mitt

140 977 86 26 törslag,
251 977 49 20 ville
319 977 74 20 förena
412 977 31 27 sig
462 984 41 19 om,
523 979 54 18 samt
597 976 88 28 inbjuda
702 976 25 21 de
743 976 68 27 öfriga
827 976 90 21 ständen
935 979 31 18 att

141 1005 6 19 i
162 1005 146 28 petitionsväg
324 1005 37 20 hos
377 1004 28 21 H.
418 1005 26 20 K.
457 1005 61 27 Maj:t
529 1005 153 27 underdänigst
693 1005 90 24 anhälla,
794 1005 36 20 det
841 1004 84 21 täcktes
936 1004 29 21 H.

141 1033 26 20 K.
184 1033 62 28 Maj:t
262 1034 6 20 i
284 1033 66 20 näder
366 1033 109 28 förelägga
492 1034 26 20 de
529 1040 29 13 nu
568 1033 128 21 församlade
705 1033 116 20 ständerna
833 1033 132 27 proposition

139 1061 73 21 derom
230 1064 38 25 att,
284 1061 44 21 ifall
344 1061 40 21 den
395 1063 21 20 ät
428 1061 94 22 enskildt
534 1061 63 28 bolag
612 1061 105 28 beviljade
729 1061 154 21 koncessionen
895 1061 70 21 blefve

139 1089 124 27 förverkad,
277 1091 119 26 jernvägen
413 1090 311 21 Tammerfors—Tavastehus
741 1091 65 19 måtte
823 1089 88 21 framför
925 1090 41 20 alla

140 1118 67 21 andra
223 1119 67 20 banor
306 1119 26 26 pä
348 1119 142 20 statsverkets
508 1118 119 21 bekostnad
642 1118 175 21 fordersammast
833 1118 89 27 byggas,

208 1147 23 20 sä
248 1147 86 28 mycket
350 1147 65 20 hellre
432 1154 45 13 som
495 1147 130 20 åtminstone
642 1154 26 13 en
685 1146 33 21 del
734 1147 23 20 af
770 1147 41 20 den
816 1142 13 37 i
827 1146 41 21 så
879 1146 35 20 fall
923 1146 42 21 för-

139 1175 94 20 verkade
250 1175 87 20 kaution
355 1175 23 20 af
392 1182 25 14 en
434 1175 81 21 million
532 1175 67 27 mark,
612 1183 45 13 som
670 1174 295 21 koncessionsinnehafvarne

139 1202 125 27 deponerat,
281 1203 61 21 torde
364 1203 72 21 kunna
456 1204 5 20 i
479 1203 39 21 och
534 1203 33 21 för
579 1204 131 27 jernvägens
727 1203 113 27 byggande
856 1202 109 21 användas

139 1231 38 21 och
195 1231 79 28 nödiga
290 1232 68 21 medel
373 1232 6 20 i
391 1232 65 27 öfrigt
467 1232 110 27 lätteligen
590 1231 114 25 anskaffas,
713 1231 126 28 isynnerhet
849 1237 46 14 som
906 1234 59 18 stora

140 1260 105 27 kapitaler
261 1260 44 20 lära
321 1260 57 27 ligga
394 1261 108 20 räntelösa
518 1260 6 21 i
542 1261 95 20 bankens
653 1260 60 21 hvalf
726 1260 39 21 och
781 1259 110 21 desamma
907 1260 58 20 svär-

139 1288 55 27 ligen
218 1288 71 21 kunde
313 1289 70 20 bättre
406 1289 116 25 användas,
546 1290 26 19 än
592 1289 30 20 till
641 1288 191 21 ästadkommande
851 1288 23 20 af
885 1290 31 19 ett
932 1288 33 21 för

139 1316 47 21 hela
202 1317 72 20 landet
291 1317 23 20 sä
329 1317 156 21 fruktbärande
501 1317 90 27 företag,
601 1317 82 20 hvilket
693 1316 109 21 dessutom
814 1316 69 21 skulle
894 1317 23 20 sä
928 1316 36 21 be-

138 1345 78 27 tydligt
235 1346 40 20 öka
295 1345 147 21 inkomsterna
460 1345 35 20 vid
512 1345 26 21 de
553 1345 66 21 redan
636 1345 81 27 färdiga
731 1345 154 27 jernvägarne;
902 1345 63 20 dessa

139 1373 123 25 inkomster,
280 1381 44 13 som
342 1374 65 20 redan
424 1381 27 13 nu
468 1374 60 27 stigit
544 1375 23 19 sä
584 1374 71 20 starkt
671 1373 39 21 och
727 1375 23 19 sä
766 1373 81 27 hastigt
859 1375 32 19 att
902 1375 15 18 t.
930 1380 33 13 ex.

138 1401 98 21 intraden
260 1401 33 21 för
314 1404 86 18 senaste
422 1401 91 22 Januari
530 1401 76 21 mänad
623 1402 128 27 öfverstiger
767 1402 40 20 den
824 1402 33 20 för
873 1401 90 21 Januari

139 1430 54 21 1870
213 1430 48 20 med
285 1431 47 20 hela
351 1431 78 25 58,000
446 1431 68 25 mark,
530 1433 32 18 ett
578 1431 23 20 sä
617 1430 90 28 lyckligt
723 1430 140 26 förhällande,
879 1432 32 19 att
927 1430 36 20 det

137 1459 68 20 måste
222 1459 67 20 väcka
304 1459 122 27 förvåning.

207 1487 137 27 Helsingfors
360 1487 40 20 den
419 1488 25 20 19
462 1487 103 21 Februari
583 1487 60 20 1872.

620 1514 25 21 F.
662 1515 35 20 W.
714 1522 41 14 von
772 1514 121 22 Frenckell.
