1142 1786
487 145 38 15 Den
539 145 22 15 12
575 145 54 15 Mars.
903 145 38 19 231

145 201 132 20 sistnämnde
302 202 66 25 utväg
392 200 71 21 kunde
486 201 102 27 möjligen
610 200 109 27 begagnas
742 200 23 21 af
786 200 43 27 mig
849 200 40 21 och
905 201 66 20 andra

145 229 192 28 häradshöfdingar
361 229 6 20 i
386 229 71 20 denna
476 229 59 20 stads
556 229 82 26 närhet,
655 235 46 14 men
718 229 47 20 icke
782 229 23 20 af
818 229 47 20 dem
883 236 44 13 som
945 229 26 20 bo

145 257 73 27 längre
236 259 53 24 bort,
307 260 14 18 t.
338 265 34 13 ex.
388 257 6 20 i
412 258 84 20 trakten
514 258 22 19 af
551 257 91 27 Kajana.
673 257 43 20 För
732 257 65 27 öfrigt
813 257 95 21 anhåller
916 257 55 28 jag
960 253 14 36 i

146 286 47 20 mitt
209 286 97 27 yrkande
322 288 32 18 att
369 286 41 20 den
427 285 75 27 nådiga
519 285 161 27 propositionen
697 287 66 19 måtte
780 286 122 20 remitteras
919 287 52 20 först

144 314 30 20 till
192 314 163 21 statsutskottet
372 314 38 20 och
427 314 108 20 sannolikt
552 314 94 20 derefter
662 314 30 20 till
709 313 243 28 bevillningsutskottet.

214 342 56 21 Herr
287 350 49 13 von
354 342 128 21 Schrowe:
499 342 10 20 I
520 342 79 28 nådiga
610 342 161 27 propositionen
783 342 111 27 angående
905 344 65 19 stäm-

144 371 221 28 pelpappersafgiften
388 371 144 21 förekommer
552 371 6 21 i
578 372 11 26 8
605 371 27 20 37
648 370 203 28 häradshöfdingars
868 371 103 27 rättighet

144 402 32 18 att
200 400 45 20 utfå
268 400 116 27 stämpladt
408 406 82 20 papper
509 400 27 26 på
557 399 77 26 kredit,
653 399 27 21 dä
699 399 26 21 de
742 399 73 21 derom
831 400 84 20 anmäla
931 400 38 20 hos

144 428 162 28 länestyrelsen,
326 430 58 18 emot
402 428 131 20 förbindelse
554 430 32 18 att
607 428 110 27 betalning
732 428 33 20 för
780 428 110 20 desamma
905 428 63 21 innan

144 456 40 22 den
200 458 24 20 31
239 457 121 21 December
376 457 74 26 hvarje
465 457 25 21 år
505 457 98 27 erlägga;
620 456 30 20 uti
661 456 60 21 detta
732 456 119 27 stadgande
863 457 59 20 utber
933 457 37 27 jag

144 486 42 26 mig
202 486 38 20 hos
256 486 116 27 höglofliga
388 485 150 27 ridderskapet
555 486 38 20 och
610 484 61 21 adeln
688 484 109 22 vördsamt
812 485 21 21 få
849 485 78 21 föreslå
942 492 27 14 en

143 514 66 20 sådan
225 514 99 28 ändring:

212 544 32 19 att
266 542 137 28 betalningen
422 542 34 20 för
475 542 91 20 erhållet
581 541 116 28 stämpladt
713 548 80 21 papper
808 542 63 21 innan
885 542 40 21 den
941 543 28 21 30

144 571 50 20 Juni
211 571 51 20 derå
277 571 94 28 följande
388 572 22 19 år
426 571 110 27 erlägges;

213 599 23 21 af
243 600 53 26 skäl,
307 601 33 19 att
351 599 122 27 hösttingen
486 599 115 27 vanligtvis
613 598 66 21 slutas
695 598 1 21 i
704 598 121 22 December
833 599 40 21 och
883 599 86 21 härads-

143 627 113 28 höfdingar
279 635 45 13 som
344 628 66 20 oftast
429 628 21 20 få
468 629 66 19 vänta
551 628 6 20 i
580 627 108 21 månadtal
705 628 26 26 på
747 627 58 21 lösen
822 628 23 20 af
859 628 26 20 de
902 628 65 20 utfär-

144 656 54 21 dade
222 657 149 27 expeditioner
394 658 55 19 samt
465 656 151 27 afkortningar
631 656 47 21 icke
693 656 6 20 i
716 655 111 27 obetydlig
842 656 78 28 mängd
935 657 34 20 för

143 684 113 28 fattigdom
280 685 94 21 existera
396 685 40 20 och
458 684 123 28 betydande
604 691 95 14 summor
718 684 23 20 af
754 684 213 28 häradshöfdingar
955 680 15 36 i

143 714 94 20 förskott
253 714 61 20 skola
330 714 30 20 till
377 713 103 21 ränteriet
496 713 115 21 levereras.
635 713 47 21 Den
699 713 120 20 restitution
837 720 45 14 som
897 713 7 21 i
920 714 47 27 839

143 743 24 19 är
183 742 82 21 tillåten
281 742 33 20 för
330 742 156 27 expeditioner,
503 742 33 20 för
553 741 72 21 hvilka
641 742 58 20 lösen
714 741 48 21 icke
773 742 62 26 utfås,
847 741 42 21 kan
901 742 66 21 sällan

143 770 110 28 begagnas
269 770 24 22 af
306 770 199 28 häradshöfdingar.
530 770 71 21 Alltså
616 771 64 26 vågar
689 770 38 27 jag
737 770 123 28 ödmjukast
868 770 39 21 hos
916 770 51 28 hög-

142 798 73 29 lofliga
231 799 150 27 ridderskapet
396 799 39 21 och
452 799 62 21 adeln
531 798 84 21 anhålla
631 800 32 19 att
678 798 71 21 denna
763 798 22 20 af
795 798 44 28 mig
846 798 122 29 föreslagna

143 828 131 27 förändring,
290 835 33 13 om
341 828 123 20 densamma
480 830 95 24 antages,
593 828 66 20 måtte
675 827 5 21 i
692 826 199 29 protokollsutdrag
899 828 68 27 jemte

143 857 103 20 remissen
270 856 105 28 delgifvas
394 856 36 21 det
449 856 91 26 utskott,
556 856 84 20 hvartill
656 856 40 20 den
713 855 77 28 nådiga
807 857 160 26 propositionen

142 884 134 28 hänskjutes.

211 913 101 21 Friherre
336 920 46 13 von
407 912 68 21 Born
498 912 114 21 förordade
635 912 101 21 ärendets
757 912 74 21 remiss
847 913 31 20 till
893 913 74 21 bevill-

142 942 177 27 ningsutskottet.

214 970 47 21 Med
277 970 87 27 ledning
379 970 23 20 af
416 969 26 21 de
457 969 68 21 under
537 969 148 21 diskussionen
697 969 96 21 uttalade
804 969 87 28 åsigter,
902 970 64 21 fram-

142 998 76 21 ställde
234 999 49 20 herr
298 998 198 21 landtmarskalken
512 998 95 27 följande
623 998 142 27 proposition:

212 1043 4 9 »
220 1027 48 25 Vill
284 1027 150 27 ridderskapet
448 1027 38 20 och
503 1026 61 21 adeln
581 1026 111 21 remittera
707 1026 166 27 ifrågavarande
889 1027 78 28 nådiga

143 1056 132 27 proposition
304 1063 34 13 om
368 1063 28 20 ny
425 1054 298 29 kartasigillata-förordning
748 1055 31 20 till
806 1055 160 28 bevillningsut-

142 1084 96 21 skottet?

211 1112 83 21 Vinner
310 1112 41 27 nej,
368 1112 126 27 bänskjutes
509 1111 160 29 propositionen
686 1112 30 20 till
733 1111 182 22 statsutskottet''.

211 1141 58 21 Enär
285 1141 70 27 någon
372 1141 98 20 bestämd
487 1141 109 27 pluralitet
611 1140 48 21 icke
675 1140 72 21 kunde
763 1141 88 20 utrönas
862 1141 33 20 för
903 1141 23 28 ja
938 1142 28 21 el-

142 1170 30 20 ler
196 1170 40 26 nej,
260 1169 82 21 anhölls
361 1176 33 13 om
416 1169 104 27 votering,
545 1169 83 20 hvilken
647 1169 52 20 härå
718 1169 117 20 anställdes
851 1169 38 21 och
905 1170 62 21 utföll

142 1198 48 20 med
206 1198 27 20 35
247 1198 24 27 ja
286 1200 46 18 mot
347 1198 27 20 24
390 1197 41 27 nej,
448 1197 31 21 till
496 1197 52 28 följd
565 1196 76 21 hvaraf
654 1197 41 21 den
711 1197 162 27 ifrågavarande
889 1198 78 27 nådiga

142 1226 160 28 propositionen
320 1226 66 21 borde
403 1226 49 27 afgå
466 1226 32 21 till
516 1225 246 28 bevillningsutskottets
778 1225 165 29 handläggning.

211 1255 58 20 Herr
290 1255 90 20 Taube
403 1255 141 20 reserverade
564 1255 32 26 sig
615 1257 58 18 emot
689 1254 59 21 detta
764 1254 71 21 beslut
850 1255 5 20 i
871 1255 95 27 följande

142 1284 49 20 ord:
214 1284 42 27 Jag
272 1283 95 21 anhåller
383 1285 32 18 att
431 1283 21 20 få
468 1289 111 15 reservera
595 1283 43 27 mig
653 1285 57 18 emot
727 1283 37 21 det
779 1283 24 20 af
816 1283 150 28 ridderskapet

142 1313 39 20 och
205 1312 61 21 adeln
290 1312 81 21 fattade
393 1311 70 21 beslut
483 1313 33 20 att
536 1311 109 21 remittera
661 1311 78 28 nådiga
753 1312 162 27 propositionen
932 1319 33 14 om

142 1340 278 28 stämpelpappersafgiften
436 1340 31 21 till
484 1339 241 28 bevillningsutskottet.
751 1339 41 28 Jag
808 1347 63 14 anser
887 1343 30 18 att
933 1348 33 13 re-

142 1369 78 21 missen
238 1369 48 21 bort
302 1369 38 20 ske
355 1369 31 20 till
398 1369 169 25 statsutskottet,
579 1368 80 21 hvilket
671 1369 90 26 utskott,
773 1369 67 27 enligt
851 1369 42 20 min
903 1369 62 28 åsigt,

142 1397 129 22 tillkommer
294 1400 32 18 att
350 1397 74 28 pröfva
447 1397 158 28 behöfligheten
626 1397 23 20 af
666 1397 40 21 och
724 1399 59 26 yttra
803 1397 32 28 sig
850 1397 61 22 öfver
926 1399 41 20 alla

141 1427 179 20 statsinkomster.

210 1454 101 21 Friherre
332 1454 94 21 Wrede
446 1453 139 22 reserverade
604 1454 32 27 sig
651 1454 63 21 äfven
731 1456 58 19 emot
804 1455 161 28 ridderskapets

141 1483 40 20 och
198 1483 73 21 adelns
288 1483 39 20 sist
342 1483 82 20 fattade
440 1483 78 20 beslut.
