1142 1786
220 102 41 20 218
550 104 38 15 Den
601 105 10 15 9
625 105 55 15 Mars.

261 159 57 20 Herr
334 159 120 27 Pipping,
471 159 77 26 Knut,
565 160 95 27 yttrade:
678 160 67 21 Bland
761 161 25 20 de
799 161 96 25 motiver,
905 162 27 27 på
944 162 71 21 hvilka

191 190 154 19 sammansatta
362 190 62 18 stats-
437 188 38 20 och
488 188 220 21 ekonomieutskottet
719 190 72 20 stöder
803 189 37 21 sitt
851 190 78 27 afgifna
942 191 73 20 betän-

191 217 76 25 kande,
284 217 143 20 förekommer
444 218 26 25 på
482 217 68 27 tredje
562 217 59 20 sidan
634 225 26 13 en
672 218 90 27 uppgift,
775 221 30 17 att
818 219 153 26 vattendragen
984 220 29 19 uti

191 245 25 20 de
233 245 22 20 åt
272 247 71 18 vester
358 245 46 20 från
422 245 31 20 S:t
469 245 87 20 Michels
567 245 47 26 stad
627 246 89 27 belägna
728 247 91 20 socknar
830 247 83 20 tillhöra
925 247 90 28 Päijäne

192 276 164 25 vattensystem,
378 281 44 12 som
444 274 85 26 nyligen
549 281 75 19 genom
643 275 114 27 Wesijärvi
775 276 63 20 kanal
853 275 39 21 och
910 276 102 21 Lahtis
1001 270 15 36 —

190 302 116 20 Riibimäki
316 302 91 27 jernväg
418 302 84 20 erhållit
513 304 31 18 ett
554 302 166 28 föreningsband
733 303 47 21 med
792 304 83 20 kusten.
893 304 48 20 Med
951 304 62 21 dessa

190 331 92 20 socknar
300 333 70 18 vester
386 337 33 13 om
437 330 31 20 S:t
486 330 88 22 Michels
591 331 46 21 stad
654 331 40 21 kan
711 332 47 20 icke
774 340 66 19 gerna
856 340 72 13 menas
941 333 72 25 andra,

190 361 26 19 än
236 360 47 20 dem
304 366 46 14 som
370 360 36 20 äro
428 359 90 27 belägna
536 359 97 28 omkring
649 360 40 20 den
705 363 59 18 stora
779 361 46 27 sjön
842 361 116 21 Puulavesi
974 362 39 20 och

190 388 88 20 dermed
295 388 209 26 sammanhängande
520 388 63 27 sjöar,
599 388 39 21 och
655 389 116 21 utskottets
788 389 61 21 ofvan
867 389 92 21 citerade
975 390 38 20 ord

190 417 58 27 gifva
265 417 115 26 anledning
396 416 29 20 till
442 416 40 20 den
499 416 118 27 förmodan,
634 420 31 18 att
681 417 62 21 dessa
760 418 58 27 sjöar
833 418 68 20 skulle
918 419 33 19 stå
964 419 5 19 i
981 426 30 12 se-

190 446 75 26 gelbar
280 445 132 21 förbindelse
428 444 48 21 med
493 444 95 28 Päijäne,
605 448 23 24 ty
644 453 77 13 annars
737 447 41 19 kan
795 453 49 14 man
858 447 23 26 ju
895 447 47 20 icke
953 446 60 26 fatta,

191 474 54 20 huru
262 474 115 26 Wesijärvi
394 473 62 20 kanal
474 474 68 20 skulle
559 474 72 20 kunna
646 474 66 28 draga
728 474 63 21 dessa
802 475 84 27 nejders
896 476 117 20 varutrafik

190 502 31 20 till
238 502 32 27 sig
286 502 39 20 och
342 502 53 20 ifrån
412 502 31 20 S:t
459 502 87 20 Michels
558 502 53 21 stad.
635 502 32 21 En
679 503 66 21 sådan
756 503 130 21 förbindelse
899 504 37 20 har
949 504 63 20 emel-

190 531 63 20 lertid
277 530 68 28 aldrig
368 530 80 21 funnits
472 530 39 21 och
531 531 60 20 torde
609 531 68 27 aldrig
697 532 85 21 komma
798 534 32 18 att
845 532 74 26 finnas,
936 535 22 25 ty
976 540 36 12 nu-

191 567 58 14 mera
268 560 144 20 förekommer
433 559 125 21 Puulavesis
575 560 76 21 fordna
671 560 71 28 aflopp
763 560 30 21 till
809 560 89 27 Päijäne
916 562 75 20 endast
1008 561 5 20 i

190 588 137 28 geografiska
350 588 126 20 läroböcker
496 588 38 20 och
551 589 25 25 på
593 589 79 25 kartor,
689 596 46 13 men
753 589 5 20 i
776 589 145 27 verkligheten
939 591 22 19 är
977 590 36 20 det

190 617 77 20 endast
283 619 31 17 ett
330 616 135 28 antiqveradt
481 616 130 28 geografiskt
628 617 101 27 begrepp.
756 617 153 21 Förhållandet
921 620 23 18 är
955 625 57 13 nem-

190 646 56 27 ligen
263 645 43 25 det,
323 647 31 19 att
370 647 31 18 ett
416 646 38 19 näs
471 645 5 19 i
494 644 143 22 Hirvensalmi
654 646 78 20 socken
744 647 23 19 år
781 647 54 20 1850
848 646 67 20 blifvit
926 654 85 19 genom-

190 674 72 28 gräfdt
285 674 39 20 och
348 676 31 18 att
395 673 116 21 Puulavesi
534 680 77 20 genom
635 674 40 20 den
699 674 125 27 uppkomna
847 675 97 23 kanalen,
969 676 44 19 kal-

191 702 33 21 lad
249 702 150 26 Kissankoski,
423 703 91 19 tömmer
538 702 37 20 sitt
594 705 74 18 vatten
685 703 5 20 i
707 704 66 26 några
789 703 81 20 mindre
887 704 62 25 sjöar,
966 704 46 20 från

191 731 71 20 hvilka
279 730 36 21 det
331 730 58 21 ledes
406 730 72 20 vidare
494 730 30 20 till
541 730 116 28 Pyhäjärvi
673 732 5 20 i
695 731 56 21 Iittis
769 732 78 20 socken
865 732 38 20 och
920 732 91 20 derifrän

190 760 30 20 till
238 758 120 29 Kymmene
375 758 34 21 elf.
433 758 157 28 Utgräfningen
608 760 140 20 verkställdes
764 760 33 20 för
813 762 32 18 att
855 760 68 20 sänka
934 760 78 20 Puula-

190 788 56 20 vesis
263 790 73 18 vatten
353 788 47 20 med
417 794 38 14 sex
471 788 37 26 fot,
525 788 39 20 och
581 788 59 20 detta
657 788 67 26 torde,
738 789 7 20 i
755 789 68 20 likhet
836 788 46 20 med
894 788 66 21 andra
971 789 40 27 sjö-

189 817 122 27 fällningar,
320 816 62 20 hafva
394 816 94 20 minskat
499 816 137 28 möjligheten
647 819 30 18 att
686 817 147 21 ästadkomma
844 818 168 20 vattenkommu-

190 845 122 21 nikationer
327 845 5 20 i
349 845 95 25 trakten;
462 844 36 21 det
514 845 59 20 torde
589 846 7 20 i
613 846 73 26 början
703 846 56 20 varit
775 846 113 26 meningen
905 848 31 18 att
950 847 62 20 äfven

190 874 99 26 fördjupa
306 874 35 20 det
356 874 70 25 gamla
443 874 94 26 afloppet
553 874 29 20 till
599 873 96 28 Päijäne,
712 882 48 12 men
778 874 66 20 under
855 875 94 19 arbetets
961 875 50 20 fort-

189 903 57 26 gäng
262 909 65 20 synes
344 902 69 20 denna
430 901 49 28 plan
496 901 63 21 hafva
575 902 68 20 blifvit
659 902 142 27 öfvergifven,
813 905 22 24 ty
847 909 24 13 ur
881 906 31 17 ett
924 903 88 20 socken-

188 930 207 27 stämmoprotokoll,
418 937 45 14 som
484 931 38 26 jag
540 930 133 27 tillfälligtvis
692 934 49 23 sett,
761 937 62 21 synes
843 934 31 17 att
894 930 118 23 Käläkoski

190 959 42 20 fors
250 959 43 20 helt
309 959 39 20 och
365 959 64 20 hållet
447 959 102 20 uttorkat.
573 959 74 21 Under
663 959 81 21 sådana
760 959 147 21 förhållanden
925 960 40 20 kan
974 961 39 27 jag

188 988 48 20 icke
253 987 71 27 undgå
340 990 30 18 att
386 989 39 22 tro,
442 990 32 17 att
489 987 119 21 socknarne
625 990 71 18 vester
710 995 33 13 om
761 988 32 20 S:t
810 988 87 21 Michels
909 989 47 20 stad
968 989 5 20 i
985 990 26 19 ali

189 1016 86 21 framtid
300 1017 67 19 mäste
391 1016 57 20 rikta
471 1016 45 20 sina
537 1016 230 21 handelsförbindelser
786 1017 21 20 ät
824 1017 69 20 denna
909 1017 46 20 stad
972 1018 39 20 och

189 1045 63 20 hafva
266 1051 58 14 mera
339 1051 55 21 gagn
411 1044 23 20 af
448 1045 39 20 den
504 1051 28 14 nu
548 1045 163 26 ifrägavarande
724 1045 107 20 farledens
841 1045 170 27 förbättring,
986 1040 27 36 än

188 1073 23 21 af
225 1073 117 27 Wesijärvi
359 1073 68 20 kanal.
453 1073 43 27 Jag
511 1073 141 20 öfverlemnar
669 1074 84 20 likvisst
768 1075 22 19 ät
806 1073 115 28 höglofliga
934 1074 78 21 ridder-

188 1102 78 26 skapet
282 1102 39 20 och
337 1101 62 21 adeln
415 1103 31 19 att
463 1101 49 28 sjelf
527 1101 116 26 bedömma,
655 1102 103 21 huruvida
770 1103 62 20 dessa
843 1103 112 26 påpekade
969 1109 43 14 om-

188 1130 148 27 ständigheter
352 1131 33 20 mä
401 1137 62 14 anses
479 1137 52 14 vara
544 1130 22 21 af
580 1130 40 21 den
638 1131 51 27 vigt,
705 1133 32 18 att
753 1131 74 27 frägan
845 1131 28 20 till
889 1131 50 28 följd
952 1132 63 20 deraf

189 1159 65 20 borde
271 1159 121 20 remitteras
408 1159 31 20 till
455 1166 27 20 ny
499 1159 128 27 behandling
643 1160 22 20 af
679 1160 106 20 utskottet
797 1159 50 21 eller
859 1167 33 12 om
904 1161 26 20 de
942 1160 70 27 öfriga

188 1187 23 20 af
230 1188 107 20 utskottet
359 1187 89 20 anförda
472 1187 95 26 motiver,
591 1194 45 14 som
656 1188 38 27 jag
714 1188 47 20 icke
782 1188 41 20 kan
843 1190 102 19 motsätta
962 1189 49 26 mig,

188 1222 62 14 anses
274 1215 128 28 tillräckliga
425 1218 31 18 att
479 1216 130 21 understöda
631 1216 117 21 utskottets
768 1216 5 21 i
793 1216 147 21 betänkandet
957 1219 54 18 utta-

189 1244 48 21 lade
254 1245 62 26 åsigt.

259 1273 55 20 Herr
337 1272 199 26 Nordenskiöld,
561 1273 58 20 Carl
643 1273 86 21 Adolf:
749 1273 109 26 Styrelsen
877 1274 54 20 lärer
948 1274 64 21 hafva

188 1301 32 20 för
236 1301 65 26 afsigt
316 1304 32 17 att
363 1301 111 27 förelägga
490 1301 115 21 ständerna
620 1302 80 27 förslag
716 1302 30 20 till
758 1301 134 28 fullständigt
901 1303 111 27 jernvägs-

188 1331 37 19 nät
236 1330 39 20 och
287 1330 61 20 äfven
361 1330 96 20 enskilda
471 1337 101 19 personer
581 1330 26 20 ha
618 1331 5 20 i
633 1331 144 26 petitionsväg
786 1331 57 26 gjort
857 1331 156 28 framställning

188 1365 33 13 om
238 1358 110 21 storatade
361 1359 265 26 jernvägsanläggningar,
642 1359 72 20 hvilka
730 1359 41 20 alla
787 1359 95 25 arbeten,
899 1360 62 20 äfven
979 1367 32 13 om

187 1387 25 20 de
234 1387 76 20 endast
326 1387 31 20 till
374 1387 68 27 någon
459 1387 34 20 del
509 1387 68 20 skulle
594 1387 85 20 komma
696 1387 30 20 till
742 1387 121 25 utförande,
881 1387 83 21 komma
981 1391 32 17 att

187 1415 102 27 medtaga
306 1422 26 13 en
348 1417 45 18 stor
409 1415 33 20 del
460 1415 22 20 af
496 1415 82 21 landets
595 1415 70 21 dertill
682 1416 133 27 tillgängliga
831 1415 75 21 medel.
938 1417 28 19 Af
980 1417 32 20 sä-

187 1443 40 21 dan
244 1444 64 20 orsak
320 1443 61 21 torde
394 1443 35 20 det
440 1443 162 28 ifrågavarande
613 1445 91 24 arbetet,
716 1445 70 20 såsom
799 1445 92 20 varande
903 1445 22 19 af
936 1445 75 20 under-

187 1472 82 20 ordnad
292 1472 46 26 vigt
356 1475 58 17 emot
430 1472 215 27 jernvägsarbetena,
661 1473 52 20 böra
733 1473 116 20 tillsvidare
869 1473 32 19 stå
917 1473 95 26 tillbaka,

187 1500 39 21 och
242 1500 33 21 får
288 1500 39 28 jag
341 1500 6 20 i
364 1500 148 20 hufvudsaken
530 1500 73 21 förena
620 1501 43 27 mig
679 1501 5 20 i
701 1500 118 22 utskottets
836 1501 142 21 betänkande.
