1142 1786
202 98 42 21 228
521 97 39 16 Den
575 97 20 16 12
608 96 54 17 Mars,

174 162 34 13 om
231 155 186 27 ståndspersoner,
441 153 38 21 har
502 160 48 13 man
572 154 42 19 rätt
633 153 59 20 svårt
708 154 31 19 att
756 154 49 26 säga
823 152 62 21 hvem
901 159 46 13 som
964 152 38 20 hör

174 183 32 21 till
222 182 253 28 ståndspersonsklassen
488 182 40 20 och
543 181 63 21 hvem
622 181 59 27 icke;
697 181 40 20 och
753 181 48 26 den,
818 188 45 13 som
879 181 32 20 får
922 181 31 20 sin
965 187 36 14 ex-

175 212 96 28 pedition
288 212 27 26 på
331 211 59 27 lägre
406 210 62 21 karta
484 209 40 22 kan
542 210 70 20 känna
628 210 32 27 sig
671 209 123 21 förnärmad
806 209 71 27 deraf;
893 216 25 13 en
931 216 69 14 annan

174 241 54 25 åter,
240 247 45 13 som
297 239 79 21 räknas
388 239 29 20 till
430 238 253 28 ståndspersonsklassen
697 238 38 20 och
750 238 33 20 vill
797 238 103 25 hushålla,
909 239 23 19 är
941 238 60 19 miss-

175 268 51 28 nöjd
242 275 34 14 om
294 268 40 21 han
350 267 33 21 får
399 267 27 28 på
441 267 66 27 högre
524 267 61 20 karta
601 268 30 25 än
644 267 97 27 allmoge.
765 266 81 21 Vidare
857 266 144 21 förekommer

177 304 47 20 pag.
242 297 12 20 7
270 297 73 20 littera
358 296 26 27 b)
396 298 31 18 att
438 295 92 27 ,,utdrag
542 295 37 21 och
592 295 85 20 afskrift
687 298 50 17 utur
748 295 93 21 dombok
853 295 38 20 och
903 295 37 19 akt
952 295 6 19 i
969 301 33 14 re-

176 326 42 20 dan
241 324 95 28 afgjordt
359 324 49 26 mål,
432 324 122 20 diariibevis
578 327 55 17 samt
651 323 85 20 afskrift
752 323 40 21 och
808 323 60 21 bevis
884 322 45 21 från
946 322 55 21 arki-

176 355 79 19 verna''
272 353 54 21 skall
343 353 91 20 skrifvas
451 352 27 27 på
493 352 115 27 uppgifven
625 352 69 20 karta.
716 351 43 27 Jag
775 352 38 20 har
829 354 42 18 sett
888 351 56 20 olika
960 352 41 19 för-

176 382 57 20 faras
250 381 82 27 dervid,
348 382 6 20 i
370 382 36 20 det
422 383 29 18 att
467 383 15 18 t.
499 388 33 12 ex.
549 380 192 27 gravationsbevis,
759 387 44 13 som
821 380 5 20 i
838 379 77 28 sjelfva
926 380 76 20 verket

176 412 37 19 äro
230 410 60 21 bevis
312 417 25 13 ur
353 410 121 25 arkiverna,
492 409 38 21 och
546 408 105 21 särskilda
667 408 66 20 andra
750 409 59 20 bevis
825 410 23 19 af
862 408 87 21 domare
965 415 36 13 ex-

176 439 99 27 pedieras
298 439 28 27 pä
348 438 66 28 högre
430 438 68 25 karta,
515 439 26 19 än
557 443 44 15 som
619 438 22 20 är
658 437 108 20 bestämdt
781 437 34 21 för
831 437 83 27 vanliga
935 436 66 20 bevis.

176 467 10 21 I
209 468 11 26 8
242 468 23 20 11
288 474 50 20 pag.
354 468 27 20 26
396 466 151 26 förekommer,
563 466 90 20 likasom
669 466 5 20 i
691 465 26 21 de
734 466 131 27 föregående
881 464 120 28 kartasigil-

176 496 224 26 lataförordningarne
416 494 119 28 stadgande
552 496 37 24 att,
605 501 34 13 om
656 496 47 25 part
720 494 35 20 vill
772 494 91 27 belägga
879 494 46 20 sina
936 493 65 21 hand-

176 525 69 27 lingar
265 524 49 20 med
338 524 181 26 stämpelpapper,
539 523 35 20 det
591 522 53 21 skall
660 522 23 20 af
696 522 87 20 domare
799 523 40 20 och
855 522 66 21 andra
937 529 65 21 expe-

176 552 188 22 ditionshafvande
387 552 49 21 med
458 552 48 21 lack
522 551 51 20 eller
589 551 27 28 pä
632 553 65 19 annat
713 551 97 28 lämpligt
825 552 43 19 sätt
884 551 67 20 fästas
967 550 34 21 vid

177 582 91 20 skriften
285 581 39 21 och
340 581 104 26 derjemte
459 581 90 19 tecknas
566 580 27 26 pä
609 581 82 25 kartan,
708 579 63 21 hvart
787 581 39 19 den
844 580 44 20 hör.
914 579 88 21 Dethar

177 610 67 20 händt
260 612 32 18 att
309 616 47 14 man
375 609 100 27 belägger
491 615 80 13 samma
588 608 100 27 handling
705 608 46 20 med
769 609 26 20 40
812 608 30 20 till
859 608 27 20 50
897 608 73 20 kartor
981 608 23 20 af

177 639 79 20 minsta
279 638 66 20 valör.
376 638 42 26 Jag
433 637 35 20 vill
487 636 48 22 icke
551 636 43 21 tala
610 643 33 14 om
660 637 145 27 ersättningen
822 636 79 25 derför,
917 643 44 13 som
979 638 23 18 är

178 674 42 20 nog
244 667 69 27 ringa,
336 673 48 13 men
407 666 37 20 det
459 666 63 20 säkra
538 666 24 20 är
577 667 32 18 att
625 665 40 20 den
682 665 31 20 tid
729 672 44 13 som
791 664 156 21 domhafvande
963 665 38 21 och

178 696 66 20 andra
260 694 243 28 expeditionshafvande
520 694 67 24 måste
603 693 98 21 använda
717 693 29 20 till
763 696 32 18 att
811 693 105 27 päteekna
927 693 74 27 hvarje

178 724 62 20 karta
255 724 48 20 icke
319 724 43 20 står
378 723 6 20 i
399 723 65 27 något
480 722 131 20 förhållande
627 722 30 20 till
674 722 158 27 ersättningen;
849 722 38 20 och
905 722 56 20 tiden
979 724 23 18 är

178 753 79 27 dyrbar
272 752 34 20 för
322 752 108 20 domaren.
462 751 42 20 Det
520 750 67 21 borde
603 750 54 21 efter
673 750 41 20 min
731 751 65 20 tanke
813 751 129 19 bestämmas
955 750 46 20 med

178 781 54 21 huru
248 781 78 26 många
342 780 74 20 kartor
432 786 26 14 en
474 779 40 21 och
530 786 81 14 samma
627 778 63 21 skrift
706 779 63 27 högst
785 779 56 27 finge
857 779 101 27 beläggas
969 779 33 20 för

178 810 41 20 den
236 809 96 21 normala
353 808 145 27 ersättningen
516 808 38 20 och
571 808 87 27 afgiften
675 807 60 25 ökas,
752 808 52 20 huru
821 807 120 27 obetydligt
957 814 44 14 som

179 838 62 26 belst,
257 838 33 20 för
306 837 75 27 hvarje
397 837 61 20 karta
471 836 85 20 utöfver
571 838 15 18 t.
603 843 32 13 ex.
653 838 31 18 tre
701 836 51 20 eller
767 836 56 27 fyra;
840 838 23 25 ty
878 836 123 27 derigenom

179 866 69 21 skulle
271 866 47 25 den,
342 872 45 14 som
411 864 105 21 måhända
532 865 75 20 endast
623 865 33 19 för
671 867 31 18 att
718 864 116 28 tillskynda
850 864 99 20 domaren
966 864 36 20 be-

180 897 55 24 svär,
258 894 62 27 fogar
343 893 31 21 till
390 894 46 20 sina
451 893 126 27 handlingar
593 893 71 20 alltför
679 893 78 26 många
773 894 80 24 kartor,
870 892 85 21 komma
971 895 30 18 att

178 923 86 20 derföre
280 922 118 21 vidkännas
414 923 69 26 någon
502 921 96 21 kostnad.
624 921 35 20 Uti
676 921 41 21 den
733 928 27 13 nu
772 921 99 28 gällande
883 921 118 26 kartasigil-

179 951 208 27 lata-förordningen
404 957 47 20 pag.
468 951 34 26 29,
514 950 11 27 &
538 951 31 25 14,
583 950 95 27 punkten
693 950 24 20 15
728 950 55 20 talas
795 957 33 13 om
840 949 47 25 mål,
900 956 45 14 som
954 951 48 19 röra

179 979 106 22 särskilda
305 979 106 21 allmänna
427 978 51 21 verk
495 978 39 21 och
550 979 148 26 inrättningar,
714 978 73 20 hvilka
803 978 84 27 åtnjuta
904 978 98 21 befrielse

179 1009 46 20 från
249 1007 251 28 kartasigillataafgiften.
531 1007 48 20 Med
603 1007 40 20 mål
668 1007 37 20 har
729 1014 47 13 man
802 1007 97 26 vanligen
915 1007 88 20 förstått

179 1036 224 28 rättegångsärender,
428 1042 46 13 men
492 1035 19 27 ej
528 1043 24 12 en
570 1035 101 27 handling
687 1042 45 13 som
749 1037 35 18 rör
800 1035 62 20 dessa
879 1035 123 27 myndighe-

179 1068 40 18 ter.
250 1065 81 20 Vidare
346 1064 144 21 förekommer
506 1064 5 20 i
528 1064 12 27 8
557 1065 24 19 15
597 1071 49 20 pag.
661 1065 36 20 31:
714 1070 47 18 ,,om
779 1063 107 28 handling,
897 1070 44 13 som
954 1064 48 20 med

179 1093 49 22 stöd
251 1093 23 21 af
292 1093 162 20 föreskrifterna
470 1093 5 19 i
492 1092 179 27 nästföregäende
687 1093 12 26 &
717 1093 25 20 14
758 1092 47 21 icke
821 1093 104 25 karteras,
942 1092 39 21 blir
996 1093 6 20 i

179 1124 66 19 annat
260 1122 42 20 mål
318 1121 107 21 inlemnad
440 1121 35 20 vid
492 1121 75 20 sådant
583 1121 145 20 embetsställe
744 1121 40 20 och
800 1120 23 21 af
836 1121 65 20 sådan
919 1127 83 20 person,

178 1152 34 20 för
228 1151 85 20 hvilken
330 1149 99 21 befrielse
445 1149 45 20 från
508 1149 275 28 stämpelpappersafgiften
801 1149 19 28 ej
836 1151 23 18 är
875 1149 127 27 medgifven,

180 1180 38 20 bör
234 1179 124 20 densamma
374 1177 48 21 med
438 1178 62 20 karta
516 1178 107 26 beläggas,
640 1179 26 25 pä
683 1179 42 19 sätt
741 1177 6 20 i
765 1178 9 26 &
786 1178 12 20 4
810 1179 24 19 är
845 1177 157 21 föreskrifvet'',

180 1208 44 20 Der
248 1208 46 20 åter
313 1206 81 28 nyttjas
414 1206 61 20 ordet
495 1222 5 9 ,
503 1206 127 27 handling",
647 1205 78 21 hvaraf
740 1206 47 20 ville
803 1212 72 21 synas,
891 1208 31 18 att
938 1206 65 20 också

180 1236 66 21 andra
269 1235 87 21 skrifter
380 1237 25 18 än
423 1235 137 26 protokoller,
580 1235 72 20 hvilka
670 1236 49 19 röra
735 1234 26 21 de
778 1235 25 20 14
820 1235 12 26 &
850 1235 25 20 15
893 1241 46 20 pag.
959 1241 44 14 om-

180 1264 104 21 förmälda
301 1264 52 21 verk
369 1263 39 21 och
424 1263 149 28 inrättningar,
590 1270 51 14 vore
657 1263 68 20 under
741 1263 114 21 befrielsen
867 1263 46 20 från
926 1263 77 28 begag-

179 1292 79 21 nandet
282 1292 23 21 af
326 1291 115 28 stämpladt
464 1298 82 21 papper
565 1292 137 27 inbegripne;
725 1298 48 14 men
792 1291 37 21 allt
845 1291 76 21 sådant
937 1292 66 21 borde

179 1323 98 19 närmare
300 1321 118 27 uttryckas.
450 1320 73 21 Också
546 1320 38 21 har
599 1320 39 27 jag
654 1322 43 19 sett
712 1320 131 27 stadgandet
857 1319 72 21 härom
946 1321 57 20 olika

179 1349 77 22 tolkas.
289 1349 48 20 Man
361 1349 38 20 har
422 1349 45 27 gått
491 1349 23 20 så
529 1349 58 27 långt
603 1351 39 24 att,
659 1351 38 18 när
713 1355 27 14 en
755 1349 101 27 lägenhet
872 1348 69 21 blifvit
957 1349 45 20 såld

179 1379 27 26 på
229 1377 103 22 exekutiv
356 1377 87 20 auktion
468 1377 38 21 och
526 1377 95 27 inropats
641 1377 23 20 af
678 1377 243 27 hypoteksföreningen,
938 1377 64 27 köpe-

178 1406 86 21 brefvet
279 1405 107 22 utfärdats
402 1406 26 26 på
444 1405 129 28 ostämpladt
590 1413 86 20 papper.
707 1405 128 21 Emellertid
851 1405 88 27 stadgar
955 1413 46 20 pag.

178 1435 28 21 23
222 1435 67 20 under
306 1434 100 21 rubriken
423 1434 131 27 ,,köpebref'
567 1436 31 19 att
609 1434 65 27 köpe-
685 1434 52 20 eller
749 1434 100 26 salubref,
866 1436 55 18 samt
929 1434 73 27 gäfvo-

178 1463 41 21 och
235 1463 113 27 bytesbref
361 1462 69 21 förses
445 1462 49 21 med
511 1463 174 26 stämpelpapper
701 1463 5 20 i
723 1462 132 21 förhällande
871 1462 30 20 till
911 1463 91 26 egendo-

179 1498 60 14 mens
262 1491 72 26 värde,
358 1493 54 18 samt
435 1492 39 25 att,
498 1491 26 20 dä
543 1490 104 28 egendom
663 1491 65 27 säljes
745 1491 27 27 pä
787 1490 104 21 exekutiv
907 1491 95 27 auktion,
