1142 1786
475 135 37 16 Den
526 136 21 15 20
561 136 93 16 Februari.
911 137 38 18 133

153 197 48 14 man
217 191 47 20 icke
281 191 60 20 torde
359 191 61 20 hafva
436 199 24 13 en
478 199 56 19 noga
550 191 153 28 föreställning.
729 190 40 21 Om
787 191 36 20 det
839 192 79 20 tillåtes
935 193 42 26 mig

152 221 32 18 att
200 220 74 19 anföra
290 220 65 27 några
371 219 75 26 siffror,
464 221 23 19 så
503 220 34 20 vill
551 221 37 26 jag
605 222 120 23 omnämna,
741 221 31 18 att
789 220 67 20 under
867 220 26 21 de
906 221 28 20 tio
946 222 31 25 år,

152 254 45 13 som
220 248 37 26 jag
275 248 101 20 förvaltat
397 247 117 28 Uleåborgs
533 249 42 25 län,
599 248 37 21 har
659 248 224 27 smörproduktionen,
900 249 30 20 till
947 249 28 20 af-

152 275 53 26 salu,
222 276 58 26 stigit
297 277 47 19 med
362 277 52 19 visst
429 277 27 20 50
472 279 95 24 procent,
584 277 46 20 från
647 277 76 24 60,000
740 276 29 21 till
785 277 78 24 90,000
879 277 50 20 eller
945 278 31 20 till

152 303 38 21 och
215 304 47 20 med
287 305 89 25 100,000
398 304 91 26 lispund.
521 305 131 27 Smörpriset
671 305 39 20 har
729 304 58 27 stigit
805 304 5 20 i
831 312 80 13 samma
928 312 47 20 pro-

151 332 96 27 gression
264 333 38 20 och
318 332 120 21 inkomsten
456 333 61 20 deraf
532 335 62 25 utgör
610 340 28 13 nu
656 334 39 26 1'/,
711 333 72 27 miljon
799 333 62 21 mark
871 340 34 14 om
922 335 53 25 året,

152 360 81 20 hvilket
256 361 127 27 öfverstiger
406 361 75 20 värdet
504 362 23 19 af
549 362 68 20 länets
633 361 74 27 plank-
724 361 38 20 och
779 361 137 27 hrädexport.
947 362 27 21 Vi

152 388 63 21 hafva
239 389 71 21 vidare
328 389 87 21 artiklar
433 390 79 20 sådana
531 396 45 14 som
596 390 45 26 lax;
665 396 25 14 en
714 389 85 27 mycket
818 390 79 26 dyrbar
917 398 56 18 vara,

151 417 85 21 hvilken
256 418 126 27 visserligen
400 418 47 20 icke
465 417 128 28 produceras
610 419 30 19 uti
661 418 86 34 mycket
763 420 57 18 stora
837 419 136 27 qvantiteter,

152 452 46 14 men
219 446 6 20 i
245 446 71 20 stället
336 446 38 20 bär
390 453 25 13 en
433 446 41 28 hög
490 446 64 26 frakt,
570 446 39 21 och
625 446 36 20 det
677 448 24 18 är
717 446 92 20 tusental
826 449 85 24 tunnor,
927 454 46 14 som

150 474 39 20 här
206 474 84 21 komma
307 475 73 26 ifråga.
404 474 27 21 Vi
448 463 64 32 hafva
528 462 72 33 vidare
613 475 56 27 jern,
685 482 45 12 som
747 474 57 21 alltid
817 476 64 20 söker
892 464 32 39 sig
933 478 40 25 väg

151 502 31 20 till
198 502 114 28 Ryssland.
344 491 154 39 Beklagligtvis
512 503 57 27 ligga
585 504 50 20 våra
649 503 105 27 jernbruk
771 510 26 13 nu
814 504 85 20 alldeles
916 511 56 18 nere,

150 530 69 21 ehuru
235 531 77 21 Ämmä
327 532 115 20 malmerna
458 533 36 19 äro
510 532 116 32 utmärkta,
643 532 45 25 och,
705 538 32 14 om
753 532 37 26 jag
805 534 24 18 är
845 534 42 18 rätt
896 521 77 32 under-

151 560 76 25 rättad,
244 560 46 21 icke
308 561 68 19 sämre
392 562 26 19 än
435 560 25 20 de
476 560 5 20 i
500 560 98 32 Suojärvi
615 560 56 21 inom
684 548 105 39 Wiborgs
806 560 41 21 län.
873 561 99 20 Kurimo-

149 587 79 21 Ammäi
240 588 141 27 bruksbolags
394 589 93 19 konkurs
499 586 38 22 ha?
548 589 151 19 åstadkommit
711 590 58 18 stora
780 589 101 20 förluster
894 590 2 19 i
909 589 64 21 Uleä-

151 616 59 27 borg,
220 617 89 20 emedan
318 616 36 21 det
363 617 53 20 varit
426 616 96 28 omöjligt
531 619 31 17 att
571 616 21 21 fä
601 617 80 20 dessa
675 616 99 27 jernverk
783 616 99 21 försälda.
899 617 74 21 Skulle

151 651 47 13 man
216 644 45 21 haft
274 645 122 27 jernvägar,
413 647 44 18 tror
470 646 38 26 jag
524 647 32 18 att
571 645 81 27 köpare
668 652 42 20 nog
726 645 68 20 skulle
804 644 65 21 hafva
879 646 93 20 infunnit

149 672 39 28 sig.
219 672 38 21 Ett
274 673 76 21 sådant
363 674 101 26 jernvork
481 673 130 27 producerar
622 673 67 21 allena
702 674 91 25 200,000
805 673 42 27 pud
856 674 55 26 jern.
928 674 44 20 Det

150 700 41 21 kan
214 701 70 21 allena
307 702 33 20 för
358 708 25 14 en
402 702 34 20 hel
453 702 76 20 månad
546 702 57 26 gifva
618 708 25 14 en
658 702 91 26 jernväg
764 702 114 27 tillräcklig
893 703 80 26 syssel-

149 730 101 27 sättning,
275 730 38 20 och
335 730 37 27 jag
391 730 54 20 talar
465 730 76 20 endast
560 737 33 13 om
613 730 56 20 hvad
688 736 45 14 som
749 730 64 20 redan
830 731 23 19 är
869 730 39 21 och
923 731 48 20 icke

149 764 35 14 om
200 758 54 20 hvad
271 765 45 13 som
333 759 41 20 kan
392 758 70 21 blifva.
478 771 27 2 —
522 758 56 20 Herr
595 758 120 20 Schauman
732 758 37 20 har
785 758 72 21 vidare
874 759 52 21 talat
937 766 33 14 om

149 792 26 14 en
200 786 26 20 70
250 786 46 20 mils
315 787 105 32 jernväg;
441 794 46 13 men
505 787 39 27 jag
564 787 37 20 ber
617 788 32 19 att
664 787 21 20 fä
700 786 84 27 päpeka
799 788 32 19 att
847 787 124 21 densamma

149 814 55 20 inom
223 814 120 28 Uleåborgs
360 815 40 25 län,
416 815 6 20 i
438 822 25 13 en
480 815 42 20 viss
540 815 131 27 sträckning,
687 815 89 20 allenast
792 816 63 25 utgör
871 816 26 20 20
913 816 42 20 mil.

218 842 57 22 Herr
291 843 124 28 Pipping,
432 843 80 21 Knut:
529 843 57 21 Herr
602 850 41 14 von
659 843 99 20 Alfthans
774 840 141 42 anmärkning
926 847 45 18 mot

149 870 26 21 de
191 871 151 32 projekterade
358 872 162 20 stambanornas
536 871 108 21 cirkulära
659 871 60 24 form,
737 871 55 20 visar
809 871 70 21 bättre
895 874 25 18 än
934 874 36 19 nä-

148 899 92 32 gonting
260 902 66 18 annat
348 902 32 18 att
398 899 149 21 diskussionen
566 907 33 13 om
617 899 48 21 dess
681 899 124 27 sträckning
821 901 23 19 är
859 899 33 21 för
907 900 64 28 tidigt

149 927 70 26 väckt,
235 928 63 21 innan
316 928 40 20 min
373 928 165 21 reseberättelse
554 928 39 21 och
609 927 40 21 den
666 927 87 21 dermed
765 928 120 27 uppgjorda
893 929 76 21 kartan

149 943 70 33 blifvit
234 956 85 21 ståndet
339 956 98 27 delgifne.
468 956 47 21 Den
536 956 61 26 form,
615 963 45 14 som
676 956 49 21 herr
741 963 39 13 von
796 956 90 21 Alfthan
903 957 67 21 kallar

148 983 99 28 cirkulär,
270 986 84 19 närmar
373 985 31 26 sig
424 985 68 20 denna
511 985 54 20 form
585 985 40 20 och
643 985 36 20 det
694 986 23 19 är
733 991 26 14 en
776 985 92 27 naturlig
882 985 53 28 följd
949 986 22 21 af

148 1013 96 26 sjöarnes
269 1013 127 27 belägenhet
415 1013 5 20 i
440 1013 97 26 Finland,
557 1015 23 25 ty
599 1019 48 14 man
667 1013 40 20 kan
724 1013 46 20 icke
786 1013 27 26 gå
829 1015 58 19 tvärs
903 1014 66 25 öfver,

148 1044 50 17 utan
215 1041 68 20 måste
300 1041 90 32 kringgå
406 1041 54 20 dem.
487 1041 98 20 Framför
601 1041 38 20 allt
655 1041 54 21 hade
725 1041 41 20 han
783 1041 54 20 dock
855 1042 47 21 icke
921 1043 48 20 bort

147 1069 80 32 förtiga
246 1069 55 21 hvad
318 1077 38 20 jag
375 1072 44 18 tror
437 1077 51 13 vara
504 1069 33 20 för
553 1069 78 20 honom
647 1069 86 26 bekant,
750 1071 31 18 att
796 1069 105 28 förslaget
916 1077 53 21 upp-

147 1097 54 27 tagit
218 1104 24 14 en
260 1098 61 25 bana,
338 1105 45 13 som
399 1099 38 26 går
452 1098 6 20 i
474 1098 94 27 riktning
585 1098 22 20 af
621 1085 118 33 diametern
756 1098 5 19 i
773 1098 70 20 denna
854 1099 65 20 cirkel
929 1099 38 20 och

144 1127 46 26 just
210 1126 6 19 i
236 1126 41 21 den
296 1114 127 33 omnämnda
444 1126 121 27 riktningen
585 1126 74 27 sydost
679 1126 31 20 till
730 1126 111 27 nordvest;
859 1134 26 13 en
903 1127 65 21 sådan

148 1155 54 20 bana
222 1155 122 20 modifierar
364 1155 104 27 betydligt
484 1155 40 20 den
542 1155 106 20 omtalade
664 1154 106 21 cirkulära
785 1143 88 32 formen.
905 1155 64 21 Hvad

147 1183 40 19 ban
211 1183 72 20 vidare
307 1185 69 25 säger,
400 1185 30 18 att
450 1183 38 20 här
506 1183 48 20 icke
576 1183 23 20 så
618 1185 59 18 stora
695 1183 74 20 hinder
786 1183 61 20 torde
863 1185 57 19 möta
936 1184 33 20 för

143 1210 133 27 jernbanans
300 1211 118 26 utförande,
441 1213 23 19 är
489 1211 125 27 visserligen
639 1214 68 23 sannt,
727 1211 26 20 då
772 1210 39 21 han
826 1211 79 27 jemför
920 1212 49 21 vårt

146 1239 48 20 land
211 1240 49 20 med
276 1240 114 20 Amerikas
406 1239 120 36 Klippberg
542 1240 39 20 och
597 1240 49 20 med
661 1227 96 40 Alperna
772 1240 6 19 i
795 1239 115 28 Schweitz;
925 1241 43 20 han

146 1267 55 21 hade
220 1269 82 20 kunnat
322 1269 52 20 hitta
391 1269 27 26 på
432 1269 57 20 ännu
505 1269 69 20 större
590 1268 82 26 hinder,
689 1275 44 13 som
749 1269 47 20 icke
812 1268 68 21 finnas
896 1269 6 20 i
905 1256 62 33 ”Fin-

145 1296 59 27 land;
220 1303 48 14 men
284 1297 38 20 här
338 1297 66 20 finnas
420 1297 84 20 trakter
520 1303 52 19 som,
589 1303 34 14 om
639 1297 27 20 de
682 1297 47 20 icke
745 1296 90 27 erbjuda
846 1297 123 28 synnerliga

145 1325 101 20 tekniska
266 1325 139 26 svårigheter,
426 1325 64 20 likväl
510 1325 91 26 erbjuda
617 1325 23 20 så
655 1327 58 18 stora
731 1325 140 20 ekonomiska
887 1325 80 28 svårig-

145 1353 61 20 heter
222 1356 32 17 att
270 1353 74 28 hvarje
360 1354 64 20 tanke
442 1354 26 26 på
481 1353 116 28 jernvägar
613 1353 112 21 derstädes
741 1353 67 21 måste
824 1353 81 21 lemnas
914 1356 53 18 tem-

144 1381 92 28 meligen
260 1382 66 25 åsido,
350 1382 129 20 åtminstone
503 1383 24 19 så
546 1382 62 27 länge
627 1382 20 20 vi
667 1382 63 20 hafva
749 1381 89 28 tillgång
858 1383 27 26 på
901 1382 67 21 andra

144 1410 61 20 linier
224 1410 37 21 der
280 1410 160 27 svårigheterna
459 1412 36 19 äro
512 1410 157 27 jemförelsevis
686 1410 134 27 obetydliga;
843 1410 125 27 isynnerhet

145 1442 44 16 tror
210 1439 38 26 jag
272 1441 31 18 att
327 1439 39 20 han
389 1439 47 20 bort
455 1439 94 20 betänka
568 1439 70 20 denna
657 1439 38 20 sak
714 1439 25 20 då
762 1439 40 19 han
827 1439 85 26 yttrade
935 1441 33 18 att

147 1466 107 28 Uleåborg
270 1467 68 20 skulle
355 1467 63 20 vinna
433 1467 99 26 omkring
549 1467 24 20 15
590 1467 11 20 &
617 1467 27 21 25
661 1469 88 24 procent
765 1467 23 20 af
802 1466 26 21 de
845 1467 122 20 beräknade

144 1494 256 27 transportkostnaderna
419 1495 26 26 på
461 1494 40 21 den
518 1494 23 20 af
555 1495 76 20 honom
648 1494 123 28 föreslagna
786 1496 69 26 vägen
871 1495 6 20 i
891 1494 77 28 jemfö-

144 1523 54 20 rolse
215 1523 47 20 med
279 1523 25 20 de
321 1524 23 20 af
357 1524 42 26 mig
411 1523 122 27 föreslagna
544 1524 136 26 omvägarne.
704 1523 41 27 Jag
756 1525 44 19 tror
811 1525 32 18 att
855 1523 40 21 han
906 1522 61 21 miss-
