1142 1786
452 106 37 16 Den
504 107 20 15 19
538 106 94 15 Februari.
901 107 26 20 97

130 161 85 21 banken
232 161 114 28 anledning
361 161 31 21 till
409 162 119 27 rättegång,
546 162 48 21 icke
610 161 73 21 vidare
701 162 34 20 må
750 164 90 25 antagas
856 169 45 14 som
913 163 43 21 lån-

130 192 74 25 tagare
225 190 51 21 eller
291 190 114 21 löftesman
421 190 6 20 i
444 190 92 26 banken,
553 190 48 21 med
617 190 83 21 mindre
716 191 26 20 än
759 190 197 29 bankfullmäktige,

131 219 27 26 på
174 218 147 21 direktionens
337 219 79 26 förord,
432 218 70 21 dertill
520 219 82 20 bifallit.
629 219 67 20 Detta
712 219 119 27 stadgande
847 227 62 14 anser
918 221 38 27 jag

131 253 51 14 vara
198 254 58 13 mera
272 249 26 19 än
314 249 93 26 strängt;
428 254 48 13 man
493 247 41 20 kan
552 247 45 21 ofta
613 247 88 20 alldeles
717 247 112 28 oförskyllt
845 248 58 27 gifva
919 256 36 13 an-

131 275 87 27 ledning
233 275 31 21 till
279 276 121 27 rättegång:
416 276 134 26 exempelvis
566 283 26 13 en
609 275 118 26 diskontör,
744 283 45 13 som
801 276 6 20 i
819 276 83 21 banken
913 277 43 21 för-

131 304 40 20 sålt
188 310 26 14 en
231 304 69 25 vexel,
316 306 24 18 är
355 304 35 20 vid
406 303 48 21 dess
469 304 119 20 förfallotid
603 304 104 27 bortrest;
724 306 140 26 acceptanten
881 312 75 20 passar

131 332 19 27 ej
167 332 27 27 på
210 332 153 27 förfallodagen
380 332 39 21 och
435 332 78 20 vexeln
530 332 95 21 utsökes.
650 332 95 21 Sålunda
761 332 68 21 skulle
841 340 76 20 genom
929 341 27 13 en

132 360 60 28 dylik
211 361 148 20 försummelse
376 361 37 20 hos
430 363 148 25 acceptanten,
595 360 138 22 diskontören
750 361 105 21 förklaras
872 362 83 21 oberät-

131 389 60 27 tigad
207 391 31 19 att
255 390 73 20 vidare
343 391 51 25 göra
410 389 78 21 affärer
503 390 6 20 i
525 389 94 21 banken.
641 389 43 28 Jag
699 396 63 14 anser
778 390 85 21 derföre
874 391 38 20 och
929 392 28 27 på

132 418 26 20 de
175 418 52 26 skäl,
244 425 45 13 som
304 418 37 28 jag
357 425 51 21 nyss
423 418 57 20 förut
496 418 73 20 anfört
580 418 92 20 rörande
684 418 164 28 kassakreditiv,
860 420 37 20 när
908 420 48 20 kre-

132 446 186 28 ditivrättigheten
344 446 68 21 skulle
438 453 51 14 vara
514 446 124 27 förverkad,
661 446 127 28 pröfningen
812 447 30 21 uti
865 447 26 21 de
914 448 42 25 fall,

132 475 89 21 hvarom
237 475 52 21 sista
305 477 117 19 momentet
439 475 5 20 i
461 475 26 20 84
504 476 11 26 &
532 475 97 26 handlar,
645 475 53 21 böra
714 475 113 21 ankomma
836 471 13 35 &
867 476 89 21 bankdi-

132 503 113 21 rektionen
262 510 79 14 ensam.
372 503 134 28 Stadgandet
521 504 33 20 uti
570 504 11 26 &
598 504 27 20 96
641 505 32 19 att
688 504 41 20 alla
745 504 35 20 vid
795 504 161 22 bankdirektio-

132 538 54 14 nens
205 532 171 21 sammanträden
396 532 176 21 förekommande
591 532 92 20 ärender
698 532 60 21 skola
771 533 68 27 jemte
855 533 101 21 direktio-

132 567 54 14 nens
202 560 44 21 deri
262 560 27 21 då
304 560 82 21 fattade
403 561 67 20 beslut
486 561 6 20 i
504 561 88 20 korthet
603 560 117 22 antecknas
730 561 6 20 i
748 568 25 14 en
785 561 107 22 inbunden
904 562 53 21 min-

132 589 90 27 nesbok,
245 596 65 20 synes
330 590 43 26 mig
391 596 53 14 vara
459 590 122 26 opraktiskt
597 590 40 20 och
651 589 80 27 jemväl
747 589 94 28 onödigt.
872 590 85 21 Beträf-

132 618 64 20 fande
213 618 106 27 beviljade
336 618 32 20 lån
385 618 39 20 och
441 618 112 27 uppköpta
568 618 74 20 vexlar
658 618 42 20 kan
717 618 32 20 väl
762 624 26 14 en
799 618 91 21 särskild
901 618 56 22 före-

132 646 168 27 dragningslista
322 654 50 13 vara
392 646 107 27 tillhands,
518 646 34 20 för
570 646 130 28 anteckning
721 646 22 21 af
761 646 145 22 direktionens
922 654 34 14 om

133 674 73 28 dylika
228 675 160 21 transaktioner
410 674 81 22 fattade
516 675 77 25 beslut,
614 681 48 14 men
682 681 33 14 om
735 674 67 28 öfriga
820 675 137 27 kassaposter

133 703 61 21 skola
215 704 50 26 ingå
288 704 30 20 uti
343 704 250 27 memorialprotokollet,
616 704 86 20 komme
725 703 118 21 detsamma
862 704 44 20 ofta
925 706 32 19 att

133 732 67 20 blifva
215 732 23 20 så
254 732 114 28 vidlyftigt,
385 734 31 18 att
434 732 35 20 det
484 732 50 20 med
551 732 119 20 detsamma
681 732 88 20 afsedda
780 732 121 21 ändamålet
909 733 48 21 icke

134 760 80 21 vinnes.
245 760 34 21 De
303 761 29 20 uti
352 761 12 27 8
380 762 27 19 94
423 761 22 20 af
458 761 144 27 reglementet
617 760 129 21 föreskrifna
761 760 147 28 skyldigheter
923 762 34 20 för

133 788 147 22 direktionens
300 789 98 27 samtliga
414 790 140 20 medlemmar
569 791 32 19 att
617 789 86 27 deltaga
718 790 5 19 i
739 789 41 20 alla
795 789 26 21 de
838 789 119 28 öfverlägg-

134 817 82 27 ningar,
232 824 46 14 som
294 818 34 20 vid
345 818 206 20 bankdirektionens
567 817 172 21 sammanträden
751 818 138 26 förekomma,
902 818 55 21 låter

134 846 32 27 sig
182 846 46 20 icke
244 846 75 21 förena
335 846 48 21 med
400 846 129 28 stadgandet
545 846 6 20 i
567 847 12 27 $
595 847 34 25 97,
646 848 31 18 att
694 845 104 21 hvardera
813 846 121 21 ledamoten
951 847 5 20 i

134 874 134 21 direktionen
288 875 38 20 bör
344 875 180 20 omhänderhafva
541 882 26 13 en
583 874 78 26 nyckel
678 874 30 20 till
724 874 95 21 bankens
836 875 124 20 kassahvalf

134 905 55 18 samt
205 902 40 21 den
262 910 40 13 ena
317 903 109 20 dessutom
443 903 91 28 nyckeln
552 903 30 20 till
598 903 213 27 förvaringsrummet
827 903 23 20 af
860 903 97 21 bankens

134 931 246 28 säkerhetshandlingar.
411 931 149 28 Insättningar
583 931 40 21 och
643 931 136 27 uttagningar
799 931 46 20 från
861 931 96 21 hvalfvet

134 959 133 21 förekomma
289 960 107 27 nemligen
419 960 99 27 dagligen
542 961 53 19 flera
618 960 87 27 gånger,
727 960 40 20 och
782 960 175 27 lånehandlingar

135 987 65 21 blifva
216 988 66 21 också
298 989 40 20 tidt
354 989 38 20 och
409 988 44 21 ofta
467 989 128 27 utbegärda,
611 988 139 27 hvarigenom
766 988 39 20 allt
821 990 30 18 ett
863 989 94 27 ständigt

134 1017 81 20 afbrott
237 1017 123 20 förorsakas
383 1017 6 20 i
412 1017 148 20 direktionens
583 1016 167 27 förhandlingar,
774 1017 81 20 hvilket
873 1017 85 20 afbrott

134 1045 98 20 kommer
248 1048 31 17 att
296 1045 63 20 blifva
375 1047 57 18 ännu
447 1046 81 26 längre,
544 1045 6 20 i
561 1045 102 20 händelse
675 1045 238 28 ansvarsskyldigheten
925 1045 33 21 för

135 1073 53 20 brist
204 1074 6 19 i
226 1073 96 21 bankens
338 1073 146 21 hufvudkassa
499 1074 119 20 fastställes
635 1073 73 27 sådan,
725 1080 45 14 som
786 1074 125 20 densamma
926 1074 31 20 uti

134 1102 13 20 2
170 1109 62 14 mom.
254 1103 23 20 af
294 1103 11 26 &
328 1103 38 20 134
386 1102 67 21 finnes
472 1102 128 28 föreslagen.
633 1101 40 21 Om
689 1102 106 27 nemligen
811 1101 146 22 direktionens

134 1130 120 21 ledamöter
277 1131 59 20 skola
357 1131 68 27 jemte
442 1131 103 20 kassören
562 1137 90 14 ansvara
668 1131 33 20 för
715 1130 116 21 innehållet
846 1130 23 21 af
883 1130 74 28 hvarje

134 1159 31 20 uti
181 1159 95 20 hvalfvet
293 1159 105 28 befintligt
408 1159 169 28 penningekäril,
590 1160 59 27 påse,
661 1159 67 20 bundt
739 1159 52 20 eller
801 1158 81 27 pakett,
893 1159 64 20 äfven

134 1187 39 21 der
192 1188 64 20 dessa
275 1188 48 20 med
343 1188 113 20 kassörens
476 1188 55 27 sigill
551 1189 36 19 äro
602 1187 128 27 förseglade,
747 1188 23 19 så
785 1187 76 20 blifver
876 1187 81 27 följden

134 1218 32 19 att
182 1216 62 20 desse
260 1216 125 27 ledamöter,
402 1216 82 21 hvilkas
501 1216 200 27 hufvudsakligaste
717 1215 95 28 göromål
828 1214 54 22 dock
892 1215 66 22 borde

134 1245 62 20 bestå
211 1245 6 20 i
234 1247 65 18 annat
315 1246 26 19 än
357 1245 205 27 penningeräkning,
579 1245 34 20 vid
629 1245 74 26 hvarje
719 1244 111 27 operation
841 1243 6 21 i
856 1243 101 28 hvalfvet,

134 1280 51 13 vare
199 1273 33 28 sig
247 1273 118 28 insättning
381 1273 51 21 eller
447 1273 122 28 uttagning,
582 1274 69 20 måste
667 1273 6 20 i
684 1273 114 20 kassörens
809 1274 91 19 närvaro
912 1279 45 21 sys-

134 1302 89 20 selsätta
246 1302 33 27 sig
301 1302 48 20 med
368 1309 25 13 en
413 1302 128 20 tidsödande
557 1302 98 27 räkning,
671 1308 46 14 som
733 1301 121 28 antagligen
872 1301 86 21 komme

134 1332 32 19 att
182 1333 95 24 upptaga
292 1332 78 19 största
386 1331 61 20 delen
464 1331 25 20 af.
501 1330 170 21 banktimmarne
688 1330 38 20 och
742 1336 77 21 genom
836 1331 31 19 att
883 1329 76 21 hindra

134 1358 266 21 direktionsledamöterne
416 1359 40 20 och
471 1359 69 20 förste
557 1359 102 20 kassören
675 1360 32 19 att
722 1359 91 27 fullgöra
829 1358 46 20 sina
891 1358 68 27 öfriga

134 1387 136 27 åligganden,
287 1387 61 27 högst
364 1387 89 27 menligt
468 1388 92 20 inverka
575 1389 27 26 på
618 1387 97 20 bankens
731 1387 86 20 rörelse.
841 1386 44 21 Det
894 1393 64 20 synes

135 1417 43 26 mig
197 1416 85 20 derföre
300 1417 69 19 såsom
386 1416 66 20 borde
468 1416 117 26 nycklarne
601 1415 32 21 till
650 1415 94 21 bankens
761 1415 126 21 kassahvalf
899 1415 59 20 inne-

135 1444 75 21 hafvas
226 1445 23 20 af
263 1445 72 23 andra,
352 1444 70 21 dertill
437 1444 103 21 särskildt
554 1444 130 21 förordnade
696 1451 109 20 personer,
816 1444 23 20 så
849 1443 64 21 framt
922 1443 37 20 det

134 1473 48 19 icke
198 1479 51 14 vore
267 1473 123 27 lämpligare
406 1475 31 18 ätt
454 1473 80 20 vården
551 1480 33 12 om
595 1473 110 19 desamma
716 1473 38 20 och
766 1471 121 21 kontrollen
899 1471 60 21 öfver

135 1500 95 21 hvalfvet
252 1501 84 20 direkte
356 1501 124 20 handhades
500 1501 24 20 af
542 1500 199 28 bankfullmäktige,
757 1500 52 21 eller
825 1500 39 20 ock
881 1501 31 19 att
927 1499 32 21 till

880 1540 10 16 7
