1142 1786
192 103 41 20 306
532 103 39 16 Den
585 105 19 14 21
620 104 53 16 Mars.

163 162 68 22 terna,
248 159 110 20 inkomma
374 159 48 20 med
439 159 100 28 begäran,
556 161 31 19 att
603 160 241 27 kronoskogsvaktaren
855 159 66 21 måtte
931 159 60 28 afhy-

164 195 42 18 sas,
229 194 35 14 om
285 187 48 21 icke
354 187 46 20 från
418 187 136 28 bostäderna,
571 189 23 20 så
610 189 129 20 åtminstone
756 189 46 20 från
819 189 64 20 åkrar
899 188 38 21 och
955 190 36 19 än-

164 223 45 20 gar,
225 217 24 19 så
265 217 86 19 komme
367 223 48 13 man
432 219 70 18 straxt
518 217 6 20 i
540 223 25 14 en
582 217 81 27 ganska
681 217 80 20 ledsam
782 217 135 27 belägenhet.
949 217 42 20 Det

164 245 72 20 kunde
253 244 77 26 hända,
348 247 31 18 att
395 244 131 27 densamme,
544 251 44 14 som
606 252 27 13 nu
650 245 37 20 har
703 247 50 18 äran
771 247 31 19 att
819 245 75 21 tilltala
910 245 81 27 höglof-

164 273 43 27 liga
230 272 151 27 ridderskapet
405 273 40 21 och
466 273 69 26 adeln,
554 273 38 20 blir
612 274 49 25 den,
683 281 45 13 som
745 274 68 20 måste
830 274 73 26 afgöra
919 273 72 27 dylika

164 301 49 25 mål,
237 300 38 21 och
298 301 38 27 jag
359 301 68 20 måste
447 301 85 21 derföre
552 302 122 27 ödmjukast
696 302 86 21 anhålla
801 309 33 13 om
852 302 87 20 alldeles
956 302 35 20 be-

165 329 84 21 stämda
264 329 143 27 föreskrifter,
424 330 54 20 huru
495 330 73 20 dervid
585 330 53 20 skall
651 330 98 21 förfaras.
781 330 32 21 På
824 330 69 28 grund
905 330 22 23 af
936 330 55 20 hvad

162 358 38 27 jag
216 364 28 14 nu
260 358 46 20 haft
323 359 50 19 äran
390 360 65 26 yttra,
472 358 31 21 får
516 358 39 28 jag
570 358 86 21 förorda
672 359 41 21 den
729 358 78 28 nådiga
819 358 172 28 propositionens

165 387 121 27 antagande
303 386 48 21 med
368 386 25 21 de
407 387 6 20 i
430 387 40 21 den
487 387 67 21 första
571 388 161 20 reservationen
750 387 96 21 uttalade
863 388 127 26 önsknings-

166 415 48 21 mål.

235 442 58 22 Herr
314 444 145 26 Stjernvall
481 444 96 27 yttrade:
597 444 37 21 Uti
655 445 39 20 139
714 445 11 27 $
742 444 24 21 af
779 444 28 21 H.
824 444 27 21 K.
869 444 70 28 Maj:ts
956 444 35 20 nä-

166 472 48 26 diga
230 472 141 27 reglemente,
392 473 110 27 angäende
518 472 166 28 landtmäteriet,
701 473 150 27 egodelnings-
869 473 38 21 och
924 473 67 20 skatt-

166 500 193 28 läggningsverket
383 501 22 20 af
426 501 40 21 den
490 502 26 20 15
538 502 42 26 Maj
601 502 54 20 1848
674 502 95 27 stadgas,
786 504 32 18 att
835 502 30 20 uti
881 501 110 21 Kuusamo

166 529 39 21 och
221 528 127 21 Kemiträsk
364 530 91 20 socknar
471 529 53 21 skall
536 530 105 20 beräknas
653 530 62 27 högst
727 530 63 26 3,000
802 530 121 24 tunneland,
936 533 55 18 samt

166 558 30 20 uti
214 557 128 28 Kuolajärvi
361 558 79 21 socken
460 558 63 27 högst
541 559 63 26 4,000
624 559 118 21 tunneland
759 559 12 20 &
788 559 43 21 helt
847 558 86 27 mantal,
949 560 42 20 300

165 586 129 20 tunnelands
310 587 121 27 ersättning
447 587 31 19 för
495 587 45 20 icke
557 587 100 26 urskilda,
673 587 82 21 mindre
772 587 164 27 impedimenter
947 588 44 20 deri

165 614 135 27 inbegripen.
332 614 83 21 Genom
439 614 27 21 H.
491 614 27 22 K.
543 616 72 27 Maj:ts
635 616 78 27 nådiga
731 616 131 27 kungörelse
882 616 22 20 af
922 616 39 20 den
979 617 12 19 5

166 642 124 21 Novemver
311 644 51 20 1841
381 644 38 20 och
440 643 122 28 Kejserliga
579 644 82 20 brefvet
677 644 22 21 af
713 651 82 14 samma
811 644 42 27 dag
869 644 30 20 till
915 651 76 20 guver-

166 673 66 19 nören
249 672 5 20 i
271 671 121 28 Uleåborgs
408 672 34 20 län
459 674 37 19 äro
512 674 97 19 närmare
626 672 135 21 föreskrifter
775 672 132 26 meddelade,
927 674 64 26 angä-

166 700 53 20 ende
244 700 90 27 refning,
358 700 110 21 storskifte
494 701 38 20 och
552 701 160 27 skattläggning
732 701 24 21 af
769 701 84 27 Kajana
870 701 66 21 härad
952 702 39 20 och

166 727 129 29 Pudasjärvi
318 729 80 20 socken
419 729 23 20 af
458 729 55 21 Uleå
531 729 73 27 härad,
625 730 150 20 innehållande
792 730 63 20 bland
872 732 71 24 annat,
960 732 31 18 att

166 757 5 20 i
188 757 108 21 anseende
315 757 31 21 till
367 757 176 28 odlingsegornas
563 758 125 20 inskränkta
709 758 50 21 vidd
776 761 55 18 samt
847 758 62 21 deras
923 759 68 27 jemte

166 786 193 26 skogsmarkernas
378 788 70 19 sämre
469 786 118 28 vextlighet
607 786 38 21 och
667 787 96 21 särdeles
779 787 74 21 sterila
871 787 119 20 beskaffen-

167 814 42 24 het,
226 815 34 19 må
275 814 6 20 i
297 814 145 27 nyssnämnde
458 815 67 20 härad
540 815 38 20 och
596 815 78 21 socken
692 816 74 27 hvarje
782 816 45 20 helt
843 816 79 20 mantal
939 815 52 21 eller

166 842 97 21 deremot
287 843 105 20 svarande
412 845 47 25 nytt
479 844 102 20 skattetal
601 844 34 20 vid
655 844 121 20 storskiftet
796 844 91 20 tilldelas
904 844 31 20 till
951 844 38 21 och

167 870 48 21 med
232 872 64 24 3,000
311 871 116 21 tunneland
444 872 98 20 skattbar
559 872 66 26 mark,
642 872 44 20 deri
703 873 126 27 inbegripen
842 872 147 27 ersättningen

169 899 33 20 för
219 899 117 27 oskiljbara
352 899 82 21 mindre
450 899 169 28 impedimenter.

236 927 30 20 Af
283 928 26 20 de
326 928 110 27 angående
452 928 84 27 Kajana
553 929 66 20 härad
635 929 38 20 och
690 929 129 27 Pudasjärvi
836 929 79 20 socken
932 929 58 20 med-

167 956 75 20 delade
266 957 157 20 tunnelandtals
447 957 150 20 bestämmelse
618 957 39 21 och
678 957 249 28 skattläggningsutslag
949 958 40 20 kan

166 985 114 26 inhemtas,
304 987 32 18 att
356 985 278 26 lägenhetsinnehafvarene
654 986 112 21 derstädes
788 986 100 20 tilldelats
905 986 19 27 ej
940 986 51 21 min-

167 1014 37 19 dre
223 1013 139 20 förenämnde
383 1014 77 27 belopp
480 1014 23 20 af
518 1014 110 21 skattbara
645 1022 58 19 egor,
719 1017 26 18 än
763 1014 40 21 ock
820 1015 117 26 dessutom,
953 1021 38 14 un-

167 1043 37 19 der
228 1048 63 14 namn
313 1041 23 21 af
353 1042 169 27 impedimenter,
543 1043 95 27 betydlig
655 1043 67 26 mark,
739 1043 87 20 bvilken
843 1043 60 20 mark
919 1043 73 20 seder-

167 1077 59 14 mera
250 1070 108 21 befunnits
381 1071 63 20 hafva
465 1071 79 20 bestått
564 1071 23 20 af
605 1071 80 28 ganska
702 1072 136 27 odlingsbara
855 1078 58 21 egor,
931 1072 60 20 hvar-

167 1101 59 18 utom
250 1101 58 18 emot
331 1099 125 28 skogsskatt
476 1100 24 20 af
514 1099 99 21 stundom
630 1107 25 13 en
673 1101 64 26 penni
754 1100 140 20 tunnelandet
911 1101 80 27 tillagts

166 1127 48 21 icke
234 1127 62 27 ringa
316 1128 69 20 såsom
405 1128 125 27 skogsmark
550 1128 133 21 antecknade
700 1135 60 20 egor,
776 1129 139 27 hvarigenom
932 1129 12 20 å
961 1131 31 18 ett

167 1155 79 21 mantal
270 1156 82 20 kunnat
376 1156 90 21 erhållas
488 1164 51 20 egor
562 1157 30 20 till
616 1157 82 21 kanske
722 1157 89 21 dubbelt
837 1157 77 28 belopp
935 1160 57 18 emot

167 1184 56 20 hvad
234 1184 281 27 lägenhetsinnehafvarene
527 1185 66 27 enligt
604 1185 181 28 författningarne
803 1185 48 21 bort
867 1185 124 21 tillkomma.

167 1211 49 21 Den
234 1212 98 22 inrotade
352 1214 72 26 praxis
444 1216 31 18 att
494 1213 79 21 tilldela
589 1220 25 14 en
631 1214 103 27 lägenhet.
749 1214 110 27 betydliga
875 1214 116 27 egovidder

168 1244 58 17 emot
242 1241 125 28 skogsskatt
383 1249 63 20 synes
462 1243 62 20 äfven
543 1249 48 14 vara
603 1243 110 20 stridande
725 1245 58 18 emot
801 1243 190 27 författningarnes

168 1269 56 21 anda
239 1270 39 20 och
295 1271 95 26 mening,
406 1273 55 18 samt
477 1271 108 20 dessutom
602 1271 102 20 innebära
720 1278 26 14 en
763 1271 104 21 orättvisa
883 1274 57 18 emot
956 1279 35 13 an-

168 1298 38 21 dra
229 1298 259 26 lägenhetsinnehafvare,
512 1299 25 20 de
561 1300 37 19 der
617 1299 48 21 icke
685 1300 85 20 undfått
790 1307 53 20 egor
859 1302 57 18 emot
933 1300 58 27 dylik

168 1327 64 26 skatt,
250 1327 26 20 då
293 1327 32 20 för
341 1327 80 21 sådana
436 1334 51 21 egor
498 1328 47 20 icke
557 1329 87 26 utgöras
656 1329 67 26 några
732 1328 137 21 kommunala
881 1328 111 28 utskylder

169 1355 39 21 och
226 1356 82 19 besvär.
801 1379 3 2 N

238 1383 170 28 Beskattningen
425 1387 57 18 emot
499 1385 125 26 skogsskatt
640 1385 95 27 grundar
751 1385 32 28 sig
799 1385 12 20 &
823 1385 72 27 kongl.
909 1385 84 21 brefvet

168 1412 31 21 till
216 1412 212 27 kammarkollegium
445 1413 23 20 af
481 1413 40 21 den
538 1414 27 20 20
588 1413 123 21 November
735 1415 64 24 1796,
816 1421 33 13 om
866 1414 125 27 disposition

169 1441 23 20 af
213 1441 81 20 sådana
316 1441 196 27 öfverloppsjordar
535 1443 38 19 och
593 1442 162 27 kronomarker,
772 1449 46 14 som
834 1443 37 20 äro
887 1443 30 20 till
934 1443 58 20 hem-

169 1469 217 27 mansanläggningar
402 1470 108 27 otjenliga.
542 1471 66 20 Detta
625 1471 48 20 bref
686 1471 75 20 utkom
778 1471 27 27 pä
821 1478 25 13 en
863 1471 37 26 tid,
921 1471 27 20 dä
966 1471 25 21 all

169 1496 67 28 mark,
256 1504 45 14 som
321 1498 47 20 icke
384 1500 73 25 syntes
476 1506 50 13 vara
548 1499 30 20 till
595 1498 111 28 nybygges
723 1500 131 27 anläggning
871 1499 122 21 användbar
