1142 1786
455 118 38 16 Den
508 119 10 15 6
531 118 57 20 April.
872 118 41 20 365

118 173 84 28 sonliga
219 175 90 19 närvaro
326 173 92 28 stadgas,
435 176 32 18 att
483 174 86 21 brotten
581 174 60 20 skola
654 181 49 13 vara
714 173 81 27 grofva,
808 174 71 21 kunde
891 175 50 27 god-

119 202 88 25 kännas,
231 202 39 21 och
287 202 6 20 i
308 202 51 27 följd
376 203 61 20 deraf
451 202 65 21 också
533 203 52 20 sista
601 204 119 19 momentet
735 203 6 19 i
757 209 81 14 samma
853 203 87 28 förslag,

117 231 39 20 der
171 231 70 20 såsom
257 233 89 18 motsats
364 233 43 18 mot
423 231 75 26 grofva
515 231 100 20 brottmål
632 231 53 20 talas
702 238 33 13 om
757 231 59 27 ringa
833 231 108 28 brottmål,

118 259 72 20 kunde
210 259 132 27 godkännas.
372 259 139 20 Beträffande
530 261 47 18 åter
592 259 73 28 frågan
683 266 33 13 om
733 260 104 20 svarande
853 264 88 23 partens

118 287 104 27 rättighet
238 289 31 19 att
285 287 47 20 med
348 288 32 26 sig
397 289 49 25 taga
461 287 128 27 fullmäktig,
607 289 23 19 så
646 288 125 20 instämmer
783 288 38 27 jag
832 289 47 19 med
891 289 49 20 herr

118 322 40 14 von
183 316 89 20 Hellens
295 316 27 26 på
337 315 25 21 de
384 316 52 26 skäl,
454 316 40 20 han
514 316 6 20 i
537 316 31 20 sin
586 317 131 19 reservation
734 316 111 28 åberopat.
875 316 65 22 Hvad

118 344 99 27 slutligen
236 344 100 20 beträffar
352 344 40 20 den
409 344 122 27 föreslagna
548 345 128 27 rättigheten
693 344 32 20 för
741 344 151 28 målseganden
909 348 31 18 att

116 373 80 26 jemväl
215 374 5 19 i
242 373 70 27 gröfre
333 372 100 21 brottmål
452 380 76 20 genom
549 373 78 20 ombud
646 372 198 28 tillstädeskomma,
861 374 23 20 så
900 374 41 20 kan

115 402 39 26 jag
176 401 48 21 icke
248 402 82 20 biträda
346 401 117 20 utskottets
479 401 81 27 förslag
577 402 6 20 i
600 402 40 20 den
657 401 40 26 del,
714 401 88 21 emedan
817 402 38 27 jag
870 409 71 20 anser,

118 432 32 18 att
167 430 124 27 derigenom
308 436 25 14 en
349 430 33 20 för
392 432 45 18 stor
448 430 84 20 skilnad
544 430 67 20 skulle
623 430 130 27 uppkomma
764 430 90 21 emellan
867 431 72 27 rättig-

119 458 88 20 heterna
223 459 32 20 för
272 458 150 27 målseganden
435 458 39 20 och
486 458 39 20 den
538 458 127 28 anklagade,
677 458 78 26 hvilka,
767 459 24 20 så
801 458 63 28 länge
875 460 65 20 rätte-

118 487 84 27 gången
219 494 61 14 varar
292 486 39 21 och
348 488 38 19 när
396 486 134 21 besvärande
542 487 183 27 omständigheter
736 486 47 21 icke
794 490 57 17 emot
863 488 78 27 någon-

118 515 50 21 dera
192 515 83 27 inlupit,
296 515 5 20 i
318 515 115 21 allmänhet
454 515 52 21 böra
526 516 84 27 åtnjuta
626 515 111 21 enahanda
752 515 114 21 förmoner.
897 516 44 21 Det

119 544 71 20 kunde
209 544 105 27 nemligen
332 543 77 25 hända,
429 550 34 14 om
479 544 155 27 lagutskottets
651 543 135 21 betänkande
802 544 4 20 i
821 544 31 20 sin
869 544 72 22 helhet

118 573 132 26 godkändes,
270 575 31 18 att
320 579 24 14 en
364 579 85 20 person,
469 580 44 13 som
533 574 24 19 är
572 573 90 20 tilltalad
682 573 32 20 för
737 575 31 18 ett
791 573 149 27 ogvädinsord,

119 600 135 28 personligen
275 601 67 21 måste
361 601 84 20 komma
464 601 55 20 inför
536 602 61 25 rätta,
614 601 28 20 då
658 602 97 20 deremot
769 601 7 19 i
792 608 25 13 en
833 601 44 27 sak,
895 609 45 13 som

118 630 38 26 går
172 630 27 26 på
218 629 60 21 lifvet
296 630 33 20 för
348 629 38 20 den
404 629 127 27 anklagade,
553 630 136 27 målsegande
709 630 56 26 finge
784 630 85 20 komma
885 630 56 21 inför

119 660 56 18 rätta
198 664 77 20 genom
299 658 85 20 ombud.
416 658 66 20 Detta
504 658 69 20 skulle
590 658 39 27 jag
645 658 47 21 icke
707 664 52 14 anse
776 658 164 21 öfverensstäm-

119 686 77 20 mande
212 686 48 20 med
276 686 115 21 rättvisans
407 686 79 27 grund;
502 686 85 21 derföre
604 687 39 20 och
660 687 27 27 på
703 687 66 20 andra
784 694 27 14 nu
823 687 118 27 framlagda

119 714 46 21 skäl
185 715 119 27 tillstyrker
320 716 44 26 jag,
384 717 31 18 att
431 715 77 27 nådiga
525 716 159 26 propositionen
701 715 126 21 oförändrad
844 718 96 25 antages.

188 743 100 21 Friherre
308 742 104 22 Wrede:
428 744 155 26 Lagutskottet
600 744 66 27 ansåg
682 744 65 20 orden
764 744 89 27 ,,grofva
870 744 70 20 brott''

120 779 51 14 vara
194 773 24 19 så
240 772 94 21 särdeles
358 772 130 20 obestämda.
520 772 47 20 Den
591 779 41 14 ena
653 773 40 19 kan
715 779 51 13 anse
782 773 35 20 det
833 779 40 13 ena
890 780 51 13 vara

119 800 57 28 groft
192 800 64 27 brott,
273 808 24 13 en
315 807 69 13 annan
402 800 35 21 det
454 800 72 21 andra.
559 800 56 21 Herr
631 800 148 21 Wallensköld
794 800 98 21 framhöll
909 802 31 20 så-

119 836 44 14 som
184 829 98 27 exempel
302 829 27 27 på
348 829 60 27 ringa
428 829 57 21 brott
500 836 27 14 en
544 829 111 27 knuffning
672 830 38 20 och
727 831 30 19 ett
773 829 112 27 obehörigt
901 830 40 20 till-

118 858 67 26 mäle;
208 858 38 27 jag
266 864 62 14 anser
347 857 118 21 emellertid
484 858 62 20 dessa
566 858 69 20 såsom
652 858 58 20 brott
726 860 57 18 emot
799 864 77 20 person
894 858 47 20 vida

120 887 92 23 svårare,
237 888 26 18 än
287 886 92 20 åverkan
403 886 39 20 och
459 886 180 27 tullförsnillning,
659 893 44 13 som
722 886 47 20 herr
787 886 154 20 Wallenskiöld

118 914 138 21 rubricerade
279 915 69 20 såsom
372 914 78 27 gröfre.
481 915 42 26 Jag
542 914 121 21 framhåller
682 914 58 21 detta
757 915 69 20 såsom
843 915 97 26 exempel

118 943 63 27 uppå,
198 945 32 18 att
246 943 64 20 orden
328 943 88 26 ,,grofva
432 943 72 20 brott'*
525 943 71 20 kunna
611 943 56 20 olika
679 943 108 20 bedömas.
819 942 64 21 Hvad
895 943 46 20 åter

118 972 75 26 frågan
205 971 66 27 angår
287 978 34 13 om
337 971 147 27 målsegandes
496 973 43 19 rätt
554 973 32 19 att
602 972 52 19 kära
665 972 62 19 äfven
739 972 5 19 i
753 971 76 27 grofva
841 971 100 21 brottmål

118 1007 77 19 genom
213 999 85 26 ombud,
316 1000 22 19 så
354 1006 63 14 anser
430 1000 44 27 jag,
492 1000 55 20 hvad
565 1001 105 20 utskottet
681 1001 6 19 i
699 1000 40 20 den
751 1000 60 21 delen
824 999 117 28 föreslagit,

119 1035 49 13 vara
181 1028 36 20 det
229 1028 113 27 vigtigaste
353 1028 6 20 i
370 1028 48 20 hela
428 1028 81 27 frågan,
522 1030 22 25 ty
554 1029 73 20 derom
638 1029 67 20 finnes
716 1029 47 20 icke
775 1029 64 26 något
849 1028 91 27 lagstad-

118 1057 70 26 gande
207 1057 65 25 förut,
292 1057 37 20 och
349 1056 41 21 alla
408 1057 26 20 de
451 1057 71 25 vådor,
540 1063 43 14 som
600 1064 77 19 genom
694 1057 60 20 detta
769 1057 118 27 stadgande
903 1058 37 19 äro

118 1085 149 27 förespeglade
283 1086 32 19 att
330 1086 85 26 uppstå,
428 1085 74 27 tycker
512 1086 39 26 jag
562 1085 32 21 väl
607 1086 73 20 häfvas
693 1086 130 27 derigenom,
835 1087 32 18 att
878 1085 62 20 måls-

118 1113 98 28 eganden
239 1113 54 20 dock
316 1113 53 20 skall
394 1114 135 27 personligen
554 1115 85 19 komma
663 1114 110 26 tillstädes,
793 1113 28 21 då
839 1113 101 21 domaren

119 1142 86 27 pröfvar
221 1142 36 20 det
276 1141 80 28 nödigt.
387 1141 41 28 Jag
445 1142 68 20 skulle
530 1142 82 21 således
629 1149 50 14 anse
696 1142 63 21 dessa
774 1142 167 27 anmärkningar

119 1171 47 20 icke
182 1170 109 21 föranleda
307 1170 30 20 till
354 1171 70 25 någon
440 1171 96 26 ändring.

187 1198 57 21 Herr
261 1198 101 21 Munck:
386 1199 71 20 Jemte
476 1199 35 20 det
524 1199 40 27 jag
579 1199 125 20 instämmer
720 1199 5 19 i
741 1198 91 21 friherre
848 1198 93 21 Wredes

120 1234 50 20 nyss
186 1226 80 28 afgifna
282 1226 106 28 yttrande,
406 1227 48 20 vilie
468 1227 38 28 jag
521 1227 112 21 framhålla
649 1229 31 18 ett
697 1227 97 27 exempel
811 1226 92 21 rörande
914 1226 27 21 de

119 1255 145 27 olägenheter,
280 1262 44 13 som
341 1262 25 13 en
384 1256 136 27 målsegande
538 1256 39 20 kan
595 1256 62 19 hafva
673 1255 23 21 af
710 1258 31 18 att
757 1255 85 21 komma
853 1262 88 20 person-

118 1284 56 27 ligen
195 1284 111 20 tillstädes.
337 1284 42 27 Jag
395 1287 95 24 antager,
508 1287 31 18 att
557 1291 24 14 en
599 1284 149 27 Uleåborgsbo
764 1284 71 21 blefve
851 1284 38 21 här
906 1285 35 20 be-

119 1312 69 21 stulen
211 1313 25 26 på
256 1319 27 14 en
303 1313 95 27 betydlig
414 1313 33 20 del
467 1313 22 20 af
504 1313 30 20 sin
552 1313 156 27 förmögenhet.
739 1312 48 21 Han
804 1315 39 25 gör
859 1313 82 20 kanske

119 1341 48 20 icke
183 1341 39 20 sak
238 1341 23 20 af
274 1341 47 20 hela
337 1341 119 27 tjufnaden,
473 1348 47 13 men
539 1341 192 27 polisbetjeningen
747 1343 38 25 gör
801 1342 37 20 det
849 1342 26 26 på
886 1341 55 27 tjen-

119 1371 58 18 stens
193 1371 87 25 vägnar.
311 1369 42 27 Jag
369 1369 122 21 hemställer
507 1370 31 20 till
554 1369 115 28 höglofliga
684 1369 92 25 ståndet,
793 1377 33 13 om
844 1370 36 20 det
893 1370 48 20 icke

120 1404 50 13 vore
187 1397 37 21 bra
240 1397 68 26 hårdt,
325 1405 33 13 om
375 1398 139 27 målsegande
530 1398 67 20 skulle
614 1398 106 21 måhända
731 1398 30 20 till
772 1398 53 20 flere
837 1405 104 14 samman-

118 1425 74 21 träden
218 1426 80 27 nödgas
321 1426 85 21 inställa
429 1427 32 26 sig
484 1427 34 20 för
541 1429 30 18 att
591 1426 75 21 endast
682 1433 51 14 vara
748 1427 106 20 tillstädes
871 1427 70 20 såsom

119 1454 143 27 målsegande,
286 1455 39 19 och
339 1455 38 26 jag
395 1455 69 20 skulle
483 1455 83 20 således
587 1461 50 14 anse
654 1455 36 20 det
707 1462 50 13 vara
773 1456 5 19 i
794 1455 32 20 sin
844 1455 97 27 ordning,

118 1484 31 18 att
168 1482 136 27 målsegande
320 1483 53 19 skall
390 1490 50 13 vara
456 1483 112 26 tillstädes,
585 1485 38 18 när
638 1483 87 20 domare
741 1483 68 20 finner
826 1483 52 20 hans
894 1484 47 18 när-

118 1516 49 14 varo
192 1510 83 20 absolut
299 1510 127 28 nödvändig.
459 1511 27 20 Så
508 1513 22 18 är
552 1511 143 21 förhållandet
712 1511 4 20 i
734 1511 81 20 mindre
833 1510 108 27 brottmål,
