<?xml version="1.0" encoding="UTF-8"?>
<alto xmlns="http://www.loc.gov/standards/alto/ns-v3#" xmlns:xlink="http://www.w3.org/1999/xlink" xmlns:xsi="http://www.w3.org/2001/XMLSchema-instance" xsi:schemaLocation="http://www.loc.gov/standards/alto/ns-v3# http://www.loc.gov/alto/v3/alto-3-0.xsd">
	<Description>
		<MeasurementUnit>pixel</MeasurementUnit>
		<sourceImageInformation>
			<fileName>/tmp/tess_b_luvg0c_input.PNG</fileName>
		</sourceImageInformation>
		<OCRProcessing ID="OCR_0">
			<ocrProcessingStep>
				<processingSoftware>
					<softwareName>tesseract 5.3.4</softwareName>
				</processingSoftware>
			</ocrProcessingStep>
		</OCRProcessing>
	</Description>
	<Layout>
		<Page WIDTH="1142" HEIGHT="1786" PHYSICAL_IMG_NR="0" ID="page_0">
			<PrintSpace HPOS="0" VPOS="0" WIDTH="1142" HEIGHT="1786">
				<ComposedBlock ID="cblock_0" HPOS="202" VPOS="101" WIDTH="444" HEIGHT="21">
					<TextBlock ID="block_0" HPOS="202" VPOS="101" WIDTH="444" HEIGHT="21">
						<TextLine ID="line_0" HPOS="202" VPOS="101" WIDTH="444" HEIGHT="21">
							<String ID="string_0" HPOS="202" VPOS="102" WIDTH="42" HEIGHT="20" WC="0.96" CONTENT="360"/><SP WIDTH="273" VPOS="102" HPOS="244"/>
							<String ID="string_1" HPOS="517" VPOS="102" WIDTH="40" HEIGHT="15" WC="0.96" CONTENT="Den"/><SP WIDTH="13" VPOS="102" HPOS="557"/>
							<String ID="string_2" HPOS="570" VPOS="103" WIDTH="10" HEIGHT="14" WC="0.95" CONTENT="6"/><SP WIDTH="13" VPOS="103" HPOS="580"/>
							<String ID="string_3" HPOS="593" VPOS="101" WIDTH="53" HEIGHT="21" WC="0.96" CONTENT="April"/>
						</TextLine>
					</TextBlock>
				</ComposedBlock>
				<ComposedBlock ID="cblock_1" HPOS="173" VPOS="156" WIDTH="834" HEIGHT="1362">
					<TextBlock ID="block_1" HPOS="173" VPOS="156" WIDTH="827" HEIGHT="142">
						<TextLine ID="line_1" HPOS="173" VPOS="156" WIDTH="825" HEIGHT="29">
							<String ID="string_4" HPOS="173" VPOS="159" WIDTH="11" HEIGHT="26" WC="0.96" CONTENT="8"/><SP WIDTH="22" VPOS="159" HPOS="184"/>
							<String ID="string_5" HPOS="206" VPOS="159" WIDTH="25" HEIGHT="20" WC="0.96" CONTENT="15"/><SP WIDTH="19" VPOS="159" HPOS="231"/>
							<String ID="string_6" HPOS="250" VPOS="158" WIDTH="49" HEIGHT="26" WC="0.96" CONTENT="kap."/><SP WIDTH="21" VPOS="158" HPOS="299"/>
							<String ID="string_7" HPOS="320" VPOS="157" WIDTH="53" HEIGHT="21" WC="0.96" CONTENT="skall"/><SP WIDTH="19" VPOS="157" HPOS="373"/>
							<String ID="string_8" HPOS="392" VPOS="158" WIDTH="87" HEIGHT="26" WC="0.94" CONTENT="stadgas"/><SP WIDTH="19" VPOS="158" HPOS="479"/>
							<String ID="string_9" HPOS="498" VPOS="165" WIDTH="25" HEIGHT="13" WC="0.96" CONTENT="en"/><SP WIDTH="17" VPOS="165" HPOS="523"/>
							<String ID="string_10" HPOS="540" VPOS="164" WIDTH="69" HEIGHT="13" WC="0.96" CONTENT="annan"/><SP WIDTH="18" VPOS="164" HPOS="609"/>
							<String ID="string_11" HPOS="627" VPOS="157" WIDTH="89" HEIGHT="27" WC="0.96" CONTENT="princip."/><SP WIDTH="31" VPOS="157" HPOS="716"/>
							<String ID="string_12" HPOS="747" VPOS="156" WIDTH="42" HEIGHT="27" WC="0.96" CONTENT="Jag"/><SP WIDTH="17" VPOS="156" HPOS="789"/>
							<String ID="string_13" HPOS="806" VPOS="163" WIDTH="63" HEIGHT="14" WC="0.93" CONTENT="anser"/><SP WIDTH="16" VPOS="163" HPOS="869"/>
							<String ID="string_14" HPOS="885" VPOS="156" WIDTH="92" HEIGHT="24" WC="0.93" CONTENT="derföre,"/><SP WIDTH="16" VPOS="156" HPOS="977"/>
							<String ID="string_15" HPOS="993" VPOS="156" WIDTH="5" HEIGHT="19" WC="0.97" CONTENT="i"/>
						</TextLine>
						<TextLine ID="line_2" HPOS="173" VPOS="185" WIDTH="826" HEIGHT="27">
							<String ID="string_16" HPOS="173" VPOS="187" WIDTH="101" HEIGHT="20" WC="0.91" CONTENT="afseende"/><SP WIDTH="18" VPOS="187" HPOS="274"/>
							<String ID="string_17" HPOS="292" VPOS="187" WIDTH="12" HEIGHT="20" WC="0.92" CONTENT="&amp;"/><SP WIDTH="16" VPOS="187" HPOS="304"/>
							<String ID="string_18" HPOS="320" VPOS="186" WIDTH="141" HEIGHT="20" WC="0.91" CONTENT="redaktionen"/><SP WIDTH="17" VPOS="186" HPOS="461"/>
							<String ID="string_19" HPOS="478" VPOS="187" WIDTH="22" HEIGHT="19" WC="0.96" CONTENT="af"/><SP WIDTH="14" VPOS="187" HPOS="500"/>
							<String ID="string_20" HPOS="514" VPOS="186" WIDTH="68" HEIGHT="20" WC="0.93" CONTENT="denna"/><SP WIDTH="14" VPOS="186" HPOS="582"/>
							<String ID="string_21" HPOS="596" VPOS="186" WIDTH="67" HEIGHT="26" WC="0.91" CONTENT="punkt"/><SP WIDTH="11" VPOS="186" HPOS="663"/>
							<String ID="string_22" HPOS="674" VPOS="185" WIDTH="6" HEIGHT="20" WC="0.93" CONTENT="i"/><SP WIDTH="12" VPOS="185" HPOS="680"/>
							<String ID="string_23" HPOS="692" VPOS="185" WIDTH="154" HEIGHT="26" WC="0.92" CONTENT="lagutskottets"/><SP WIDTH="10" VPOS="185" HPOS="846"/>
							<String ID="string_24" HPOS="856" VPOS="185" WIDTH="143" HEIGHT="24" WC="0.91" CONTENT="betänkande,"/>
						</TextLine>
						<TextLine ID="line_3" HPOS="174" VPOS="213" WIDTH="825" HEIGHT="28">
							<String ID="string_25" HPOS="174" VPOS="215" WIDTH="67" HEIGHT="21" WC="0.95" CONTENT="ehuru"/><SP WIDTH="25" VPOS="215" HPOS="241"/>
							<String ID="string_26" HPOS="266" VPOS="214" WIDTH="124" HEIGHT="27" WC="0.95" CONTENT="förträffligt"/><SP WIDTH="14" VPOS="214" HPOS="390"/>
							<String ID="string_27" HPOS="404" VPOS="215" WIDTH="38" HEIGHT="26" WC="0.93" CONTENT="jag"/><SP WIDTH="15" VPOS="215" HPOS="442"/>
							<String ID="string_28" HPOS="457" VPOS="215" WIDTH="63" HEIGHT="26" WC="0.96" CONTENT="eljest"/><SP WIDTH="16" VPOS="215" HPOS="520"/>
							<String ID="string_29" HPOS="536" VPOS="214" WIDTH="69" HEIGHT="20" WC="0.96" CONTENT="finner"/><SP WIDTH="16" VPOS="214" HPOS="605"/>
							<String ID="string_30" HPOS="621" VPOS="215" WIDTH="42" HEIGHT="24" WC="0.93" CONTENT="det,"/><SP WIDTH="18" VPOS="215" HPOS="663"/>
							<String ID="string_31" HPOS="681" VPOS="213" WIDTH="117" HEIGHT="21" WC="0.96" CONTENT="detsamma"/><SP WIDTH="19" VPOS="213" HPOS="798"/>
							<String ID="string_32" HPOS="817" VPOS="214" WIDTH="51" HEIGHT="19" WC="0.96" CONTENT="böra"/><SP WIDTH="17" VPOS="214" HPOS="868"/>
							<String ID="string_33" HPOS="885" VPOS="214" WIDTH="30" HEIGHT="20" WC="0.93" CONTENT="till"/><SP WIDTH="17" VPOS="214" HPOS="915"/>
							<String ID="string_34" HPOS="932" VPOS="214" WIDTH="67" HEIGHT="26" WC="0.93" CONTENT="lagut-"/>
						</TextLine>
						<TextLine ID="line_4" HPOS="174" VPOS="242" WIDTH="826" HEIGHT="27">
							<String ID="string_35" HPOS="174" VPOS="244" WIDTH="83" HEIGHT="20" WC="0.92" CONTENT="skottet"/><SP WIDTH="17" VPOS="244" HPOS="257"/>
							<String ID="string_36" HPOS="274" VPOS="243" WIDTH="175" HEIGHT="25" WC="0.91" CONTENT="återremitteras,"/><SP WIDTH="18" VPOS="243" HPOS="449"/>
							<String ID="string_37" HPOS="467" VPOS="243" WIDTH="26" HEIGHT="26" WC="0.96" CONTENT="på"/><SP WIDTH="16" VPOS="243" HPOS="493"/>
							<String ID="string_38" HPOS="509" VPOS="243" WIDTH="35" HEIGHT="20" WC="0.96" CONTENT="det"/><SP WIDTH="17" VPOS="243" HPOS="544"/>
							<String ID="string_39" HPOS="561" VPOS="245" WIDTH="30" HEIGHT="18" WC="0.95" CONTENT="att"/><SP WIDTH="17" VPOS="245" HPOS="591"/>
							<String ID="string_40" HPOS="608" VPOS="245" WIDTH="78" HEIGHT="18" WC="0.92" CONTENT="tvenne"/><SP WIDTH="17" VPOS="245" HPOS="686"/>
							<String ID="string_41" HPOS="703" VPOS="242" WIDTH="169" HEIGHT="27" WC="0.92" CONTENT="lagstadganden"/><SP WIDTH="13" VPOS="242" HPOS="872"/>
							<String ID="string_42" HPOS="885" VPOS="243" WIDTH="46" HEIGHT="19" WC="0.95" CONTENT="icke"/><SP WIDTH="9" VPOS="243" HPOS="931"/>
							<String ID="string_43" HPOS="940" VPOS="242" WIDTH="60" HEIGHT="20" WC="0.97" CONTENT="skola"/>
						</TextLine>
						<TextLine ID="line_5" HPOS="175" VPOS="271" WIDTH="469" HEIGHT="27">
							<String ID="string_44" HPOS="175" VPOS="273" WIDTH="33" HEIGHT="19" WC="0.95" CONTENT="stå"/><SP WIDTH="16" VPOS="273" HPOS="208"/>
							<String ID="string_45" HPOS="224" VPOS="272" WIDTH="5" HEIGHT="19" WC="0.95" CONTENT="i"/><SP WIDTH="18" VPOS="272" HPOS="229"/>
							<String ID="string_46" HPOS="247" VPOS="271" WIDTH="112" HEIGHT="27" WC="0.95" CONTENT="uppenbar"/><SP WIDTH="16" VPOS="271" HPOS="359"/>
							<String ID="string_47" HPOS="375" VPOS="271" WIDTH="52" HEIGHT="20" WC="0.95" CONTENT="strid"/><SP WIDTH="17" VPOS="271" HPOS="427"/>
							<String ID="string_48" HPOS="444" VPOS="274" WIDTH="58" HEIGHT="17" WC="0.96" CONTENT="emot"/><SP WIDTH="16" VPOS="274" HPOS="502"/>
							<String ID="string_49" HPOS="518" VPOS="271" WIDTH="126" HEIGHT="20" WC="0.96" CONTENT="hvarandra."/>
						</TextLine>
					</TextBlock>
					<TextBlock ID="block_2" HPOS="174" VPOS="298" WIDTH="828" HEIGHT="256">
						<TextLine ID="line_6" HPOS="246" VPOS="298" WIDTH="753" HEIGHT="27">
							<String ID="string_50" HPOS="246" VPOS="299" WIDTH="56" HEIGHT="21" WC="0.96" CONTENT="Herr"/><SP WIDTH="23" VPOS="299" HPOS="302"/>
							<String ID="string_51" HPOS="325" VPOS="299" WIDTH="103" HEIGHT="21" WC="0.91" CONTENT="Munck:"/><SP WIDTH="26" VPOS="299" HPOS="428"/>
							<String ID="string_52" HPOS="454" VPOS="299" WIDTH="42" HEIGHT="26" WC="0.96" CONTENT="Jag"/><SP WIDTH="19" VPOS="299" HPOS="496"/>
							<String ID="string_53" HPOS="515" VPOS="299" WIDTH="40" HEIGHT="20" WC="0.96" CONTENT="kan"/><SP WIDTH="21" VPOS="299" HPOS="555"/>
							<String ID="string_54" HPOS="576" VPOS="299" WIDTH="47" HEIGHT="20" WC="0.96" CONTENT="icke"/><SP WIDTH="20" VPOS="299" HPOS="623"/>
							<String ID="string_55" HPOS="643" VPOS="299" WIDTH="140" HEIGHT="20" WC="0.96" CONTENT="underkänna"/><SP WIDTH="20" VPOS="299" HPOS="783"/>
							<String ID="string_56" HPOS="803" VPOS="299" WIDTH="48" HEIGHT="19" WC="0.93" CONTENT="herr"/><SP WIDTH="22" VPOS="299" HPOS="851"/>
							<String ID="string_57" HPOS="873" VPOS="298" WIDTH="126" HEIGHT="20" WC="0.79" CONTENT="Edelskölds"/>
						</TextLine>
						<TextLine ID="line_7" HPOS="175" VPOS="326" WIDTH="825" HEIGHT="28">
							<String ID="string_58" HPOS="175" VPOS="328" WIDTH="143" HEIGHT="26" WC="0.96" CONTENT="anmärkning"/><SP WIDTH="16" VPOS="328" HPOS="318"/>
							<String ID="string_59" HPOS="334" VPOS="328" WIDTH="90" HEIGHT="20" WC="0.93" CONTENT="rörande"/><SP WIDTH="17" VPOS="328" HPOS="424"/>
							<String ID="string_60" HPOS="441" VPOS="327" WIDTH="128" HEIGHT="27" WC="0.92" CONTENT="stadgandet"/><SP WIDTH="17" VPOS="327" HPOS="569"/>
							<String ID="string_61" HPOS="586" VPOS="327" WIDTH="29" HEIGHT="20" WC="0.96" CONTENT="uti"/><SP WIDTH="19" VPOS="327" HPOS="615"/>
							<String ID="string_62" HPOS="634" VPOS="328" WIDTH="25" HEIGHT="19" WC="0.92" CONTENT="10"/><SP WIDTH="17" VPOS="328" HPOS="659"/>
							<String ID="string_63" HPOS="676" VPOS="328" WIDTH="11" HEIGHT="25" WC="0.90" CONTENT="8"/><SP WIDTH="18" VPOS="328" HPOS="687"/>
							<String ID="string_64" HPOS="705" VPOS="327" WIDTH="23" HEIGHT="19" WC="0.96" CONTENT="11"/><SP WIDTH="17" VPOS="327" HPOS="728"/>
							<String ID="string_65" HPOS="745" VPOS="327" WIDTH="48" HEIGHT="25" WC="0.96" CONTENT="kap."/><SP WIDTH="13" VPOS="327" HPOS="793"/>
							<String ID="string_66" HPOS="806" VPOS="326" WIDTH="25" HEIGHT="21" WC="0.93" CONTENT="R."/><SP WIDTH="12" VPOS="326" HPOS="831"/>
							<String ID="string_67" HPOS="843" VPOS="326" WIDTH="24" HEIGHT="20" WC="0.92" CONTENT="B."/><SP WIDTH="14" VPOS="326" HPOS="867"/>
							<String ID="string_68" HPOS="881" VPOS="326" WIDTH="39" HEIGHT="21" WC="0.96" CONTENT="och"/><SP WIDTH="13" VPOS="326" HPOS="920"/>
							<String ID="string_69" HPOS="933" VPOS="326" WIDTH="67" HEIGHT="20" WC="0.96" CONTENT="skulle"/>
						</TextLine>
						<TextLine ID="line_8" HPOS="174" VPOS="355" WIDTH="828" HEIGHT="29">
							<String ID="string_70" HPOS="174" VPOS="356" WIDTH="38" HEIGHT="28" WC="0.96" CONTENT="jag"/><SP WIDTH="16" VPOS="356" HPOS="212"/>
							<String ID="string_71" HPOS="228" VPOS="356" WIDTH="85" HEIGHT="26" WC="0.96" CONTENT="föreslå,"/><SP WIDTH="17" VPOS="356" HPOS="313"/>
							<String ID="string_72" HPOS="330" VPOS="359" WIDTH="31" HEIGHT="17" WC="0.96" CONTENT="att"/><SP WIDTH="17" VPOS="359" HPOS="361"/>
							<String ID="string_73" HPOS="378" VPOS="358" WIDTH="49" HEIGHT="18" WC="0.95" CONTENT="utan"/><SP WIDTH="19" VPOS="358" HPOS="427"/>
							<String ID="string_74" HPOS="446" VPOS="355" WIDTH="71" HEIGHT="21" WC="0.90" CONTENT="vidare"/><SP WIDTH="17" VPOS="355" HPOS="517"/>
							<String ID="string_75" HPOS="534" VPOS="356" WIDTH="121" HEIGHT="20" WC="0.96" CONTENT="återremiss"/><SP WIDTH="17" VPOS="356" HPOS="655"/>
							<String ID="string_76" HPOS="672" VPOS="356" WIDTH="35" HEIGHT="20" WC="0.96" CONTENT="det"/><SP WIDTH="18" VPOS="356" HPOS="707"/>
							<String ID="string_77" HPOS="725" VPOS="355" WIDTH="71" HEIGHT="20" WC="0.96" CONTENT="kunde"/><SP WIDTH="17" VPOS="355" HPOS="796"/>
							<String ID="string_78" HPOS="813" VPOS="355" WIDTH="5" HEIGHT="20" WC="0.87" CONTENT="i"/><SP WIDTH="12" VPOS="355" HPOS="818"/>
							<String ID="string_79" HPOS="830" VPOS="355" WIDTH="109" HEIGHT="27" WC="0.87" CONTENT="ingressen"/><SP WIDTH="14" VPOS="355" HPOS="939"/>
							<String ID="string_80" HPOS="953" VPOS="355" WIDTH="49" HEIGHT="19" WC="0.96" CONTENT="heta"/>
						</TextLine>
						<TextLine ID="line_9" HPOS="176" VPOS="383" WIDTH="824" HEIGHT="28">
							<String ID="string_81" HPOS="176" VPOS="387" WIDTH="45" HEIGHT="22" WC="0.85" CONTENT="»att"/><SP WIDTH="17" VPOS="387" HPOS="221"/>
							<String ID="string_82" HPOS="238" VPOS="384" WIDTH="47" HEIGHT="21" WC="0.94" CONTENT="med"/><SP WIDTH="17" VPOS="384" HPOS="285"/>
							<String ID="string_83" HPOS="302" VPOS="384" WIDTH="90" HEIGHT="27" WC="0.96" CONTENT="ändring"/><SP WIDTH="16" VPOS="384" HPOS="392"/>
							<String ID="string_84" HPOS="408" VPOS="384" WIDTH="23" HEIGHT="20" WC="0.96" CONTENT="af"/><SP WIDTH="15" VPOS="384" HPOS="431"/>
							<String ID="string_85" HPOS="446" VPOS="385" WIDTH="25" HEIGHT="19" WC="0.92" CONTENT="10"/><SP WIDTH="17" VPOS="385" HPOS="471"/>
							<String ID="string_86" HPOS="488" VPOS="384" WIDTH="10" HEIGHT="26" WC="0.78" CONTENT="$"/><SP WIDTH="18" VPOS="384" HPOS="498"/>
							<String ID="string_87" HPOS="516" VPOS="385" WIDTH="22" HEIGHT="20" WC="0.95" CONTENT="11"/><SP WIDTH="22" VPOS="385" HPOS="538"/>
							<String ID="string_88" HPOS="560" VPOS="384" WIDTH="47" HEIGHT="26" WC="0.96" CONTENT="kap."/><SP WIDTH="18" VPOS="384" HPOS="607"/>
							<String ID="string_89" HPOS="625" VPOS="386" WIDTH="38" HEIGHT="18" WC="0.96" CONTENT="och"/><SP WIDTH="18" VPOS="386" HPOS="663"/>
							<String ID="string_90" HPOS="681" VPOS="391" WIDTH="34" HEIGHT="13" WC="0.93" CONTENT="om"/><SP WIDTH="17" VPOS="391" HPOS="715"/>
							<String ID="string_91" HPOS="732" VPOS="384" WIDTH="151" HEIGHT="26" WC="0.91" CONTENT="upphäfvande"/><SP WIDTH="16" VPOS="384" HPOS="883"/>
							<String ID="string_92" HPOS="899" VPOS="383" WIDTH="23" HEIGHT="21" WC="0.96" CONTENT="af"/><SP WIDTH="11" VPOS="383" HPOS="922"/>
							<String ID="string_93" HPOS="933" VPOS="383" WIDTH="67" HEIGHT="27" WC="0.78" CONTENT="1815"/>
						</TextLine>
						<TextLine ID="line_10" HPOS="176" VPOS="412" WIDTH="825" HEIGHT="28">
							<String ID="string_94" HPOS="176" VPOS="414" WIDTH="48" HEIGHT="26" WC="0.96" CONTENT="kap."/><SP WIDTH="26" VPOS="414" HPOS="224"/>
							<String ID="string_95" HPOS="250" VPOS="413" WIDTH="24" HEIGHT="20" WC="0.93" CONTENT="R."/><SP WIDTH="17" VPOS="413" HPOS="274"/>
							<String ID="string_96" HPOS="291" VPOS="412" WIDTH="26" HEIGHT="20" WC="0.92" CONTENT="B."/><SP WIDTH="17" VPOS="412" HPOS="317"/>
							<String ID="string_97" HPOS="334" VPOS="412" WIDTH="131" HEIGHT="21" WC="0.96" CONTENT="sistnämnde"/><SP WIDTH="21" VPOS="412" HPOS="465"/>
							<String ID="string_98" HPOS="486" VPOS="412" WIDTH="101" HEIGHT="28" WC="0.95" CONTENT="paragraf"/><SP WIDTH="17" VPOS="412" HPOS="587"/>
							<String ID="string_99" HPOS="604" VPOS="412" WIDTH="68" HEIGHT="20" WC="0.93" CONTENT="skulle"/><SP WIDTH="21" VPOS="412" HPOS="672"/>
							<String ID="string_100" HPOS="693" VPOS="412" WIDTH="56" HEIGHT="27" WC="0.96" CONTENT="lyda,"/><SP WIDTH="23" VPOS="412" HPOS="749"/>
							<String ID="string_101" HPOS="772" VPOS="412" WIDTH="69" HEIGHT="20" WC="0.96" CONTENT="såsom"/><SP WIDTH="18" VPOS="412" HPOS="841"/>
							<String ID="string_102" HPOS="859" VPOS="412" WIDTH="142" HEIGHT="27" WC="0.96" CONTENT="lagutskottet"/>
						</TextLine>
						<TextLine ID="line_11" HPOS="176" VPOS="440" WIDTH="826" HEIGHT="28">
							<String ID="string_103" HPOS="176" VPOS="441" WIDTH="133" HEIGHT="27" WC="0.61" CONTENT="föreslagit&quot;."/><SP WIDTH="32" VPOS="441" HPOS="309"/>
							<String ID="string_104" HPOS="341" VPOS="441" WIDTH="32" HEIGHT="20" WC="0.90" CONTENT="Pä"/><SP WIDTH="16" VPOS="441" HPOS="373"/>
							<String ID="string_105" HPOS="389" VPOS="441" WIDTH="59" HEIGHT="20" WC="0.96" CONTENT="detta"/><SP WIDTH="16" VPOS="441" HPOS="448"/>
							<String ID="string_106" HPOS="464" VPOS="442" WIDTH="43" HEIGHT="19" WC="0.96" CONTENT="sätt"/><SP WIDTH="22" VPOS="442" HPOS="507"/>
							<String ID="string_107" HPOS="529" VPOS="440" WIDTH="71" HEIGHT="21" WC="0.96" CONTENT="kunde"/><SP WIDTH="19" VPOS="440" HPOS="600"/>
							<String ID="string_108" HPOS="619" VPOS="441" WIDTH="41" HEIGHT="20" WC="0.93" CONTENT="den"/><SP WIDTH="16" VPOS="441" HPOS="660"/>
							<String ID="string_109" HPOS="676" VPOS="440" WIDTH="113" HEIGHT="21" WC="0.92" CONTENT="anmärkta"/><SP WIDTH="16" VPOS="440" HPOS="789"/>
							<String ID="string_110" HPOS="805" VPOS="440" WIDTH="142" HEIGHT="27" WC="0.86" CONTENT="motsägelsen"/><SP WIDTH="17" VPOS="440" HPOS="947"/>
							<String ID="string_111" HPOS="964" VPOS="446" WIDTH="38" HEIGHT="14" WC="0.92" CONTENT="un-"/>
						</TextLine>
						<TextLine ID="line_12" HPOS="176" VPOS="468" WIDTH="825" HEIGHT="28">
							<String ID="string_112" HPOS="176" VPOS="470" WIDTH="123" HEIGHT="26" WC="0.91" CONTENT="danrödjas,"/><SP WIDTH="17" VPOS="470" HPOS="299"/>
							<String ID="string_113" HPOS="316" VPOS="470" WIDTH="38" HEIGHT="20" WC="0.96" CONTENT="och"/><SP WIDTH="18" VPOS="470" HPOS="354"/>
							<String ID="string_114" HPOS="372" VPOS="470" WIDTH="25" HEIGHT="20" WC="0.96" CONTENT="de"/><SP WIDTH="19" VPOS="470" HPOS="397"/>
							<String ID="string_115" HPOS="416" VPOS="469" WIDTH="68" HEIGHT="27" WC="0.96" CONTENT="öfriga"/><SP WIDTH="16" VPOS="469" HPOS="484"/>
							<String ID="string_116" HPOS="500" VPOS="469" WIDTH="89" HEIGHT="20" WC="0.96" CONTENT="stånden"/><SP WIDTH="18" VPOS="469" HPOS="589"/>
							<String ID="string_117" HPOS="607" VPOS="469" WIDTH="61" HEIGHT="21" WC="0.96" CONTENT="torde"/><SP WIDTH="17" VPOS="469" HPOS="668"/>
							<String ID="string_118" HPOS="685" VPOS="469" WIDTH="32" HEIGHT="20" WC="0.96" CONTENT="för"/><SP WIDTH="16" VPOS="469" HPOS="717"/>
							<String ID="string_119" HPOS="733" VPOS="468" WIDTH="40" HEIGHT="21" WC="0.96" CONTENT="den"/><SP WIDTH="19" VPOS="468" HPOS="773"/>
							<String ID="string_120" HPOS="792" VPOS="468" WIDTH="108" HEIGHT="26" WC="0.96" CONTENT="händelse,"/><SP WIDTH="17" VPOS="468" HPOS="900"/>
							<String ID="string_121" HPOS="917" VPOS="471" WIDTH="31" HEIGHT="17" WC="0.93" CONTENT="att"/><SP WIDTH="12" VPOS="471" HPOS="948"/>
							<String ID="string_122" HPOS="960" VPOS="468" WIDTH="41" HEIGHT="20" WC="0.92" CONTENT="rid-"/>
						</TextLine>
						<TextLine ID="line_13" HPOS="176" VPOS="497" WIDTH="825" HEIGHT="27">
							<String ID="string_123" HPOS="176" VPOS="498" WIDTH="117" HEIGHT="26" WC="0.92" CONTENT="derskapet"/><SP WIDTH="23" VPOS="498" HPOS="293"/>
							<String ID="string_124" HPOS="316" VPOS="498" WIDTH="39" HEIGHT="20" WC="0.96" CONTENT="och"/><SP WIDTH="25" VPOS="498" HPOS="355"/>
							<String ID="string_125" HPOS="380" VPOS="498" WIDTH="61" HEIGHT="20" WC="0.96" CONTENT="adeln"/><SP WIDTH="24" VPOS="498" HPOS="441"/>
							<String ID="string_126" HPOS="465" VPOS="498" WIDTH="68" HEIGHT="20" WC="0.96" CONTENT="skulle"/><SP WIDTH="28" VPOS="498" HPOS="533"/>
							<String ID="string_127" HPOS="561" VPOS="497" WIDTH="83" HEIGHT="21" WC="0.95" CONTENT="biträda"/><SP WIDTH="27" VPOS="497" HPOS="644"/>
							<String ID="string_128" HPOS="671" VPOS="498" WIDTH="59" HEIGHT="20" WC="0.96" CONTENT="detta"/><SP WIDTH="23" VPOS="498" HPOS="730"/>
							<String ID="string_129" HPOS="753" VPOS="497" WIDTH="87" HEIGHT="27" WC="0.96" CONTENT="förslag,"/><SP WIDTH="25" VPOS="497" HPOS="840"/>
							<String ID="string_130" HPOS="865" VPOS="497" WIDTH="136" HEIGHT="21" WC="0.92" CONTENT="underrättas"/>
						</TextLine>
						<TextLine ID="line_14" HPOS="177" VPOS="526" WIDTH="422" HEIGHT="28">
							<String ID="string_131" HPOS="177" VPOS="534" WIDTH="33" HEIGHT="13" WC="0.96" CONTENT="om"/><SP WIDTH="18" VPOS="534" HPOS="210"/>
							<String ID="string_132" HPOS="228" VPOS="526" WIDTH="100" HEIGHT="21" WC="0.92" CONTENT="beslutet."/><SP WIDTH="268" VPOS="526" HPOS="328"/>
							<String ID="string_133" HPOS="596" VPOS="551" WIDTH="3" HEIGHT="3" WC="0.14" CONTENT=","/>
						</TextLine>
					</TextBlock>
					<TextBlock ID="block_3" HPOS="176" VPOS="554" WIDTH="828" HEIGHT="396">
						<TextLine ID="line_15" HPOS="246" VPOS="554" WIDTH="755" HEIGHT="28">
							<String ID="string_134" HPOS="246" VPOS="554" WIDTH="57" HEIGHT="21" WC="0.96" CONTENT="Herr"/><SP WIDTH="17" VPOS="554" HPOS="303"/>
							<String ID="string_135" HPOS="320" VPOS="554" WIDTH="190" HEIGHT="28" WC="0.95" CONTENT="Montgomery:"/><SP WIDTH="16" VPOS="554" HPOS="510"/>
							<String ID="string_136" HPOS="526" VPOS="554" WIDTH="42" HEIGHT="28" WC="0.96" CONTENT="Jag"/><SP WIDTH="16" VPOS="554" HPOS="568"/>
							<String ID="string_137" HPOS="584" VPOS="555" WIDTH="54" HEIGHT="20" WC="0.93" CONTENT="hade"/><SP WIDTH="17" VPOS="555" HPOS="638"/>
							<String ID="string_138" HPOS="655" VPOS="554" WIDTH="65" HEIGHT="21" WC="0.91" CONTENT="ocksä"/><SP WIDTH="15" VPOS="554" HPOS="720"/>
							<String ID="string_139" HPOS="735" VPOS="554" WIDTH="34" HEIGHT="21" WC="0.96" CONTENT="för"/><SP WIDTH="17" VPOS="554" HPOS="769"/>
							<String ID="string_140" HPOS="786" VPOS="554" WIDTH="41" HEIGHT="21" WC="0.96" CONTENT="min"/><SP WIDTH="18" VPOS="554" HPOS="827"/>
							<String ID="string_141" HPOS="845" VPOS="554" WIDTH="32" HEIGHT="21" WC="0.93" CONTENT="del"/><SP WIDTH="12" VPOS="554" HPOS="877"/>
							<String ID="string_142" HPOS="889" VPOS="556" WIDTH="60" HEIGHT="19" WC="0.93" CONTENT="ärnat"/><SP WIDTH="12" VPOS="556" HPOS="949"/>
							<String ID="string_143" HPOS="961" VPOS="554" WIDTH="40" HEIGHT="21" WC="0.93" CONTENT="för-"/>
						</TextLine>
						<TextLine ID="line_16" HPOS="178" VPOS="583" WIDTH="824" HEIGHT="27">
							<String ID="string_144" HPOS="178" VPOS="583" WIDTH="51" HEIGHT="20" WC="0.92" CONTENT="orda"/><SP WIDTH="19" VPOS="583" HPOS="229"/>
							<String ID="string_145" HPOS="248" VPOS="583" WIDTH="132" HEIGHT="27" WC="0.96" CONTENT="antagandet"/><SP WIDTH="18" VPOS="583" HPOS="380"/>
							<String ID="string_146" HPOS="398" VPOS="584" WIDTH="22" HEIGHT="19" WC="0.93" CONTENT="af"/><SP WIDTH="15" VPOS="584" HPOS="420"/>
							<String ID="string_147" HPOS="435" VPOS="584" WIDTH="117" HEIGHT="20" WC="0.96" CONTENT="utskottets"/><SP WIDTH="17" VPOS="584" HPOS="552"/>
							<String ID="string_148" HPOS="569" VPOS="583" WIDTH="143" HEIGHT="23" WC="0.96" CONTENT="betänkande,"/><SP WIDTH="17" VPOS="583" HPOS="712"/>
							<String ID="string_149" HPOS="729" VPOS="584" WIDTH="69" HEIGHT="19" WC="0.95" CONTENT="såsom"/><SP WIDTH="17" VPOS="584" HPOS="798"/>
							<String ID="string_150" HPOS="815" VPOS="583" WIDTH="145" HEIGHT="21" WC="0.96" CONTENT="innebärande"/><SP WIDTH="16" VPOS="583" HPOS="960"/>
							<String ID="string_151" HPOS="976" VPOS="583" WIDTH="26" HEIGHT="20" WC="0.96" CONTENT="de"/>
						</TextLine>
						<TextLine ID="line_17" HPOS="176" VPOS="610" WIDTH="827" HEIGHT="22">
							<String ID="string_152" HPOS="176" VPOS="612" WIDTH="24" HEIGHT="19" WC="0.96" CONTENT="af"/><SP WIDTH="21" VPOS="612" HPOS="200"/>
							<String ID="string_153" HPOS="221" VPOS="611" WIDTH="107" HEIGHT="21" WC="0.95" CONTENT="utskottet"/><SP WIDTH="24" VPOS="611" HPOS="328"/>
							<String ID="string_154" HPOS="352" VPOS="612" WIDTH="65" HEIGHT="20" WC="0.96" CONTENT="redan"/><SP WIDTH="24" VPOS="612" HPOS="417"/>
							<String ID="string_155" HPOS="441" VPOS="612" WIDTH="131" HEIGHT="20" WC="0.96" CONTENT="motiverade"/><SP WIDTH="24" VPOS="612" HPOS="572"/>
							<String ID="string_156" HPOS="596" VPOS="612" WIDTH="40" HEIGHT="20" WC="0.95" CONTENT="och"/><SP WIDTH="24" VPOS="612" HPOS="636"/>
							<String ID="string_157" HPOS="660" VPOS="612" WIDTH="102" HEIGHT="20" WC="0.96" CONTENT="särskildt"/><SP WIDTH="19" VPOS="612" HPOS="762"/>
							<String ID="string_158" HPOS="781" VPOS="611" WIDTH="22" HEIGHT="20" WC="0.96" CONTENT="af"/><SP WIDTH="18" VPOS="611" HPOS="803"/>
							<String ID="string_159" HPOS="821" VPOS="612" WIDTH="48" HEIGHT="20" WC="0.93" CONTENT="herr"/><SP WIDTH="17" VPOS="612" HPOS="869"/>
							<String ID="string_160" HPOS="886" VPOS="610" WIDTH="117" HEIGHT="22" WC="0.91" CONTENT="Edelsköld"/>
						</TextLine>
						<TextLine ID="line_18" HPOS="177" VPOS="639" WIDTH="826" HEIGHT="28">
							<String ID="string_161" HPOS="177" VPOS="640" WIDTH="127" HEIGHT="20" WC="0.92" CONTENT="framhållna"/><SP WIDTH="15" VPOS="640" HPOS="304"/>
							<String ID="string_162" HPOS="319" VPOS="640" WIDTH="154" HEIGHT="27" WC="0.96" CONTENT="förbättringar"/><SP WIDTH="16" VPOS="640" HPOS="473"/>
							<String ID="string_163" HPOS="489" VPOS="640" WIDTH="4" HEIGHT="20" WC="0.94" CONTENT="i"/><SP WIDTH="19" VPOS="640" HPOS="493"/>
							<String ID="string_164" HPOS="512" VPOS="640" WIDTH="167" HEIGHT="27" WC="0.96" CONTENT="lagstiftningen."/><SP WIDTH="26" VPOS="640" HPOS="679"/>
							<String ID="string_165" HPOS="705" VPOS="640" WIDTH="9" HEIGHT="20" WC="0.93" CONTENT="1"/><SP WIDTH="19" VPOS="640" HPOS="714"/>
							<String ID="string_166" HPOS="733" VPOS="640" WIDTH="66" HEIGHT="20" WC="0.95" CONTENT="likhet"/><SP WIDTH="17" VPOS="640" HPOS="799"/>
							<String ID="string_167" HPOS="816" VPOS="640" WIDTH="47" HEIGHT="20" WC="0.96" CONTENT="med"/><SP WIDTH="17" VPOS="640" HPOS="863"/>
							<String ID="string_168" HPOS="880" VPOS="640" WIDTH="48" HEIGHT="20" WC="0.92" CONTENT="herr"/><SP WIDTH="12" VPOS="640" HPOS="928"/>
							<String ID="string_169" HPOS="940" VPOS="639" WIDTH="63" HEIGHT="21" WC="0.92" CONTENT="Edel-"/>
						</TextLine>
						<TextLine ID="line_19" HPOS="177" VPOS="668" WIDTH="826" HEIGHT="27">
							<String ID="string_170" HPOS="177" VPOS="668" WIDTH="62" HEIGHT="20" WC="0.96" CONTENT="sköld"/><SP WIDTH="19" VPOS="668" HPOS="239"/>
							<String ID="string_171" HPOS="258" VPOS="668" WIDTH="39" HEIGHT="20" WC="0.96" CONTENT="har"/><SP WIDTH="16" VPOS="668" HPOS="297"/>
							<String ID="string_172" HPOS="313" VPOS="668" WIDTH="38" HEIGHT="27" WC="0.96" CONTENT="jag"/><SP WIDTH="19" VPOS="668" HPOS="351"/>
							<String ID="string_173" HPOS="370" VPOS="668" WIDTH="65" HEIGHT="21" WC="0.96" CONTENT="också"/><SP WIDTH="19" VPOS="668" HPOS="435"/>
							<String ID="string_174" HPOS="454" VPOS="668" WIDTH="126" HEIGHT="21" WC="0.96" CONTENT="observerat"/><SP WIDTH="24" VPOS="668" HPOS="580"/>
							<String ID="string_175" HPOS="604" VPOS="668" WIDTH="40" HEIGHT="20" WC="0.96" CONTENT="den"/><SP WIDTH="24" VPOS="668" HPOS="644"/>
							<String ID="string_176" HPOS="668" VPOS="668" WIDTH="137" HEIGHT="27" WC="0.96" CONTENT="motsägelse,"/><SP WIDTH="16" VPOS="668" HPOS="805"/>
							<String ID="string_177" HPOS="821" VPOS="675" WIDTH="44" HEIGHT="13" WC="0.96" CONTENT="som"/><SP WIDTH="18" VPOS="675" HPOS="865"/>
							<String ID="string_178" HPOS="883" VPOS="668" WIDTH="40" HEIGHT="20" WC="0.96" CONTENT="kan"/><SP WIDTH="18" VPOS="668" HPOS="923"/>
							<String ID="string_179" HPOS="941" VPOS="674" WIDTH="62" HEIGHT="14" WC="0.96" CONTENT="anses"/>
						</TextLine>
						<TextLine ID="line_20" HPOS="176" VPOS="696" WIDTH="826" HEIGHT="27">
							<String ID="string_180" HPOS="176" VPOS="696" WIDTH="134" HEIGHT="21" WC="0.96" CONTENT="förekomma"/><SP WIDTH="17" VPOS="696" HPOS="310"/>
							<String ID="string_181" HPOS="327" VPOS="696" WIDTH="89" HEIGHT="21" WC="0.95" CONTENT="emellan"/><SP WIDTH="18" VPOS="696" HPOS="416"/>
							<String ID="string_182" HPOS="434" VPOS="704" WIDTH="25" HEIGHT="13" WC="0.96" CONTENT="en"/><SP WIDTH="17" VPOS="704" HPOS="459"/>
							<String ID="string_183" HPOS="476" VPOS="697" WIDTH="66" HEIGHT="20" WC="0.96" CONTENT="sådan"/><SP WIDTH="16" VPOS="697" HPOS="542"/>
							<String ID="string_184" HPOS="558" VPOS="696" WIDTH="112" HEIGHT="21" WC="0.95" CONTENT="redaktion"/><SP WIDTH="17" VPOS="696" HPOS="670"/>
							<String ID="string_185" HPOS="687" VPOS="696" WIDTH="23" HEIGHT="21" WC="0.96" CONTENT="af"/><SP WIDTH="15" VPOS="696" HPOS="710"/>
							<String ID="string_186" HPOS="725" VPOS="697" WIDTH="9" HEIGHT="19" WC="0.89" CONTENT="1"/><SP WIDTH="15" VPOS="697" HPOS="734"/>
							<String ID="string_187" HPOS="749" VPOS="697" WIDTH="11" HEIGHT="26" WC="0.89" CONTENT="&amp;"/><SP WIDTH="13" VPOS="697" HPOS="760"/>
							<String ID="string_188" HPOS="773" VPOS="697" WIDTH="25" HEIGHT="20" WC="0.96" CONTENT="15"/><SP WIDTH="13" VPOS="697" HPOS="798"/>
							<String ID="string_189" HPOS="811" VPOS="697" WIDTH="47" HEIGHT="26" WC="0.96" CONTENT="kap."/><SP WIDTH="13" VPOS="697" HPOS="858"/>
							<String ID="string_190" HPOS="871" VPOS="696" WIDTH="25" HEIGHT="20" WC="0.93" CONTENT="R."/><SP WIDTH="13" VPOS="696" HPOS="896"/>
							<String ID="string_191" HPOS="909" VPOS="696" WIDTH="32" HEIGHT="25" WC="0.92" CONTENT="B.,"/><SP WIDTH="16" VPOS="696" HPOS="941"/>
							<String ID="string_192" HPOS="957" VPOS="704" WIDTH="45" HEIGHT="12" WC="0.96" CONTENT="som"/>
						</TextLine>
						<TextLine ID="line_21" HPOS="177" VPOS="724" WIDTH="826" HEIGHT="28">
							<String ID="string_193" HPOS="177" VPOS="732" WIDTH="29" HEIGHT="13" WC="0.90" CONTENT="nu"/><SP WIDTH="23" VPOS="732" HPOS="206"/>
							<String ID="string_194" HPOS="229" VPOS="725" WIDTH="128" HEIGHT="27" WC="0.94" CONTENT="föreslagits,"/><SP WIDTH="20" VPOS="725" HPOS="357"/>
							<String ID="string_195" HPOS="377" VPOS="725" WIDTH="39" HEIGHT="20" WC="0.93" CONTENT="och"/><SP WIDTH="20" VPOS="725" HPOS="416"/>
							<String ID="string_196" HPOS="436" VPOS="724" WIDTH="129" HEIGHT="28" WC="0.92" CONTENT="stadgandet"/><SP WIDTH="19" VPOS="724" HPOS="565"/>
							<String ID="string_197" HPOS="584" VPOS="726" WIDTH="6" HEIGHT="19" WC="0.96" CONTENT="i"/><SP WIDTH="17" VPOS="726" HPOS="590"/>
							<String ID="string_198" HPOS="607" VPOS="725" WIDTH="52" HEIGHT="21" WC="0.90" CONTENT="sista"/><SP WIDTH="16" VPOS="725" HPOS="659"/>
							<String ID="string_199" HPOS="675" VPOS="725" WIDTH="11" HEIGHT="27" WC="0.85" CONTENT="$"/><SP WIDTH="17" VPOS="725" HPOS="686"/>
							<String ID="string_200" HPOS="703" VPOS="724" WIDTH="24" HEIGHT="21" WC="0.96" CONTENT="af"/><SP WIDTH="15" VPOS="724" HPOS="727"/>
							<String ID="string_201" HPOS="742" VPOS="726" WIDTH="22" HEIGHT="19" WC="0.96" CONTENT="11"/><SP WIDTH="20" VPOS="726" HPOS="764"/>
							<String ID="string_202" HPOS="784" VPOS="725" WIDTH="49" HEIGHT="27" WC="0.95" CONTENT="kap."/><SP WIDTH="17" VPOS="725" HPOS="833"/>
							<String ID="string_203" HPOS="850" VPOS="732" WIDTH="80" HEIGHT="13" WC="0.92" CONTENT="samma"/><SP WIDTH="16" VPOS="732" HPOS="930"/>
							<String ID="string_204" HPOS="946" VPOS="725" WIDTH="57" HEIGHT="25" WC="0.96" CONTENT="balk,"/>
						</TextLine>
						<TextLine ID="line_22" HPOS="178" VPOS="752" WIDTH="826" HEIGHT="28">
							<String ID="string_205" HPOS="178" VPOS="753" WIDTH="67" HEIGHT="20" WC="0.92" CONTENT="ehuru"/><SP WIDTH="24" VPOS="753" HPOS="245"/>
							<String ID="string_206" HPOS="269" VPOS="753" WIDTH="36" HEIGHT="21" WC="0.93" CONTENT="det"/><SP WIDTH="24" VPOS="753" HPOS="305"/>
							<String ID="string_207" HPOS="329" VPOS="753" WIDTH="125" HEIGHT="27" WC="0.92" CONTENT="visserligen"/><SP WIDTH="24" VPOS="753" HPOS="454"/>
							<String ID="string_208" HPOS="478" VPOS="760" WIDTH="64" HEIGHT="20" WC="0.92" CONTENT="synes"/><SP WIDTH="24" VPOS="760" HPOS="542"/>
							<String ID="string_209" HPOS="566" VPOS="754" WIDTH="48" HEIGHT="26" WC="0.96" CONTENT="mig,"/><SP WIDTH="24" VPOS="754" HPOS="614"/>
							<String ID="string_210" HPOS="638" VPOS="755" WIDTH="31" HEIGHT="19" WC="0.96" CONTENT="att"/><SP WIDTH="20" VPOS="755" HPOS="669"/>
							<String ID="string_211" HPOS="689" VPOS="753" WIDTH="67" HEIGHT="20" WC="0.93" CONTENT="saken"/><SP WIDTH="19" VPOS="753" HPOS="756"/>
							<String ID="string_212" HPOS="775" VPOS="753" WIDTH="143" HEIGHT="27" WC="0.92" CONTENT="tolkningsvis"/><SP WIDTH="21" VPOS="753" HPOS="918"/>
							<String ID="string_213" HPOS="939" VPOS="752" WIDTH="65" HEIGHT="21" WC="0.96" CONTENT="borde"/>
						</TextLine>
						<TextLine ID="line_23" HPOS="178" VPOS="782" WIDTH="825" HEIGHT="27">
							<String ID="string_214" HPOS="178" VPOS="782" WIDTH="72" HEIGHT="20" WC="0.92" CONTENT="kunna"/><SP WIDTH="16" VPOS="782" HPOS="250"/>
							<String ID="string_215" HPOS="266" VPOS="782" WIDTH="56" HEIGHT="20" WC="0.96" CONTENT="lösas"/><SP WIDTH="18" VPOS="782" HPOS="322"/>
							<String ID="string_216" HPOS="340" VPOS="782" WIDTH="94" HEIGHT="26" WC="0.96" CONTENT="sålunda,"/><SP WIDTH="16" VPOS="782" HPOS="434"/>
							<String ID="string_217" HPOS="450" VPOS="783" WIDTH="31" HEIGHT="19" WC="0.93" CONTENT="att"/><SP WIDTH="17" VPOS="783" HPOS="481"/>
							<String ID="string_218" HPOS="498" VPOS="782" WIDTH="47" HEIGHT="20" WC="0.96" CONTENT="icke"/><SP WIDTH="17" VPOS="782" HPOS="545"/>
							<String ID="string_219" HPOS="562" VPOS="782" WIDTH="69" HEIGHT="27" WC="0.96" CONTENT="någon"/><SP WIDTH="18" VPOS="782" HPOS="631"/>
							<String ID="string_220" HPOS="649" VPOS="782" WIDTH="128" HEIGHT="26" WC="0.93" CONTENT="motsägelse"/><SP WIDTH="16" VPOS="782" HPOS="777"/>
							<String ID="string_221" HPOS="793" VPOS="782" WIDTH="103" HEIGHT="20" WC="0.82" CONTENT="behöfver"/><SP WIDTH="11" VPOS="782" HPOS="896"/>
							<String ID="string_222" HPOS="907" VPOS="784" WIDTH="96" HEIGHT="24" WC="0.91" CONTENT="antagas."/>
						</TextLine>
						<TextLine ID="line_24" HPOS="178" VPOS="809" WIDTH="825" HEIGHT="29">
							<String ID="string_223" HPOS="178" VPOS="810" WIDTH="49" HEIGHT="20" WC="0.95" CONTENT="Men"/><SP WIDTH="25" VPOS="810" HPOS="227"/>
							<String ID="string_224" HPOS="252" VPOS="810" WIDTH="26" HEIGHT="20" WC="0.95" CONTENT="då"/><SP WIDTH="19" VPOS="810" HPOS="278"/>
							<String ID="string_225" HPOS="297" VPOS="810" WIDTH="5" HEIGHT="20" WC="0.96" CONTENT="i"/><SP WIDTH="20" VPOS="810" HPOS="302"/>
							<String ID="string_226" HPOS="322" VPOS="810" WIDTH="41" HEIGHT="20" WC="0.96" CONTENT="alla"/><SP WIDTH="21" VPOS="810" HPOS="363"/>
							<String ID="string_227" HPOS="384" VPOS="810" WIDTH="34" HEIGHT="20" WC="0.95" CONTENT="fall"/><SP WIDTH="16" VPOS="810" HPOS="418"/>
							<String ID="string_228" HPOS="434" VPOS="816" WIDTH="26" HEIGHT="14" WC="0.96" CONTENT="en"/><SP WIDTH="17" VPOS="816" HPOS="460"/>
							<String ID="string_229" HPOS="477" VPOS="810" WIDTH="136" HEIGHT="27" WC="0.96" CONTENT="tvetydighet"/><SP WIDTH="15" VPOS="810" HPOS="613"/>
							<String ID="string_230" HPOS="628" VPOS="810" WIDTH="150" HEIGHT="28" WC="0.96" CONTENT="uppkommer,"/><SP WIDTH="16" VPOS="810" HPOS="778"/>
							<String ID="string_231" HPOS="794" VPOS="810" WIDTH="39" HEIGHT="20" WC="0.96" CONTENT="och"/><SP WIDTH="17" VPOS="810" HPOS="833"/>
							<String ID="string_232" HPOS="850" VPOS="810" WIDTH="26" HEIGHT="20" WC="0.96" CONTENT="då"/><SP WIDTH="16" VPOS="810" HPOS="876"/>
							<String ID="string_233" HPOS="892" VPOS="810" WIDTH="37" HEIGHT="20" WC="0.96" CONTENT="det"/><SP WIDTH="15" VPOS="810" HPOS="929"/>
							<String ID="string_234" HPOS="944" VPOS="809" WIDTH="59" HEIGHT="21" WC="0.96" CONTENT="alltid"/>
						</TextLine>
						<TextLine ID="line_25" HPOS="180" VPOS="838" WIDTH="824" HEIGHT="28">
							<String ID="string_235" HPOS="180" VPOS="840" WIDTH="23" HEIGHT="18" WC="0.93" CONTENT="är"/><SP WIDTH="16" VPOS="840" HPOS="203"/>
							<String ID="string_236" HPOS="219" VPOS="838" WIDTH="81" HEIGHT="27" WC="0.92" CONTENT="vådligt"/><SP WIDTH="16" VPOS="838" HPOS="300"/>
							<String ID="string_237" HPOS="316" VPOS="840" WIDTH="32" HEIGHT="18" WC="0.96" CONTENT="att"/><SP WIDTH="16" VPOS="840" HPOS="348"/>
							<String ID="string_238" HPOS="364" VPOS="838" WIDTH="6" HEIGHT="20" WC="0.96" CONTENT="i"/><SP WIDTH="16" VPOS="838" HPOS="370"/>
							<String ID="string_239" HPOS="386" VPOS="840" WIDTH="32" HEIGHT="19" WC="0.96" CONTENT="ett"/><SP WIDTH="11" VPOS="840" HPOS="418"/>
							<String ID="string_240" HPOS="429" VPOS="839" WIDTH="61" HEIGHT="20" WC="0.93" CONTENT="stånd"/><SP WIDTH="12" VPOS="839" HPOS="490"/>
							<String ID="string_241" HPOS="502" VPOS="839" WIDTH="96" HEIGHT="27" WC="0.92" CONTENT="företaga"/><SP WIDTH="12" VPOS="839" HPOS="598"/>
							<String ID="string_242" HPOS="610" VPOS="846" WIDTH="25" HEIGHT="13" WC="0.93" CONTENT="en"/><SP WIDTH="13" VPOS="846" HPOS="635"/>
							<String ID="string_243" HPOS="648" VPOS="838" WIDTH="256" HEIGHT="28" WC="0.90" CONTENT="redaktionsförändring,"/><SP WIDTH="13" VPOS="838" HPOS="904"/>
							<String ID="string_244" HPOS="917" VPOS="846" WIDTH="44" HEIGHT="13" WC="0.93" CONTENT="som"/><SP WIDTH="10" VPOS="846" HPOS="961"/>
							<String ID="string_245" HPOS="971" VPOS="841" WIDTH="33" HEIGHT="17" WC="0.93" CONTENT="ut-"/>
						</TextLine>
						<TextLine ID="line_26" HPOS="178" VPOS="866" WIDTH="825" HEIGHT="28">
							<String ID="string_246" HPOS="178" VPOS="866" WIDTH="82" HEIGHT="21" WC="0.96" CONTENT="skottet"/><SP WIDTH="24" VPOS="866" HPOS="260"/>
							<String ID="string_247" HPOS="284" VPOS="866" WIDTH="47" HEIGHT="21" WC="0.96" CONTENT="icke"/><SP WIDTH="23" VPOS="866" HPOS="331"/>
							<String ID="string_248" HPOS="354" VPOS="866" WIDTH="40" HEIGHT="21" WC="0.96" CONTENT="fått"/><SP WIDTH="24" VPOS="866" HPOS="394"/>
							<String ID="string_249" HPOS="418" VPOS="869" WIDTH="50" HEIGHT="25" WC="0.95" CONTENT="taga"/><SP WIDTH="20" VPOS="869" HPOS="468"/>
							<String ID="string_250" HPOS="488" VPOS="868" WIDTH="4" HEIGHT="19" WC="0.93" CONTENT="i"/><SP WIDTH="22" VPOS="868" HPOS="492"/>
							<String ID="string_251" HPOS="514" VPOS="867" WIDTH="165" HEIGHT="27" WC="0.91" CONTENT="öfvervägande,"/><SP WIDTH="24" VPOS="867" HPOS="679"/>
							<String ID="string_252" HPOS="703" VPOS="867" WIDTH="24" HEIGHT="20" WC="0.96" CONTENT="så"/><SP WIDTH="20" VPOS="867" HPOS="727"/>
							<String ID="string_253" HPOS="747" VPOS="867" WIDTH="68" HEIGHT="20" WC="0.95" CONTENT="finner"/><SP WIDTH="18" VPOS="867" HPOS="815"/>
							<String ID="string_254" HPOS="833" VPOS="867" WIDTH="39" HEIGHT="27" WC="0.96" CONTENT="jag"/><SP WIDTH="22" VPOS="867" HPOS="872"/>
							<String ID="string_255" HPOS="894" VPOS="868" WIDTH="42" HEIGHT="26" WC="0.95" CONTENT="mig"/><SP WIDTH="16" VPOS="868" HPOS="936"/>
							<String ID="string_256" HPOS="952" VPOS="866" WIDTH="51" HEIGHT="21" WC="0.96" CONTENT="böra"/>
						</TextLine>
						<TextLine ID="line_27" HPOS="178" VPOS="894" WIDTH="826" HEIGHT="27">
							<String ID="string_257" HPOS="178" VPOS="895" WIDTH="75" HEIGHT="20" WC="0.96" CONTENT="förena"/><SP WIDTH="24" VPOS="895" HPOS="253"/>
							<String ID="string_258" HPOS="277" VPOS="895" WIDTH="43" HEIGHT="26" WC="0.96" CONTENT="mig"/><SP WIDTH="24" VPOS="895" HPOS="320"/>
							<String ID="string_259" HPOS="344" VPOS="895" WIDTH="46" HEIGHT="20" WC="0.95" CONTENT="med"/><SP WIDTH="20" VPOS="895" HPOS="390"/>
							<String ID="string_260" HPOS="410" VPOS="895" WIDTH="49" HEIGHT="20" WC="0.92" CONTENT="herr"/><SP WIDTH="21" VPOS="895" HPOS="459"/>
							<String ID="string_261" HPOS="480" VPOS="894" WIDTH="116" HEIGHT="21" WC="0.56" CONTENT="Edelsköld"/><SP WIDTH="19" VPOS="894" HPOS="596"/>
							<String ID="string_262" HPOS="615" VPOS="902" WIDTH="33" HEIGHT="13" WC="0.96" CONTENT="om"/><SP WIDTH="21" VPOS="902" HPOS="648"/>
							<String ID="string_263" HPOS="669" VPOS="895" WIDTH="123" HEIGHT="20" WC="0.96" CONTENT="återremiss"/><SP WIDTH="16" VPOS="895" HPOS="792"/>
							<String ID="string_264" HPOS="808" VPOS="895" WIDTH="5" HEIGHT="20" WC="0.96" CONTENT="i"/><SP WIDTH="17" VPOS="895" HPOS="813"/>
							<String ID="string_265" HPOS="830" VPOS="895" WIDTH="39" HEIGHT="20" WC="0.96" CONTENT="och"/><SP WIDTH="18" VPOS="895" HPOS="869"/>
							<String ID="string_266" HPOS="887" VPOS="896" WIDTH="31" HEIGHT="19" WC="0.96" CONTENT="för"/><SP WIDTH="17" VPOS="896" HPOS="918"/>
							<String ID="string_267" HPOS="935" VPOS="895" WIDTH="69" HEIGHT="20" WC="0.96" CONTENT="denna"/>
						</TextLine>
						<TextLine ID="line_28" HPOS="178" VPOS="923" WIDTH="426" HEIGHT="27">
							<String ID="string_268" HPOS="178" VPOS="923" WIDTH="67" HEIGHT="27" WC="0.96" CONTENT="fråga."/><SP WIDTH="350" VPOS="923" HPOS="245"/>
							<String ID="string_269" HPOS="595" VPOS="945" WIDTH="9" HEIGHT="4" WC="0.89" CONTENT="W"/>
						</TextLine>
					</TextBlock>
					<TextBlock ID="block_4" HPOS="178" VPOS="951" WIDTH="827" HEIGHT="276">
						<TextLine ID="line_29" HPOS="247" VPOS="951" WIDTH="756" HEIGHT="28">
							<String ID="string_270" HPOS="247" VPOS="951" WIDTH="58" HEIGHT="20" WC="0.96" CONTENT="Herr"/><SP WIDTH="11" VPOS="951" HPOS="305"/>
							<String ID="string_271" HPOS="316" VPOS="951" WIDTH="121" HEIGHT="28" WC="0.96" CONTENT="Pipping,"/><SP WIDTH="17" VPOS="951" HPOS="437"/>
							<String ID="string_272" HPOS="454" VPOS="951" WIDTH="119" HEIGHT="21" WC="0.93" CONTENT="Fredrik:"/><SP WIDTH="17" VPOS="951" HPOS="573"/>
							<String ID="string_273" HPOS="590" VPOS="951" WIDTH="70" HEIGHT="21" WC="0.90" CONTENT="Afven"/><SP WIDTH="9" VPOS="951" HPOS="660"/>
							<String ID="string_274" HPOS="669" VPOS="952" WIDTH="40" HEIGHT="26" WC="0.93" CONTENT="jag"/><SP WIDTH="11" VPOS="952" HPOS="709"/>
							<String ID="string_275" HPOS="720" VPOS="951" WIDTH="67" HEIGHT="20" WC="0.92" CONTENT="finner"/><SP WIDTH="12" VPOS="951" HPOS="787"/>
							<String ID="string_276" HPOS="799" VPOS="952" WIDTH="39" HEIGHT="20" WC="0.96" CONTENT="den"/><SP WIDTH="13" VPOS="952" HPOS="838"/>
							<String ID="string_277" HPOS="851" VPOS="953" WIDTH="22" HEIGHT="19" WC="0.93" CONTENT="af"/><SP WIDTH="10" VPOS="953" HPOS="873"/>
							<String ID="string_278" HPOS="883" VPOS="952" WIDTH="48" HEIGHT="20" WC="0.91" CONTENT="herr"/><SP WIDTH="10" VPOS="952" HPOS="931"/>
							<String ID="string_279" HPOS="941" VPOS="951" WIDTH="62" HEIGHT="21" WC="0.92" CONTENT="Edel-"/>
						</TextLine>
						<TextLine ID="line_30" HPOS="180" VPOS="979" WIDTH="823" HEIGHT="28">
							<String ID="string_280" HPOS="180" VPOS="980" WIDTH="62" HEIGHT="20" WC="0.90" CONTENT="sköld"/><SP WIDTH="16" VPOS="980" HPOS="242"/>
							<String ID="string_281" HPOS="258" VPOS="980" WIDTH="78" HEIGHT="27" WC="0.91" CONTENT="gjorda"/><SP WIDTH="16" VPOS="980" HPOS="336"/>
							<String ID="string_282" HPOS="352" VPOS="980" WIDTH="166" HEIGHT="27" WC="0.91" CONTENT="anmärkningen"/><SP WIDTH="18" VPOS="980" HPOS="518"/>
							<String ID="string_283" HPOS="536" VPOS="980" WIDTH="131" HEIGHT="27" WC="0.93" CONTENT="nödvändigt"/><SP WIDTH="16" VPOS="980" HPOS="667"/>
							<String ID="string_284" HPOS="683" VPOS="979" WIDTH="86" HEIGHT="28" WC="0.92" CONTENT="päkalla"/><SP WIDTH="16" VPOS="979" HPOS="769"/>
							<String ID="string_285" HPOS="785" VPOS="980" WIDTH="122" HEIGHT="21" WC="0.88" CONTENT="äterremiss"/><SP WIDTH="18" VPOS="980" HPOS="907"/>
							<String ID="string_286" HPOS="925" VPOS="981" WIDTH="29" HEIGHT="19" WC="0.93" CONTENT="till"/><SP WIDTH="18" VPOS="981" HPOS="954"/>
							<String ID="string_287" HPOS="972" VPOS="983" WIDTH="31" HEIGHT="17" WC="0.92" CONTENT="ut-"/>
						</TextLine>
						<TextLine ID="line_31" HPOS="178" VPOS="1008" WIDTH="827" HEIGHT="27">
							<String ID="string_288" HPOS="178" VPOS="1008" WIDTH="89" HEIGHT="21" WC="0.91" CONTENT="skottet."/><SP WIDTH="33" VPOS="1008" HPOS="267"/>
							<String ID="string_289" HPOS="300" VPOS="1008" WIDTH="46" HEIGHT="20" WC="0.96" CONTENT="Den"/><SP WIDTH="20" VPOS="1008" HPOS="346"/>
							<String ID="string_290" HPOS="366" VPOS="1008" WIDTH="23" HEIGHT="20" WC="0.93" CONTENT="af"/><SP WIDTH="18" VPOS="1008" HPOS="389"/>
							<String ID="string_291" HPOS="407" VPOS="1009" WIDTH="48" HEIGHT="20" WC="0.88" CONTENT="herr"/><SP WIDTH="20" VPOS="1009" HPOS="455"/>
							<String ID="string_292" HPOS="475" VPOS="1008" WIDTH="77" HEIGHT="21" WC="0.96" CONTENT="Munck"/><SP WIDTH="19" VPOS="1008" HPOS="552"/>
							<String ID="string_293" HPOS="571" VPOS="1009" WIDTH="122" HEIGHT="26" WC="0.93" CONTENT="föreslagna"/><SP WIDTH="20" VPOS="1009" HPOS="693"/>
							<String ID="string_294" HPOS="713" VPOS="1010" WIDTH="93" HEIGHT="25" WC="0.92" CONTENT="utvägen"/><SP WIDTH="18" VPOS="1010" HPOS="806"/>
							<String ID="string_295" HPOS="824" VPOS="1011" WIDTH="31" HEIGHT="18" WC="0.93" CONTENT="att"/><SP WIDTH="16" VPOS="1011" HPOS="855"/>
							<String ID="string_296" HPOS="871" VPOS="1009" WIDTH="134" HEIGHT="26" WC="0.92" CONTENT="omredigera"/>
						</TextLine>
						<TextLine ID="line_32" HPOS="180" VPOS="1036" WIDTH="824" HEIGHT="29">
							<String ID="string_297" HPOS="180" VPOS="1036" WIDTH="66" HEIGHT="21" WC="0.96" CONTENT="saken"/><SP WIDTH="24" VPOS="1036" HPOS="246"/>
							<String ID="string_298" HPOS="270" VPOS="1036" WIDTH="62" HEIGHT="21" WC="0.93" CONTENT="torde"/><SP WIDTH="20" VPOS="1036" HPOS="332"/>
							<String ID="string_299" HPOS="352" VPOS="1037" WIDTH="47" HEIGHT="20" WC="0.96" CONTENT="icke"/><SP WIDTH="18" VPOS="1037" HPOS="399"/>
							<String ID="string_300" HPOS="417" VPOS="1036" WIDTH="48" HEIGHT="21" WC="0.96" CONTENT="leda"/><SP WIDTH="21" VPOS="1036" HPOS="465"/>
							<String ID="string_301" HPOS="486" VPOS="1037" WIDTH="29" HEIGHT="20" WC="0.96" CONTENT="till"/><SP WIDTH="24" VPOS="1037" HPOS="515"/>
							<String ID="string_302" HPOS="539" VPOS="1037" WIDTH="36" HEIGHT="20" WC="0.85" CONTENT="det"/><SP WIDTH="16" VPOS="1037" HPOS="575"/>
							<String ID="string_303" HPOS="591" VPOS="1037" WIDTH="98" HEIGHT="28" WC="0.94" CONTENT="åsyftade"/><SP WIDTH="17" VPOS="1037" HPOS="689"/>
							<String ID="string_304" HPOS="706" VPOS="1037" WIDTH="119" HEIGHT="26" WC="0.91" CONTENT="resultatet,"/><SP WIDTH="17" VPOS="1037" HPOS="825"/>
							<String ID="string_305" HPOS="842" VPOS="1041" WIDTH="22" HEIGHT="24" WC="0.93" CONTENT="ty"/><SP WIDTH="17" VPOS="1041" HPOS="864"/>
							<String ID="string_306" HPOS="881" VPOS="1037" WIDTH="123" HEIGHT="27" WC="0.92" CONTENT="derigenom"/>
						</TextLine>
						<TextLine ID="line_33" HPOS="178" VPOS="1064" WIDTH="826" HEIGHT="29">
							<String ID="string_307" HPOS="178" VPOS="1064" WIDTH="69" HEIGHT="21" WC="0.96" CONTENT="skulle"/><SP WIDTH="21" VPOS="1064" HPOS="247"/>
							<String ID="string_308" HPOS="268" VPOS="1065" WIDTH="77" HEIGHT="20" WC="0.96" CONTENT="endast"/><SP WIDTH="17" VPOS="1065" HPOS="345"/>
							<String ID="string_309" HPOS="362" VPOS="1065" WIDTH="72" HEIGHT="20" WC="0.93" CONTENT="kunna"/><SP WIDTH="17" VPOS="1065" HPOS="434"/>
							<String ID="string_310" HPOS="451" VPOS="1065" WIDTH="75" HEIGHT="20" WC="0.92" CONTENT="vinnas"/><SP WIDTH="16" VPOS="1065" HPOS="526"/>
							<String ID="string_311" HPOS="542" VPOS="1067" WIDTH="31" HEIGHT="18" WC="0.94" CONTENT="ett"/><SP WIDTH="17" VPOS="1067" HPOS="573"/>
							<String ID="string_312" HPOS="590" VPOS="1065" WIDTH="69" HEIGHT="20" WC="0.96" CONTENT="beslut"/><SP WIDTH="16" VPOS="1065" HPOS="659"/>
							<String ID="string_313" HPOS="675" VPOS="1065" WIDTH="23" HEIGHT="20" WC="0.93" CONTENT="af"/><SP WIDTH="15" VPOS="1065" HPOS="698"/>
							<String ID="string_314" HPOS="713" VPOS="1065" WIDTH="150" HEIGHT="28" WC="0.91" CONTENT="ridderskapet"/><SP WIDTH="16" VPOS="1065" HPOS="863"/>
							<String ID="string_315" HPOS="879" VPOS="1066" WIDTH="39" HEIGHT="20" WC="0.93" CONTENT="och"/><SP WIDTH="17" VPOS="1066" HPOS="918"/>
							<String ID="string_316" HPOS="935" VPOS="1065" WIDTH="69" HEIGHT="26" WC="0.90" CONTENT="adeln,"/>
						</TextLine>
						<TextLine ID="line_34" HPOS="178" VPOS="1092" WIDTH="825" HEIGHT="28">
							<String ID="string_317" HPOS="178" VPOS="1092" WIDTH="27" HEIGHT="21" WC="0.92" CONTENT="dä"/><SP WIDTH="16" VPOS="1092" HPOS="205"/>
							<String ID="string_318" HPOS="221" VPOS="1093" WIDTH="47" HEIGHT="20" WC="0.96" CONTENT="icke"/><SP WIDTH="16" VPOS="1093" HPOS="268"/>
							<String ID="string_319" HPOS="284" VPOS="1093" WIDTH="74" HEIGHT="27" WC="0.96" CONTENT="troligt"/><SP WIDTH="16" VPOS="1093" HPOS="358"/>
							<String ID="string_320" HPOS="374" VPOS="1095" WIDTH="29" HEIGHT="22" WC="0.96" CONTENT="är,"/><SP WIDTH="17" VPOS="1095" HPOS="403"/>
							<String ID="string_321" HPOS="420" VPOS="1096" WIDTH="31" HEIGHT="17" WC="0.96" CONTENT="att"/><SP WIDTH="17" VPOS="1096" HPOS="451"/>
							<String ID="string_322" HPOS="468" VPOS="1094" WIDTH="25" HEIGHT="19" WC="0.96" CONTENT="de"/><SP WIDTH="17" VPOS="1094" HPOS="493"/>
							<String ID="string_323" HPOS="510" VPOS="1096" WIDTH="32" HEIGHT="17" WC="0.93" CONTENT="tre"/><SP WIDTH="16" VPOS="1096" HPOS="542"/>
							<String ID="string_324" HPOS="558" VPOS="1093" WIDTH="69" HEIGHT="27" WC="0.96" CONTENT="öfriga"/><SP WIDTH="16" VPOS="1093" HPOS="627"/>
							<String ID="string_325" HPOS="643" VPOS="1094" WIDTH="90" HEIGHT="20" WC="0.96" CONTENT="stånden"/><SP WIDTH="17" VPOS="1094" HPOS="733"/>
							<String ID="string_326" HPOS="750" VPOS="1093" WIDTH="53" HEIGHT="21" WC="0.95" CONTENT="fatta"/><SP WIDTH="10" VPOS="1093" HPOS="803"/>
							<String ID="string_327" HPOS="813" VPOS="1096" WIDTH="30" HEIGHT="18" WC="0.93" CONTENT="ett"/><SP WIDTH="12" VPOS="1096" HPOS="843"/>
							<String ID="string_328" HPOS="855" VPOS="1093" WIDTH="102" HEIGHT="21" WC="0.93" CONTENT="likartadt"/><SP WIDTH="12" VPOS="1093" HPOS="957"/>
							<String ID="string_329" HPOS="969" VPOS="1094" WIDTH="34" HEIGHT="20" WC="0.92" CONTENT="be-"/>
						</TextLine>
						<TextLine ID="line_35" HPOS="178" VPOS="1121" WIDTH="826" HEIGHT="28">
							<String ID="string_330" HPOS="178" VPOS="1121" WIDTH="48" HEIGHT="20" WC="0.94" CONTENT="slut."/><SP WIDTH="32" VPOS="1121" HPOS="226"/>
							<String ID="string_331" HPOS="258" VPOS="1121" WIDTH="50" HEIGHT="20" WC="0.94" CONTENT="Men"/><SP WIDTH="16" VPOS="1121" HPOS="308"/>
							<String ID="string_332" HPOS="324" VPOS="1122" WIDTH="27" HEIGHT="27" WC="0.96" CONTENT="pä"/><SP WIDTH="16" VPOS="1122" HPOS="351"/>
							<String ID="string_333" HPOS="367" VPOS="1121" WIDTH="37" HEIGHT="20" WC="0.96" CONTENT="det"/><SP WIDTH="16" VPOS="1121" HPOS="404"/>
							<String ID="string_334" HPOS="420" VPOS="1124" WIDTH="31" HEIGHT="18" WC="0.96" CONTENT="att"/><SP WIDTH="16" VPOS="1124" HPOS="451"/>
							<String ID="string_335" HPOS="467" VPOS="1122" WIDTH="62" HEIGHT="20" WC="0.93" CONTENT="dessa"/><SP WIDTH="16" VPOS="1122" HPOS="529"/>
							<String ID="string_336" HPOS="545" VPOS="1122" WIDTH="62" HEIGHT="20" WC="0.96" CONTENT="stånd"/><SP WIDTH="16" VPOS="1122" HPOS="607"/>
							<String ID="string_337" HPOS="623" VPOS="1123" WIDTH="5" HEIGHT="19" WC="0.88" CONTENT="i"/><SP WIDTH="17" VPOS="1123" HPOS="628"/>
							<String ID="string_338" HPOS="645" VPOS="1122" WIDTH="42" HEIGHT="27" WC="0.96" CONTENT="god"/><SP WIDTH="11" VPOS="1122" HPOS="687"/>
							<String ID="string_339" HPOS="698" VPOS="1122" WIDTH="29" HEIGHT="20" WC="0.96" CONTENT="tid"/><SP WIDTH="14" VPOS="1122" HPOS="727"/>
							<String ID="string_340" HPOS="741" VPOS="1123" WIDTH="34" HEIGHT="19" WC="0.93" CONTENT="mä"/><SP WIDTH="11" VPOS="1123" HPOS="775"/>
							<String ID="string_341" HPOS="786" VPOS="1122" WIDTH="79" HEIGHT="21" WC="0.96" CONTENT="erhålla"/><SP WIDTH="19" VPOS="1122" HPOS="865"/>
							<String ID="string_342" HPOS="884" VPOS="1122" WIDTH="120" HEIGHT="21" WC="0.96" CONTENT="kännedom"/>
						</TextLine>
						<TextLine ID="line_36" HPOS="178" VPOS="1149" WIDTH="827" HEIGHT="28">
							<String ID="string_343" HPOS="178" VPOS="1156" WIDTH="34" HEIGHT="13" WC="0.93" CONTENT="om"/><SP WIDTH="17" VPOS="1156" HPOS="212"/>
							<String ID="string_344" HPOS="229" VPOS="1149" WIDTH="55" HEIGHT="21" WC="0.94" CONTENT="hvad"/><SP WIDTH="17" VPOS="1149" HPOS="284"/>
							<String ID="string_345" HPOS="301" VPOS="1149" WIDTH="38" HEIGHT="21" WC="0.93" CONTENT="hos"/><SP WIDTH="17" VPOS="1149" HPOS="339"/>
							<String ID="string_346" HPOS="356" VPOS="1150" WIDTH="150" HEIGHT="27" WC="0.96" CONTENT="ridderskapet"/><SP WIDTH="17" VPOS="1150" HPOS="506"/>
							<String ID="string_347" HPOS="523" VPOS="1151" WIDTH="37" HEIGHT="20" WC="0.92" CONTENT="och"/><SP WIDTH="18" VPOS="1151" HPOS="560"/>
							<String ID="string_348" HPOS="578" VPOS="1151" WIDTH="61" HEIGHT="20" WC="0.96" CONTENT="adeln"/><SP WIDTH="18" VPOS="1151" HPOS="639"/>
							<String ID="string_349" HPOS="657" VPOS="1157" WIDTH="27" HEIGHT="14" WC="0.93" CONTENT="nu"/><SP WIDTH="18" VPOS="1157" HPOS="684"/>
							<String ID="string_350" HPOS="702" VPOS="1151" WIDTH="107" HEIGHT="26" WC="0.92" CONTENT="förelupit,"/><SP WIDTH="16" VPOS="1151" HPOS="809"/>
							<String ID="string_351" HPOS="825" VPOS="1151" WIDTH="87" HEIGHT="20" WC="0.90" CONTENT="föreslär"/><SP WIDTH="9" VPOS="1151" HPOS="912"/>
							<String ID="string_352" HPOS="921" VPOS="1151" WIDTH="42" HEIGHT="26" WC="0.96" CONTENT="jag,"/><SP WIDTH="11" VPOS="1151" HPOS="963"/>
							<String ID="string_353" HPOS="974" VPOS="1153" WIDTH="31" HEIGHT="18" WC="0.96" CONTENT="att"/>
						</TextLine>
						<TextLine ID="line_37" HPOS="179" VPOS="1178" WIDTH="826" HEIGHT="28">
							<String ID="string_354" HPOS="179" VPOS="1178" WIDTH="199" HEIGHT="27" WC="0.92" CONTENT="protokollsutdrag"/><SP WIDTH="15" VPOS="1178" HPOS="378"/>
							<String ID="string_355" HPOS="393" VPOS="1179" WIDTH="30" HEIGHT="19" WC="0.96" CONTENT="till"/><SP WIDTH="17" VPOS="1179" HPOS="423"/>
							<String ID="string_356" HPOS="440" VPOS="1179" WIDTH="47" HEIGHT="19" WC="0.91" CONTENT="dem"/><SP WIDTH="11" VPOS="1179" HPOS="487"/>
							<String ID="string_357" HPOS="498" VPOS="1179" WIDTH="133" HEIGHT="27" WC="0.91" CONTENT="ofördröjligt"/><SP WIDTH="12" VPOS="1179" HPOS="631"/>
							<String ID="string_358" HPOS="643" VPOS="1179" WIDTH="126" HEIGHT="27" WC="0.92" CONTENT="expedieras"/><SP WIDTH="13" VPOS="1179" HPOS="769"/>
							<String ID="string_359" HPOS="782" VPOS="1186" WIDTH="32" HEIGHT="13" WC="0.97" CONTENT="om"/><SP WIDTH="13" VPOS="1186" HPOS="814"/>
							<String ID="string_360" HPOS="827" VPOS="1179" WIDTH="36" HEIGHT="20" WC="0.96" CONTENT="det"/><SP WIDTH="12" VPOS="1179" HPOS="863"/>
							<String ID="string_361" HPOS="875" VPOS="1179" WIDTH="75" HEIGHT="24" WC="0.96" CONTENT="beslut,"/><SP WIDTH="10" VPOS="1179" HPOS="950"/>
							<String ID="string_362" HPOS="960" VPOS="1187" WIDTH="45" HEIGHT="12" WC="0.96" CONTENT="som"/>
						</TextLine>
						<TextLine ID="line_38" HPOS="183" VPOS="1206" WIDTH="176" HEIGHT="21">
							<String ID="string_363" HPOS="183" VPOS="1212" WIDTH="28" HEIGHT="14" WC="0.96" CONTENT="nu"/><SP WIDTH="17" VPOS="1212" HPOS="211"/>
							<String ID="string_364" HPOS="228" VPOS="1206" WIDTH="41" HEIGHT="20" WC="0.95" CONTENT="kan"/><SP WIDTH="17" VPOS="1206" HPOS="269"/>
							<String ID="string_365" HPOS="286" VPOS="1206" WIDTH="73" HEIGHT="21" WC="0.92" CONTENT="fattas."/>
						</TextLine>
					</TextBlock>
					<TextBlock ID="block_5" HPOS="180" VPOS="1235" WIDTH="827" HEIGHT="226">
						<TextLine ID="line_39" HPOS="249" VPOS="1235" WIDTH="757" HEIGHT="28">
							<String ID="string_366" HPOS="249" VPOS="1235" WIDTH="57" HEIGHT="20" WC="0.93" CONTENT="Herr"/><SP WIDTH="16" VPOS="1235" HPOS="306"/>
							<String ID="string_367" HPOS="322" VPOS="1235" WIDTH="152" HEIGHT="21" WC="0.91" CONTENT="Edelsköld:"/><SP WIDTH="24" VPOS="1235" HPOS="474"/>
							<String ID="string_368" HPOS="498" VPOS="1235" WIDTH="41" HEIGHT="27" WC="0.93" CONTENT="Jag"/><SP WIDTH="16" VPOS="1235" HPOS="539"/>
							<String ID="string_369" HPOS="555" VPOS="1236" WIDTH="85" HEIGHT="19" WC="0.92" CONTENT="förenar"/><SP WIDTH="16" VPOS="1236" HPOS="640"/>
							<String ID="string_370" HPOS="656" VPOS="1236" WIDTH="43" HEIGHT="27" WC="0.96" CONTENT="mig"/><SP WIDTH="17" VPOS="1236" HPOS="699"/>
							<String ID="string_371" HPOS="716" VPOS="1236" WIDTH="4" HEIGHT="19" WC="0.93" CONTENT="i"/><SP WIDTH="17" VPOS="1236" HPOS="720"/>
							<String ID="string_372" HPOS="737" VPOS="1236" WIDTH="41" HEIGHT="19" WC="0.92" CONTENT="allo"/><SP WIDTH="17" VPOS="1236" HPOS="778"/>
							<String ID="string_373" HPOS="795" VPOS="1243" WIDTH="34" HEIGHT="13" WC="0.96" CONTENT="om"/><SP WIDTH="17" VPOS="1243" HPOS="829"/>
							<String ID="string_374" HPOS="846" VPOS="1236" WIDTH="25" HEIGHT="20" WC="0.96" CONTENT="de"/><SP WIDTH="17" VPOS="1236" HPOS="871"/>
							<String ID="string_375" HPOS="888" VPOS="1236" WIDTH="53" HEIGHT="26" WC="0.93" CONTENT="skäl,"/><SP WIDTH="17" VPOS="1236" HPOS="941"/>
							<String ID="string_376" HPOS="958" VPOS="1236" WIDTH="48" HEIGHT="21" WC="0.92" CONTENT="herr"/>
						</TextLine>
						<TextLine ID="line_40" HPOS="180" VPOS="1263" WIDTH="826" HEIGHT="28">
							<String ID="string_377" HPOS="180" VPOS="1263" WIDTH="94" HEIGHT="27" WC="0.96" CONTENT="Pipping"/><SP WIDTH="12" VPOS="1263" HPOS="274"/>
							<String ID="string_378" HPOS="286" VPOS="1271" WIDTH="27" HEIGHT="12" WC="0.96" CONTENT="nu"/><SP WIDTH="13" VPOS="1271" HPOS="313"/>
							<String ID="string_379" HPOS="326" VPOS="1263" WIDTH="39" HEIGHT="20" WC="0.93" CONTENT="har"/><SP WIDTH="16" VPOS="1263" HPOS="365"/>
							<String ID="string_380" HPOS="381" VPOS="1264" WIDTH="113" HEIGHT="27" WC="0.92" CONTENT="uppgifvit,"/><SP WIDTH="15" VPOS="1264" HPOS="494"/>
							<String ID="string_381" HPOS="509" VPOS="1264" WIDTH="39" HEIGHT="21" WC="0.96" CONTENT="och"/><SP WIDTH="18" VPOS="1264" HPOS="548"/>
							<String ID="string_382" HPOS="566" VPOS="1264" WIDTH="33" HEIGHT="20" WC="0.93" CONTENT="vill"/><SP WIDTH="19" VPOS="1264" HPOS="599"/>
							<String ID="string_383" HPOS="618" VPOS="1264" WIDTH="94" HEIGHT="27" WC="0.96" CONTENT="tillägga,"/><SP WIDTH="17" VPOS="1264" HPOS="712"/>
							<String ID="string_384" HPOS="729" VPOS="1265" WIDTH="32" HEIGHT="19" WC="0.93" CONTENT="att"/><SP WIDTH="16" VPOS="1265" HPOS="761"/>
							<String ID="string_385" HPOS="777" VPOS="1265" WIDTH="122" HEIGHT="20" WC="0.96" CONTENT="återremiss"/><SP WIDTH="18" VPOS="1265" HPOS="899"/>
							<String ID="string_386" HPOS="917" VPOS="1271" WIDTH="50" HEIGHT="14" WC="0.96" CONTENT="vore"/><SP WIDTH="16" VPOS="1271" HPOS="967"/>
							<String ID="string_387" HPOS="983" VPOS="1265" WIDTH="23" HEIGHT="20" WC="0.97" CONTENT="sä"/>
						</TextLine>
						<TextLine ID="line_41" HPOS="180" VPOS="1291" WIDTH="826" HEIGHT="29">
							<String ID="string_388" HPOS="180" VPOS="1291" WIDTH="88" HEIGHT="27" WC="0.94" CONTENT="mycket"/><SP WIDTH="16" VPOS="1291" HPOS="268"/>
							<String ID="string_389" HPOS="284" VPOS="1299" WIDTH="44" HEIGHT="12" WC="0.93" CONTENT="mer"/><SP WIDTH="17" VPOS="1299" HPOS="328"/>
							<String ID="string_390" HPOS="345" VPOS="1291" WIDTH="129" HEIGHT="28" WC="0.96" CONTENT="nödvändig,"/><SP WIDTH="17" VPOS="1291" HPOS="474"/>
							<String ID="string_391" HPOS="491" VPOS="1299" WIDTH="51" HEIGHT="19" WC="0.96" CONTENT="som,"/><SP WIDTH="17" VPOS="1299" HPOS="542"/>
							<String ID="string_392" HPOS="559" VPOS="1292" WIDTH="5" HEIGHT="20" WC="0.96" CONTENT="i"/><SP WIDTH="17" VPOS="1292" HPOS="564"/>
							<String ID="string_393" HPOS="581" VPOS="1292" WIDTH="35" HEIGHT="20" WC="0.95" CONTENT="fall"/><SP WIDTH="18" VPOS="1292" HPOS="616"/>
							<String ID="string_394" HPOS="634" VPOS="1293" WIDTH="27" HEIGHT="20" WC="0.91" CONTENT="10"/><SP WIDTH="16" VPOS="1293" HPOS="661"/>
							<String ID="string_395" HPOS="677" VPOS="1293" WIDTH="11" HEIGHT="26" WC="0.87" CONTENT="8"/><SP WIDTH="17" VPOS="1293" HPOS="688"/>
							<String ID="string_396" HPOS="705" VPOS="1293" WIDTH="23" HEIGHT="20" WC="0.95" CONTENT="11"/><SP WIDTH="20" VPOS="1293" HPOS="728"/>
							<String ID="string_397" HPOS="748" VPOS="1292" WIDTH="49" HEIGHT="27" WC="0.95" CONTENT="kap."/><SP WIDTH="17" VPOS="1292" HPOS="797"/>
							<String ID="string_398" HPOS="814" VPOS="1292" WIDTH="25" HEIGHT="21" WC="0.93" CONTENT="R."/><SP WIDTH="13" VPOS="1292" HPOS="839"/>
							<String ID="string_399" HPOS="852" VPOS="1292" WIDTH="25" HEIGHT="21" WC="0.91" CONTENT="B."/><SP WIDTH="14" VPOS="1292" HPOS="877"/>
							<String ID="string_400" HPOS="891" VPOS="1293" WIDTH="115" HEIGHT="27" WC="0.91" CONTENT="gvarstode"/>
						</TextLine>
						<TextLine ID="line_42" HPOS="182" VPOS="1319" WIDTH="824" HEIGHT="29">
							<String ID="string_401" HPOS="182" VPOS="1319" WIDTH="136" HEIGHT="26" WC="0.92" CONTENT="oförändrad,"/><SP WIDTH="17" VPOS="1319" HPOS="318"/>
							<String ID="string_402" HPOS="335" VPOS="1320" WIDTH="240" HEIGHT="27" WC="0.92" CONTENT="inställelseäfventyret"/><SP WIDTH="16" VPOS="1320" HPOS="575"/>
							<String ID="string_403" HPOS="591" VPOS="1320" WIDTH="71" HEIGHT="21" WC="0.93" CONTENT="kunde"/><SP WIDTH="17" VPOS="1320" HPOS="662"/>
							<String ID="string_404" HPOS="679" VPOS="1327" WIDTH="64" HEIGHT="21" WC="0.89" CONTENT="synas"/><SP WIDTH="17" VPOS="1327" HPOS="743"/>
							<String ID="string_405" HPOS="760" VPOS="1321" WIDTH="147" HEIGHT="27" WC="0.92" CONTENT="öfverflyttadt"/><SP WIDTH="17" VPOS="1321" HPOS="907"/>
							<String ID="string_406" HPOS="924" VPOS="1322" WIDTH="25" HEIGHT="26" WC="0.93" CONTENT="pä"/><SP WIDTH="14" VPOS="1322" HPOS="949"/>
							<String ID="string_407" HPOS="963" VPOS="1328" WIDTH="43" HEIGHT="13" WC="0.92" CONTENT="om-"/>
						</TextLine>
						<TextLine ID="line_43" HPOS="181" VPOS="1348" WIDTH="825" HEIGHT="22">
							<String ID="string_408" HPOS="181" VPOS="1348" WIDTH="72" HEIGHT="20" WC="0.94" CONTENT="budet."/><SP WIDTH="34" VPOS="1348" HPOS="253"/>
							<String ID="string_409" HPOS="287" VPOS="1348" WIDTH="47" HEIGHT="20" WC="0.95" CONTENT="Men"/><SP WIDTH="25" VPOS="1348" HPOS="334"/>
							<String ID="string_410" HPOS="359" VPOS="1355" WIDTH="48" HEIGHT="14" WC="0.96" CONTENT="man"/><SP WIDTH="26" VPOS="1355" HPOS="407"/>
							<String ID="string_411" HPOS="433" VPOS="1349" WIDTH="39" HEIGHT="20" WC="0.95" CONTENT="kan"/><SP WIDTH="27" VPOS="1349" HPOS="472"/>
							<String ID="string_412" HPOS="499" VPOS="1349" WIDTH="31" HEIGHT="20" WC="0.87" CONTENT="väl"/><SP WIDTH="17" VPOS="1349" HPOS="530"/>
							<String ID="string_413" HPOS="547" VPOS="1349" WIDTH="46" HEIGHT="20" WC="0.96" CONTENT="icke"/><SP WIDTH="17" VPOS="1349" HPOS="593"/>
							<String ID="string_414" HPOS="610" VPOS="1348" WIDTH="84" HEIGHT="21" WC="0.96" CONTENT="inställa"/><SP WIDTH="17" VPOS="1348" HPOS="694"/>
							<String ID="string_415" HPOS="711" VPOS="1349" WIDTH="90" HEIGHT="20" WC="0.96" CONTENT="denne"/><SP WIDTH="-6" VPOS="1349" HPOS="801"/>
							<String ID="string_416" HPOS="795" VPOS="1344" WIDTH="15" HEIGHT="36" WC="0.93" CONTENT="i"/><SP WIDTH="11" VPOS="1344" HPOS="810"/>
							<String ID="string_417" HPOS="821" VPOS="1349" WIDTH="185" HEIGHT="21" WC="0.91" CONTENT="hufvudmannens"/>
						</TextLine>
						<TextLine ID="line_44" HPOS="181" VPOS="1376" WIDTH="825" HEIGHT="28">
							<String ID="string_418" HPOS="181" VPOS="1376" WIDTH="61" HEIGHT="21" WC="0.91" CONTENT="ställe"/><SP WIDTH="22" VPOS="1376" HPOS="242"/>
							<String ID="string_419" HPOS="264" VPOS="1377" WIDTH="52" HEIGHT="20" WC="0.91" CONTENT="eller"/><SP WIDTH="16" VPOS="1377" HPOS="316"/>
							<String ID="string_420" HPOS="332" VPOS="1376" WIDTH="76" HEIGHT="27" WC="0.92" CONTENT="älägga"/><SP WIDTH="17" VPOS="1376" HPOS="408"/>
							<String ID="string_421" HPOS="425" VPOS="1377" WIDTH="76" HEIGHT="20" WC="0.92" CONTENT="honom"/><SP WIDTH="18" VPOS="1377" HPOS="501"/>
							<String ID="string_422" HPOS="519" VPOS="1377" WIDTH="230" HEIGHT="27" WC="0.88" CONTENT="hemtningsäfventyr."/><SP WIDTH="31" VPOS="1377" HPOS="749"/>
							<String ID="string_423" HPOS="780" VPOS="1377" WIDTH="43" HEIGHT="20" WC="0.93" CONTENT="Det"/><SP WIDTH="16" VPOS="1377" HPOS="823"/>
							<String ID="string_424" HPOS="839" VPOS="1379" WIDTH="67" HEIGHT="19" WC="0.92" CONTENT="mäste"/><SP WIDTH="17" VPOS="1379" HPOS="906"/>
							<String ID="string_425" HPOS="923" VPOS="1378" WIDTH="83" HEIGHT="20" WC="0.93" CONTENT="säledes"/>
						</TextLine>
						<TextLine ID="line_45" HPOS="182" VPOS="1405" WIDTH="825" HEIGHT="27">
							<String ID="string_426" HPOS="182" VPOS="1411" WIDTH="56" HEIGHT="20" WC="0.91" CONTENT="noga"/><SP WIDTH="17" VPOS="1411" HPOS="238"/>
							<String ID="string_427" HPOS="255" VPOS="1405" WIDTH="111" HEIGHT="25" WC="0.89" CONTENT="betänkas,"/><SP WIDTH="18" VPOS="1405" HPOS="366"/>
							<String ID="string_428" HPOS="384" VPOS="1405" WIDTH="55" HEIGHT="20" WC="0.92" CONTENT="hvad"/><SP WIDTH="17" VPOS="1405" HPOS="439"/>
							<String ID="string_429" HPOS="456" VPOS="1405" WIDTH="98" HEIGHT="27" WC="0.92" CONTENT="äfventyr"/><SP WIDTH="16" VPOS="1405" HPOS="554"/>
							<String ID="string_430" HPOS="570" VPOS="1412" WIDTH="48" HEIGHT="13" WC="0.96" CONTENT="man"/><SP WIDTH="12" VPOS="1412" HPOS="618"/>
							<String ID="string_431" HPOS="630" VPOS="1405" WIDTH="34" HEIGHT="20" WC="0.93" CONTENT="vid"/><SP WIDTH="13" VPOS="1405" HPOS="664"/>
							<String ID="string_432" HPOS="677" VPOS="1405" WIDTH="76" HEIGHT="20" WC="0.90" CONTENT="sädant"/><SP WIDTH="11" VPOS="1405" HPOS="753"/>
							<String ID="string_433" HPOS="764" VPOS="1405" WIDTH="132" HEIGHT="21" WC="0.93" CONTENT="förhällande"/><SP WIDTH="10" VPOS="1405" HPOS="896"/>
							<String ID="string_434" HPOS="906" VPOS="1406" WIDTH="34" HEIGHT="20" WC="0.92" CONTENT="vill"/><SP WIDTH="12" VPOS="1406" HPOS="940"/>
							<String ID="string_435" HPOS="952" VPOS="1406" WIDTH="55" HEIGHT="21" WC="0.92" CONTENT="före-"/>
						</TextLine>
						<TextLine ID="line_46" HPOS="181" VPOS="1433" WIDTH="439" HEIGHT="28">
							<String ID="string_436" HPOS="181" VPOS="1433" WIDTH="69" HEIGHT="27" WC="0.93" CONTENT="lägga,"/><SP WIDTH="17" VPOS="1433" HPOS="250"/>
							<String ID="string_437" HPOS="267" VPOS="1433" WIDTH="117" HEIGHT="20" WC="0.92" CONTENT="inställelse"/><SP WIDTH="16" VPOS="1433" HPOS="384"/>
							<String ID="string_438" HPOS="400" VPOS="1433" WIDTH="52" HEIGHT="20" WC="0.92" CONTENT="eller"/><SP WIDTH="16" VPOS="1433" HPOS="452"/>
							<String ID="string_439" HPOS="468" VPOS="1435" WIDTH="64" HEIGHT="26" WC="0.92" CONTENT="nägot"/><SP WIDTH="17" VPOS="1435" HPOS="532"/>
							<String ID="string_440" HPOS="549" VPOS="1436" WIDTH="71" HEIGHT="18" WC="0.89" CONTENT="annat."/>
						</TextLine>
					</TextBlock>
					<TextBlock ID="block_6" HPOS="181" VPOS="1461" WIDTH="826" HEIGHT="57">
						<TextLine ID="line_47" HPOS="250" VPOS="1461" WIDTH="757" HEIGHT="27">
							<String ID="string_441" HPOS="250" VPOS="1461" WIDTH="57" HEIGHT="20" WC="0.96" CONTENT="Herr"/><SP WIDTH="17" VPOS="1461" HPOS="307"/>
							<String ID="string_442" HPOS="324" VPOS="1461" WIDTH="102" HEIGHT="21" WC="0.95" CONTENT="Munck:"/><SP WIDTH="27" VPOS="1461" HPOS="426"/>
							<String ID="string_443" HPOS="453" VPOS="1462" WIDTH="43" HEIGHT="21" WC="0.96" CONTENT="Det"/><SP WIDTH="23" VPOS="1462" HPOS="496"/>
							<String ID="string_444" HPOS="519" VPOS="1464" WIDTH="23" HEIGHT="19" WC="0.90" CONTENT="är"/><SP WIDTH="16" VPOS="1464" HPOS="542"/>
							<String ID="string_445" HPOS="558" VPOS="1462" WIDTH="109" HEIGHT="26" WC="0.93" CONTENT="naturligt,"/><SP WIDTH="16" VPOS="1462" HPOS="667"/>
							<String ID="string_446" HPOS="683" VPOS="1464" WIDTH="32" HEIGHT="18" WC="0.96" CONTENT="att"/><SP WIDTH="16" VPOS="1464" HPOS="715"/>
							<String ID="string_447" HPOS="731" VPOS="1462" WIDTH="59" HEIGHT="21" WC="0.93" CONTENT="detta"/><SP WIDTH="16" VPOS="1462" HPOS="790"/>
							<String ID="string_448" HPOS="806" VPOS="1462" WIDTH="48" HEIGHT="21" WC="0.91" CONTENT="icke"/><SP WIDTH="17" VPOS="1462" HPOS="854"/>
							<String ID="string_449" HPOS="871" VPOS="1462" WIDTH="67" HEIGHT="21" WC="0.96" CONTENT="skulle"/><SP WIDTH="17" VPOS="1462" HPOS="938"/>
							<String ID="string_450" HPOS="955" VPOS="1469" WIDTH="52" HEIGHT="14" WC="0.96" CONTENT="vara"/>
						</TextLine>
						<TextLine ID="line_48" HPOS="181" VPOS="1489" WIDTH="826" HEIGHT="29">
							<String ID="string_451" HPOS="181" VPOS="1490" WIDTH="69" HEIGHT="26" WC="0.92" CONTENT="nägon"/><SP WIDTH="24" VPOS="1490" HPOS="250"/>
							<String ID="string_452" HPOS="274" VPOS="1489" WIDTH="116" HEIGHT="28" WC="0.90" CONTENT="anledning"/><SP WIDTH="22" VPOS="1489" HPOS="390"/>
							<String ID="string_453" HPOS="412" VPOS="1492" WIDTH="32" HEIGHT="18" WC="0.93" CONTENT="att"/><SP WIDTH="24" VPOS="1492" HPOS="444"/>
							<String ID="string_454" HPOS="468" VPOS="1490" WIDTH="157" HEIGHT="21" WC="0.90" CONTENT="äterremittera"/><SP WIDTH="20" VPOS="1490" HPOS="625"/>
							<String ID="string_455" HPOS="645" VPOS="1490" WIDTH="148" HEIGHT="21" WC="0.93" CONTENT="betänkandet"/><SP WIDTH="17" VPOS="1490" HPOS="793"/>
							<String ID="string_456" HPOS="810" VPOS="1490" WIDTH="29" HEIGHT="20" WC="0.93" CONTENT="till"/><SP WIDTH="18" VPOS="1490" HPOS="839"/>
							<String ID="string_457" HPOS="857" VPOS="1490" WIDTH="150" HEIGHT="28" WC="0.93" CONTENT="lagutskottet,"/>
						</TextLine>
					</TextBlock>
				</ComposedBlock>
			</PrintSpace>
		</Page>
	</Layout>
</alto>
