1142 1786
226 117 42 20 490
533 118 39 15 Den
585 119 22 15 20
620 118 57 21 April.

197 173 92 21 faktiskt
313 173 109 28 begagnar
441 173 32 28 sig
492 173 66 28 deraf,
577 174 40 21 han
635 174 37 21 har
687 175 58 27 gjort
760 174 36 21 det
812 175 5 20 i
835 174 40 21 den
892 174 129 28 öfvertygel-

198 209 45 19 sen,
267 204 33 19 att
322 203 63 26 ingen
402 203 56 19 orätt
479 202 69 27 skett;
564 209 47 14 men
630 203 38 27 jag
683 203 78 27 frågar,
779 203 85 20 hvilken
881 203 83 27 garanti
980 203 41 20 kan

198 231 127 26 uppställas,
342 233 31 18 att
390 231 54 20 efter
459 238 30 18 er,
505 231 66 21 sedan
588 231 20 21 ni
625 231 79 21 lemnat
720 231 141 28 egendomen,
877 233 36 19 det
922 232 53 20 skall
984 227 37 36 fin-

198 266 38 13 nas
246 265 116 20 :personer,
378 266 46 13 som
439 259 53 28 hysa
507 267 80 13 samma
603 260 62 27 äsigt,
677 260 39 21 och
727 260 43 21 ifall
783 260 19 20 ni
815 262 51 19 ären
878 260 63 21 säkre
949 261 72 26 derpä,

200 287 100 21 hvarföre
324 287 69 21 skulle
416 295 48 13 man
483 288 47 20 icke
550 289 71 20 kunna
641 289 110 20 utsträcka
767 289 60 20 detta
843 289 132 27 privilegium
991 289 31 19 till

198 316 42 20 alla
256 316 254 21 samhällsmedlemmar?
532 316 43 28 Jag
590 319 51 24 tror,
657 317 57 20 mine
730 316 80 28 herrar,
827 319 31 19 att
874 318 44 20 från
937 317 85 20 hvilken

198 344 47 20 sida
264 351 48 14 man
332 352 34 12 ser
384 344 70 21 denna
475 345 37 21 sak
532 345 37 21 det
585 346 76 20 endast
677 345 41 21 kan
735 346 68 20 finnas
819 346 46 20 skäl
882 346 27 27 på
924 345 40 21 den
981 352 40 14 ena

198 373 68 26 sidan,
283 373 19 27 ej
320 374 27 26 på
362 373 40 21 den
419 374 77 26 andra;
512 376 31 18 att
559 374 45 20 skäl
621 374 72 20 kunna
709 374 129 28 framläggas
849 374 33 20 för
893 374 129 26 petitionens

198 401 130 28 antagande,
344 408 48 14 men
408 402 47 20 ickv
471 403 65 27 nägra
552 409 45 14 som
614 402 55 21 hålla
685 402 71 21 streck
770 402 33 21 för
815 403 49 20 dess
875 402 146 21 förkastande.

269 430 58 20 Horr
342 430 25 21 af
382 430 143 28 Forselles,
542 431 132 21 Theodor:
690 431 75 21 Såsom
782 431 51 27 sjelf
842 438 64 20 egare
917 430 22 21 af
949 430 73 21 frälse-

196 458 50 28 jord
266 458 39 21 har
321 459 38 27 jag
382 461 71 19 ansett
469 460 42 26 mig
526 460 85 26 skyldig
627 462 38 24 att,
682 460 27 20 då
724 460 38 20 här
777 460 71 20 blifvit
864 459 102 21 utkastad
982 459 39 21 den

200 487 144 27 beskyllning,
368 490 32 18 att
416 488 50 27 ofog
481 488 63 20 bland
561 488 130 28 frälseegare
707 488 122 20 framkallat
846 488 123 27 petitionen,
986 494 36 14 an-

200 516 47 20 föra
267 517 39 25 att,
325 522 33 14 om
379 516 76 20 sådant
472 517 62 20 också
551 519 37 25 egt
603 524 46 13 rum
666 517 5 20 i
687 518 59 19 östra
762 517 61 20 delen
840 517 23 20 af
877 516 77 25 landet,
971 516 51 20 hvil-

200 544 36 20 ket
250 544 39 28 jag
305 544 20 28 ej
342 545 86 24 känner,
444 544 55 22 dock
515 545 5 21 i
537 545 40 21 den
593 546 40 25 del,
650 545 37 21 der
701 546 38 27 jag
755 545 39 21 bor
810 545 39 21 och
861 546 38 20 der
910 546 37 20 det
955 544 67 21 finnes

200 580 26 13 en
245 580 70 13 massa
331 573 191 27 frälselägenheter
538 574 39 21 och
593 574 82 21 kanske
691 581 60 14 mera
767 576 25 18 än
809 575 5 19 i
827 575 68 26 någon
908 581 68 13 annan
989 574 33 20 del

200 601 23 21 af
237 608 17 14 s.
271 601 20 21 k.
308 608 41 20 nya
368 601 98 27 Finland,
486 602 54 26 icke,
560 602 69 21 sävidt
645 603 38 27 jag
702 605 42 23 vet,
761 603 66 27 några
844 602 105 28 klagomål
965 605 58 17 emot

199 630 143 27 frälseegares
366 630 178 28 sjelfutpantning
563 631 144 20 förekommit.
739 630 31 21 En
792 631 113 20 frälseman
923 633 23 18 är
961 632 61 19 tvun-

199 665 41 21 gen
256 658 34 20 för
305 660 32 19 att
352 658 22 21 fä
390 660 22 19 ut
428 666 25 13 en
470 659 85 21 fordran
572 660 23 20 af
608 660 46 20 sina
671 659 158 27 skattskyldige
845 662 31 18 att
892 661 74 26 uttaga
981 659 40 20 den

200 686 55 28 sjelf,
272 686 27 21 dä
321 687 97 21 deremot
436 687 52 21 flere
506 688 73 26 andra,
599 695 44 13 som
660 688 64 21 hafva
739 690 32 18 att
787 688 52 21 bära
854 695 43 21 upp
914 689 73 19 räntor
1002 687 23 21 af

197 715 312 28 jordlägenhetsinnohafvare,
529 716 48 21 icke
595 716 92 21 behöfva
705 718 53 26 göra
777 716 42 25 det,
840 719 50 18 utan
907 716 64 21 hafva
987 716 35 20 be-

199 745 110 27 gvämare,
332 745 67 19 ehuru
419 744 26 20 de
464 745 42 20 lika
525 745 47 21 litet
591 745 91 21 behöfva
702 745 73 21 bevisa
791 745 32 21 sin
840 746 85 20 fordran
943 745 37 20 hos
997 745 26 20 de

200 772 221 28 betalningsskyldige
448 780 44 14 som
519 774 157 20 frälsemannen
699 774 71 20 förrän
793 774 86 20 efteråt.
918 774 45 20 Der
986 775 36 19 äro

201 804 85 24 prester
310 801 39 21 och
372 801 42 21 alla
433 802 72 26 andra,
522 809 44 13 som
583 803 50 20 bära
649 809 43 20 upp
709 809 16 13 s.
741 802 21 20 k.
779 802 88 28 kappar,
885 802 136 28 kronobetje-

200 830 78 26 ningen
294 830 34 20 för
344 830 141 28 vägalagning
501 838 18 13 o.
532 838 16 13 s.
560 838 19 13 v.
605 830 70 21 Desse
692 830 91 21 behöfva
799 831 76 21 endast
891 831 92 21 inlemna
997 837 24 14 en

199 858 138 27 förteckning
352 859 28 27 pä
395 859 46 20 sina
456 859 127 27 fordringar,
600 860 23 20 sä
639 860 21 20 få
676 859 26 21 de
714 859 40 21 den
767 862 75 24 genast
853 860 32 20 till
895 860 127 26 utmätning.

201 899 27 3 —
237 886 47 21 Här
299 887 38 20 har
353 888 83 19 nämnts
453 894 33 13 om
503 887 238 21 kommunalnämnden.
764 888 29 20 Så
804 888 45 20 vidt
857 888 38 27 jag
906 890 43 24 vet,
960 888 63 20 hafva

201 915 108 27 klagomål
331 915 82 27 ganska
437 915 44 21 ofta
499 916 106 27 försports
624 916 60 21 öfver
699 923 78 20 genom
792 916 230 21 kommunalnämnden

200 943 142 21 förorsakade
357 945 190 27 segvestreringar.
569 945 74 20 Säsom
660 945 65 20 också
737 945 128 20 ordförande
875 945 6 20 i
893 945 130 20 kommunal-

201 973 78 20 nämnd
296 972 39 21 har
348 973 38 26 jag
402 973 40 20 fätt
457 980 63 13 svara
535 973 33 21 för
579 980 26 14 en
617 973 130 28 föregäende
759 973 213 21 kommunalnämnds
983 974 40 20 till-

202 1001 110 27 göranden
329 1001 6 20 i
351 1001 92 21 nämnda
458 1001 128 22 hänseende.
610 1002 43 21 Det
670 1009 27 13 nu
713 1002 164 27 ifrägavarande
889 1002 133 28 privilegium

200 1030 38 20 har
255 1029 121 21 tillkommit
392 1029 33 21 för
440 1031 32 19 att
488 1030 91 21 likställa
595 1031 115 20 frälsemän
720 1031 48 20 med
779 1031 48 26 alla,
840 1037 45 14 som
897 1031 64 20 hafva
970 1038 53 20 upp-

201 1058 53 21 börd
278 1060 32 19 att
329 1059 58 26 göra.
419 1058 34 21 Nu
473 1059 65 20 sedan
558 1059 130 28 rättigheten
704 1061 33 19 att
753 1059 78 20 besitta
847 1059 176 21 allodialsäterier

201 1087 69 20 blifvit
286 1087 108 20 utsträckt
410 1087 30 20 till
457 1087 62 21 äfven
538 1087 179 27 icke-frälsemän,
738 1087 65 21 borde
825 1087 197 28 sjelfutpantnings-

200 1117 78 24 rätten,
300 1115 85 21 hvilken
406 1115 132 22 fortfarande
554 1118 23 19 är
593 1116 64 28 nödig
672 1117 33 20 för
721 1119 32 18 att
768 1116 47 21 icke
832 1116 125 28 uppenbara
973 1117 50 28 ofog

200 1145 12 20 å
228 1144 26 21 de
271 1144 232 27 betalningsskyldiges
519 1145 46 20 sida
581 1145 60 20 skola
658 1145 71 21 kunna
745 1145 139 26 förekomma,
901 1146 122 21 utsträckas

200 1173 63 20 äfven
288 1173 31 20 till
342 1173 63 20 desse
426 1173 257 27 lägenhetsinnehafvare.
715 1175 39 19 Att
774 1173 67 27 pästä,
861 1175 32 19 att
907 1174 48 20 icke
973 1174 49 20 bön-

200 1200 66 22 derne
283 1201 68 21 skulle
367 1208 51 13 vara
434 1201 5 20 i
456 1201 82 21 tillfälle
554 1203 31 19 att
601 1201 83 28 skydda
700 1202 32 27 sig
747 1208 77 21 genom
841 1202 69 27 lagen,
927 1208 51 15 vore
992 1204 31 19 att

200 1230 54 21 håna
278 1230 36 20 vär
330 1229 36 28 lag
380 1229 40 22 och
441 1230 47 20 vårt
507 1230 226 28 rättegängsväsende.
766 1230 86 27 Mycket
869 1237 50 14 vore
936 1233 87 24 vunnet,

200 1265 34 14 om
251 1258 146 21 domstolarne
415 1265 51 14 vore
486 1261 145 25 permanenta,
651 1266 48 14 men
717 1259 48 21 icke
786 1261 36 18 vet
835 1259 44 28 jag,
897 1261 32 18 att
944 1259 37 21 det
997 1267 27 13 nu

202 1287 68 21 skulle
287 1293 51 14 vara
353 1287 96 27 omöjligt
465 1287 33 20 för
514 1287 79 21 bönder
604 1289 32 20 att
647 1287 63 28 klaga
721 1288 60 21 öfver
791 1287 48 22 dem
851 1287 68 21 skedd
927 1288 97 21 oförrätt.

270 1315 57 20 Herr
346 1323 47 13 von
410 1315 116 22 Hellens:
550 1316 43 27 Jag
608 1317 69 20 skulle
693 1317 84 20 anhälla
793 1318 39 24 att,
848 1317 6 19 i
871 1316 116 28 anledning
1003 1317 24 20 af

201 1343 56 21 hvad
274 1344 39 20 den
332 1346 84 19 senaste
432 1344 65 21 ärade
512 1345 84 20 talaren
612 1345 105 28 andragit,
734 1345 56 20 fästa
801 1345 96 20 ständets
909 1345 114 27 uppmärk-

200 1372 84 21 samhet
308 1372 72 27 derpä,
404 1375 31 18 att
458 1379 25 14 en
507 1375 51 18 stor
570 1373 34 20 del
623 1374 22 20 af
663 1374 41 20 den
723 1373 66 22 ärade
804 1373 94 21 talarens
916 1374 109 27 uppgifter

199 1401 106 20 innefatta
321 1401 133 28 fullkomliga
471 1401 94 27 misstag.
589 1401 51 22 Icke
656 1404 101 25 utpantar
774 1404 93 25 presten,
884 1402 20 27 ej
913 1401 67 22 heller
989 1403 35 20 do-

200 1436 74 14 maren
294 1430 13 20 å
326 1429 74 21 landet
418 1430 26 20 de
464 1430 47 21 dem
532 1431 126 20 tillhörande
675 1430 169 27 löneförmoner;
868 1431 157 27 utpantningen

200 1457 40 21 hos
260 1457 26 21 de
306 1458 222 28 betalningsskyldige
548 1459 49 20 sker
616 1466 78 20 genom
710 1459 173 28 kronobetjente,
899 1459 65 21 sedan
981 1461 44 20 sär-

200 1486 70 20 skilda
285 1486 33 20 för
334 1486 26 21 de
377 1487 124 20 betalandes
518 1488 101 20 säkerhet
635 1487 104 27 stadgade
755 1488 118 27 omgångar
891 1487 68 21 blifvit
969 1488 55 20 iakt-

201 1517 73 25 tagna.
305 1514 169 29 Ifrågavarande
489 1516 236 28 sjelfutpantningsrätt
740 1517 24 19 är
779 1518 32 19 ett
827 1516 118 28 personligt
960 1516 65 28 privi-
