1142 1786
474 99 40 16 Den
528 100 10 15 9
552 99 56 21 April.
879 99 40 20 387

123 155 44 20 Det
182 156 24 19 är
222 155 160 26 ridderskapets
398 155 39 20 och
447 155 73 20 adelns
532 155 145 26 medlemmar,
689 155 88 21 likasom
789 155 75 28 hvarje
875 162 72 21 repre-

124 186 93 23 sentant,
234 183 88 26 bekant,
338 185 32 18 att
385 183 69 21 finska
471 184 142 20 statsverkets
629 184 119 20 inkomster
764 184 100 20 bokföras
881 185 67 19 under

124 214 79 18 tvenne
218 212 82 26 fonder,
317 211 153 21 militiefonden
488 213 38 20 och
544 212 106 21 allmänna
665 212 141 21 statsfonden.
837 213 43 26 Jag
894 213 53 20 skall

125 241 25 19 be
170 242 32 19 att
220 241 56 20 först
294 241 21 19 få
330 240 44 21 tala
390 247 32 14 om
440 240 41 21 den
498 247 82 14 senare.
612 241 30 20 Af
655 241 26 20 de
697 241 137 27 publicerade
850 241 97 21 statsför-

124 269 72 26 slagen
214 270 23 19 är
253 269 36 20 det
305 269 86 24 bekant,
408 271 32 18 att
456 269 147 20 inkomsterna
619 269 38 20 och
669 269 117 27 utgifterna
797 269 68 20 under
876 269 27 21 de
915 277 32 13 se-

124 299 62 18 naste
202 298 50 19 åren
266 297 70 27 jemnt
352 297 38 21 och
407 299 46 19 nätt
470 299 95 25 uppvägt
581 297 126 26 hvarandra,
720 298 105 27 nemligen
837 297 66 27 enligt
912 298 35 20 det

124 326 154 26 presumerade
290 325 143 21 förhållandet
448 325 34 21 vid
500 326 175 27 statsförslagens
690 326 151 27 uppgörande;
858 332 47 14 men
914 326 34 20 för

125 354 48 20 dem
188 354 23 20 af
222 354 96 20 ståndets
328 354 126 26 ledamöter,
465 361 45 13 som
520 356 37 18 äro
566 354 137 20 medlemmar
712 354 5 20 i
727 354 170 27 statsutskottet,
909 354 38 21 bör

124 382 37 20 det
173 382 34 21 vid
220 382 132 28 granskning
363 382 23 20 af
394 382 26 21 de
432 382 143 21 summariska
591 383 142 27 räkningarne
749 383 90 21 rörande
855 383 92 21 nämnde

124 410 51 21 fond
199 411 63 21 hafva
286 411 68 20 blifvit
375 410 63 27 klart,
458 414 31 18 att
512 411 147 27 beräkningen
675 411 47 21 icke
738 411 129 28 fullkomligt
883 412 64 26 slagit

124 440 28 25 in,
169 442 50 18 utan
235 442 39 24 att,
290 440 75 20 medan
381 440 124 27 utgifterna,
522 440 69 20 såsom
609 440 102 26 naturligt
727 441 28 23 är,
771 440 46 20 visa
826 447 24 13 en
861 440 86 27 ständig

125 468 91 20 tendens
232 468 31 20 till
280 468 104 27 stigande,
400 468 148 21 inkomstorna
563 469 97 19 deremot
675 468 64 20 hafva
755 468 54 21 visat
821 475 24 13 en
857 471 90 18 motsatt

124 496 100 26 tendens,
240 497 6 19 i
264 496 36 20 det
317 497 65 27 några
398 496 154 21 inkomsttitlar
568 497 95 27 ständigt
679 497 60 25 fallit,
755 497 129 21 åtminstone
900 497 47 21 icke

124 525 67 27 stigit,
208 525 38 20 och
263 527 79 25 ytterst
358 525 21 21 få
394 525 62 21 ökats
473 526 23 20 år
511 526 34 20 för
560 526 29 20 år.
620 524 40 22 Att
675 527 32 19 ett
723 526 75 20 sådant
814 525 133 21 förhållande

124 553 48 21 icke
195 553 6 20 i
225 553 91 28 längden
341 554 41 21 kan
404 554 95 26 fortfara,
516 554 28 21 då
559 554 134 21 statsfonden
709 554 47 21 icke
772 554 38 21 har
826 554 66 21 andra
907 554 39 21 och

124 583 48 19 icke
188 582 41 20 kan
246 583 22 19 få
283 583 73 25 andra,
371 584 26 19 än
415 583 46 20 sina
476 583 133 20 närvarande
625 583 125 25 inkomster,
767 583 88 20 emedan
865 583 36 20 det
911 590 35 13 an-

124 610 99 20 kommer
246 611 26 26 på
288 610 114 21 ständerna
422 613 32 19 att
474 611 79 27 bevilja
572 611 81 27 anslag,
669 612 24 20 så
708 612 61 19 torde
785 612 82 20 enhvar
883 611 64 25 finna,

124 639 54 20 huru
202 640 59 20 svårt
280 639 37 21 det
335 640 33 19 för
383 639 114 21 framtiden
515 640 41 20 kan
573 639 66 21 blifva
654 642 31 18 att
701 640 82 26 reglera
800 640 147 20 statsfondens

125 668 80 26 budget
220 668 30 26 så,
267 670 31 18 att
314 668 64 20 debet
393 668 39 20 och
449 668 71 20 kredit
534 669 26 26 gå
575 668 57 28 ihop.
664 668 47 20 Man
728 668 41 20 kan
785 670 52 26 säga
853 668 39 21 och
909 668 38 20 har

124 696 66 20 också
212 696 35 21 vid
270 696 69 21 denna
359 696 103 28 landtdag
481 698 55 26 sagt,
555 699 31 18 att
602 704 33 13 om
653 697 114 20 ständerna
783 697 68 21 skulle
867 697 21 20 få
903 696 43 21 del-

124 726 50 26 taga
196 725 5 20 i
219 725 120 27 budgetens
355 725 168 25 bestämmande,
540 725 68 21 skulle
624 725 36 21 det
675 725 72 21 kunna
763 726 42 20 låta
821 726 32 27 sig
869 726 78 19 lättare

124 755 58 25 göra.
214 753 44 21 Det
274 755 23 19 är
312 754 48 20 icke
376 754 42 20 min
435 754 65 27 afsigt
516 756 32 18 att
564 760 37 14 ens
617 760 76 20 genom
711 754 64 27 något
786 754 56 26 slags
855 754 92 26 bakport

124 782 38 20 här
177 782 53 20 söka
245 782 21 20 få
281 782 54 20 fram
351 782 69 27 någon
438 782 121 21 diskussion
576 789 33 13 om
627 782 171 21 önskvärdheten
811 783 23 20 af
843 789 27 14 en
880 782 65 21 sådan

124 810 131 21 medverkan
276 810 45 21 från
339 811 127 20 ständernas
482 810 52 26 sida,
551 818 47 13 men
616 811 36 20 det
667 810 62 21 torde
745 817 50 14 vara
810 811 44 27 mig
869 811 78 21 tillåtet

126 841 31 18 att
184 839 100 27 uttrycka
310 839 42 21 min
380 839 98 21 enskilda
505 839 151 27 öfvertygelse,
682 839 85 21 hvilken
793 840 24 20 är
842 839 48 26 den,
916 842 31 18 att

125 867 73 27 hvarje
222 867 55 21 finsk
296 874 56 19 man,
372 874 45 14 som
438 868 35 20 vid
492 868 158 27 förvaltningen
667 868 23 20 af
703 870 82 18 statens
801 868 94 20 finanser
911 875 36 20 ge-

123 902 49 13 nom
188 896 212 27 samtvetsgrannhet
416 896 39 21 och
471 896 135 28 sparsamhet
622 896 72 27 lyckas
711 896 85 21 komma
812 896 87 26 derhän,
915 898 32 19 att

124 924 40 20 han
189 925 23 19 så
232 924 60 27 långt
311 931 44 14 som
372 925 84 27 möjligt
472 925 105 26 aflägsnar
593 925 40 20 den
651 924 48 27 dag,
715 925 26 20 då
757 924 36 21 det
808 924 83 21 kanske
908 925 39 20 blir

123 959 25 13 en
165 952 160 27 nödvändighet
341 955 32 18 att
388 953 84 27 påkalla
488 953 127 20 ständernas
631 953 129 20 medverkan
777 953 34 20 vid
829 953 118 27 budgetens

123 981 148 27 uppgörande,
287 983 40 25 gör
342 981 32 27 sig
389 981 34 21 väl
440 981 88 28 förtjent
544 981 23 21 af
580 981 180 21 fäderneslandet.
791 981 34 20 Då
841 981 36 21 det
894 981 52 21 såle-

123 1009 37 20 des
184 1011 24 18 är
230 1010 98 27 omöjligt
346 1010 33 20 för
394 1010 134 20 statsfonden
546 1012 30 19 att
593 1011 64 26 åtaga
672 1010 32 27 sig
720 1011 67 27 några
801 1017 44 20 nya
859 1009 88 28 förplig-

123 1038 71 26 telser,
211 1038 93 21 återstår
320 1040 31 19 att
367 1038 129 26 undersöka,
512 1038 105 21 huruvida
633 1039 76 20 sådant
725 1040 25 19 är
765 1039 84 26 möjligt
864 1038 33 20 för
909 1039 38 19 mi-

122 1066 132 21 litiefonden.
284 1066 44 21 Det
344 1067 38 20 har
397 1067 71 20 blifvit
488 1067 88 20 nämndt
592 1067 39 20 och
647 1069 23 18 är
687 1067 74 26 kändt,
777 1069 31 18 att
825 1067 121 20 militiefon-

122 1095 53 20 dens
195 1095 133 20 närvarande
344 1095 119 21 inkomster
479 1095 106 27 betydligt
601 1095 118 28 öfverstiga
734 1095 125 27 utgifterna,
876 1095 70 20 såsom

122 1123 110 27 naturligt,
256 1123 27 21 då
301 1124 63 27 ingen
381 1123 79 21 militär
476 1124 73 20 hålles.
579 1124 95 20 Sålunda
690 1124 38 20 har
745 1124 68 21 under
829 1123 26 21 de
871 1130 76 14 senare

122 1153 51 19 åren
190 1152 154 21 militiefonden
360 1152 80 27 årligen
456 1152 30 20 till
504 1152 107 21 allmänna
627 1152 133 21 statsfonden
777 1152 110 27 tillskjutit
895 1159 52 20 gan-

122 1180 40 20 ska
184 1180 111 28 betydliga
318 1181 84 27 belopp,
427 1181 72 19 hvilka
521 1181 68 19 blifvit
605 1181 97 20 använda
718 1181 30 20 till
766 1180 145 21 betäckandet
927 1181 23 19 af

122 1208 151 21 annuiteterna
284 1208 33 21 för
328 1209 36 20 det
375 1209 41 26 län,
428 1216 44 13 som
485 1211 92 26 upptogs
586 1209 33 20 för
628 1209 32 20 S:t
668 1208 279 29 Petersburg—Riihimäki

119 1238 104 26 jernvägs
239 1237 121 28 byggande.
383 1237 43 21 Det
442 1238 44 26 har,
503 1239 69 19 säsom
587 1238 81 27 jemväl
684 1238 66 20 kändt
768 1239 29 25 är,
809 1237 70 21 blifvit
890 1239 57 18 stän-

120 1266 67 20 derna
203 1265 171 28 tillkännagifvet
394 1266 35 21 vid
449 1266 75 27 början
540 1266 23 21 af
575 1266 138 27 landtdagen,
731 1268 32 19 att
779 1266 48 21 dem
844 1266 35 20 vid
896 1265 51 20 den-

122 1301 82 14 samma
220 1294 68 21 skulle
305 1295 85 20 komma
406 1297 32 18 att
449 1295 121 26 föreläggas
582 1302 25 13 en
619 1295 65 27 nädig
695 1295 131 27 proposition
837 1294 111 27 angäende

122 1323 124 20 ersättande
263 1323 30 20 till
310 1323 154 20 militiefonden
481 1323 23 20 af
518 1319 58 35 dessa
587 1319 108 35 tillskott,
710 1323 86 21 hvilken
813 1323 134 27 proposition

122 1351 54 20 dock
194 1351 68 20 blifvit
278 1352 120 27 ätertagen,
414 1352 6 20 i
431 1351 52 28 följd
494 1351 79 21 hvaraf
581 1351 166 21 militiefondens
759 1351 140 21 omförmälda
908 1351 40 20 till-

122 1380 59 20 skott
197 1379 117 22 tillsvidare
332 1382 76 25 utgöra
423 1387 25 14 en
466 1380 85 20 fordran
568 1380 38 20 hos
622 1380 141 20 statsfonden.
787 1379 65 21 Hvad
870 1379 78 20 beträf-

123 1409 31 19 far
175 1409 40 20 den
233 1409 108 20 närmaste
357 1409 123 26 framtiden,
496 1410 23 19 är
535 1409 37 20 det
588 1408 80 26 säkert,
684 1410 32 19 att
732 1409 65 20 också
813 1408 81 26 årligen
913 1408 34 21 be-

122 1437 82 26 tydliga
220 1437 120 20 öfverskott
356 1437 61 20 skola
433 1437 85 27 uppstä,
534 1444 48 13 men
597 1437 38 27 jag
651 1444 63 13 anser
730 1437 37 20 det
777 1437 47 20 icke
836 1443 51 13 vara
898 1438 49 24 rätt,

122 1465 47 20 icke
193 1465 109 27 försigtigt
318 1465 39 21 och
373 1466 48 20 icke
437 1465 100 27 förenligt
554 1466 47 20 med
617 1465 41 20 den
675 1465 101 20 omtanke
792 1472 33 13 om
843 1465 104 20 statshus-

121 1493 123 27 hällningen
262 1494 39 20 och
317 1493 189 27 nödvändigheten
522 1496 32 18 att
570 1494 62 25 tillse,
649 1494 36 19 det
702 1494 19 20 vi
736 1493 48 21 med
800 1500 55 20 egna
865 1493 82 27 tillgän-

843 1532 35 17 25*
