1142 1786
472 124 38 15 Den
525 125 21 15 13
559 124 56 20 April.
890 125 41 20 437

136 179 90 27 afgiften
247 181 69 26 utgör.
348 179 10 20 I
375 179 65 21 Sibbo
465 179 83 28 uppbär
569 182 32 18 ett
624 180 87 20 rusthäll
732 181 38 20 191
792 181 60 21 mark
876 187 57 15 mera
952 181 6 20 i

136 209 182 26 augmentsränta.
349 208 33 21 På
402 215 80 13 samma
502 209 43 19 sätt
558 210 29 18 -är
606 208 36 21 det
661 215 26 14 en
709 209 33 20 hel
762 210 77 27 mängd
863 209 95 25 rusthäll,

137 236 37 20 hos
191 236 72 21 hvilka
286 238 190 25 augmentsräntan
501 237 83 27 uppgår
603 237 30 20 till
652 244 59 13 mera
731 239 25 18 än
780 238 177 28 vakansafgiften.

137 264 90 21 Derföre
244 265 68 20 skulle
325 265 39 27 jag
380 271 57 18 anse,
454 267 32 18 att
498 266 68 26 nägon
578 265 56 28 slags
647 265 106 28 reglering
765 265 22 21 af
794 268 161 26 augmentsrän-

137 295 36 18 tan
190 293 38 20 bör
244 293 86 21 komma
346 294 5 19 i
368 293 66 27 fräga,
454 293 52 21 eller
522 293 65 21 ocksä
603 293 171 27 vakansafgiften
792 295 59 27 höjas
868 296 48 19 med
931 302 25 13 en

138 322 40 20 150
193 322 12 20 &
220 322 42 20 200
282 322 59 20 mark
361 322 33 20 för
413 321 75 27 hvarje
512 322 93 20 rusthäll.
638 321 75 28 Nägon
736 322 95 22 hvarken
855 324 103 20 orättvisa

137 350 51 20 eller
207 349 111 28 obillighet
334 350 33 20 för
383 350 115 20 rusthällen
520 350 68 20 skulle
605 350 38 28 jag
659 357 50 13 anse
729 350 124 28 derigenom
869 353 20 26 ej
905 358 52 21 upp-

137 378 91 22 komma.
253 378 125 21 Rusthällen
396 378 68 22 skulle
480 378 76 21 endast
573 379 84 21 komma
671 381 30 19 att
712 379 73 21 betala
796 386 81 14 samma
888 382 69 23 ränta,

136 413 45 14 som
198 407 26 21 de
240 407 79 25 erlade,
336 407 27 21 dä
379 407 81 27 dragon
477 406 138 28 uppställdes,
632 414 34 14 om
682 410 189 24 augmentsräntan
889 409 68 20 skulle

136 435 106 28 indragas,
260 435 38 21 och
316 435 116 21 rusthällen
450 436 105 27 derjemte
570 436 81 20 befrias
661 436 44 20 från
719 436 177 28 vakansafgiften.
920 438 37 20 Sä-

136 464 58 20 ledes
210 471 52 14 vore
278 464 42 20 min
336 464 63 28 äsigt,
412 466 31 19 att
455 466 189 26 augmentsräntan
657 464 68 21 skulle
737 465 113 21 reduceras
862 466 95 26 sålunda,

136 494 32 19 att
190 493 48 20 ioke
262 493 65 27 nägot
349 492 89 21 rusthäll
462 492 86 21 komme
564 494 31 19 att
611 493 96 27 uppbära
723 496 100 24 augment
842 494 29 20 till
892 495 65 25 högre

136 521 85 27 belopp,
238 522 26 20 än
281 521 173 27 vakansafgiften
471 522 71 26 utgör.
568 520 131 28 Derigenom
716 522 68 20 skulle
795 524 161 25 augmentsrän-

136 551 36 19 tan
189 550 44 21 helt
249 549 39 22 och
307 550 66 21 hället
391 550 101 28 indragas
508 549 40 21 och
565 550 115 21 rusthällen
700 550 105 22 bibehälla
825 551 30 21 till
875 551 80 21 kronan

135 578 41 20 den
192 578 69 27 afgift,
278 585 45 14 som
338 579 27 19 de
381 579 54 20 hade
452 579 32 27 sig
500 578 81 27 päförd,
598 578 27 21 dä
640 579 26 20 de
684 579 69 21 blefvo
769 579 104 21 indelade.

205 606 65 28 Uppä
286 607 49 21 herr
350 606 209 22 landtmarskalkens
574 606 156 28 framställning
745 608 69 20 beslöt
826 608 86 21 ständet
924 611 32 17 att

136 635 139 21 oförändradt
290 637 79 25 antaga
385 636 118 20 utskottets
519 635 145 21 betänkande.

204 692 124 27 Föredrogs
344 692 106 21 allmänna
466 692 206 21 besvärsutskottets
688 692 116 28 bordlagda
821 693 136 21 betänkande

135 721 5 21 i
158 720 115 28 anledning
288 721 25 21 af
326 720 26 21 de
368 721 115 27 petitioner
494 728 33 14 om
539 721 104 21 särskilda
652 721 257 28 jernvägsanläggningar
917 722 40 21 och

132 749 298 28 jernvägsundersökningar,
454 756 45 14 som
523 750 67 20 under
609 750 143 20 innevarande
771 750 101 28 landtdag
889 750 68 21 blifvit

135 778 78 20 väckta
235 778 39 20 och
298 778 66 28 enligt
383 778 162 21 vederbörande
564 778 73 21 ständs
654 778 73 20 derom
743 778 80 21 fattade
841 779 69 21 beslut
925 780 32 20 till

136 806 107 21 utskottet
259 806 144 21 remitterade.
587 825 3 3 a

204 834 57 21 Herr
284 835 196 21 landtmarskalken
501 835 98 21 erinrade
616 842 34 14 om
667 835 26 21 de
709 837 32 19 tre
762 837 127 24 momenter,
909 843 46 13 som

135 863 134 21 förekomma
284 864 6 20 i
306 864 118 20 utskottets
440 864 143 26 betänkande,
600 864 39 20 och
651 864 132 26 hemställde,
795 864 103 20 huruvida
910 864 47 21 icke

135 892 62 20 dessa
214 894 119 18 momenter
350 892 65 21 borde
431 892 123 21 diskuteras
569 892 62 21 hvart
647 893 32 20 för
695 892 38 27 sig,
744 893 27 26 pä
782 892 35 21 det
828 892 47 21 icke
887 893 69 27 nägon

135 920 214 28 sammanblandning
365 921 23 25 af
401 921 47 20 dem
464 921 7 20 i
486 921 149 20 diskussionen
652 920 68 21 skulle
735 927 41 21 ega
791 927 53 20 rum;
860 921 49 20 med
920 928 35 13 an-

135 949 87 26 ledning
237 949 77 20 hvaraf

204 977 58 20 Herr
284 977 163 27 Ehrnrooth,
472 977 69 27 Carl,
566 985 44 13 som
633 978 27 27 pä
682 978 92 27 begäran
798 977 66 21 erhöll
888 978 69 26 ordet,

135 1006 97 27 yttrade:
248 1005 41 21 Till
306 1006 52 27 följd
374 1006 22 20 af
410 1006 40 21 den
467 1006 132 27 uppmaning
615 1006 49 21 herr
674 1006 194 21 landtmarskalken
881 1007 75 20 ställde

135 1034 31 20 till
190 1034 86 21 ständet
299 1034 95 21 anhäller
414 1035 38 27 jag
472 1037 32 18 att
522 1035 22 20 fä
567 1035 104 26 begränsa
687 1035 47 20 mitt
749 1034 107 28 yttrande,
873 1035 23 20 sä
912 1035 45 20 vidt

135 1063 37 20 det
187 1064 59 19 rörer
263 1063 119 27 jernvägen
399 1063 30 20 till
446 1063 145 20 Tammerfors
611 1063 39 21 och
666 1063 155 21 Wiala—Abo.
854 1063 43 20 För
913 1063 42 20 min

135 1091 33 21 del
191 1093 23 19 är
228 1091 44 28 jag,
292 1091 90 21 likasom
401 1091 108 21 sannolikt
528 1091 74 28 hvarje
618 1091 90 21 medlem
724 1091 23 21 af
763 1091 58 21 detta
838 1091 63 21 stånd
917 1092 40 20 och

134 1120 200 27 representationen
347 1120 5 20 i
368 1120 122 26 allmänhet,
506 1127 52 14 ense
573 1120 80 25 derom,
669 1122 31 19 att
716 1120 43 27 den
772 1121 66 20 första
850 1120 107 27 jernvägs-

135 1149 136 26 anläggning,
288 1155 44 14 som
349 1148 38 21 här
402 1148 7 21 i
424 1148 74 21 landet
516 1148 42 21 kan
578 1149 87 20 komma
684 1149 6 20 i
706 1148 61 28 fräga
782 1150 31 19 att
830 1149 127 20 verkställas

134 1183 77 21 genom
228 1179 82 18 statens
326 1177 84 20 direkta
426 1177 132 27 ingripande,
575 1177 69 20 blefve
653 1179 68 25 vägen
733 1177 31 20 till
775 1177 102 20 Finlands
887 1177 70 26 gamla

135 1204 131 22 hufvudstad
284 1198 60 34 Åbo;
368 1205 72 21 derom
457 1205 109 21 förmodar
578 1206 38 27 jag
632 1206 47 20 icke
695 1212 38 14 ens
748 1206 66 26 några
829 1204 70 21 skilda
915 1212 42 13 me-

135 1234 76 27 ningar
233 1241 41 20 ega
297 1241 53 14 rum.
380 1233 122 28 Utskottet,
522 1241 46 13 som
585 1235 64 27 hyser
665 1241 81 14 samma
764 1234 62 27 åsigt,
843 1233 38 21 har
897 1233 62 21 deraf

134 1263 70 20 funnit
220 1263 32 27 sig
268 1262 106 21 föranledt
390 1265 31 18 att
434 1262 70 21 väcka
519 1262 80 27 förslag
615 1265 32 18 att
663 1263 38 20 hos
716 1261 61 22 Hans
790 1262 101 27 Majestät
902 1261 6 21 i
920 1269 37 14 un-

134 1291 142 27 derdånighet
299 1291 84 21 anhålla
406 1298 34 14 om
462 1291 133 28 proposition
613 1291 32 20 till
665 1291 69 20 denna
750 1291 102 27 landtdag
867 1291 33 20 för
916 1291 41 20 den

134 1319 149 26 eventualitet,
297 1322 31 18 att
340 1320 41 20 den
397 1319 134 27 koncession,
548 1326 45 14 som
609 1321 24 19 är
648 1320 21 20 åt
685 1320 66 27 några
767 1326 102 21 personer
878 1319 79 27 gifven,

134 1349 28 26 på
177 1348 63 21 dessa
255 1347 69 28 linier,
340 1348 68 21 skulle
424 1348 24 20 af
461 1348 208 21 koncessionärerne
680 1348 119 21 förverkas.
830 1347 34 21 Då
875 1347 83 28 ganska

135 1377 48 20 kort
199 1376 30 21 tid
245 1377 93 20 återstår
353 1377 23 20 af
389 1376 137 28 landtdagen,
543 1378 24 19 är
582 1376 64 21 redan
663 1376 23 21 af
695 1376 58 21 detta
764 1376 46 21 skäl
821 1376 49 27 föga
881 1383 76 13 sanno-

133 1405 46 25 likt,
196 1407 31 18 att
244 1412 26 13 en
288 1405 67 21 sådan
371 1405 98 21 anhållan
486 1405 68 20 skulle
570 1405 72 21 kunna
658 1405 47 20 leda
720 1405 31 20 till
768 1405 107 27 praktiskt
892 1404 65 21 resul-

134 1435 38 24 tat,
189 1433 39 21 och
245 1433 27 21 då
287 1433 75 21 härvid
378 1435 56 19 ännu
452 1434 38 20 bör
505 1433 68 21 fästas
589 1433 102 21 afseende
707 1433 58 25 derå,
780 1435 32 19 att
829 1440 81 13 samma
925 1439 32 14 re-

133 1462 83 27 gering,
241 1468 45 14 som
303 1462 157 21 underhandlat
480 1462 49 21 med
548 1462 61 21 desse
625 1461 184 27 koncessionärer,
824 1461 51 27 föga
891 1461 68 25 torde,

133 1490 65 20 innan
222 1490 36 20 det
279 1490 109 28 verkligen
406 1490 56 20 visat
478 1490 32 27 sig
526 1497 33 13 om
576 1490 62 20 deras
655 1490 127 21 koncession
798 1492 23 18 är
837 1489 122 25 förverkad,

133 1518 39 20 hos
195 1518 117 22 ständerna
334 1520 53 26 göra
410 1525 26 14 en
452 1518 164 28 framställning,
636 1525 46 14 som
703 1518 62 28 utgår
779 1518 54 21 ifrån
850 1525 25 13 en
893 1517 67 21 sådan
