1142 1786
457 111 39 16 Den
511 112 20 15 16
545 110 55 21 April.
867 108 42 22 477

113 167 137 28 ställigheten
268 167 53 21 skall
340 167 121 25 befordras;
477 166 66 21 sällan
560 166 68 21 finnes
645 166 35 20 det
697 166 66 21 andra
779 174 110 19 personer,
905 167 31 20 ät-

115 197 107 20 minstone
238 197 6 20 i
260 195 26 21 de
302 196 119 27 aflägsnare
438 195 86 20 delarne
540 195 23 20 af
576 195 80 26 landet,
667 194 73 21 hvilka
752 195 81 21 befatta
843 197 33 28 sig
887 197 48 20 med

114 225 107 20 allmänna
236 224 191 28 angelägenheter;
444 231 47 13 men
508 223 55 21 enda
579 223 78 20 medlet
673 223 33 20 för
719 225 134 26 guvernören
866 225 70 22 dertill

114 255 24 19 är
154 256 32 18 att
206 260 48 14 resa
271 253 46 20 frän
338 253 79 20 socken
437 253 30 20 till
484 252 86 26 socken,
587 251 39 21 och
643 253 23 19 är
681 251 38 21 det
734 259 25 14 en
777 253 45 26 sak,
839 261 45 14 som
901 255 34 20 rör

115 282 41 20 alla
179 282 132 24 kommuner,
335 282 67 20 mäste
426 281 41 20 han
491 281 69 20 drifva
578 280 66 20 saken
665 280 66 20 skildt
746 281 27 26 pä
789 281 62 21 hvart
867 283 68 20 ställe.

115 310 67 20 Detta
205 312 23 18 är
250 310 6 20 i
279 309 91 28 längden
393 308 109 22 tröttande
524 309 38 21 och
583 308 97 28 omöjligt
699 311 32 18 att
746 310 133 27 genomföra,
895 311 40 21 och

115 339 80 20 verkan
213 339 39 20 blir
269 338 5 20 i
290 338 40 20 alla
346 338 35 20 fall
398 338 19 28 ej
434 338 130 25 densamma,
579 344 45 14 som
636 344 33 13 om
681 337 173 22 soeknemännen
867 339 68 21 skulle

115 367 64 21 hafva
194 368 46 20 sina
256 366 62 22 valde
339 366 131 28 deputerade
486 366 101 26 samlade,
604 366 27 20 dä
647 366 89 20 ärendet
753 366 70 22 kunde
839 368 32 20 för
887 368 48 20 dem

115 396 99 28 utläggas
231 396 39 20 och
287 395 20 21 fä
322 395 51 21 bero
390 396 26 26 pä
432 395 63 21 deras
511 394 162 28 öfverläggning
689 394 39 21 och
745 394 76 22 beslut.
847 396 88 28 Attdy-

115 424 43 21 lika
173 424 151 27 församlingar
339 424 67 20 skulle
426 424 65 20 blifva
507 424 66 26 nägra
588 423 171 27 representativa
775 423 92 28 kamrar,
883 424 52 22 eller

116 455 31 19 att
164 453 74 21 landet
252 452 69 21 skulle
338 452 128 21 sönderfalla
482 452 5 20 i
504 453 46 19 smä
565 452 106 20 kantoner
687 452 47 20 med
745 452 136 28 sjelfständig
891 456 44 24 sty-

116 482 62 26 relse,
200 484 45 18 tror
266 482 34 26 jag
319 481 31 27 ej;
368 488 42 20 nog
425 481 41 21 kan
484 481 66 20 saken
566 480 73 21 ställas
655 480 30 26 sä,
702 482 31 18 att
749 481 65 21 enhet
830 482 105 20 existerar

116 510 40 22 och
174 512 32 19 att
225 510 20 28 ej
261 510 67 27 nägra
346 510 71 20 alltför
432 509 113 28 splittrade
560 509 147 21 förhällanden
723 509 62 21 deraf
798 510 137 28 uppkomma.

117 538 212 21 Besvärsutskottets
352 538 66 21 andra
439 538 46 20 skäl
508 540 30 24 är,
558 540 31 18 att
605 538 62 20 dessa
683 538 95 28 läneting
793 538 68 22 skulle
877 540 58 20 med-

116 568 46 21 föra
178 567 70 21 ökade
264 567 124 28 utskylder;
401 567 40 28 jag
456 569 36 18 vet
507 567 28 27 ej,
551 566 99 21 hvarföre
667 567 58 20 detta
741 573 52 15 vore
804 574 26 14 en
842 568 93 21 nödvän-

116 596 36 27 dig
168 596 60 27 följd.
255 596 43 20 Det
314 596 63 20 beror
392 596 33 20 väl
440 596 58 26 uppå
514 595 86 21 hvilken
612 595 150 27 utsträckning
773 595 25 21 de
809 596 28 27 få,
848 596 87 21 hvilken

116 624 218 28 maktfullkomlighet
356 624 46 20 dem
427 624 75 27 gifves,
526 624 112 20 inskränkt
659 623 51 21 eller
729 630 25 14 en
772 624 162 22 vidsträcktare.

116 653 10 21 I
142 653 42 21 alla
201 652 113 21 händelser
329 652 67 21 finnes
409 653 36 21 det
461 653 77 27 många
554 652 106 21 allmänna
676 652 67 20 behof
756 652 39 21 och
807 654 128 27 angelägen-

116 682 68 25 heter,
208 681 47 21 deri
271 682 51 20 flere
339 681 91 21 socknar
448 681 92 21 behöfde
556 681 71 27 höras,
643 680 39 21 och
699 680 38 21 der
753 680 36 22 det
805 688 50 14 vore
872 682 63 21 önsk-

116 711 38 27 ligt
170 712 32 18 att
221 710 52 20 höra
293 710 47 21 dem
356 710 28 26 pä
402 717 25 13 en
444 710 62 28 gäng,
523 710 69 20 säsom
609 716 33 14 om
659 711 76 25 vägars
752 709 118 28 byggande,
887 712 48 20 snö-

117 739 108 27 plogning,
245 738 116 21 brandstod
380 739 38 20 och
435 739 77 27 mänga
528 738 66 21 andra
610 738 70 26 saker,
696 745 45 13 som
757 740 37 19 äro
811 739 23 20 af
847 739 88 21 allmänt

116 768 100 20 intresse.
246 768 40 19 Att
309 767 26 21 de
357 774 51 14 vore
431 767 133 27 impopulära
587 767 39 21 och
649 766 110 21 stridande
779 770 58 18 emot
855 768 80 20 folkets

116 796 198 21 rättsmedvetande
338 798 44 18 tror
402 796 38 27 jag
463 796 65 20 heller
552 796 57 26 icke;
628 795 54 21 först
701 795 38 21 och
756 795 75 22 främst
847 797 38 20 har
897 797 39 27 jag

116 825 43 27 mig
178 824 80 21 bekant
276 824 46 21 frän
346 824 168 21 bondeständets
535 824 90 21 talmans
644 830 54 21 egen
715 831 56 19 mun,
788 827 31 18 att
835 832 26 14 en
877 825 58 28 dylik

117 854 90 27 petition
232 853 54 21 varit
306 853 112 20 förberedd
437 853 5 20 i
460 852 91 27 ständet,
567 860 47 13 men
631 853 20 27 ej
669 852 68 21 blifvit
752 853 146 27 framlemnad,
914 854 23 20 af

117 882 53 25 skäl,
194 884 32 18 att
248 881 66 20 saken
335 882 5 19 i
361 882 40 20 alla
421 882 37 19 fall
476 881 69 20 skulle
565 882 84 19 komma
665 881 47 20 före
728 882 5 19 i
750 881 184 28 borgareständet.

117 909 80 22 Vidare
213 910 39 21 har
268 911 30 19 ett
314 909 76 21 sädant
406 911 56 19 möte
478 909 71 21 hällits
565 909 129 21 ätminstone
710 910 5 20 i
732 911 31 19 ett
777 909 33 22 län
822 910 6 21 i
840 911 95 26 Finland,

117 939 105 27 nemligen
234 938 120 27 Uleåborgs
365 939 41 26 län,
418 940 55 19 samt
484 938 48 20 med
543 938 117 27 styrelsens
673 938 135 27 begifvande.
828 939 47 21 Den
888 946 47 21 per-

118 974 44 20 son,
178 973 46 14 som
244 969 43 18 satt
306 967 36 20 det
358 967 6 20 i
381 967 73 20 verket
470 967 39 20 och
526 967 43 20 ledt
585 966 194 28 förhandlingarne,
795 969 24 18 är
835 967 38 21 här
888 969 47 20 när-

118 995 93 21 varande
234 995 38 21 och
296 995 71 21 kunde
390 995 34 21 vid
442 995 66 21 behof
526 995 69 20 lemna
615 995 73 20 derom
704 995 160 28 upplysningar.
894 996 43 28 Jag

117 1027 45 18 tror
184 1024 28 27 ej,
228 1026 32 19 att
276 1024 59 20 detta
356 1026 58 19 möte
432 1024 92 21 medfört
540 1024 70 27 dåliga
625 1024 85 27 följder,
727 1024 51 21 eller
793 1027 32 18 att
840 1025 96 21 försöket

119 1053 77 20 utfallit
219 1053 145 27 misslyckadt,
383 1053 23 20 så
425 1053 85 27 mycket
529 1059 45 14 mer
590 1059 45 14 som
654 1053 143 27 petitionären
813 1055 24 18 är
853 1053 84 22 hemma

117 1082 46 20 från
183 1081 106 27 Uleåborg
310 1081 38 21 och
365 1081 37 20 bör
418 1088 62 14 anses
497 1081 70 21 känna
582 1081 151 20 förhållandet.
763 1081 32 21 På
811 1081 64 22 dessa
889 1082 46 21 skäl

118 1110 35 20 vill
166 1110 39 27 jag
220 1110 130 21 åtminstone
367 1110 47 20 med
432 1110 40 20 min
489 1111 45 19 röst
550 1109 139 28 understödja
705 1110 125 27 petitionen.

186 1138 58 21 Herr
260 1145 48 14 von
325 1138 129 21 Schrowe:
475 1138 42 27 Jag
533 1138 68 21 skulle
617 1139 30 20 till
664 1139 41 20 alla
721 1138 59 21 delar
795 1139 141 28 understödja

118 1167 55 21 hvad
187 1167 131 27 föregående
335 1167 66 20 talare
417 1169 74 25 yttrat.

187 1195 57 21 Herr
260 1202 48 16 von
324 1195 92 21 Essen:
433 1195 31 21 På
480 1195 26 20 de
518 1195 52 25 skäl,
581 1202 44 14 som
638 1195 23 21 af
671 1195 143 28 petitionären
826 1197 36 19 äro
873 1196 64 20 fram-

117 1224 77 27 hållna,
211 1224 69 21 skulle
293 1224 39 27 jag
351 1224 65 21 också
431 1224 33 21 för
480 1224 42 21 min
538 1224 33 21 del
588 1224 50 28 vilja
654 1224 140 28 understödja
809 1224 126 29 petitionen.

118 1253 32 21 De
166 1253 106 27 farhågor,
289 1253 106 20 utskottet
411 1253 38 20 har
462 1254 75 26 yttrat,
549 1255 45 18 tror
603 1253 37 27 jag
652 1253 19 27 ej
683 1260 40 20 ega
734 1253 116 28 tillräcklig
861 1254 75 27 grund.

117 1281 10 20 I
143 1283 31 19 ett
190 1281 56 26 land,
262 1282 24 20 så
300 1281 56 27 glest
374 1281 79 21 bebodt
472 1287 46 15 som
539 1282 53 25 vårt,
609 1282 39 20 och
665 1281 37 21 der
722 1282 128 28 beröringen
870 1282 67 21 folket

117 1310 90 20 emellan
224 1310 30 20 till
270 1309 52 28 följd
338 1309 62 22 deraf
414 1311 22 19 är
452 1310 120 26 försvårad,
588 1313 45 18 tror
642 1310 45 28 jag,
698 1312 32 19 att
741 1310 79 21 sådana
831 1311 106 21 allmänna

117 1339 193 20 sammankomster
326 1338 68 21 skulle
410 1339 67 20 verka
487 1339 86 26 mycket
585 1338 137 27 välgörande,
733 1339 94 21 lifvande
838 1339 39 21 och
889 1341 47 20 väc-

117 1367 70 20 kande
203 1368 27 26 på
246 1367 40 20 den
304 1367 105 20 allmänna
424 1367 62 25 anda,
498 1373 45 15 som
555 1369 74 26 tyvärr
640 1374 45 14 mer
697 1369 26 20 än
735 1367 94 28 önskligt
845 1369 24 19 är
881 1369 56 20 ännu

116 1395 98 21 slumrar.
237 1395 43 28 Jag
295 1395 38 21 ber
348 1396 33 20 för
395 1395 64 28 öfrigt
470 1397 32 20 att
512 1395 22 22 få
544 1397 113 20 instämma
668 1397 49 20 med
728 1397 50 20 herr
789 1403 41 14 von
840 1396 97 21 Kremer

118 1424 5 19 i
140 1424 26 21 de
183 1424 53 25 skäl,
252 1424 41 21 han
309 1424 100 28 framlagt
424 1425 34 20 för
473 1425 130 27 petitionens
618 1424 164 28 godkännande.

187 1452 57 21 Herr
260 1460 46 13 von
322 1453 119 20 Alfthan:
458 1453 62 21 Efter
535 1453 75 28 frågan
623 1453 68 21 blifvit
702 1453 64 22 väckt
777 1461 33 13 om
821 1453 116 22 länemötet

117 1481 4 19 i
141 1481 108 27 Uleåborg
264 1481 39 21 och
320 1481 82 21 önskan
418 1481 89 26 uttalad,
524 1485 31 17 att
571 1483 26 19 de
614 1482 121 26 resultater,
752 1489 45 13 som
814 1482 123 27 derigenom

117 1510 91 26 vunnits,
233 1510 68 20 skulle
318 1510 34 20 vid
372 1510 60 20 detta
453 1510 82 20 tillfälle
552 1511 96 20 närmare
665 1510 94 27 utredas,
776 1510 69 21 skulle
858 1511 38 27 jag
911 1510 27 21 be
