1142 1786
478 121 38 15 Den
530 121 22 15 23
567 121 88 15 Februari
910 121 39 20 165

220 175 31 20 Af
264 175 148 27 ridderskapet
428 175 39 21 och
484 175 62 21 adeln
563 175 90 22 friherre
670 183 41 14 von
728 176 58 21 Troil
798 176 39 21 och
849 176 49 21 herr
907 176 71 21 Mont-

151 210 94 21 gomery,

220 232 23 20 af
257 232 159 27 presteståndet
432 235 86 24 prosten
535 232 62 27 Hjelt
613 233 38 20 och
669 233 70 20 lektor
754 233 116 26 Johnsson,

220 260 22 20 af
257 261 176 26 borgareständet
449 261 49 20 herr
513 261 112 27 Nylander
640 261 38 20 och
696 261 49 21 herr
761 261 111 27 Mechelin,

220 289 23 19 af
257 289 156 20 bondeståndet
428 289 50 20 herr
494 289 112 21 Meurman
623 289 40 21 och
679 289 207 27 landtdagsmannen
902 290 75 20 Lauri-

150 316 79 21 kainen

151 348 55 18 samt
221 347 67 19 utsett
304 345 25 21 de
346 346 36 19 två
398 346 67 26 öfrige
481 346 148 20 ledamöterne
645 346 22 20 af
681 346 74 27 hvarje
771 346 62 20 stånd
849 348 32 18 att
893 346 34 20 vid
940 346 35 21 be-

151 373 39 20 hof
202 374 84 20 inträda
302 376 68 18 säsom
388 374 138 27 suppleanter
542 374 6 20 i
565 374 90 20 berörde
671 376 153 19 sammansatta
840 374 90 21 utskott.

219 430 122 27 Föredrogs
358 438 24 13 en
400 430 112 21 skrifvelse
528 432 46 19 från
592 431 75 21 h.exc.
679 431 223 27 generalguvernören
914 431 61 21 öfver

150 458 98 27 Finland,
265 460 101 20 hvarmed
382 459 31 21 till
430 459 150 27 ridderskapet
596 460 39 20 och
652 460 61 20 adeln
731 460 141 20 öfverlemnas
888 460 87 27 tryckta

150 488 110 26 exemplar
276 488 22 20 af
313 487 27 21 H.
356 487 26 21 K.
401 488 70 27 Maj:ts
488 488 79 26 nädiga
583 488 164 27 propositioner.

218 516 40 20 N:o
283 517 26 20 23
329 516 111 27 angäende
459 516 119 27 utgörande
595 516 24 20 af
633 516 114 28 bevillning
763 516 32 21 för
812 517 53 21 1873
882 516 39 22 och
937 516 36 27 pä-

149 544 94 27 följande
257 545 29 19 är.

218 573 40 20 N:o
282 574 27 19 24
328 580 33 13 om
380 573 116 21 anvisande
516 573 23 20 af
554 573 73 27 anslag
643 573 31 20 till
691 573 115 21 understöd
822 573 33 20 för
871 574 26 21 de
913 574 60 20 kom-

150 608 75 13 muner
240 602 5 19 i
264 601 76 26 landet,
356 602 72 20 hvilka
444 603 37 19 äro
498 601 50 21 med
564 601 147 28 ingvartering
726 602 23 20 af
763 604 88 25 trupper
867 602 51 20 eller
933 602 38 20 mi-

148 630 62 20 litära
225 630 142 26 inrättningar
382 630 83 20 svärast
481 630 129 27 betungade.

217 658 40 20 N:o
274 659 26 19 25
316 658 110 28 angäende
442 658 116 21 anvisande
569 658 23 21 af
601 658 68 20 medel
681 658 31 20 till
722 658 137 22 bestridande
871 658 22 22 af
902 658 69 22 landt-

149 686 177 27 dagskostnader.

217 714 40 21 N:o
281 716 27 20 26
326 715 109 27 angäende
456 715 75 27 anslag
552 715 22 20 af
588 714 197 28 bevillningsmedel
801 716 32 20 till
849 723 26 13 en
892 716 78 21 anstalt

148 744 32 20 för
197 743 111 21 klockares
324 744 39 20 och
380 744 127 26 organisters
524 744 103 26 bildning.

216 771 41 21 N:o
273 772 26 20 27
316 772 109 27 angående
442 772 74 27 anslag
532 772 24 20 af
569 772 199 27 bevillningsmedel
779 772 32 20 för
822 772 72 22 blinda
905 773 65 20 barns

148 800 153 28 undervisning
317 800 39 21 och
372 800 134 28 uppfostran.

217 828 39 22 N:o
276 830 26 20 28
318 829 110 27 angäende
445 829 116 27 bevillning
576 829 31 20 till
623 829 214 27 fängelseväsendets
853 829 116 21 ordnande.

148 857 105 27 Samtliga
268 857 63 21 dessa
347 857 77 27 nädiga
440 857 158 27 propositioner
614 857 71 21 blefvo
696 857 31 21 till
739 858 60 20 nästa
811 858 158 20 sammanträde

148 885 123 27 bordlagda.

215 913 40 21 N:o
272 914 26 20 29
315 913 111 28 angående
442 913 133 28 uppförande
590 913 23 21 af
627 914 36 20 två
678 914 101 20 fyrbäkar
795 914 6 20 i
816 914 90 28 Ladoga
922 915 39 26 sjö.

215 942 41 20 N:o
279 943 27 20 30
322 942 110 27 angäende
448 942 74 28 anslag
538 942 33 20 för
587 943 122 20 inrättande
725 942 22 21 af
761 949 25 14 en
803 949 29 21 ny
847 943 122 20 kuranstalt

146 971 32 20 för
194 970 136 27 sinnessjuka
344 971 6 20 i
366 971 78 20 landet.

216 999 40 20 N:o
279 1000 25 19 31
325 999 5 20 i
350 999 113 27 anledning
482 1000 22 19 af
521 999 64 20 väckt
600 999 61 26 fråga
677 1006 33 13 om
726 999 126 28 försäljning
867 999 23 21 af
904 1001 64 19 stats-

142 1028 145 27 jernvägarne
302 1027 6 20 i
325 1027 77 21 landet.

214 1084 122 27 Föredrogs
353 1084 48 21 herr
417 1083 129 22 Edelskölds
561 1084 46 21 från
624 1086 32 18 ett
667 1084 129 27 föregående
807 1084 85 27 plenum
904 1083 63 21 bord-

145 1113 63 27 lagda
224 1113 89 26 petition
330 1119 33 14 om
379 1113 122 20 inrättande
516 1113 24 20 af
554 1119 25 14 en
596 1113 118 26 profession
731 1113 6 20 i
753 1113 92 20 svenska
861 1112 95 27 språket.

214 1141 58 20 Herr
293 1141 167 27 Gripenberg
478 1141 94 21 anmälte
591 1141 32 27 sig
639 1141 53 20 först
708 1141 30 20 till
755 1141 72 20 ordets
843 1140 124 21 erhållande

145 1169 39 21 och
203 1169 96 27 yttrade:
321 1169 50 20 Man
391 1170 37 19 har
449 1169 44 21 ofta
512 1169 48 21 hört
579 1171 63 25 sägas
658 1171 31 18 att
705 1169 20 20 vi
741 1171 36 19 äro
793 1169 98 27 skyldiga
907 1169 58 20 tack-

145 1198 83 20 samhet
252 1198 21 20 åt
293 1197 36 21 det
348 1198 50 24 folk,
415 1198 22 20 af
451 1198 82 20 hvilket
548 1197 20 21 vi
585 1198 81 20 hemtat
682 1198 38 20 vår
735 1197 81 27 odling;
840 1196 36 21 det
891 1199 74 19 veten-

144 1226 98 27 skapliga
258 1226 112 21 vetandets
386 1226 94 27 grunder
494 1226 34 21 för
544 1226 47 21 vårt
602 1226 168 26 samhällsskick,
782 1226 51 20 våra
844 1225 67 27 lagar,
928 1226 37 20 äro

144 1255 125 20 meddelade
286 1261 34 14 oss
336 1255 26 26 på
378 1255 92 20 svenska
486 1254 94 28 språket.
603 1254 127 21 Uttalandet
746 1255 22 20 af
782 1261 25 13 en
823 1253 66 21 sådan
906 1254 59 21 tack-

143 1283 85 21 samhet
243 1285 23 18 är
282 1282 84 22 derföre
382 1283 64 20 också
461 1283 87 20 alldeles
559 1283 137 27 berättigadt.
719 1282 246 21 Tacksamhetskänslan

143 1313 24 20 är
189 1312 24 27 ju
236 1311 60 21 alltid
319 1311 134 26 berömvärd,
472 1319 48 13 men
537 1311 38 28 jag
595 1312 67 19 sätter
683 1311 63 21 likväl
762 1311 6 20 i
784 1311 61 26 fråga
860 1311 105 20 huruvida

143 1339 163 22 tacksamheten
330 1339 65 21 borde
418 1339 64 22 hafva
500 1340 118 27 inflytande
637 1341 27 25 pä
682 1339 60 21 detta
757 1339 87 21 ärende.
875 1339 90 20 Abstra-

142 1369 64 20 herar
221 1375 49 14 man
285 1369 47 20 från
348 1368 69 21 denna
433 1368 158 27 omständighet
606 1368 44 20 står
667 1367 35 21 det
715 1368 24 27 ju
755 1367 58 21 alltid
829 1374 52 21 qvar
896 1369 32 18 att
939 1367 26 21 de

143 1397 63 20 flesta
221 1397 40 20 och
277 1397 115 27 vigtigaste
407 1396 183 28 föreläsningarne
606 1395 66 21 hållas
688 1397 28 26 på
727 1396 92 21 svenska
831 1396 88 27 språket
930 1395 34 21 vid

142 1425 60 21 detta
220 1425 45 21 vårt
281 1425 133 25 universitet,
430 1425 93 21 derifrån
540 1425 51 20 våra
606 1424 69 21 lärare
687 1425 51 27 utgå
748 1425 31 20 till
791 1425 26 20 de
828 1424 69 27 öfriga
905 1423 60 22 lärda

142 1453 88 22 verken.
262 1453 32 28 Ty
313 1455 55 19 ännu
388 1460 35 14 ser
439 1454 37 27 jag
494 1453 48 21 icke
558 1453 69 28 någon
643 1453 107 27 ljusstråle
765 1453 34 20 för
815 1453 149 20 fennomaner-

141 1488 38 14 nes
194 1482 170 27 förhoppningar
379 1484 32 18 att
426 1482 94 20 utesluta
536 1481 92 21 svenska
644 1481 87 27 språket
746 1481 33 21 för
794 1483 32 19 att
841 1481 69 20 införa
925 1480 39 20 fin-

142 1510 52 20 skan
211 1510 70 21 såsom
297 1510 231 28 undervisningsspråk
543 1510 7 20 i
566 1509 133 21 läroverken.
723 1509 33 21 Då
771 1516 29 14 nu
816 1509 90 26 således,
917 1515 46 13 som
