1142 1786
225 99 43 20 446
534 99 38 15 Den
586 99 21 16 16
620 99 58 20 April.

197 154 68 21 andra
280 154 142 28 svårigheter.
455 154 48 21 Med
520 154 109 27 undantag
644 155 23 20 af
681 155 158 27 stockhyggen,
855 155 168 28 brobyggnader

198 183 39 21 och
254 183 180 27 forsrensningar,
454 183 72 20 hvilka
543 183 47 20 icke
606 183 60 21 alltid
683 183 51 21 eller
750 183 99 20 öfverallt
865 184 33 20 stå
914 184 30 20 till
961 184 60 25 buds,

198 213 73 20 kunna
290 211 66 21 andra
376 213 76 25 större,
472 211 106 21 allmänna
599 212 89 21 arbeten
705 212 47 20 icke
769 211 48 21 med
833 211 68 21 fördel
919 213 103 20 verkstäl-

197 241 31 20 las
244 240 51 25 förr,
312 241 26 20 än
356 240 34 21 vid
407 240 37 21 bar
460 240 67 26 mark,
544 241 38 20 och
599 241 38 20 när
653 247 49 14 man
719 241 85 27 engång
819 240 90 21 kommit
925 241 18 20 så
957 241 65 27 långt,

198 270 23 19 är
236 269 82 20 största
336 268 70 21 nöden
426 269 98 27 vanligen
545 268 66 21 redan
630 269 62 20 förbi.
723 268 34 28 Ty
777 270 24 19 så
819 271 59 18 snart
894 269 73 21 hafvet
983 269 39 21 och

197 297 109 27 insjöarne
324 297 96 20 afkastat
440 297 38 20 sitt
495 297 88 25 istäcke,
599 297 92 21 erhåller
713 304 48 14 man
778 297 51 26 fisk;
845 297 63 21 äfven
925 297 97 28 ladugår-

198 326 66 20 darne
288 325 60 27 börja
371 326 27 20 då
420 325 86 23 afkasta
526 332 58 14 mera
600 326 74 27 mjölk,
691 325 40 21 och
745 325 159 28 jordbrukaren
921 327 23 19 är
950 321 12 37 i
982 326 40 20 till-

197 354 51 22 fälle
271 356 32 18 att
325 354 71 20 lemna
418 354 75 20 arbete
516 354 22 20 åt
556 354 47 26 alla,
623 361 45 13 som
685 354 54 20 blott
758 354 68 21 önska
843 354 80 21 erhålla
939 354 82 21 sådant.

199 382 93 22 Derföre
309 384 37 19 äro
362 382 65 21 också
438 382 34 21 lån
484 383 21 20 åt
516 382 259 28 lägenhetsinnehafvare,
787 385 59 18 emot
857 382 122 28 skyldighet
991 385 31 18 att

199 411 128 28 sysselsätta
351 418 25 14 en
396 411 78 21 del'af
490 410 40 22 den
546 411 45 21 lösa
608 411 151 27 befolkningen
777 411 48 21 med
841 411 180 28 odlingsarbeten,

198 441 38 19 här
252 440 66 20 oftast
334 440 26 26 på
376 440 32 20 sin
424 440 62 27 plats,
503 440 67 20 ehuru
586 440 97 20 medlens
702 440 80 27 riktiga
797 440 142 21 användande
955 440 66 20 erfor-

199 469 50 20 drar
272 475 26 14 en
322 469 86 26 sträng
419 468 40 21 och
478 468 40 28 dyr
538 468 99 21 kontroll.
668 468 49 20 Men
735 469 27 20 dä
777 468 163 21 arbetslönerna
954 468 68 20 under

200 497 130 21 missvextär
353 498 37 19 äro
415 496 55 28 låga,
493 496 74 22 medan
588 497 123 27 spanmälen
732 497 45 21 står
793 497 51 27 högt
860 496 6 21 i
881 497 50 27 pris,
947 498 24 19 är
986 496 36 21 det

198 526 64 21 äfven
278 526 33 20 för
326 525 40 21 den
384 525 60 21 bäste
461 525 99 21 arbetare
575 526 45 20 ofta
636 526 97 27 omöjligt
750 527 32 19 att
797 525 50 21 föda
863 526 69 26 någon
951 532 70 14 annan

200 556 26 20 än
242 554 34 27 sig
292 554 54 28 sjelf.
378 554 83 21 Hustru
477 554 39 21 och
528 554 79 21 barnen
619 554 50 21 falla
681 554 88 21 sålunda
781 554 40 20 den
833 554 106 21 allmänna
950 553 72 28 fattig-

200 583 80 21 vården
300 583 31 20 till
347 583 48 25 last,
412 583 81 20 hvilket
509 583 62 20 äfven
588 585 23 18 är
626 583 143 20 förhållandet
785 582 49 21 med
850 589 26 14 en
892 583 77 27 mängd
985 589 36 14 an-

199 611 39 21 dra
253 611 100 27 familjer,
370 610 83 22 hvilkas
469 611 61 29 fäder
545 611 115 21 utvandrat
676 611 30 21 till
723 611 26 21 de
765 610 64 22 södra
844 613 93 19 orterna.

269 640 48 20 Den
333 640 106 20 allmänna
454 639 144 28 fattigvården
615 639 38 21 har
669 639 122 21 emellertid
807 639 65 21 redan
891 639 68 21 under
970 647 51 13 van-

200 669 42 27 liga
257 668 148 21 förhållanden
422 675 26 13 en
464 669 49 20 svår
529 668 84 28 uppgift
629 670 31 19 att
676 668 51 21 lösa.
758 668 43 21 Vid
819 668 54 20 1870
888 668 35 20 års
940 669 82 27 utgång

199 698 78 20 funnos
300 697 31 20 uti
349 696 123 28 Uleåborgs
491 697 32 21 län
544 698 25 26 på
585 704 26 13 en
631 696 182 28 totalbefolkning
831 697 23 21 af
869 696 87 26 179,161
975 704 46 20 per-

200 732 63 14 soner
280 726 76 25 19,993
372 725 114 27 fattighjon
504 726 51 20 eller
571 726 78 26 11,29/,,
664 726 24 20 så
699 728 32 18 att
742 726 53 20 hvar
805 726 48 20 9:de
865 732 77 20 person
953 726 81 20 måste
1024 721 12 35 '

200 754 136 21 underhållas
353 753 47 21 utaf
414 753 160 22 kommunerna.
605 754 56 20 Utaf
674 754 49 20 hela
738 754 60 20 detta
814 754 57 20 antal
884 754 75 20 bestod
969 754 54 20 hälf-

200 785 36 19 ten
260 782 52 21 eller
327 782 63 27 9,398
407 789 102 20 personer
529 782 46 21 utaf
594 783 98 27 rotehjon
709 782 40 21 och
765 782 178 27 inackorderade;
959 783 63 26 3,150

200 818 52 14 voro
276 818 16 14 8.
314 811 20 21 k.
350 810 188 28 kringvandrande
557 812 5 19 i
578 811 103 27 byalagen
699 812 38 20 och
755 811 124 21 återstoden
895 811 70 27 åtnjöt
981 812 40 20 till-

199 840 71 27 fälligt
293 839 123 21 understöd.
448 839 124 21 Kostnaden
597 840 31 20 för
651 840 41 20 alla
714 840 63 20 dessa
795 839 90 27 fattigas
904 840 119 26 underhåll,

200 868 124 22 oberäknad
350 870 74 19 maten
447 868 22 21 åt
492 868 26 21 de
542 868 195 27 kringvandrande,
762 868 99 27 utgjorde
885 868 32 20 för
941 875 80 14 samma

200 898 30 25 år,
250 897 67 27 enligt
336 896 138 27 fattigvårds-
492 897 38 20 och
548 897 238 27 kommunalstyrelsers
802 896 114 28 uppgifter,
932 897 91 25 592,580

201 926 60 21 mark
284 925 26 21 76
329 925 71 27 penni,
417 925 27 20 då
460 928 30 17 ett
506 925 110 28 rotehjons
631 925 111 21 underhåll
760 925 94 27 antagits
871 925 30 20 till
923 925 5 20 3
945 927 78 18 tunnor

201 954 96 28 spanmål
313 953 13 21 å
341 954 27 20 20
384 953 60 21 mark
461 956 87 18 tunnan.
579 953 40 21 Om
636 961 28 14 nu
679 953 142 21 förhållandet
832 960 38 14 var
881 953 76 21 sådant
968 954 55 20 efter

200 986 34 17 tre
255 982 57 28 goda
331 982 98 26 skördar,
445 982 24 21 så
485 982 40 21 kan
542 989 47 14 man
606 984 52 26 göra
674 983 33 26 sig
722 989 28 13 nu
765 981 149 28 föreställning
930 989 33 14 om
981 982 40 21 den

200 1011 106 21 oerhörda
321 1010 145 28 fattigtungan
483 1011 67 20 under
565 1011 58 20 förra
638 1011 80 20 hälften
735 1011 23 20 af
769 1011 47 20 året
829 1011 60 25 1868,
901 1011 54 20 efter
966 1010 56 21 före-

201 1039 83 28 gående
300 1039 47 28 fyra
363 1039 63 21 svåra
442 1039 135 21 missvexter.

270 1068 58 21 Skall
358 1075 48 13 man
433 1074 28 14 nu
488 1067 47 22 med
559 1068 80 21 sådana
663 1068 70 21 siffror
756 1068 56 20 inför
839 1069 83 26 ögonen
951 1068 72 20 kunna

201 1096 100 22 åhvälfva
321 1096 26 21 de
367 1096 121 21 utblottade
508 1097 154 20 kommunerna
682 1099 32 18 att
730 1096 68 21 under
814 1096 129 21 missvextår
958 1096 64 21 allde-

201 1126 30 20 les
247 1125 70 21 allena
332 1125 57 28 sörja
405 1125 33 20 för
453 1125 159 27 fattigvården?
637 1125 47 21 Kan
702 1132 47 13 man
766 1125 86 20 komma
862 1124 30 21 till
904 1126 56 19 rätta
972 1128 49 17 utan

200 1154 85 21 direkta
300 1153 101 21 allmosor
417 1153 51 21 eller
484 1153 76 28 bidrag
575 1154 30 21 till
621 1153 134 27 läkarevård,
771 1153 27 20 då
814 1160 47 13 man
878 1153 38 20 har
927 1155 32 19 att
970 1155 53 26 göra

201 1183 48 20 med
266 1182 49 27 idel,
331 1182 32 20 till
379 1182 37 20 allt
432 1182 74 20 arbete
523 1182 99 27 odugliga
638 1182 118 28 subjekter,
773 1181 124 27 isynnerhet
913 1183 38 19 när
965 1182 58 27 sjuk-

201 1212 74 20 domar
290 1211 85 27 engång
391 1210 60 28 börja
469 1210 59 28 härja
543 1210 72 21 ibland
631 1210 62 21 deras
709 1210 74 21 leder?
799 1210 33 20 De
848 1210 77 27 rikliga
941 1210 82 27 bidrag,

200 1247 46 14 som
262 1239 120 21 anskaffats
402 1246 77 20 genom
500 1239 84 21 enskild
601 1239 146 28 välgörenhet,
763 1239 65 20 hafva
843 1239 54 20 dock
914 1239 58 27 gjort
987 1239 36 20 det

201 1268 83 27 möjligt
308 1270 30 19 att
358 1268 118 20 inskränka
500 1268 26 21 de
545 1268 84 21 direkta
645 1269 105 26 gåfvorna
765 1267 23 21 af
802 1267 126 21 statsmedel
944 1267 32 21 till
992 1270 31 18 ett

201 1297 117 24 minimum,
334 1297 30 20 till
381 1298 31 19 ett
428 1296 77 21 sådant
521 1297 115 26 minimum,
653 1299 31 18 att
700 1296 163 21 statsutskottet
879 1297 75 20 nästan
970 1297 52 20 kun-

182 1338 2 2 +
201 1327 38 19 nat
255 1325 91 27 bespara
362 1325 33 27 sig
410 1325 100 20 besväret
526 1327 31 19 att
572 1325 99 21 deröfver
687 1325 68 21 uttala
767 1325 38 20 sitt
817 1324 140 27 beklagande.
981 1325 42 27 Jag

201 1354 61 20 anför
285 1353 63 21 dessa
370 1353 184 28 omständigheter
578 1353 33 21 för
633 1356 32 18 att
686 1354 52 25 visa,
757 1356 32 17 att
808 1353 36 20 det
860 1354 23 19 är
898 1353 77 21 lättare
991 1356 32 18 att

200 1382 51 21 fälla
271 1382 91 21 kritiska
380 1381 114 22 omdömen
514 1383 59 20 öfver
596 1381 261 28 undsättningsåtgärder,
873 1383 26 19 än
916 1384 32 18 att
963 1382 6 20 i
987 1383 35 20 nö-

201 1411 53 20 dens
270 1411 39 20 och
325 1411 72 20 farans
413 1410 65 21 stund
494 1411 59 20 alltid
569 1411 55 20 hitta
641 1411 26 26 på
682 1411 37 20 det
734 1410 135 27 lämpligaste
887 1410 77 21 medlet
983 1411 38 20 och

201 1439 37 21 det
261 1441 56 18 rätta
340 1439 83 26 måttet,
444 1439 56 21 helst
517 1439 58 21 tiden
592 1439 30 20 till
639 1439 114 27 besinning
768 1439 115 26 vanligtvis
899 1440 23 19 är
937 1439 87 28 mycket

202 1468 83 27 knappt
308 1467 86 21 tillmätt
418 1469 38 19 och
481 1475 49 13 man
554 1467 67 28 aldrig
640 1468 33 20 får
694 1468 101 26 glömma,
816 1469 31 18 att
863 1474 26 13 en
905 1468 118 26 menniska,

201 1503 45 13 som
256 1498 32 18 tre
297 1496 57 28 dygn
365 1496 53 20 varit
430 1498 52 18 utan
493 1496 26 20 all
531 1496 54 23 föda,
599 1497 26 26 på
636 1496 37 21 det
683 1496 70 28 fjerde
766 1495 69 21 dukar
846 1495 66 21 under
921 1495 32 21 för
962 1497 61 19 svält.
