1142 1786
214 117 13 19 4
519 115 39 16 Den
570 116 10 15 ö
593 115 94 16 Februari.

313 170 42 21 N:o
372 171 38 21 191
428 171 50 20 herr
493 170 23 21 af
530 169 103 28 Heurlin,
649 170 74 21 Oscar.

328 215 12 9 »
384 200 28 20 95
445 215 12 11 ,
491 206 41 14 von
548 199 103 26 Schantz,
668 198 89 21 Fabian.

328 244 12 9 »
370 228 42 21 232
446 244 11 9 ,
490 227 65 26 Rein,
571 227 106 21 Thiodolf.

328 272 12 9 »
370 257 41 20 243
445 272 12 9 ,,
490 263 41 14 von
546 255 124 27 Frenckell,
693 255 67 21 Frans
776 255 108 21 Wilhelm.

400 324 17 20 I
429 324 154 28 deputationen
599 323 33 21 till
647 323 163 21 bondeständet:

315 368 41 22 N:o
386 370 28 20 20
428 369 91 21 friherre
535 368 74 28 Boije,
625 368 62 22 Hans
704 368 83 22 Gustaf.

328 414 12 9 E
399 398 14 20 4
463 393 16 34 ai
559 397 60 27 ellin,
635 397 64 21 Axel.

329 442 12 10 »
386 426 27 21 76
428 426 50 21 herr
494 426 131 25 Grotenfelt,
640 425 53 21 Nils.

330 470 12 10 »
373 455 40 21 164
447 470 12 9 ,
492 454 106 26 Idestam,
615 454 75 21 Oscar.

329 499 12 9 »
374 483 38 21 121
448 499 12 9 ,,
492 482 116 27 Järnefelt,
626 483 86 27 August
728 482 129 21 Alexander.

330 528 12 8 »
373 512 41 21 212
449 528 12 8 ,,
495 510 137 29 Hedenberg,
648 510 89 22 Robert.

260 567 82 22 Vidare
363 569 74 26 utsägs
458 575 26 14 en
504 568 125 28 deputation
649 567 50 22 med
713 567 89 22 friherre
818 567 106 28 Carpelan
945 568 70 20 säsom

191 596 137 26 ordförande,
349 596 85 21 hvilken
454 596 68 21 skulle
543 596 88 28 inbjuda
650 596 138 21 medständen
804 598 31 18 att
851 596 85 28 deltaga
950 596 7 20 i
974 595 40 21 den

192 625 22 21 af
228 624 151 28 ridderskapet
396 625 38 21 och
451 625 61 21 adeln
528 624 99 22 beslutna
643 625 100 21 adressen
759 624 30 21 till
805 624 28 21 H.
849 624 28 21 K.
890 624 67 28 Maj:t.

261 681 35 21 Då
312 681 67 27 enligt
394 682 27 20 55
438 682 11 27 &
466 682 22 20 af
502 681 233 28 landtdagsordningen
751 681 36 21 två
797 681 118 21 ledamöter
926 680 23 21 af
958 682 56 20 stän-

192 710 37 20 det
246 710 67 20 borde
326 710 68 27 jemte
410 710 49 20 herr
476 710 196 21 landtmarskalken
688 710 85 27 deltaga
784 710 6 20 i
801 710 134 20 talmännens
946 709 69 21 öfver-

192 738 128 28 läggningar
344 738 92 21 rörande
460 738 129 21 ärendernas
611 738 152 28 föredragning
777 738 58 21 inom
851 738 100 26 stånden,
967 745 48 14 men

194 767 66 27 något
277 766 119 28 stadgande
411 767 48 21 icke
474 767 77 21 funnes
567 767 85 26 derom,
668 767 54 20 huru
735 766 62 21 desse
807 768 79 19 tvenne
897 766 119 21 ledamöter

193 795 69 21 skulle
279 797 69 24 utses,
364 795 94 28 föreslog
473 796 49 20 herr
537 795 196 21 landtmarskalken
748 797 31 19 att
790 794 97 22 bemälde
897 794 119 22 ledamöter

193 823 76 26 skulle,
286 824 69 20 såsom
372 823 34 21 vid
423 826 85 19 senaste
523 824 102 27 landtdag
641 823 67 27 skett,
719 824 22 20 af
751 823 77 21 honom
841 823 101 27 utväljas;
953 823 62 21 hvar-

194 852 55 20 efter
264 851 50 21 herr
330 852 196 21 landtmarskalken
542 852 49 21 med
605 852 98 21 ståndets
714 852 127 28 begifvande
852 852 31 20 till
896 852 120 21 ledamöter

194 880 6 20 i
216 880 236 21 talmanskonferensen
469 880 84 21 kallade

292 907 40 22 N:o
348 909 28 20 20
391 909 90 20 friherre
496 908 70 29 Boije,
582 908 61 21 Hans
660 908 87 27 Gustaf,

307 953 11 9 »
350 937 26 20 73
393 937 48 21 herr
456 937 133 27 Ehrnrooth,
606 936 82 22 Robert

194 967 55 18 samt
265 965 31 20 till
312 965 115 28 suppleant

292 993 41 21 N:o
352 994 39 20 133
408 993 48 22 herr
472 1001 40 13 von
529 993 104 26 Kremer,
649 993 50 22 Carl
715 993 80 22 Gustaf
807 993 117 22 Mortimer.

263 1049 59 22 Herr
332 1050 198 21 landtmarskalken
541 1051 143 28 tillkännagaf
693 1053 31 18 att
733 1050 49 21 med
793 1051 115 26 anledning
919 1050 22 21 af
947 1051 69 20 landt-

194 1079 82 26 dagens
299 1078 121 28 högtidliga
442 1079 114 28 öppnande
577 1079 6 20 i
605 1079 29 20 H.
654 1079 27 21 K.
702 1079 70 28 Maj:ts
792 1079 56 27 höga
864 1085 62 15 namn
943 1079 41 21 den
1004 1080 13 19 6

194 1107 90 26 dennes,
303 1107 122 27 påföljande
441 1107 41 28 dag
498 1107 40 21 den
556 1108 11 20 7
583 1107 105 21 Februari
704 1107 27 21 kl.
748 1107 41 27 8!/,
805 1114 18 14 e.
839 1115 28 13 m.
884 1107 85 22 komme
984 1109 32 19 att

194 1136 6 19 i
217 1135 115 28 kejserliga
347 1135 74 21 slottet
435 1135 67 28 gifvas
514 1143 25 14 en
551 1136 34 21 bal
597 1138 55 19 samt
663 1138 32 19 att
705 1136 222 27 generalguvernören
938 1143 78 20 genom

194 1163 113 21 skrifvelse
323 1163 23 21 af
360 1163 70 22 denna
446 1164 42 27 dag
503 1164 69 21 dertill
588 1165 92 27 inbjudit
691 1165 49 20 herr
751 1164 197 21 landtmarskalken
961 1167 55 18 samt

194 1193 74 19 herrar
287 1193 47 20 vice
353 1192 197 21 landtmarskalken
571 1192 40 22 och
631 1192 98 28 samtlige
745 1192 138 22 medlemmar
898 1192 23 20 af
935 1192 81 21 ridder-

194 1220 77 27 skapet
287 1220 39 21 och
342 1220 72 27 adeln,
431 1220 110 23 äfvensom
558 1221 95 21 ständets
670 1221 141 22 sekreterare.

263 1277 114 28 Emottogs
393 1285 25 14 en
435 1277 125 28 deputation
576 1279 46 20 från
639 1278 155 22 bondeståndet
809 1277 68 22 under
888 1278 127 21 ordförande

193 1305 23 20 af
232 1305 184 22 kommunalrädet
432 1306 122 27 Meurman,
570 1313 45 14 som
627 1307 31 20 till
669 1306 150 27 ridderskapet
829 1306 39 21 och
879 1306 62 21 adeln
951 1306 65 21 fram-

195 1334 37 20 bar
249 1333 168 22 bondeständets
432 1335 99 28 helsning
546 1335 39 21 och
602 1335 133 28 lyckönskan
745 1335 7 20 i
764 1335 113 27 anledning
888 1334 23 21 af
921 1335 95 21 ständer-

194 1369 38 13 nas
247 1362 159 21 sammanträde
421 1363 31 20 uti
468 1363 94 28 följande
578 1364 49 20 ord:

261 1390 172 26 Bondeständet,
454 1398 46 14 som
521 1392 27 27 pä
566 1391 28 22 H.
613 1391 27 22 K.
663 1392 72 27 Maj:ts
757 1391 151 28 allernädigste
927 1391 88 21 kallelse

192 1419 88 20 samlats
299 1419 30 20 till
350 1419 70 21 denna
438 1420 102 28 landtdag
559 1420 75 21 lifvadt
653 1421 24 20 af
693 1421 26 20 de
739 1420 86 21 känslor
843 1420 24 20 af
883 1420 132 27 undersätlig

192 1447 76 20 kärlek
291 1447 39 21 och
354 1447 144 28 tacksamhet,
522 1455 45 14 som
591 1449 39 20 den
653 1449 24 20 af
695 1449 28 20 H.
746 1447 28 22 K.
799 1448 61 27 Maj:t
883 1448 133 21 stadfästade

192 1482 42 20 nya
250 1475 234 28 landtdagsordningen
501 1477 63 21 väckt
580 1477 5 20 i
602 1477 75 28 hvarje
693 1477 65 21 finskt
775 1477 68 26 bröst,
859 1476 63 21 utber
937 1477 33 27 sig
983 1479 32 18 att

192 1503 22 21 få
230 1503 58 21 helsa
305 1503 114 29 höglofliga
435 1505 152 28 ridderskapet
601 1505 38 21 och
655 1505 62 21 adeln
734 1504 136 22 välkommet.
902 1504 33 21 Då
951 1504 20 21 vi
987 1512 28 14 nu
