1142 1786
463 100 39 16 Den
516 101 21 16 16
550 100 56 21 April.
883 101 42 21 467

131 159 32 18 att
179 157 6 20 i
204 156 92 21 Finland
317 157 71 27 bygga
405 156 98 28 jernväg,
520 156 70 21 blefve
606 156 119 25 utarbetad,
741 157 24 20 så
781 156 62 21 utber
856 157 39 28 jag
910 158 44 27 mig

131 187 33 18 att
179 186 21 20 få
216 186 52 27 göra
284 185 165 27 anmärkningar
466 187 58 18 emot
540 187 79 18 tvenne
634 187 119 18 momenter
769 185 5 20 i
791 185 26 21 de
833 185 23 21 af
869 186 84 21 utskot-

130 216 32 19 tet
182 213 103 28 uppgifna
302 213 78 28 syften,
396 213 6 20 i
418 213 96 28 enlighet
530 213 47 21 med
594 213 72 21 hvilka
682 213 138 28 lagförslaget
836 214 68 21 skulle
920 217 32 18 ut-

130 242 92 21 arbetas.
253 241 38 22 Uti
308 243 12 20 6
339 249 62 14 mom.
418 242 90 21 föreslär
524 242 113 26 utskottet,
653 243 32 19 att
700 241 161 22 uraktlåtenhet
877 243 5 20 i
898 250 54 21 upp-

130 271 94 27 fyllande
248 271 23 20 af
287 271 129 20 föreskrifna
432 270 96 21 vilkoren
545 270 39 21 och
600 270 206 21 tidsbestämmelser
821 271 6 20 i
844 271 57 22 vissa
917 272 36 21 fall

130 299 68 21 skulle
222 299 140 27 oeftergifligt
385 299 96 21 medföra
504 299 167 20 koncessionens
689 298 77 20 förlust
785 299 40 20 och
843 299 110 22 kautions-

130 334 108 14 summans
262 327 150 21 förverkande.
443 326 75 28 Enligt
541 327 42 21 min
602 326 65 21 tanke
686 328 23 19 är
727 327 129 27 stadgandet
871 328 7 20 i
893 329 60 21 detta

131 357 12 19 6
157 363 64 14 mom.
238 356 47 21 icke
301 362 42 21 nog
360 355 114 27 bestämdt,
490 358 52 18 utan
558 355 71 21 kunde
644 355 112 21 föranleda
771 356 30 20 till
817 356 136 28 tvetydighet

132 384 35 21 vid
190 384 168 28 tillämpningen,
381 384 39 21 och
444 384 109 21 dessutom
577 384 66 27 vägar
655 384 39 27 jag
713 386 40 24 tro,
773 386 32 19 att
825 385 129 27 stadgandet

131 413 89 21 innebär
242 420 26 14 en
287 413 65 27 nägot
371 413 59 27 längt
449 413 84 27 gängen
553 412 116 28 stränghet,
686 413 88 20 emedan
792 420 47 13 man
856 413 39 21 lätt
911 414 41 20 kan

131 442 65 20 tänka
213 442 42 27 sig,
271 443 32 19 att
322 442 24 20 sä
364 442 113 20 ömmande
493 441 47 21 skäl
555 441 62 21 äfven
631 443 59 19 utom
706 440 26 22 de
749 443 78 19 tvenne
843 442 110 27 uppgifna,

131 470 48 27 krig
202 470 40 20 och
266 470 76 20 blokad
366 470 52 20 eller
442 470 47 20 med
513 470 47 20 dem
584 470 43 20 lika
643 469 130 27 beskaffade,
790 469 68 21 skulle
874 472 79 26 uppstä

130 499 78 27 många
226 499 87 27 gånger,
334 500 31 19 att
384 498 36 21 det
440 505 50 14 vore
508 498 6 20 i
535 498 77 28 högsta
634 498 67 20 måtto
721 498 59 20 svårt
801 498 34 21 för
857 500 95 26 regerin-

131 534 41 20 gen
194 529 32 19 att
250 527 137 28 oeftergifligt
410 527 94 21 vidhålla
526 526 41 21 den
590 526 121 28 föreslagna
735 526 145 28 strängheten.
911 527 42 28 Jag

131 556 69 21 skulle
224 555 84 22 derföre
327 556 123 27 ödmjukast
468 556 85 26 föreslå,
573 562 33 14 om
625 555 48 21 icke
691 555 60 21 detta
768 555 13 21 6
799 562 63 15 mom.
883 556 71 21 kunde

130 584 126 21 formuleras
282 585 147 27 ungefärligen
452 585 6 19 i
481 584 93 28 följande
597 584 66 27 syfte:
689 584 6 20 i
716 583 101 21 händelse
843 586 31 19 att
897 585 54 27 krig,

130 613 79 20 blokad
225 612 52 21 eller
293 612 139 22 oförutsedda
448 612 120 27 händelser,
584 612 70 20 såsom
670 612 204 28 öfversvämningar,
891 613 62 28 berg-

130 641 40 21 och
183 641 87 28 jordras
285 648 27 14 m.
329 648 27 14 m.
372 642 28 24 d.,
416 641 138 27 hvarigenom
571 640 138 28 fortsättning
725 640 23 21 af
758 640 194 28 jernvägsarbeten

132 670 159 27 omöjliggöras,
314 670 91 26 inträffa,
429 670 41 20 kan
494 669 161 21 uraktlåtenhet
674 669 6 21 i
700 669 26 21 de
749 669 205 22 koncessionärerne

131 698 110 28 förelagda
265 698 67 21 vilkor
355 698 39 21 och
415 698 206 21 tidsbestämmelser
641 698 47 20 dem
705 698 47 20 icke
768 698 116 25 tillräknas,
901 702 51 18 utan

130 728 34 20 må
180 727 6 20 i
200 727 80 21 sådana
295 726 37 22 fall
347 727 93 21 anstånd
456 727 92 27 beviljas
565 727 26 27 på
606 727 23 20 så
645 726 48 27 lång
709 726 31 21 tid
757 726 128 28 regeringen
896 727 57 27 pröf-

131 762 37 14 var
190 756 86 26 skäligt.
310 756 48 20 Men
382 756 68 20 skulle
470 755 125 21 förberörde
614 754 159 22 uraktlåtenhet
792 755 121 21 föranledas
932 756 23 21 af

132 784 67 20 andra
221 784 137 28 opäräknade
380 785 134 27 motgångar,
536 784 38 27 jag
597 790 73 14 menar
687 783 86 21 dermed
789 783 164 22 fallissementer

131 812 39 20 hos
183 813 69 27 någon
264 814 68 19 större
344 812 158 26 handelsfirma,
512 812 48 21 med
571 812 85 20 hvilken
668 812 205 21 koncessionärerne
885 812 69 22 skulle

131 848 51 13 vara
204 842 52 20 nära
279 841 126 27 förbundne,
421 841 69 27 någon
511 840 67 21 farsot
597 840 52 21 eller
664 840 54 21 brist
733 841 27 26 på
775 840 126 28 arbetsfolk,
917 848 36 15 an-

132 870 85 20 komme
240 869 37 21 det
296 870 26 20 då
342 870 27 27 på
384 870 127 27 regeringen
527 871 32 19 att
574 869 55 21 efter
645 868 210 27 omständigheterna
871 870 82 27 pröfva,

131 905 42 19 om,
196 897 40 21 och
259 898 33 20 för
312 898 53 20 huru
385 898 49 27 lång
454 898 37 26 tid,
508 897 90 22 anstånd
614 897 70 21 kunde
700 897 33 20 för
748 897 205 22 koncessionärerne

132 926 97 27 beviljas,
245 927 55 20 dock
316 929 32 18 att
363 927 48 20 icke
428 933 45 14 mer
489 928 26 19 än
531 933 26 14 en
574 926 89 27 varning
678 926 6 20 i
695 926 69 27 någon
776 925 102 22 händelse
887 926 66 22 borde

131 955 81 27 föregå.
243 955 104 27 Slutligen
364 955 38 20 har
417 955 107 20 utskottet
539 954 116 27 föreslagit,
672 956 31 19 att
720 954 132 21 beträffande
865 955 88 21 konces-

132 984 46 19 sion
195 983 32 20 för
246 983 79 21 sådana
338 983 201 28 jernvägsarbeten,
557 983 71 20 hvilka
643 983 48 20 icke
707 983 83 27 åtnjuta
806 984 147 26 räntegaranti

132 1011 51 21 eller
199 1014 65 18 annat
280 1011 226 28 penningeunderstöd
521 1011 46 21 från
585 1013 81 19 statens
682 1011 52 27 sida,
750 1011 57 21 vissa
819 1011 134 22 bestämmel-

132 1047 41 19 ser,
198 1047 44 14 som
266 1040 57 21 förut
346 1041 76 26 gjorts,
441 1041 5 20 i
466 1040 101 21 framtida
586 1040 152 21 koncessioner
753 1039 66 22 borde
835 1041 52 26 utgå
903 1041 52 20 eller

133 1068 105 26 bortfalla,
252 1069 40 20 och
308 1069 62 20 bland
386 1069 48 20 dem
451 1069 67 20 fäster
530 1069 38 27 jag
584 1068 43 27 mig
643 1068 34 21 vid
689 1068 76 21 endast
777 1068 43 28 det,
832 1075 45 14 som
887 1070 67 27 angår

132 1097 123 27 åliggandet
278 1097 32 20 för
330 1097 206 21 koncessionärerne
555 1099 30 18 att
605 1100 50 17 utan
675 1097 120 27 ersättning
810 1098 13 20 å
835 1097 119 28 jernvägen

132 1125 102 21 framföra
254 1127 82 25 posten.
367 1125 113 21 Utskottet
500 1125 38 21 har
557 1132 27 13 nu
600 1125 117 27 föreslagit,
733 1127 32 18 att
781 1126 59 20 detta
856 1126 49 21 kort
920 1133 34 14 om

133 1153 52 28 godt
201 1155 67 20 måtte
285 1154 104 21 bortfalla.
420 1153 44 22 Det
479 1153 69 22 skulle
560 1154 39 27 jag
614 1160 51 14 anse
680 1161 51 13 vara
747 1153 32 21 för
794 1154 47 21 litet
857 1154 97 26 betänkt,

133 1184 23 24 ty
176 1182 26 20 då
218 1183 68 19 skulle
302 1182 36 20 det
358 1183 112 20 ankomma
488 1183 27 26 på
530 1182 204 20 koncessionärerne
750 1182 51 20 eller
818 1183 88 26 bolagen
923 1185 32 19 att

133 1210 88 21 alldeles
237 1210 47 21 icke
300 1210 75 27 tillåta,
392 1212 31 19 att
440 1213 74 25 posten
531 1210 57 21 föres
603 1210 61 27 fram,
680 1210 51 20 eller
747 1211 65 20 också
824 1211 87 27 betinga
922 1211 33 28 sig

134 1239 23 20 så
180 1239 42 28 hög
242 1239 125 28 ersättning,
383 1241 33 19 att
431 1240 37 20 det
484 1239 70 21 blefve
570 1239 96 28 omöjligt
681 1239 33 20 för
730 1239 127 28 postverket
871 1242 32 18 att
919 1239 35 22 be-

133 1267 73 21 fordra
221 1270 75 25 posten
314 1275 38 20 per
365 1269 99 27 jernväg,
480 1267 38 21 och
535 1267 68 21 skulle
617 1268 38 27 jag
671 1267 84 21 derföre
769 1268 122 27 ödmjukast
899 1268 56 21 före-

134 1296 37 27 slå,
188 1298 32 19 att
236 1297 59 20 detta
310 1299 95 18 moment
424 1296 72 21 kunde
516 1296 77 21 ändras
611 1296 146 27 ungefärligen
774 1297 30 25 så,
820 1298 33 19 att
868 1296 37 21 det
920 1297 35 21 be-

132 1325 100 26 stämdes,
256 1325 68 21 under
344 1325 72 21 hvilka
432 1325 68 21 vilkor
517 1325 204 20 koncessionärerne
738 1325 52 20 eller
806 1325 91 27 bolagen
912 1325 43 22 åla-

132 1353 38 20 des
186 1355 31 19 att
236 1353 102 21 framföra
354 1356 76 25 posten
448 1356 14 18 t.
479 1360 35 14 ex.
531 1353 78 21 hälften
627 1353 52 20 eller
695 1353 81 21 mindre
791 1353 24 21 af
828 1353 41 21 den
885 1354 70 27 afgift,

132 1388 44 14 som
194 1382 97 27 erlägges
307 1381 33 21 för
356 1389 25 14 en
399 1382 33 21 hel
448 1382 121 27 fraktvagn,
587 1381 26 21 då.
629 1381 126 28 postverket
771 1382 51 27 sjelf
835 1382 69 21 skulle
920 1389 35 14 an-

132 1410 69 21 skaffa
225 1410 39 21 och
285 1410 125 21 underhålla
433 1413 141 25 postvagnen.
609 1409 50 22 Med
683 1410 26 21 de
733 1410 22 21 af
776 1410 43 28 mig
843 1417 27 14 nu
894 1411 62 21 fram-

132 1439 70 20 hållna
218 1439 114 27 ändringar
348 1439 70 20 skulle
431 1439 39 27 jag
486 1439 32 20 för
534 1439 43 20 min
593 1439 34 20 del
643 1439 114 20 instämma
773 1439 5 20 i
789 1439 119 21 utskottets
921 1440 34 21 be-

131 1463 116 35 tänkande.
365 1493 2 2 N

200 1495 101 21 Friherre
321 1502 46 14 von
386 1495 79 21 Born:
488 1495 42 27 Jag
547 1495 38 21 ber
600 1497 31 19 att
647 1495 21 21 fä
684 1497 83 26 nämna,
783 1498 32 18 att
832 1496 40 20 den
889 1496 68 26 fräga,

857 1538 34 15 30*
