1142 1786
457 119 39 15 Den
510 119 20 16 16
544 118 93 16 Februari.
902 116 25 20 63

130 175 94 28 dyrbara
243 174 40 27 tid,
303 174 39 21 och
358 174 95 21 anhåller
466 174 38 27 jag
520 173 158 22 vördsammast
693 175 32 19 att
740 173 60 20 detta
816 173 48 20 mitt
880 172 75 21 andra-

130 203 70 28 gande
217 203 66 20 måtte
298 203 22 20 få
334 202 75 27 åtfölja
424 202 102 21 remissen
543 202 32 20 till
591 201 172 21 bankutskottet.

200 231 57 21 Herr
270 238 47 14 von
329 231 144 26 Haartman,
486 231 32 20 V.:
535 231 48 20 Den
599 231 63 20 korta
673 230 37 26 tid,
720 229 122 22 hvarunder
851 229 106 21 bankfull-

130 260 108 27 mäktiges
253 259 79 28 förslag
348 259 110 28 angående
474 259 198 27 reorganisationen
689 259 22 20 af
721 258 102 21 Finlands
836 258 57 21 bank
901 258 56 21 varit

130 289 112 26 bordlagd,
258 288 51 20 eller
324 287 66 21 sedan
406 287 6 20 i
428 288 78 26 förgår,
523 287 38 20 har
577 287 64 20 äfven
655 287 34 21 för
705 287 43 27 mig
764 287 58 27 gjort
838 287 36 20 det
890 287 66 26 omöj-

130 317 39 27 ligt
192 318 32 19 att
247 316 49 21 med
314 316 110 27 synnerlig
443 316 149 27 noggrannhet
611 316 94 26 granska
724 315 125 26 detsamma,
866 321 49 15 men
930 314 28 22 då

128 346 38 26 jag
182 346 71 20 ansett
270 344 35 21 det
320 351 52 14 vara
388 344 22 20 af
424 350 26 14 en
467 344 42 20 viss
526 344 45 27 vigt
586 345 32 19 att
633 344 110 26 förslaget,
753 343 64 21 innan
830 343 49 21 dess
889 343 68 21 öfver-

131 373 113 21 lemnande
260 373 31 20 till
307 372 170 27 bankutskottet,
494 372 141 21 underkastas
651 372 70 27 någon
733 372 128 24 diskussion,
873 372 39 20 har
919 372 39 27 jag

131 404 53 18 trott
207 402 43 26 mig
271 408 28 14 nu
318 401 52 21 böra
386 401 86 21 vidröra
491 402 66 26 några
573 400 22 21 af
609 401 26 20 de
651 400 192 28 omständigheter,
860 406 45 14 som
921 400 36 20 vid

130 430 114 28 förslagets
258 430 167 27 :genomläsning
443 429 67 21 fästat
528 430 44 20 min
591 428 198 28 uppmärksamhet.
819 428 85 21 Härvid
920 428 38 21 ber

129 459 37 27 jag
188 459 76 20 främst
284 460 32 19 att
333 458 33 20 för
384 458 42 20 min
448 458 33 20 del
500 458 22 20 fä
537 458 68 20 uttala
621 459 31 19 ett
669 457 137 21 erkännande
823 457 60 21 öfver
899 457 36 21 det
951 458 7 19 i

131 487 106 21 särskilda
253 487 65 25 delar,
334 494 45 13 som
396 486 36 21 det
448 486 82 28 tyckes,
547 486 93 28 lyckliga
656 487 49 25 sätt,
720 486 27 27 pä
757 485 82 21 hvilket
851 485 106 21 bankfull-

132 516 94 26 mäktige
242 515 42 21 löst
299 515 36 21 det
351 514 103 28 uppdrag,
472 522 44 14 som
532 515 56 20 varit
603 515 48 20 dem
668 514 73 28 gifvet.
763 514 42 27 Jag
816 514 54 21 villi
881 514 76 20 sädant

131 544 102 20 afseende
255 544 100 20 särskildt
378 544 56 20 fästa
452 543 219 28 uppmärksamheten
692 543 26 26 pä
737 542 104 28 följande:
863 542 11 21 I
889 542 68 21 första

131 574 92 19 rummet
243 574 31 19 att
293 572 133 27 fullmäktige
442 572 112 27 föreslagit
570 572 99 20 befrielse
685 571 33 21 för
734 571 85 21 banken
836 573 32 19 att
884 571 73 21 vidare

131 600 122 22 handhafva
276 600 158 28 förvaltningen
458 600 22 20 af
502 600 142 21 statsverkets
664 600 75 20 kassor
755 599 39 21 och
810 599 83 21 fonder.
924 599 33 21 De

132 630 98 25 motiver,
247 636 44 14 som
308 628 133 28 fullmäktige
457 628 72 21 derför
544 628 77 24 anfört,
638 628 38 20 har
689 628 38 27 jag
742 628 70 20 funnit
823 628 83 27 ganska
916 628 41 20 till-

133 658 165 20 fredsställande
314 657 39 21 och
369 657 36 21 vill
421 656 76 22 endast
512 657 95 27 tillägga,
624 658 31 19 att
671 656 40 21 den
728 656 129 27 erfarenhet,
871 656 38 28 jag
919 663 38 14 un-

132 686 38 20 der
193 686 53 21 flera
269 686 34 20 års
326 686 66 27 tjenst
411 686 6 20 i
433 686 84 20 banken
535 685 81 27 vunnit,
633 685 38 21 hos
687 685 43 27 mig
746 685 87 27 stadgat
849 685 41 20 den
906 684 52 21 fulla

132 714 152 28 öfvertygelse,
300 716 31 19 att
347 721 34 13 om
397 714 60 20 detta
472 714 81 27 förslag
566 714 23 20 af
603 713 87 21 ständer
701 713 40 21 och
752 713 100 27 regering
862 713 95 27 godkän-

132 750 44 20 nes,
200 743 23 20 så
245 742 61 21 skola
328 742 54 21 båda
402 744 100 26 parterna
521 742 58 21 finna
597 742 32 27 sig
648 742 49 20 bäst
715 742 102 26 betjente.
853 742 40 20 Till
910 742 11 26 $
937 742 20 26 4,

132 771 60 21 hvari
215 770 129 28 stadgandet
362 771 7 20 i
388 770 141 21 förevarande
548 770 101 21 afseende
665 770 67 28 ingår,
748 770 61 20 torde
825 770 65 20 likväl
906 777 52 13 vara

133 800 74 27 nödigt
230 801 31 19 att
284 800 69 20 införa
376 801 30 19 ett
429 799 75 27 tillägg
522 799 6 20 i
545 799 36 21 det
597 798 63 28 syfte,
676 799 49 20 herr
741 798 122 21 Ehrnrooth
877 798 81 28 jemväl

131 828 118 27 föreslagit.
280 828 69 20 Bland
370 827 68 28 öfriga
461 827 149 27 förändringar
625 828 7 20 i
647 827 143 27 reglementet
805 827 106 27 förtjenar
926 829 32 19 att

132 856 199 28 uppmärksammas
354 856 104 27 förslaget
480 863 33 13 om
538 856 103 26 utvidgad
659 855 138 21 verksamhet
812 856 33 20 för
861 855 96 21 bankens

133 885 78 20 kontor
234 884 40 21 och
298 887 122 24 agenturer,
442 892 25 13 en
484 884 76 27 åtgärd
576 891 45 13 som
637 886 24 18 är
676 884 86 20 alldeles
777 884 130 27 nödvändig,
923 891 35 13 om

133 913 84 20 banken
221 908 10 36 .
242 913 53 20 skall
319 913 72 20 kunna
411 913 27 26 på
454 915 30 18 ett
500 912 197 21 tillfredsställande
713 913 43 19 sätt
771 912 27 27 gå
813 912 144 21 allmänheten

132 941 105 20 tillhanda
261 941 34 20 vid
318 941 49 20 dess
390 941 195 28 låneansökningar
604 941 39 20 och
662 941 5 20 i
683 940 274 27 penningetransaktioner.

132 969 33 20 En
187 969 48 21 icke
259 969 83 21 mindre
366 969 68 28 vigtig
457 969 91 28 ändring
571 969 6 20 i
599 969 200 26 bankreglementet
822 970 24 19 är
866 968 41 21 den
923 975 34 14 om

132 998 184 27 tjenstemännens
340 998 144 27 ansvarighet,
507 998 6 20 i
538 997 81 21 hvilket
641 997 101 21 afseende
765 997 26 20 de
814 1004 28 13 nu
858 997 99 27 gällande

133 1026 159 27 stadganderna
311 1027 5 20 i
336 1027 71 20 ämnet
426 1026 68 21 blifvit
510 1026 130 21 åtminstone
656 1027 67 26 något
738 1025 145 21 modifierade.
914 1026 44 21 Det

132 1055 38 20 har
193 1055 63 26 länge
279 1061 43 20 nog
344 1055 54 20 varit
417 1054 78 27 insedt,
514 1056 32 19 att
565 1054 40 21 den
622 1054 144 27 ansvarighet,
783 1061 46 14 som
845 1061 28 13 nu
889 1054 70 21 hvilar

133 1083 27 26 på
184 1083 97 21 bankens
303 1083 129 27 tjenstemän
456 1083 39 21 och
513 1083 100 20 särskildt
629 1082 200 26 bankdirektionen,
845 1084 24 19 är
885 1082 73 27 sådan,

132 1113 32 18 att
180 1111 40 21 den
237 1111 104 28 omöjligt,
358 1113 51 19 utan
424 1111 161 21 åsidosättande
601 1111 23 20 af
637 1111 90 20 rättvisa
744 1111 39 20 och
800 1111 104 27 billighet,
916 1111 42 20 kan

132 1139 96 21 fortfara.
258 1139 199 28 Bankfullmäktige
472 1139 64 21 hafva
553 1139 62 21 äfven
631 1139 57 28 gjort
704 1139 79 28 förslag
799 1141 32 18 att
847 1139 32 20 för
895 1139 64 21 fram-

132 1168 58 20 tiden
208 1175 26 13 en
251 1175 68 13 annan
336 1168 67 26 grund
420 1168 68 21 skulle
499 1168 130 21 bestämmas
640 1168 33 20 för
684 1167 96 21 bankens
790 1167 168 21 sedelemission.

133 1196 34 20 Då
182 1196 66 20 redan
264 1202 27 14 en
306 1196 31 20 tid
353 1196 23 20 af
389 1197 53 19 nära
457 1197 11 19 9
484 1197 23 19 är
522 1196 97 26 förflutit,
636 1196 66 20 sedan
713 1196 60 26 fråga
784 1196 22 20 af
816 1196 43 27 mig
871 1196 88 21 väcktes

132 1231 34 14 om
183 1224 111 21 införande
310 1224 22 21 af
346 1224 112 21 enahanda
473 1224 161 28 bestämningar
645 1224 6 21 i
661 1224 60 21 detta
731 1224 101 21 afseende
844 1224 48 21 med
903 1224 56 27 dem,

132 1253 135 27 fullmäktige
287 1260 28 13 nu
330 1253 140 28 projekterat,
488 1254 23 19 sä
528 1253 38 20 och
583 1253 26 20 dä
623 1252 163 21 förhällandena
801 1253 67 20 sedan
885 1253 49 20 dess
953 1254 5 19 i

131 1281 98 28 betydlig
252 1282 47 20 män
324 1281 137 27 omgestaltat
482 1281 38 28 sig,
542 1288 62 14 anser
617 1282 38 27 jag
671 1281 43 28 mig
729 1288 90 14 numera
835 1288 52 14 vara
903 1281 56 21 oför-

134 1309 90 21 hindrad
240 1311 31 19 att
288 1310 83 20 biträda
387 1309 36 21 det
438 1309 87 28 förslag,
542 1317 45 13 som
603 1317 27 13 en
646 1310 23 20 af
677 1309 201 28 bankfullmäktige,
890 1317 69 14 reser-

132 1340 77 19 vanten
232 1338 110 27 professor
365 1339 157 26 Montgomery,
546 1338 114 27 adopterat
679 1338 52 21 eller
749 1340 31 19 att
797 1345 26 14 en
839 1345 84 14 summa
938 1339 23 20 af

133 1367 27 20 20
176 1366 99 27 miljoner
290 1366 69 21 skulle
375 1373 50 14 vara
441 1366 37 21 det
493 1367 77 26 högsta
587 1367 85 27 belopp,
688 1367 103 26 hvarmed
803 1367 97 20 bankens
912 1367 47 20 sed-

136 1395 32 20 lar
188 1395 57 27 finge
262 1395 117 26 öfverstiga
394 1395 49 20 dess
460 1395 121 20 metalliska
596 1395 79 20 valuta.
691 1407 26 3 —
733 1395 71 20 Äfven
825 1395 134 21 beträffande

131 1423 66 20 andra
221 1423 58 20 delar
302 1423 20 20 af
347 1423 205 28 bankfullmäktiges
571 1423 81 28 förslag
672 1423 38 21 har
725 1423 38 28 jag
779 1425 53 19 trott
848 1423 44 28 mig
907 1423 52 21 böra

130 1453 52 26 göra
206 1452 68 27 nägra
296 1451 166 28 anmärkningar
482 1452 31 20 till
533 1451 36 21 det
587 1451 102 21 afseende
708 1451 26 21 de
753 1452 34 20 mä
803 1451 100 28 förtjena,
920 1452 39 20 och

130 1479 62 21 utber
206 1480 39 27 jag
260 1480 44 27 mig
319 1482 31 18 att
365 1480 21 20 fä
401 1479 120 21 framställa
537 1480 62 20 dessa
615 1480 166 27 anmärkningar
791 1480 6 20 i
809 1480 41 21 den
862 1480 97 27 ordning,

130 1507 87 21 hvartill
240 1508 26 27 88
284 1508 7 20 i
306 1508 104 27 förslaget
425 1508 58 27 gifva
499 1508 122 27 anledning.
654 1508 10 20 I
680 1508 12 27 &
708 1509 12 20 3
736 1508 38 21 har
789 1508 123 28 föreslagits
928 1510 32 18 att
