1142 1786
226 128 41 20 284
546 129 37 16 Den
599 130 20 15 19
632 129 53 16 Mars.

198 185 229 27 kronocgendomarne
451 185 5 19 i
481 185 63 20 dessa
567 185 88 25 trakter,
680 185 42 20 ifall
744 185 41 20 min
808 185 130 20 reservation
957 185 67 20 skulle

198 214 63 19 vinna
278 215 64 25 något
359 213 103 20 afseende
479 214 38 19 och
534 213 111 20 föranleda
662 213 29 20 till
709 216 33 17 ett
760 213 69 20 beslut
845 213 47 20 utaf
902 214 121 19 ständerna.

197 241 43 28 Jag
260 243 37 19 har
317 242 64 27 yrkat
402 245 31 17 att
454 242 104 20 intilldess
578 241 161 21 förhållandena
761 242 28 20 uti
808 242 139 20 soeknarnei
966 242 58 27 fråga

198 274 54 16 samt
269 270 165 27 befolkningens
456 271 131 26 önskningar
603 270 39 21 och
660 270 65 20 behof
742 271 68 19 blifvit
827 270 147 27 tillförlitligen
992 273 31 18 ut-

198 298 66 21 redda
287 299 39 20 och
351 299 27 27 på
400 299 70 26 grund
490 299 61 19 deraf
568 301 31 18 ett
620 299 79 26 förslag
717 299 34 19 vid
769 300 59 19 nästa
846 299 103 26 landtdag
966 300 57 18 stän-

198 327 66 21 derna
281 327 113 27 förelagdt,
412 327 37 20 allt
465 327 75 25 skulle,
557 328 69 19 såsom
641 327 38 26 jag
696 327 97 27 uttryckt
809 327 49 27 mig,
875 327 98 20 förblitva
990 328 33 19 vid

198 356 36 20 det
258 356 76 27 gamla.
368 355 56 21 Herr
448 362 40 14 von
513 356 87 20 Alfthan
621 355 38 20 har
675 355 47 21 icke
739 358 72 18 ansett
827 356 36 20 det
878 356 82 25 framgå
977 355 46 21 med

198 385 121 26 fullkomlig
336 384 92 26 klarhet,
445 384 54 20 hvad
514 384 37 27 jag
567 384 86 20 dermed
671 387 79 17 menat.
781 384 42 25 Jag
837 384 68 20 skulle
917 384 63 26 tycka
992 387 31 17 att

198 414 162 20 reservationen
377 413 69 27 gifver
463 412 77 28 tydligt
556 412 109 26 tillkänna,
683 415 31 17 att
728 413 39 27 jag
783 413 85 20 dermed
884 412 46 20 icke
944 412 79 20 kunnat

199 450 61 13 mena
281 443 65 19 annat
366 443 36 19 än:
422 441 93 27 lagligen
536 442 144 20 beståndande
695 442 80 26 gamla.
807 442 42 26 Jag
865 441 37 20 har
918 440 42 28 mig
976 441 47 20 icke

199 471 81 20 bekant
304 471 27 27 på
354 470 56 20 hvad
433 472 44 18 sätt
502 470 79 20 kronan
603 470 37 20 har
659 470 83 20 förfarit
763 470 5 20 i
785 470 62 20 dessa
865 469 89 25 trakter,
971 469 52 20 eller

199 501 53 19 huru
270 498 162 28 forststyrelsen
449 498 37 20 der
502 499 47 26 gått
565 498 30 20 till
613 500 62 25 väga;
690 498 37 27 jag
745 499 40 19 kan
803 499 46 20 icke
865 501 64 17 annat
943 499 26 19 än
981 498 41 20 för-

199 530 81 18 utsätta
306 530 32 17 att
361 527 37 20 allt
417 534 45 13 som
482 526 64 26 skett,
567 527 77 20 skett
641 522 13 34 i
663 527 223 20 öfverensstämmelse
903 526 47 20 med
968 526 54 21 hvad

199 564 44 13 som
268 558 23 19 är
316 557 48 19 rätt.
396 556 46 20 Har
466 555 92 20 kronans
577 556 39 20 och
635 555 176 27 forststyrelsens
831 555 100 28 åtgärder
947 555 75 20 endast

200 586 44 20 haft
265 585 31 20 till
316 584 98 21 ändamål
432 586 31 18 att
483 584 104 27 betrygga
603 585 39 19 den
659 584 105 26 ostridiga
781 585 180 26 kronoegendom,
978 591 44 13 som

198 615 70 19 finnes
292 614 4 19 i
322 613 63 20 dessa
408 613 90 24 trakter,
515 625 26 1 —
559 615 21 24 ty
599 612 180 26 författningarne
801 613 70 19 kunna
890 612 47 20 icke
954 612 69 20 tolkas

199 642 89 21 sålunda
310 644 31 18 att
361 641 26 21 de
406 641 68 20 skulle
491 641 128 20 tillerkänna
635 641 155 20 kommunerna
807 641 126 27 eganderätt
949 641 30 20 till
996 641 26 19 all

199 672 40 20 den
262 670 56 28 jord,
334 677 45 13 som
401 670 68 20 finnes
487 670 55 19 inom
560 669 61 21 dessa
638 669 102 21 socknars
757 670 137 20 landamären
912 682 22 2 --
953 670 69 26 hafva,

199 702 63 25 säger
284 700 44 26 jag,
354 698 26 20 de
404 698 101 27 åtgärder
528 705 44 13 som
597 698 45 20 från
668 698 53 20 1860
742 698 108 28 vidtagits,
867 698 75 20 endast
958 698 65 20 afsett

199 728 65 24 detta,
282 729 24 19 så
322 727 89 21 innebär
427 727 48 20 icke
492 727 40 19 min
550 727 139 25 reservation,
706 734 33 12 om
757 727 40 20 den
814 726 67 20 skulle
899 726 62 21 vinna
972 726 51 27 god-

200 756 120 26 kännande,
338 756 118 26 någonting
472 756 32 19 för
521 755 25 21 de
563 755 116 21 bestående
695 755 162 21 förhållandena
867 755 86 27 vådligt.
978 754 45 21 Har

200 786 98 20 deremot
315 784 117 27 någonting
448 784 76 26 gjorts,
541 790 44 14 som
603 784 109 26 verkligen
729 784 48 20 icke
793 791 50 20 eger
860 784 47 20 stöd
918 784 5 19 i
936 784 33 26 lag
983 784 38 20 och

200 816 48 23 rätt,
266 814 39 19 kan
320 814 38 26 jag
374 812 47 21 icke
438 812 70 27 hjelpa
525 814 31 18 att
565 812 37 27 jag
617 819 62 13 anser
691 815 30 17 att
734 812 168 20 statsmakterna
913 812 46 20 icke
972 812 50 20 böra

200 842 138 20 sanktionera
361 842 43 19 det.
434 840 47 21 Har
504 841 32 19 för
555 841 93 20 kronans
666 841 90 26 räkning
773 842 68 26 nägon
858 840 127 28 afverkning
1002 843 18 17 al

200 872 53 25 skog
277 870 58 20 skett
355 870 5 20 i
376 870 62 20 dessa
455 869 89 25 trakter,
561 876 62 13 anser
637 870 43 25 jag,
698 872 31 17 att
747 869 80 21 kronan
844 869 46 21 icke
907 869 53 21 varit
976 869 46 20 der-

199 899 30 20 till
248 898 98 27 befogad,
362 905 48 13 men
428 897 132 21 beträffande
577 898 90 26 skyddet
684 897 32 20 för
731 897 93 20 kronans
836 897 111 27 egendom,
960 897 61 20 intill-

200 928 48 20 dess
272 930 31 17 ett
320 927 128 26 afskiljande
469 926 22 20 af
506 926 142 27 kronojorden
666 926 39 20 kan
723 933 40 20 ega
779 933 53 18 rum,
849 925 60 21 torde
927 926 30 20 väl
976 926 45 21 icke

200 957 72 19 kunna
288 955 144 28 ifrågasättas,
450 957 32 18 att
498 955 46 20 icke
561 955 59 26 lagen
638 955 69 26 gifver
723 954 138 27 fullständiga
877 955 67 20 model
956 955 6 20 i
974 955 48 20 kro-

200 992 52 13 nans
270 984 81 20 händer
367 985 32 19 att
415 983 83 27 skydda
514 983 69 20 denna
599 983 104 27 egendom
720 983 46 20 från
785 983 161 27 befolkningens
963 983 58 20 åvor-

199 1014 48 19 kan.
279 1012 42 27 Jag
338 1013 67 20 måste
422 1012 83 19 derföre
523 1011 90 21 vidhålla
630 1011 55 20 hvad
699 1011 37 27 jag
753 1012 5 19 i
774 1011 40 20 min
831 1012 130 20 reservation
979 1015 42 24 ytt-

200 1044 32 18 rat
248 1041 134 27 fullständigt
399 1041 38 20 och
455 1047 63 14 anser
534 1041 4 19 i
556 1040 74 27 sjelfva
647 1040 74 20 verket
737 1042 32 18 att
785 1040 179 26 amendementet,
977 1047 43 14 som

200 1070 68 21 blifvit
286 1069 122 27 föreslaget,
425 1069 47 20 icke
489 1069 117 20 innehåller
621 1069 66 26 något
703 1071 66 18 annat
785 1070 25 19 än
828 1068 54 21 hvad
896 1069 39 27 jag
951 1069 70 20 afsett.

271 1099 55 20 Herr
349 1105 46 13 von
416 1097 118 21 Alfthan:
558 1097 41 27 Jag
619 1097 92 27 begärde
729 1097 62 20 ordet
807 1097 47 20 med
871 1097 114 27 anledning
1001 1099 20 18 af

200 1128 48 19 herr
263 1134 39 13 von
315 1126 96 21 Hellens?
425 1126 107 27 yttrande,
549 1127 30 18 att
596 1125 35 21 det
648 1133 37 13 var
701 1126 86 27 mycket
799 1125 117 21 sväfvande
929 1127 60 26 sagdt
1002 1127 22 19 af

199 1157 107 19 utskottet
320 1158 31 17 att
368 1155 80 20 hälften
464 1155 22 19 af
501 1154 111 20 markerna
625 1155 86 26 utgöres
723 1155 23 19 af
755 1154 172 27 impedimenter;
940 1155 37 27 jag
986 1162 35 13 an-

200 1185 66 19 håller
283 1187 31 17 att
334 1185 21 19 få
371 1183 81 26 anföra,
468 1186 31 16 att
516 1183 68 20 donna
601 1183 134 26 bestämning
752 1183 47 20 icke
814 1185 24 18 är
854 1185 63 24 tagen
936 1185 23 24 på
977 1184 44 20 höft

200 1217 50 16 utan
271 1213 73 19 stöder
363 1212 32 27 sig
414 1212 26 27 på
456 1218 26 14 en
499 1211 123 27 fullständig
638 1211 102 20 kadaster
757 1211 59 21 öfver
832 1211 46 27 fyra
896 1211 90 21 socknar
1002 1213 22 19 af

202 1241 83 27 Kajana
309 1241 72 26 härad,
402 1241 84 20 hvilken
506 1240 37 27 jag
559 1240 44 19 haft
619 1241 50 19 äran
686 1242 31 18 att
733 1240 110 27 förelägga
859 1239 107 21 utskottet
983 1241 38 20 och

200 1271 42 20 deri
269 1277 55 18 man,
347 1269 53 20 ifrån
424 1276 25 13 en
475 1269 63 20 redan
563 1269 116 20 verkställd
699 1269 95 26 mätning
814 1268 39 21 och
873 1269 82 26 rofning
972 1269 49 23 (alla

199 1299 61 20 dessa
285 1297 127 21 ödemarker
435 1297 57 20 likna
512 1297 119 20 hvarandra
651 1304 58 13 mera
729 1297 52 20 eller
801 1297 90 26 mindre;
913 1297 108 21 Kuusamo

199 1327 38 20 och
255 1327 87 27 Kajana
357 1328 77 25 gränsa
451 1325 109 20 dessutom
577 1325 29 20 till
619 1325 132 26 hvarandra)
769 1325 70 20 kunde
855 1333 28 18 se,
900 1325 52 21 huru
965 1333 56 20 myc-

199 1356 36 19 ket
259 1356 23 19 af
304 1356 88 19 marken
412 1354 111 27 utgjordes
546 1353 22 21 af
582 1354 171 27 impedimenter.
786 1354 121 20 Resultatet
923 1355 98 20 utvisade

199 1385 65 26 nägot
288 1383 81 21 mindre
394 1385 25 18 än
444 1383 86 25 hälften,
550 1389 47 14 men
617 1383 26 20 dä
663 1389 27 14 nu
708 1382 162 27 ifrågavarande
887 1383 82 20 trakter
985 1385 36 18 äro

200 1419 58 14 mera
274 1413 102 26 aflägsna,
393 1414 76 23 antogs
486 1411 32 20 för
535 1411 110 20 säkerhets
663 1411 53 20 skull
734 1411 51 20 fulla
802 1411 79 20 hälften
898 1411 21 20 af
934 1411 86 20 marken

199 1441 30 20 till
254 1441 171 27 impedimenter.
458 1439 40 20 Om
523 1446 48 13 man
591 1447 26 12 nu
637 1439 85 20 skickar
742 1439 31 20 dit
789 1447 50 19 upp,
856 1439 47 20 icke
920 1447 25 12 en
962 1440 58 20 kom-

200 1470 86 19 mission
305 1471 49 18 utan
372 1469 57 24 flere,
447 1468 39 20 och
503 1468 25 20 de
545 1472 75 16 stanna
637 1468 37 20 der
691 1468 30 20 till
739 1469 38 20 och
795 1468 47 20 med
859 1475 24 13 en
902 1469 71 25 längre
985 1469 36 23 tid,

199 1498 39 20 blir
255 1498 35 20 det
307 1496 91 21 likafullt
415 1497 96 26 omöjligt
528 1500 30 16 att
575 1498 25 24 på
617 1499 33 17 ort
666 1496 39 20 och
723 1497 60 19 ställo
802 1496 81 24 utreda,
899 1496 53 20 huru
965 1504 56 20 myc-

199 1527 37 19 ket
251 1526 164 28 impedimenter
431 1525 121 20 förefinnes.
586 1524 75 20 Härtill
679 1524 103 21 behöfves
799 1524 105 27 nemligen
920 1526 101 26 mätning,
