1142 1786
466 120 38 15 Den
519 120 21 16 19
554 120 93 15 Februari.
904 120 38 20 117

142 175 111 28 grundade
272 175 46 21 skäl
337 176 30 20 till
386 176 40 21 den
446 175 118 28 förmodan,
584 177 31 19 att
635 175 60 21 detta
708 176 141 27 jernvägsnät
865 176 46 21 icke
927 176 42 21 kan

144 211 77 20 genom
238 204 84 21 enskild
338 205 135 26 spekulation
491 204 51 21 eller
558 205 170 26 företagsamhet
745 205 86 20 utföras.

214 232 43 21 För
281 232 47 21 hela
352 233 113 27 sydvostra
485 232 102 21 Finlands
606 233 140 20 ekonomiska
765 233 110 27 utvekling
895 235 23 18 är
935 233 36 20 det

143 261 65 21 likväl
225 261 23 20 af
261 261 95 20 särdeles
372 261 51 28 vigt,
440 263 31 19 att
487 261 70 21 denna
571 261 96 20 landsort
678 261 6 20 i
695 263 107 19 närmaste
813 261 86 21 framtid
911 261 59 21 kom-

144 297 45 13 mer
208 289 5 21 i
233 289 126 27 åtnjutande
378 290 23 20 af
418 290 25 20 de
460 290 94 21 fördelar
573 290 1 20 i
591 289 307 25 kommunikationsväsendet,
912 290 59 26 jern-

145 320 93 26 vägarne
254 318 91 26 erbjuda
360 318 33 20 för
409 320 32 18 att
457 318 63 21 vinna
536 318 90 27 lifligare
639 318 100 27 beröring
750 318 23 20 så
786 318 32 20 väl
830 318 48 20 med
889 318 81 27 kejsar-

144 346 73 21 dömet
232 353 45 13 som
294 346 48 21 med
359 346 152 28 befolkningen
527 347 6 20 i
550 346 26 21 de
593 346 59 21 delar
667 346 24 20 af
704 346 79 26 landet,
799 346 72 21 hvilka
883 353 87 21 genom-

144 375 74 20 skäras
237 374 23 21 af
276 374 26 21 de
323 375 65 21 redan
408 376 91 26 anlagda
515 375 154 27 jernvägarne;
691 375 36 21 det
744 375 39 20 kan
801 375 20 27 ej
837 375 67 21 heller
919 382 52 13 vara

143 404 33 20 för
192 403 70 21 denna
277 403 83 21 landets
376 404 64 27 högst
457 404 128 20 beskattade
601 404 40 20 och
656 403 126 21 folkrikaste
799 404 86 26 provins
902 403 68 28 likgil-

143 432 48 27 tigt,
210 439 33 13 om
264 432 40 20 den
323 433 56 19 ännu
398 432 5 20 i
423 439 26 14 en
466 432 113 21 obestämd
595 432 86 20 framtid
697 432 85 20 komme
798 433 32 19 att
845 432 68 20 sakna
929 432 40 20 den

144 460 100 28 häfstång
261 460 33 20 för
310 460 39 20 den
366 461 118 21 materiella
500 461 150 27 utveklingens
666 460 99 28 höjande,
779 460 143 28 jernvägarne
937 462 32 18 ut-

144 490 61 26 göra;
229 490 93 19 tvärtom
346 488 38 22 har
404 490 79 20 bristen
504 489 63 21 deraf
579 489 66 21 redan
665 489 62 27 länge
747 489 54 21 varit
817 489 97 21 kännbar
930 489 39 20 och

143 518 101 20 framstår
260 524 88 14 numera
363 518 37 20 allt
416 518 142 26 kännbarare,
575 518 64 20 sedan
656 518 41 21 den
714 518 68 27 öfriga
797 517 61 21 delen
875 518 23 20 af
907 518 63 20 södra

145 546 128 21 stambanan
290 546 68 21 blifvit
374 546 127 21 fullbordad.

213 574 75 21 Under
308 575 154 27 förutsättning
480 576 23 20 af
517 575 37 21 det
569 575 42 25 fall,
629 577 31 18 att
677 575 293 27 kongessionsinnehafvarne

144 604 20 26 ej
180 603 68 21 förmå
267 603 75 27 bringa
360 604 30 20 till
406 604 114 20 utförande
540 603 124 27 byggandet
680 604 23 19 af
716 603 253 21 Abo-Tammorfors—

144 632 136 20 Tavastehus
301 632 91 27 jernväg
415 632 91 21 utbeder
522 632 39 27 jag
579 632 43 27 mig
642 633 32 19 att
690 632 113 26 höglofliga
819 631 151 28 ridderskapet

144 660 40 21 och
200 660 61 21 adeln
278 660 110 28 behagade
404 660 39 21 hos
459 660 28 21 H.
504 661 26 20 K.
559 660 50 28 Maj:t
625 660 6 20 i
647 660 169 27 underdånighet
833 660 90 26 anhålla,
933 660 36 20 det

147 688 25 21 H.
189 688 27 21 K.
233 689 60 27 Maj:t
309 689 30 20 till
356 696 28 14 nu
400 689 129 21 församlade
545 689 88 21 ständer
649 688 48 21 ville
714 689 64 20 afläta
793 688 65 28 nådig
872 689 95 27 proposi-

144 718 44 20 tion
205 718 80 25 derom,
296 719 32 19 att
339 718 163 27 ifrågavarande
510 717 248 29 jernvägssträkningar,
769 718 70 20 såsom
851 718 118 26 utgörande

144 746 60 20 delar
223 746 23 20 af
264 746 110 21 1863—64
394 747 34 20 års
448 746 103 28 landtdag
567 748 78 24 antaga
661 746 129 26 stambanor,
806 746 74 26 måtte,
896 746 6 20 i
918 746 50 20 hän-

144 775 59 20 delse
222 775 40 20 den
283 774 51 21 derä
350 775 106 27 beviljade
473 775 155 21 koncessionen
645 774 71 21 blofve
731 774 122 26 förverkad,
869 774 22 21 af
905 776 64 19 stats-

145 804 76 20 verket
237 803 68 21 under
320 803 26 21 de
362 804 54 20 först
431 803 144 21 instundande
591 804 50 20 åren
658 802 89 21 utföras.

213 831 139 21 Beträffande
369 834 66 18 sättet
451 832 32 20 för
499 832 150 21 anskaffandet
665 832 22 20 af
701 831 68 21 medel
785 831 31 21 till
830 831 138 21 verkställan-

144 860 36 21 det
199 860 23 20 af
238 860 60 20 detta
317 860 204 28 byggnadsföretag,
542 860 83 21 hvilket
640 860 124 27 förslagsvis
781 860 114 20 beräknats
911 859 57 21 med-

144 889 46 20 föra
206 895 26 14 en
248 888 65 27 utgift
328 889 24 20 af
367 890 126 25 14,000,000
505 889 60 20 mark
576 888 32 21 för
619 888 144 27 anläggandet
774 889 22 20 af
805 895 26 13 en
843 888 126 27 bredspårig

145 917 61 26 bana,
230 917 65 27 vågar
315 917 39 28 jag
377 917 124 28 ödmjukast
524 917 73 25 förelå,
621 918 32 19 att
676 917 40 20 den
740 917 87 20 kaution
850 916 117 28 utgörande

146 945 110 27 1,000,000
272 945 68 27 mark,
356 952 46 14 som
418 946 24 20 af
455 945 294 22 koncessionsinnehafvarne
762 945 68 20 blifvit
841 945 84 20 nedsatt
937 945 30 20 till

144 974 100 20 säkerhet
260 973 33 21 för
308 973 118 28 företagets
442 974 120 25 utförande,
576 981 48 14 men
637 973 84 21 hvilken
733 974 6 20 i
751 973 166 21 ofvanförutsatt
925 973 42 27 fall,

144 1002 67 27 enligt
226 1002 82 21 hvilket
323 1003 157 20 koncessionen
496 1003 71 20 blefve
583 1002 122 25 förverkad,
721 1003 66 20 måtte
803 1002 31 20 till
849 1002 118 27 företagets

144 1030 120 21 bekostnad
282 1031 108 21 användas
407 1033 55 19 samt
478 1033 32 19 att
521 1031 32 21 till
564 1031 93 27 fyllande
670 1031 22 20 af
702 1031 35 20 det
748 1031 136 20 återstående
895 1031 72 20 behof-

143 1061 43 25 vet,
203 1059 65 20 sedan
285 1059 36 21 det
337 1059 23 21 af
372 1052 48 28 Åbo
437 1059 47 22 stad
500 1059 105 28 erbjudna
621 1059 75 28 bidrag
711 1059 23 21 af
745 1059 110 26 1,000,000
867 1059 60 21 mark
938 1059 29 20 af-

144 1087 87 28 dragits,
248 1089 32 19 ett
295 1087 108 21 inhemskt
416 1088 52 21 eller
478 1087 111 22 utländskt
600 1088 33 21 lån
646 1090 113 25 upptages,
770 1087 33 21 för
814 1087 81 22 hvilket
906 1089 62 19 ränta

145 1116 39 21 och
201 1116 132 27 amortering
348 1117 61 20 torde
425 1117 85 20 anvisas
526 1117 13 20 å
554 1116 157 27 odisponerade
727 1116 101 27 beloppet
843 1116 24 21 af
880 1117 36 20 det
931 1123 36 14 an-

144 1144 52 27 slag,
220 1146 54 19 stort
294 1145 111 26 1,800,000
424 1145 66 26 mark,
507 1145 116 21 ständerna
638 1145 34 20 vid
690 1145 110 20 1863—64
817 1145 34 20 års
866 1145 102 28 landtdag

143 1173 23 20 af
182 1173 190 20 bränvinsskatten
393 1174 87 27 beviljat
498 1173 33 21 för
550 1173 248 21 kommunikationernas
815 1173 152 27 befrämjande,

143 1201 40 21 och
200 1201 22 21 af
236 1201 81 21 hvilket
333 1201 74 28 anslag
422 1202 98 27 omkring
538 1202 111 26 1,100,000
665 1202 61 20 mark
741 1201 84 27 tillfölje
841 1201 22 21 af
871 1201 96 21 ständer-

143 1237 38 14 nas
197 1230 70 21 beslut
282 1229 34 22 vid
333 1230 55 21 1867
404 1231 34 20 ärs
454 1230 102 28 landtdag
572 1230 136 21 härförinnan
725 1230 64 27 tagits
805 1230 7 21 1
827 1230 93 27 anspräk
936 1230 32 21 till

144 1258 133 21 betäckande
293 1258 23 21 af
330 1259 122 20 annuiteter
467 1259 27 27 pä
510 1259 37 20 det
562 1259 41 25 län,
619 1265 46 14 som
679 1265 77 21 genom
772 1258 140 21 bankirhuset
926 1265 41 14 von

143 1286 106 28 Erlanger
265 1287 84 20 söhne's
366 1287 123 28 bemedling
504 1287 111 28 upptagits
626 1287 31 20 till
668 1287 113 28 byggande
792 1287 23 20 af
824 1287 142 21 Riihimäki—

143 1315 144 28 Petersburgs
301 1315 126 28 jernvägen.
452 1316 49 20 Men
517 1315 68 21 skulle
601 1315 144 28 nyssnämnde
761 1315 80 28 anslag,
858 1317 58 19 emot
927 1315 41 21 för-

143 1343 84 28 modan,
246 1344 20 27 ej
282 1343 96 22 befinnas
394 1344 124 27 tillräckligt
534 1344 31 21 till
581 1344 134 21 betäckande
731 1344 23 20 af
767 1345 62 20 ränta
844 1344 39 21 och
899 1351 69 14 amor-

143 1372 69 27 tering
228 1373 27 26 pä
270 1371 36 22 det
321 1372 123 28 föreslagna
460 1373 119 25 statslänet,
595 1372 61 21 torde
672 1372 70 21 dertill
757 1373 53 20 böra
821 1373 70 20 anslås
903 1373 66 20 andra

143 1400 32 21 för
191 1400 115 21 ständerna
322 1401 132 28 tillgängliga
470 1401 77 26 medel,
564 1401 62 20 bland
643 1401 73 20 hvilka
731 1401 142 21 statsverkets
888 1401 80 21 andel
956 1396 16 37 i

143 1429 151 27 behållningen
302 1429 24 20 af
332 1429 280 28 Riihimäki
466 1425 9 36 —
484 1429 123 28 Petersburg
621 1429 98 28 jernväg,
728 1429 86 21 hvilken
826 1436 63 21 synes
899 1429 68 28 egnad

142 1459 32 18 att
190 1457 109 21 användas
315 1457 31 21 till
363 1457 142 22 befordrande
521 1457 23 22 af
558 1457 163 22 stambanornas
737 1457 74 22 vidare
828 1458 141 27 utsräckning

142 1485 39 21 och
197 1485 139 27 fulländning.

212 1513 133 28 Ofvertygad
366 1521 34 13 om
419 1514 154 28 lämpligheten
589 1513 81 27 derom,
686 1515 32 19 att
733 1514 153 21 stambanorna
901 1514 6 20 i
923 1514 45 21 lan-
