1142 1786
205 109 42 20 472
516 110 39 15 Den
570 111 20 14 16
604 110 52 20 April

176 166 26 20 de
222 165 106 21 särskilda
344 165 120 27 punkterna
480 165 5 20 i
503 165 152 27 betänkandet,
671 173 63 14 anser
747 167 39 26 jag
801 167 43 26 mig
860 167 32 20 för
908 167 42 20 min
967 166 34 21 del

176 195 63 20 äfven
260 194 73 20 kunna
352 195 52 26 göra
420 193 125 27 detsamma,
562 194 30 21 till
609 194 35 21 det
660 195 102 20 afseende
779 195 73 20 dervid
869 195 42 20 kan
927 196 73 20 fästas.

176 223 64 20 Hvad
257 223 40 20 den
315 223 96 26 punkten
429 223 107 26 beträffar,
553 223 38 20 der
601 223 107 21 utskottet
720 223 115 28 föreslagit,
847 225 32 19 att
891 224 109 20 kautions-

176 259 82 14 summa
274 251 33 20 för
324 251 157 26 koncessioner,
498 251 124 21 meddelade
635 253 21 20 åt
674 253 125 20 kommuner
816 253 5 19 i
837 252 79 25 landet,
933 252 66 21 borde

176 281 44 19 helt
236 280 40 20 och
293 279 65 21 hållet
375 279 99 21 bortfalla
490 280 51 20 eller
556 280 30 20 till
602 287 26 13 en
645 281 32 19 del
694 281 117 26 nedsättas,
824 281 68 20 skulle
901 281 38 27 jag
948 288 51 13 anse

176 308 37 21 det
236 315 77 14 senare
337 308 144 26 alternativet,
504 308 52 21 eller
579 311 31 18 att
630 309 183 21 kautioussumma
829 309 38 21 bör
883 309 118 26 nedsättas,

176 344 52 14 vara
244 338 32 19 att
292 336 104 26 förordas,
413 336 88 21 emedan
518 339 31 19 att
565 337 44 20 helt
625 338 39 20 och
681 338 64 20 hållet
761 338 100 27 borttaga
877 338 59 27 dylik
947 338 52 20 kau-

177 366 149 25 tionssumma,
342 364 61 22 torde
420 372 52 14 vara
487 365 132 27 någorlunda
630 366 125 20 irrationelt.
780 366 32 21 En
825 366 69 28 punkt
905 366 96 20 önskade

173 394 39 28 jag
228 394 33 20 för
277 394 43 20 min
337 393 33 21 del
387 394 79 20 föreslå
480 394 69 20 såsom
565 394 80 28 tillägg,
657 395 107 27 nemligen
775 395 48 26 den,
835 394 114 21 huruledes
958 394 42 20 för-

176 422 82 21 verkad
275 422 185 21 kautionssumma
476 422 38 21 bör
530 423 115 21 användas.
670 423 43 21 Det
729 424 68 20 första
813 423 38 21 och
864 424 94 20 närmast
969 423 30 20 till

176 451 68 21 hands
268 451 100 27 liggande
391 450 120 22 ändamålet
530 451 61 21 torde
611 458 50 14 vara
682 452 249 20 kommunikationernas
946 458 53 20 upp-

176 480 115 27 lijelpande
308 480 5 20 i
330 479 82 27 landet;
426 480 39 27 jag
481 480 66 26 vågar
562 480 84 21 derföre
662 480 78 21 föreslå
756 488 26 13 en
799 480 66 21 sådan
883 480 67 27 punkt
967 482 31 18 ut-

176 508 60 21 öfver
260 508 26 20 de
304 508 41 20 här
363 510 116 26 upptagna.
510 508 114 21 Likaledes
641 509 67 20 finner
721 510 46 26 jag,
784 509 48 21 med
848 509 114 26 anledning
979 508 23 20 af

176 536 56 21 hvad
248 536 91 21 friherre
356 544 40 12 von
414 536 58 21 Born
488 539 73 25 yttrat,
575 537 80 27 jemväl
672 539 31 19 ett
719 538 125 27 ytterligare
856 540 100 22 moment,
966 538 33 19 rö-

175 566 66 20 rande
265 567 67 19 sättet
355 565 39 21 och
418 565 116 28 ordningen
555 566 33 20 för
607 566 150 21 meddelandet
777 567 22 20 af
812 567 53 20 reelt
882 566 94 27 hypotek
993 566 6 20 i

176 594 77 26 sjelfva
275 594 127 26 jernbanan,
427 594 52 20 böra
499 594 117 20 tillkomma
635 596 70 18 såsom
722 601 26 14 en
764 595 95 20 särdeles
876 595 67 27 vigtig
959 595 39 19 och

176 623 27 26 på
219 622 66 20 saken
304 622 108 20 verkande
431 622 164 27 omständighet.
627 623 48 20 Med
692 623 62 21 dessa
771 624 20 20 få
807 624 74 26 tillägg
903 623 95 20 anhåller

173 651 38 27 jag
234 653 32 18 att
289 651 32 20 för
344 651 42 20 min
408 650 32 21 del
460 651 20 20 få
495 651 5 20 i
516 651 37 20 allt
569 652 64 26 öfrigt
649 652 86 20 förorda
751 652 125 26 utskottets,
893 658 45 14 som
955 652 43 26 mig

176 686 71 21 synes,
265 679 145 27 välgrundade
428 680 140 20 betänkande.

247 707 101 21 Friherre
364 708 26 20 af
404 708 134 20 Schultén:
555 708 42 20 Vid
613 708 158 27 öfvervägande
788 709 23 20 af
825 709 26 20 de
867 708 76 26 vilkor,
952 715 45 13 som

176 736 108 20 allmänna
308 736 196 21 besvärsutskottet
526 739 70 18 ansett
615 737 136 28 nödvändiga
772 738 33 20 för
821 737 140 21 meddelande
978 737 23 19 af

176 765 128 21 koncession
320 765 33 20 för
366 765 204 27 jernvägsbyggnad
587 766 6 20 i
610 765 96 26 Finland,
723 773 65 20 synes
805 766 36 21 det
857 766 42 26 mig
915 772 44 14 som
972 772 26 13 en

176 794 68 27 vigtig
268 794 160 27 omständighet
446 794 90 27 undgått
555 794 117 21 utskottets
688 794 197 28 uppmärksamhet.
916 794 44 20 Det
976 795 23 19 är

176 822 111 27 naturligt,
312 824 31 18 att
363 823 12 19 å
395 830 40 13 ena
457 822 60 21 sidan
541 825 82 19 statens
641 823 38 21 och
699 824 36 20 det
754 824 117 20 allmännas
886 823 90 20 intresse
992 822 6 20 i

175 851 91 20 främsta
284 853 93 18 rummet
398 850 38 21 bör
451 851 83 21 diktera
550 851 62 21 dessa
629 852 68 20 vilkor
713 852 39 21 och
768 852 12 20 å
795 852 66 20 andra
877 852 67 25 sidan,
961 853 38 24 att,

176 880 26 20 då
219 879 156 20 koncessionen
392 880 56 19 afser
464 886 25 13 en
502 880 48 27 lång
561 880 110 28 tidsrymd,
685 880 159 27 bestämningar
854 880 33 20 för
899 887 25 12 en
934 880 63 19 fram-

176 908 38 27 tid,
230 915 34 13 om
282 907 62 21 äfven
361 908 102 27 aflägsen,
480 907 6 20 i
498 908 122 21 densamma
632 909 71 20 kunna
715 909 38 20 och
766 909 51 20 böra
828 909 57 20 finna
896 908 31 20 sin
936 908 63 27 plats.

177 938 40 20 Det
232 937 119 20 allmännas
367 937 91 20 intresse
475 938 29 25 är,
516 939 32 18 att
561 938 162 27 jernvägsnätet
737 937 74 20 vinner
823 938 78 19 största
913 936 87 28 möjliga

176 965 156 27 utsträckning,
349 965 19 20 d.
385 972 19 13 v.
421 973 15 12 s.
454 965 46 21 icke
518 965 52 21 blott
586 968 31 18 ett
635 965 118 21 hufvudnät
768 965 23 21 af
805 966 130 25 stambanor,
948 968 49 17 utan

176 994 63 21 äfven
264 994 130 20 detsammas
413 994 115 27 utgrening
546 994 6 20 i
568 994 95 21 bibanor.
695 994 164 26 Stambanorna,
875 994 71 21 hvilka
963 994 35 21 be-

175 1023 71 20 fordra
263 1022 141 21 samfärdseln
420 1023 76 20 mellan
514 1023 101 20 handelns
633 1023 38 21 och
688 1023 111 20 kulturens
815 1023 183 27 centralpunkter,

175 1052 70 20 lemna
269 1058 25 13 en
319 1052 69 19 större
411 1051 56 20 vinst
486 1052 25 19 än
533 1051 123 26 bibanorna,
674 1051 71 21 hvilka
761 1051 79 21 tillföra
856 1051 41 20 den
913 1058 85 21 gemen-

175 1087 81 14 samma
282 1079 187 21 hufvudstammen
494 1087 24 13 en
539 1080 55 21 ökad
613 1080 69 21 trafik.
714 1080 43 21 Det
772 1081 23 20 är
812 1080 84 21 derföre
912 1080 87 20 rättvist

175 1109 38 20 och
232 1108 138 27 nödvändigt,
387 1110 31 18 att
434 1109 163 20 stambanornas
613 1111 69 18 större
699 1109 123 27 afkastning
837 1109 6 20 i
855 1109 94 20 inkomst
968 1109 30 20 bi-

175 1137 78 28 drager
276 1137 31 20 till
330 1137 104 26 fyllandet
457 1137 23 20 af
497 1137 127 21 bibanornas
643 1137 59 27 lägre
718 1137 129 28 afkastning.
865 1149 26 3 —
908 1137 37 20 Om
963 1137 36 20 det

175 1167 32 19 för
224 1166 35 21 det
280 1165 134 21 närvarande
430 1166 23 19 är
468 1165 33 20 för
516 1167 47 19 värt
579 1166 48 20 land
644 1173 25 14 en
686 1168 45 19 stor
748 1166 61 24 vinst,
827 1168 32 18 att
875 1165 123 21 stambanor

175 1194 89 28 byggas,
282 1194 23 20 sä
321 1194 44 20 låta
381 1193 58 21 såväl
451 1193 25 21 de
489 1194 78 27 hastigt
579 1194 99 28 stegrade
691 1194 189 26 trafikinkomster,
893 1200 44 14 som
947 1194 51 20 våra

174 1223 77 21 endast
272 1223 48 20 kort
336 1222 31 21 tid
384 1222 137 21 existerande
534 1223 116 27 jernvägar
666 1222 64 21 redan
747 1222 109 27 framvisa,
873 1229 44 14 som
935 1222 62 21 äfven

174 1252 66 21 andra
256 1251 84 21 länders
361 1251 97 27 exempel
478 1251 96 21 förmoda
590 1259 25 13 en
632 1251 85 21 framtid
735 1252 37 20 hos
789 1258 40 18 oss,
847 1251 37 20 der
900 1258 25 13 en
939 1251 58 27 jern-

174 1281 104 27 vägslinie
302 1280 41 20 kan
362 1279 86 21 afkasta
464 1287 26 13 en
506 1280 82 27 ganska
604 1280 42 27 hög
662 1281 61 20 ränta
739 1281 27 25 pä
782 1280 48 21 dess
847 1280 149 26 anläggnings-

174 1309 88 26 kapital,
280 1308 38 21 och
335 1308 27 20 dä
378 1308 83 21 således
477 1315 25 14 en
515 1309 134 26 koncession,
661 1309 59 20 hvari
732 1308 47 21 icke
791 1310 36 19 äro
839 1308 84 20 införda
932 1309 65 25 nägra

175 1337 68 21 vilkor
260 1344 33 13 om
307 1337 175 27 jernvägsnätets
498 1337 149 27 utsträckning
663 1337 5 20 i
686 1337 88 20 bibanor
790 1337 57 20 inom
857 1338 35 19 det
904 1337 93 26 distrikt,

173 1366 65 20 hvars
254 1365 22 21 af
290 1368 91 17 naturen
397 1365 111 21 bestämda
524 1365 246 21 kommunikationslinie
787 1365 150 21 hufvudbanan
954 1365 42 20 kan

173 1401 63 14 anses
258 1401 58 19 vara,
332 1394 33 25 då,
382 1395 62 26 säger
460 1395 44 26 jag,
521 1394 82 21 således
619 1401 25 14 en
662 1394 126 21 koncession
805 1396 50 19 utan
873 1394 68 20 vilkor
958 1393 39 21 blir

173 1425 31 18 ett
221 1423 151 20 obetänksamt
392 1422 121 21 meddeladt
530 1423 105 26 monopol.
655 1435 24 3 —
696 1423 9 20 I
723 1423 158 26 öfvervägande
897 1422 23 21 af
934 1422 63 21 dessa

173 1451 191 27 omständigheter,
387 1451 69 20 skulle
478 1451 37 27 jag
534 1451 109 20 vördsamt
662 1451 30 20 till
712 1451 116 27 höglofliga
848 1451 149 26 ridderskapet

173 1480 38 20 och
228 1479 75 21 adelns
319 1479 147 27 bepröfvande
483 1480 50 27 vilja
548 1480 117 24 hemställa,
677 1480 106 20 huruvida
794 1480 47 20 icko
854 1479 30 21 till
892 1479 27 21 de
928 1479 67 27 punk-

172 1510 40 24 ter,
228 1515 46 14 som
290 1508 107 20 allmänna
413 1508 198 21 besvärsutskottet
626 1510 71 19 ansett
714 1507 79 28 nödiga
809 1508 32 20 för
858 1507 139 21 meddelande
