<?xml version="1.0" encoding="UTF-8"?>
<alto xmlns="http://www.loc.gov/standards/alto/ns-v3#" xmlns:xlink="http://www.w3.org/1999/xlink" xmlns:xsi="http://www.w3.org/2001/XMLSchema-instance" xsi:schemaLocation="http://www.loc.gov/standards/alto/ns-v3# http://www.loc.gov/alto/v3/alto-3-0.xsd">
	<Description>
		<MeasurementUnit>pixel</MeasurementUnit>
		<sourceImageInformation>
			<fileName>/tmp/tess_zypynw_5_input.PNG</fileName>
		</sourceImageInformation>
		<OCRProcessing ID="OCR_0">
			<ocrProcessingStep>
				<processingSoftware>
					<softwareName>tesseract 5.3.4</softwareName>
				</processingSoftware>
			</ocrProcessingStep>
		</OCRProcessing>
	</Description>
	<Layout>
		<Page WIDTH="1142" HEIGHT="1786" PHYSICAL_IMG_NR="0" ID="page_0">
			<PrintSpace HPOS="0" VPOS="0" WIDTH="1142" HEIGHT="1786">
				<ComposedBlock ID="cblock_0" HPOS="220" VPOS="109" WIDTH="453" HEIGHT="20">
					<TextBlock ID="block_0" HPOS="220" VPOS="109" WIDTH="453" HEIGHT="20">
						<TextLine ID="line_0" HPOS="220" VPOS="109" WIDTH="453" HEIGHT="20">
							<String ID="string_0" HPOS="220" VPOS="109" WIDTH="41" HEIGHT="20" WC="0.96" CONTENT="208"/><SP WIDTH="289" VPOS="109" HPOS="261"/>
							<String ID="string_1" HPOS="550" VPOS="109" WIDTH="37" HEIGHT="15" WC="0.96" CONTENT="Den"/><SP WIDTH="15" VPOS="109" HPOS="587"/>
							<String ID="string_2" HPOS="602" VPOS="109" WIDTH="9" HEIGHT="16" WC="0.96" CONTENT="7"/><SP WIDTH="15" VPOS="109" HPOS="611"/>
							<String ID="string_3" HPOS="626" VPOS="109" WIDTH="47" HEIGHT="15" WC="0.96" CONTENT="Mars"/>
						</TextLine>
					</TextBlock>
				</ComposedBlock>
				<ComposedBlock ID="cblock_1" HPOS="191" VPOS="165" WIDTH="827" HEIGHT="1136">
					<TextBlock ID="block_1" HPOS="192" VPOS="165" WIDTH="826" HEIGHT="57">
						<TextLine ID="line_1" HPOS="262" VPOS="165" WIDTH="756" HEIGHT="27">
							<String ID="string_4" HPOS="262" VPOS="166" WIDTH="22" HEIGHT="20" WC="0.96" CONTENT="af"/><SP WIDTH="14" VPOS="166" HPOS="284"/>
							<String ID="string_5" HPOS="298" VPOS="172" WIDTH="82" HEIGHT="14" WC="0.95" CONTENT="samma"/><SP WIDTH="16" VPOS="172" HPOS="380"/>
							<String ID="string_6" HPOS="396" VPOS="165" WIDTH="48" HEIGHT="27" WC="0.93" CONTENT="dag,"/><SP WIDTH="17" VPOS="165" HPOS="444"/>
							<String ID="string_7" HPOS="461" VPOS="165" WIDTH="135" HEIGHT="27" WC="0.92" CONTENT="delgifvande"/><SP WIDTH="17" VPOS="165" HPOS="596"/>
							<String ID="string_8" HPOS="613" VPOS="167" WIDTH="32" HEIGHT="18" WC="0.96" CONTENT="att"/><SP WIDTH="11" VPOS="167" HPOS="645"/>
							<String ID="string_9" HPOS="656" VPOS="165" WIDTH="86" HEIGHT="21" WC="0.96" CONTENT="ståndet"/><SP WIDTH="12" VPOS="165" HPOS="742"/>
							<String ID="string_10" HPOS="754" VPOS="165" WIDTH="30" HEIGHT="21" WC="0.93" CONTENT="till"/><SP WIDTH="13" VPOS="165" HPOS="784"/>
							<String ID="string_11" HPOS="797" VPOS="166" WIDTH="221" HEIGHT="21" WC="0.91" CONTENT="ekonomieutskottet"/>
						</TextLine>
						<TextLine ID="line_2" HPOS="192" VPOS="193" WIDTH="797" HEIGHT="29">
							<String ID="string_12" HPOS="192" VPOS="195" WIDTH="121" HEIGHT="20" WC="0.92" CONTENT="remitterat"/><SP WIDTH="17" VPOS="195" HPOS="313"/>
							<String ID="string_13" HPOS="330" VPOS="194" WIDTH="48" HEIGHT="20" WC="0.93" CONTENT="herr"/><SP WIDTH="17" VPOS="194" HPOS="378"/>
							<String ID="string_14" HPOS="395" VPOS="193" WIDTH="121" HEIGHT="28" WC="0.91" CONTENT="Nylanders"/><SP WIDTH="16" VPOS="193" HPOS="516"/>
							<String ID="string_15" HPOS="532" VPOS="194" WIDTH="90" HEIGHT="27" WC="0.96" CONTENT="petition"/><SP WIDTH="17" VPOS="194" HPOS="622"/>
							<String ID="string_16" HPOS="639" VPOS="201" WIDTH="33" HEIGHT="13" WC="0.93" CONTENT="om"/><SP WIDTH="18" VPOS="201" HPOS="672"/>
							<String ID="string_17" HPOS="690" VPOS="194" WIDTH="177" HEIGHT="28" WC="0.91" CONTENT="kronoskogarne"/><SP WIDTH="17" VPOS="194" HPOS="867"/>
							<String ID="string_18" HPOS="884" VPOS="195" WIDTH="5" HEIGHT="20" WC="0.96" CONTENT="i"/><SP WIDTH="17" VPOS="195" HPOS="889"/>
							<String ID="string_19" HPOS="906" VPOS="195" WIDTH="83" HEIGHT="26" WC="0.96" CONTENT="landet;"/>
						</TextLine>
					</TextBlock>
					<TextBlock ID="block_2" HPOS="261" VPOS="222" WIDTH="242" HEIGHT="21">
						<TextLine ID="line_3" HPOS="261" VPOS="222" WIDTH="242" HEIGHT="21">
							<String ID="string_20" HPOS="261" VPOS="223" WIDTH="58" HEIGHT="20" WC="0.96" CONTENT="Ifrån"/><SP WIDTH="17" VPOS="223" HPOS="319"/>
							<String ID="string_21" HPOS="336" VPOS="222" WIDTH="167" HEIGHT="21" WC="0.96" CONTENT="bondeståndet:"/>
						</TextLine>
					</TextBlock>
					<TextBlock ID="block_3" HPOS="192" VPOS="251" WIDTH="825" HEIGHT="85">
						<TextLine ID="line_4" HPOS="261" VPOS="251" WIDTH="756" HEIGHT="26">
							<String ID="string_22" HPOS="261" VPOS="251" WIDTH="23" HEIGHT="20" WC="0.96" CONTENT="af"/><SP WIDTH="21" VPOS="251" HPOS="284"/>
							<String ID="string_23" HPOS="305" VPOS="251" WIDTH="40" HEIGHT="20" WC="0.95" CONTENT="den"/><SP WIDTH="26" VPOS="251" HPOS="345"/>
							<String ID="string_24" HPOS="371" VPOS="252" WIDTH="25" HEIGHT="19" WC="0.91" CONTENT="19"/><SP WIDTH="24" VPOS="252" HPOS="396"/>
							<String ID="string_25" HPOS="420" VPOS="251" WIDTH="96" HEIGHT="20" WC="0.90" CONTENT="sistlidne"/><SP WIDTH="24" VPOS="251" HPOS="516"/>
							<String ID="string_26" HPOS="540" VPOS="251" WIDTH="111" HEIGHT="26" WC="0.96" CONTENT="Februari,"/><SP WIDTH="22" VPOS="251" HPOS="651"/>
							<String ID="string_27" HPOS="673" VPOS="251" WIDTH="141" HEIGHT="22" WC="0.96" CONTENT="meddelande"/><SP WIDTH="19" VPOS="251" HPOS="814"/>
							<String ID="string_28" HPOS="833" VPOS="255" WIDTH="32" HEIGHT="18" WC="0.96" CONTENT="att"/><SP WIDTH="20" VPOS="255" HPOS="865"/>
							<String ID="string_29" HPOS="885" VPOS="252" WIDTH="86" HEIGHT="21" WC="0.96" CONTENT="ståndet"/><SP WIDTH="16" VPOS="252" HPOS="971"/>
							<String ID="string_30" HPOS="987" VPOS="253" WIDTH="30" HEIGHT="20" WC="0.96" CONTENT="till"/>
						</TextLine>
						<TextLine ID="line_5" HPOS="192" VPOS="280" WIDTH="825" HEIGHT="28">
							<String ID="string_31" HPOS="192" VPOS="280" WIDTH="105" HEIGHT="20" WC="0.93" CONTENT="allmänna"/><SP WIDTH="19" VPOS="280" HPOS="297"/>
							<String ID="string_32" HPOS="316" VPOS="280" WIDTH="196" HEIGHT="20" WC="0.92" CONTENT="besvärsutskottet"/><SP WIDTH="13" VPOS="280" HPOS="512"/>
							<String ID="string_33" HPOS="525" VPOS="280" WIDTH="120" HEIGHT="20" WC="0.91" CONTENT="remitterat"/><SP WIDTH="11" VPOS="280" HPOS="645"/>
							<String ID="string_34" HPOS="656" VPOS="280" WIDTH="107" HEIGHT="20" WC="0.93" CONTENT="särskilda"/><SP WIDTH="12" VPOS="280" HPOS="763"/>
							<String ID="string_35" HPOS="775" VPOS="281" WIDTH="120" HEIGHT="26" WC="0.92" CONTENT="petitioner,"/><SP WIDTH="13" VPOS="281" HPOS="895"/>
							<String ID="string_36" HPOS="908" VPOS="281" WIDTH="109" HEIGHT="27" WC="0.96" CONTENT="angående"/>
						</TextLine>
						<TextLine ID="line_6" HPOS="192" VPOS="308" WIDTH="134" HEIGHT="28">
							<String ID="string_37" HPOS="192" VPOS="308" WIDTH="134" HEIGHT="28" WC="0.84" CONTENT="skolfrågan;"/>
						</TextLine>
					</TextBlock>
					<TextBlock ID="block_4" HPOS="192" VPOS="336" WIDTH="825" HEIGHT="112">
						<TextLine ID="line_7" HPOS="261" VPOS="336" WIDTH="756" HEIGHT="28">
							<String ID="string_38" HPOS="261" VPOS="337" WIDTH="23" HEIGHT="21" WC="0.96" CONTENT="af"/><SP WIDTH="14" VPOS="337" HPOS="284"/>
							<String ID="string_39" HPOS="298" VPOS="337" WIDTH="41" HEIGHT="21" WC="0.96" CONTENT="den"/><SP WIDTH="17" VPOS="337" HPOS="339"/>
							<String ID="string_40" HPOS="356" VPOS="337" WIDTH="26" HEIGHT="20" WC="0.96" CONTENT="27"/><SP WIDTH="17" VPOS="337" HPOS="382"/>
							<String ID="string_41" HPOS="399" VPOS="336" WIDTH="4" HEIGHT="20" WC="0.96" CONTENT="i"/><SP WIDTH="18" VPOS="336" HPOS="403"/>
							<String ID="string_42" HPOS="421" VPOS="343" WIDTH="81" HEIGHT="13" WC="0.96" CONTENT="samma"/><SP WIDTH="16" VPOS="343" HPOS="502"/>
							<String ID="string_43" HPOS="518" VPOS="336" WIDTH="83" HEIGHT="27" WC="0.93" CONTENT="månad,"/><SP WIDTH="18" VPOS="336" HPOS="601"/>
							<String ID="string_44" HPOS="619" VPOS="336" WIDTH="207" HEIGHT="28" WC="0.92" CONTENT="tillkännagifvande"/><SP WIDTH="16" VPOS="336" HPOS="826"/>
							<String ID="string_45" HPOS="842" VPOS="340" WIDTH="31" HEIGHT="19" WC="0.96" CONTENT="att"/><SP WIDTH="16" VPOS="340" HPOS="873"/>
							<String ID="string_46" HPOS="889" VPOS="338" WIDTH="86" HEIGHT="20" WC="0.96" CONTENT="ståndet"/><SP WIDTH="12" VPOS="338" HPOS="975"/>
							<String ID="string_47" HPOS="987" VPOS="338" WIDTH="30" HEIGHT="20" WC="0.96" CONTENT="till"/>
						</TextLine>
						<TextLine ID="line_8" HPOS="192" VPOS="364" WIDTH="825" HEIGHT="30">
							<String ID="string_48" HPOS="192" VPOS="364" WIDTH="222" HEIGHT="22" WC="0.90" CONTENT="ekonomieutskottet"/><SP WIDTH="17" VPOS="364" HPOS="414"/>
							<String ID="string_49" HPOS="431" VPOS="365" WIDTH="119" HEIGHT="21" WC="0.91" CONTENT="remitterat"/><SP WIDTH="17" VPOS="365" HPOS="550"/>
							<String ID="string_50" HPOS="567" VPOS="364" WIDTH="27" HEIGHT="21" WC="0.92" CONTENT="H."/><SP WIDTH="17" VPOS="364" HPOS="594"/>
							<String ID="string_51" HPOS="611" VPOS="364" WIDTH="26" HEIGHT="22" WC="0.90" CONTENT="K."/><SP WIDTH="18" VPOS="364" HPOS="637"/>
							<String ID="string_52" HPOS="655" VPOS="365" WIDTH="72" HEIGHT="27" WC="0.96" CONTENT="Maj:ts"/><SP WIDTH="18" VPOS="365" HPOS="727"/>
							<String ID="string_53" HPOS="745" VPOS="366" WIDTH="78" HEIGHT="28" WC="0.96" CONTENT="nådiga"/><SP WIDTH="17" VPOS="366" HPOS="823"/>
							<String ID="string_54" HPOS="840" VPOS="367" WIDTH="131" HEIGHT="27" WC="0.96" CONTENT="proposition"/><SP WIDTH="13" VPOS="367" HPOS="971"/>
							<String ID="string_55" HPOS="984" VPOS="373" WIDTH="33" HEIGHT="13" WC="0.96" CONTENT="om"/>
						</TextLine>
						<TextLine ID="line_9" HPOS="192" VPOS="394" WIDTH="825" HEIGHT="28">
							<String ID="string_56" HPOS="192" VPOS="394" WIDTH="252" HEIGHT="28" WC="0.90" CONTENT="inqvarteringstungans"/><SP WIDTH="18" VPOS="394" HPOS="444"/>
							<String ID="string_57" HPOS="462" VPOS="394" WIDTH="163" HEIGHT="21" WC="0.96" CONTENT="underlättande"/><SP WIDTH="17" VPOS="394" HPOS="625"/>
							<String ID="string_58" HPOS="642" VPOS="394" WIDTH="33" HEIGHT="20" WC="0.96" CONTENT="för"/><SP WIDTH="15" VPOS="394" HPOS="675"/>
							<String ID="string_59" HPOS="690" VPOS="395" WIDTH="26" HEIGHT="19" WC="0.96" CONTENT="de"/><SP WIDTH="12" VPOS="395" HPOS="716"/>
							<String ID="string_60" HPOS="728" VPOS="394" WIDTH="64" HEIGHT="21" WC="0.95" CONTENT="deraf"/><SP WIDTH="9" VPOS="394" HPOS="792"/>
							<String ID="string_61" HPOS="801" VPOS="396" WIDTH="83" HEIGHT="20" WC="0.93" CONTENT="svårast"/><SP WIDTH="12" VPOS="396" HPOS="884"/>
							<String ID="string_62" HPOS="896" VPOS="395" WIDTH="121" HEIGHT="26" WC="0.92" CONTENT="betungade"/>
						</TextLine>
						<TextLine ID="line_10" HPOS="193" VPOS="422" WIDTH="249" HEIGHT="26">
							<String ID="string_63" HPOS="193" VPOS="423" WIDTH="127" HEIGHT="21" WC="0.94" CONTENT="kommuner"/><SP WIDTH="16" VPOS="423" HPOS="320"/>
							<String ID="string_64" HPOS="336" VPOS="423" WIDTH="5" HEIGHT="20" WC="0.96" CONTENT="i"/><SP WIDTH="17" VPOS="423" HPOS="341"/>
							<String ID="string_65" HPOS="358" VPOS="422" WIDTH="84" HEIGHT="26" WC="0.96" CONTENT="landet;"/>
						</TextLine>
					</TextBlock>
					<TextBlock ID="block_5" HPOS="192" VPOS="451" WIDTH="825" HEIGHT="85">
						<TextLine ID="line_11" HPOS="261" VPOS="451" WIDTH="756" HEIGHT="27">
							<String ID="string_66" HPOS="261" VPOS="452" WIDTH="24" HEIGHT="20" WC="0.96" CONTENT="af"/><SP WIDTH="21" VPOS="452" HPOS="285"/>
							<String ID="string_67" HPOS="306" VPOS="458" WIDTH="82" HEIGHT="14" WC="0.95" CONTENT="samma"/><SP WIDTH="18" VPOS="458" HPOS="388"/>
							<String ID="string_68" HPOS="406" VPOS="451" WIDTH="48" HEIGHT="27" WC="0.93" CONTENT="dag,"/><SP WIDTH="20" VPOS="451" HPOS="454"/>
							<String ID="string_69" HPOS="474" VPOS="451" WIDTH="167" HEIGHT="21" WC="0.92" CONTENT="underrättande"/><SP WIDTH="16" VPOS="451" HPOS="641"/>
							<String ID="string_70" HPOS="657" VPOS="453" WIDTH="32" HEIGHT="19" WC="0.96" CONTENT="att"/><SP WIDTH="15" VPOS="453" HPOS="689"/>
							<String ID="string_71" HPOS="704" VPOS="452" WIDTH="87" HEIGHT="20" WC="0.96" CONTENT="ståndet"/><SP WIDTH="18" VPOS="452" HPOS="791"/>
							<String ID="string_72" HPOS="809" VPOS="452" WIDTH="28" HEIGHT="20" WC="0.96" CONTENT="till"/><SP WIDTH="18" VPOS="452" HPOS="837"/>
							<String ID="string_73" HPOS="855" VPOS="452" WIDTH="162" HEIGHT="20" WC="0.96" CONTENT="statsutskottet"/>
						</TextLine>
						<TextLine ID="line_12" HPOS="192" VPOS="480" WIDTH="825" HEIGHT="27">
							<String ID="string_74" HPOS="192" VPOS="480" WIDTH="121" HEIGHT="21" WC="0.91" CONTENT="remitterat"/><SP WIDTH="16" VPOS="480" HPOS="313"/>
							<String ID="string_75" HPOS="329" VPOS="480" WIDTH="77" HEIGHT="27" WC="0.96" CONTENT="nådiga"/><SP WIDTH="17" VPOS="480" HPOS="406"/>
							<String ID="string_76" HPOS="423" VPOS="480" WIDTH="168" HEIGHT="26" WC="0.96" CONTENT="propositionen,"/><SP WIDTH="17" VPOS="480" HPOS="591"/>
							<String ID="string_77" HPOS="608" VPOS="480" WIDTH="111" HEIGHT="26" WC="0.93" CONTENT="angående"/><SP WIDTH="17" VPOS="480" HPOS="719"/>
							<String ID="string_78" HPOS="736" VPOS="481" WIDTH="117" HEIGHT="20" WC="0.92" CONTENT="anvisande"/><SP WIDTH="16" VPOS="481" HPOS="853"/>
							<String ID="string_79" HPOS="869" VPOS="480" WIDTH="24" HEIGHT="21" WC="0.96" CONTENT="af"/><SP WIDTH="12" VPOS="480" HPOS="893"/>
							<String ID="string_80" HPOS="905" VPOS="480" WIDTH="69" HEIGHT="21" WC="0.96" CONTENT="medel"/><SP WIDTH="12" VPOS="480" HPOS="974"/>
							<String ID="string_81" HPOS="986" VPOS="480" WIDTH="31" HEIGHT="20" WC="0.96" CONTENT="till"/>
						</TextLine>
						<TextLine ID="line_13" HPOS="192" VPOS="508" WIDTH="274" HEIGHT="28">
							<String ID="string_82" HPOS="192" VPOS="508" WIDTH="274" HEIGHT="28" WC="0.91" CONTENT="landtdagskostnaderna;"/>
						</TextLine>
					</TextBlock>
					<TextBlock ID="block_6" HPOS="193" VPOS="536" WIDTH="823" HEIGHT="84">
						<TextLine ID="line_14" HPOS="262" VPOS="536" WIDTH="754" HEIGHT="28">
							<String ID="string_83" HPOS="262" VPOS="538" WIDTH="22" HEIGHT="20" WC="0.96" CONTENT="af"/><SP WIDTH="22" VPOS="538" HPOS="284"/>
							<String ID="string_84" HPOS="306" VPOS="544" WIDTH="82" HEIGHT="14" WC="0.95" CONTENT="samma"/><SP WIDTH="23" VPOS="544" HPOS="388"/>
							<String ID="string_85" HPOS="411" VPOS="536" WIDTH="49" HEIGHT="27" WC="0.93" CONTENT="dag,"/><SP WIDTH="21" VPOS="536" HPOS="460"/>
							<String ID="string_86" HPOS="481" VPOS="536" WIDTH="134" HEIGHT="28" WC="0.91" CONTENT="delgifvande"/><SP WIDTH="21" VPOS="536" HPOS="615"/>
							<String ID="string_87" HPOS="636" VPOS="538" WIDTH="31" HEIGHT="19" WC="0.96" CONTENT="att"/><SP WIDTH="20" VPOS="538" HPOS="667"/>
							<String ID="string_88" HPOS="687" VPOS="538" WIDTH="86" HEIGHT="20" WC="0.96" CONTENT="ståndet"/><SP WIDTH="18" VPOS="538" HPOS="773"/>
							<String ID="string_89" HPOS="791" VPOS="538" WIDTH="28" HEIGHT="20" WC="0.96" CONTENT="till"/><SP WIDTH="17" VPOS="538" HPOS="819"/>
							<String ID="string_90" HPOS="836" VPOS="545" WIDTH="82" HEIGHT="13" WC="0.96" CONTENT="samma"/><SP WIDTH="16" VPOS="545" HPOS="918"/>
							<String ID="string_91" HPOS="934" VPOS="538" WIDTH="82" HEIGHT="20" WC="0.96" CONTENT="utskott"/>
						</TextLine>
						<TextLine ID="line_15" HPOS="193" VPOS="565" WIDTH="822" HEIGHT="29">
							<String ID="string_92" HPOS="193" VPOS="567" WIDTH="120" HEIGHT="20" WC="0.92" CONTENT="remitterat"/><SP WIDTH="17" VPOS="567" HPOS="313"/>
							<String ID="string_93" HPOS="330" VPOS="565" WIDTH="77" HEIGHT="28" WC="0.96" CONTENT="nådiga"/><SP WIDTH="16" VPOS="565" HPOS="407"/>
							<String ID="string_94" HPOS="423" VPOS="565" WIDTH="168" HEIGHT="28" WC="0.96" CONTENT="propositionen,"/><SP WIDTH="17" VPOS="565" HPOS="591"/>
							<String ID="string_95" HPOS="608" VPOS="565" WIDTH="111" HEIGHT="28" WC="0.90" CONTENT="angående"/><SP WIDTH="18" VPOS="565" HPOS="719"/>
							<String ID="string_96" HPOS="737" VPOS="566" WIDTH="115" HEIGHT="28" WC="0.90" CONTENT="bevillning"/><SP WIDTH="16" VPOS="566" HPOS="852"/>
							<String ID="string_97" HPOS="868" VPOS="567" WIDTH="30" HEIGHT="20" WC="0.93" CONTENT="till"/><SP WIDTH="12" VPOS="567" HPOS="898"/>
							<String ID="string_98" HPOS="910" VPOS="566" WIDTH="105" HEIGHT="28" WC="0.92" CONTENT="fängelse-"/>
						</TextLine>
						<TextLine ID="line_16" HPOS="193" VPOS="594" WIDTH="253" HEIGHT="26">
							<String ID="string_99" HPOS="193" VPOS="595" WIDTH="115" HEIGHT="20" WC="0.90" CONTENT="väsendets"/><SP WIDTH="17" VPOS="595" HPOS="308"/>
							<String ID="string_100" HPOS="325" VPOS="594" WIDTH="121" HEIGHT="26" WC="0.96" CONTENT="ordnande;"/>
						</TextLine>
					</TextBlock>
					<TextBlock ID="block_7" HPOS="192" VPOS="622" WIDTH="824" HEIGHT="114">
						<TextLine ID="line_17" HPOS="262" VPOS="622" WIDTH="753" HEIGHT="28">
							<String ID="string_101" HPOS="262" VPOS="623" WIDTH="23" HEIGHT="21" WC="0.96" CONTENT="af"/><SP WIDTH="14" VPOS="623" HPOS="285"/>
							<String ID="string_102" HPOS="299" VPOS="630" WIDTH="81" HEIGHT="14" WC="0.96" CONTENT="samma"/><SP WIDTH="16" VPOS="630" HPOS="380"/>
							<String ID="string_103" HPOS="396" VPOS="622" WIDTH="48" HEIGHT="27" WC="0.96" CONTENT="dag,"/><SP WIDTH="17" VPOS="622" HPOS="444"/>
							<String ID="string_104" HPOS="461" VPOS="622" WIDTH="148" HEIGHT="21" WC="0.93" CONTENT="innehållande"/><SP WIDTH="17" VPOS="622" HPOS="609"/>
							<String ID="string_105" HPOS="626" VPOS="622" WIDTH="207" HEIGHT="28" WC="0.91" CONTENT="tillkännagifvande"/><SP WIDTH="12" VPOS="622" HPOS="833"/>
							<String ID="string_106" HPOS="845" VPOS="626" WIDTH="31" HEIGHT="18" WC="0.93" CONTENT="att"/><SP WIDTH="13" VPOS="626" HPOS="876"/>
							<String ID="string_107" HPOS="889" VPOS="623" WIDTH="126" HEIGHT="21" WC="0.90" CONTENT="bondestån-"/>
						</TextLine>
						<TextLine ID="line_18" HPOS="192" VPOS="651" WIDTH="823" HEIGHT="21">
							<String ID="string_108" HPOS="192" VPOS="652" WIDTH="37" HEIGHT="20" WC="0.96" CONTENT="det"/><SP WIDTH="17" VPOS="652" HPOS="229"/>
							<String ID="string_109" HPOS="246" VPOS="652" WIDTH="31" HEIGHT="20" WC="0.95" CONTENT="till"/><SP WIDTH="19" VPOS="652" HPOS="277"/>
							<String ID="string_110" HPOS="296" VPOS="653" WIDTH="154" HEIGHT="19" WC="0.93" CONTENT="sammansatta"/><SP WIDTH="18" VPOS="653" HPOS="450"/>
							<String ID="string_111" HPOS="468" VPOS="653" WIDTH="64" HEIGHT="19" WC="0.92" CONTENT="stats-"/><SP WIDTH="16" VPOS="653" HPOS="532"/>
							<String ID="string_112" HPOS="548" VPOS="651" WIDTH="39" HEIGHT="21" WC="0.93" CONTENT="och"/><SP WIDTH="16" VPOS="651" HPOS="587"/>
							<String ID="string_113" HPOS="603" VPOS="651" WIDTH="224" HEIGHT="21" WC="0.92" CONTENT="ekonomieutskottet"/><SP WIDTH="17" VPOS="651" HPOS="827"/>
							<String ID="string_114" HPOS="844" VPOS="653" WIDTH="119" HEIGHT="19" WC="0.93" CONTENT="remitterat"/><SP WIDTH="17" VPOS="653" HPOS="963"/>
							<String ID="string_115" HPOS="980" VPOS="653" WIDTH="35" HEIGHT="19" WC="0.93" CONTENT="nä-"/>
						</TextLine>
						<TextLine ID="line_19" HPOS="192" VPOS="679" WIDTH="824" HEIGHT="29">
							<String ID="string_116" HPOS="192" VPOS="680" WIDTH="50" HEIGHT="26" WC="0.92" CONTENT="diga"/><SP WIDTH="17" VPOS="680" HPOS="242"/>
							<String ID="string_117" HPOS="259" VPOS="680" WIDTH="168" HEIGHT="27" WC="0.96" CONTENT="propositionen,"/><SP WIDTH="17" VPOS="680" HPOS="427"/>
							<String ID="string_118" HPOS="444" VPOS="680" WIDTH="111" HEIGHT="27" WC="0.96" CONTENT="angående"/><SP WIDTH="16" VPOS="680" HPOS="555"/>
							<String ID="string_119" HPOS="571" VPOS="679" WIDTH="74" HEIGHT="28" WC="0.95" CONTENT="anslag"/><SP WIDTH="16" VPOS="679" HPOS="645"/>
							<String ID="string_120" HPOS="661" VPOS="680" WIDTH="33" HEIGHT="20" WC="0.96" CONTENT="för"/><SP WIDTH="16" VPOS="680" HPOS="694"/>
							<String ID="string_121" HPOS="710" VPOS="680" WIDTH="123" HEIGHT="21" WC="0.96" CONTENT="inrättande"/><SP WIDTH="16" VPOS="680" HPOS="833"/>
							<String ID="string_122" HPOS="849" VPOS="680" WIDTH="23" HEIGHT="20" WC="0.96" CONTENT="af"/><SP WIDTH="13" VPOS="680" HPOS="872"/>
							<String ID="string_123" HPOS="885" VPOS="688" WIDTH="25" HEIGHT="13" WC="0.96" CONTENT="en"/><SP WIDTH="18" VPOS="688" HPOS="910"/>
							<String ID="string_124" HPOS="928" VPOS="687" WIDTH="28" HEIGHT="21" WC="0.93" CONTENT="ny"/><SP WIDTH="12" VPOS="687" HPOS="956"/>
							<String ID="string_125" HPOS="968" VPOS="680" WIDTH="48" HEIGHT="21" WC="0.91" CONTENT="kur-"/>
						</TextLine>
						<TextLine ID="line_20" HPOS="192" VPOS="708" WIDTH="400" HEIGHT="28">
							<String ID="string_126" HPOS="192" VPOS="709" WIDTH="80" HEIGHT="21" WC="0.96" CONTENT="anstalt"/><SP WIDTH="16" VPOS="709" HPOS="272"/>
							<String ID="string_127" HPOS="288" VPOS="709" WIDTH="32" HEIGHT="20" WC="0.96" CONTENT="för"/><SP WIDTH="16" VPOS="709" HPOS="320"/>
							<String ID="string_128" HPOS="336" VPOS="708" WIDTH="138" HEIGHT="28" WC="0.96" CONTENT="sinnessjuka"/><SP WIDTH="15" VPOS="708" HPOS="474"/>
							<String ID="string_129" HPOS="489" VPOS="708" WIDTH="5" HEIGHT="20" WC="0.96" CONTENT="i"/><SP WIDTH="17" VPOS="708" HPOS="494"/>
							<String ID="string_130" HPOS="511" VPOS="708" WIDTH="81" HEIGHT="26" WC="0.96" CONTENT="landet;"/>
						</TextLine>
					</TextBlock>
					<TextBlock ID="block_8" HPOS="192" VPOS="736" WIDTH="823" HEIGHT="86">
						<TextLine ID="line_21" HPOS="262" VPOS="736" WIDTH="753" HEIGHT="26">
							<String ID="string_131" HPOS="262" VPOS="737" WIDTH="23" HEIGHT="21" WC="0.96" CONTENT="af"/><SP WIDTH="21" VPOS="737" HPOS="285"/>
							<String ID="string_132" HPOS="306" VPOS="737" WIDTH="40" HEIGHT="21" WC="0.96" CONTENT="den"/><SP WIDTH="26" VPOS="737" HPOS="346"/>
							<String ID="string_133" HPOS="372" VPOS="738" WIDTH="7" HEIGHT="19" WC="0.96" CONTENT="1"/><SP WIDTH="24" VPOS="738" HPOS="379"/>
							<String ID="string_134" HPOS="403" VPOS="737" WIDTH="5" HEIGHT="20" WC="0.96" CONTENT="i"/><SP WIDTH="19" VPOS="737" HPOS="408"/>
							<String ID="string_135" HPOS="427" VPOS="736" WIDTH="145" HEIGHT="21" WC="0.96" CONTENT="innevarande"/><SP WIDTH="20" VPOS="736" HPOS="572"/>
							<String ID="string_136" HPOS="592" VPOS="737" WIDTH="83" HEIGHT="25" WC="0.90" CONTENT="månad,"/><SP WIDTH="18" VPOS="737" HPOS="675"/>
							<String ID="string_137" HPOS="693" VPOS="737" WIDTH="126" HEIGHT="21" WC="0.96" CONTENT="meddelade"/><SP WIDTH="16" VPOS="737" HPOS="819"/>
							<String ID="string_138" HPOS="835" VPOS="740" WIDTH="32" HEIGHT="18" WC="0.96" CONTENT="att"/><SP WIDTH="16" VPOS="740" HPOS="867"/>
							<String ID="string_139" HPOS="883" VPOS="737" WIDTH="85" HEIGHT="21" WC="0.96" CONTENT="ståndet"/><SP WIDTH="17" VPOS="737" HPOS="968"/>
							<String ID="string_140" HPOS="985" VPOS="738" WIDTH="30" HEIGHT="20" WC="0.96" CONTENT="till"/>
						</TextLine>
						<TextLine ID="line_22" HPOS="192" VPOS="765" WIDTH="823" HEIGHT="29">
							<String ID="string_141" HPOS="192" VPOS="766" WIDTH="105" HEIGHT="20" WC="0.93" CONTENT="allmänna"/><SP WIDTH="19" VPOS="766" HPOS="297"/>
							<String ID="string_142" HPOS="316" VPOS="765" WIDTH="196" HEIGHT="21" WC="0.92" CONTENT="besvärsutskottet"/><SP WIDTH="12" VPOS="765" HPOS="512"/>
							<String ID="string_143" HPOS="524" VPOS="766" WIDTH="118" HEIGHT="20" WC="0.92" CONTENT="remitterat"/><SP WIDTH="12" VPOS="766" HPOS="642"/>
							<String ID="string_144" HPOS="654" VPOS="766" WIDTH="106" HEIGHT="20" WC="0.93" CONTENT="särskilda"/><SP WIDTH="12" VPOS="766" HPOS="760"/>
							<String ID="string_145" HPOS="772" VPOS="767" WIDTH="121" HEIGHT="27" WC="0.92" CONTENT="petitioner,"/><SP WIDTH="12" VPOS="767" HPOS="893"/>
							<String ID="string_146" HPOS="905" VPOS="766" WIDTH="110" HEIGHT="27" WC="0.96" CONTENT="angående"/>
						</TextLine>
						<TextLine ID="line_23" HPOS="192" VPOS="794" WIDTH="627" HEIGHT="28">
							<String ID="string_147" HPOS="192" VPOS="794" WIDTH="174" HEIGHT="28" WC="0.91" CONTENT="reorganisering"/><SP WIDTH="16" VPOS="794" HPOS="366"/>
							<String ID="string_148" HPOS="382" VPOS="794" WIDTH="22" HEIGHT="20" WC="0.93" CONTENT="af"/><SP WIDTH="14" VPOS="794" HPOS="404"/>
							<String ID="string_149" HPOS="418" VPOS="794" WIDTH="160" HEIGHT="20" WC="0.91" CONTENT="landtmäteriet"/><SP WIDTH="16" VPOS="794" HPOS="578"/>
							<String ID="string_150" HPOS="594" VPOS="794" WIDTH="39" HEIGHT="20" WC="0.93" CONTENT="och"/><SP WIDTH="17" VPOS="794" HPOS="633"/>
							<String ID="string_151" HPOS="650" VPOS="794" WIDTH="169" HEIGHT="27" WC="0.91" CONTENT="forstväsendet;"/>
						</TextLine>
					</TextBlock>
					<TextBlock ID="block_9" HPOS="192" VPOS="822" WIDTH="823" HEIGHT="83">
						<TextLine ID="line_24" HPOS="262" VPOS="822" WIDTH="753" HEIGHT="28">
							<String ID="string_152" HPOS="262" VPOS="823" WIDTH="24" HEIGHT="21" WC="0.96" CONTENT="af"/><SP WIDTH="13" VPOS="823" HPOS="286"/>
							<String ID="string_153" HPOS="299" VPOS="830" WIDTH="81" HEIGHT="13" WC="0.96" CONTENT="samma"/><SP WIDTH="16" VPOS="830" HPOS="380"/>
							<String ID="string_154" HPOS="396" VPOS="823" WIDTH="48" HEIGHT="27" WC="0.93" CONTENT="dag,"/><SP WIDTH="18" VPOS="823" HPOS="444"/>
							<String ID="string_155" HPOS="462" VPOS="822" WIDTH="203" HEIGHT="28" WC="0.92" CONTENT="tillkännagifvande"/><SP WIDTH="17" VPOS="822" HPOS="665"/>
							<String ID="string_156" HPOS="682" VPOS="825" WIDTH="31" HEIGHT="18" WC="0.96" CONTENT="att"/><SP WIDTH="16" VPOS="825" HPOS="713"/>
							<String ID="string_157" HPOS="729" VPOS="824" WIDTH="86" HEIGHT="20" WC="0.96" CONTENT="ståndet"/><SP WIDTH="16" VPOS="824" HPOS="815"/>
							<String ID="string_158" HPOS="831" VPOS="823" WIDTH="29" HEIGHT="21" WC="0.92" CONTENT="till"/><SP WIDTH="18" VPOS="823" HPOS="860"/>
							<String ID="string_159" HPOS="878" VPOS="823" WIDTH="137" HEIGHT="27" WC="0.91" CONTENT="bevillnings-"/>
						</TextLine>
						<TextLine ID="line_25" HPOS="192" VPOS="851" WIDTH="822" HEIGHT="28">
							<String ID="string_160" HPOS="192" VPOS="852" WIDTH="107" HEIGHT="20" WC="0.91" CONTENT="utskottet"/><SP WIDTH="26" VPOS="852" HPOS="299"/>
							<String ID="string_161" HPOS="325" VPOS="852" WIDTH="121" HEIGHT="20" WC="0.91" CONTENT="remitterat"/><SP WIDTH="26" VPOS="852" HPOS="446"/>
							<String ID="string_162" HPOS="472" VPOS="851" WIDTH="78" HEIGHT="27" WC="0.92" CONTENT="nådiga"/><SP WIDTH="22" VPOS="851" HPOS="550"/>
							<String ID="string_163" HPOS="572" VPOS="851" WIDTH="169" HEIGHT="27" WC="0.95" CONTENT="propositionen,"/><SP WIDTH="24" VPOS="851" HPOS="741"/>
							<String ID="string_164" HPOS="765" VPOS="852" WIDTH="111" HEIGHT="27" WC="0.96" CONTENT="angående"/><SP WIDTH="23" VPOS="852" HPOS="876"/>
							<String ID="string_165" HPOS="899" VPOS="852" WIDTH="69" HEIGHT="20" WC="0.95" CONTENT="medel"/><SP WIDTH="17" VPOS="852" HPOS="968"/>
							<String ID="string_166" HPOS="985" VPOS="852" WIDTH="29" HEIGHT="20" WC="0.95" CONTENT="till"/>
						</TextLine>
						<TextLine ID="line_26" HPOS="192" VPOS="880" WIDTH="332" HEIGHT="25">
							<String ID="string_167" HPOS="192" VPOS="880" WIDTH="212" HEIGHT="21" WC="0.92" CONTENT="folkskoleväsendet"/><SP WIDTH="17" VPOS="880" HPOS="404"/>
							<String ID="string_168" HPOS="421" VPOS="880" WIDTH="3" HEIGHT="19" WC="0.95" CONTENT="i"/><SP WIDTH="18" VPOS="880" HPOS="424"/>
							<String ID="string_169" HPOS="442" VPOS="880" WIDTH="82" HEIGHT="25" WC="0.96" CONTENT="landet;"/>
						</TextLine>
					</TextBlock>
					<TextBlock ID="block_10" HPOS="192" VPOS="908" WIDTH="823" HEIGHT="113">
						<TextLine ID="line_27" HPOS="262" VPOS="908" WIDTH="753" HEIGHT="28">
							<String ID="string_170" HPOS="262" VPOS="909" WIDTH="23" HEIGHT="20" WC="0.96" CONTENT="af"/><SP WIDTH="21" VPOS="909" HPOS="285"/>
							<String ID="string_171" HPOS="306" VPOS="915" WIDTH="80" HEIGHT="14" WC="0.96" CONTENT="samma"/><SP WIDTH="24" VPOS="915" HPOS="386"/>
							<String ID="string_172" HPOS="410" VPOS="908" WIDTH="48" HEIGHT="27" WC="0.93" CONTENT="dag,"/><SP WIDTH="25" VPOS="908" HPOS="458"/>
							<String ID="string_173" HPOS="483" VPOS="908" WIDTH="165" HEIGHT="20" WC="0.91" CONTENT="underrättande"/><SP WIDTH="24" VPOS="908" HPOS="648"/>
							<String ID="string_174" HPOS="672" VPOS="910" WIDTH="31" HEIGHT="18" WC="0.96" CONTENT="att"/><SP WIDTH="20" VPOS="910" HPOS="703"/>
							<String ID="string_175" HPOS="723" VPOS="909" WIDTH="86" HEIGHT="20" WC="0.96" CONTENT="ståndet"/><SP WIDTH="16" VPOS="909" HPOS="809"/>
							<String ID="string_176" HPOS="825" VPOS="909" WIDTH="30" HEIGHT="20" WC="0.96" CONTENT="till"/><SP WIDTH="18" VPOS="909" HPOS="855"/>
							<String ID="string_177" HPOS="873" VPOS="909" WIDTH="142" HEIGHT="27" WC="0.96" CONTENT="lagutskottet"/>
						</TextLine>
						<TextLine ID="line_28" HPOS="193" VPOS="937" WIDTH="822" HEIGHT="27">
							<String ID="string_178" HPOS="193" VPOS="937" WIDTH="121" HEIGHT="20" WC="0.91" CONTENT="remitterat"/><SP WIDTH="23" VPOS="937" HPOS="314"/>
							<String ID="string_179" HPOS="337" VPOS="937" WIDTH="77" HEIGHT="27" WC="0.96" CONTENT="nådiga"/><SP WIDTH="24" VPOS="937" HPOS="414"/>
							<String ID="string_180" HPOS="438" VPOS="937" WIDTH="166" HEIGHT="26" WC="0.94" CONTENT="propositionen,"/><SP WIDTH="21" VPOS="937" HPOS="604"/>
							<String ID="string_181" HPOS="625" VPOS="937" WIDTH="111" HEIGHT="26" WC="0.93" CONTENT="angående"/><SP WIDTH="22" VPOS="937" HPOS="736"/>
							<String ID="string_182" HPOS="758" VPOS="937" WIDTH="150" HEIGHT="27" WC="0.90" CONTENT="upphäfvande"/><SP WIDTH="21" VPOS="937" HPOS="908"/>
							<String ID="string_183" HPOS="929" VPOS="937" WIDTH="22" HEIGHT="20" WC="0.96" CONTENT="af"/><SP WIDTH="16" VPOS="937" HPOS="951"/>
							<String ID="string_184" HPOS="967" VPOS="939" WIDTH="18" HEIGHT="22" WC="0.95" CONTENT="4,"/><SP WIDTH="18" VPOS="939" HPOS="985"/>
							<String ID="string_185" HPOS="1003" VPOS="939" WIDTH="12" HEIGHT="18" WC="0.95" CONTENT="5"/>
						</TextLine>
						<TextLine ID="line_29" HPOS="192" VPOS="965" WIDTH="823" HEIGHT="28">
							<String ID="string_186" HPOS="192" VPOS="966" WIDTH="38" HEIGHT="20" WC="0.96" CONTENT="och"/><SP WIDTH="25" VPOS="966" HPOS="230"/>
							<String ID="string_187" HPOS="255" VPOS="967" WIDTH="12" HEIGHT="19" WC="0.96" CONTENT="6"/><SP WIDTH="24" VPOS="967" HPOS="267"/>
							<String ID="string_188" HPOS="291" VPOS="966" WIDTH="25" HEIGHT="27" WC="0.87" CONTENT="88"/><SP WIDTH="23" VPOS="966" HPOS="316"/>
							<String ID="string_189" HPOS="339" VPOS="966" WIDTH="27" HEIGHT="20" WC="0.96" CONTENT="25"/><SP WIDTH="23" VPOS="966" HPOS="366"/>
							<String ID="string_190" HPOS="389" VPOS="967" WIDTH="49" HEIGHT="26" WC="0.93" CONTENT="kap."/><SP WIDTH="20" VPOS="967" HPOS="438"/>
							<String ID="string_191" HPOS="458" VPOS="965" WIDTH="25" HEIGHT="20" WC="0.92" CONTENT="B."/><SP WIDTH="21" VPOS="965" HPOS="483"/>
							<String ID="string_192" HPOS="504" VPOS="965" WIDTH="32" HEIGHT="26" WC="0.90" CONTENT="B.,"/><SP WIDTH="17" VPOS="965" HPOS="536"/>
							<String ID="string_193" HPOS="553" VPOS="968" WIDTH="54" HEIGHT="17" WC="0.96" CONTENT="samt"/><SP WIDTH="17" VPOS="968" HPOS="607"/>
							<String ID="string_194" HPOS="624" VPOS="965" WIDTH="107" HEIGHT="27" WC="0.96" CONTENT="åtskilliga"/><SP WIDTH="17" VPOS="965" HPOS="731"/>
							<String ID="string_195" HPOS="748" VPOS="965" WIDTH="67" HEIGHT="21" WC="0.96" CONTENT="andra"/><SP WIDTH="16" VPOS="965" HPOS="815"/>
							<String ID="string_196" HPOS="831" VPOS="966" WIDTH="132" HEIGHT="27" WC="0.96" CONTENT="stadganden"/><SP WIDTH="18" VPOS="966" HPOS="963"/>
							<String ID="string_197" HPOS="981" VPOS="973" WIDTH="34" HEIGHT="13" WC="0.96" CONTENT="om"/>
						</TextLine>
						<TextLine ID="line_30" HPOS="192" VPOS="993" WIDTH="345" HEIGHT="28">
							<String ID="string_198" HPOS="192" VPOS="993" WIDTH="345" HEIGHT="28" WC="0.92" CONTENT="socknebrandstodsföreningar;"/>
						</TextLine>
					</TextBlock>
					<TextBlock ID="block_11" HPOS="192" VPOS="1022" WIDTH="823" HEIGHT="85">
						<TextLine ID="line_31" HPOS="261" VPOS="1022" WIDTH="754" HEIGHT="27">
							<String ID="string_199" HPOS="261" VPOS="1023" WIDTH="23" HEIGHT="20" WC="0.96" CONTENT="af"/><SP WIDTH="14" VPOS="1023" HPOS="284"/>
							<String ID="string_200" HPOS="298" VPOS="1029" WIDTH="81" HEIGHT="14" WC="0.96" CONTENT="samma"/><SP WIDTH="16" VPOS="1029" HPOS="379"/>
							<String ID="string_201" HPOS="395" VPOS="1022" WIDTH="48" HEIGHT="27" WC="0.93" CONTENT="dag,"/><SP WIDTH="17" VPOS="1022" HPOS="443"/>
							<String ID="string_202" HPOS="460" VPOS="1022" WIDTH="135" HEIGHT="27" WC="0.91" CONTENT="delgifvande"/><SP WIDTH="16" VPOS="1022" HPOS="595"/>
							<String ID="string_203" HPOS="611" VPOS="1024" WIDTH="32" HEIGHT="18" WC="0.96" CONTENT="att"/><SP WIDTH="16" VPOS="1024" HPOS="643"/>
							<String ID="string_204" HPOS="659" VPOS="1022" WIDTH="86" HEIGHT="20" WC="0.96" CONTENT="ståndet"/><SP WIDTH="16" VPOS="1022" HPOS="745"/>
							<String ID="string_205" HPOS="761" VPOS="1022" WIDTH="31" HEIGHT="21" WC="0.96" CONTENT="till"/><SP WIDTH="17" VPOS="1022" HPOS="792"/>
							<String ID="string_206" HPOS="809" VPOS="1023" WIDTH="162" HEIGHT="20" WC="0.93" CONTENT="statsutskottet"/><SP WIDTH="11" VPOS="1023" HPOS="971"/>
							<String ID="string_207" HPOS="982" VPOS="1030" WIDTH="33" HEIGHT="13" WC="0.92" CONTENT="re-"/>
						</TextLine>
						<TextLine ID="line_32" HPOS="192" VPOS="1051" WIDTH="822" HEIGHT="28">
							<String ID="string_208" HPOS="192" VPOS="1051" WIDTH="96" HEIGHT="21" WC="0.92" CONTENT="mitterat"/><SP WIDTH="19" VPOS="1051" HPOS="288"/>
							<String ID="string_209" HPOS="307" VPOS="1051" WIDTH="78" HEIGHT="27" WC="0.96" CONTENT="nådiga"/><SP WIDTH="19" VPOS="1051" HPOS="385"/>
							<String ID="string_210" HPOS="404" VPOS="1051" WIDTH="160" HEIGHT="28" WC="0.96" CONTENT="propositionen"/><SP WIDTH="20" VPOS="1051" HPOS="564"/>
							<String ID="string_211" HPOS="584" VPOS="1057" WIDTH="33" HEIGHT="14" WC="0.93" CONTENT="om"/><SP WIDTH="18" VPOS="1057" HPOS="617"/>
							<String ID="string_212" HPOS="635" VPOS="1051" WIDTH="91" HEIGHT="20" WC="0.92" CONTENT="kreditiv"/><SP WIDTH="17" VPOS="1051" HPOS="726"/>
							<String ID="string_213" HPOS="743" VPOS="1051" WIDTH="32" HEIGHT="20" WC="0.92" CONTENT="till"/><SP WIDTH="17" VPOS="1051" HPOS="775"/>
							<String ID="string_214" HPOS="792" VPOS="1051" WIDTH="222" HEIGHT="28" WC="0.91" CONTENT="undsättningsåtgär-"/>
						</TextLine>
						<TextLine ID="line_33" HPOS="192" VPOS="1079" WIDTH="697" HEIGHT="28">
							<String ID="string_215" HPOS="192" VPOS="1080" WIDTH="38" HEIGHT="20" WC="0.96" CONTENT="der"/><SP WIDTH="16" VPOS="1080" HPOS="230"/>
							<String ID="string_216" HPOS="246" VPOS="1080" WIDTH="68" HEIGHT="20" WC="0.93" CONTENT="under"/><SP WIDTH="15" VPOS="1080" HPOS="314"/>
							<String ID="string_217" HPOS="329" VPOS="1081" WIDTH="129" HEIGHT="19" WC="0.92" CONTENT="missvexter"/><SP WIDTH="16" VPOS="1081" HPOS="458"/>
							<String ID="string_218" HPOS="474" VPOS="1079" WIDTH="51" HEIGHT="21" WC="0.96" CONTENT="eller"/><SP WIDTH="16" VPOS="1079" HPOS="525"/>
							<String ID="string_219" HPOS="541" VPOS="1079" WIDTH="66" HEIGHT="20" WC="0.95" CONTENT="andra"/><SP WIDTH="16" VPOS="1079" HPOS="607"/>
							<String ID="string_220" HPOS="623" VPOS="1079" WIDTH="180" HEIGHT="28" WC="0.92" CONTENT="utomordentliga"/><SP WIDTH="17" VPOS="1079" HPOS="803"/>
							<String ID="string_221" HPOS="820" VPOS="1080" WIDTH="69" HEIGHT="20" WC="0.85" CONTENT="behof."/>
						</TextLine>
					</TextBlock>
					<TextBlock ID="block_12" HPOS="191" VPOS="1136" WIDTH="824" HEIGHT="114">
						<TextLine ID="line_34" HPOS="261" VPOS="1136" WIDTH="753" HEIGHT="28">
							<String ID="string_222" HPOS="261" VPOS="1137" WIDTH="123" HEIGHT="26" WC="0.95" CONTENT="Föredrogs"/><SP WIDTH="24" VPOS="1137" HPOS="384"/>
							<String ID="string_223" HPOS="408" VPOS="1139" WIDTH="31" HEIGHT="18" WC="0.96" CONTENT="ett"/><SP WIDTH="19" VPOS="1139" HPOS="439"/>
							<String ID="string_224" HPOS="458" VPOS="1137" WIDTH="22" HEIGHT="20" WC="0.96" CONTENT="af"/><SP WIDTH="18" VPOS="1137" HPOS="480"/>
							<String ID="string_225" HPOS="498" VPOS="1144" WIDTH="25" HEIGHT="13" WC="0.92" CONTENT="en"/><SP WIDTH="17" VPOS="1144" HPOS="523"/>
							<String ID="string_226" HPOS="540" VPOS="1137" WIDTH="124" HEIGHT="27" WC="0.91" CONTENT="deputation"/><SP WIDTH="20" VPOS="1137" HPOS="664"/>
							<String ID="string_227" HPOS="684" VPOS="1136" WIDTH="45" HEIGHT="21" WC="0.90" CONTENT="från"/><SP WIDTH="18" VPOS="1136" HPOS="729"/>
							<String ID="string_228" HPOS="747" VPOS="1137" WIDTH="178" HEIGHT="27" WC="0.90" CONTENT="borgareståndet"/><SP WIDTH="16" VPOS="1137" HPOS="925"/>
							<String ID="string_229" HPOS="941" VPOS="1137" WIDTH="73" HEIGHT="21" WC="0.92" CONTENT="inlem-"/>
						</TextLine>
						<TextLine ID="line_35" HPOS="195" VPOS="1165" WIDTH="820" HEIGHT="27">
							<String ID="string_230" HPOS="195" VPOS="1166" WIDTH="53" HEIGHT="20" WC="0.90" CONTENT="nadt"/><SP WIDTH="16" VPOS="1166" HPOS="248"/>
							<String ID="string_231" HPOS="264" VPOS="1165" WIDTH="204" HEIGHT="27" WC="0.90" CONTENT="protokollsutdrag,"/><SP WIDTH="17" VPOS="1165" HPOS="468"/>
							<String ID="string_232" HPOS="485" VPOS="1166" WIDTH="111" HEIGHT="26" WC="0.96" CONTENT="angående"/><SP WIDTH="17" VPOS="1166" HPOS="596"/>
							<String ID="string_233" HPOS="613" VPOS="1173" WIDTH="24" HEIGHT="13" WC="0.96" CONTENT="en"/><SP WIDTH="18" VPOS="1173" HPOS="637"/>
							<String ID="string_234" HPOS="655" VPOS="1165" WIDTH="22" HEIGHT="21" WC="0.96" CONTENT="af"/><SP WIDTH="14" VPOS="1165" HPOS="677"/>
							<String ID="string_235" HPOS="691" VPOS="1165" WIDTH="50" HEIGHT="20" WC="0.96" CONTENT="herr"/><SP WIDTH="16" VPOS="1165" HPOS="741"/>
							<String ID="string_236" HPOS="757" VPOS="1165" WIDTH="108" HEIGHT="27" WC="0.96" CONTENT="Cajander"/><SP WIDTH="11" VPOS="1165" HPOS="865"/>
							<String ID="string_237" HPOS="876" VPOS="1166" WIDTH="30" HEIGHT="20" WC="0.93" CONTENT="till"/><SP WIDTH="12" VPOS="1166" HPOS="906"/>
							<String ID="string_238" HPOS="918" VPOS="1165" WIDTH="97" HEIGHT="21" WC="0.91" CONTENT="bemälde"/>
						</TextLine>
						<TextLine ID="line_36" HPOS="191" VPOS="1193" WIDTH="821" HEIGHT="28">
							<String ID="string_239" HPOS="191" VPOS="1194" WIDTH="63" HEIGHT="20" WC="0.93" CONTENT="stånd"/><SP WIDTH="24" VPOS="1194" HPOS="254"/>
							<String ID="string_240" HPOS="278" VPOS="1194" WIDTH="107" HEIGHT="20" WC="0.91" CONTENT="inlemnad"/><SP WIDTH="25" VPOS="1194" HPOS="385"/>
							<String ID="string_241" HPOS="410" VPOS="1194" WIDTH="96" HEIGHT="26" WC="0.94" CONTENT="petition,"/><SP WIDTH="24" VPOS="1194" HPOS="506"/>
							<String ID="string_242" HPOS="530" VPOS="1201" WIDTH="32" HEIGHT="13" WC="0.90" CONTENT="om"/><SP WIDTH="21" VPOS="1201" HPOS="562"/>
							<String ID="string_243" HPOS="583" VPOS="1193" WIDTH="153" HEIGHT="28" WC="0.90" CONTENT="upphäfvande"/><SP WIDTH="23" VPOS="1193" HPOS="736"/>
							<String ID="string_244" HPOS="759" VPOS="1194" WIDTH="24" HEIGHT="20" WC="0.95" CONTENT="af"/><SP WIDTH="21" VPOS="1194" HPOS="783"/>
							<String ID="string_245" HPOS="804" VPOS="1194" WIDTH="40" HEIGHT="20" WC="0.95" CONTENT="den"/><SP WIDTH="20" VPOS="1194" HPOS="844"/>
							<String ID="string_246" HPOS="864" VPOS="1194" WIDTH="148" HEIGHT="27" WC="0.94" CONTENT="ridderskapet"/>
						</TextLine>
						<TextLine ID="line_37" HPOS="192" VPOS="1222" WIDTH="822" HEIGHT="28">
							<String ID="string_247" HPOS="192" VPOS="1222" WIDTH="38" HEIGHT="21" WC="0.96" CONTENT="och"/><SP WIDTH="18" VPOS="1222" HPOS="230"/>
							<String ID="string_248" HPOS="248" VPOS="1222" WIDTH="62" HEIGHT="21" WC="0.96" CONTENT="adeln"/><SP WIDTH="17" VPOS="1222" HPOS="310"/>
							<String ID="string_249" HPOS="327" VPOS="1222" WIDTH="67" HEIGHT="27" WC="0.96" CONTENT="enligt"/><SP WIDTH="14" VPOS="1222" HPOS="394"/>
							<String ID="string_250" HPOS="408" VPOS="1222" WIDTH="71" HEIGHT="27" WC="0.93" CONTENT="adliga"/><SP WIDTH="11" VPOS="1222" HPOS="479"/>
							<String ID="string_251" HPOS="490" VPOS="1222" WIDTH="148" HEIGHT="28" WC="0.91" CONTENT="privilegierna"/><SP WIDTH="11" VPOS="1222" HPOS="638"/>
							<String ID="string_252" HPOS="649" VPOS="1222" WIDTH="162" HEIGHT="21" WC="0.92" CONTENT="tillkommande"/><SP WIDTH="13" VPOS="1222" HPOS="811"/>
							<String ID="string_253" HPOS="824" VPOS="1222" WIDTH="190" HEIGHT="28" WC="0.91" CONTENT="utpantningsrätt."/>
						</TextLine>
					</TextBlock>
					<TextBlock ID="block_13" HPOS="192" VPOS="1251" WIDTH="822" HEIGHT="50">
						<TextLine ID="line_38" HPOS="260" VPOS="1251" WIDTH="754" HEIGHT="28">
							<String ID="string_254" HPOS="260" VPOS="1251" WIDTH="66" HEIGHT="28" WC="0.91" CONTENT="Uppå"/><SP WIDTH="16" VPOS="1251" HPOS="326"/>
							<String ID="string_255" HPOS="342" VPOS="1251" WIDTH="50" HEIGHT="20" WC="0.93" CONTENT="herr"/><SP WIDTH="16" VPOS="1251" HPOS="392"/>
							<String ID="string_256" HPOS="408" VPOS="1251" WIDTH="208" HEIGHT="21" WC="0.92" CONTENT="landtmarskalkens"/><SP WIDTH="16" VPOS="1251" HPOS="616"/>
							<String ID="string_257" HPOS="632" VPOS="1251" WIDTH="159" HEIGHT="27" WC="0.95" CONTENT="framställning"/><SP WIDTH="16" VPOS="1251" HPOS="791"/>
							<String ID="string_258" HPOS="807" VPOS="1251" WIDTH="68" HEIGHT="21" WC="0.96" CONTENT="beslöt"/><SP WIDTH="12" VPOS="1251" HPOS="875"/>
							<String ID="string_259" HPOS="887" VPOS="1252" WIDTH="85" HEIGHT="20" WC="0.96" CONTENT="ståndet"/><SP WIDTH="11" VPOS="1252" HPOS="972"/>
							<String ID="string_260" HPOS="983" VPOS="1254" WIDTH="31" HEIGHT="18" WC="0.96" CONTENT="att"/>
						</TextLine>
						<TextLine ID="line_39" HPOS="192" VPOS="1279" WIDTH="631" HEIGHT="22">
							<String ID="string_261" HPOS="192" VPOS="1280" WIDTH="6" HEIGHT="20" WC="0.96" CONTENT="i"/><SP WIDTH="16" VPOS="1280" HPOS="198"/>
							<String ID="string_262" HPOS="214" VPOS="1281" WIDTH="90" HEIGHT="20" WC="0.93" CONTENT="ärendet"/><SP WIDTH="15" VPOS="1281" HPOS="304"/>
							<String ID="string_263" HPOS="319" VPOS="1279" WIDTH="96" HEIGHT="21" WC="0.91" CONTENT="infordra"/><SP WIDTH="16" VPOS="1279" HPOS="415"/>
							<String ID="string_264" HPOS="431" VPOS="1280" WIDTH="232" HEIGHT="21" WC="0.90" CONTENT="riddarhusutskottets"/><SP WIDTH="16" VPOS="1280" HPOS="663"/>
							<String ID="string_265" HPOS="679" VPOS="1279" WIDTH="144" HEIGHT="21" WC="0.96" CONTENT="betänkande."/>
						</TextLine>
					</TextBlock>
				</ComposedBlock>
				<ComposedBlock ID="cblock_2" HPOS="191" VPOS="1336" WIDTH="824" HEIGHT="201">
					<TextBlock ID="block_14" HPOS="191" VPOS="1336" WIDTH="824" HEIGHT="201">
						<TextLine ID="line_40" HPOS="259" VPOS="1336" WIDTH="756" HEIGHT="29">
							<String ID="string_266" HPOS="259" VPOS="1336" WIDTH="118" HEIGHT="29" WC="0.92" CONTENT="Upplästes"/><SP WIDTH="24" VPOS="1336" HPOS="377"/>
							<String ID="string_267" HPOS="401" VPOS="1337" WIDTH="145" HEIGHT="28" WC="0.91" CONTENT="ensälydande"/><SP WIDTH="23" VPOS="1337" HPOS="546"/>
							<String ID="string_268" HPOS="569" VPOS="1337" WIDTH="112" HEIGHT="21" WC="0.96" CONTENT="skrifvelse"/><SP WIDTH="24" VPOS="1337" HPOS="681"/>
							<String ID="string_269" HPOS="705" VPOS="1337" WIDTH="46" HEIGHT="21" WC="0.93" CONTENT="från"/><SP WIDTH="25" VPOS="1337" HPOS="751"/>
							<String ID="string_270" HPOS="776" VPOS="1337" WIDTH="19" HEIGHT="20" WC="0.92" CONTENT="h."/><SP WIDTH="25" VPOS="1337" HPOS="795"/>
							<String ID="string_271" HPOS="820" VPOS="1344" WIDTH="45" HEIGHT="14" WC="0.87" CONTENT="exc."/><SP WIDTH="24" VPOS="1344" HPOS="865"/>
							<String ID="string_272" HPOS="889" VPOS="1337" WIDTH="126" HEIGHT="28" WC="0.92" CONTENT="generalgu-"/>
						</TextLine>
						<TextLine ID="line_41" HPOS="191" VPOS="1372" WIDTH="116" HEIGHT="14">
							<String ID="string_273" HPOS="191" VPOS="1372" WIDTH="116" HEIGHT="14" WC="0.91" CONTENT="vernören:"/>
						</TextLine>
						<TextLine ID="line_42" HPOS="270" VPOS="1394" WIDTH="665" HEIGHT="28">
							<String ID="string_274" HPOS="270" VPOS="1394" WIDTH="42" HEIGHT="21" WC="0.89" CONTENT="Till"/><SP WIDTH="16" VPOS="1394" HPOS="312"/>
							<String ID="string_275" HPOS="328" VPOS="1395" WIDTH="49" HEIGHT="20" WC="0.91" CONTENT="herr"/><SP WIDTH="16" VPOS="1395" HPOS="377"/>
							<String ID="string_276" HPOS="393" VPOS="1394" WIDTH="196" HEIGHT="21" WC="0.92" CONTENT="landtmarskalken"/><SP WIDTH="17" VPOS="1394" HPOS="589"/>
							<String ID="string_277" HPOS="606" VPOS="1394" WIDTH="33" HEIGHT="21" WC="0.93" CONTENT="för"/><SP WIDTH="16" VPOS="1394" HPOS="639"/>
							<String ID="string_278" HPOS="655" VPOS="1394" WIDTH="115" HEIGHT="27" WC="0.91" CONTENT="höglofliga"/><SP WIDTH="16" VPOS="1394" HPOS="770"/>
							<String ID="string_279" HPOS="786" VPOS="1395" WIDTH="149" HEIGHT="27" WC="0.92" CONTENT="ridderskapet"/>
						</TextLine>
						<TextLine ID="line_43" HPOS="543" VPOS="1423" WIDTH="122" HEIGHT="20">
							<String ID="string_280" HPOS="543" VPOS="1423" WIDTH="39" HEIGHT="20" WC="0.93" CONTENT="och"/><SP WIDTH="16" VPOS="1423" HPOS="582"/>
							<String ID="string_281" HPOS="598" VPOS="1423" WIDTH="67" HEIGHT="20" WC="0.92" CONTENT="adeln."/>
						</TextLine>
						<TextLine ID="line_44" HPOS="260" VPOS="1451" WIDTH="754" HEIGHT="28">
							<String ID="string_282" HPOS="260" VPOS="1451" WIDTH="37" HEIGHT="20" WC="0.92" CONTENT="Uti"/><SP WIDTH="24" VPOS="1451" HPOS="297"/>
							<String ID="string_283" HPOS="321" VPOS="1451" WIDTH="40" HEIGHT="21" WC="0.93" CONTENT="den"/><SP WIDTH="19" VPOS="1451" HPOS="361"/>
							<String ID="string_284" HPOS="380" VPOS="1452" WIDTH="68" HEIGHT="27" WC="0.92" CONTENT="jemte"/><SP WIDTH="22" VPOS="1452" HPOS="448"/>
							<String ID="string_285" HPOS="470" VPOS="1452" WIDTH="41" HEIGHT="20" WC="0.93" CONTENT="min"/><SP WIDTH="21" VPOS="1452" HPOS="511"/>
							<String ID="string_286" HPOS="532" VPOS="1451" WIDTH="111" HEIGHT="21" WC="0.93" CONTENT="skrifvelse"/><SP WIDTH="17" VPOS="1451" HPOS="643"/>
							<String ID="string_287" HPOS="660" VPOS="1451" WIDTH="39" HEIGHT="21" WC="0.96" CONTENT="den"/><SP WIDTH="18" VPOS="1451" HPOS="699"/>
							<String ID="string_288" HPOS="717" VPOS="1452" WIDTH="12" HEIGHT="19" WC="0.96" CONTENT="5"/><SP WIDTH="17" VPOS="1452" HPOS="729"/>
							<String ID="string_289" HPOS="746" VPOS="1453" WIDTH="45" HEIGHT="26" WC="0.96" CONTENT="(17)"/><SP WIDTH="17" VPOS="1453" HPOS="791"/>
							<String ID="string_290" HPOS="808" VPOS="1452" WIDTH="103" HEIGHT="20" WC="0.93" CONTENT="Februari"/><SP WIDTH="17" VPOS="1452" HPOS="911"/>
							<String ID="string_291" HPOS="928" VPOS="1452" WIDTH="86" HEIGHT="20" WC="0.92" CONTENT="inneva-"/>
						</TextLine>
						<TextLine ID="line_45" HPOS="191" VPOS="1479" WIDTH="823" HEIGHT="22">
							<String ID="string_292" HPOS="191" VPOS="1479" WIDTH="66" HEIGHT="21" WC="0.96" CONTENT="rande"/><SP WIDTH="21" VPOS="1479" HPOS="257"/>
							<String ID="string_293" HPOS="278" VPOS="1480" WIDTH="23" HEIGHT="20" WC="0.88" CONTENT="är"/><SP WIDTH="18" VPOS="1480" HPOS="301"/>
							<String ID="string_294" HPOS="319" VPOS="1479" WIDTH="41" HEIGHT="21" WC="0.96" CONTENT="N:o"/><SP WIDTH="19" VPOS="1479" HPOS="360"/>
							<String ID="string_295" HPOS="379" VPOS="1481" WIDTH="41" HEIGHT="19" WC="0.96" CONTENT="312"/><SP WIDTH="17" VPOS="1481" HPOS="420"/>
							<String ID="string_296" HPOS="437" VPOS="1480" WIDTH="31" HEIGHT="20" WC="0.93" CONTENT="till"/><SP WIDTH="17" VPOS="1480" HPOS="468"/>
							<String ID="string_297" HPOS="485" VPOS="1481" WIDTH="49" HEIGHT="19" WC="0.96" CONTENT="herr"/><SP WIDTH="17" VPOS="1481" HPOS="534"/>
							<String ID="string_298" HPOS="551" VPOS="1481" WIDTH="65" HEIGHT="19" WC="0.96" CONTENT="baron"/><SP WIDTH="17" VPOS="1481" HPOS="616"/>
							<String ID="string_299" HPOS="633" VPOS="1480" WIDTH="39" HEIGHT="20" WC="0.92" CONTENT="och"/><SP WIDTH="16" VPOS="1480" HPOS="672"/>
							<String ID="string_300" HPOS="688" VPOS="1480" WIDTH="197" HEIGHT="20" WC="0.92" CONTENT="landtmarskalken"/><SP WIDTH="18" VPOS="1480" HPOS="885"/>
							<String ID="string_301" HPOS="903" VPOS="1480" WIDTH="111" HEIGHT="21" WC="0.92" CONTENT="öfverlem-"/>
						</TextLine>
						<TextLine ID="line_46" HPOS="192" VPOS="1508" WIDTH="823" HEIGHT="29">
							<String ID="string_302" HPOS="192" VPOS="1508" WIDTH="54" HEIGHT="21" WC="0.91" CONTENT="nade"/><SP WIDTH="17" VPOS="1508" HPOS="246"/>
							<String ID="string_303" HPOS="263" VPOS="1508" WIDTH="89" HEIGHT="21" WC="0.96" CONTENT="relation"/><SP WIDTH="17" VPOS="1508" HPOS="352"/>
							<String ID="string_304" HPOS="369" VPOS="1508" WIDTH="30" HEIGHT="20" WC="0.93" CONTENT="till"/><SP WIDTH="17" VPOS="1508" HPOS="399"/>
							<String ID="string_305" HPOS="416" VPOS="1508" WIDTH="84" HEIGHT="20" WC="0.93" CONTENT="landets"/><SP WIDTH="17" VPOS="1508" HPOS="500"/>
							<String ID="string_306" HPOS="517" VPOS="1508" WIDTH="86" HEIGHT="20" WC="0.92" CONTENT="ständer"/><SP WIDTH="16" VPOS="1508" HPOS="603"/>
							<String ID="string_307" HPOS="619" VPOS="1516" WIDTH="33" HEIGHT="13" WC="0.93" CONTENT="om"/><SP WIDTH="17" VPOS="1516" HPOS="652"/>
							<String ID="string_308" HPOS="669" VPOS="1508" WIDTH="144" HEIGHT="21" WC="0.91" CONTENT="statsverkets"/><SP WIDTH="14" VPOS="1508" HPOS="813"/>
							<String ID="string_309" HPOS="827" VPOS="1508" WIDTH="101" HEIGHT="28" WC="0.90" CONTENT="tillständ,"/><SP WIDTH="13" VPOS="1508" HPOS="928"/>
							<String ID="string_310" HPOS="941" VPOS="1509" WIDTH="74" HEIGHT="28" WC="0.92" CONTENT="finnes,"/>
						</TextLine>
					</TextBlock>
				</ComposedBlock>
			</PrintSpace>
		</Page>
	</Layout>
</alto>
