1142 1786
212 108 41 21 384
532 110 38 15 Den
584 111 10 14 9
609 110 49 20 April

184 166 90 21 anhållit
294 173 34 14 om
348 165 61 21 ordet
427 166 33 20 för
479 167 31 18 att
528 165 21 20 få
565 165 86 21 bemöta
674 166 67 27 några
757 165 22 20 af
793 165 26 20 de
835 166 174 27 anmärkningar,

185 202 45 13 som
252 196 38 19 äro
312 194 77 28 gjorda
408 197 44 17 mot
468 193 117 22 utskottets
609 194 138 21 betänkande
763 194 5 19 i
785 193 142 22 förevarande
942 195 67 26 fråga.

185 224 32 20 En
234 223 132 27 föregående
382 223 74 26 talare,
473 223 48 20 herr
537 229 40 14 von
591 222 95 26 Alfthan,
699 223 38 20 har
748 223 43 26 lagt
802 222 107 21 utskottet
920 223 30 20 till
962 223 47 24 last,

184 254 32 19 att
232 251 108 21 utskottet
356 251 47 20 icke
419 251 39 20 har
474 251 48 20 sökt
538 253 30 18 att
584 251 83 20 utfinna
683 251 67 27 några
766 257 41 21 nya
823 253 91 26 utvägar
929 251 33 21 för
978 254 31 18 att

185 281 73 19 kunna
281 280 174 27 sammanbringa
474 280 25 19 de
515 279 23 20 af
551 279 28 21 H.
599 279 27 21 K.
647 279 61 27 Maj:t
724 281 5 18 i
746 279 77 27 nådiga
847 280 162 26 propositionen

184 308 81 21 äskade
282 308 75 27 anslag
373 308 23 20 af
410 308 91 26 200,000
517 308 42 20 mk.
587 308 56 20 Herr
654 314 41 14 von
712 307 88 21 Alftban
813 308 38 20 har
863 308 42 20 lika
916 308 48 20 med
976 310 33 18 ut-

185 338 83 20 skottet
285 338 78 24 ansett,
380 338 31 19 att
427 336 62 20 dessa
503 336 74 27 anslag
591 336 48 20 icke
652 336 65 20 borde
729 338 106 25 upptagas
847 343 76 20 genom
935 336 72 21 direkt

184 365 230 27 inkomst-bevillning.
430 364 42 28 Jag
484 364 37 21 ber
532 367 32 18 att
572 365 22 20 få
605 364 104 21 anmärka
720 367 44 18 mot
776 364 35 21 det
822 364 23 21 af
855 365 48 21 herr
912 372 40 14 von
962 365 46 20 Alf-

184 394 52 21 than
252 394 124 27 föreslagna
392 395 42 19 sätt
449 395 31 19 att
496 394 147 20 åstadkomma
659 393 26 21 de
701 393 100 21 fordrade
815 393 110 27 anslagen,
936 395 31 19 att
979 394 29 20 äf-

184 430 41 14 ven
242 422 44 21 ifall
307 422 116 20 ständerna
446 422 68 20 skulle
532 422 76 20 förena
624 422 33 27 sig
672 428 34 14 om
723 424 32 18 att
771 421 40 21 den
832 422 104 20 härintills
956 428 52 20 upp-

184 456 66 23 tagna
269 450 179 28 sjöfartsafgiften
467 450 67 20 skulle
556 450 95 26 fortfara,
667 450 111 21 äfvensom
795 451 31 19 att
841 450 167 28 ingvarterings-

184 480 86 26 tolagen
289 480 5 20 i
312 479 100 20 städerna
428 479 68 20 skulle
512 479 101 27 förhöjas,
631 486 50 13 vore
698 478 61 21 detta
770 478 65 21 också
847 486 25 13 en
885 479 122 27 bevillning.

185 509 45 20 Det
246 510 23 18 är
285 508 48 20 icke
350 514 26 14 en
392 507 71 21 direkt
480 508 121 26 bevillning,
618 507 48 21 icke
682 514 25 14 en
724 507 220 27 inkomstbevillning,
960 514 47 14 men

184 538 6 20 i
207 537 42 20 alla
264 536 36 21 fall
317 543 25 13 en
361 536 121 27 bevillning.
513 536 33 20 Då
562 536 49 20 herr
630 543 39 13 von
691 536 88 20 Alfthan
798 536 48 20 icke
866 538 94 25 motsagt
975 538 32 18 ut-

186 567 94 19 skottets
300 564 87 29 yttrade
405 565 61 27 äsigt,
484 568 30 17 att
530 572 25 13 en
575 564 163 28 kapitalisering
754 564 23 21 af
790 564 165 21 militiefondens
973 565 34 20 be-

185 595 102 26 hällning,
308 594 6 20 i
335 593 101 20 händelse
456 594 39 20 den
516 593 68 21 skulle
607 593 111 21 föranleda
741 593 54 21 ökad
816 593 191 27 bevillningsskatt,

185 623 47 20 icke
253 629 51 14 vore
324 624 32 18 att
378 621 92 25 förorda,
489 623 22 19 sä
531 624 44 18 tror
592 622 44 26 jag,
653 624 31 18 att
700 622 37 20 det
753 622 23 20 af
790 622 48 20 herr
855 628 39 14 von
919 622 87 20 Alfthan

185 650 137 29 uppkastade
338 650 102 27 förslaget
456 650 38 20 bör
509 650 89 20 förfalla.
629 650 42 27 Jag
687 650 72 20 tviflar
774 651 47 20 icke
837 651 33 26 pä,
887 651 39 19 och
945 650 61 27 ingen

185 680 5 20 i
206 680 165 20 statsutskottet
387 679 38 20 har
441 679 66 20 heller
522 679 57 27 gjort
595 679 36 20 det
648 679 35 20 vid
699 679 99 21 ärendets
819 679 128 27 behandling
963 679 44 24 der,

186 711 38 23 att,
241 708 5 20 i
264 708 101 20 händelse
384 714 25 13 en
427 707 77 20 militär
520 708 67 20 mäste
605 709 120 25 uppsättas,
750 707 68 21 dertill
837 708 83 19 fordras
939 708 68 19 större

186 736 94 28 utgifter,
298 738 24 18 än
340 736 56 20 hvad
413 736 151 20 militiefonden
581 736 33 20 för
630 736 133 20 närvarande
780 736 37 20 har
828 736 5 20 i
844 736 100 25 inkomst,
956 736 51 20 eller

185 766 12 20 2
212 766 104 27 miljoner.
343 765 43 20 Det
402 766 23 18 är
441 764 36 20 allt
494 765 78 26 troligt,
589 767 30 18 att
635 764 63 21 dessa
715 764 88 28 utgifter
817 764 84 20 komma
912 766 31 18 att
955 764 51 20 ökas

185 794 30 20 till
232 795 13 19 3
262 794 98 26 miljoner
379 792 38 21 och
439 793 81 20 kanske
539 793 132 27 derutöfver;
687 800 48 14 men
753 793 35 20 det
803 794 24 19 är
842 793 67 27 enligt
925 792 82 20 utskot-

185 825 42 17 tets
244 822 140 28 uppfattning
399 821 31 21 för
446 821 62 27 tidigt
524 824 31 18 att
571 822 34 20 vid
622 822 69 20 denna
707 822 102 26 landtdag
820 822 97 26 uppgöra
927 821 80 27 förslag

185 852 6 20 i
214 851 60 21 detta
297 850 109 26 afseende,
430 850 26 20 dä
478 850 27 20 H.
527 850 27 20 K.
575 850 60 27 Maj:t
659 850 144 28 uttryckligen
824 850 5 20 i
850 850 103 20 trontalet
973 850 32 20 vid

186 880 142 26 landtdagens
352 878 113 27 öppnande
493 879 82 27 nädigst
598 879 111 26 förklarat,
733 881 32 18 att
788 879 59 26 fråga
871 885 33 14 om
929 886 25 12 en
979 885 27 20 ny

186 907 234 28 militäv-organisation
445 907 35 20 vid
503 907 68 20 denna
591 907 101 27 landtdag
711 907 48 20 icke
778 907 149 20 förekommer.
958 907 47 20 Den

186 937 22 20 af
230 944 25 13 en
280 936 33 20 del
337 937 137 19 reservanter
490 935 120 28 föreslagna
630 936 82 27 ätgärd,
732 938 31 18 att
783 936 39 19 den
840 942 27 13 nu
884 935 30 20 till
931 943 24 12 en
973 935 32 20 del

185 965 73 21 städer
274 964 114 28 uppburna
404 964 167 27 tolagsafgiften,
587 965 28 25 3/,
630 964 47 20 utaf
695 964 150 20 inkommande
865 964 38 21 och
920 964 26 26 1/,
962 963 47 21 utaf

185 993 108 28 utgående
309 1000 70 18 varor,
396 993 68 20 skulle
480 993 91 20 fördelas
584 994 26 25 på
622 993 26 20 de
659 993 66 20 andra
737 993 107 26 städerna,
857 995 44 17 tror
910 993 38 27 jag
960 993 46 20 icke

185 1023 160 20 åstadkommer
362 1028 26 13 en
404 1021 24 20 så
444 1023 44 19 stor
504 1021 99 26 inkomst,
621 1028 44 13 som
683 1029 24 12 en
725 1021 33 20 del
770 1021 66 20 talare
849 1021 56 20 velat
916 1021 43 20 låta
970 1022 37 27 på-

185 1051 68 21 skina.
285 1050 57 21 Herr
358 1057 41 13 von
410 1049 88 21 Alfthan
511 1050 112 27 uppgifver
635 1051 78 26 60,000
725 1050 67 24 mark,
804 1057 47 13 men
863 1057 47 13 man
923 1049 38 21 bör
971 1051 35 19 be-

185 1080 73 25 tänka,
274 1081 32 18 att
322 1078 60 21 öfver
398 1078 78 21 hälften
494 1079 87 26 belöper
597 1079 32 26 sig
645 1079 27 26 pä
687 1079 56 26 Abo,
756 1078 90 28 Wiborg
857 1078 39 20 och
906 1077 101 27 Helsing-

184 1109 52 23 fors,
252 1108 40 20 och
309 1107 36 20 det
360 1114 51 13 vore
428 1107 88 27 obilligt,
533 1109 31 18 att
580 1107 33 26 de,
629 1113 45 14 som
687 1108 36 19 äro
735 1110 55 17 mest
801 1107 127 27 betungade,
938 1107 68 21 skulle

186 1137 71 20 betala
272 1137 50 20 bort
338 1136 64 27 något
418 1135 23 20 af
455 1135 31 20 sin
503 1135 99 26 inkomst,
619 1135 32 21 till
662 1136 98 26 exempel
778 1135 29 21 till
820 1135 141 26 Tavastehus,
973 1136 33 20 för

184 1168 32 18 att
240 1165 122 20 underlätta
385 1164 172 27 ingvarteringen
579 1164 117 20 derstädes.
727 1165 43 26 Jag
786 1165 38 19 ber
840 1163 83 21 säledes
939 1167 31 18 att
985 1165 20 20 fä

184 1194 109 27 tillstyrka
310 1192 56 21 bifall
382 1192 30 20 till
428 1192 118 21 utskottets
563 1192 142 21 betänkande.
833 1204 4 2 -

257 1222 55 21 Herr
337 1221 188 27 Montgomery:
550 1221 42 27 Jag
609 1221 37 20 ber
667 1221 65 20 ocksä
751 1223 38 24 att,
808 1221 70 21 säsom
893 1221 90 21 medlem
1000 1222 5 20 i

184 1251 170 24 statsutskottet,
370 1250 22 20 fä
408 1250 93 20 relevera
519 1251 64 26 nägra
600 1250 22 20 af
637 1249 26 21 de
679 1249 142 28 synpunktar,
837 1257 45 14 som
892 1251 22 20 af
924 1250 81 21 utskot-

184 1281 32 18 tet
240 1279 68 20 blifvit
325 1279 111 20 bestämda
452 1278 34 20 vid
503 1278 69 21 denna
587 1278 62 27 fråga
665 1278 39 21 och
721 1279 122 20 sedermera
858 1278 127 21 framhälina
1001 1280 4 19 i

184 1308 118 20 utskottets
327 1307 140 20 betänkande.
501 1307 31 20 De
553 1307 198 26 hufvudsakligaste
771 1307 90 20 motiver
876 1309 43 24 äro,
936 1308 69 19 såsom

183 1336 127 21 framhållits
334 1335 22 21 af
377 1335 55 26 dem,
456 1342 44 13 som
525 1336 102 26 uppträdt
646 1338 58 17 emot
725 1336 118 20 utskottets
863 1336 143 25 betänkande,

184 1365 102 20 särskildt
302 1365 40 20 den
359 1364 66 20 förste
443 1364 87 25 talaren,
547 1366 30 18 att
593 1364 70 20 denna
680 1364 81 20 lättnad
778 1365 6 19 i
800 1364 205 27 inqvarteringstun-

183 1400 41 19 gan
241 1393 48 21 icke
311 1400 49 13 vore
376 1400 25 13 en
419 1393 31 19 för
467 1393 152 20 militiefonden
640 1393 133 20 fremmande
790 1393 69 26 utgift,
877 1393 39 20 och
933 1395 31 18 att
980 1400 25 13 en

184 1421 163 27 kapitalisering
360 1421 23 20 af
397 1422 68 19 denna
482 1421 61 20 fonds
560 1421 94 20 intrader
671 1421 46 20 icke
735 1421 65 21 borde
817 1421 86 21 komma
918 1421 5 20 i
940 1422 65 26 fråga,

183 1450 73 20 såvida
274 1451 36 20 det
327 1450 67 20 måste
410 1449 38 20 ske
465 1449 131 26 derigenom,
613 1452 32 19 att
661 1457 25 12 en
704 1449 32 20 del
754 1450 88 27 utgifter
853 1449 117 21 öfverföras
981 1451 25 25 pä

183 1479 152 26 bevillningen.
369 1478 61 20 Hvad
448 1478 39 20 den
513 1478 66 20 första
599 1477 137 28 synpunkten
760 1479 107 24 beträffar,
885 1478 64 20 borde
970 1479 36 19 det

182 1506 46 20 icke
246 1508 71 19 kunna
336 1506 72 26 nekas,
426 1508 38 23 att,
481 1513 32 13 om
531 1506 64 20 också
609 1506 26 20 de
650 1506 101 22 intrader,
765 1514 44 12 som
821 1507 49 26 ingå
881 1506 30 20 till
923 1507 83 20 militie-
