1142 1786
207 108 41 20 130
503 108 37 15 Den
554 109 21 14 20
589 108 94 16 Februari.

178 164 69 21 skulle
269 163 108 21 utskottet
396 163 65 21 hafva
476 163 83 21 tillfälle
574 165 31 19 att
621 163 95 21 inhemta
732 164 70 21 denne
817 164 108 28 ingeniörs
941 165 62 27 äsigt.

177 193 50 20 Ifall
250 193 42 20 den
316 192 202 21 Ofverensstämmer
538 192 47 20 med
607 193 48 23 min,
672 192 61 27 torde
750 192 36 21 det
802 199 50 14 vara
869 193 87 27 onödigt
972 195 31 18 att

177 221 64 27 vädja
259 221 32 20 till
312 227 25 14 en
358 220 326 27 instrumental-undersökning.
715 220 32 21 Ar
763 221 40 20 den
820 221 46 21 äter
882 221 57 20 olika
955 221 48 21 med

177 250 50 26 min,
244 249 27 20 dä
287 249 61 20 torde
365 256 52 13 vara
433 249 45 20 skäl
495 251 31 18 att
542 249 63 27 vädja
621 249 31 20 till
668 249 189 20 insteumenterna.
884 249 119 21 Petitionä-

176 285 37 13 ren
238 277 124 27 uppräknar
385 277 72 20 hvilka
477 279 64 25 vägar
559 277 40 20 han
617 277 32 20 för
665 277 31 20 sin
713 277 33 20 del
763 284 62 14 anser
841 278 52 20 böra
909 277 48 21 med
971 278 32 20 in-

176 307 107 19 strument
306 305 140 20 undersökas.
480 304 66 21 Bland
563 305 26 20 de
605 304 89 22 afsedda
709 305 154 21 stambanorna
880 306 123 27 uppräknar

177 335 39 20 han
234 334 64 20 linien
323 329 137 36 Tammerfors
473 333 164 27 —Björneborg;
653 333 97 21 deremot
766 334 35 20 vill
810 334 39 27 jag
859 334 103 20 anmärka
970 336 32 19 att

176 362 40 21 den
232 362 65 20 linien
314 362 65 20 redan
396 362 68 20 finnes
480 362 117 20 undersökt
613 362 45 20 dels
675 362 26 26 pä
717 364 89 24 statens,
822 362 45 20 dels
876 363 27 27 pä
913 362 88 27 Björne-

176 392 64 26 borgs
256 390 60 20 stads
333 390 133 26 bekostnad;
488 392 30 18 att
534 390 83 20 säledes
633 390 75 27 hvarje
724 390 161 28 undersökning
901 398 33 13 om
951 391 50 20 den-

175 426 83 14 samma
273 420 23 18 är
312 418 79 27 onödig
407 419 39 20 och
462 420 32 19 att
510 425 47 13 man
574 418 84 20 derföre
674 418 45 20 frän
732 418 27 20 de
767 418 124 28 jernbanor,
903 425 44 14 som
959 419 41 20 han

174 448 91 21 föreslär
282 449 30 18 att
328 446 128 27 undersöka,
473 447 41 20 kan
530 448 50 26 taga
595 447 49 20 bort
661 446 25 21 de
704 447 39 20 110
760 449 57 18 verst
834 454 45 13 som
890 448 40 20 han
947 454 53 20 upp-

175 476 54 27 tagit
245 476 33 20 för
294 475 92 21 nämnda
398 475 98 27 jernväg.
521 475 75 20 Denna
613 475 66 21 banas
695 475 63 27 längd
776 475 87 27 belöper
875 476 32 26 sig
918 476 29 20 till
961 476 39 20 119

176 506 64 19 verst.
268 503 80 21 Likaså
363 503 41 20 kan
421 503 47 21 från
483 503 40 20 den
540 510 87 18 summa,
645 504 39 20 han
702 503 65 27 begär
783 504 33 20 för
832 504 132 20 anställande
979 504 23 20 af

175 532 168 26 undersökning,
360 531 98 27 afdragas
475 532 76 26 17,000
561 532 67 26 mark,
644 532 31 20 till
693 531 84 21 hvilken
789 538 82 14 summa
884 532 116 20 undersök-

175 562 77 26 ningen
270 560 33 21 för
319 560 69 21 denna
405 560 49 21 linie
471 560 5 21 i
490 560 147 27 verkligheten
655 561 89 26 uppgår.
768 560 10 20 I
795 560 64 27 öfrigt
875 560 78 21 önskar
962 561 38 26 jag

176 589 154 27 petitionärens
354 589 109 19 memorial
483 589 38 19 och
538 589 53 19 hans
607 589 56 27 äsigt
679 588 26 20 all
721 589 74 26 möjlig
811 589 116 27 framgäng.
958 589 41 27 Jag

176 618 33 20 vill
234 618 76 20 endast
330 617 82 20 anhålla
432 618 32 19 att
480 616 61 21 dessa
558 616 165 27 anmärkningar
740 616 67 20 skulle
824 614 77 30 åtfölja
914 617 84 27 petitio-

175 654 39 12 nen
240 646 26 20 dä
286 646 41 20 den
346 645 123 20 remitteras
488 645 30 20 till
536 644 161 22 vederbörande
713 645 90 25 utskott,
820 645 70 20 säsom
904 646 37 26 jag
957 646 41 20 för-

175 675 74 20 modar
265 674 109 27 utgängen
392 673 81 21 blifver.

243 702 58 20 Herr
316 702 155 26 Schauman,
489 701 96 21 Berndt
602 701 72 21 Otto:
691 701 42 27 Jag
749 702 68 20 skulle
833 702 51 20 utbe
900 702 43 27 mig
958 704 39 24 att,

174 732 48 20 med
246 730 115 27 anledning
384 730 23 20 af
428 730 36 20 det
488 730 120 20 inlemnade
631 730 244 27 petitionsmemorialet,
897 730 21 20 fä
941 732 56 26 yttra

174 761 66 25 några
256 766 33 13 om
306 758 39 21 ock
361 758 90 27 flyktiga
468 758 43 20 ord.
542 758 29 20 Så
586 758 33 20 väl
635 758 119 20 ähörandet
770 765 46 13 som
832 758 35 20 det
883 759 114 27 uppmärk-

174 795 82 14 samma
274 787 98 21 läsandet
392 786 22 20 af
428 787 49 20 herr
493 794 40 12 von
549 786 102 20 Alfthans
667 786 214 26 petitionsmemorial
897 787 38 20 har
950 787 47 21 icke

173 818 57 26 gjort
255 816 63 26 något
338 816 52 26 godt
408 815 84 26 intryck
512 815 27 27 pä
557 815 49 27 mig,
623 814 38 21 har
677 814 46 21 icke
740 815 81 20 kunnat
836 816 53 26 göra
904 815 42 26 det,
963 822 33 14 om

173 852 49 14 man
238 844 66 21 ocksä
320 851 50 13 vore
386 850 26 14 en
429 844 53 19 huru
499 846 44 17 stor
559 845 38 18 vän
615 850 44 13 som
677 843 54 20 helst
747 843 24 20 af
784 843 47 20 värt
841 843 60 21 lands
911 844 85 20 framät-

174 872 124 22 skridande.
322 872 43 27 Mig
381 872 82 26 tyckes,
480 878 44 14 som
541 871 35 20 det
593 871 68 21 skulle
677 872 45 25 röja
738 872 71 20 alltför
819 871 47 21 litet
877 872 119 26 besinning,

173 902 39 19 och
229 903 32 18 att
277 901 41 20 den
334 901 24 20 af
372 901 77 19 honom
466 899 151 28 projekterade
631 900 118 26 jernvägen
761 899 66 21 borde
838 899 49 21 med
896 900 100 21 afseende

173 931 11 20 å
202 931 46 19 vårt
264 929 59 20 lands
340 927 158 28 folkfattigdom
510 928 38 20 och
560 927 126 21 inskränkta
698 928 110 20 materiela
820 935 114 18 ressurser,
946 929 49 20 dess

172 957 136 28 geografiska
321 957 47 27 läge
379 957 40 20 och
432 956 120 20 klimatiska
563 956 146 20 förhållanden
721 956 99 20 hänvisas
830 957 30 19 till
871 956 26 21 de
907 957 89 20 fromma

173 987 169 26 önskningarnes
367 985 93 25 område,
478 985 38 20 och
533 984 35 21 det
585 986 22 18 är
621 985 24 26 ju
661 984 48 21 icke
725 984 86 26 sådana,
828 991 44 14 som
890 992 25 13 en
931 987 64 18 stats-

172 1015 51 20 klok
244 1014 99 27 regering
358 1014 39 19 och
414 1013 120 20 statskloka
550 1013 86 20 ständer
653 1013 51 20 böra
720 1013 146 27 understödja.
899 1013 42 20 Det
957 1013 37 21 fin-

172 1050 37 13 nes
227 1044 52 19 visst
295 1043 63 26 ingen
375 1049 44 12 som
438 1041 104 20 bestrider
558 1043 74 24 nyttan
649 1041 40 20 och
705 1041 149 27 önskligheten
871 1041 23 20 af
905 1044 31 18 att
945 1041 48 21 Fin-

172 1072 48 20 land
237 1071 69 20 skulle
322 1077 40 20 ega
378 1072 31 18 ett
424 1069 134 27 fullständigt
571 1070 141 26 jernvägsnät
728 1069 55 20 ända
799 1069 30 20 till
846 1069 115 28 Uleåborg,
971 1070 23 27 ja

172 1100 82 20 kanske
278 1101 56 18 ännu
355 1099 73 26 längre
448 1098 54 25 bort,
519 1098 31 20 tili
566 1097 116 28 Ivalojokis
699 1097 103 25 stränder,
819 1098 38 20 och
875 1098 36 20 det
927 1098 67 21 finnes

171 1129 47 20 icke
234 1129 66 26 något
316 1128 154 19 intressantare
486 1127 25 19 än
529 1129 31 17 att
576 1127 65 19 tänka
657 1126 32 26 sig
705 1128 32 18 ett
753 1126 76 21 sådant
845 1127 5 19 i
862 1133 25 14 en
896 1129 97 18 närmare

171 1157 51 20 eller
246 1157 120 25 aflägsnare
390 1155 92 20 framtid.
513 1154 49 21 Men
579 1155 26 20 dä
621 1161 48 13 man
686 1156 98 19 närmare
801 1154 110 21 betraktar
928 1155 65 21 saken

171 1186 39 20 och
232 1185 80 27 jemför
335 1184 47 20 vårt
405 1183 60 20 lands
484 1183 140 20 ekonomiska
639 1183 146 20 förhållanden
802 1183 47 20 med
867 1183 67 27 öfriga
949 1184 44 20 län-

170 1215 55 25 ders,
246 1215 14 18 t.
278 1220 33 13 ex.
328 1212 48 20 med
396 1211 36 21 det
448 1212 94 19 närmast
558 1211 99 27 belägna,
674 1210 42 21 lika
731 1211 97 27 nordliga
845 1211 94 28 Sverige,
956 1212 37 20 der

169 1249 48 14 man
242 1243 56 18 ännu
321 1240 47 21 icke
384 1240 61 20 tänkt
465 1241 27 26 på
507 1240 116 27 jernvägar
641 1239 73 27 längre
734 1241 27 18 än
781 1240 29 19 till
828 1239 73 21 62:dra
917 1240 75 21 bredd-

169 1270 87 29 graden,
273 1270 27 19 då
312 1275 48 14 man
376 1275 28 14 nu
422 1269 36 19 här
476 1268 133 27 projekterar
625 1275 26 13 en
667 1268 64 20 sådan
748 1268 30 20 till
796 1269 56 20 65:te
869 1269 124 27 bredd-gra-

168 1301 48 23 den,
240 1300 24 19 så
283 1297 69 21 finner
371 1304 47 13 man
436 1299 31 18 att
484 1296 121 21 nuvarande
621 1296 126 27 generation
764 1296 71 21 kunde
851 1297 63 20 hafva
931 1297 60 28 vigti-

168 1335 50 20 gare
234 1327 65 20 saker
315 1328 31 18 att
362 1325 66 20 tänka
444 1325 24 27 på
473 1326 38 25 än
526 1325 129 27 jernvägens
667 1325 153 20 utsträckande
832 1325 30 20 till
875 1326 46 20 vårt
933 1326 59 20 lands

167 1355 131 27 nordligaste
314 1354 65 21 delar.
411 1353 40 21 Om
468 1353 140 20 Österbotten
626 1353 38 20 och
682 1353 124 26 isynnerhet
823 1353 48 20 dess
883 1361 63 13 norra
957 1355 33 19 del

167 1387 23 18 är
207 1381 119 23 vanlottadt
342 1383 5 20 i
364 1382 100 20 afseende
481 1383 11 19 å
509 1381 214 26 kommunikationer,
740 1381 23 21 sä
779 1381 61 21 torde
851 1381 36 21 det
899 1382 91 21 förnäm-

166 1413 63 27 ligast
246 1413 52 19 böra
314 1411 124 20 tillskrifvas
455 1410 48 20 dess
520 1411 46 26 läge
583 1411 51 19 nära
651 1410 73 26 polens
740 1411 64 25 gräns
821 1410 39 20 och
872 1410 48 20 dess
931 1411 24 20 af
964 1418 26 13 en

166 1442 45 26 gles
236 1440 123 26 befolkning
383 1438 105 27 bebodda,
512 1440 55 19 ännu
587 1439 23 20 så
628 1438 50 27 föga
695 1437 76 21 odlade
788 1439 39 19 och
844 1439 147 26 otillgängliga

166 1469 166 21 landssträckor.
364 1467 56 21 Dess
440 1468 79 19 största
541 1466 102 25 rikedom,
660 1466 220 27 skogsprodukterna,
897 1467 92 26 stockar,

166 1498 76 20 bräder
257 1497 40 21 och
314 1497 54 27 tjära
385 1496 61 20 skola
462 1495 36 20 allt
514 1495 130 21 fortfarande
661 1494 52 20 söka
730 1494 31 20 sin
774 1496 40 26 väg
826 1495 29 19 till
868 1495 71 21 hafvet
950 1496 38 20 och
