1142 1786
486 117 38 15 Den
538 117 9 14 3
561 116 57 20 April.
899 115 38 20 331

141 173 86 20 skatten
252 172 53 21 skall
329 173 26 26 gå
371 172 30 21 till
418 179 80 13 samma
514 171 85 21 utskott
615 171 52 21 eller
681 171 54 21 blott
752 171 30 20 till
799 171 168 25 statsutskottet,

142 201 69 20 skulle
224 201 38 27 jag
278 201 85 20 förorda
379 200 172 28 propositionens
567 200 137 21 omedelbara
720 200 82 20 remiss.

210 229 59 21 Herr
278 229 101 21 Munck:
395 229 42 27 Jag
448 229 68 20 skulle
528 229 75 26 önska,
614 231 32 18 att
657 228 160 28 propositionen
830 228 66 21 måtte
905 228 62 36 bord-

142 258 83 27 läggas,
240 258 65 21 innan
322 257 40 22 den
379 258 129 20 remitteras.

210 286 58 21 Herr
291 285 203 27 Nordenskiöld,
519 285 58 21 Carl
598 285 91 27 Adolf,
708 285 103 21 förenade
828 285 32 27 sig
875 286 7 20 i
898 285 70 21 denna

142 315 106 21 anhållan.

211 343 64 27 Uppå
297 343 157 27 framställning
472 342 23 21 af
516 342 50 21 herr
582 342 197 21 landtmarskalken
797 342 69 21 beslöt
882 342 87 20 ståndet

141 374 31 18 att
189 372 31 21 till
237 374 61 18 nästa
314 372 158 20 sammanträde
490 371 117 27 bordlägga
622 370 164 28 ifrågavarande
801 370 78 28 nådiga
890 377 78 21 propo-

142 400 71 27 sition,
230 401 81 26 hvarpå
328 400 168 21 sammanträdet
512 400 111 27 upplöstes
639 400 29 20 kl.
682 400 62 26 11,40
756 399 48 21 min.
812 399 155 27 förmiddagen.

728 435 21 15 In
762 435 63 15 fidem:

626 463 72 20 Victor
714 463 25 20 de
755 462 22 21 la
793 462 105 28 Chapelle.

313 554 125 34 Lördagen
456 554 46 27 den
521 554 14 27 6
553 554 72 35 April
642 554 33 27 kl.
694 553 61 28 11f
773 561 31 20 m.

211 600 202 28 Protokollsutdrag
436 600 61 21 öfver
516 600 161 27 ridderskapets
697 600 39 20 och
757 600 73 21 adelns
847 600 71 21 beslut
934 602 34 20 vid

143 630 169 20 sammanträdet
328 630 40 20 den
385 630 11 20 3
414 629 61 27 April
491 629 111 27 upplästes
616 629 38 21 och
669 629 129 27 justerades.

212 686 57 22 Herr
285 686 195 21 landtmarskalken
497 686 100 26 anmälte,
613 688 32 19 att
660 686 46 20 frän
724 686 139 21 medständen
880 686 87 21 ankom-

143 716 37 20 mit
197 716 94 27 följande
308 715 209 28 protokollsutdrag
505 711 15 36 :

280 744 57 21 Frän
353 744 168 27 presteständet:

212 772 23 21 af
248 772 41 21 den
305 774 25 20 21
348 773 57 20 Mars
421 772 47 20 med
484 772 165 27 underrättelse,
659 774 31 18 att
701 772 161 28 presteständet
873 772 94 28 beslutit,

142 803 32 19 att
190 808 26 14 en
232 802 90 27 petition
339 808 33 14 om
389 800 160 28 upphäfvandet
564 801 23 20 af
601 801 26 20 de
643 800 140 28 stadganden,
800 807 45 14 som
862 801 61 20 ställa
933 801 35 27 ju-

142 830 67 20 darne
226 832 58 18 utom
301 830 39 20 den
358 830 31 20 för
405 829 83 21 landets
504 830 103 20 invånare
623 829 98 27 gällande
738 829 41 27 lag,
794 829 48 21 icke
859 829 66 21 borde
937 830 30 20 till

143 858 61 21 Hans
221 858 101 28 Majestät
338 859 85 26 aflätas;

212 887 23 20 af
248 893 81 14 samma
345 886 41 27 dag
395 886 48 21 med
454 886 163 27 underrättelse,
629 888 32 19 att
672 886 85 21 ständet
769 886 139 21 oförändradt
917 886 50 27 god-

143 915 52 21 känt
216 915 232 21 ekonomieutskottets
464 915 136 21 betänkande
616 915 6 20 i
638 914 115 28 anledning
769 915 23 20 af
805 913 28 22 H.
850 914 27 21 K.
894 914 74 28 Maj:ts

143 944 77 27 nädiga
245 944 131 27 proposition
392 943 111 28 angäende
519 943 91 28 ändring
625 943 23 21 af
662 944 27 20 20
705 943 12 28 $
733 943 6 20 i
755 943 77 27 nädiga
848 943 121 21 förordnin-

142 979 41 20 gen
200 979 33 14 om
252 972 90 21 handeln
360 972 38 21 och
415 972 129 27 näringarne
561 972 6 20 i
582 971 103 28 Finland;

212 1001 23 20 af
256 1001 39 20 den
315 1001 27 20 25
358 1000 58 21 Mars
432 1001 47 20 med
496 1000 212 27 tillkännagifvande,
725 1002 32 19 att
773 999 86 22 ständet
875 1001 27 26 pä
919 1000 49 21 dess

142 1029 98 21 enskilda
263 1029 185 21 besvärsutskotts
471 1029 81 27 förslag
571 1029 89 20 beslutit
679 1031 32 18 att
727 1029 110 20 remittera
855 1029 113 27 petitions-

141 1058 105 27 förslaget
262 1065 34 14 om
312 1057 144 28 uppförandet
472 1058 22 20 af
508 1064 54 20 egen
576 1057 56 21 lokal
648 1058 33 20 för
698 1057 157 21 normalskolan
867 1057 30 21 till
910 1059 58 19 stän-

142 1087 77 20 dernas
236 1086 106 21 allmänna
357 1086 186 27 besvärsutskott
534 1082 12 36 ;

212 1115 22 20 af
256 1122 82 13 samma
356 1115 42 27 dag
416 1115 48 20 med
484 1098 165 53 underrättelse,
665 1116 32 19 att
713 1115 85 20 ståndet
814 1114 82 27 antagit
913 1114 56 21 oför-

142 1143 93 22 ändradt
258 1144 152 32 lagutskottets
434 1143 158 21 betänkande
582 1138 15 37 i
609 1143 115 28 anledning
740 1143 22 20 af
775 1142 62 21 Hans
854 1143 114 28 Majestäts

143 1173 77 26 nådiga
237 1172 131 28 proposition
385 1179 33 13 om
435 1171 90 27 ändring
540 1171 23 21 af
578 1173 25 19 16
619 1172 12 26 $
649 1173 25 19 10
691 1171 48 28 kap.
755 1171 26 21 R.
798 1171 25 20 B.

280 1200 58 21 Frän
354 1200 188 28 borgareständet:

212 1229 22 21 af
248 1229 39 21 den
306 1230 25 20 14
347 1228 58 21 Mars
421 1228 48 21 med
486 1228 213 28 tillkännagifvande,
715 1230 32 19 att
757 1227 88 22 ständet
855 1228 47 21 icke
915 1228 54 21 kun-

143 1261 37 17 nat
202 1258 115 27 godkänna
342 1257 232 22 ekonomieutskottets
597 1257 136 21 betänkande
749 1257 6 20 i
772 1257 116 28 anledning
903 1257 22 21 af
940 1257 29 21 H.

142 1285 27 22 K.
188 1287 70 27 Maj:ts
278 1286 78 27 nädiga
376 1286 132 27 proposition
522 1293 34 14 om
572 1285 115 22 förändrad
703 1285 69 28 grund
787 1285 34 21 för
837 1285 132 28 tolagsafgif-

142 1317 48 18 tens
214 1315 143 26 beräknande,
380 1317 51 18 utan
452 1314 88 21 beslutit
559 1316 32 19 att
609 1315 158 20 äterremittera
787 1314 90 21 ärendet
892 1314 32 21 till
939 1321 29 20 ny

144 1343 130 27 behandling
290 1343 22 21 af
326 1343 115 26 utskottet;

212 1372 22 20 af
248 1371 41 22 den
306 1373 26 20 25
349 1372 56 20 Mars
420 1371 48 21 med
485 1371 163 25 underrättelse,
660 1373 32 19 att
703 1371 86 21 ständet
800 1371 31 20 till
843 1371 125 28 ytterligare

142 1400 140 28 suppleanter
305 1401 5 19 i
334 1400 106 21 allmänna
457 1400 198 21 besvärsutskottet
674 1399 67 21 invalt
756 1400 103 21 herrarne
874 1399 93 21 Jansson

142 1429 39 20 och
199 1429 109 20 Fabritius
324 1431 55 18 samt
395 1429 67 20 under
478 1428 27 21 de
522 1429 57 20 förut
596 1428 62 21 valde
675 1429 177 26 suppleanternes
868 1428 100 21 fränvaro

141 1457 7 20 i
164 1457 63 21 deras
244 1457 60 21 ställe
316 1457 30 21 till
355 1457 139 28 suppleanter
506 1457 5 20 i
524 1457 221 21 ekonomieutskottet
756 1457 44 21 valt
811 1457 50 20 herr
869 1456 101 25 Jansson,

141 1485 7 21 i
172 1486 163 20 statsutskottet
358 1486 49 20 herr
428 1485 114 21 Wendelin
562 1486 39 20 och
621 1485 6 21 i
647 1485 166 21 bankutskottet
832 1486 49 20 herr
900 1485 68 27 Borg-

142 1515 75 19 ström.
