1142 1786
224 105 42 20 266
538 107 38 15 Den
591 107 20 15 19
625 107 53 16 Mars.

265 161 58 21 Ifrån
341 161 139 21 medständen
498 162 54 21 hade
568 163 92 27 följande
678 163 197 28 protokollsutdrag
892 164 121 20 inkommit:

268 190 45 20 frän
331 191 170 26 presteständet:

266 219 24 19 af
303 219 40 20 den
360 219 12 20 9
390 219 62 26 Mars,
470 219 47 20 med
535 219 155 21 underrättelse
703 222 32 18 att
748 221 85 19 ständet
845 220 30 21 till
888 220 136 28 bevillnings-

197 247 107 20 utskottet
328 248 120 20 remitterat
472 248 26 20 H.
520 247 26 21 K.
570 248 69 27 Maj:ts
660 249 77 26 nådiga
754 249 140 26 proposition,
911 249 110 27 angående

197 283 27 19 ny
241 275 127 27 förordning
384 283 32 13 om
433 277 276 27 stämpelpappersafgiften
726 277 5 20 i
748 277 102 26 Finland;

266 304 46 20 frän
328 304 187 27 borgareständet:

266 332 24 20 af
306 332 40 21 den
370 333 24 20 12
414 332 64 26 Mars,
495 333 140 21 meddelande
652 335 31 19 att
700 334 59 20 detta
776 334 61 20 ständ
855 334 94 27 godkänt
968 342 53 12 sam-

197 363 108 19 mansatta
328 363 63 19 stats-
416 362 38 20 och
476 362 232 20 ekonomieutskottets
729 362 136 21 betänkande
886 363 47 20 med
951 363 70 20 anled-

198 390 51 27 ning
272 390 23 20 af
314 390 77 27 nädiga
412 390 159 27 propositionen
590 398 32 12 om
644 391 75 26 anslag
735 391 32 19 till
781 390 147 21 förbättrande
943 392 23 20 af
980 392 40 20 far-

197 418 62 20 leden
276 418 90 20 emellan
384 418 31 20 S:t
432 419 87 20 Michels
535 419 46 20 stad
598 419 38 21 och
653 420 71 26 öppna
741 419 94 25 Saimen,
851 422 58 18 utom
925 422 31 18 att
968 420 51 20 ifrån

198 447 36 20 det
255 446 146 28 underdäniga
420 449 71 19 svaret
506 448 6 19 i
529 450 71 18 ämnet
616 447 66 21 borde
699 448 104 20 uteslutas
821 448 76 20 orden:
913 448 108 27 ,isynner-

198 475 36 21 het
258 482 44 14 som
324 475 60 21 detta
405 476 193 27 beskattningssätt
613 476 33 20 för
663 476 133 20 närvarande
814 476 60 21 torde
891 477 84 20 komma
989 479 32 18 att

198 506 61 25 tagas
276 504 4 20 i
302 504 94 27 anspråk
416 504 32 20 för
464 505 77 26 många
557 504 72 26 andra,
645 512 59 13 mera
719 505 165 27 allmännyttiga
901 505 119 26 ändamål";

268 532 22 20 af
304 540 82 13 samma
404 532 40 28 dag
461 533 47 20 med
525 533 212 27 tillkännagifvande,
749 536 32 18 att
792 534 86 20 ståndet
893 534 81 27 antagit
985 534 36 20 all-

198 563 78 19 männa
300 561 206 21 besvärsutskotteis
527 562 67 27 jemte
617 562 112 21 skrifvelse
751 562 40 21 den
809 562 12 21 8
837 563 5 20 i
860 563 69 20 denna
946 563 75 20 månad

198 589 119 21 aflomnade
341 590 79 26 förslag
444 590 31 20 till
499 591 132 26 underdänig
653 591 90 26 petition
769 591 110 26 angående
900 591 120 27 lagbunden

197 618 139 28 tryekfrihets
352 618 122 26 införande;

267 648 22 19 af
304 654 81 13 samma
402 647 40 27 dag
459 647 142 27 delgifvande,
618 649 31 19 att
666 648 85 20 ständet
769 649 26 25 pä
812 648 210 27 hevillningsutskot-

198 678 42 18 tets
264 675 126 21 hemställan
415 676 93 20 beslutat
532 676 29 20 till
584 679 154 17 sammansatta
759 678 63 18 stats-
843 676 39 21 och
900 677 121 20 ekonomie-

198 704 108 21 utskottet
326 704 110 20 remittera
456 704 36 20 det
513 704 5 20 i
536 704 27 20 H.
581 704 25 20 K.
624 704 71 28 Maj:ts
712 705 79 27 nädiga
808 705 131 26 proposition
957 707 63 26 angä-

198 732 54 21 ende
269 732 116 28 bevillning
401 732 32 20 för
451 733 53 20 1873
520 733 39 20 och
577 733 122 27 påföljande
714 734 30 25 år,
761 734 88 26 intagna
860 736 116 18 momentet
988 741 32 13 om

198 762 74 27 anslag
291 761 33 21 för
344 761 134 27 uppförande
499 762 22 20 af
535 768 24 13 en
576 761 77 28 fyrbäk
670 763 12 19 &
698 761 99 27 Bägskär
813 762 190 21 undervattensref
1017 763 5 19 i

197 790 83 20 Ålands
297 790 41 20 haf.

269 846 119 28 Föredrogs
405 847 38 21 och
461 847 112 20 bordlades
590 847 29 20 till
635 848 61 20 nästa
711 848 158 20 sammanträde

268 876 158 19 Sammansatta
449 879 63 16 stats-
536 876 37 20 och
595 876 233 20 ekonomieutskottets
850 876 143 26 betänkande,
1016 877 4 20 i

198 903 115 28 anledning
329 904 23 20 af
365 903 28 21 H.
410 903 26 21 K.
451 904 69 27 Maj:ts
534 904 76 27 nädiga
624 904 140 27 proposition,
776 905 110 26 angäende
898 905 123 26 förändring

198 933 22 20 af
234 933 26 20 de
277 933 47 20 med
341 931 118 27 Kuusamo,
476 932 123 21 Kemiträsk
616 932 38 21 och
671 932 126 28 Kuolajärvi
814 933 133 21 sockneboer
959 933 62 21 afslu-

198 961 49 20 tade
263 961 191 26 knektekontrakt,
471 963 55 18 samt

266 990 107 20 allmänna
390 989 206 21 besvärsutskottets
614 990 134 20 betänkande
765 990 110 27 angående
891 998 25 13 en
933 991 28 20 till
975 991 46 20 bor-

196 1018 140 27 gareständet
351 1018 106 20 inlemnad
476 1018 86 26 petition
580 1025 33 14 om
630 1018 161 28 upphäfvandet
807 1019 22 20 af
843 1019 26 20 de
881 1019 140 26 stadganden,

197 1053 45 14 som
258 1047 62 20 ställa
337 1046 95 21 Judarne
449 1050 57 17 utom
524 1047 40 20 den
581 1047 32 20 för
629 1047 82 20 landets
728 1047 130 21 innevånare
871 1047 96 28 gällande
980 1049 40 26 lag.

266 1075 173 20 Sammanträdet
456 1075 110 28 upphörde
583 1076 90 20 klockan
692 1077 31 22 12,
741 1076 26 20 25
784 1076 47 20 min.
844 1076 175 27 eftermiddagen.

795 1118 21 15 In
829 1117 63 16 fidem:

707 1145 70 21 Vietor
794 1146 25 20 de
835 1145 20 20 la
873 1145 104 28 Chapelle.

324 1252 122 34 Tisdagen
464 1253 46 26 den
528 1253 28 26 19
573 1253 66 27 Mars
656 1253 34 27 kl.
708 1253 28 26 12
755 1253 138 33 middagen.

267 1304 136 21 Meddelades
420 1307 31 18 att
466 1305 46 20 frän
526 1305 138 20 medständen
678 1305 93 28 följande
784 1305 195 28 protokollsutdrag
992 1306 28 20 in-

195 1333 95 24 kommit,
308 1333 116 27 nemligen:

264 1362 54 20 ifrän
335 1362 169 27 prestoständet:

265 1390 23 21 af
310 1390 39 21 den
376 1391 26 20 12
423 1390 65 27 Mars,
510 1390 47 21 med
573 1391 158 20 underrättelse
749 1393 30 18 att
796 1391 85 20 ståndet
898 1391 65 27 sagde
980 1392 40 26 dag

195 1419 96 27 godkänt
314 1419 37 20 det
374 1419 22 20 af
418 1419 105 20 allmänna
545 1419 197 20 besvärsutskottet
759 1420 120 26 uppgjorda
895 1419 80 28 förslag
990 1419 31 21 till

196 1447 112 21 redaktion
325 1447 23 21 af
362 1447 40 20 den
419 1447 90 28 petition
526 1455 33 13 om
570 1448 121 27 lagbunden
701 1447 141 27 tryckfrihet
840 1443 9 36 i
853 1447 97 26 Finland,
960 1448 60 21 hvar-

196 1477 48 19 med
260 1476 99 27 samtliga
376 1476 86 20 ständer
480 1477 93 19 beslutat
589 1477 30 19 till
636 1476 28 20 H.
681 1475 26 21 K.
722 1476 61 27 Maj:t
794 1476 55 27 ingä,
859 1476 54 20 dock
923 1477 48 19 med
981 1477 39 19 den

196 1504 22 21 af
233 1504 109 28 professor
358 1504 102 20 Forsman
479 1505 122 27 föreslagna
616 1504 152 28 förändringen
786 1506 31 18 att
834 1504 35 20 det
885 1504 5 20 i
903 1504 65 28 sagde
979 1505 42 21 för-
