1142 1786
474 125 39 15 Den
528 125 9 14 5
552 125 52 15 Mars.
886 127 39 19 195

197 180 121 28 Föredrogs
334 181 233 20 riddarhusutskottets
583 181 31 20 till
631 181 68 20 denna
711 181 42 28 dag
763 181 118 28 bordlagda
892 183 61 20 skrif-

127 209 57 20 velse
208 209 22 20 af
252 209 40 21 den
316 210 25 19 16
361 209 111 26 Februari,
491 209 112 28 angående
621 210 124 27 utgifvande
762 210 22 21 af
798 217 26 14 en
842 218 27 20 ny
885 211 68 21 adels-

127 237 109 21 kalender.

195 265 59 22 Herr
269 266 151 26 Schauman,
437 267 99 20 Berndt
552 267 71 26 Otto,
639 267 66 20 erhöll
721 267 54 20 först
786 267 62 21 ordet
860 269 39 20 och
911 271 42 25 ytt-

126 295 62 20 rade:
208 294 42 28 Jag
270 295 68 20 skulle
359 295 112 27 högeligen
492 295 93 26 förorda,
605 297 32 18 att
660 295 40 20 den
717 295 22 20 af
753 295 49 21 herr
817 296 84 21 Pinello
918 297 34 21 be-

128 323 66 27 gärda
210 323 60 27 ringa
286 330 96 14 summan
394 324 66 20 måtte
473 324 66 20 blifva
550 324 77 20 honom
639 324 100 27 beviljad,
751 324 69 20 såsom
830 325 122 21 riddarhus-

127 352 106 20 utskottet
257 352 62 20 äfven
344 352 112 26 tillstyrkt;
481 354 23 26 ty
524 352 83 20 oafsedt
627 352 36 20 det
681 352 154 28 gencalogiska
854 354 98 26 intresse,

127 387 45 13 som
192 382 23 19 är
233 380 81 20 fästadt
330 380 34 20 vid
381 387 26 13 en
424 380 65 21 sådan
507 380 108 24 kalender,
633 382 22 18 är
673 380 98 21 behofvet
788 382 23 20 af
825 382 69 21 denna
911 383 41 20 bok

127 409 158 27 ögonskenligt,
302 410 22 19 så
340 409 61 27 länge
418 409 151 27 ridderskapet
585 409 38 21 och
635 409 62 20 adeln
710 410 38 20 har
759 411 193 25 representations-

127 439 43 19 rätt
186 438 66 27 enligt
269 444 27 14 nu
312 437 98 27 gällande
426 437 215 28 riddarhusordning;
658 438 65 20 likväl
740 438 47 21 med
804 439 36 21 det
856 440 96 27 uttryck-

127 466 42 27 liga
185 466 75 26 vilkor,
275 466 81 20 hvilket
367 466 73 26 redan,
452 466 26 21 då
488 466 76 28 frågan
575 466 130 28 föregående
717 467 56 27 gång
783 467 92 27 förevar,
887 468 65 21 fästa-

127 494 38 21 des
181 494 81 27 dervid,
278 496 31 19 att
325 495 164 27 manuskriptet,
504 496 66 20 innan
586 495 37 21 det
637 495 111 21 lemnades
759 496 29 20 till
801 497 69 27 tryck,
884 497 69 21 skulle

127 523 105 27 granskas
248 523 23 21 af
286 522 220 22 riddarhusutskottet
523 524 52 20 eller
591 524 135 20 direktionen
744 525 25 26 på
785 524 36 22 det
833 526 70 20 denna
917 526 35 20 ka-

127 551 75 21 lender
218 552 66 21 måtte
300 552 64 21 blifva
380 552 23 21 så
419 552 125 28 fullständig
560 552 38 21 och
615 552 82 28 pålitlig
713 559 45 14 som
771 553 88 28 möjligt,
872 554 81 21 hvilket

127 581 24 19 så
167 581 86 27 mycket
269 587 45 14 mer
329 587 64 20 synes
413 588 50 13 vara
483 581 23 21 af
519 581 103 20 behofvet
638 581 115 27 påkalladt,
770 589 44 13 som
832 583 65 20 också
911 583 40 20 den

127 609 68 20 första
211 608 70 22 finska
296 609 177 23 adelskalendern
490 611 24 19 är
529 610 100 20 behäftad
641 610 47 20 med
701 611 56 19 stora
770 610 182 28 bristfälligheter,

128 637 68 21 ehuru
219 637 141 21 redaktionen
384 638 147 27 ombesörjdes
556 638 22 20 af
596 645 25 13 en
642 638 23 20 så
682 640 69 18 varmt
765 639 131 21 intresserad
914 640 38 21 och

127 666 115 27 insigtsfull
263 673 54 17 man,
337 673 45 13 som
403 666 40 20 den
464 666 123 21 dåvarande
609 666 271 23 riddarhussekreteraren.
911 668 42 28 Jag

128 694 69 21 skulle
221 696 56 19 ännu
301 695 68 20 önska
388 696 31 19 att
438 695 88 27 tillägga
546 696 65 26 några
631 695 37 20 ord
687 696 48 20 med
751 696 102 21 afseende
869 698 12 20 å
897 697 56 21 hvad

128 730 27 13 en
178 723 52 21 ärad
249 723 100 27 ledamot,
369 723 49 21 herr
433 723 75 21 Victor
526 731 40 13 von
583 723 126 27 Haartman,
727 724 34 20 vid
777 726 30 19 ett
823 725 129 27 föregående

128 752 159 20 sammanträde
310 752 92 27 yttrade,
425 754 33 18 att
480 752 56 21 blott
560 754 30 18 ctt
614 752 74 28 tillägg
711 752 30 21 till
762 752 70 22 denna
851 754 102 21 kalender

128 780 68 20 skulle
218 787 50 14 vara
289 780 73 28 nödigt
382 780 39 21 och
441 781 48 20 ieke
511 781 49 21 hela
579 780 116 22 kalendern
713 782 92 20 behöfva
822 784 130 26 omtryckas.

128 808 42 27 Jag
186 809 49 20 ville
251 809 46 20 visa
313 809 53 20 huru
378 809 46 21 litet
436 809 90 21 betänkt
538 810 59 20 detta
607 809 100 28 yttrande
720 817 43 13 var.
787 810 112 22 Alltsedan
911 812 40 20 den

128 837 58 21 förra
209 837 116 21 kalendern
349 838 82 26 utkom,
455 838 51 20 eller
526 838 6 20 i
554 839 25 19 14
599 838 12 21 &
631 839 24 19 15
675 838 29 27 är,
721 838 37 21 har
771 839 38 27 jag
825 840 105 27 nemligen
947 842 5 19 i

128 866 48 20 mitt
199 866 110 28 exemplar
332 866 116 21 antecknat
471 866 26 21 de
517 867 5 19 i
543 866 134 28 tidningarne
699 868 147 20 annonserade
863 868 89 21 dödsfall

128 894 40 21 och
184 894 118 27 giftermål;
318 901 28 14 nu
362 894 38 21 har
412 895 39 27 jag
467 895 176 20 sammanräknat
658 895 48 20 dem
723 895 39 21 och
778 896 61 20 deraf
854 897 99 27 framgår,

128 924 32 19 att
179 923 71 20 ibland
272 923 25 20 de
313 923 89 27 grefliga
418 925 85 19 ätterna
519 923 64 21 hafva
599 924 46 20 dött
661 924 47 20 icke
725 924 80 21 mindre
821 926 26 19 än
863 926 27 20 20
907 933 46 20 per-

129 958 70 19 soner,
221 951 63 20 bland
304 951 26 20 de
350 951 121 28 friherrliga
490 953 27 20 90
538 952 38 21 och
593 952 64 21 bland
673 952 26 21 de
715 952 71 28 adliga
801 953 48 26 570,
866 954 35 20 det
918 955 34 20 vill

128 981 51 26 säga
197 981 97 19 närmare
311 981 40 20 700
367 980 147 26 tillsammans,
532 981 39 20 och
587 981 112 20 deribland
715 981 99 28 omkring
832 983 39 20 100
883 983 70 26 capita

128 1008 52 21 eller
197 1008 138 26 hufvudmän,
352 1008 38 21 och
408 1011 31 18 att
455 1009 109 27 giftermål
580 1009 68 20 blifvit
659 1009 108 28 ingångna
775 1010 85 27 jemlikt
872 1018 81 13 annons

128 1037 31 20 till
176 1039 31 18 ett
223 1037 57 20 antal
297 1037 23 20 af
329 1037 47 21 280.
389 1050 27 2 —
429 1037 32 21 Då
472 1038 64 20 likväl
548 1038 27 27 på
586 1038 57 27 långt
655 1039 37 19 när
703 1038 48 20 icke
762 1039 40 20 alla
814 1039 97 26 dödsfall,
923 1041 30 19 åt-

128 1066 106 19 minstone
258 1065 47 21 icke
327 1065 40 21 alla
387 1066 69 26 barns,
476 1066 38 21 och
536 1068 56 19 ännu
608 1067 82 20 mindre
707 1067 40 20 alla
763 1067 105 26 giftermål
885 1068 68 21 finnas

128 1093 166 28 tillkännagifna
310 1095 4 19 i
332 1094 142 27 tidningarne,
491 1095 61 20 torde
569 1101 47 14 man
634 1097 50 18 utan
701 1095 112 21 öfverdrift
829 1096 71 21 kunna
917 1104 35 13 an-

128 1126 51 23 taga
194 1124 32 19 att
237 1124 51 19 nära
301 1123 61 24 1,000
373 1123 90 20 dödsfall
475 1123 38 20 och
526 1123 99 27 omkring
636 1124 41 20 500
688 1124 106 27 giftermål
805 1125 68 20 under
884 1125 70 20 denna

129 1151 93 27 tidrymd
234 1151 101 20 inträffat.
360 1151 69 21 Deraf
438 1151 52 21 skall
503 1159 48 13 man
563 1151 63 26 finna,
636 1154 31 19 att
678 1152 97 27 tillägget
787 1153 70 20 kunde
868 1153 85 21 komma

128 1181 32 19 att
182 1179 66 21 blifva
268 1179 136 27 vidlyftigare
426 1182 26 18 än
470 1181 46 19 hela
533 1180 124 26 kalendern,
674 1181 39 20 och
729 1181 69 20 dertill
816 1182 95 20 kommer
928 1183 26 19 då

128 1209 56 19 ännu
208 1208 27 20 de
258 1208 74 20 föddas
357 1208 64 26 antal,
443 1215 45 13 som
506 1208 39 28 jag
561 1208 38 21 alls
615 1209 48 20 icke
679 1209 87 26 känner,
783 1212 55 18 samt
854 1210 99 28 slutligen

129 1237 40 20 alla
186 1237 26 20 de
228 1236 68 21 under
312 1237 70 20 denna
400 1237 29 20 tid
446 1237 81 20 skedda
545 1237 157 28 befordringar,
714 1240 23 25 ty
749 1239 26 26 på
787 1238 79 21 femton
878 1240 23 19 år
913 1240 40 19 kan

129 1265 87 26 mycket
239 1265 90 20 inträffa.
361 1266 43 19 Det
427 1265 39 21 kan
488 1266 30 20 till
539 1266 39 20 och
599 1267 47 19 med
666 1266 92 27 inträffa,
775 1269 31 18 &t
822 1268 69 27 någon
909 1275 44 13 som

130 1294 54 20 1858
204 1301 38 13 var
262 1294 72 26 kopist
350 1294 4 20 i
372 1293 114 28 kejserliga
503 1297 96 24 senaten,
617 1301 27 14 nu
661 1295 61 20 sitter
738 1302 44 13 som
799 1299 92 17 senator.
922 1296 33 21 På

129 1322 69 27 grund
216 1322 22 20 af
252 1322 55 20 hvad
315 1323 38 26 jag
364 1322 77 27 anfört,
451 1323 68 20 skulle
529 1323 38 27 jag
579 1323 73 26 önska,
664 1323 30 20 till
706 1323 39 21 och
757 1324 47 21 med
816 1325 53 26 yrka
881 1325 32 27 på,
923 1327 31 18 att

129 1357 26 14 en
172 1351 65 20 sådan
254 1351 102 20 kalender
370 1351 66 20 måtte
446 1351 94 27 utgifvas
552 1352 30 20 till
594 1352 73 27 hvarje
679 1352 109 27 landtdag,
800 1353 27 20 då
837 1353 118 20 förändrin-

128 1386 66 19 garne
211 1379 47 21 icke
275 1379 70 20 blefve
361 1380 23 19 så
395 1379 77 21 talrika
484 1387 44 13 som
542 1379 25 21 de
580 1387 26 13 nu
618 1381 43 25 äro,
673 1383 56 18 samt
740 1381 122 27 derigenom
875 1382 80 27 svårig-

129 1407 64 21 heten
210 1409 32 19 att
259 1407 130 21 kontrollera
406 1408 48 21 dem
471 1409 23 20 så
511 1409 88 27 mycket
616 1409 87 25 mindre,
721 1409 38 20 och
777 1410 68 20 skulle
858 1411 37 26 jag
907 1411 48 20 icke

128 1443 52 13 anse
203 1436 82 27 obilligt
305 1438 31 19 att
357 1436 274 21 riddarhus-sekreteraren
651 1437 110 21 åhvälfdes
781 1438 123 27 åliggandet
924 1442 31 17 att

129 1464 68 21 under
221 1465 95 20 tidernas
340 1465 50 27 lopp
413 1465 107 21 anteckna
539 1466 31 20 uti
589 1467 31 18 ett
639 1466 154 21 interfolieradt
809 1467 110 27 exemplar
935 1468 22 19 af

128 1492 117 21 kalendern
263 1493 26 20 de
307 1493 155 25 förändringar,
479 1500 45 14 som
542 1494 101 20 inträffat.

197 1521 59 21 Herr
276 1522 120 26 Pipping,
415 1522 117 20 Fredrik:
551 1522 70 20 Också
635 1523 38 26 jag
689 1523 122 20 iustämmer
828 1524 126 26 fullkomligt

854 1565 33 15 13*
