1142 1786
426 115 38 15 Den
479 115 20 16 14
512 115 95 16 Februari.
909 115 28 20 35

139 171 69 27 grund
233 171 62 20 deraf
316 170 124 28 olämpliga,
464 171 51 20 eller
538 171 40 20 ock
602 171 65 20 redan
684 171 124 28 bebyggda,
825 171 140 27 hvarigenom

140 199 63 21 deras
219 199 111 21 inlösande
345 199 49 21 med
410 199 52 20 derå
477 199 114 28 uppförda,
607 199 34 21 för
656 199 84 21 banken
752 199 152 21 oanvändbara
913 199 52 28 byg-

139 227 67 21 nader
230 227 70 21 blefve
323 227 63 28 högst
404 228 112 20 kostsamt.
548 227 105 21 Deremot
668 235 51 13 vore
735 228 40 20 den
792 229 59 19 öster
866 235 35 13 om
917 234 48 21 gre-

140 256 125 27 kisk-ryska
288 255 164 28 församlingens
471 256 71 27 gamla
565 256 69 27 kyrka
657 256 38 21 och
712 263 49 14 norr
777 263 34 14 om
826 255 139 28 Nikolaikyr-

145 285 41 19 kan
211 285 90 27 belägna
324 285 71 27 öppna
415 284 66 27 plats,
500 291 46 13 som
562 285 47 19 icke
625 286 24 18 är
665 284 30 20 till
712 286 79 18 tomter
805 284 94 27 indelad,
915 291 49 13 men

140 312 22 21 af
176 312 75 21 staden
267 312 33 20 för
315 312 134 21 närvarande
465 312 31 21 till
513 320 27 12 en
557 312 33 20 del
607 312 135 28 disponeras,
759 312 53 21 både
829 319 77 21 genom
916 312 49 20 dess

140 342 64 26 något
228 341 23 20 så
266 342 38 19 när
323 341 95 21 centrala
434 341 58 27 läge,
508 341 50 20 dess
573 341 76 20 närhet
664 341 32 20 till
711 341 114 27 posthuset
841 341 40 21 och
898 340 67 22 andra

140 369 138 21 embetsverk
300 371 56 19 samt
372 369 49 21 dess
433 370 22 20 af
469 369 41 21 fast
526 369 53 27 berg
596 369 117 21 bestående
730 370 69 27 grund
813 370 35 20 för
863 369 102 21 ändamå-

139 398 30 20 let
185 398 136 27 synnerligen
338 397 79 28 egnad,
434 398 98 20 hvarföre
549 398 192 27 bankfullmäktige
751 398 21 21 få
779 398 32 20 till
819 399 55 19 tomt
881 398 34 21 för
929 397 36 21 det

139 426 109 20 tilltänkta
264 426 120 21 bankhuset
404 426 158 20 vördsammast
577 426 80 20 föreslå
672 428 72 19 vestra
760 426 62 21 delen
836 426 23 21 af
872 425 93 22 nämnde

140 454 65 28 plats,
222 454 100 21 mätande
338 454 46 21 från
400 456 92 26 gränsen
508 455 24 20 af
545 454 140 21 förenämnde
701 455 166 27 grekisk-ryska
883 454 81 28 kyrkas

140 483 111 27 tomtplats
268 483 21 20 åt
304 484 59 20 öster
380 484 40 20 170
435 483 31 20 fot
482 484 56 20 samt
553 483 7 20 i
575 490 50 14 norr
641 483 40 21 och
697 483 62 21 söder
775 484 91 20 emellan
875 482 88 28 Kyrko-

140 511 39 21 och
203 511 160 28 Fredsgatorna
384 512 42 20 216
444 511 32 21 fot
492 511 39 21 och
548 511 83 21 således
648 512 30 20 till
695 512 176 21 arealinnehållet
887 511 78 27 36,720

140 540 129 28 qvadratfot.
300 540 82 21 Härvid
405 540 65 20 hafva
492 540 194 27 bankfullmäktige
709 541 64 28 vågat
791 541 126 26 förutsätta,
933 541 32 19 att

140 569 96 20 tillstånd
258 569 33 20 till
314 569 40 20 den
378 569 90 27 ändring
490 569 6 20 i
520 569 87 20 stadens
628 569 58 26 plan,
707 576 44 14 som
768 569 32 21 för
815 569 97 27 platsens
929 569 36 20 be-

141 596 113 29 byggande
271 597 115 27 erfordras,
403 597 77 20 varder
496 596 23 21 af
534 596 27 21 H.
579 596 26 21 K.
616 597 76 27 Maj:t
687 592 12 37 i
704 598 65 20 nåder
781 597 111 27 beviljadt;
907 596 57 21 hvar-

139 626 67 26 jemte
230 625 202 27 bankfullmäktige,
455 625 49 21 med
524 625 101 21 afseende
641 626 13 20 å
669 626 36 20 det
721 626 93 20 faktiska
829 624 135 22 förhållande

140 656 43 24 att,
206 654 28 27 på
257 655 42 19 sätt
324 654 62 20 ofvan
402 656 24 18 är
444 654 98 26 nämndt,
558 660 25 14 en
606 654 34 20 del
656 654 23 20 af
696 654 40 21 den
756 654 108 27 behöfliga
880 654 83 27 platsen

140 682 33 20 för
189 682 133 21 närvarande
338 682 22 21 af
374 682 75 21 staden
466 682 135 28 disponeras,
617 685 73 18 ansett
705 683 32 27 sig
751 683 54 20 böra
819 682 40 21 hos
875 682 89 20 stadens

141 710 112 28 magistrat
275 712 53 26 göra
348 711 108 27 förfrågan
478 718 35 13 om
537 711 39 20 och
592 711 27 27 på
635 711 73 21 hvilka
724 711 67 21 vilkor
807 710 70 21 denna
893 710 34 21 del
943 710 24 20 af

141 739 83 27 platsen
241 739 71 21 kunde
328 739 22 21 af
364 739 75 21 staden
454 739 34 21 för
504 739 121 21 ändamålet
641 740 109 26 upplåtas;
766 739 40 21 och
817 739 65 21 hafva
895 738 70 21 stads-

141 767 178 28 myndigheterne
339 768 6 20 i
368 768 116 27 anledning
505 767 63 21 häraf
589 768 77 20 bifallit
684 768 31 20 till
731 768 95 27 platsens
843 766 122 26 afstående,

141 802 49 14 men
212 796 34 20 för
270 796 132 26 densamma,
424 796 62 20 äfven
502 796 32 20 till
558 796 40 20 den
622 796 34 20 del
679 803 44 14 som
741 796 33 21 för
790 795 135 21 närvarande
941 796 24 19 är

141 824 151 27 odisponerad,
308 824 82 21 fordrat
405 824 58 21 lösen
480 824 56 20 efter
552 824 120 28 värdering,
689 832 44 14 som
749 825 6 20 i
771 824 52 28 följd
835 824 59 20 häraf
904 823 61 21 verk-

141 852 69 20 ställts
234 853 39 20 och
297 853 87 20 hvarvid
407 852 162 28 ifrågavarande
585 854 124 26 tomtplats,
730 853 31 21 till
777 853 41 20 den
835 852 49 20 vidd
901 852 62 20 ofvan

141 881 127 27 uppgifvits,
292 881 69 20 blifvit
380 881 130 28 uppskattad
526 882 32 19 till
574 883 31 18 ett
621 882 65 20 värde
702 882 23 20 af
737 882 28 20 40
780 881 65 27 penni
863 880 34 21 för
913 887 52 20 qva-

141 909 81 20 dratfot
236 909 52 20 eller
304 909 32 20 för
352 909 48 21 hela
415 909 139 28 tomtplatsen
572 910 74 25 14,688
662 909 66 21 mark.

211 937 41 21 Om
275 937 139 28 uppgörande
438 937 22 21 af
480 938 105 27 ritningar
603 938 32 20 till
655 938 35 21 det
706 937 109 21 tilltänkta
830 937 136 26 bankhuset,

142 965 98 27 lämpade
256 966 55 21 efter
327 965 155 21 ofvannämnde
498 968 64 24 tomt,
575 967 68 26 jemte
659 966 69 21 dertill
743 966 96 21 hörande
851 964 115 21 kostnads-

141 994 91 27 förslag,
247 994 65 21 hafva
327 994 191 28 bankfullmäktige
535 995 76 20 anlitat
626 995 183 20 öfverdirektören
826 993 56 21 Axel
897 993 67 20 Ham-

141 1029 40 21 pus
198 1022 120 27 Dalström,
334 1023 97 26 hvilken,
447 1023 55 20 efter
518 1025 31 18 att
565 1023 72 26 hafva,
654 1023 28 27 pä
698 1022 202 27 bankfullmäktiges
912 1028 53 21 upp-

142 1051 57 27 drag,
216 1051 68 20 under
300 1058 26 13 en
349 1058 48 13 resa
414 1051 59 20 öfver
492 1051 124 21 Stockholm
633 1051 31 20 till
678 1051 153 28 Köpenhamn,
847 1051 55 26 tagit
917 1052 48 18 när-

142 1086 58 13 mare
224 1079 120 21 kännedom
368 1086 33 13 om
420 1079 112 21 derstädes
557 1080 25 25 pä
606 1087 75 13 senare
705 1080 55 20 tider
775 1079 108 28 uppförda
898 1078 67 21 bank-

141 1107 90 27 lokaler,
247 1107 23 21 af
283 1108 72 20 hvilka
371 1107 40 22 den
427 1107 33 21 för
479 1108 180 21 nationalbanken
677 1108 5 20 i
691 1108 144 27 Köpenhamn
844 1107 75 20 vunnit
929 1113 36 14 an-

141 1136 79 21 seende
243 1137 70 20 säsom
329 1136 136 27 synnerligen
486 1136 175 28 ändamälsenlig,
677 1137 103 27 uppgjort
796 1135 39 21 och
851 1135 31 20 till
898 1135 67 20 bank-

140 1164 134 27 fullmäktige
298 1165 100 20 aflemnat
421 1165 105 27 ritningar
549 1165 31 20 till
603 1165 40 20 den
663 1165 88 20 afsedda
770 1163 129 29 byggnaden
916 1163 49 21 med

142 1192 184 28 kostnadsförslag
342 1192 80 27 dertill,
439 1192 98 22 slutande
554 1193 31 27 sig
601 1194 13 19 &
629 1194 90 24 664,200
734 1192 67 21 mark.

211 1221 95 21 Oaktadt
323 1221 40 21 den
378 1220 34 21 för
430 1221 139 28 byggnadens
588 1221 113 21 utförande
720 1220 89 22 sälunda
825 1220 140 27 erforderliga

142 1250 108 27 betydliga
274 1249 99 27 kostnad,
390 1249 85 21 hvilken
491 1250 6 20 i
516 1250 121 27 väsendtlig
652 1251 48 20 män
716 1249 118 22 föranledts
850 1248 23 21 af
887 1249 26 20 de
928 1255 36 13 an-

141 1278 116 27 ordningar
280 1278 30 21 till
334 1279 95 20 bankens
448 1279 96 20 valutors
563 1279 39 20 och
625 1277 252 48 sökerbetshandlingars
901 1277 64 27 skyd-

142 1307 68 20 dande
227 1307 33 20 för
275 1307 81 20 eldfara
371 1306 39 21 och
429 1307 109 28 tillgrepp,
554 1313 45 14 som
615 1307 6 20 i
637 1307 223 20 öfverensstämmelse
877 1305 47 20 med
935 1305 30 20 in-

141 1335 122 28 rättningen
288 1336 5 19 i
314 1335 65 20 andra
394 1341 66 21 nyare
476 1335 184 28 bankbyggnader
675 1335 122 27 föreslagits
813 1335 6 20 i
835 1333 103 21 afseende
954 1334 12 19 å

142 1364 140 27 byggnadens
306 1363 150 21 konstruktion
480 1364 39 20 och
541 1364 168 27 uppvärmning,
724 1363 54 20 lider
793 1363 37 20 det
846 1363 55 20 intet
917 1361 48 21 tvif-

143 1392 30 20 vel
191 1394 31 19 att
237 1393 48 20 icke
299 1392 93 26 banken,
412 1392 95 21 närhelst
523 1393 24 19 så
566 1392 121 27 påfordras,
703 1392 52 26 kan,
771 1393 51 18 utan
839 1390 80 27 menlig
935 1391 30 19 in-

141 1421 79 20 verkan
245 1421 12 20 å
272 1421 49 20 dess
339 1421 151 26 affärsrörelse,
507 1421 90 20 bekosta
611 1420 230 28 byggnadsföretaget,
857 1419 56 20 helst
929 1419 37 20 ka-

141 1449 83 27 pitaler,
241 1449 139 27 mångfaldigt
396 1449 159 27 öfverstigande
572 1449 118 20 kostnaden
701 1448 77 26 derför,
790 1448 34 20 för
833 1447 132 20 närvarande

142 1478 56 26 ligga
221 1478 6 19 i
252 1477 82 21 banken
358 1477 157 27 odisponerade
538 1477 39 20 och
594 1477 108 20 räntelösa
717 1479 54 18 samt
787 1476 31 20 till
836 1478 45 17 stor
893 1475 34 20 del
945 1476 19 26 cj

143 1506 66 20 heller
232 1506 61 20 torde
309 1506 56 20 finna
384 1505 136 27 användning
536 1505 129 21 åtminstone
681 1505 5 20 i
703 1504 40 21 den
759 1506 109 19 närmaste
885 1503 80 20 framit-

875 1544 20 16 E
