<?xml version="1.0" encoding="UTF-8"?>
<alto xmlns="http://www.loc.gov/standards/alto/ns-v3#" xmlns:xlink="http://www.w3.org/1999/xlink" xmlns:xsi="http://www.w3.org/2001/XMLSchema-instance" xsi:schemaLocation="http://www.loc.gov/standards/alto/ns-v3# http://www.loc.gov/alto/v3/alto-3-0.xsd">
	<Description>
		<MeasurementUnit>pixel</MeasurementUnit>
		<sourceImageInformation>
			<fileName>/tmp/tess_rs2y1g3z_input.PNG</fileName>
		</sourceImageInformation>
		<OCRProcessing ID="OCR_0">
			<ocrProcessingStep>
				<processingSoftware>
					<softwareName>tesseract 5.3.4</softwareName>
				</processingSoftware>
			</ocrProcessingStep>
		</OCRProcessing>
	</Description>
	<Layout>
		<Page WIDTH="1142" HEIGHT="1786" PHYSICAL_IMG_NR="0" ID="page_0">
			<PrintSpace HPOS="0" VPOS="0" WIDTH="1142" HEIGHT="1786">
				<ComposedBlock ID="cblock_0" HPOS="474" VPOS="114" WIDTH="465" HEIGHT="21">
					<TextBlock ID="block_0" HPOS="474" VPOS="114" WIDTH="465" HEIGHT="21">
						<TextLine ID="line_0" HPOS="474" VPOS="114" WIDTH="465" HEIGHT="21">
							<String ID="string_0" HPOS="474" VPOS="115" WIDTH="38" HEIGHT="15" WC="0.96" CONTENT="Den"/><SP WIDTH="15" VPOS="115" HPOS="512"/>
							<String ID="string_1" HPOS="527" VPOS="116" WIDTH="21" HEIGHT="15" WC="0.96" CONTENT="20"/><SP WIDTH="13" VPOS="116" HPOS="548"/>
							<String ID="string_2" HPOS="561" VPOS="116" WIDTH="56" HEIGHT="19" WC="0.95" CONTENT="April."/><SP WIDTH="280" VPOS="116" HPOS="617"/>
							<String ID="string_3" HPOS="897" VPOS="114" WIDTH="42" HEIGHT="21" WC="0.96" CONTENT="485"/>
						</TextLine>
					</TextBlock>
				</ComposedBlock>
				<ComposedBlock ID="cblock_1" HPOS="138" VPOS="170" WIDTH="842" HEIGHT="1368">
					<TextBlock ID="block_1" HPOS="144" VPOS="170" WIDTH="821" HEIGHT="85">
						<TextLine ID="line_1" HPOS="213" VPOS="170" WIDTH="752" HEIGHT="28">
							<String ID="string_4" HPOS="213" VPOS="170" WIDTH="31" HEIGHT="21" WC="0.96" CONTENT="På"/><SP WIDTH="16" VPOS="170" HPOS="244"/>
							<String ID="string_5" HPOS="260" VPOS="170" WIDTH="67" HEIGHT="27" WC="0.94" CONTENT="grund"/><SP WIDTH="18" VPOS="170" HPOS="327"/>
							<String ID="string_6" HPOS="345" VPOS="170" WIDTH="62" HEIGHT="21" WC="0.95" CONTENT="häraf"/><SP WIDTH="13" VPOS="170" HPOS="407"/>
							<String ID="string_7" HPOS="420" VPOS="171" WIDTH="65" HEIGHT="27" WC="0.96" CONTENT="vågar"/><SP WIDTH="8" VPOS="171" HPOS="485"/>
							<String ID="string_8" HPOS="493" VPOS="170" WIDTH="39" HEIGHT="27" WC="0.96" CONTENT="jag"/><SP WIDTH="10" VPOS="170" HPOS="532"/>
							<String ID="string_9" HPOS="542" VPOS="170" WIDTH="6" HEIGHT="21" WC="0.95" CONTENT="i"/><SP WIDTH="12" VPOS="170" HPOS="548"/>
							<String ID="string_10" HPOS="560" VPOS="170" WIDTH="126" HEIGHT="28" WC="0.96" CONTENT="ödmjukhet"/><SP WIDTH="12" VPOS="170" HPOS="686"/>
							<String ID="string_11" HPOS="698" VPOS="171" WIDTH="83" HEIGHT="26" WC="0.96" CONTENT="föreslå,"/><SP WIDTH="12" VPOS="171" HPOS="781"/>
							<String ID="string_12" HPOS="793" VPOS="173" WIDTH="32" HEIGHT="18" WC="0.96" CONTENT="att"/><SP WIDTH="11" VPOS="173" HPOS="825"/>
							<String ID="string_13" HPOS="836" VPOS="171" WIDTH="39" HEIGHT="20" WC="0.93" CONTENT="den"/><SP WIDTH="13" VPOS="171" HPOS="875"/>
							<String ID="string_14" HPOS="888" VPOS="171" WIDTH="77" HEIGHT="26" WC="0.89" CONTENT="ifråga-"/>
						</TextLine>
						<TextLine ID="line_2" HPOS="145" VPOS="198" WIDTH="820" HEIGHT="27">
							<String ID="string_15" HPOS="145" VPOS="199" WIDTH="93" HEIGHT="20" WC="0.92" CONTENT="varande"/><SP WIDTH="17" VPOS="199" HPOS="238"/>
							<String ID="string_16" HPOS="255" VPOS="199" WIDTH="123" HEIGHT="26" WC="0.89" CONTENT="petitionen,"/><SP WIDTH="17" VPOS="199" HPOS="378"/>
							<String ID="string_17" HPOS="395" VPOS="200" WIDTH="129" HEIGHT="19" WC="0.96" CONTENT="åtminstone"/><SP WIDTH="16" VPOS="200" HPOS="524"/>
							<String ID="string_18" HPOS="540" VPOS="199" WIDTH="33" HEIGHT="20" WC="0.96" CONTENT="för"/><SP WIDTH="16" VPOS="199" HPOS="573"/>
							<String ID="string_19" HPOS="589" VPOS="200" WIDTH="139" HEIGHT="25" WC="0.96" CONTENT="närvarande,"/><SP WIDTH="17" VPOS="200" HPOS="728"/>
							<String ID="string_20" HPOS="745" VPOS="199" WIDTH="46" HEIGHT="21" WC="0.91" CONTENT="icke"/><SP WIDTH="18" VPOS="199" HPOS="791"/>
							<String ID="string_21" HPOS="809" VPOS="199" WIDTH="68" HEIGHT="21" WC="0.91" CONTENT="blefve"/><SP WIDTH="16" VPOS="199" HPOS="877"/>
							<String ID="string_22" HPOS="893" VPOS="199" WIDTH="24" HEIGHT="20" WC="0.96" CONTENT="af"/><SP WIDTH="12" VPOS="199" HPOS="917"/>
							<String ID="string_23" HPOS="929" VPOS="198" WIDTH="36" HEIGHT="21" WC="0.96" CONTENT="det"/>
						</TextLine>
						<TextLine ID="line_3" HPOS="144" VPOS="227" WIDTH="332" HEIGHT="28">
							<String ID="string_24" HPOS="144" VPOS="227" WIDTH="117" HEIGHT="28" WC="0.92" CONTENT="höglofliga"/><SP WIDTH="16" VPOS="227" HPOS="261"/>
							<String ID="string_25" HPOS="277" VPOS="227" WIDTH="85" HEIGHT="21" WC="0.96" CONTENT="ståndet"/><SP WIDTH="16" VPOS="227" HPOS="362"/>
							<String ID="string_26" HPOS="378" VPOS="229" WIDTH="98" HEIGHT="26" WC="0.96" CONTENT="antagen."/>
						</TextLine>
					</TextBlock>
					<TextBlock ID="block_2" HPOS="138" VPOS="255" WIDTH="842" HEIGHT="1283">
						<TextLine ID="line_4" HPOS="216" VPOS="255" WIDTH="747" HEIGHT="22">
							<String ID="string_27" HPOS="216" VPOS="255" WIDTH="55" HEIGHT="21" WC="0.96" CONTENT="Herr"/><SP WIDTH="16" VPOS="255" HPOS="271"/>
							<String ID="string_28" HPOS="287" VPOS="263" WIDTH="40" HEIGHT="13" WC="0.93" CONTENT="von"/><SP WIDTH="19" VPOS="263" HPOS="327"/>
							<String ID="string_29" HPOS="346" VPOS="255" WIDTH="114" HEIGHT="22" WC="0.87" CONTENT="Hellens:"/><SP WIDTH="16" VPOS="255" HPOS="460"/>
							<String ID="string_30" HPOS="476" VPOS="256" WIDTH="9" HEIGHT="20" WC="0.96" CONTENT="I"/><SP WIDTH="17" VPOS="256" HPOS="485"/>
							<String ID="string_31" HPOS="502" VPOS="256" WIDTH="67" HEIGHT="20" WC="0.96" CONTENT="likhet"/><SP WIDTH="20" VPOS="256" HPOS="569"/>
							<String ID="string_32" HPOS="589" VPOS="255" WIDTH="46" HEIGHT="21" WC="0.96" CONTENT="med"/><SP WIDTH="18" VPOS="255" HPOS="635"/>
							<String ID="string_33" HPOS="653" VPOS="255" WIDTH="26" HEIGHT="22" WC="0.96" CONTENT="de"/><SP WIDTH="16" VPOS="255" HPOS="679"/>
							<String ID="string_34" HPOS="695" VPOS="256" WIDTH="64" HEIGHT="21" WC="0.96" CONTENT="ärade"/><SP WIDTH="16" VPOS="256" HPOS="759"/>
							<String ID="string_35" HPOS="775" VPOS="257" WIDTH="73" HEIGHT="20" WC="0.93" CONTENT="herrar"/><SP WIDTH="16" VPOS="257" HPOS="848"/>
							<String ID="string_36" HPOS="864" VPOS="256" WIDTH="99" HEIGHT="21" WC="0.90" CONTENT="medlem-"/>
						</TextLine>
						<TextLine ID="line_5" HPOS="145" VPOS="284" WIDTH="818" HEIGHT="27">
							<String ID="string_37" HPOS="145" VPOS="291" WIDTH="45" HEIGHT="13" WC="0.96" CONTENT="mar"/><SP WIDTH="16" VPOS="291" HPOS="190"/>
							<String ID="string_38" HPOS="206" VPOS="284" WIDTH="23" HEIGHT="20" WC="0.92" CONTENT="af"/><SP WIDTH="14" VPOS="284" HPOS="229"/>
							<String ID="string_39" HPOS="243" VPOS="284" WIDTH="225" HEIGHT="26" WC="0.91" CONTENT="riddarhusutskottet,"/><SP WIDTH="17" VPOS="284" HPOS="468"/>
							<String ID="string_40" HPOS="485" VPOS="285" WIDTH="70" HEIGHT="19" WC="0.96" CONTENT="hvilka"/><SP WIDTH="17" VPOS="285" HPOS="555"/>
							<String ID="string_41" HPOS="572" VPOS="287" WIDTH="120" HEIGHT="17" WC="0.90" CONTENT="reserverat"/><SP WIDTH="11" VPOS="287" HPOS="692"/>
							<String ID="string_42" HPOS="703" VPOS="285" WIDTH="32" HEIGHT="26" WC="0.96" CONTENT="sig"/><SP WIDTH="11" VPOS="285" HPOS="735"/>
							<String ID="string_43" HPOS="746" VPOS="287" WIDTH="44" HEIGHT="18" WC="0.96" CONTENT="mot"/><SP WIDTH="12" VPOS="287" HPOS="790"/>
							<String ID="string_44" HPOS="802" VPOS="285" WIDTH="117" HEIGHT="20" WC="0.92" CONTENT="utskottets"/><SP WIDTH="12" VPOS="285" HPOS="919"/>
							<String ID="string_45" HPOS="931" VPOS="285" WIDTH="32" HEIGHT="19" WC="0.92" CONTENT="ut-"/>
						</TextLine>
						<TextLine ID="line_6" HPOS="144" VPOS="312" WIDTH="819" HEIGHT="28">
							<String ID="string_46" HPOS="144" VPOS="312" WIDTH="85" HEIGHT="21" WC="0.92" CONTENT="låtande"/><SP WIDTH="16" VPOS="312" HPOS="229"/>
							<String ID="string_47" HPOS="245" VPOS="313" WIDTH="6" HEIGHT="19" WC="0.96" CONTENT="i"/><SP WIDTH="17" VPOS="313" HPOS="251"/>
							<String ID="string_48" HPOS="268" VPOS="312" WIDTH="140" HEIGHT="20" WC="0.96" CONTENT="förevarande"/><SP WIDTH="16" VPOS="312" HPOS="408"/>
							<String ID="string_49" HPOS="424" VPOS="312" WIDTH="66" HEIGHT="28" WC="0.96" CONTENT="fråga,"/><SP WIDTH="17" VPOS="312" HPOS="490"/>
							<String ID="string_50" HPOS="507" VPOS="313" WIDTH="106" HEIGHT="19" WC="0.96" CONTENT="erkänner"/><SP WIDTH="16" VPOS="313" HPOS="613"/>
							<String ID="string_51" HPOS="629" VPOS="313" WIDTH="65" HEIGHT="20" WC="0.96" CONTENT="också"/><SP WIDTH="13" VPOS="313" HPOS="694"/>
							<String ID="string_52" HPOS="707" VPOS="314" WIDTH="34" HEIGHT="26" WC="0.95" CONTENT="jag"/><SP WIDTH="12" VPOS="314" HPOS="741"/>
							<String ID="string_53" HPOS="753" VPOS="314" WIDTH="48" HEIGHT="20" WC="0.96" CONTENT="med"/><SP WIDTH="11" VPOS="314" HPOS="801"/>
							<String ID="string_54" HPOS="812" VPOS="313" WIDTH="41" HEIGHT="21" WC="0.96" CONTENT="den"/><SP WIDTH="12" VPOS="313" HPOS="853"/>
							<String ID="string_55" HPOS="865" VPOS="313" WIDTH="98" HEIGHT="27" WC="0.95" CONTENT="djupaste"/>
						</TextLine>
						<TextLine ID="line_7" HPOS="145" VPOS="341" WIDTH="818" HEIGHT="28">
							<String ID="string_56" HPOS="145" VPOS="341" WIDTH="73" HEIGHT="27" WC="0.92" CONTENT="pietet,"/><SP WIDTH="16" VPOS="341" HPOS="218"/>
							<String ID="string_57" HPOS="234" VPOS="343" WIDTH="32" HEIGHT="18" WC="0.96" CONTENT="att"/><SP WIDTH="17" VPOS="343" HPOS="266"/>
							<String ID="string_58" HPOS="283" VPOS="341" WIDTH="18" HEIGHT="20" WC="0.96" CONTENT="vi"/><SP WIDTH="16" VPOS="341" HPOS="301"/>
							<String ID="string_59" HPOS="317" VPOS="341" WIDTH="23" HEIGHT="20" WC="0.93" CONTENT="af"/><SP WIDTH="14" VPOS="341" HPOS="340"/>
							<String ID="string_60" HPOS="354" VPOS="341" WIDTH="93" HEIGHT="21" WC="0.92" CONTENT="vördade"/><SP WIDTH="23" VPOS="341" HPOS="447"/>
							<String ID="string_61" HPOS="470" VPOS="341" WIDTH="94" HEIGHT="20" WC="0.96" CONTENT="förfäder"/><SP WIDTH="20" VPOS="341" HPOS="564"/>
							<String ID="string_62" HPOS="584" VPOS="341" WIDTH="40" HEIGHT="20" WC="0.93" CONTENT="fått"/><SP WIDTH="17" VPOS="341" HPOS="624"/>
							<String ID="string_63" HPOS="641" VPOS="343" WIDTH="109" HEIGHT="25" WC="0.83" CONTENT="emottaga"/><SP WIDTH="19" VPOS="343" HPOS="750"/>
							<String ID="string_64" HPOS="769" VPOS="344" WIDTH="31" HEIGHT="18" WC="0.96" CONTENT="ett"/><SP WIDTH="16" VPOS="344" HPOS="800"/>
							<String ID="string_65" HPOS="816" VPOS="342" WIDTH="90" HEIGHT="27" WC="0.93" CONTENT="dyrbart"/><SP WIDTH="18" VPOS="342" HPOS="906"/>
							<String ID="string_66" HPOS="924" VPOS="341" WIDTH="39" HEIGHT="25" WC="0.68" CONTENT="art,"/>
						</TextLine>
						<TextLine ID="line_8" HPOS="144" VPOS="369" WIDTH="820" HEIGHT="27">
							<String ID="string_67" HPOS="144" VPOS="369" WIDTH="37" HEIGHT="21" WC="0.96" CONTENT="det"/><SP WIDTH="17" VPOS="369" HPOS="181"/>
							<String ID="string_68" HPOS="198" VPOS="370" WIDTH="19" HEIGHT="20" WC="0.96" CONTENT="vi"/><SP WIDTH="17" VPOS="370" HPOS="217"/>
							<String ID="string_69" HPOS="234" VPOS="371" WIDTH="36" HEIGHT="19" WC="0.91" CONTENT="äro"/><SP WIDTH="17" VPOS="371" HPOS="270"/>
							<String ID="string_70" HPOS="287" VPOS="369" WIDTH="88" HEIGHT="27" WC="0.91" CONTENT="pligtige"/><SP WIDTH="16" VPOS="369" HPOS="375"/>
							<String ID="string_71" HPOS="391" VPOS="372" WIDTH="31" HEIGHT="18" WC="0.96" CONTENT="att"/><SP WIDTH="16" VPOS="372" HPOS="422"/>
							<String ID="string_72" HPOS="438" VPOS="370" WIDTH="55" HEIGHT="20" WC="0.96" CONTENT="efter"/><SP WIDTH="16" VPOS="370" HPOS="493"/>
							<String ID="string_73" HPOS="509" VPOS="370" WIDTH="27" HEIGHT="20" WC="0.95" CONTENT="all"/><SP WIDTH="17" VPOS="370" HPOS="536"/>
							<String ID="string_74" HPOS="553" VPOS="370" WIDTH="36" HEIGHT="20" WC="0.96" CONTENT="vår"/><SP WIDTH="15" VPOS="370" HPOS="589"/>
							<String ID="string_75" HPOS="604" VPOS="370" WIDTH="96" HEIGHT="26" WC="0.96" CONTENT="förmåga"/><SP WIDTH="16" VPOS="370" HPOS="700"/>
							<String ID="string_76" HPOS="716" VPOS="370" WIDTH="85" HEIGHT="21" WC="0.95" CONTENT="bevara."/><SP WIDTH="28" VPOS="370" HPOS="801"/>
							<String ID="string_77" HPOS="829" VPOS="370" WIDTH="66" HEIGHT="21" WC="0.96" CONTENT="Detta"/><SP WIDTH="16" VPOS="370" HPOS="895"/>
							<String ID="string_78" HPOS="911" VPOS="369" WIDTH="53" HEIGHT="27" WC="0.96" CONTENT="dyra"/>
						</TextLine>
						<TextLine ID="line_9" HPOS="144" VPOS="398" WIDTH="819" HEIGHT="26">
							<String ID="string_79" HPOS="144" VPOS="398" WIDTH="35" HEIGHT="20" WC="0.90" CONTENT="arf"/><SP WIDTH="18" VPOS="398" HPOS="179"/>
							<String ID="string_80" HPOS="197" VPOS="400" WIDTH="37" HEIGHT="19" WC="0.96" CONTENT="äro"/><SP WIDTH="20" VPOS="400" HPOS="234"/>
							<String ID="string_81" HPOS="254" VPOS="398" WIDTH="27" HEIGHT="20" WC="0.96" CONTENT="de"/><SP WIDTH="20" VPOS="398" HPOS="281"/>
							<String ID="string_82" HPOS="301" VPOS="398" WIDTH="33" HEIGHT="20" WC="0.91" CONTENT="för"/><SP WIDTH="26" VPOS="398" HPOS="334"/>
							<String ID="string_83" HPOS="360" VPOS="398" WIDTH="48" HEIGHT="20" WC="0.91" CONTENT="hela"/><SP WIDTH="24" VPOS="398" HPOS="408"/>
							<String ID="string_84" HPOS="432" VPOS="398" WIDTH="68" HEIGHT="20" WC="0.96" CONTENT="finska"/><SP WIDTH="24" VPOS="398" HPOS="500"/>
							<String ID="string_85" HPOS="524" VPOS="398" WIDTH="74" HEIGHT="26" WC="0.94" CONTENT="folket,"/><SP WIDTH="21" VPOS="398" HPOS="598"/>
							<String ID="string_86" HPOS="619" VPOS="398" WIDTH="32" HEIGHT="20" WC="0.95" CONTENT="för"/><SP WIDTH="21" VPOS="398" HPOS="651"/>
							<String ID="string_87" HPOS="672" VPOS="398" WIDTH="41" HEIGHT="20" WC="0.95" CONTENT="alla"/><SP WIDTH="24" VPOS="398" HPOS="713"/>
							<String ID="string_88" HPOS="737" VPOS="398" WIDTH="102" HEIGHT="21" WC="0.96" CONTENT="Finlands"/><SP WIDTH="23" VPOS="398" HPOS="839"/>
							<String ID="string_89" HPOS="862" VPOS="398" WIDTH="101" HEIGHT="21" WC="0.96" CONTENT="invånare"/>
						</TextLine>
						<TextLine ID="line_10" HPOS="144" VPOS="426" WIDTH="818" HEIGHT="28">
							<String ID="string_90" HPOS="144" VPOS="433" WIDTH="159" HEIGHT="21" WC="0.96" CONTENT="gemensamma"/><SP WIDTH="15" VPOS="433" HPOS="303"/>
							<String ID="string_91" HPOS="318" VPOS="426" WIDTH="59" HEIGHT="27" WC="0.96" CONTENT="lagar"/><SP WIDTH="16" VPOS="426" HPOS="377"/>
							<String ID="string_92" HPOS="393" VPOS="426" WIDTH="39" HEIGHT="21" WC="0.96" CONTENT="och"/><SP WIDTH="17" VPOS="426" HPOS="432"/>
							<String ID="string_93" HPOS="449" VPOS="426" WIDTH="171" HEIGHT="28" WC="0.96" CONTENT="medborgerliga"/><SP WIDTH="16" VPOS="426" HPOS="620"/>
							<String ID="string_94" HPOS="636" VPOS="426" WIDTH="134" HEIGHT="28" WC="0.96" CONTENT="rättigheter."/><SP WIDTH="27" VPOS="426" HPOS="770"/>
							<String ID="string_95" HPOS="797" VPOS="427" WIDTH="45" HEIGHT="21" WC="0.96" CONTENT="Mot"/><SP WIDTH="16" VPOS="427" HPOS="842"/>
							<String ID="string_96" HPOS="858" VPOS="426" WIDTH="48" HEIGHT="22" WC="0.96" CONTENT="dem"/><SP WIDTH="16" VPOS="426" HPOS="906"/>
							<String ID="string_97" HPOS="922" VPOS="426" WIDTH="40" HEIGHT="21" WC="0.96" CONTENT="och"/>
						</TextLine>
						<TextLine ID="line_11" HPOS="144" VPOS="454" WIDTH="818" HEIGHT="28">
							<String ID="string_98" HPOS="144" VPOS="455" WIDTH="126" HEIGHT="27" WC="0.90" CONTENT="isynnerhet"/><SP WIDTH="19" VPOS="455" HPOS="270"/>
							<String ID="string_99" HPOS="289" VPOS="454" WIDTH="35" HEIGHT="21" WC="0.96" CONTENT="vid"/><SP WIDTH="19" VPOS="454" HPOS="324"/>
							<String ID="string_100" HPOS="343" VPOS="455" WIDTH="97" HEIGHT="21" WC="0.96" CONTENT="kollision"/><SP WIDTH="24" VPOS="455" HPOS="440"/>
							<String ID="string_101" HPOS="464" VPOS="455" WIDTH="47" HEIGHT="20" WC="0.96" CONTENT="med"/><SP WIDTH="23" VPOS="455" HPOS="511"/>
							<String ID="string_102" HPOS="534" VPOS="455" WIDTH="46" HEIGHT="21" WC="0.95" CONTENT="dem"/><SP WIDTH="17" VPOS="455" HPOS="580"/>
							<String ID="string_103" HPOS="597" VPOS="456" WIDTH="36" HEIGHT="19" WC="0.95" CONTENT="äro"/><SP WIDTH="18" VPOS="456" HPOS="633"/>
							<String ID="string_104" HPOS="651" VPOS="456" WIDTH="25" HEIGHT="20" WC="0.96" CONTENT="de"/><SP WIDTH="17" VPOS="456" HPOS="676"/>
							<String ID="string_105" HPOS="693" VPOS="457" WIDTH="30" HEIGHT="19" WC="0.96" CONTENT="ett"/><SP WIDTH="17" VPOS="457" HPOS="723"/>
							<String ID="string_106" HPOS="740" VPOS="456" WIDTH="51" HEIGHT="20" WC="0.40" CONTENT="eller"/><SP WIDTH="23" VPOS="456" HPOS="791"/>
							<String ID="string_107" HPOS="814" VPOS="457" WIDTH="65" HEIGHT="19" WC="0.96" CONTENT="annat"/><SP WIDTH="21" VPOS="457" HPOS="879"/>
							<String ID="string_108" HPOS="900" VPOS="454" WIDTH="62" HEIGHT="22" WC="0.96" CONTENT="stånd"/>
						</TextLine>
						<TextLine ID="line_12" HPOS="144" VPOS="483" WIDTH="819" HEIGHT="29">
							<String ID="string_109" HPOS="144" VPOS="484" WIDTH="108" HEIGHT="26" WC="0.96" CONTENT="tillhöriga"/><SP WIDTH="16" VPOS="484" HPOS="252"/>
							<String ID="string_110" HPOS="268" VPOS="483" WIDTH="130" HEIGHT="28" WC="0.96" CONTENT="privilegier,"/><SP WIDTH="17" VPOS="483" HPOS="398"/>
							<String ID="string_111" HPOS="415" VPOS="484" WIDTH="53" HEIGHT="20" WC="0.96" CONTENT="huru"/><SP WIDTH="17" VPOS="484" HPOS="468"/>
							<String ID="string_112" HPOS="485" VPOS="484" WIDTH="51" HEIGHT="26" WC="0.96" CONTENT="högt"/><SP WIDTH="16" VPOS="484" HPOS="536"/>
							<String ID="string_113" HPOS="552" VPOS="484" WIDTH="63" HEIGHT="20" WC="0.96" CONTENT="dessa"/><SP WIDTH="16" VPOS="484" HPOS="615"/>
							<String ID="string_114" HPOS="631" VPOS="485" WIDTH="25" HEIGHT="19" WC="0.96" CONTENT="än"/><SP WIDTH="18" VPOS="485" HPOS="656"/>
							<String ID="string_115" HPOS="674" VPOS="485" WIDTH="33" HEIGHT="19" WC="0.96" CONTENT="må"/><SP WIDTH="16" VPOS="485" HPOS="707"/>
							<String ID="string_116" HPOS="723" VPOS="484" WIDTH="134" HEIGHT="28" WC="0.96" CONTENT="uppskattas,"/><SP WIDTH="16" VPOS="484" HPOS="857"/>
							<String ID="string_117" HPOS="873" VPOS="484" WIDTH="56" HEIGHT="20" WC="0.96" CONTENT="dock"/><SP WIDTH="12" VPOS="484" HPOS="929"/>
							<String ID="string_118" HPOS="941" VPOS="483" WIDTH="22" HEIGHT="20" WC="0.96" CONTENT="af"/>
						</TextLine>
						<TextLine ID="line_13" HPOS="144" VPOS="512" WIDTH="819" HEIGHT="28">
							<String ID="string_119" HPOS="144" VPOS="512" WIDTH="67" HEIGHT="27" WC="0.96" CONTENT="ringa,"/><SP WIDTH="16" VPOS="512" HPOS="211"/>
							<String ID="string_120" HPOS="227" VPOS="512" WIDTH="21" HEIGHT="20" WC="0.95" CONTENT="af"/><SP WIDTH="15" VPOS="512" HPOS="248"/>
							<String ID="string_121" HPOS="263" VPOS="512" WIDTH="82" HEIGHT="27" WC="0.96" CONTENT="ganska"/><SP WIDTH="15" VPOS="512" HPOS="345"/>
							<String ID="string_122" HPOS="360" VPOS="512" WIDTH="149" HEIGHT="21" WC="0.96" CONTENT="underordnad"/><SP WIDTH="17" VPOS="512" HPOS="509"/>
							<String ID="string_123" HPOS="526" VPOS="512" WIDTH="116" HEIGHT="27" WC="0.93" CONTENT="betydelse."/><SP WIDTH="26" VPOS="512" HPOS="642"/>
							<String ID="string_124" HPOS="668" VPOS="512" WIDTH="82" HEIGHT="28" WC="0.90" CONTENT="Hvarje"/><SP WIDTH="12" VPOS="512" HPOS="750"/>
							<String ID="string_125" HPOS="762" VPOS="513" WIDTH="117" HEIGHT="27" WC="0.93" CONTENT="personligt"/><SP WIDTH="11" VPOS="513" HPOS="879"/>
							<String ID="string_126" HPOS="890" VPOS="512" WIDTH="73" HEIGHT="20" WC="0.93" CONTENT="börds-"/>
						</TextLine>
						<TextLine ID="line_14" HPOS="144" VPOS="540" WIDTH="818" HEIGHT="29">
							<String ID="string_127" HPOS="144" VPOS="541" WIDTH="133" HEIGHT="27" WC="0.95" CONTENT="privilegium"/><SP WIDTH="17" VPOS="541" HPOS="277"/>
							<String ID="string_128" HPOS="294" VPOS="540" WIDTH="88" HEIGHT="21" WC="0.96" CONTENT="innebär"/><SP WIDTH="14" VPOS="540" HPOS="382"/>
							<String ID="string_129" HPOS="396" VPOS="541" WIDTH="24" HEIGHT="28" WC="0.96" CONTENT="ju"/><SP WIDTH="15" VPOS="541" HPOS="420"/>
							<String ID="string_130" HPOS="435" VPOS="541" WIDTH="6" HEIGHT="20" WC="0.96" CONTENT="i"/><SP WIDTH="16" VPOS="541" HPOS="441"/>
							<String ID="string_131" HPOS="457" VPOS="541" WIDTH="32" HEIGHT="27" WC="0.93" CONTENT="sig"/><SP WIDTH="17" VPOS="541" HPOS="489"/>
							<String ID="string_132" HPOS="506" VPOS="541" WIDTH="59" HEIGHT="27" WC="0.92" CONTENT="sjelft"/><SP WIDTH="16" VPOS="541" HPOS="565"/>
							<String ID="string_133" HPOS="581" VPOS="548" WIDTH="25" HEIGHT="13" WC="0.96" CONTENT="en"/><SP WIDTH="17" VPOS="548" HPOS="606"/>
							<String ID="string_134" HPOS="623" VPOS="541" WIDTH="103" HEIGHT="20" WC="0.96" CONTENT="orättvisa"/><SP WIDTH="16" VPOS="541" HPOS="726"/>
							<String ID="string_135" HPOS="742" VPOS="543" WIDTH="57" HEIGHT="19" WC="0.96" CONTENT="emot"/><SP WIDTH="16" VPOS="543" HPOS="799"/>
							<String ID="string_136" HPOS="815" VPOS="541" WIDTH="26" HEIGHT="21" WC="0.93" CONTENT="de"/><SP WIDTH="12" VPOS="541" HPOS="841"/>
							<String ID="string_137" HPOS="853" VPOS="540" WIDTH="109" HEIGHT="22" WC="0.92" CONTENT="samhälls-"/>
						</TextLine>
						<TextLine ID="line_15" HPOS="144" VPOS="569" WIDTH="817" HEIGHT="28">
							<String ID="string_138" HPOS="144" VPOS="569" WIDTH="145" HEIGHT="25" WC="0.96" CONTENT="medlemmar,"/><SP WIDTH="20" VPOS="569" HPOS="289"/>
							<String ID="string_139" HPOS="309" VPOS="576" WIDTH="44" HEIGHT="13" WC="0.96" CONTENT="som"/><SP WIDTH="20" VPOS="576" HPOS="353"/>
							<String ID="string_140" HPOS="373" VPOS="570" WIDTH="47" HEIGHT="20" WC="0.96" CONTENT="icke"/><SP WIDTH="20" VPOS="570" HPOS="420"/>
							<String ID="string_141" HPOS="440" VPOS="571" WIDTH="36" HEIGHT="19" WC="0.96" CONTENT="äro"/><SP WIDTH="16" VPOS="571" HPOS="476"/>
							<String ID="string_142" HPOS="492" VPOS="570" WIDTH="5" HEIGHT="20" WC="0.96" CONTENT="i"/><SP WIDTH="17" VPOS="570" HPOS="497"/>
							<String ID="string_143" HPOS="514" VPOS="569" WIDTH="125" HEIGHT="28" WC="0.96" CONTENT="åtnjutande"/><SP WIDTH="17" VPOS="569" HPOS="639"/>
							<String ID="string_144" HPOS="656" VPOS="569" WIDTH="23" HEIGHT="20" WC="0.96" CONTENT="af"/><SP WIDTH="14" VPOS="569" HPOS="679"/>
							<String ID="string_145" HPOS="693" VPOS="577" WIDTH="24" HEIGHT="13" WC="0.94" CONTENT="en"/><SP WIDTH="17" VPOS="577" HPOS="717"/>
							<String ID="string_146" HPOS="734" VPOS="570" WIDTH="58" HEIGHT="27" WC="0.93" CONTENT="dylik"/><SP WIDTH="17" VPOS="570" HPOS="792"/>
							<String ID="string_147" HPOS="809" VPOS="570" WIDTH="88" HEIGHT="26" WC="0.92" CONTENT="förmon,"/><SP WIDTH="17" VPOS="570" HPOS="897"/>
							<String ID="string_148" HPOS="914" VPOS="576" WIDTH="47" HEIGHT="13" WC="0.96" CONTENT="men"/>
						</TextLine>
						<TextLine ID="line_16" HPOS="145" VPOS="597" WIDTH="820" HEIGHT="28">
							<String ID="string_149" HPOS="145" VPOS="598" WIDTH="40" HEIGHT="20" WC="0.96" CONTENT="kan"/><SP WIDTH="17" VPOS="598" HPOS="185"/>
							<String ID="string_150" HPOS="202" VPOS="597" WIDTH="54" HEIGHT="21" WC="0.96" CONTENT="dock"/><SP WIDTH="16" VPOS="597" HPOS="256"/>
							<String ID="string_151" HPOS="272" VPOS="597" WIDTH="97" HEIGHT="21" WC="0.96" CONTENT="försvara"/><SP WIDTH="16" VPOS="597" HPOS="369"/>
							<String ID="string_152" HPOS="385" VPOS="598" WIDTH="31" HEIGHT="20" WC="0.96" CONTENT="sin"/><SP WIDTH="17" VPOS="598" HPOS="416"/>
							<String ID="string_153" HPOS="433" VPOS="598" WIDTH="55" HEIGHT="27" WC="0.96" CONTENT="plats"/><SP WIDTH="17" VPOS="598" HPOS="488"/>
							<String ID="string_154" HPOS="505" VPOS="598" WIDTH="45" HEIGHT="20" WC="0.96" CONTENT="dels"/><SP WIDTH="16" VPOS="598" HPOS="550"/>
							<String ID="string_155" HPOS="566" VPOS="598" WIDTH="26" HEIGHT="20" WC="0.96" CONTENT="då"/><SP WIDTH="16" VPOS="598" HPOS="592"/>
							<String ID="string_156" HPOS="608" VPOS="598" WIDTH="49" HEIGHT="20" WC="0.93" CONTENT="dess"/><SP WIDTH="17" VPOS="598" HPOS="657"/>
							<String ID="string_157" HPOS="674" VPOS="598" WIDTH="135" HEIGHT="21" WC="0.92" CONTENT="fortvarande"/><SP WIDTH="20" VPOS="598" HPOS="809"/>
							<String ID="string_158" HPOS="829" VPOS="598" WIDTH="97" HEIGHT="27" WC="0.46" CONTENT="betingas"/><SP WIDTH="17" VPOS="598" HPOS="926"/>
							<String ID="string_159" HPOS="943" VPOS="597" WIDTH="22" HEIGHT="21" WC="0.97" CONTENT="af"/>
						</TextLine>
						<TextLine ID="line_17" HPOS="145" VPOS="626" WIDTH="817" HEIGHT="27">
							<String ID="string_160" HPOS="145" VPOS="626" WIDTH="195" HEIGHT="27" WC="0.96" CONTENT="nödvändigheten,"/><SP WIDTH="23" VPOS="626" HPOS="340"/>
							<String ID="string_161" HPOS="363" VPOS="626" WIDTH="69" HEIGHT="20" WC="0.95" CONTENT="såsom"/><SP WIDTH="24" VPOS="626" HPOS="432"/>
							<String ID="string_162" HPOS="456" VPOS="626" WIDTH="131" HEIGHT="27" WC="0.85" CONTENT="exempelvis"/><SP WIDTH="21" VPOS="626" HPOS="587"/>
							<String ID="string_163" HPOS="608" VPOS="626" WIDTH="161" HEIGHT="27" WC="0.92" CONTENT="ridderskapets"/><SP WIDTH="16" VPOS="626" HPOS="769"/>
							<String ID="string_164" HPOS="785" VPOS="626" WIDTH="38" HEIGHT="22" WC="0.96" CONTENT="och"/><SP WIDTH="14" VPOS="626" HPOS="823"/>
							<String ID="string_165" HPOS="837" VPOS="626" WIDTH="74" HEIGHT="21" WC="0.91" CONTENT="adelns"/><SP WIDTH="19" VPOS="626" HPOS="911"/>
							<String ID="string_166" HPOS="930" VPOS="632" WIDTH="32" HEIGHT="14" WC="0.90" CONTENT="re-"/>
						</TextLine>
						<TextLine ID="line_18" HPOS="144" VPOS="654" WIDTH="818" HEIGHT="28">
							<String ID="string_167" HPOS="144" VPOS="655" WIDTH="203" HEIGHT="27" WC="0.90" CONTENT="presontationsrätt"/><SP WIDTH="12" VPOS="655" HPOS="347"/>
							<String ID="string_168" HPOS="359" VPOS="654" WIDTH="33" HEIGHT="21" WC="0.93" CONTENT="vid"/><SP WIDTH="12" VPOS="654" HPOS="392"/>
							<String ID="string_169" HPOS="404" VPOS="655" WIDTH="126" HEIGHT="27" WC="0.91" CONTENT="landtdagar"/><SP WIDTH="11" VPOS="655" HPOS="530"/>
							<String ID="string_170" HPOS="541" VPOS="655" WIDTH="68" HEIGHT="20" WC="0.96" CONTENT="under"/><SP WIDTH="11" VPOS="655" HPOS="609"/>
							<String ID="string_171" HPOS="620" VPOS="655" WIDTH="123" HEIGHT="21" WC="0.96" CONTENT="nuvarande"/><SP WIDTH="11" VPOS="655" HPOS="743"/>
							<String ID="string_172" HPOS="754" VPOS="655" WIDTH="152" HEIGHT="25" WC="0.95" CONTENT="förhållanden,"/><SP WIDTH="11" VPOS="655" HPOS="906"/>
							<String ID="string_173" HPOS="917" VPOS="654" WIDTH="45" HEIGHT="20" WC="0.96" CONTENT="dels"/>
						</TextLine>
						<TextLine ID="line_19" HPOS="143" VPOS="683" WIDTH="820" HEIGHT="28">
							<String ID="string_174" HPOS="143" VPOS="684" WIDTH="70" HEIGHT="20" WC="0.96" CONTENT="såsom"/><SP WIDTH="17" VPOS="684" HPOS="213"/>
							<String ID="string_175" HPOS="230" VPOS="685" WIDTH="31" HEIGHT="19" WC="0.93" CONTENT="ett"/><SP WIDTH="15" VPOS="685" HPOS="261"/>
							<String ID="string_176" HPOS="276" VPOS="683" WIDTH="38" HEIGHT="25" WC="0.92" CONTENT="arf,"/><SP WIDTH="16" VPOS="683" HPOS="314"/>
							<String ID="string_177" HPOS="330" VPOS="685" WIDTH="32" HEIGHT="19" WC="0.96" CONTENT="ett"/><SP WIDTH="16" VPOS="685" HPOS="362"/>
							<String ID="string_178" HPOS="378" VPOS="684" WIDTH="70" HEIGHT="20" WC="0.93" CONTENT="minne"/><SP WIDTH="16" VPOS="684" HPOS="448"/>
							<String ID="string_179" HPOS="464" VPOS="684" WIDTH="46" HEIGHT="20" WC="0.96" CONTENT="från"/><SP WIDTH="17" VPOS="684" HPOS="510"/>
							<String ID="string_180" HPOS="527" VPOS="684" WIDTH="118" HEIGHT="26" WC="0.94" CONTENT="förgångna"/><SP WIDTH="16" VPOS="684" HPOS="645"/>
							<String ID="string_181" HPOS="661" VPOS="683" WIDTH="62" HEIGHT="25" WC="0.96" CONTENT="tider,"/><SP WIDTH="12" VPOS="683" HPOS="723"/>
							<String ID="string_182" HPOS="735" VPOS="684" WIDTH="22" HEIGHT="20" WC="0.96" CONTENT="sä"/><SP WIDTH="12" VPOS="684" HPOS="757"/>
							<String ID="string_183" HPOS="769" VPOS="684" WIDTH="61" HEIGHT="27" WC="0.96" CONTENT="länge"/><SP WIDTH="12" VPOS="684" HPOS="830"/>
							<String ID="string_184" HPOS="842" VPOS="683" WIDTH="121" HEIGHT="27" WC="0.20" CONTENT="privilegiet"/>
						</TextLine>
						<TextLine ID="line_20" HPOS="143" VPOS="711" WIDTH="819" HEIGHT="28">
							<String ID="string_185" HPOS="143" VPOS="712" WIDTH="47" HEIGHT="21" WC="0.96" CONTENT="icke"/><SP WIDTH="16" VPOS="712" HPOS="190"/>
							<String ID="string_186" HPOS="206" VPOS="712" WIDTH="74" HEIGHT="20" WC="0.96" CONTENT="länder"/><SP WIDTH="19" VPOS="712" HPOS="280"/>
							<String ID="string_187" HPOS="299" VPOS="712" WIDTH="67" HEIGHT="20" WC="0.96" CONTENT="andra"/><SP WIDTH="23" VPOS="712" HPOS="366"/>
							<String ID="string_188" HPOS="389" VPOS="712" WIDTH="141" HEIGHT="27" WC="0.96" CONTENT="medborgare"/><SP WIDTH="16" VPOS="712" HPOS="530"/>
							<String ID="string_189" HPOS="546" VPOS="712" WIDTH="30" HEIGHT="20" WC="0.95" CONTENT="till"/><SP WIDTH="17" VPOS="712" HPOS="576"/>
							<String ID="string_190" HPOS="593" VPOS="712" WIDTH="112" HEIGHT="27" WC="0.96" CONTENT="uppenbar"/><SP WIDTH="19" VPOS="712" HPOS="705"/>
							<String ID="string_191" HPOS="724" VPOS="712" WIDTH="73" HEIGHT="26" WC="0.96" CONTENT="skada,"/><SP WIDTH="16" VPOS="712" HPOS="797"/>
							<String ID="string_192" HPOS="813" VPOS="712" WIDTH="51" HEIGHT="20" WC="0.95" CONTENT="eller"/><SP WIDTH="15" VPOS="712" HPOS="864"/>
							<String ID="string_193" HPOS="879" VPOS="712" WIDTH="31" HEIGHT="20" WC="0.93" CONTENT="till"/><SP WIDTH="17" VPOS="712" HPOS="910"/>
							<String ID="string_194" HPOS="927" VPOS="711" WIDTH="35" HEIGHT="21" WC="0.92" CONTENT="de-"/>
						</TextLine>
						<TextLine ID="line_21" HPOS="144" VPOS="740" WIDTH="817" HEIGHT="28">
							<String ID="string_195" HPOS="144" VPOS="748" WIDTH="33" HEIGHT="14" WC="0.93" CONTENT="ras"/><SP WIDTH="17" VPOS="748" HPOS="177"/>
							<String ID="string_196" HPOS="194" VPOS="741" WIDTH="84" HEIGHT="27" WC="0.91" CONTENT="förfång"/><SP WIDTH="16" VPOS="741" HPOS="278"/>
							<String ID="string_197" HPOS="294" VPOS="740" WIDTH="139" HEIGHT="21" WC="0.95" CONTENT="missbrukas."/><SP WIDTH="25" VPOS="740" HPOS="433"/>
							<String ID="string_198" HPOS="458" VPOS="740" WIDTH="50" HEIGHT="21" WC="0.96" CONTENT="Men"/><SP WIDTH="21" VPOS="740" HPOS="508"/>
							<String ID="string_199" HPOS="529" VPOS="740" WIDTH="49" HEIGHT="21" WC="0.96" CONTENT="skor"/><SP WIDTH="18" VPOS="740" HPOS="578"/>
							<String ID="string_200" HPOS="596" VPOS="740" WIDTH="113" HEIGHT="27" WC="0.96" CONTENT="missbruk,"/><SP WIDTH="22" VPOS="740" HPOS="709"/>
							<String ID="string_201" HPOS="731" VPOS="743" WIDTH="44" HEIGHT="18" WC="0.95" CONTENT="mot"/><SP WIDTH="18" VPOS="743" HPOS="775"/>
							<String ID="string_202" HPOS="793" VPOS="741" WIDTH="73" HEIGHT="20" WC="0.95" CONTENT="hvilka"/><SP WIDTH="16" VPOS="741" HPOS="866"/>
							<String ID="string_203" HPOS="882" VPOS="740" WIDTH="40" HEIGHT="21" WC="0.93" CONTENT="den"/><SP WIDTH="16" VPOS="740" HPOS="922"/>
							<String ID="string_204" HPOS="938" VPOS="740" WIDTH="23" HEIGHT="20" WC="0.92" CONTENT="li-"/>
						</TextLine>
						<TextLine ID="line_22" HPOS="143" VPOS="768" WIDTH="819" HEIGHT="28">
							<String ID="string_205" HPOS="143" VPOS="769" WIDTH="70" HEIGHT="21" WC="0.96" CONTENT="dande"/><SP WIDTH="16" VPOS="769" HPOS="213"/>
							<String ID="string_206" HPOS="229" VPOS="769" WIDTH="23" HEIGHT="21" WC="0.96" CONTENT="af"/><SP WIDTH="14" VPOS="769" HPOS="252"/>
							<String ID="string_207" HPOS="266" VPOS="769" WIDTH="212" HEIGHT="27" WC="0.96" CONTENT="omständigheterna"/><SP WIDTH="19" VPOS="769" HPOS="478"/>
							<String ID="string_208" HPOS="497" VPOS="769" WIDTH="86" HEIGHT="21" WC="0.96" CONTENT="hindras"/><SP WIDTH="19" VPOS="769" HPOS="583"/>
							<String ID="string_209" HPOS="602" VPOS="770" WIDTH="32" HEIGHT="19" WC="0.96" CONTENT="att"/><SP WIDTH="19" VPOS="770" HPOS="634"/>
							<String ID="string_210" HPOS="653" VPOS="776" WIDTH="81" HEIGHT="20" WC="0.96" CONTENT="anropa"/><SP WIDTH="19" VPOS="776" HPOS="734"/>
							<String ID="string_211" HPOS="753" VPOS="769" WIDTH="73" HEIGHT="27" WC="0.95" CONTENT="lagens"/><SP WIDTH="19" VPOS="769" HPOS="826"/>
							<String ID="string_212" HPOS="845" VPOS="769" WIDTH="62" HEIGHT="27" WC="0.96" CONTENT="hägn,"/><SP WIDTH="18" VPOS="769" HPOS="907"/>
							<String ID="string_213" HPOS="925" VPOS="768" WIDTH="37" HEIGHT="21" WC="0.96" CONTENT="har"/>
						</TextLine>
						<TextLine ID="line_23" HPOS="143" VPOS="798" WIDTH="818" HEIGHT="26">
							<String ID="string_214" HPOS="143" VPOS="798" WIDTH="66" HEIGHT="20" WC="0.96" CONTENT="också"/><SP WIDTH="16" VPOS="798" HPOS="209"/>
							<String ID="string_215" HPOS="225" VPOS="798" WIDTH="49" HEIGHT="20" WC="0.96" CONTENT="med"/><SP WIDTH="16" VPOS="798" HPOS="274"/>
							<String ID="string_216" HPOS="290" VPOS="798" WIDTH="118" HEIGHT="20" WC="0.96" CONTENT="detsamma"/><SP WIDTH="16" VPOS="798" HPOS="408"/>
							<String ID="string_217" HPOS="424" VPOS="798" WIDTH="121" HEIGHT="26" WC="0.96" CONTENT="privilegiet"/><SP WIDTH="15" VPOS="798" HPOS="545"/>
							<String ID="string_218" HPOS="560" VPOS="798" WIDTH="89" HEIGHT="20" WC="0.93" CONTENT="förlorat"/><SP WIDTH="16" VPOS="798" HPOS="649"/>
							<String ID="string_219" HPOS="665" VPOS="798" WIDTH="92" HEIGHT="20" WC="0.91" CONTENT="vilkoret"/><SP WIDTH="10" VPOS="798" HPOS="757"/>
							<String ID="string_220" HPOS="767" VPOS="798" WIDTH="33" HEIGHT="20" WC="0.96" CONTENT="för"/><SP WIDTH="15" VPOS="798" HPOS="800"/>
							<String ID="string_221" HPOS="815" VPOS="798" WIDTH="31" HEIGHT="20" WC="0.96" CONTENT="sin"/><SP WIDTH="12" VPOS="798" HPOS="846"/>
							<String ID="string_222" HPOS="858" VPOS="798" WIDTH="103" HEIGHT="24" WC="0.96" CONTENT="existens,"/>
						</TextLine>
						<TextLine ID="line_24" HPOS="144" VPOS="826" WIDTH="817" HEIGHT="28">
							<String ID="string_223" HPOS="144" VPOS="826" WIDTH="36" HEIGHT="21" WC="0.95" CONTENT="det"/><SP WIDTH="17" VPOS="826" HPOS="180"/>
							<String ID="string_224" HPOS="197" VPOS="827" WIDTH="67" HEIGHT="19" WC="0.93" CONTENT="måste"/><SP WIDTH="20" VPOS="827" HPOS="264"/>
							<String ID="string_225" HPOS="284" VPOS="826" WIDTH="134" HEIGHT="28" WC="0.91" CONTENT="rättvisligen"/><SP WIDTH="22" VPOS="826" HPOS="418"/>
							<String ID="string_226" HPOS="440" VPOS="826" WIDTH="104" HEIGHT="28" WC="0.95" CONTENT="upphöra,"/><SP WIDTH="20" VPOS="826" HPOS="544"/>
							<String ID="string_227" HPOS="564" VPOS="826" WIDTH="96" HEIGHT="20" WC="0.92" CONTENT="förintas."/><SP WIDTH="31" VPOS="826" HPOS="660"/>
							<String ID="string_228" HPOS="691" VPOS="826" WIDTH="122" HEIGHT="21" WC="0.92" CONTENT="Petitionen"/><SP WIDTH="24" VPOS="826" HPOS="813"/>
							<String ID="string_229" HPOS="837" VPOS="826" WIDTH="124" HEIGHT="26" WC="0.96" CONTENT="innehåller,"/>
						</TextLine>
						<TextLine ID="line_25" HPOS="143" VPOS="854" WIDTH="818" HEIGHT="28">
							<String ID="string_230" HPOS="143" VPOS="856" WIDTH="32" HEIGHT="19" WC="0.96" CONTENT="att"/><SP WIDTH="21" VPOS="856" HPOS="175"/>
							<String ID="string_231" HPOS="196" VPOS="854" WIDTH="42" HEIGHT="21" WC="0.96" CONTENT="den"/><SP WIDTH="16" VPOS="854" HPOS="238"/>
							<String ID="string_232" HPOS="254" VPOS="855" WIDTH="6" HEIGHT="20" WC="0.96" CONTENT="i"/><SP WIDTH="18" VPOS="855" HPOS="260"/>
							<String ID="string_233" HPOS="278" VPOS="856" WIDTH="25" HEIGHT="19" WC="0.96" CONTENT="18"/><SP WIDTH="16" VPOS="856" HPOS="303"/>
							<String ID="string_234" HPOS="319" VPOS="855" WIDTH="11" HEIGHT="27" WC="0.92" CONTENT="8"/><SP WIDTH="16" VPOS="855" HPOS="330"/>
							<String ID="string_235" HPOS="346" VPOS="855" WIDTH="24" HEIGHT="20" WC="0.92" CONTENT="af"/><SP WIDTH="18" VPOS="855" HPOS="370"/>
							<String ID="string_236" HPOS="388" VPOS="854" WIDTH="160" HEIGHT="28" WC="0.91" CONTENT="ridderskapets"/><SP WIDTH="21" VPOS="854" HPOS="548"/>
							<String ID="string_237" HPOS="569" VPOS="854" WIDTH="40" HEIGHT="22" WC="0.96" CONTENT="och"/><SP WIDTH="23" VPOS="854" HPOS="609"/>
							<String ID="string_238" HPOS="632" VPOS="854" WIDTH="73" HEIGHT="21" WC="0.95" CONTENT="adelns"/><SP WIDTH="23" VPOS="854" HPOS="705"/>
							<String ID="string_239" HPOS="728" VPOS="855" WIDTH="121" HEIGHT="27" WC="0.93" CONTENT="privilegier"/><SP WIDTH="16" VPOS="855" HPOS="849"/>
							<String ID="string_240" HPOS="865" VPOS="854" WIDTH="96" HEIGHT="21" WC="0.91" CONTENT="ståndets"/>
						</TextLine>
						<TextLine ID="line_26" HPOS="143" VPOS="882" WIDTH="818" HEIGHT="28">
							<String ID="string_241" HPOS="143" VPOS="883" WIDTH="138" HEIGHT="20" WC="0.91" CONTENT="medlemmar"/><SP WIDTH="22" VPOS="883" HPOS="281"/>
							<String ID="string_242" HPOS="303" VPOS="883" WIDTH="119" HEIGHT="20" WC="0.91" CONTENT="förunnade"/><SP WIDTH="23" VPOS="883" HPOS="422"/>
							<String ID="string_243" HPOS="445" VPOS="884" WIDTH="129" HEIGHT="26" WC="0.96" CONTENT="rättigheten"/><SP WIDTH="17" VPOS="884" HPOS="574"/>
							<String ID="string_244" HPOS="591" VPOS="885" WIDTH="31" HEIGHT="18" WC="0.96" CONTENT="att"/><SP WIDTH="17" VPOS="885" HPOS="622"/>
							<String ID="string_245" HPOS="639" VPOS="883" WIDTH="38" HEIGHT="20" WC="0.96" CONTENT="hos"/><SP WIDTH="16" VPOS="883" HPOS="677"/>
							<String ID="string_246" HPOS="693" VPOS="883" WIDTH="61" HEIGHT="20" WC="0.93" CONTENT="deras"/><SP WIDTH="19" VPOS="883" HPOS="754"/>
							<String ID="string_247" HPOS="773" VPOS="882" WIDTH="133" HEIGHT="21" WC="0.91" CONTENT="landbönder"/><SP WIDTH="15" VPOS="882" HPOS="906"/>
							<String ID="string_248" HPOS="921" VPOS="882" WIDTH="40" HEIGHT="21" WC="0.96" CONTENT="och"/>
						</TextLine>
						<TextLine ID="line_27" HPOS="142" VPOS="911" WIDTH="819" HEIGHT="28">
							<String ID="string_249" HPOS="142" VPOS="914" WIDTH="86" HEIGHT="25" WC="0.96" CONTENT="torpare"/><SP WIDTH="17" VPOS="914" HPOS="228"/>
							<String ID="string_250" HPOS="245" VPOS="911" WIDTH="115" HEIGHT="21" WC="0.93" CONTENT="verkställa"/><SP WIDTH="20" VPOS="911" HPOS="360"/>
							<String ID="string_251" HPOS="380" VPOS="912" WIDTH="128" HEIGHT="27" WC="0.91" CONTENT="utpantning"/><SP WIDTH="16" VPOS="912" HPOS="508"/>
							<String ID="string_252" HPOS="524" VPOS="911" WIDTH="32" HEIGHT="20" WC="0.92" CONTENT="för"/><SP WIDTH="16" VPOS="911" HPOS="556"/>
							<String ID="string_253" HPOS="572" VPOS="913" WIDTH="131" HEIGHT="19" WC="0.92" CONTENT="ränterester"/><SP WIDTH="20" VPOS="913" HPOS="703"/>
							<String ID="string_254" HPOS="723" VPOS="914" WIDTH="55" HEIGHT="18" WC="0.96" CONTENT="samt"/><SP WIDTH="16" VPOS="914" HPOS="778"/>
							<String ID="string_255" HPOS="794" VPOS="911" WIDTH="119" HEIGHT="27" WC="0.95" CONTENT="ersättning"/><SP WIDTH="16" VPOS="911" HPOS="913"/>
							<String ID="string_256" HPOS="929" VPOS="911" WIDTH="32" HEIGHT="20" WC="0.96" CONTENT="för"/>
						</TextLine>
						<TextLine ID="line_28" HPOS="143" VPOS="939" WIDTH="817" HEIGHT="28">
							<String ID="string_257" HPOS="143" VPOS="941" WIDTH="95" HEIGHT="25" WC="0.91" CONTENT="husröta,"/><SP WIDTH="18" VPOS="941" HPOS="238"/>
							<String ID="string_258" HPOS="256" VPOS="940" WIDTH="98" HEIGHT="26" WC="0.91" CONTENT="vanhäfd,"/><SP WIDTH="16" VPOS="940" HPOS="354"/>
							<String ID="string_259" HPOS="370" VPOS="947" WIDTH="27" HEIGHT="13" WC="0.92" CONTENT="m."/><SP WIDTH="16" VPOS="947" HPOS="397"/>
							<String ID="string_260" HPOS="413" VPOS="947" WIDTH="27" HEIGHT="13" WC="0.91" CONTENT="m."/><SP WIDTH="18" VPOS="947" HPOS="440"/>
							<String ID="string_261" HPOS="458" VPOS="940" WIDTH="68" HEIGHT="20" WC="0.93" CONTENT="blifvit"/><SP WIDTH="16" VPOS="940" HPOS="526"/>
							<String ID="string_262" HPOS="542" VPOS="940" WIDTH="12" HEIGHT="20" WC="0.92" CONTENT="å"/><SP WIDTH="15" VPOS="940" HPOS="554"/>
							<String ID="string_263" HPOS="569" VPOS="940" WIDTH="54" HEIGHT="20" WC="0.96" CONTENT="flera"/><SP WIDTH="15" VPOS="940" HPOS="623"/>
							<String ID="string_264" HPOS="638" VPOS="939" WIDTH="53" HEIGHT="28" WC="0.96" CONTENT="gods"/><SP WIDTH="16" VPOS="939" HPOS="691"/>
							<String ID="string_265" HPOS="707" VPOS="940" WIDTH="57" HEIGHT="20" WC="0.96" CONTENT="inom"/><SP WIDTH="20" VPOS="940" HPOS="764"/>
							<String ID="string_266" HPOS="784" VPOS="939" WIDTH="99" HEIGHT="28" WC="0.96" CONTENT="sydöstra"/><SP WIDTH="16" VPOS="939" HPOS="883"/>
							<String ID="string_267" HPOS="899" VPOS="939" WIDTH="61" HEIGHT="21" WC="0.95" CONTENT="delen"/>
						</TextLine>
						<TextLine ID="line_29" HPOS="143" VPOS="968" WIDTH="818" HEIGHT="27">
							<String ID="string_268" HPOS="143" VPOS="969" WIDTH="23" HEIGHT="20" WC="0.95" CONTENT="af"/><SP WIDTH="14" VPOS="969" HPOS="166"/>
							<String ID="string_269" HPOS="180" VPOS="969" WIDTH="72" HEIGHT="20" WC="0.93" CONTENT="landet"/><SP WIDTH="16" VPOS="969" HPOS="252"/>
							<String ID="string_270" HPOS="268" VPOS="969" WIDTH="88" HEIGHT="20" WC="0.91" CONTENT="utöfvad"/><SP WIDTH="16" VPOS="969" HPOS="356"/>
							<String ID="string_271" HPOS="372" VPOS="968" WIDTH="49" HEIGHT="21" WC="0.96" CONTENT="med"/><SP WIDTH="16" VPOS="968" HPOS="421"/>
							<String ID="string_272" HPOS="437" VPOS="968" WIDTH="49" HEIGHT="27" WC="0.96" CONTENT="föga"/><SP WIDTH="15" VPOS="968" HPOS="486"/>
							<String ID="string_273" HPOS="501" VPOS="969" WIDTH="82" HEIGHT="26" WC="0.95" CONTENT="hänsyn"/><SP WIDTH="18" VPOS="969" HPOS="583"/>
							<String ID="string_274" HPOS="601" VPOS="969" WIDTH="30" HEIGHT="20" WC="0.95" CONTENT="till"/><SP WIDTH="17" VPOS="969" HPOS="631"/>
							<String ID="string_275" HPOS="648" VPOS="969" WIDTH="114" HEIGHT="20" WC="0.96" CONTENT="rättvisans"/><SP WIDTH="12" VPOS="969" HPOS="762"/>
							<String ID="string_276" HPOS="774" VPOS="969" WIDTH="38" HEIGHT="20" WC="0.93" CONTENT="och"/><SP WIDTH="13" VPOS="969" HPOS="812"/>
							<String ID="string_277" HPOS="825" VPOS="968" WIDTH="136" HEIGHT="27" WC="0.91" CONTENT="billighetens"/>
						</TextLine>
						<TextLine ID="line_30" HPOS="143" VPOS="997" WIDTH="817" HEIGHT="27">
							<String ID="string_278" HPOS="143" VPOS="997" WIDTH="128" HEIGHT="27" WC="0.95" CONTENT="fordringar,"/><SP WIDTH="15" VPOS="997" HPOS="271"/>
							<String ID="string_279" HPOS="286" VPOS="1000" WIDTH="56" HEIGHT="17" WC="0.96" CONTENT="samt"/><SP WIDTH="15" VPOS="1000" HPOS="342"/>
							<String ID="string_280" HPOS="357" VPOS="999" WIDTH="31" HEIGHT="18" WC="0.96" CONTENT="att"/><SP WIDTH="16" VPOS="999" HPOS="388"/>
							<String ID="string_281" HPOS="404" VPOS="997" WIDTH="26" HEIGHT="20" WC="0.93" CONTENT="de"/><SP WIDTH="16" VPOS="997" HPOS="430"/>
							<String ID="string_282" HPOS="446" VPOS="997" WIDTH="123" HEIGHT="27" WC="0.92" CONTENT="derigenom"/><SP WIDTH="17" VPOS="997" HPOS="569"/>
							<String ID="string_283" HPOS="586" VPOS="997" WIDTH="93" HEIGHT="25" WC="0.96" CONTENT="lidande,"/><SP WIDTH="16" VPOS="997" HPOS="679"/>
							<String ID="string_284" HPOS="695" VPOS="997" WIDTH="22" HEIGHT="20" WC="0.96" CONTENT="af"/><SP WIDTH="14" VPOS="997" HPOS="717"/>
							<String ID="string_285" HPOS="731" VPOS="997" WIDTH="45" HEIGHT="20" WC="0.96" CONTENT="skäl"/><SP WIDTH="17" VPOS="997" HPOS="776"/>
							<String ID="string_286" HPOS="793" VPOS="1003" WIDTH="45" HEIGHT="14" WC="0.96" CONTENT="som"/><SP WIDTH="15" VPOS="1003" HPOS="838"/>
							<String ID="string_287" HPOS="853" VPOS="997" WIDTH="7" HEIGHT="20" WC="0.91" CONTENT="i"/><SP WIDTH="16" VPOS="997" HPOS="860"/>
							<String ID="string_288" HPOS="876" VPOS="997" WIDTH="84" HEIGHT="26" WC="0.91" CONTENT="petitio-"/>
						</TextLine>
						<TextLine ID="line_31" HPOS="142" VPOS="1025" WIDTH="819" HEIGHT="28">
							<String ID="string_289" HPOS="142" VPOS="1033" WIDTH="41" HEIGHT="14" WC="0.95" CONTENT="nen"/><SP WIDTH="17" VPOS="1033" HPOS="183"/>
							<String ID="string_290" HPOS="200" VPOS="1025" WIDTH="132" HEIGHT="26" WC="0.34" CONTENT="framhållits,"/><SP WIDTH="17" VPOS="1025" HPOS="332"/>
							<String ID="string_291" HPOS="349" VPOS="1027" WIDTH="43" HEIGHT="19" WC="0.97" CONTENT="sett"/><SP WIDTH="10" VPOS="1027" HPOS="392"/>
							<String ID="string_292" HPOS="402" VPOS="1026" WIDTH="33" HEIGHT="27" WC="0.93" CONTENT="sig"/><SP WIDTH="11" VPOS="1026" HPOS="435"/>
							<String ID="string_293" HPOS="446" VPOS="1025" WIDTH="146" HEIGHT="21" WC="0.92" CONTENT="urständsatte"/><SP WIDTH="11" VPOS="1025" HPOS="592"/>
							<String ID="string_294" HPOS="603" VPOS="1027" WIDTH="32" HEIGHT="19" WC="0.96" CONTENT="att"/><SP WIDTH="12" VPOS="1027" HPOS="635"/>
							<String ID="string_295" HPOS="647" VPOS="1025" WIDTH="38" HEIGHT="22" WC="0.96" CONTENT="hos"/><SP WIDTH="12" VPOS="1025" HPOS="685"/>
							<String ID="string_296" HPOS="697" VPOS="1026" WIDTH="62" HEIGHT="27" WC="0.96" CONTENT="lagen"/><SP WIDTH="11" VPOS="1026" HPOS="759"/>
							<String ID="string_297" HPOS="770" VPOS="1025" WIDTH="52" HEIGHT="21" WC="0.96" CONTENT="söka"/><SP WIDTH="11" VPOS="1025" HPOS="822"/>
							<String ID="string_298" HPOS="833" VPOS="1025" WIDTH="37" HEIGHT="20" WC="0.96" CONTENT="sitt"/><SP WIDTH="11" VPOS="1025" HPOS="870"/>
							<String ID="string_299" HPOS="881" VPOS="1025" WIDTH="80" HEIGHT="27" WC="0.96" CONTENT="skydd;"/>
						</TextLine>
						<TextLine ID="line_32" HPOS="142" VPOS="1053" WIDTH="818" HEIGHT="28">
							<String ID="string_300" HPOS="142" VPOS="1055" WIDTH="39" HEIGHT="20" WC="0.94" CONTENT="och"/><SP WIDTH="17" VPOS="1055" HPOS="181"/>
							<String ID="string_301" HPOS="198" VPOS="1054" WIDTH="59" HEIGHT="21" WC="0.93" CONTENT="detta"/><SP WIDTH="15" VPOS="1054" HPOS="257"/>
							<String ID="string_302" HPOS="272" VPOS="1054" WIDTH="132" HEIGHT="21" WC="0.96" CONTENT="förhållande"/><SP WIDTH="16" VPOS="1054" HPOS="404"/>
							<String ID="string_303" HPOS="420" VPOS="1055" WIDTH="38" HEIGHT="20" WC="0.93" CONTENT="har"/><SP WIDTH="16" VPOS="1055" HPOS="458"/>
							<String ID="string_304" HPOS="474" VPOS="1054" WIDTH="47" HEIGHT="21" WC="0.96" CONTENT="icke"/><SP WIDTH="18" VPOS="1054" HPOS="521"/>
							<String ID="string_305" HPOS="539" VPOS="1053" WIDTH="82" HEIGHT="21" WC="0.96" CONTENT="mindre"/><SP WIDTH="16" VPOS="1053" HPOS="621"/>
							<String ID="string_306" HPOS="637" VPOS="1054" WIDTH="39" HEIGHT="20" WC="0.93" CONTENT="den"/><SP WIDTH="17" VPOS="1054" HPOS="676"/>
							<String ID="string_307" HPOS="693" VPOS="1055" WIDTH="64" HEIGHT="19" WC="0.93" CONTENT="ärade"/><SP WIDTH="17" VPOS="1055" HPOS="757"/>
							<String ID="string_308" HPOS="774" VPOS="1053" WIDTH="149" HEIGHT="28" WC="0.92" CONTENT="petitionären,"/><SP WIDTH="11" VPOS="1053" HPOS="923"/>
							<String ID="string_309" HPOS="934" VPOS="1055" WIDTH="26" HEIGHT="19" WC="0.97" CONTENT="än"/>
						</TextLine>
						<TextLine ID="line_33" HPOS="140" VPOS="1082" WIDTH="821" HEIGHT="27">
							<String ID="string_310" HPOS="140" VPOS="1083" WIDTH="53" HEIGHT="21" WC="0.91" CONTENT="flere"/><SP WIDTH="21" VPOS="1083" HPOS="193"/>
							<String ID="string_311" HPOS="214" VPOS="1083" WIDTH="65" HEIGHT="20" WC="0.95" CONTENT="andra"/><SP WIDTH="20" VPOS="1083" HPOS="279"/>
							<String ID="string_312" HPOS="299" VPOS="1089" WIDTH="33" HEIGHT="14" WC="0.89" CONTENT="om"/><SP WIDTH="24" VPOS="1089" HPOS="332"/>
							<String ID="string_313" HPOS="356" VPOS="1085" WIDTH="61" HEIGHT="18" WC="0.89" CONTENT="orten"/><SP WIDTH="21" VPOS="1085" HPOS="417"/>
							<String ID="string_314" HPOS="438" VPOS="1083" WIDTH="93" HEIGHT="26" WC="0.92" CONTENT="kunnige"/><SP WIDTH="20" VPOS="1083" HPOS="531"/>
							<String ID="string_315" HPOS="551" VPOS="1089" WIDTH="109" HEIGHT="20" WC="0.93" CONTENT="personer,"/><SP WIDTH="24" VPOS="1089" HPOS="660"/>
							<String ID="string_316" HPOS="684" VPOS="1082" WIDTH="109" HEIGHT="21" WC="0.92" CONTENT="deribland"/><SP WIDTH="22" VPOS="1082" HPOS="793"/>
							<String ID="string_317" HPOS="815" VPOS="1082" WIDTH="40" HEIGHT="21" WC="0.93" CONTENT="den"/><SP WIDTH="20" VPOS="1082" HPOS="855"/>
							<String ID="string_318" HPOS="875" VPOS="1084" WIDTH="86" HEIGHT="18" WC="0.92" CONTENT="senaste"/>
						</TextLine>
						<TextLine ID="line_34" HPOS="139" VPOS="1110" WIDTH="821" HEIGHT="29">
							<String ID="string_319" HPOS="139" VPOS="1112" WIDTH="65" HEIGHT="20" WC="0.96" CONTENT="ärade"/><SP WIDTH="19" VPOS="1112" HPOS="204"/>
							<String ID="string_320" HPOS="223" VPOS="1111" WIDTH="82" HEIGHT="21" WC="0.93" CONTENT="talaren"/><SP WIDTH="21" VPOS="1111" HPOS="305"/>
							<String ID="string_321" HPOS="326" VPOS="1111" WIDTH="131" HEIGHT="28" WC="0.69" CONTENT="mundtligen"/><SP WIDTH="25" VPOS="1111" HPOS="457"/>
							<String ID="string_322" HPOS="482" VPOS="1111" WIDTH="111" HEIGHT="25" WC="0.92" CONTENT="besannat,"/><SP WIDTH="24" VPOS="1111" HPOS="593"/>
							<String ID="string_323" HPOS="617" VPOS="1111" WIDTH="68" HEIGHT="27" WC="0.93" CONTENT="jemte"/><SP WIDTH="16" VPOS="1111" HPOS="685"/>
							<String ID="string_324" HPOS="701" VPOS="1110" WIDTH="163" HEIGHT="28" WC="0.91" CONTENT="uppnämnande"/><SP WIDTH="15" VPOS="1110" HPOS="864"/>
							<String ID="string_325" HPOS="879" VPOS="1110" WIDTH="24" HEIGHT="20" WC="0.93" CONTENT="af"/><SP WIDTH="13" VPOS="1110" HPOS="903"/>
							<String ID="string_326" HPOS="916" VPOS="1111" WIDTH="44" HEIGHT="20" WC="0.93" CONTENT="sär-"/>
						</TextLine>
						<TextLine ID="line_35" HPOS="140" VPOS="1139" WIDTH="820" HEIGHT="28">
							<String ID="string_327" HPOS="140" VPOS="1140" WIDTH="70" HEIGHT="21" WC="0.95" CONTENT="skilda"/><SP WIDTH="16" VPOS="1140" HPOS="210"/>
							<String ID="string_328" HPOS="226" VPOS="1139" WIDTH="68" HEIGHT="27" WC="0.96" CONTENT="fakta;"/><SP WIDTH="18" VPOS="1139" HPOS="294"/>
							<String ID="string_329" HPOS="312" VPOS="1139" WIDTH="39" HEIGHT="22" WC="0.93" CONTENT="och"/><SP WIDTH="16" VPOS="1139" HPOS="351"/>
							<String ID="string_330" HPOS="367" VPOS="1140" WIDTH="85" HEIGHT="21" WC="0.96" CONTENT="befarar"/><SP WIDTH="13" VPOS="1140" HPOS="452"/>
							<String ID="string_331" HPOS="465" VPOS="1140" WIDTH="43" HEIGHT="27" WC="0.93" CONTENT="jag,"/><SP WIDTH="18" VPOS="1140" HPOS="508"/>
							<String ID="string_332" HPOS="526" VPOS="1139" WIDTH="55" HEIGHT="21" WC="0.96" CONTENT="efter"/><SP WIDTH="16" VPOS="1139" HPOS="581"/>
							<String ID="string_333" HPOS="597" VPOS="1139" WIDTH="40" HEIGHT="21" WC="0.93" CONTENT="den"/><SP WIDTH="17" VPOS="1139" HPOS="637"/>
							<String ID="string_334" HPOS="654" VPOS="1139" WIDTH="123" HEIGHT="21" WC="0.86" CONTENT="erfarenhet"/><SP WIDTH="11" VPOS="1139" HPOS="777"/>
							<String ID="string_335" HPOS="788" VPOS="1139" WIDTH="38" HEIGHT="27" WC="0.96" CONTENT="jag"/><SP WIDTH="11" VPOS="1139" HPOS="826"/>
							<String ID="string_336" HPOS="837" VPOS="1139" WIDTH="82" HEIGHT="20" WC="0.93" CONTENT="kunnat"/><SP WIDTH="10" VPOS="1139" HPOS="919"/>
							<String ID="string_337" HPOS="929" VPOS="1139" WIDTH="31" HEIGHT="20" WC="0.93" CONTENT="in-"/>
						</TextLine>
						<TextLine ID="line_36" HPOS="141" VPOS="1167" WIDTH="819" HEIGHT="27">
							<String ID="string_338" HPOS="141" VPOS="1169" WIDTH="79" HEIGHT="25" WC="0.92" CONTENT="hemta,"/><SP WIDTH="16" VPOS="1169" HPOS="220"/>
							<String ID="string_339" HPOS="236" VPOS="1170" WIDTH="32" HEIGHT="19" WC="0.96" CONTENT="att"/><SP WIDTH="16" VPOS="1170" HPOS="268"/>
							<String ID="string_340" HPOS="284" VPOS="1175" WIDTH="48" HEIGHT="14" WC="0.93" CONTENT="man"/><SP WIDTH="16" VPOS="1175" HPOS="332"/>
							<String ID="string_341" HPOS="348" VPOS="1169" WIDTH="63" HEIGHT="20" WC="0.95" CONTENT="äfven"/><SP WIDTH="16" VPOS="1169" HPOS="411"/>
							<String ID="string_342" HPOS="427" VPOS="1169" WIDTH="56" HEIGHT="20" WC="0.96" CONTENT="inom"/><SP WIDTH="17" VPOS="1169" HPOS="483"/>
							<String ID="string_343" HPOS="500" VPOS="1167" WIDTH="66" HEIGHT="22" WC="0.96" CONTENT="andra"/><SP WIDTH="17" VPOS="1167" HPOS="566"/>
							<String ID="string_344" HPOS="583" VPOS="1168" WIDTH="58" HEIGHT="20" WC="0.96" CONTENT="delar"/><SP WIDTH="16" VPOS="1168" HPOS="641"/>
							<String ID="string_345" HPOS="657" VPOS="1168" WIDTH="22" HEIGHT="20" WC="0.93" CONTENT="af"/><SP WIDTH="15" VPOS="1168" HPOS="679"/>
							<String ID="string_346" HPOS="694" VPOS="1169" WIDTH="46" HEIGHT="19" WC="0.96" CONTENT="vårt"/><SP WIDTH="15" VPOS="1169" HPOS="740"/>
							<String ID="string_347" HPOS="755" VPOS="1167" WIDTH="49" HEIGHT="21" WC="0.93" CONTENT="land"/><SP WIDTH="16" VPOS="1167" HPOS="804"/>
							<String ID="string_348" HPOS="820" VPOS="1168" WIDTH="46" HEIGHT="20" WC="0.93" CONTENT="icke"/><SP WIDTH="16" VPOS="1168" HPOS="866"/>
							<String ID="string_349" HPOS="882" VPOS="1167" WIDTH="78" HEIGHT="27" WC="0.92" CONTENT="förgäf-"/>
						</TextLine>
						<TextLine ID="line_37" HPOS="142" VPOS="1195" WIDTH="817" HEIGHT="27">
							<String ID="string_350" HPOS="142" VPOS="1204" WIDTH="36" HEIGHT="14" WC="0.95" CONTENT="ves"/><SP WIDTH="17" VPOS="1204" HPOS="178"/>
							<String ID="string_351" HPOS="195" VPOS="1196" WIDTH="68" HEIGHT="21" WC="0.92" CONTENT="skulle"/><SP WIDTH="19" VPOS="1196" HPOS="263"/>
							<String ID="string_352" HPOS="282" VPOS="1196" WIDTH="100" HEIGHT="21" WC="0.80" CONTENT="efterleta"/><SP WIDTH="16" VPOS="1196" HPOS="382"/>
							<String ID="string_353" HPOS="398" VPOS="1196" WIDTH="35" HEIGHT="21" WC="0.96" CONTENT="fall"/><SP WIDTH="16" VPOS="1196" HPOS="433"/>
							<String ID="string_354" HPOS="449" VPOS="1197" WIDTH="23" HEIGHT="19" WC="0.93" CONTENT="af"/><SP WIDTH="13" VPOS="1197" HPOS="472"/>
							<String ID="string_355" HPOS="485" VPOS="1196" WIDTH="112" HEIGHT="21" WC="0.96" CONTENT="enahanda"/><SP WIDTH="19" VPOS="1196" HPOS="597"/>
							<String ID="string_356" HPOS="616" VPOS="1196" WIDTH="113" HEIGHT="26" WC="0.96" CONTENT="missbruk,"/><SP WIDTH="21" VPOS="1196" HPOS="729"/>
							<String ID="string_357" HPOS="750" VPOS="1196" WIDTH="64" HEIGHT="20" WC="0.96" CONTENT="likväl"/><SP WIDTH="17" VPOS="1196" HPOS="814"/>
							<String ID="string_358" HPOS="831" VPOS="1195" WIDTH="76" HEIGHT="21" WC="0.93" CONTENT="endast"/><SP WIDTH="15" VPOS="1195" HPOS="907"/>
							<String ID="string_359" HPOS="922" VPOS="1202" WIDTH="37" HEIGHT="14" WC="0.93" CONTENT="un-"/>
						</TextLine>
						<TextLine ID="line_38" HPOS="140" VPOS="1223" WIDTH="820" HEIGHT="30">
							<String ID="string_360" HPOS="140" VPOS="1225" WIDTH="125" HEIGHT="28" WC="0.91" CONTENT="dantagsvis"/><SP WIDTH="16" VPOS="1225" HPOS="265"/>
							<String ID="string_361" HPOS="281" VPOS="1225" WIDTH="40" HEIGHT="21" WC="0.93" CONTENT="och"/><SP WIDTH="15" VPOS="1225" HPOS="321"/>
							<String ID="string_362" HPOS="336" VPOS="1225" WIDTH="92" HEIGHT="21" WC="0.96" CONTENT="enstaka"/><SP WIDTH="15" VPOS="1225" HPOS="428"/>
							<String ID="string_363" HPOS="443" VPOS="1224" WIDTH="182" HEIGHT="27" WC="0.96" CONTENT="förekommande,"/><SP WIDTH="17" VPOS="1224" HPOS="625"/>
							<String ID="string_364" HPOS="642" VPOS="1231" WIDTH="47" HEIGHT="14" WC="0.93" CONTENT="men"/><SP WIDTH="12" VPOS="1231" HPOS="689"/>
							<String ID="string_365" HPOS="701" VPOS="1225" WIDTH="54" HEIGHT="20" WC="0.93" CONTENT="intet"/><SP WIDTH="11" VPOS="1225" HPOS="755"/>
							<String ID="string_366" HPOS="766" VPOS="1223" WIDTH="128" HEIGHT="22" WC="0.46" CONTENT="tvifvelsmäl"/><SP WIDTH="11" VPOS="1223" HPOS="894"/>
							<String ID="string_367" HPOS="905" VPOS="1223" WIDTH="55" HEIGHT="22" WC="0.91" CONTENT="före-"/>
						</TextLine>
						<TextLine ID="line_39" HPOS="142" VPOS="1253" WIDTH="817" HEIGHT="28">
							<String ID="string_368" HPOS="142" VPOS="1255" WIDTH="74" HEIGHT="24" WC="0.89" CONTENT="finnes,"/><SP WIDTH="21" VPOS="1255" HPOS="216"/>
							<String ID="string_369" HPOS="237" VPOS="1256" WIDTH="31" HEIGHT="19" WC="0.93" CONTENT="att"/><SP WIDTH="20" VPOS="1256" HPOS="268"/>
							<String ID="string_370" HPOS="288" VPOS="1254" WIDTH="74" HEIGHT="27" WC="0.90" CONTENT="dylika"/><SP WIDTH="23" VPOS="1254" HPOS="362"/>
							<String ID="string_371" HPOS="385" VPOS="1254" WIDTH="106" HEIGHT="21" WC="0.92" CONTENT="missbruk"/><SP WIDTH="16" VPOS="1254" HPOS="491"/>
							<String ID="string_372" HPOS="507" VPOS="1256" WIDTH="37" HEIGHT="24" WC="0.91" CONTENT="egt"/><SP WIDTH="20" VPOS="1256" HPOS="544"/>
							<String ID="string_373" HPOS="564" VPOS="1261" WIDTH="53" HEIGHT="19" WC="0.96" CONTENT="rum,"/><SP WIDTH="16" VPOS="1261" HPOS="617"/>
							<String ID="string_374" HPOS="633" VPOS="1255" WIDTH="55" HEIGHT="18" WC="0.93" CONTENT="samt"/><SP WIDTH="15" VPOS="1255" HPOS="688"/>
							<String ID="string_375" HPOS="703" VPOS="1253" WIDTH="132" HEIGHT="21" WC="0.93" CONTENT="fortfarande"/><SP WIDTH="16" VPOS="1253" HPOS="835"/>
							<String ID="string_376" HPOS="851" VPOS="1259" WIDTH="40" HEIGHT="21" WC="0.92" CONTENT="ega"/><SP WIDTH="16" VPOS="1259" HPOS="891"/>
							<String ID="string_377" HPOS="907" VPOS="1259" WIDTH="52" HEIGHT="20" WC="0.95" CONTENT="rum,"/>
						</TextLine>
						<TextLine ID="line_40" HPOS="141" VPOS="1281" WIDTH="820" HEIGHT="28">
							<String ID="string_378" HPOS="141" VPOS="1283" WIDTH="39" HEIGHT="20" WC="0.96" CONTENT="och"/><SP WIDTH="17" VPOS="1283" HPOS="180"/>
							<String ID="string_379" HPOS="197" VPOS="1290" WIDTH="48" HEIGHT="13" WC="0.96" CONTENT="man"/><SP WIDTH="17" VPOS="1290" HPOS="245"/>
							<String ID="string_380" HPOS="262" VPOS="1283" WIDTH="34" HEIGHT="20" WC="0.91" CONTENT="mä"/><SP WIDTH="15" VPOS="1283" HPOS="296"/>
							<String ID="string_381" HPOS="311" VPOS="1282" WIDTH="55" HEIGHT="27" WC="0.95" CONTENT="icke,"/><SP WIDTH="16" VPOS="1282" HPOS="366"/>
							<String ID="string_382" HPOS="382" VPOS="1283" WIDTH="70" HEIGHT="20" WC="0.93" CONTENT="såsom"/><SP WIDTH="16" VPOS="1283" HPOS="452"/>
							<String ID="string_383" HPOS="468" VPOS="1282" WIDTH="221" HEIGHT="21" WC="0.92" CONTENT="riddarhusutskottet"/><SP WIDTH="16" VPOS="1282" HPOS="689"/>
							<String ID="string_384" HPOS="705" VPOS="1281" WIDTH="81" HEIGHT="28" WC="0.93" CONTENT="antydt,"/><SP WIDTH="16" VPOS="1281" HPOS="786"/>
							<String ID="string_385" HPOS="802" VPOS="1283" WIDTH="59" HEIGHT="26" WC="0.94" CONTENT="säga,"/><SP WIDTH="16" VPOS="1283" HPOS="861"/>
							<String ID="string_386" HPOS="877" VPOS="1283" WIDTH="32" HEIGHT="18" WC="0.96" CONTENT="att"/><SP WIDTH="15" VPOS="1283" HPOS="909"/>
							<String ID="string_387" HPOS="924" VPOS="1281" WIDTH="37" HEIGHT="20" WC="0.96" CONTENT="dot"/>
						</TextLine>
						<TextLine ID="line_41" HPOS="141" VPOS="1309" WIDTH="839" HEIGHT="29">
							<String ID="string_388" HPOS="141" VPOS="1313" WIDTH="23" HEIGHT="19" WC="0.94" CONTENT="är"/><SP WIDTH="16" VPOS="1313" HPOS="164"/>
							<String ID="string_389" HPOS="180" VPOS="1318" WIDTH="26" HEIGHT="14" WC="0.93" CONTENT="en"/><SP WIDTH="16" VPOS="1318" HPOS="206"/>
							<String ID="string_390" HPOS="222" VPOS="1311" WIDTH="154" HEIGHT="27" WC="0.76" CONTENT="obotydlighet,"/><SP WIDTH="17" VPOS="1311" HPOS="376"/>
							<String ID="string_391" HPOS="393" VPOS="1318" WIDTH="45" HEIGHT="13" WC="0.93" CONTENT="som"/><SP WIDTH="17" VPOS="1318" HPOS="438"/>
							<String ID="string_392" HPOS="455" VPOS="1311" WIDTH="47" HEIGHT="21" WC="0.93" CONTENT="icke"/><SP WIDTH="15" VPOS="1311" HPOS="502"/>
							<String ID="string_393" HPOS="517" VPOS="1311" WIDTH="106" HEIGHT="27" WC="0.48" CONTENT="förtjonar"/><SP WIDTH="15" VPOS="1311" HPOS="623"/>
							<String ID="string_394" HPOS="638" VPOS="1312" WIDTH="32" HEIGHT="19" WC="0.96" CONTENT="att"/><SP WIDTH="11" VPOS="1312" HPOS="670"/>
							<String ID="string_395" HPOS="681" VPOS="1310" WIDTH="22" HEIGHT="21" WC="0.93" CONTENT="af"/><SP WIDTH="9" VPOS="1310" HPOS="703"/>
							<String ID="string_396" HPOS="712" VPOS="1310" WIDTH="83" HEIGHT="21" WC="0.96" CONTENT="landets"/><SP WIDTH="15" VPOS="1310" HPOS="795"/>
							<String ID="string_397" HPOS="810" VPOS="1309" WIDTH="87" HEIGHT="22" WC="0.93" CONTENT="ständer"/><SP WIDTH="10" VPOS="1309" HPOS="897"/>
							<String ID="string_398" HPOS="907" VPOS="1316" WIDTH="53" HEIGHT="21" WC="0.90" CONTENT="upp-"/><SP WIDTH="17" VPOS="1316" HPOS="960"/>
							<String ID="string_399" HPOS="977" VPOS="1319" WIDTH="3" HEIGHT="3" WC="0.71" CONTENT=":"/>
						</TextLine>
						<TextLine ID="line_42" HPOS="140" VPOS="1337" WIDTH="820" HEIGHT="30">
							<String ID="string_400" HPOS="140" VPOS="1340" WIDTH="166" HEIGHT="26" WC="0.91" CONTENT="märksammas;"/><SP WIDTH="20" VPOS="1340" HPOS="306"/>
							<String ID="string_401" HPOS="326" VPOS="1337" WIDTH="42" HEIGHT="30" WC="0.96" CONTENT="nej,"/><SP WIDTH="17" VPOS="1337" HPOS="368"/>
							<String ID="string_402" HPOS="385" VPOS="1339" WIDTH="36" HEIGHT="21" WC="0.96" CONTENT="det"/><SP WIDTH="16" VPOS="1339" HPOS="421"/>
							<String ID="string_403" HPOS="437" VPOS="1339" WIDTH="41" HEIGHT="21" WC="0.93" CONTENT="kan"/><SP WIDTH="16" VPOS="1339" HPOS="478"/>
							<String ID="string_404" HPOS="494" VPOS="1339" WIDTH="48" HEIGHT="21" WC="0.96" CONTENT="icke"/><SP WIDTH="20" VPOS="1339" HPOS="542"/>
							<String ID="string_405" HPOS="562" VPOS="1339" WIDTH="78" HEIGHT="27" WC="0.96" CONTENT="undgå,"/><SP WIDTH="17" VPOS="1339" HPOS="640"/>
							<String ID="string_406" HPOS="657" VPOS="1339" WIDTH="36" HEIGHT="20" WC="0.97" CONTENT="det"/><SP WIDTH="16" VPOS="1339" HPOS="693"/>
							<String ID="string_407" HPOS="709" VPOS="1341" WIDTH="22" HEIGHT="18" WC="0.93" CONTENT="är"/><SP WIDTH="16" VPOS="1341" HPOS="731"/>
							<String ID="string_408" HPOS="747" VPOS="1338" WIDTH="158" HEIGHT="28" WC="0.92" CONTENT="ovedersägligt"/><SP WIDTH="15" VPOS="1338" HPOS="905"/>
							<String ID="string_409" HPOS="920" VPOS="1338" WIDTH="40" HEIGHT="21" WC="0.96" CONTENT="och"/>
						</TextLine>
						<TextLine ID="line_43" HPOS="141" VPOS="1366" WIDTH="819" HEIGHT="29">
							<String ID="string_410" HPOS="141" VPOS="1368" WIDTH="111" HEIGHT="21" WC="0.90" CONTENT="historiskt"/><SP WIDTH="24" VPOS="1368" HPOS="252"/>
							<String ID="string_411" HPOS="276" VPOS="1368" WIDTH="129" HEIGHT="26" WC="0.61" CONTENT="bekräftadt,"/><SP WIDTH="19" VPOS="1368" HPOS="405"/>
							<String ID="string_412" HPOS="424" VPOS="1370" WIDTH="32" HEIGHT="19" WC="0.93" CONTENT="att"/><SP WIDTH="20" VPOS="1370" HPOS="456"/>
							<String ID="string_413" HPOS="476" VPOS="1368" WIDTH="107" HEIGHT="21" WC="0.96" CONTENT="missbruk"/><SP WIDTH="21" VPOS="1368" HPOS="583"/>
							<String ID="string_414" HPOS="604" VPOS="1367" WIDTH="22" HEIGHT="21" WC="0.96" CONTENT="af"/><SP WIDTH="17" VPOS="1367" HPOS="626"/>
							<String ID="string_415" HPOS="643" VPOS="1367" WIDTH="128" HEIGHT="28" WC="0.96" CONTENT="rättigheter"/><SP WIDTH="20" VPOS="1367" HPOS="771"/>
							<String ID="string_416" HPOS="791" VPOS="1367" WIDTH="39" HEIGHT="21" WC="0.93" CONTENT="och"/><SP WIDTH="20" VPOS="1367" HPOS="830"/>
							<String ID="string_417" HPOS="850" VPOS="1366" WIDTH="110" HEIGHT="27" WC="0.96" CONTENT="orättvisa,"/>
						</TextLine>
						<TextLine ID="line_44" HPOS="141" VPOS="1395" WIDTH="819" HEIGHT="29">
							<String ID="string_418" HPOS="141" VPOS="1404" WIDTH="53" HEIGHT="19" WC="0.93" CONTENT="som,"/><SP WIDTH="16" VPOS="1404" HPOS="194"/>
							<String ID="string_419" HPOS="210" VPOS="1397" WIDTH="67" HEIGHT="20" WC="0.92" CONTENT="ehuru"/><SP WIDTH="16" VPOS="1397" HPOS="277"/>
							<String ID="string_420" HPOS="293" VPOS="1397" WIDTH="135" HEIGHT="27" WC="0.92" CONTENT="uppenbara,"/><SP WIDTH="20" VPOS="1397" HPOS="428"/>
							<String ID="string_421" HPOS="448" VPOS="1397" WIDTH="55" HEIGHT="20" WC="0.96" CONTENT="dock"/><SP WIDTH="16" VPOS="1397" HPOS="503"/>
							<String ID="string_422" HPOS="519" VPOS="1397" WIDTH="69" HEIGHT="20" WC="0.96" CONTENT="under"/><SP WIDTH="17" VPOS="1397" HPOS="588"/>
							<String ID="string_423" HPOS="605" VPOS="1403" WIDTH="26" HEIGHT="13" WC="0.96" CONTENT="en"/><SP WIDTH="15" VPOS="1403" HPOS="631"/>
							<String ID="string_424" HPOS="646" VPOS="1396" WIDTH="75" HEIGHT="27" WC="0.93" CONTENT="längre"/><SP WIDTH="16" VPOS="1396" HPOS="721"/>
							<String ID="string_425" HPOS="737" VPOS="1395" WIDTH="95" HEIGHT="28" WC="0.92" CONTENT="tidsföljd"/><SP WIDTH="12" VPOS="1395" HPOS="832"/>
							<String ID="string_426" HPOS="844" VPOS="1395" WIDTH="40" HEIGHT="21" WC="0.92" CONTENT="fätt"/><SP WIDTH="11" VPOS="1395" HPOS="884"/>
							<String ID="string_427" HPOS="895" VPOS="1395" WIDTH="65" HEIGHT="20" WC="0.92" CONTENT="ostäf-"/>
						</TextLine>
						<TextLine ID="line_45" HPOS="138" VPOS="1423" WIDTH="823" HEIGHT="30">
							<String ID="string_428" HPOS="138" VPOS="1425" WIDTH="48" HEIGHT="27" WC="0.90" CONTENT="jadt"/><SP WIDTH="19" VPOS="1425" HPOS="186"/>
							<String ID="string_429" HPOS="205" VPOS="1425" WIDTH="71" HEIGHT="28" WC="0.92" CONTENT="fortgä"/><SP WIDTH="18" VPOS="1425" HPOS="276"/>
							<String ID="string_430" HPOS="294" VPOS="1425" WIDTH="40" HEIGHT="21" WC="0.93" CONTENT="och"/><SP WIDTH="18" VPOS="1425" HPOS="334"/>
							<String ID="string_431" HPOS="352" VPOS="1432" WIDTH="116" HEIGHT="21" WC="0.91" CONTENT="upprepas,"/><SP WIDTH="24" VPOS="1432" HPOS="468"/>
							<String ID="string_432" HPOS="492" VPOS="1425" WIDTH="134" HEIGHT="27" WC="0.91" CONTENT="smäningom"/><SP WIDTH="21" VPOS="1425" HPOS="626"/>
							<String ID="string_433" HPOS="647" VPOS="1425" WIDTH="47" HEIGHT="20" WC="0.92" CONTENT="äter"/><SP WIDTH="20" VPOS="1425" HPOS="694"/>
							<String ID="string_434" HPOS="714" VPOS="1425" WIDTH="66" HEIGHT="20" WC="0.93" CONTENT="verka"/><SP WIDTH="15" VPOS="1425" HPOS="780"/>
							<String ID="string_435" HPOS="795" VPOS="1423" WIDTH="123" HEIGHT="21" WC="0.92" CONTENT="förslöande"/><SP WIDTH="15" VPOS="1423" HPOS="918"/>
							<String ID="string_436" HPOS="933" VPOS="1424" WIDTH="28" HEIGHT="27" WC="0.96" CONTENT="pä"/>
						</TextLine>
						<TextLine ID="line_46" HPOS="139" VPOS="1451" WIDTH="821" HEIGHT="29">
							<String ID="string_437" HPOS="139" VPOS="1454" WIDTH="79" HEIGHT="21" WC="0.93" CONTENT="folkets"/><SP WIDTH="23" VPOS="1454" HPOS="218"/>
							<String ID="string_438" HPOS="241" VPOS="1453" WIDTH="200" HEIGHT="22" WC="0.91" CONTENT="rättsmedvetande"/><SP WIDTH="23" VPOS="1453" HPOS="441"/>
							<String ID="string_439" HPOS="464" VPOS="1456" WIDTH="56" HEIGHT="19" WC="0.93" CONTENT="samt"/><SP WIDTH="20" VPOS="1456" HPOS="520"/>
							<String ID="string_440" HPOS="540" VPOS="1453" WIDTH="149" HEIGHT="27" WC="0.92" CONTENT="undergräfva,"/><SP WIDTH="25" VPOS="1453" HPOS="689"/>
							<String ID="string_441" HPOS="714" VPOS="1453" WIDTH="68" HEIGHT="20" WC="0.92" CONTENT="rubba"/><SP WIDTH="19" VPOS="1453" HPOS="782"/>
							<String ID="string_442" HPOS="801" VPOS="1453" WIDTH="39" HEIGHT="20" WC="0.93" CONTENT="och"/><SP WIDTH="19" VPOS="1453" HPOS="840"/>
							<String ID="string_443" HPOS="859" VPOS="1451" WIDTH="101" HEIGHT="28" WC="0.92" CONTENT="slutligen"/>
						</TextLine>
						<TextLine ID="line_47" HPOS="140" VPOS="1480" WIDTH="820" HEIGHT="29">
							<String ID="string_444" HPOS="140" VPOS="1482" WIDTH="140" HEIGHT="27" WC="0.90" CONTENT="tillintetgöra"/><SP WIDTH="19" VPOS="1482" HPOS="280"/>
							<String ID="string_445" HPOS="299" VPOS="1481" WIDTH="49" HEIGHT="21" WC="0.93" CONTENT="dess"/><SP WIDTH="16" VPOS="1481" HPOS="348"/>
							<String ID="string_446" HPOS="364" VPOS="1483" WIDTH="89" HEIGHT="26" WC="0.92" CONTENT="aktning"/><SP WIDTH="15" VPOS="1483" HPOS="453"/>
							<String ID="string_447" HPOS="468" VPOS="1483" WIDTH="40" HEIGHT="19" WC="0.93" CONTENT="och"/><SP WIDTH="16" VPOS="1483" HPOS="508"/>
							<String ID="string_448" HPOS="524" VPOS="1481" WIDTH="124" HEIGHT="21" WC="0.92" CONTENT="förtroende"/><SP WIDTH="15" VPOS="1481" HPOS="648"/>
							<String ID="string_449" HPOS="663" VPOS="1481" WIDTH="33" HEIGHT="20" WC="0.93" CONTENT="för"/><SP WIDTH="17" VPOS="1481" HPOS="696"/>
							<String ID="string_450" HPOS="713" VPOS="1480" WIDTH="116" HEIGHT="22" WC="0.93" CONTENT="bestäende"/><SP WIDTH="21" VPOS="1480" HPOS="829"/>
							<String ID="string_451" HPOS="850" VPOS="1480" WIDTH="110" HEIGHT="21" WC="0.87" CONTENT="samhälls-"/>
						</TextLine>
						<TextLine ID="line_48" HPOS="139" VPOS="1508" WIDTH="821" HEIGHT="30">
							<String ID="string_452" HPOS="139" VPOS="1510" WIDTH="116" HEIGHT="21" WC="0.92" CONTENT="instituter."/><SP WIDTH="31" VPOS="1510" HPOS="255"/>
							<String ID="string_453" HPOS="286" VPOS="1510" WIDTH="46" HEIGHT="21" WC="0.96" CONTENT="Har"/><SP WIDTH="16" VPOS="1510" HPOS="332"/>
							<String ID="string_454" HPOS="348" VPOS="1510" WIDTH="37" HEIGHT="21" WC="0.93" CONTENT="det"/><SP WIDTH="15" VPOS="1510" HPOS="385"/>
							<String ID="string_455" HPOS="400" VPOS="1511" WIDTH="84" HEIGHT="27" WC="0.96" CONTENT="engång"/><SP WIDTH="15" VPOS="1511" HPOS="484"/>
							<String ID="string_456" HPOS="499" VPOS="1511" WIDTH="47" HEIGHT="27" WC="0.92" CONTENT="gått"/><SP WIDTH="15" VPOS="1511" HPOS="546"/>
							<String ID="string_457" HPOS="561" VPOS="1510" WIDTH="88" HEIGHT="26" WC="0.92" CONTENT="derhän,"/><SP WIDTH="16" VPOS="1510" HPOS="649"/>
							<String ID="string_458" HPOS="665" VPOS="1510" WIDTH="64" HEIGHT="20" WC="0.96" CONTENT="sökes"/><SP WIDTH="15" VPOS="1510" HPOS="729"/>
							<String ID="string_459" HPOS="744" VPOS="1509" WIDTH="84" HEIGHT="28" WC="0.95" CONTENT="fåfängt"/><SP WIDTH="14" VPOS="1509" HPOS="828"/>
							<String ID="string_460" HPOS="842" VPOS="1508" WIDTH="37" HEIGHT="22" WC="0.67" CONTENT="bot"/><SP WIDTH="10" VPOS="1508" HPOS="879"/>
							<String ID="string_461" HPOS="889" VPOS="1508" WIDTH="7" HEIGHT="21" WC="0.67" CONTENT="i"/><SP WIDTH="11" VPOS="1508" HPOS="896"/>
							<String ID="string_462" HPOS="907" VPOS="1514" WIDTH="53" HEIGHT="22" WC="0.92" CONTENT="upp-"/>
						</TextLine>
					</TextBlock>
				</ComposedBlock>
				<GraphicalElement ID="cblock_2" HPOS="1139" VPOS="878" WIDTH="3" HEIGHT="300"></GraphicalElement >
			</PrintSpace>
		</Page>
	</Layout>
</alto>
