<?xml version="1.0" encoding="UTF-8"?>
<alto xmlns="http://www.loc.gov/standards/alto/ns-v3#" xmlns:xlink="http://www.w3.org/1999/xlink" xmlns:xsi="http://www.w3.org/2001/XMLSchema-instance" xsi:schemaLocation="http://www.loc.gov/standards/alto/ns-v3# http://www.loc.gov/alto/v3/alto-3-0.xsd">
	<Description>
		<MeasurementUnit>pixel</MeasurementUnit>
		<sourceImageInformation>
			<fileName>/tmp/tess_1dcj4e29_input.PNG</fileName>
		</sourceImageInformation>
		<OCRProcessing ID="OCR_0">
			<ocrProcessingStep>
				<processingSoftware>
					<softwareName>tesseract 5.3.4</softwareName>
				</processingSoftware>
			</ocrProcessingStep>
		</OCRProcessing>
	</Description>
	<Layout>
		<Page WIDTH="1142" HEIGHT="1786" PHYSICAL_IMG_NR="0" ID="page_0">
			<PrintSpace HPOS="0" VPOS="0" WIDTH="1142" HEIGHT="1786">
				<ComposedBlock ID="cblock_0" HPOS="471" VPOS="108" WIDTH="452" HEIGHT="19">
					<TextBlock ID="block_0" HPOS="471" VPOS="108" WIDTH="452" HEIGHT="19">
						<TextLine ID="line_0" HPOS="471" VPOS="108" WIDTH="452" HEIGHT="19">
							<String ID="string_0" HPOS="471" VPOS="109" WIDTH="37" HEIGHT="15" WC="0.96" CONTENT="Den"/><SP WIDTH="16" VPOS="109" HPOS="508"/>
							<String ID="string_1" HPOS="524" VPOS="109" WIDTH="20" HEIGHT="15" WC="0.96" CONTENT="14"/><SP WIDTH="13" VPOS="109" HPOS="544"/>
							<String ID="string_2" HPOS="557" VPOS="109" WIDTH="53" HEIGHT="15" WC="0.82" CONTENT="Mars,"/><SP WIDTH="272" VPOS="109" HPOS="610"/>
							<String ID="string_3" HPOS="882" VPOS="108" WIDTH="41" HEIGHT="19" WC="0.95" CONTENT="257"/>
						</TextLine>
					</TextBlock>
				</ComposedBlock>
				<ComposedBlock ID="cblock_1" HPOS="117" VPOS="164" WIDTH="836" HEIGHT="1369">
					<TextBlock ID="block_1" HPOS="126" VPOS="164" WIDTH="825" HEIGHT="222">
						<TextLine ID="line_1" HPOS="126" VPOS="164" WIDTH="825" HEIGHT="28">
							<String ID="string_4" HPOS="126" VPOS="166" WIDTH="62" HEIGHT="20" WC="0.96" CONTENT="äfven"/><SP WIDTH="25" VPOS="166" HPOS="188"/>
							<String ID="string_5" HPOS="213" VPOS="165" WIDTH="31" HEIGHT="20" WC="0.92" CONTENT="till"/><SP WIDTH="25" VPOS="165" HPOS="244"/>
							<String ID="string_6" HPOS="269" VPOS="167" WIDTH="101" HEIGHT="24" WC="0.91" CONTENT="ätteman,"/><SP WIDTH="26" VPOS="167" HPOS="370"/>
							<String ID="string_7" HPOS="396" VPOS="167" WIDTH="22" HEIGHT="25" WC="0.96" CONTENT="ty"/><SP WIDTH="24" VPOS="167" HPOS="418"/>
							<String ID="string_8" HPOS="442" VPOS="165" WIDTH="5" HEIGHT="19" WC="0.96" CONTENT="i"/><SP WIDTH="22" VPOS="165" HPOS="447"/>
							<String ID="string_9" HPOS="469" VPOS="165" WIDTH="11" HEIGHT="26" WC="0.94" CONTENT="8"/><SP WIDTH="20" VPOS="165" HPOS="480"/>
							<String ID="string_10" HPOS="500" VPOS="165" WIDTH="12" HEIGHT="20" WC="0.96" CONTENT="8"/><SP WIDTH="21" VPOS="165" HPOS="512"/>
							<String ID="string_11" HPOS="533" VPOS="165" WIDTH="22" HEIGHT="20" WC="0.93" CONTENT="af"/><SP WIDTH="18" VPOS="165" HPOS="555"/>
							<String ID="string_12" HPOS="573" VPOS="164" WIDTH="232" HEIGHT="27" WC="0.91" CONTENT="riddarhusordningen"/><SP WIDTH="18" VPOS="164" HPOS="805"/>
							<String ID="string_13" HPOS="823" VPOS="164" WIDTH="54" HEIGHT="21" WC="0.93" CONTENT="står:"/><SP WIDTH="16" VPOS="164" HPOS="877"/>
							<String ID="string_14" HPOS="893" VPOS="181" WIDTH="11" HEIGHT="8" WC="0.76" CONTENT=",,"/><SP WIDTH="3" VPOS="181" HPOS="904"/>
							<String ID="string_15" HPOS="907" VPOS="164" WIDTH="44" HEIGHT="21" WC="0.95" CONTENT="När"/>
						</TextLine>
						<TextLine ID="line_2" HPOS="126" VPOS="193" WIDTH="825" HEIGHT="28">
							<String ID="string_16" HPOS="126" VPOS="194" WIDTH="102" HEIGHT="27" WC="0.90" CONTENT="landtdag"/><SP WIDTH="22" VPOS="194" HPOS="228"/>
							<String ID="string_17" HPOS="250" VPOS="194" WIDTH="66" HEIGHT="20" WC="0.96" CONTENT="hållas"/><SP WIDTH="24" VPOS="194" HPOS="316"/>
							<String ID="string_18" HPOS="340" VPOS="193" WIDTH="60" HEIGHT="26" WC="0.96" CONTENT="skall,"/><SP WIDTH="22" VPOS="193" HPOS="400"/>
							<String ID="string_19" HPOS="422" VPOS="199" WIDTH="50" HEIGHT="14" WC="0.93" CONTENT="vare"/><SP WIDTH="20" VPOS="199" HPOS="472"/>
							<String ID="string_20" HPOS="492" VPOS="193" WIDTH="138" HEIGHT="26" WC="0.92" CONTENT="hufvudman,"/><SP WIDTH="17" VPOS="193" HPOS="630"/>
							<String ID="string_21" HPOS="647" VPOS="199" WIDTH="46" HEIGHT="14" WC="0.96" CONTENT="som"/><SP WIDTH="17" VPOS="199" HPOS="693"/>
							<String ID="string_22" HPOS="710" VPOS="193" WIDTH="33" HEIGHT="20" WC="0.96" CONTENT="vid"/><SP WIDTH="18" VPOS="193" HPOS="743"/>
							<String ID="string_23" HPOS="761" VPOS="193" WIDTH="38" HEIGHT="20" WC="0.96" CONTENT="den"/><SP WIDTH="17" VPOS="193" HPOS="799"/>
							<String ID="string_24" HPOS="816" VPOS="193" WIDTH="67" HEIGHT="20" WC="0.95" CONTENT="första"/><SP WIDTH="16" VPOS="193" HPOS="883"/>
							<String ID="string_25" HPOS="899" VPOS="193" WIDTH="52" HEIGHT="20" WC="0.96" CONTENT="eller"/>
						</TextLine>
						<TextLine ID="line_3" HPOS="127" VPOS="221" WIDTH="822" HEIGHT="28">
							<String ID="string_26" HPOS="127" VPOS="222" WIDTH="67" HEIGHT="21" WC="0.96" CONTENT="andra"/><SP WIDTH="20" VPOS="222" HPOS="194"/>
							<String ID="string_27" HPOS="214" VPOS="222" WIDTH="23" HEIGHT="20" WC="0.96" CONTENT="af"/><SP WIDTH="17" VPOS="222" HPOS="237"/>
							<String ID="string_28" HPOS="254" VPOS="222" WIDTH="26" HEIGHT="21" WC="0.95" CONTENT="de"/><SP WIDTH="16" VPOS="222" HPOS="280"/>
							<String ID="string_29" HPOS="296" VPOS="222" WIDTH="5" HEIGHT="20" WC="0.96" CONTENT="i"/><SP WIDTH="17" VPOS="222" HPOS="301"/>
							<String ID="string_30" HPOS="318" VPOS="223" WIDTH="11" HEIGHT="26" WC="0.95" CONTENT="8"/><SP WIDTH="18" VPOS="223" HPOS="329"/>
							<String ID="string_31" HPOS="347" VPOS="223" WIDTH="25" HEIGHT="20" WC="0.93" CONTENT="14"/><SP WIDTH="16" VPOS="223" HPOS="372"/>
							<String ID="string_32" HPOS="388" VPOS="221" WIDTH="141" HEIGHT="21" WC="0.91" CONTENT="omförmälda"/><SP WIDTH="16" VPOS="221" HPOS="529"/>
							<String ID="string_33" HPOS="545" VPOS="221" WIDTH="155" HEIGHT="27" WC="0.96" CONTENT="anteckningar"/><SP WIDTH="16" VPOS="221" HPOS="700"/>
							<String ID="string_34" HPOS="716" VPOS="221" WIDTH="31" HEIGHT="27" WC="0.96" CONTENT="sig"/><SP WIDTH="16" VPOS="221" HPOS="747"/>
							<String ID="string_35" HPOS="763" VPOS="221" WIDTH="100" HEIGHT="26" WC="0.92" CONTENT="anmäler,"/><SP WIDTH="18" VPOS="221" HPOS="863"/>
							<String ID="string_36" HPOS="881" VPOS="222" WIDTH="68" HEIGHT="20" WC="0.92" CONTENT="berät-"/>
						</TextLine>
						<TextLine ID="line_4" HPOS="126" VPOS="250" WIDTH="824" HEIGHT="28">
							<String ID="string_37" HPOS="126" VPOS="251" WIDTH="59" HEIGHT="27" WC="0.90" CONTENT="tigad"/><SP WIDTH="17" VPOS="251" HPOS="185"/>
							<String ID="string_38" HPOS="202" VPOS="253" WIDTH="31" HEIGHT="18" WC="0.95" CONTENT="att"/><SP WIDTH="17" VPOS="253" HPOS="233"/>
							<String ID="string_39" HPOS="250" VPOS="253" WIDTH="46" HEIGHT="18" WC="0.96" CONTENT="säte"/><SP WIDTH="15" VPOS="253" HPOS="296"/>
							<String ID="string_40" HPOS="311" VPOS="251" WIDTH="33" HEIGHT="20" WC="0.96" CONTENT="för"/><SP WIDTH="16" VPOS="251" HPOS="344"/>
							<String ID="string_41" HPOS="360" VPOS="252" WIDTH="58" HEIGHT="19" WC="0.96" CONTENT="ätten"/><SP WIDTH="18" VPOS="252" HPOS="418"/>
							<String ID="string_42" HPOS="436" VPOS="251" WIDTH="78" HEIGHT="26" WC="0.94" CONTENT="intaga."/><SP WIDTH="32" VPOS="251" HPOS="514"/>
							<String ID="string_43" HPOS="546" VPOS="250" WIDTH="46" HEIGHT="20" WC="0.88" CONTENT="Har"/><SP WIDTH="17" VPOS="250" HPOS="592"/>
							<String ID="string_44" HPOS="609" VPOS="250" WIDTH="19" HEIGHT="27" WC="0.93" CONTENT="ej"/><SP WIDTH="18" VPOS="250" HPOS="628"/>
							<String ID="string_45" HPOS="646" VPOS="250" WIDTH="128" HEIGHT="20" WC="0.93" CONTENT="hufvudman"/><SP WIDTH="18" VPOS="250" HPOS="774"/>
							<String ID="string_46" HPOS="792" VPOS="250" WIDTH="35" HEIGHT="20" WC="0.96" CONTENT="vid"/><SP WIDTH="11" VPOS="250" HPOS="827"/>
							<String ID="string_47" HPOS="838" VPOS="251" WIDTH="65" HEIGHT="20" WC="0.93" CONTENT="andra"/><SP WIDTH="12" VPOS="251" HPOS="903"/>
							<String ID="string_48" HPOS="915" VPOS="257" WIDTH="35" HEIGHT="14" WC="0.91" CONTENT="an-"/>
						</TextLine>
						<TextLine ID="line_5" HPOS="127" VPOS="278" WIDTH="822" HEIGHT="28">
							<String ID="string_49" HPOS="127" VPOS="279" WIDTH="127" HEIGHT="27" WC="0.96" CONTENT="teckningen"/><SP WIDTH="26" VPOS="279" HPOS="254"/>
							<String ID="string_50" HPOS="280" VPOS="279" WIDTH="31" HEIGHT="27" WC="0.95" CONTENT="sig"/><SP WIDTH="21" VPOS="279" HPOS="311"/>
							<String ID="string_51" HPOS="332" VPOS="279" WIDTH="98" HEIGHT="25" WC="0.93" CONTENT="infunnit,"/><SP WIDTH="20" VPOS="279" HPOS="430"/>
							<String ID="string_52" HPOS="450" VPOS="285" WIDTH="39" HEIGHT="20" WC="0.92" CONTENT="ege"/><SP WIDTH="19" VPOS="285" HPOS="489"/>
							<String ID="string_53" HPOS="508" VPOS="280" WIDTH="95" HEIGHT="19" WC="0.91" CONTENT="ätteman"/><SP WIDTH="17" VPOS="280" HPOS="603"/>
							<String ID="string_54" HPOS="620" VPOS="285" WIDTH="81" HEIGHT="14" WC="0.96" CONTENT="samma"/><SP WIDTH="16" VPOS="285" HPOS="701"/>
							<String ID="string_55" HPOS="717" VPOS="280" WIDTH="62" HEIGHT="19" WC="0.72" CONTENT="rätt&quot;."/><SP WIDTH="32" VPOS="280" HPOS="779"/>
							<String ID="string_56" HPOS="811" VPOS="278" WIDTH="138" HEIGHT="21" WC="0.90" CONTENT="Hufvudman"/>
						</TextLine>
						<TextLine ID="line_6" HPOS="127" VPOS="306" WIDTH="822" HEIGHT="28">
							<String ID="string_57" HPOS="127" VPOS="308" WIDTH="39" HEIGHT="20" WC="0.93" CONTENT="och"/><SP WIDTH="17" VPOS="308" HPOS="166"/>
							<String ID="string_58" HPOS="183" VPOS="309" WIDTH="94" HEIGHT="19" WC="0.91" CONTENT="ätteman"/><SP WIDTH="17" VPOS="309" HPOS="277"/>
							<String ID="string_59" HPOS="294" VPOS="308" WIDTH="33" HEIGHT="20" WC="0.96" CONTENT="stå"/><SP WIDTH="15" VPOS="308" HPOS="327"/>
							<String ID="string_60" HPOS="342" VPOS="308" WIDTH="6" HEIGHT="20" WC="0.96" CONTENT="i"/><SP WIDTH="16" VPOS="308" HPOS="348"/>
							<String ID="string_61" HPOS="364" VPOS="306" WIDTH="88" HEIGHT="22" WC="0.96" CONTENT="alldeles"/><SP WIDTH="17" VPOS="306" HPOS="452"/>
							<String ID="string_62" HPOS="469" VPOS="314" WIDTH="82" HEIGHT="14" WC="0.96" CONTENT="samma"/><SP WIDTH="16" VPOS="314" HPOS="551"/>
							<String ID="string_63" HPOS="567" VPOS="306" WIDTH="104" HEIGHT="28" WC="0.96" CONTENT="kategori,"/><SP WIDTH="17" VPOS="306" HPOS="671"/>
							<String ID="string_64" HPOS="688" VPOS="308" WIDTH="23" HEIGHT="20" WC="0.96" CONTENT="så"/><SP WIDTH="16" VPOS="308" HPOS="711"/>
							<String ID="string_65" HPOS="727" VPOS="308" WIDTH="31" HEIGHT="19" WC="0.96" CONTENT="att"/><SP WIDTH="17" VPOS="308" HPOS="758"/>
							<String ID="string_66" HPOS="775" VPOS="306" WIDTH="54" HEIGHT="21" WC="0.96" CONTENT="hvad"/><SP WIDTH="16" VPOS="306" HPOS="829"/>
							<String ID="string_67" HPOS="845" VPOS="314" WIDTH="45" HEIGHT="13" WC="0.93" CONTENT="som"/><SP WIDTH="16" VPOS="314" HPOS="890"/>
							<String ID="string_68" HPOS="906" VPOS="307" WIDTH="43" HEIGHT="27" WC="0.92" CONTENT="gäl-"/>
						</TextLine>
						<TextLine ID="line_7" HPOS="127" VPOS="335" WIDTH="822" HEIGHT="27">
							<String ID="string_69" HPOS="127" VPOS="336" WIDTH="30" HEIGHT="20" WC="0.96" CONTENT="ler"/><SP WIDTH="16" VPOS="336" HPOS="157"/>
							<String ID="string_70" HPOS="173" VPOS="336" WIDTH="39" HEIGHT="21" WC="0.96" CONTENT="den"/><SP WIDTH="18" VPOS="336" HPOS="212"/>
							<String ID="string_71" HPOS="230" VPOS="343" WIDTH="39" HEIGHT="14" WC="0.96" CONTENT="ena"/><SP WIDTH="21" VPOS="343" HPOS="269"/>
							<String ID="string_72" HPOS="290" VPOS="336" WIDTH="37" HEIGHT="20" WC="0.96" CONTENT="bör"/><SP WIDTH="15" VPOS="336" HPOS="327"/>
							<String ID="string_73" HPOS="342" VPOS="336" WIDTH="62" HEIGHT="20" WC="0.96" CONTENT="äfven"/><SP WIDTH="18" VPOS="336" HPOS="404"/>
							<String ID="string_74" HPOS="422" VPOS="336" WIDTH="55" HEIGHT="26" WC="0.95" CONTENT="gälla"/><SP WIDTH="17" VPOS="336" HPOS="477"/>
							<String ID="string_75" HPOS="494" VPOS="335" WIDTH="40" HEIGHT="21" WC="0.96" CONTENT="den"/><SP WIDTH="17" VPOS="335" HPOS="534"/>
							<String ID="string_76" HPOS="551" VPOS="335" WIDTH="72" HEIGHT="21" WC="0.92" CONTENT="andra."/><SP WIDTH="33" VPOS="335" HPOS="623"/>
							<String ID="string_77" HPOS="656" VPOS="335" WIDTH="139" HEIGHT="27" WC="0.87" CONTENT="Rättigheten"/><SP WIDTH="18" VPOS="335" HPOS="795"/>
							<String ID="string_78" HPOS="813" VPOS="335" WIDTH="40" HEIGHT="21" WC="0.93" CONTENT="och"/><SP WIDTH="16" VPOS="335" HPOS="853"/>
							<String ID="string_79" HPOS="869" VPOS="336" WIDTH="80" HEIGHT="26" WC="0.91" CONTENT="pligten"/>
						</TextLine>
						<TextLine ID="line_8" HPOS="126" VPOS="364" WIDTH="274" HEIGHT="22">
							<String ID="string_80" HPOS="126" VPOS="366" WIDTH="23" HEIGHT="19" WC="0.96" CONTENT="är"/><SP WIDTH="17" VPOS="366" HPOS="149"/>
							<String ID="string_81" HPOS="166" VPOS="364" WIDTH="124" HEIGHT="22" WC="0.96" CONTENT="densamma"/><SP WIDTH="15" VPOS="364" HPOS="290"/>
							<String ID="string_82" HPOS="305" VPOS="365" WIDTH="32" HEIGHT="20" WC="0.96" CONTENT="för"/><SP WIDTH="15" VPOS="365" HPOS="337"/>
							<String ID="string_83" HPOS="352" VPOS="364" WIDTH="48" HEIGHT="21" WC="0.96" CONTENT="alla."/>
						</TextLine>
					</TextBlock>
					<TextBlock ID="block_2" HPOS="126" VPOS="392" WIDTH="825" HEIGHT="885">
						<TextLine ID="line_9" HPOS="195" VPOS="392" WIDTH="753" HEIGHT="28">
							<String ID="string_84" HPOS="195" VPOS="393" WIDTH="58" HEIGHT="21" WC="0.93" CONTENT="Herr"/><SP WIDTH="15" VPOS="393" HPOS="253"/>
							<String ID="string_85" HPOS="268" VPOS="393" WIDTH="204" HEIGHT="27" WC="0.89" CONTENT="Pippingsköld:"/><SP WIDTH="20" VPOS="393" HPOS="472"/>
							<String ID="string_86" HPOS="492" VPOS="392" WIDTH="42" HEIGHT="27" WC="0.93" CONTENT="Jag"/><SP WIDTH="19" VPOS="392" HPOS="534"/>
							<String ID="string_87" HPOS="553" VPOS="393" WIDTH="90" HEIGHT="20" WC="0.92" CONTENT="utbeder"/><SP WIDTH="16" VPOS="393" HPOS="643"/>
							<String ID="string_88" HPOS="659" VPOS="392" WIDTH="42" HEIGHT="28" WC="0.96" CONTENT="mig"/><SP WIDTH="16" VPOS="392" HPOS="701"/>
							<String ID="string_89" HPOS="717" VPOS="394" WIDTH="32" HEIGHT="18" WC="0.96" CONTENT="att"/><SP WIDTH="16" VPOS="394" HPOS="749"/>
							<String ID="string_90" HPOS="765" VPOS="392" WIDTH="47" HEIGHT="20" WC="0.96" CONTENT="med"/><SP WIDTH="17" VPOS="392" HPOS="812"/>
							<String ID="string_91" HPOS="829" VPOS="393" WIDTH="66" HEIGHT="27" WC="0.96" CONTENT="några"/><SP WIDTH="16" VPOS="393" HPOS="895"/>
							<String ID="string_92" HPOS="911" VPOS="393" WIDTH="37" HEIGHT="20" WC="0.96" CONTENT="ord"/>
						</TextLine>
						<TextLine ID="line_10" HPOS="127" VPOS="421" WIDTH="822" HEIGHT="28">
							<String ID="string_93" HPOS="127" VPOS="422" WIDTH="21" HEIGHT="20" WC="0.96" CONTENT="få"/><SP WIDTH="19" VPOS="422" HPOS="148"/>
							<String ID="string_94" HPOS="167" VPOS="422" WIDTH="139" HEIGHT="27" WC="0.96" CONTENT="understödja"/><SP WIDTH="18" VPOS="422" HPOS="306"/>
							<String ID="string_95" HPOS="324" VPOS="422" WIDTH="48" HEIGHT="20" WC="0.95" CONTENT="herr"/><SP WIDTH="16" VPOS="422" HPOS="372"/>
							<String ID="string_96" HPOS="388" VPOS="421" WIDTH="81" HEIGHT="27" WC="0.95" CONTENT="Taube,"/><SP WIDTH="17" VPOS="421" HPOS="469"/>
							<String ID="string_97" HPOS="486" VPOS="421" WIDTH="26" HEIGHT="21" WC="0.97" CONTENT="då"/><SP WIDTH="16" VPOS="421" HPOS="512"/>
							<String ID="string_98" HPOS="528" VPOS="421" WIDTH="61" HEIGHT="21" WC="0.96" CONTENT="äfven"/><SP WIDTH="15" VPOS="421" HPOS="589"/>
							<String ID="string_99" HPOS="604" VPOS="422" WIDTH="38" HEIGHT="26" WC="0.96" CONTENT="jag"/><SP WIDTH="16" VPOS="422" HPOS="642"/>
							<String ID="string_100" HPOS="658" VPOS="421" WIDTH="37" HEIGHT="20" WC="0.96" CONTENT="har"/><SP WIDTH="16" VPOS="421" HPOS="695"/>
							<String ID="string_101" HPOS="711" VPOS="422" WIDTH="50" HEIGHT="19" WC="0.96" CONTENT="äran"/><SP WIDTH="17" VPOS="422" HPOS="761"/>
							<String ID="string_102" HPOS="778" VPOS="423" WIDTH="31" HEIGHT="18" WC="0.96" CONTENT="att"/><SP WIDTH="17" VPOS="423" HPOS="809"/>
							<String ID="string_103" HPOS="826" VPOS="428" WIDTH="51" HEIGHT="13" WC="0.93" CONTENT="vara"/><SP WIDTH="15" VPOS="428" HPOS="877"/>
							<String ID="string_104" HPOS="892" VPOS="421" WIDTH="57" HEIGHT="21" WC="0.92" CONTENT="leda-"/>
						</TextLine>
						<TextLine ID="line_11" HPOS="126" VPOS="449" WIDTH="822" HEIGHT="28">
							<String ID="string_105" HPOS="126" VPOS="453" WIDTH="45" HEIGHT="19" WC="0.96" CONTENT="mot"/><SP WIDTH="20" VPOS="453" HPOS="171"/>
							<String ID="string_106" HPOS="191" VPOS="451" WIDTH="23" HEIGHT="21" WC="0.91" CONTENT="af"/><SP WIDTH="19" VPOS="451" HPOS="214"/>
							<String ID="string_107" HPOS="233" VPOS="450" WIDTH="229" HEIGHT="27" WC="0.91" CONTENT="riddarhusutskottet;"/><SP WIDTH="18" VPOS="450" HPOS="462"/>
							<String ID="string_108" HPOS="480" VPOS="456" WIDTH="47" HEIGHT="14" WC="0.96" CONTENT="men"/><SP WIDTH="17" VPOS="456" HPOS="527"/>
							<String ID="string_109" HPOS="544" VPOS="450" WIDTH="55" HEIGHT="20" WC="0.96" CONTENT="mina"/><SP WIDTH="16" VPOS="450" HPOS="599"/>
							<String ID="string_110" HPOS="615" VPOS="450" WIDTH="38" HEIGHT="20" WC="0.96" CONTENT="ord"/><SP WIDTH="17" VPOS="450" HPOS="653"/>
							<String ID="string_111" HPOS="670" VPOS="449" WIDTH="59" HEIGHT="21" WC="0.96" CONTENT="skola"/><SP WIDTH="17" VPOS="449" HPOS="729"/>
							<String ID="string_112" HPOS="746" VPOS="449" WIDTH="19" HEIGHT="27" WC="0.95" CONTENT="ej"/><SP WIDTH="18" VPOS="449" HPOS="765"/>
							<String ID="string_113" HPOS="783" VPOS="449" WIDTH="65" HEIGHT="21" WC="0.96" CONTENT="blifva"/><SP WIDTH="17" VPOS="449" HPOS="848"/>
							<String ID="string_114" HPOS="865" VPOS="450" WIDTH="83" HEIGHT="26" WC="0.96" CONTENT="många."/>
						</TextLine>
						<TextLine ID="line_12" HPOS="127" VPOS="478" WIDTH="821" HEIGHT="28">
							<String ID="string_115" HPOS="127" VPOS="479" WIDTH="100" HEIGHT="21" WC="0.95" CONTENT="Friherre"/><SP WIDTH="23" VPOS="479" HPOS="227"/>
							<String ID="string_116" HPOS="250" VPOS="486" WIDTH="41" HEIGHT="14" WC="0.93" CONTENT="von"/><SP WIDTH="24" VPOS="486" HPOS="291"/>
							<String ID="string_117" HPOS="315" VPOS="478" WIDTH="70" HEIGHT="21" WC="0.92" CONTENT="Troils"/><SP WIDTH="24" VPOS="478" HPOS="385"/>
							<String ID="string_118" HPOS="409" VPOS="478" WIDTH="101" HEIGHT="28" WC="0.92" CONTENT="yttrande"/><SP WIDTH="17" VPOS="478" HPOS="510"/>
							<String ID="string_119" HPOS="527" VPOS="478" WIDTH="80" HEIGHT="26" WC="0.96" CONTENT="derom,"/><SP WIDTH="17" VPOS="478" HPOS="607"/>
							<String ID="string_120" HPOS="624" VPOS="478" WIDTH="53" HEIGHT="20" WC="0.93" CONTENT="huru"/><SP WIDTH="17" VPOS="478" HPOS="677"/>
							<String ID="string_121" HPOS="694" VPOS="478" WIDTH="151" HEIGHT="27" WC="0.89" CONTENT="representatir"/><SP WIDTH="10" VPOS="478" HPOS="845"/>
							<String ID="string_122" HPOS="855" VPOS="480" WIDTH="93" HEIGHT="18" WC="0.92" CONTENT="nsrätten"/>
						</TextLine>
						<TextLine ID="line_13" HPOS="127" VPOS="506" WIDTH="822" HEIGHT="28">
							<String ID="string_123" HPOS="127" VPOS="508" WIDTH="117" HEIGHT="21" WC="0.91" CONTENT="bibehålles"/><SP WIDTH="24" VPOS="508" HPOS="244"/>
							<String ID="string_124" HPOS="268" VPOS="507" WIDTH="132" HEIGHT="25" WC="0.90" CONTENT="oförkränkt,"/><SP WIDTH="19" VPOS="507" HPOS="400"/>
							<String ID="string_125" HPOS="419" VPOS="508" WIDTH="23" HEIGHT="20" WC="0.96" CONTENT="är"/><SP WIDTH="21" VPOS="508" HPOS="442"/>
							<String ID="string_126" HPOS="463" VPOS="506" WIDTH="66" HEIGHT="22" WC="0.93" CONTENT="redan"/><SP WIDTH="17" VPOS="506" HPOS="529"/>
							<String ID="string_127" HPOS="546" VPOS="506" WIDTH="123" HEIGHT="26" WC="0.92" CONTENT="besvaradt;"/><SP WIDTH="14" VPOS="506" HPOS="669"/>
							<String ID="string_128" HPOS="683" VPOS="507" WIDTH="38" HEIGHT="27" WC="0.96" CONTENT="jag"/><SP WIDTH="13" VPOS="507" HPOS="721"/>
							<String ID="string_129" HPOS="734" VPOS="514" WIDTH="62" HEIGHT="13" WC="0.96" CONTENT="anser"/><SP WIDTH="16" VPOS="514" HPOS="796"/>
							<String ID="string_130" HPOS="812" VPOS="507" WIDTH="47" HEIGHT="20" WC="0.85" CONTENT="icxe"/><SP WIDTH="16" VPOS="507" HPOS="859"/>
							<String ID="string_131" HPOS="875" VPOS="506" WIDTH="74" HEIGHT="28" WC="0.93" CONTENT="nödigt"/>
						</TextLine>
						<TextLine ID="line_14" HPOS="126" VPOS="535" WIDTH="821" HEIGHT="28">
							<String ID="string_132" HPOS="126" VPOS="539" WIDTH="32" HEIGHT="18" WC="0.93" CONTENT="att"/><SP WIDTH="20" VPOS="539" HPOS="158"/>
							<String ID="string_133" HPOS="178" VPOS="536" WIDTH="72" HEIGHT="21" WC="0.93" CONTENT="vidare"/><SP WIDTH="21" VPOS="536" HPOS="250"/>
							<String ID="string_134" HPOS="271" VPOS="536" WIDTH="73" HEIGHT="21" WC="0.92" CONTENT="derom"/><SP WIDTH="19" VPOS="536" HPOS="344"/>
							<String ID="string_135" HPOS="363" VPOS="536" WIDTH="57" HEIGHT="20" WC="0.92" CONTENT="orda."/><SP WIDTH="33" VPOS="536" HPOS="420"/>
							<String ID="string_136" HPOS="453" VPOS="536" WIDTH="118" HEIGHT="27" WC="0.92" CONTENT="Angäende"/><SP WIDTH="16" VPOS="536" HPOS="571"/>
							<String ID="string_137" HPOS="587" VPOS="535" WIDTH="165" HEIGHT="21" WC="0.89" CONTENT="embetsverken"/><SP WIDTH="17" VPOS="535" HPOS="752"/>
							<String ID="string_138" HPOS="769" VPOS="536" WIDTH="5" HEIGHT="20" WC="0.96" CONTENT="i"/><SP WIDTH="17" VPOS="536" HPOS="774"/>
							<String ID="string_139" HPOS="791" VPOS="535" WIDTH="73" HEIGHT="21" WC="0.93" CONTENT="landet"/><SP WIDTH="16" VPOS="535" HPOS="864"/>
							<String ID="string_140" HPOS="880" VPOS="535" WIDTH="67" HEIGHT="21" WC="0.92" CONTENT="finnes"/>
						</TextLine>
						<TextLine ID="line_15" HPOS="126" VPOS="564" WIDTH="823" HEIGHT="29">
							<String ID="string_141" HPOS="126" VPOS="565" WIDTH="36" HEIGHT="21" WC="0.93" CONTENT="det"/><SP WIDTH="16" VPOS="565" HPOS="162"/>
							<String ID="string_142" HPOS="178" VPOS="565" WIDTH="52" HEIGHT="24" WC="0.92" CONTENT="icke,"/><SP WIDTH="17" VPOS="565" HPOS="230"/>
							<String ID="string_143" HPOS="247" VPOS="566" WIDTH="20" HEIGHT="27" WC="0.93" CONTENT="ej"/><SP WIDTH="17" VPOS="566" HPOS="267"/>
							<String ID="string_144" HPOS="284" VPOS="565" WIDTH="66" HEIGHT="21" WC="0.94" CONTENT="heller"/><SP WIDTH="16" VPOS="565" HPOS="350"/>
							<String ID="string_145" HPOS="366" VPOS="564" WIDTH="61" HEIGHT="21" WC="0.96" CONTENT="torde"/><SP WIDTH="18" VPOS="564" HPOS="427"/>
							<String ID="string_146" HPOS="445" VPOS="564" WIDTH="37" HEIGHT="21" WC="0.96" CONTENT="det"/><SP WIDTH="16" VPOS="564" HPOS="482"/>
							<String ID="string_147" HPOS="498" VPOS="565" WIDTH="85" HEIGHT="20" WC="0.96" CONTENT="komma"/><SP WIDTH="16" VPOS="565" HPOS="583"/>
							<String ID="string_148" HPOS="599" VPOS="566" WIDTH="32" HEIGHT="19" WC="0.96" CONTENT="att"/><SP WIDTH="16" VPOS="566" HPOS="631"/>
							<String ID="string_149" HPOS="647" VPOS="564" WIDTH="67" HEIGHT="21" WC="0.93" CONTENT="finnas"/><SP WIDTH="18" VPOS="564" HPOS="714"/>
							<String ID="string_150" HPOS="732" VPOS="564" WIDTH="70" HEIGHT="27" WC="0.92" CONTENT="nägot,"/><SP WIDTH="17" VPOS="564" HPOS="802"/>
							<String ID="string_151" HPOS="819" VPOS="571" WIDTH="45" HEIGHT="14" WC="0.96" CONTENT="som"/><SP WIDTH="12" VPOS="571" HPOS="864"/>
							<String ID="string_152" HPOS="876" VPOS="564" WIDTH="73" HEIGHT="21" WC="0.96" CONTENT="ställer"/>
						</TextLine>
						<TextLine ID="line_16" HPOS="126" VPOS="593" WIDTH="821" HEIGHT="28">
							<String ID="string_153" HPOS="126" VPOS="594" WIDTH="75" HEIGHT="20" WC="0.89" CONTENT="hinder"/><SP WIDTH="18" VPOS="594" HPOS="201"/>
							<String ID="string_154" HPOS="219" VPOS="594" WIDTH="6" HEIGHT="20" WC="0.96" CONTENT="i"/><SP WIDTH="20" VPOS="594" HPOS="225"/>
							<String ID="string_155" HPOS="245" VPOS="596" WIDTH="68" HEIGHT="25" WC="0.96" CONTENT="vägen"/><SP WIDTH="24" VPOS="596" HPOS="313"/>
							<String ID="string_156" HPOS="337" VPOS="593" WIDTH="32" HEIGHT="21" WC="0.96" CONTENT="för"/><SP WIDTH="23" VPOS="593" HPOS="369"/>
							<String ID="string_157" HPOS="392" VPOS="594" WIDTH="41" HEIGHT="20" WC="0.92" CONTENT="den"/><SP WIDTH="21" VPOS="594" HPOS="433"/>
							<String ID="string_158" HPOS="454" VPOS="593" WIDTH="115" HEIGHT="25" WC="0.91" CONTENT="adelsman,"/><SP WIDTH="17" VPOS="593" HPOS="569"/>
							<String ID="string_159" HPOS="586" VPOS="599" WIDTH="45" HEIGHT="14" WC="0.96" CONTENT="som"/><SP WIDTH="18" VPOS="599" HPOS="631"/>
							<String ID="string_160" HPOS="649" VPOS="593" WIDTH="35" HEIGHT="20" WC="0.93" CONTENT="vill"/><SP WIDTH="17" VPOS="593" HPOS="684"/>
							<String ID="string_161" HPOS="701" VPOS="593" WIDTH="72" HEIGHT="20" WC="0.93" CONTENT="utöfva"/><SP WIDTH="16" VPOS="593" HPOS="773"/>
							<String ID="string_162" HPOS="789" VPOS="593" WIDTH="31" HEIGHT="19" WC="0.93" CONTENT="sin"/><SP WIDTH="17" VPOS="593" HPOS="820"/>
							<String ID="string_163" HPOS="837" VPOS="600" WIDTH="110" HEIGHT="20" WC="0.92" CONTENT="represen-"/>
						</TextLine>
						<TextLine ID="line_17" HPOS="126" VPOS="620" WIDTH="822" HEIGHT="29">
							<String ID="string_164" HPOS="126" VPOS="622" WIDTH="130" HEIGHT="21" WC="0.92" CONTENT="tationsrätt."/><SP WIDTH="32" VPOS="622" HPOS="256"/>
							<String ID="string_165" HPOS="288" VPOS="622" WIDTH="49" HEIGHT="20" WC="0.96" CONTENT="Men"/><SP WIDTH="19" VPOS="622" HPOS="337"/>
							<String ID="string_166" HPOS="356" VPOS="622" WIDTH="32" HEIGHT="20" WC="0.96" CONTENT="för"/><SP WIDTH="19" VPOS="622" HPOS="388"/>
							<String ID="string_167" HPOS="407" VPOS="622" WIDTH="42" HEIGHT="20" WC="0.96" CONTENT="min"/><SP WIDTH="21" VPOS="622" HPOS="449"/>
							<String ID="string_168" HPOS="470" VPOS="621" WIDTH="34" HEIGHT="21" WC="0.96" CONTENT="del"/><SP WIDTH="19" VPOS="621" HPOS="504"/>
							<String ID="string_169" HPOS="523" VPOS="620" WIDTH="68" HEIGHT="22" WC="0.96" CONTENT="skulle"/><SP WIDTH="14" VPOS="620" HPOS="591"/>
							<String ID="string_170" HPOS="605" VPOS="622" WIDTH="38" HEIGHT="27" WC="0.93" CONTENT="jag"/><SP WIDTH="16" VPOS="622" HPOS="643"/>
							<String ID="string_171" HPOS="659" VPOS="621" WIDTH="67" HEIGHT="21" WC="0.93" CONTENT="önska"/><SP WIDTH="15" VPOS="621" HPOS="726"/>
							<String ID="string_172" HPOS="741" VPOS="621" WIDTH="88" HEIGHT="27" WC="0.92" CONTENT="tillägga"/><SP WIDTH="16" VPOS="621" HPOS="829"/>
							<String ID="string_173" HPOS="845" VPOS="623" WIDTH="56" HEIGHT="19" WC="0.96" CONTENT="ännu"/><SP WIDTH="17" VPOS="623" HPOS="901"/>
							<String ID="string_174" HPOS="918" VPOS="624" WIDTH="30" HEIGHT="18" WC="0.96" CONTENT="ett"/>
						</TextLine>
						<TextLine ID="line_18" HPOS="126" VPOS="649" WIDTH="822" HEIGHT="29">
							<String ID="string_175" HPOS="126" VPOS="650" WIDTH="53" HEIGHT="27" WC="0.96" CONTENT="skäl,"/><SP WIDTH="18" VPOS="650" HPOS="179"/>
							<String ID="string_176" HPOS="197" VPOS="651" WIDTH="33" HEIGHT="20" WC="0.95" CONTENT="för"/><SP WIDTH="20" VPOS="651" HPOS="230"/>
							<String ID="string_177" HPOS="250" VPOS="653" WIDTH="32" HEIGHT="19" WC="0.95" CONTENT="att"/><SP WIDTH="21" VPOS="653" HPOS="282"/>
							<String ID="string_178" HPOS="303" VPOS="651" WIDTH="44" HEIGHT="20" WC="0.93" CONTENT="visa"/><SP WIDTH="20" VPOS="651" HPOS="347"/>
							<String ID="string_179" HPOS="367" VPOS="650" WIDTH="166" HEIGHT="28" WC="0.92" CONTENT="olämpligheten"/><SP WIDTH="17" VPOS="650" HPOS="533"/>
							<String ID="string_180" HPOS="550" VPOS="649" WIDTH="65" HEIGHT="27" WC="0.92" CONTENT="deraf,"/><SP WIDTH="18" VPOS="649" HPOS="615"/>
							<String ID="string_181" HPOS="633" VPOS="657" WIDTH="33" HEIGHT="13" WC="0.93" CONTENT="om"/><SP WIDTH="17" VPOS="657" HPOS="666"/>
							<String ID="string_182" HPOS="683" VPOS="650" WIDTH="85" HEIGHT="20" WC="0.92" CONTENT="ständet"/><SP WIDTH="16" VPOS="650" HPOS="768"/>
							<String ID="string_183" HPOS="784" VPOS="652" WIDTH="95" HEIGHT="25" WC="0.90" CONTENT="upptoge"/><SP WIDTH="16" VPOS="652" HPOS="879"/>
							<String ID="string_184" HPOS="895" VPOS="650" WIDTH="53" HEIGHT="27" WC="0.92" CONTENT="peti-"/>
						</TextLine>
						<TextLine ID="line_19" HPOS="126" VPOS="678" WIDTH="823" HEIGHT="28">
							<String ID="string_185" HPOS="126" VPOS="680" WIDTH="72" HEIGHT="20" WC="0.96" CONTENT="tionen"/><SP WIDTH="20" VPOS="680" HPOS="198"/>
							<String ID="string_186" HPOS="218" VPOS="680" WIDTH="70" HEIGHT="20" WC="0.96" CONTENT="såsom"/><SP WIDTH="19" VPOS="680" HPOS="288"/>
							<String ID="string_187" HPOS="307" VPOS="680" WIDTH="39" HEIGHT="20" WC="0.93" CONTENT="sin."/><SP WIDTH="32" VPOS="680" HPOS="346"/>
							<String ID="string_188" HPOS="378" VPOS="678" WIDTH="32" HEIGHT="22" WC="0.90" CONTENT="Då"/><SP WIDTH="17" VPOS="678" HPOS="410"/>
							<String ID="string_189" HPOS="427" VPOS="679" WIDTH="70" HEIGHT="21" WC="0.86" CONTENT="blefve"/><SP WIDTH="17" VPOS="679" HPOS="497"/>
							<String ID="string_190" HPOS="514" VPOS="678" WIDTH="105" HEIGHT="27" WC="0.91" CONTENT="nemligen"/><SP WIDTH="18" VPOS="678" HPOS="619"/>
							<String ID="string_191" HPOS="637" VPOS="679" WIDTH="90" HEIGHT="27" WC="0.96" CONTENT="mången"/><SP WIDTH="17" VPOS="679" HPOS="727"/>
							<String ID="string_192" HPOS="744" VPOS="681" WIDTH="150" HEIGHT="25" WC="0.95" CONTENT="representant"/><SP WIDTH="17" VPOS="681" HPOS="894"/>
							<String ID="string_193" HPOS="911" VPOS="679" WIDTH="38" HEIGHT="20" WC="0.96" CONTENT="här"/>
						</TextLine>
						<TextLine ID="line_20" HPOS="127" VPOS="707" WIDTH="820" HEIGHT="28">
							<String ID="string_194" HPOS="127" VPOS="707" WIDTH="84" HEIGHT="21" WC="0.90" CONTENT="aflönad"/><SP WIDTH="21" VPOS="707" HPOS="211"/>
							<String ID="string_195" HPOS="232" VPOS="709" WIDTH="69" HEIGHT="20" WC="0.96" CONTENT="såsom"/><SP WIDTH="17" VPOS="709" HPOS="301"/>
							<String ID="string_196" HPOS="318" VPOS="715" WIDTH="25" HEIGHT="13" WC="0.96" CONTENT="en"/><SP WIDTH="17" VPOS="715" HPOS="343"/>
							<String ID="string_197" HPOS="360" VPOS="708" WIDTH="138" HEIGHT="27" WC="0.95" CONTENT="regeringens"/><SP WIDTH="17" VPOS="708" HPOS="498"/>
							<String ID="string_198" HPOS="515" VPOS="707" WIDTH="89" HEIGHT="27" WC="0.95" CONTENT="tjenare,"/><SP WIDTH="17" VPOS="707" HPOS="604"/>
							<String ID="string_199" HPOS="621" VPOS="707" WIDTH="112" HEIGHT="21" WC="0.96" CONTENT="hvaremot"/><SP WIDTH="16" VPOS="707" HPOS="733"/>
							<String ID="string_200" HPOS="749" VPOS="714" WIDTH="32" HEIGHT="13" WC="0.96" CONTENT="om"/><SP WIDTH="18" VPOS="714" HPOS="781"/>
							<String ID="string_201" HPOS="799" VPOS="707" WIDTH="40" HEIGHT="20" WC="0.96" CONTENT="han"/><SP WIDTH="17" VPOS="707" HPOS="839"/>
							<String ID="string_202" HPOS="856" VPOS="708" WIDTH="91" HEIGHT="20" WC="0.96" CONTENT="tvärtom"/>
						</TextLine>
						<TextLine ID="line_21" HPOS="126" VPOS="735" WIDTH="822" HEIGHT="29">
							<String ID="string_203" HPOS="126" VPOS="738" WIDTH="23" HEIGHT="19" WC="0.96" CONTENT="är"/><SP WIDTH="23" VPOS="738" HPOS="149"/>
							<String ID="string_204" HPOS="172" VPOS="736" WIDTH="86" HEIGHT="28" WC="0.96" CONTENT="skyldig"/><SP WIDTH="22" VPOS="736" HPOS="258"/>
							<String ID="string_205" HPOS="280" VPOS="739" WIDTH="31" HEIGHT="18" WC="0.96" CONTENT="att"/><SP WIDTH="24" VPOS="739" HPOS="311"/>
							<String ID="string_206" HPOS="335" VPOS="736" WIDTH="67" HEIGHT="21" WC="0.96" CONTENT="under"/><SP WIDTH="24" VPOS="736" HPOS="402"/>
							<String ID="string_207" HPOS="426" VPOS="736" WIDTH="39" HEIGHT="20" WC="0.96" CONTENT="den"/><SP WIDTH="22" VPOS="736" HPOS="465"/>
							<String ID="string_208" HPOS="487" VPOS="736" WIDTH="37" HEIGHT="26" WC="0.96" CONTENT="tid,"/><SP WIDTH="22" VPOS="736" HPOS="524"/>
							<String ID="string_209" HPOS="546" VPOS="735" WIDTH="40" HEIGHT="21" WC="0.96" CONTENT="han"/><SP WIDTH="22" VPOS="735" HPOS="586"/>
							<String ID="string_210" HPOS="608" VPOS="736" WIDTH="64" HEIGHT="20" WC="0.96" CONTENT="vistas"/><SP WIDTH="17" VPOS="736" HPOS="672"/>
							<String ID="string_211" HPOS="689" VPOS="736" WIDTH="34" HEIGHT="20" WC="0.93" CONTENT="vid"/><SP WIDTH="17" VPOS="736" HPOS="723"/>
							<String ID="string_212" HPOS="740" VPOS="735" WIDTH="136" HEIGHT="28" WC="0.91" CONTENT="landtdage"/><SP WIDTH="-17" VPOS="735" HPOS="876"/>
							<String ID="string_213" HPOS="859" VPOS="731" WIDTH="22" HEIGHT="37" WC="0.50" CONTENT="i,"/><SP WIDTH="12" VPOS="731" HPOS="881"/>
							<String ID="string_214" HPOS="893" VPOS="736" WIDTH="55" HEIGHT="20" WC="0.93" CONTENT="afstä"/>
						</TextLine>
						<TextLine ID="line_22" HPOS="126" VPOS="764" WIDTH="821" HEIGHT="27">
							<String ID="string_215" HPOS="126" VPOS="772" WIDTH="26" HEIGHT="14" WC="0.96" CONTENT="en"/><SP WIDTH="18" VPOS="772" HPOS="152"/>
							<String ID="string_216" HPOS="170" VPOS="765" WIDTH="32" HEIGHT="21" WC="0.96" CONTENT="del"/><SP WIDTH="18" VPOS="765" HPOS="202"/>
							<String ID="string_217" HPOS="220" VPOS="765" WIDTH="23" HEIGHT="21" WC="0.96" CONTENT="af"/><SP WIDTH="13" VPOS="765" HPOS="243"/>
							<String ID="string_218" HPOS="256" VPOS="766" WIDTH="31" HEIGHT="20" WC="0.96" CONTENT="sin"/><SP WIDTH="17" VPOS="766" HPOS="287"/>
							<String ID="string_219" HPOS="304" VPOS="765" WIDTH="42" HEIGHT="26" WC="0.96" CONTENT="lön,"/><SP WIDTH="17" VPOS="765" HPOS="346"/>
							<String ID="string_220" HPOS="363" VPOS="765" WIDTH="40" HEIGHT="20" WC="0.95" CONTENT="han"/><SP WIDTH="17" VPOS="765" HPOS="403"/>
							<String ID="string_221" HPOS="420" VPOS="765" WIDTH="33" HEIGHT="20" WC="0.96" CONTENT="för"/><SP WIDTH="16" VPOS="765" HPOS="453"/>
							<String ID="string_222" HPOS="469" VPOS="771" WIDTH="81" HEIGHT="14" WC="0.95" CONTENT="samma"/><SP WIDTH="15" VPOS="771" HPOS="550"/>
							<String ID="string_223" HPOS="565" VPOS="764" WIDTH="30" HEIGHT="21" WC="0.95" CONTENT="tid"/><SP WIDTH="12" VPOS="764" HPOS="595"/>
							<String ID="string_224" HPOS="607" VPOS="764" WIDTH="47" HEIGHT="21" WC="0.96" CONTENT="icke"/><SP WIDTH="13" VPOS="764" HPOS="654"/>
							<String ID="string_225" HPOS="667" VPOS="771" WIDTH="58" HEIGHT="13" WC="0.96" CONTENT="mera"/><SP WIDTH="11" VPOS="771" HPOS="725"/>
							<String ID="string_226" HPOS="736" VPOS="765" WIDTH="68" HEIGHT="19" WC="0.90" CONTENT="såsom"/><SP WIDTH="14" VPOS="765" HPOS="804"/>
							<String ID="string_227" HPOS="818" VPOS="764" WIDTH="129" HEIGHT="27" WC="0.90" CONTENT="tjensteman"/>
						</TextLine>
						<TextLine ID="line_23" HPOS="126" VPOS="792" WIDTH="822" HEIGHT="28">
							<String ID="string_228" HPOS="126" VPOS="796" WIDTH="51" HEIGHT="18" WC="0.96" CONTENT="utan"/><SP WIDTH="24" VPOS="796" HPOS="177"/>
							<String ID="string_229" HPOS="201" VPOS="794" WIDTH="70" HEIGHT="20" WC="0.96" CONTENT="såsom"/><SP WIDTH="24" VPOS="794" HPOS="271"/>
							<String ID="string_230" HPOS="295" VPOS="793" WIDTH="127" HEIGHT="27" WC="0.95" CONTENT="oberoende,"/><SP WIDTH="24" VPOS="793" HPOS="422"/>
							<String ID="string_231" HPOS="446" VPOS="794" WIDTH="26" HEIGHT="20" WC="0.95" CONTENT="fri"/><SP WIDTH="23" VPOS="794" HPOS="472"/>
							<String ID="string_232" HPOS="495" VPOS="793" WIDTH="108" HEIGHT="21" WC="0.93" CONTENT="adelsman"/><SP WIDTH="21" VPOS="793" HPOS="603"/>
							<String ID="string_233" HPOS="624" VPOS="792" WIDTH="85" HEIGHT="21" WC="0.92" CONTENT="utöfvar"/><SP WIDTH="17" VPOS="792" HPOS="709"/>
							<String ID="string_234" HPOS="726" VPOS="793" WIDTH="222" HEIGHT="27" WC="0.91" CONTENT="representantkallet."/>
						</TextLine>
						<TextLine ID="line_24" HPOS="128" VPOS="821" WIDTH="820" HEIGHT="28">
							<String ID="string_235" HPOS="128" VPOS="822" WIDTH="42" HEIGHT="20" WC="0.95" CONTENT="För"/><SP WIDTH="19" VPOS="822" HPOS="170"/>
							<String ID="string_236" HPOS="189" VPOS="824" WIDTH="31" HEIGHT="19" WC="0.96" CONTENT="att"/><SP WIDTH="20" VPOS="824" HPOS="220"/>
							<String ID="string_237" HPOS="240" VPOS="822" WIDTH="54" HEIGHT="21" WC="0.96" CONTENT="dock"/><SP WIDTH="20" VPOS="822" HPOS="294"/>
							<String ID="string_238" HPOS="314" VPOS="824" WIDTH="55" HEIGHT="18" WC="0.96" CONTENT="ännu"/><SP WIDTH="20" VPOS="824" HPOS="369"/>
							<String ID="string_239" HPOS="389" VPOS="822" WIDTH="73" HEIGHT="20" WC="0.96" CONTENT="anföra"/><SP WIDTH="20" VPOS="822" HPOS="462"/>
							<String ID="string_240" HPOS="482" VPOS="824" WIDTH="30" HEIGHT="18" WC="0.96" CONTENT="ett"/><SP WIDTH="18" VPOS="824" HPOS="512"/>
							<String ID="string_241" HPOS="530" VPOS="822" WIDTH="51" HEIGHT="24" WC="0.96" CONTENT="skäl,"/><SP WIDTH="18" VPOS="822" HPOS="581"/>
							<String ID="string_242" HPOS="599" VPOS="821" WIDTH="48" HEIGHT="21" WC="0.96" CONTENT="ville"/><SP WIDTH="14" VPOS="821" HPOS="647"/>
							<String ID="string_243" HPOS="661" VPOS="822" WIDTH="38" HEIGHT="27" WC="0.96" CONTENT="jag"/><SP WIDTH="16" VPOS="822" HPOS="699"/>
							<String ID="string_244" HPOS="715" VPOS="821" WIDTH="55" HEIGHT="21" WC="0.93" CONTENT="fästa"/><SP WIDTH="16" VPOS="821" HPOS="770"/>
							<String ID="string_245" HPOS="786" VPOS="822" WIDTH="162" HEIGHT="26" WC="0.89" CONTENT="uppmärksam-"/>
						</TextLine>
						<TextLine ID="line_25" HPOS="127" VPOS="849" WIDTH="821" HEIGHT="29">
							<String ID="string_246" HPOS="127" VPOS="851" WIDTH="62" HEIGHT="20" WC="0.96" CONTENT="heten"/><SP WIDTH="26" VPOS="851" HPOS="189"/>
							<String ID="string_247" HPOS="215" VPOS="852" WIDTH="26" HEIGHT="26" WC="0.96" CONTENT="på"/><SP WIDTH="21" VPOS="852" HPOS="241"/>
							<String ID="string_248" HPOS="262" VPOS="852" WIDTH="38" HEIGHT="19" WC="0.96" CONTENT="den"/><SP WIDTH="21" VPOS="852" HPOS="300"/>
							<String ID="string_249" HPOS="321" VPOS="851" WIDTH="70" HEIGHT="27" WC="0.93" CONTENT="gamla"/><SP WIDTH="19" VPOS="851" HPOS="391"/>
							<String ID="string_250" HPOS="410" VPOS="850" WIDTH="233" HEIGHT="26" WC="0.90" CONTENT="riddarhusordningen"/><SP WIDTH="16" VPOS="850" HPOS="643"/>
							<String ID="string_251" HPOS="659" VPOS="850" WIDTH="23" HEIGHT="20" WC="0.96" CONTENT="af"/><SP WIDTH="15" VPOS="850" HPOS="682"/>
							<String ID="string_252" HPOS="697" VPOS="850" WIDTH="60" HEIGHT="20" WC="0.91" CONTENT="1626."/><SP WIDTH="33" VPOS="850" HPOS="757"/>
							<String ID="string_253" HPOS="790" VPOS="849" WIDTH="31" HEIGHT="21" WC="0.89" CONTENT="Då"/><SP WIDTH="19" VPOS="849" HPOS="821"/>
							<String ID="string_254" HPOS="840" VPOS="857" WIDTH="35" HEIGHT="13" WC="0.93" CONTENT="var"/><SP WIDTH="16" VPOS="857" HPOS="875"/>
							<String ID="string_255" HPOS="891" VPOS="850" WIDTH="57" HEIGHT="27" WC="0.92" CONTENT="skyl-"/>
						</TextLine>
						<TextLine ID="line_26" HPOS="127" VPOS="878" WIDTH="820" HEIGHT="28">
							<String ID="string_256" HPOS="127" VPOS="879" WIDTH="100" HEIGHT="27" WC="0.92" CONTENT="digheten"/><SP WIDTH="17" VPOS="879" HPOS="227"/>
							<String ID="string_257" HPOS="244" VPOS="882" WIDTH="31" HEIGHT="17" WC="0.96" CONTENT="att"/><SP WIDTH="18" VPOS="882" HPOS="275"/>
							<String ID="string_258" HPOS="293" VPOS="882" WIDTH="148" HEIGHT="24" WC="0.96" CONTENT="representera"/><SP WIDTH="17" VPOS="882" HPOS="441"/>
							<String ID="string_259" HPOS="458" VPOS="880" WIDTH="23" HEIGHT="19" WC="0.96" CONTENT="så"/><SP WIDTH="16" VPOS="880" HPOS="481"/>
							<String ID="string_260" HPOS="497" VPOS="878" WIDTH="52" HEIGHT="27" WC="0.96" CONTENT="godt"/><SP WIDTH="16" VPOS="878" HPOS="549"/>
							<String ID="string_261" HPOS="565" VPOS="886" WIDTH="44" HEIGHT="12" WC="0.96" CONTENT="som"/><SP WIDTH="13" VPOS="886" HPOS="609"/>
							<String ID="string_262" HPOS="622" VPOS="880" WIDTH="31" HEIGHT="19" WC="0.96" CONTENT="ett"/><SP WIDTH="12" VPOS="880" HPOS="653"/>
							<String ID="string_263" HPOS="665" VPOS="879" WIDTH="74" HEIGHT="26" WC="0.92" CONTENT="tvång;"/><SP WIDTH="12" VPOS="879" HPOS="739"/>
							<String ID="string_264" HPOS="751" VPOS="878" WIDTH="196" HEIGHT="21" WC="0.90" CONTENT="landtmarskalken"/>
						</TextLine>
						<TextLine ID="line_27" HPOS="126" VPOS="907" WIDTH="823" HEIGHT="28">
							<String ID="string_265" HPOS="126" VPOS="908" WIDTH="56" HEIGHT="27" WC="0.92" CONTENT="egde"/><SP WIDTH="16" VPOS="908" HPOS="182"/>
							<String ID="string_266" HPOS="198" VPOS="909" WIDTH="50" HEIGHT="24" WC="0.96" CONTENT="rätt,"/><SP WIDTH="17" VPOS="909" HPOS="248"/>
							<String ID="string_267" HPOS="265" VPOS="910" WIDTH="39" HEIGHT="24" WC="0.93" CONTENT="att,"/><SP WIDTH="17" VPOS="910" HPOS="304"/>
							<String ID="string_268" HPOS="321" VPOS="907" WIDTH="71" HEIGHT="21" WC="0.92" CONTENT="derest"/><SP WIDTH="17" VPOS="907" HPOS="392"/>
							<String ID="string_269" HPOS="409" VPOS="908" WIDTH="69" HEIGHT="26" WC="0.96" CONTENT="någon"/><SP WIDTH="18" VPOS="908" HPOS="478"/>
							<String ID="string_270" HPOS="496" VPOS="909" WIDTH="30" HEIGHT="18" WC="0.96" CONTENT="ätt"/><SP WIDTH="17" VPOS="909" HPOS="526"/>
							<String ID="string_271" HPOS="543" VPOS="914" WIDTH="36" HEIGHT="13" WC="0.93" CONTENT="var"/><SP WIDTH="12" VPOS="914" HPOS="579"/>
							<String ID="string_272" HPOS="591" VPOS="907" WIDTH="185" HEIGHT="27" WC="0.91" CONTENT="orepresenterad,"/><SP WIDTH="12" VPOS="907" HPOS="776"/>
							<String ID="string_273" HPOS="788" VPOS="907" WIDTH="65" HEIGHT="26" WC="0.96" CONTENT="draga"/><SP WIDTH="11" VPOS="907" HPOS="853"/>
							<String ID="string_274" HPOS="864" VPOS="907" WIDTH="85" HEIGHT="27" WC="0.96" CONTENT="försorg"/>
						</TextLine>
						<TextLine ID="line_28" HPOS="127" VPOS="935" WIDTH="820" HEIGHT="28">
							<String ID="string_275" HPOS="127" VPOS="936" WIDTH="72" HEIGHT="21" WC="0.96" CONTENT="derom"/><SP WIDTH="22" VPOS="936" HPOS="199"/>
							<String ID="string_276" HPOS="221" VPOS="939" WIDTH="31" HEIGHT="18" WC="0.96" CONTENT="att"/><SP WIDTH="20" VPOS="939" HPOS="252"/>
							<String ID="string_277" HPOS="272" VPOS="936" WIDTH="39" HEIGHT="21" WC="0.96" CONTENT="den"/><SP WIDTH="21" VPOS="936" HPOS="311"/>
							<String ID="string_278" HPOS="332" VPOS="937" WIDTH="26" HEIGHT="26" WC="0.96" CONTENT="på"/><SP WIDTH="19" VPOS="937" HPOS="358"/>
							<String ID="string_279" HPOS="377" VPOS="939" WIDTH="31" HEIGHT="18" WC="0.96" CONTENT="ett"/><SP WIDTH="16" VPOS="939" HPOS="408"/>
							<String ID="string_280" HPOS="424" VPOS="936" WIDTH="51" HEIGHT="20" WC="0.96" CONTENT="eller"/><SP WIDTH="16" VPOS="936" HPOS="475"/>
							<String ID="string_281" HPOS="491" VPOS="938" WIDTH="64" HEIGHT="18" WC="0.96" CONTENT="annat"/><SP WIDTH="16" VPOS="938" HPOS="555"/>
							<String ID="string_282" HPOS="571" VPOS="937" WIDTH="42" HEIGHT="19" WC="0.96" CONTENT="sätt"/><SP WIDTH="17" VPOS="937" HPOS="613"/>
							<String ID="string_283" HPOS="630" VPOS="942" WIDTH="75" HEIGHT="21" WC="0.96" CONTENT="genom"/><SP WIDTH="17" VPOS="942" HPOS="705"/>
							<String ID="string_284" HPOS="722" VPOS="935" WIDTH="120" HEIGHT="27" WC="0.96" CONTENT="fullmäktig"/><SP WIDTH="17" VPOS="935" HPOS="842"/>
							<String ID="string_285" HPOS="859" VPOS="935" WIDTH="44" HEIGHT="20" WC="0.93" CONTENT="blef"/><SP WIDTH="14" VPOS="935" HPOS="903"/>
							<String ID="string_286" HPOS="917" VPOS="942" WIDTH="30" HEIGHT="13" WC="0.93" CONTENT="re-"/>
						</TextLine>
						<TextLine ID="line_29" HPOS="127" VPOS="964" WIDTH="820" HEIGHT="28">
							<String ID="string_287" HPOS="127" VPOS="965" WIDTH="149" HEIGHT="27" WC="0.96" CONTENT="presenterad;"/><SP WIDTH="20" VPOS="965" HPOS="276"/>
							<String ID="string_288" HPOS="296" VPOS="971" WIDTH="46" HEIGHT="14" WC="0.96" CONTENT="men"/><SP WIDTH="20" VPOS="971" HPOS="342"/>
							<String ID="string_289" HPOS="362" VPOS="965" WIDTH="5" HEIGHT="20" WC="0.95" CONTENT="i"/><SP WIDTH="17" VPOS="965" HPOS="367"/>
							<String ID="string_290" HPOS="384" VPOS="971" WIDTH="81" HEIGHT="14" WC="0.93" CONTENT="samma"/><SP WIDTH="16" VPOS="971" HPOS="465"/>
							<String ID="string_291" HPOS="481" VPOS="964" WIDTH="212" HEIGHT="27" WC="0.89" CONTENT="riddarhusordning,"/><SP WIDTH="16" VPOS="964" HPOS="693"/>
							<String ID="string_292" HPOS="709" VPOS="971" WIDTH="44" HEIGHT="13" WC="0.96" CONTENT="som"/><SP WIDTH="18" VPOS="971" HPOS="753"/>
							<String ID="string_293" HPOS="771" VPOS="964" WIDTH="37" HEIGHT="20" WC="0.96" CONTENT="bör"/><SP WIDTH="17" VPOS="964" HPOS="808"/>
							<String ID="string_294" HPOS="825" VPOS="971" WIDTH="62" HEIGHT="13" WC="0.96" CONTENT="anses"/><SP WIDTH="16" VPOS="971" HPOS="887"/>
							<String ID="string_295" HPOS="903" VPOS="971" WIDTH="44" HEIGHT="13" WC="0.96" CONTENT="som"/>
						</TextLine>
						<TextLine ID="line_30" HPOS="126" VPOS="993" WIDTH="822" HEIGHT="28">
							<String ID="string_296" HPOS="126" VPOS="993" WIDTH="97" HEIGHT="28" WC="0.96" CONTENT="grunden"/><SP WIDTH="16" VPOS="993" HPOS="223"/>
							<String ID="string_297" HPOS="239" VPOS="993" WIDTH="33" HEIGHT="20" WC="0.96" CONTENT="för"/><SP WIDTH="17" VPOS="993" HPOS="272"/>
							<String ID="string_298" HPOS="289" VPOS="994" WIDTH="36" HEIGHT="20" WC="0.96" CONTENT="vår"/><SP WIDTH="16" VPOS="994" HPOS="325"/>
							<String ID="string_299" HPOS="341" VPOS="993" WIDTH="140" HEIGHT="25" WC="0.95" CONTENT="närvarande,"/><SP WIDTH="17" VPOS="993" HPOS="481"/>
							<String ID="string_300" HPOS="498" VPOS="993" WIDTH="62" HEIGHT="20" WC="0.96" CONTENT="heter"/><SP WIDTH="16" VPOS="993" HPOS="560"/>
							<String ID="string_301" HPOS="576" VPOS="993" WIDTH="36" HEIGHT="20" WC="0.96" CONTENT="det"/><SP WIDTH="16" VPOS="993" HPOS="612"/>
							<String ID="string_302" HPOS="628" VPOS="993" WIDTH="69" HEIGHT="25" WC="0.96" CONTENT="äfven,"/><SP WIDTH="15" VPOS="993" HPOS="697"/>
							<String ID="string_303" HPOS="712" VPOS="996" WIDTH="31" HEIGHT="16" WC="0.91" CONTENT="att"/><SP WIDTH="17" VPOS="996" HPOS="743"/>
							<String ID="string_304" HPOS="760" VPOS="999" WIDTH="49" HEIGHT="13" WC="0.96" CONTENT="vore"/><SP WIDTH="17" VPOS="999" HPOS="809"/>
							<String ID="string_305" HPOS="826" VPOS="993" WIDTH="68" HEIGHT="26" WC="0.92" CONTENT="någon"/><SP WIDTH="19" VPOS="993" HPOS="894"/>
							<String ID="string_306" HPOS="913" VPOS="993" WIDTH="35" HEIGHT="20" WC="0.89" CONTENT="be-"/>
						</TextLine>
						<TextLine ID="line_31" HPOS="127" VPOS="1021" WIDTH="821" HEIGHT="28">
							<String ID="string_307" HPOS="127" VPOS="1022" WIDTH="71" HEIGHT="20" WC="0.91" CONTENT="häftad"/><SP WIDTH="18" VPOS="1022" HPOS="198"/>
							<String ID="string_308" HPOS="216" VPOS="1022" WIDTH="47" HEIGHT="20" WC="0.93" CONTENT="med"/><SP WIDTH="20" VPOS="1022" HPOS="263"/>
							<String ID="string_309" HPOS="283" VPOS="1021" WIDTH="83" HEIGHT="21" WC="0.91" CONTENT="riksens"/><SP WIDTH="16" VPOS="1021" HPOS="366"/>
							<String ID="string_310" HPOS="382" VPOS="1022" WIDTH="72" HEIGHT="27" WC="0.92" CONTENT="tjenst,"/><SP WIDTH="18" VPOS="1022" HPOS="454"/>
							<String ID="string_311" HPOS="472" VPOS="1021" WIDTH="26" HEIGHT="21" WC="0.96" CONTENT="då"/><SP WIDTH="16" VPOS="1021" HPOS="498"/>
							<String ID="string_312" HPOS="514" VPOS="1022" WIDTH="35" HEIGHT="19" WC="0.96" CONTENT="må"/><SP WIDTH="16" VPOS="1022" HPOS="549"/>
							<String ID="string_313" HPOS="565" VPOS="1021" WIDTH="39" HEIGHT="20" WC="0.96" CONTENT="han"/><SP WIDTH="19" VPOS="1021" HPOS="604"/>
							<String ID="string_314" HPOS="623" VPOS="1028" WIDTH="24" HEIGHT="13" WC="0.96" CONTENT="en"/><SP WIDTH="18" VPOS="1028" HPOS="647"/>
							<String ID="string_315" HPOS="665" VPOS="1028" WIDTH="68" HEIGHT="13" WC="0.94" CONTENT="annan"/><SP WIDTH="17" VPOS="1028" HPOS="733"/>
							<String ID="string_316" HPOS="750" VPOS="1021" WIDTH="5" HEIGHT="20" WC="0.95" CONTENT="i"/><SP WIDTH="16" VPOS="1021" HPOS="755"/>
							<String ID="string_317" HPOS="771" VPOS="1021" WIDTH="31" HEIGHT="20" WC="0.96" CONTENT="sin"/><SP WIDTH="18" VPOS="1021" HPOS="802"/>
							<String ID="string_318" HPOS="820" VPOS="1021" WIDTH="47" HEIGHT="20" WC="0.93" CONTENT="stad"/><SP WIDTH="16" VPOS="1021" HPOS="867"/>
							<String ID="string_319" HPOS="883" VPOS="1021" WIDTH="65" HEIGHT="26" WC="0.92" CONTENT="depu-"/>
						</TextLine>
						<TextLine ID="line_32" HPOS="127" VPOS="1049" WIDTH="821" HEIGHT="28">
							<String ID="string_320" HPOS="127" VPOS="1053" WIDTH="46" HEIGHT="18" WC="0.96" CONTENT="tera"/><SP WIDTH="23" VPOS="1053" HPOS="173"/>
							<String ID="string_321" HPOS="196" VPOS="1051" WIDTH="48" HEIGHT="20" WC="0.95" CONTENT="med"/><SP WIDTH="24" VPOS="1051" HPOS="244"/>
							<String ID="string_322" HPOS="268" VPOS="1051" WIDTH="37" HEIGHT="20" WC="0.95" CONTENT="sitt"/><SP WIDTH="23" VPOS="1051" HPOS="305"/>
							<String ID="string_323" HPOS="328" VPOS="1052" WIDTH="70" HEIGHT="25" WC="0.96" CONTENT="öppna"/><SP WIDTH="20" VPOS="1052" HPOS="398"/>
							<String ID="string_324" HPOS="418" VPOS="1050" WIDTH="48" HEIGHT="20" WC="0.96" CONTENT="bref"/><SP WIDTH="18" VPOS="1050" HPOS="466"/>
							<String ID="string_325" HPOS="484" VPOS="1050" WIDTH="38" HEIGHT="20" WC="0.93" CONTENT="och"/><SP WIDTH="18" VPOS="1050" HPOS="522"/>
							<String ID="string_326" HPOS="540" VPOS="1049" WIDTH="120" HEIGHT="28" WC="0.89" CONTENT="dymedelst"/><SP WIDTH="17" VPOS="1049" HPOS="660"/>
							<String ID="string_327" HPOS="677" VPOS="1049" WIDTH="162" HEIGHT="27" WC="0.91" CONTENT="befullmäktiga"/><SP WIDTH="16" VPOS="1049" HPOS="839"/>
							<String ID="string_328" HPOS="855" VPOS="1049" WIDTH="30" HEIGHT="20" WC="0.96" CONTENT="till"/><SP WIDTH="18" VPOS="1049" HPOS="885"/>
							<String ID="string_329" HPOS="903" VPOS="1051" WIDTH="45" HEIGHT="18" WC="0.96" CONTENT="säte"/>
						</TextLine>
						<TextLine ID="line_33" HPOS="127" VPOS="1078" WIDTH="821" HEIGHT="28">
							<String ID="string_330" HPOS="127" VPOS="1080" WIDTH="38" HEIGHT="19" WC="0.96" CONTENT="och"/><SP WIDTH="18" VPOS="1080" HPOS="165"/>
							<String ID="string_331" HPOS="183" VPOS="1081" WIDTH="90" HEIGHT="18" WC="0.95" CONTENT="stämma"/><SP WIDTH="18" VPOS="1081" HPOS="273"/>
							<String ID="string_332" HPOS="291" VPOS="1079" WIDTH="33" HEIGHT="20" WC="0.95" CONTENT="vid"/><SP WIDTH="16" VPOS="1079" HPOS="324"/>
							<String ID="string_333" HPOS="340" VPOS="1079" WIDTH="121" HEIGHT="27" WC="0.96" CONTENT="riksdagen."/><SP WIDTH="33" VPOS="1079" HPOS="461"/>
							<String ID="string_334" HPOS="494" VPOS="1079" WIDTH="46" HEIGHT="20" WC="0.95" CONTENT="Den"/><SP WIDTH="18" VPOS="1079" HPOS="540"/>
							<String ID="string_335" HPOS="558" VPOS="1085" WIDTH="43" HEIGHT="14" WC="0.96" CONTENT="som"/><SP WIDTH="18" VPOS="1085" HPOS="601"/>
							<String ID="string_336" HPOS="619" VPOS="1080" WIDTH="23" HEIGHT="19" WC="0.96" CONTENT="är"/><SP WIDTH="17" VPOS="1080" HPOS="642"/>
							<String ID="string_337" HPOS="659" VPOS="1078" WIDTH="4" HEIGHT="20" WC="0.93" CONTENT="i"/><SP WIDTH="18" VPOS="1078" HPOS="663"/>
							<String ID="string_338" HPOS="681" VPOS="1078" WIDTH="82" HEIGHT="20" WC="0.90" CONTENT="riksens"/><SP WIDTH="16" VPOS="1078" HPOS="763"/>
							<String ID="string_339" HPOS="779" VPOS="1078" WIDTH="66" HEIGHT="27" WC="0.91" CONTENT="tjenst"/><SP WIDTH="18" VPOS="1078" HPOS="845"/>
							<String ID="string_340" HPOS="863" VPOS="1085" WIDTH="36" HEIGHT="13" WC="0.93" CONTENT="var"/><SP WIDTH="16" VPOS="1085" HPOS="899"/>
							<String ID="string_341" HPOS="915" VPOS="1079" WIDTH="33" HEIGHT="19" WC="0.92" CONTENT="så-"/>
						</TextLine>
						<TextLine ID="line_34" HPOS="127" VPOS="1107" WIDTH="820" HEIGHT="27">
							<String ID="string_342" HPOS="127" VPOS="1107" WIDTH="64" HEIGHT="21" WC="0.88" CONTENT="lunda"/><SP WIDTH="16" VPOS="1107" HPOS="191"/>
							<String ID="string_343" HPOS="207" VPOS="1108" WIDTH="47" HEIGHT="20" WC="0.96" CONTENT="icke"/><SP WIDTH="16" VPOS="1108" HPOS="254"/>
							<String ID="string_344" HPOS="270" VPOS="1115" WIDTH="37" HEIGHT="13" WC="0.96" CONTENT="ens"/><SP WIDTH="17" VPOS="1115" HPOS="307"/>
							<String ID="string_345" HPOS="324" VPOS="1107" WIDTH="26" HEIGHT="20" WC="0.95" CONTENT="då"/><SP WIDTH="16" VPOS="1107" HPOS="350"/>
							<String ID="string_346" HPOS="366" VPOS="1107" WIDTH="22" HEIGHT="20" WC="0.95" CONTENT="af"/><SP WIDTH="14" VPOS="1107" HPOS="388"/>
							<String ID="string_347" HPOS="402" VPOS="1108" WIDTH="69" HEIGHT="26" WC="0.95" CONTENT="någon"/><SP WIDTH="18" VPOS="1108" HPOS="471"/>
							<String ID="string_348" HPOS="489" VPOS="1107" WIDTH="124" HEIGHT="27" WC="0.95" CONTENT="myndighet"/><SP WIDTH="18" VPOS="1107" HPOS="613"/>
							<String ID="string_349" HPOS="631" VPOS="1107" WIDTH="50" HEIGHT="20" WC="0.93" CONTENT="eller"/><SP WIDTH="17" VPOS="1107" HPOS="681"/>
							<String ID="string_350" HPOS="698" VPOS="1107" WIDTH="52" HEIGHT="27" WC="0.92" CONTENT="pligt"/><SP WIDTH="17" VPOS="1107" HPOS="750"/>
							<String ID="string_351" HPOS="767" VPOS="1107" WIDTH="85" HEIGHT="20" WC="0.96" CONTENT="bunden"/><SP WIDTH="17" VPOS="1107" HPOS="852"/>
							<String ID="string_352" HPOS="869" VPOS="1108" WIDTH="31" HEIGHT="19" WC="0.93" CONTENT="att"/><SP WIDTH="17" VPOS="1108" HPOS="900"/>
							<String ID="string_353" HPOS="917" VPOS="1113" WIDTH="30" HEIGHT="13" WC="0.91" CONTENT="re-"/>
						</TextLine>
						<TextLine ID="line_35" HPOS="127" VPOS="1135" WIDTH="824" HEIGHT="28">
							<String ID="string_354" HPOS="127" VPOS="1139" WIDTH="126" HEIGHT="24" WC="0.96" CONTENT="presentera"/><SP WIDTH="19" VPOS="1139" HPOS="253"/>
							<String ID="string_355" HPOS="272" VPOS="1136" WIDTH="30" HEIGHT="20" WC="0.95" CONTENT="sin"/><SP WIDTH="20" VPOS="1136" HPOS="302"/>
							<String ID="string_356" HPOS="322" VPOS="1137" WIDTH="32" HEIGHT="19" WC="0.96" CONTENT="ätt"/><SP WIDTH="16" VPOS="1137" HPOS="354"/>
							<String ID="string_357" HPOS="370" VPOS="1135" WIDTH="34" HEIGHT="21" WC="0.96" CONTENT="vid"/><SP WIDTH="16" VPOS="1135" HPOS="404"/>
							<String ID="string_358" HPOS="420" VPOS="1135" WIDTH="111" HEIGHT="28" WC="0.93" CONTENT="pågående"/><SP WIDTH="16" VPOS="1135" HPOS="531"/>
							<String ID="string_359" HPOS="547" VPOS="1135" WIDTH="108" HEIGHT="28" WC="0.92" CONTENT="landtdag."/><SP WIDTH="31" VPOS="1135" HPOS="655"/>
							<String ID="string_360" HPOS="686" VPOS="1135" WIDTH="31" HEIGHT="20" WC="0.83" CONTENT="En"/><SP WIDTH="18" VPOS="1135" HPOS="717"/>
							<String ID="string_361" HPOS="735" VPOS="1142" WIDTH="69" HEIGHT="13" WC="0.96" CONTENT="annan"/><SP WIDTH="18" VPOS="1142" HPOS="804"/>
							<String ID="string_362" HPOS="822" VPOS="1135" WIDTH="89" HEIGHT="20" WC="0.96" CONTENT="medlem"/><SP WIDTH="18" VPOS="1135" HPOS="911"/>
							<String ID="string_363" HPOS="929" VPOS="1135" WIDTH="22" HEIGHT="20" WC="0.96" CONTENT="af"/>
						</TextLine>
						<TextLine ID="line_36" HPOS="126" VPOS="1163" WIDTH="822" HEIGHT="27">
							<String ID="string_364" HPOS="126" VPOS="1166" WIDTH="58" HEIGHT="19" WC="0.96" CONTENT="ätten"/><SP WIDTH="18" VPOS="1166" HPOS="184"/>
							<String ID="string_365" HPOS="202" VPOS="1165" WIDTH="94" HEIGHT="20" WC="0.96" CONTENT="inträder"/><SP WIDTH="16" VPOS="1165" HPOS="296"/>
							<String ID="string_366" HPOS="312" VPOS="1165" WIDTH="4" HEIGHT="20" WC="0.96" CONTENT="i"/><SP WIDTH="18" VPOS="1165" HPOS="316"/>
							<String ID="string_367" HPOS="334" VPOS="1165" WIDTH="71" HEIGHT="20" WC="0.96" CONTENT="stället"/><SP WIDTH="15" VPOS="1165" HPOS="405"/>
							<String ID="string_368" HPOS="420" VPOS="1164" WIDTH="33" HEIGHT="20" WC="0.96" CONTENT="för"/><SP WIDTH="17" VPOS="1164" HPOS="453"/>
							<String ID="string_369" HPOS="470" VPOS="1164" WIDTH="40" HEIGHT="20" WC="0.96" CONTENT="den"/><SP WIDTH="17" VPOS="1164" HPOS="510"/>
							<String ID="string_370" HPOS="527" VPOS="1165" WIDTH="116" HEIGHT="25" WC="0.96" CONTENT="adelsman,"/><SP WIDTH="18" VPOS="1165" HPOS="643"/>
							<String ID="string_371" HPOS="661" VPOS="1171" WIDTH="43" HEIGHT="13" WC="0.96" CONTENT="som"/><SP WIDTH="14" VPOS="1171" HPOS="704"/>
							<String ID="string_372" HPOS="718" VPOS="1163" WIDTH="46" HEIGHT="21" WC="0.96" CONTENT="icke"/><SP WIDTH="12" VPOS="1163" HPOS="764"/>
							<String ID="string_373" HPOS="776" VPOS="1163" WIDTH="51" HEIGHT="27" WC="0.96" CONTENT="sjelf"/><SP WIDTH="9" VPOS="1163" HPOS="827"/>
							<String ID="string_374" HPOS="836" VPOS="1164" WIDTH="43" HEIGHT="20" WC="0.93" CONTENT="står"/><SP WIDTH="12" VPOS="1164" HPOS="879"/>
							<String ID="string_375" HPOS="891" VPOS="1164" WIDTH="5" HEIGHT="19" WC="0.96" CONTENT="i"/><SP WIDTH="12" VPOS="1164" HPOS="896"/>
							<String ID="string_376" HPOS="908" VPOS="1163" WIDTH="40" HEIGHT="20" WC="0.96" CONTENT="den"/>
						</TextLine>
						<TextLine ID="line_37" HPOS="126" VPOS="1192" WIDTH="822" HEIGHT="28">
							<String ID="string_377" HPOS="126" VPOS="1193" WIDTH="136" HEIGHT="20" WC="0.96" CONTENT="ekonomiskt"/><SP WIDTH="21" VPOS="1193" HPOS="262"/>
							<String ID="string_378" HPOS="283" VPOS="1193" WIDTH="39" HEIGHT="20" WC="0.96" CONTENT="fria"/><SP WIDTH="19" VPOS="1193" HPOS="322"/>
							<String ID="string_379" HPOS="341" VPOS="1192" WIDTH="107" HEIGHT="28" WC="0.96" CONTENT="ställning,"/><SP WIDTH="20" VPOS="1192" HPOS="448"/>
							<String ID="string_380" HPOS="468" VPOS="1195" WIDTH="32" HEIGHT="17" WC="0.96" CONTENT="att"/><SP WIDTH="16" VPOS="1195" HPOS="500"/>
							<String ID="string_381" HPOS="516" VPOS="1192" WIDTH="42" HEIGHT="21" WC="0.96" CONTENT="han"/><SP WIDTH="17" VPOS="1192" HPOS="558"/>
							<String ID="string_382" HPOS="575" VPOS="1192" WIDTH="41" HEIGHT="20" WC="0.93" CONTENT="kan"/><SP WIDTH="18" VPOS="1192" HPOS="616"/>
							<String ID="string_383" HPOS="634" VPOS="1192" WIDTH="98" HEIGHT="27" WC="0.91" CONTENT="uppoffra"/><SP WIDTH="16" VPOS="1192" HPOS="732"/>
							<String ID="string_384" HPOS="748" VPOS="1192" WIDTH="63" HEIGHT="27" WC="0.96" CONTENT="något"/><SP WIDTH="17" VPOS="1192" HPOS="811"/>
							<String ID="string_385" HPOS="828" VPOS="1192" WIDTH="33" HEIGHT="20" WC="0.93" CONTENT="för"/><SP WIDTH="16" VPOS="1192" HPOS="861"/>
							<String ID="string_386" HPOS="877" VPOS="1198" WIDTH="71" HEIGHT="20" WC="0.91" CONTENT="repre-"/>
						</TextLine>
						<TextLine ID="line_38" HPOS="126" VPOS="1220" WIDTH="823" HEIGHT="28">
							<String ID="string_387" HPOS="126" VPOS="1221" WIDTH="164" HEIGHT="21" WC="0.90" CONTENT="sentantkallet:"/><SP WIDTH="22" VPOS="1221" HPOS="290"/>
							<String ID="string_388" HPOS="312" VPOS="1228" WIDTH="24" HEIGHT="14" WC="0.95" CONTENT="en"/><SP WIDTH="20" VPOS="1228" HPOS="336"/>
							<String ID="string_389" HPOS="356" VPOS="1223" WIDTH="82" HEIGHT="19" WC="0.91" CONTENT="statens"/><SP WIDTH="19" VPOS="1223" HPOS="438"/>
							<String ID="string_390" HPOS="457" VPOS="1221" WIDTH="130" HEIGHT="27" WC="0.91" CONTENT="tjensteman"/><SP WIDTH="18" VPOS="1221" HPOS="587"/>
							<String ID="string_391" HPOS="605" VPOS="1220" WIDTH="38" HEIGHT="21" WC="0.96" CONTENT="har"/><SP WIDTH="16" VPOS="1220" HPOS="643"/>
							<String ID="string_392" HPOS="659" VPOS="1220" WIDTH="75" HEIGHT="21" WC="0.96" CONTENT="härvid"/><SP WIDTH="16" VPOS="1220" HPOS="734"/>
							<String ID="string_393" HPOS="750" VPOS="1220" WIDTH="62" HEIGHT="28" WC="0.93" CONTENT="ingen"/><SP WIDTH="19" VPOS="1220" HPOS="812"/>
							<String ID="string_394" HPOS="831" VPOS="1220" WIDTH="52" HEIGHT="27" WC="0.92" CONTENT="pligt"/><SP WIDTH="15" VPOS="1220" HPOS="883"/>
							<String ID="string_395" HPOS="898" VPOS="1220" WIDTH="51" HEIGHT="21" WC="0.95" CONTENT="eller"/>
						</TextLine>
						<TextLine ID="line_39" HPOS="126" VPOS="1250" WIDTH="262" HEIGHT="27">
							<String ID="string_396" HPOS="126" VPOS="1250" WIDTH="116" HEIGHT="27" WC="0.96" CONTENT="tvingande"/><SP WIDTH="17" VPOS="1250" HPOS="242"/>
							<String ID="string_397" HPOS="259" VPOS="1250" WIDTH="129" HEIGHT="27" WC="0.96" CONTENT="skyldighet."/>
						</TextLine>
					</TextBlock>
					<TextBlock ID="block_3" HPOS="117" VPOS="1277" WIDTH="836" HEIGHT="256">
						<TextLine ID="line_40" HPOS="196" VPOS="1277" WIDTH="753" HEIGHT="28">
							<String ID="string_398" HPOS="196" VPOS="1279" WIDTH="100" HEIGHT="20" WC="0.92" CONTENT="Friherre"/><SP WIDTH="16" VPOS="1279" HPOS="296"/>
							<String ID="string_399" HPOS="312" VPOS="1285" WIDTH="48" HEIGHT="14" WC="0.96" CONTENT="von"/><SP WIDTH="16" VPOS="1285" HPOS="360"/>
							<String ID="string_400" HPOS="376" VPOS="1278" WIDTH="82" HEIGHT="21" WC="0.96" CONTENT="Troil:"/><SP WIDTH="22" VPOS="1278" HPOS="458"/>
							<String ID="string_401" HPOS="480" VPOS="1277" WIDTH="41" HEIGHT="28" WC="0.96" CONTENT="Jag"/><SP WIDTH="17" VPOS="1277" HPOS="521"/>
							<String ID="string_402" HPOS="538" VPOS="1278" WIDTH="37" HEIGHT="20" WC="0.96" CONTENT="har"/><SP WIDTH="17" VPOS="1278" HPOS="575"/>
							<String ID="string_403" HPOS="592" VPOS="1278" WIDTH="75" HEIGHT="27" WC="0.96" CONTENT="begärt"/><SP WIDTH="16" VPOS="1278" HPOS="667"/>
							<String ID="string_404" HPOS="683" VPOS="1277" WIDTH="61" HEIGHT="21" WC="0.96" CONTENT="ordet"/><SP WIDTH="16" VPOS="1277" HPOS="744"/>
							<String ID="string_405" HPOS="760" VPOS="1278" WIDTH="33" HEIGHT="20" WC="0.96" CONTENT="för"/><SP WIDTH="16" VPOS="1278" HPOS="793"/>
							<String ID="string_406" HPOS="809" VPOS="1280" WIDTH="30" HEIGHT="18" WC="0.96" CONTENT="att"/><SP WIDTH="17" VPOS="1280" HPOS="839"/>
							<String ID="string_407" HPOS="856" VPOS="1278" WIDTH="5" HEIGHT="19" WC="0.93" CONTENT="i"/><SP WIDTH="17" VPOS="1278" HPOS="861"/>
							<String ID="string_408" HPOS="878" VPOS="1277" WIDTH="71" HEIGHT="20" WC="0.92" CONTENT="anled-"/>
						</TextLine>
						<TextLine ID="line_41" HPOS="127" VPOS="1306" WIDTH="823" HEIGHT="28">
							<String ID="string_409" HPOS="127" VPOS="1308" WIDTH="50" HEIGHT="26" WC="0.96" CONTENT="ning"/><SP WIDTH="20" VPOS="1308" HPOS="177"/>
							<String ID="string_410" HPOS="197" VPOS="1307" WIDTH="23" HEIGHT="20" WC="0.96" CONTENT="af"/><SP WIDTH="18" VPOS="1307" HPOS="220"/>
							<String ID="string_411" HPOS="238" VPOS="1307" WIDTH="39" HEIGHT="20" WC="0.96" CONTENT="den"/><SP WIDTH="21" VPOS="1307" HPOS="277"/>
							<String ID="string_412" HPOS="298" VPOS="1309" WIDTH="85" HEIGHT="19" WC="0.95" CONTENT="senaste"/><SP WIDTH="20" VPOS="1309" HPOS="383"/>
							<String ID="string_413" HPOS="403" VPOS="1306" WIDTH="63" HEIGHT="21" WC="0.93" CONTENT="ärade"/><SP WIDTH="16" VPOS="1306" HPOS="466"/>
							<String ID="string_414" HPOS="482" VPOS="1307" WIDTH="94" HEIGHT="20" WC="0.90" CONTENT="talarens"/><SP WIDTH="17" VPOS="1307" HPOS="576"/>
							<String ID="string_415" HPOS="593" VPOS="1306" WIDTH="100" HEIGHT="28" WC="0.96" CONTENT="yttrande"/><SP WIDTH="16" VPOS="1306" HPOS="693"/>
							<String ID="string_416" HPOS="709" VPOS="1309" WIDTH="32" HEIGHT="17" WC="0.96" CONTENT="att"/><SP WIDTH="16" VPOS="1309" HPOS="741"/>
							<String ID="string_417" HPOS="757" VPOS="1313" WIDTH="25" HEIGHT="14" WC="0.96" CONTENT="en"/><SP WIDTH="18" VPOS="1313" HPOS="782"/>
							<String ID="string_418" HPOS="800" VPOS="1307" WIDTH="150" HEIGHT="27" WC="0.96" CONTENT="representant"/>
						</TextLine>
						<TextLine ID="line_42" HPOS="127" VPOS="1335" WIDTH="822" HEIGHT="28">
							<String ID="string_419" HPOS="127" VPOS="1337" WIDTH="55" HEIGHT="19" WC="0.96" CONTENT="inom"/><SP WIDTH="17" VPOS="1337" HPOS="182"/>
							<String ID="string_420" HPOS="199" VPOS="1335" WIDTH="150" HEIGHT="28" WC="0.96" CONTENT="ridderskapet"/><SP WIDTH="20" VPOS="1335" HPOS="349"/>
							<String ID="string_421" HPOS="369" VPOS="1335" WIDTH="39" HEIGHT="21" WC="0.96" CONTENT="och"/><SP WIDTH="16" VPOS="1335" HPOS="408"/>
							<String ID="string_422" HPOS="424" VPOS="1335" WIDTH="69" HEIGHT="26" WC="0.96" CONTENT="adeln,"/><SP WIDTH="17" VPOS="1335" HPOS="493"/>
							<String ID="string_423" HPOS="510" VPOS="1336" WIDTH="24" HEIGHT="19" WC="0.95" CONTENT="så"/><SP WIDTH="16" VPOS="1336" HPOS="534"/>
							<String ID="string_424" HPOS="550" VPOS="1335" WIDTH="61" HEIGHT="27" WC="0.96" CONTENT="länge"/><SP WIDTH="18" VPOS="1335" HPOS="611"/>
							<String ID="string_425" HPOS="629" VPOS="1335" WIDTH="40" HEIGHT="20" WC="0.93" CONTENT="han"/><SP WIDTH="16" VPOS="1335" HPOS="669"/>
							<String ID="string_426" HPOS="685" VPOS="1335" WIDTH="85" HEIGHT="20" WC="0.91" CONTENT="utöfvar"/><SP WIDTH="16" VPOS="1335" HPOS="770"/>
							<String ID="string_427" HPOS="786" VPOS="1335" WIDTH="37" HEIGHT="20" WC="0.93" CONTENT="sitt"/><SP WIDTH="16" VPOS="1335" HPOS="823"/>
							<String ID="string_428" HPOS="839" VPOS="1341" WIDTH="110" HEIGHT="20" WC="0.89" CONTENT="represen-"/>
						</TextLine>
						<TextLine ID="line_43" HPOS="117" VPOS="1363" WIDTH="833" HEIGHT="28">
							<String ID="string_429" HPOS="117" VPOS="1364" WIDTH="141" HEIGHT="25" WC="0.84" CONTENT="*tationskall,"/><SP WIDTH="22" VPOS="1364" HPOS="258"/>
							<String ID="string_430" HPOS="280" VPOS="1365" WIDTH="37" HEIGHT="19" WC="0.97" CONTENT="bör"/><SP WIDTH="20" VPOS="1365" HPOS="317"/>
							<String ID="string_431" HPOS="337" VPOS="1371" WIDTH="51" HEIGHT="13" WC="0.96" CONTENT="vara"/><SP WIDTH="16" VPOS="1371" HPOS="388"/>
							<String ID="string_432" HPOS="404" VPOS="1363" WIDTH="122" HEIGHT="21" WC="0.96" CONTENT="oberoende"/><SP WIDTH="17" VPOS="1363" HPOS="526"/>
							<String ID="string_433" HPOS="543" VPOS="1363" WIDTH="39" HEIGHT="21" WC="0.97" CONTENT="och"/><SP WIDTH="17" VPOS="1363" HPOS="582"/>
							<String ID="string_434" HPOS="599" VPOS="1363" WIDTH="70" HEIGHT="20" WC="0.96" CONTENT="såsom"/><SP WIDTH="17" VPOS="1363" HPOS="669"/>
							<String ID="string_435" HPOS="686" VPOS="1363" WIDTH="64" HEIGHT="21" WC="0.96" CONTENT="sådan"/><SP WIDTH="18" VPOS="1363" HPOS="750"/>
							<String ID="string_436" HPOS="768" VPOS="1363" WIDTH="50" HEIGHT="28" WC="0.93" CONTENT="sjelf"/><SP WIDTH="15" VPOS="1363" HPOS="818"/>
							<String ID="string_437" HPOS="833" VPOS="1363" WIDTH="70" HEIGHT="20" WC="0.93" CONTENT="aflöna"/><SP WIDTH="16" VPOS="1363" HPOS="903"/>
							<String ID="string_438" HPOS="919" VPOS="1363" WIDTH="31" HEIGHT="20" WC="0.96" CONTENT="sin"/>
						</TextLine>
						<TextLine ID="line_44" HPOS="127" VPOS="1391" WIDTH="824" HEIGHT="29">
							<String ID="string_439" HPOS="127" VPOS="1393" WIDTH="87" HEIGHT="26" WC="0.96" CONTENT="vikarie,"/><SP WIDTH="24" VPOS="1393" HPOS="214"/>
							<String ID="string_440" HPOS="238" VPOS="1393" WIDTH="21" HEIGHT="20" WC="0.96" CONTENT="få"/><SP WIDTH="20" VPOS="1393" HPOS="259"/>
							<String ID="string_441" HPOS="279" VPOS="1394" WIDTH="52" HEIGHT="26" WC="0.96" CONTENT="göra"/><SP WIDTH="16" VPOS="1394" HPOS="331"/>
							<String ID="string_442" HPOS="347" VPOS="1392" WIDTH="39" HEIGHT="21" WC="0.96" CONTENT="den"/><SP WIDTH="18" VPOS="1392" HPOS="386"/>
							<String ID="string_443" HPOS="404" VPOS="1392" WIDTH="176" HEIGHT="27" WC="0.96" CONTENT="anmärkningen,"/><SP WIDTH="17" VPOS="1392" HPOS="580"/>
							<String ID="string_444" HPOS="597" VPOS="1394" WIDTH="32" HEIGHT="18" WC="0.96" CONTENT="att"/><SP WIDTH="16" VPOS="1394" HPOS="629"/>
							<String ID="string_445" HPOS="645" VPOS="1392" WIDTH="26" HEIGHT="20" WC="0.96" CONTENT="de"/><SP WIDTH="17" VPOS="1392" HPOS="671"/>
							<String ID="string_446" HPOS="688" VPOS="1392" WIDTH="61" HEIGHT="20" WC="0.96" CONTENT="fleste"/><SP WIDTH="17" VPOS="1392" HPOS="749"/>
							<String ID="string_447" HPOS="766" VPOS="1392" WIDTH="22" HEIGHT="20" WC="0.96" CONTENT="af"/><SP WIDTH="14" VPOS="1392" HPOS="788"/>
							<String ID="string_448" HPOS="802" VPOS="1392" WIDTH="39" HEIGHT="20" WC="0.96" CONTENT="här"/><SP WIDTH="16" VPOS="1392" HPOS="841"/>
							<String ID="string_449" HPOS="857" VPOS="1391" WIDTH="94" HEIGHT="21" WC="0.96" CONTENT="varande"/>
						</TextLine>
						<TextLine ID="line_45" HPOS="127" VPOS="1419" WIDTH="823" HEIGHT="29">
							<String ID="string_450" HPOS="127" VPOS="1424" WIDTH="203" HEIGHT="24" WC="0.91" CONTENT="representanterne"/><SP WIDTH="17" VPOS="1424" HPOS="330"/>
							<String ID="string_451" HPOS="347" VPOS="1421" WIDTH="56" HEIGHT="20" WC="0.96" CONTENT="inom"/><SP WIDTH="17" VPOS="1421" HPOS="403"/>
							<String ID="string_452" HPOS="420" VPOS="1420" WIDTH="150" HEIGHT="28" WC="0.96" CONTENT="ridderskapet"/><SP WIDTH="17" VPOS="1420" HPOS="570"/>
							<String ID="string_453" HPOS="587" VPOS="1421" WIDTH="39" HEIGHT="19" WC="0.96" CONTENT="och"/><SP WIDTH="17" VPOS="1421" HPOS="626"/>
							<String ID="string_454" HPOS="643" VPOS="1420" WIDTH="62" HEIGHT="21" WC="0.95" CONTENT="adeln"/><SP WIDTH="17" VPOS="1420" HPOS="705"/>
							<String ID="string_455" HPOS="722" VPOS="1422" WIDTH="36" HEIGHT="19" WC="0.93" CONTENT="äro"/><SP WIDTH="13" VPOS="1422" HPOS="758"/>
							<String ID="string_456" HPOS="771" VPOS="1421" WIDTH="128" HEIGHT="26" WC="0.92" CONTENT="tjenstemän"/><SP WIDTH="12" VPOS="1421" HPOS="899"/>
							<String ID="string_457" HPOS="911" VPOS="1419" WIDTH="39" HEIGHT="21" WC="0.96" CONTENT="och"/>
						</TextLine>
						<TextLine ID="line_46" HPOS="127" VPOS="1448" WIDTH="824" HEIGHT="27">
							<String ID="string_458" HPOS="127" VPOS="1451" WIDTH="4" HEIGHT="19" WC="0.95" CONTENT="i"/><SP WIDTH="23" VPOS="1451" HPOS="131"/>
							<String ID="string_459" HPOS="154" VPOS="1450" WIDTH="78" HEIGHT="21" WC="0.96" CONTENT="sådant"/><SP WIDTH="22" VPOS="1450" HPOS="232"/>
							<String ID="string_460" HPOS="254" VPOS="1450" WIDTH="37" HEIGHT="20" WC="0.96" CONTENT="fall"/><SP WIDTH="22" VPOS="1450" HPOS="291"/>
							<String ID="string_461" HPOS="313" VPOS="1449" WIDTH="46" HEIGHT="21" WC="0.96" CONTENT="icke"/><SP WIDTH="20" VPOS="1449" HPOS="359"/>
							<String ID="string_462" HPOS="379" VPOS="1449" WIDTH="70" HEIGHT="21" WC="0.96" CONTENT="kunna"/><SP WIDTH="18" VPOS="1449" HPOS="449"/>
							<String ID="string_463" HPOS="467" VPOS="1449" WIDTH="78" HEIGHT="20" WC="0.96" CONTENT="räknas"/><SP WIDTH="17" VPOS="1449" HPOS="545"/>
							<String ID="string_464" HPOS="562" VPOS="1449" WIDTH="30" HEIGHT="20" WC="0.96" CONTENT="till"/><SP WIDTH="17" VPOS="1449" HPOS="592"/>
							<String ID="string_465" HPOS="609" VPOS="1448" WIDTH="26" HEIGHT="21" WC="0.96" CONTENT="de"/><SP WIDTH="17" VPOS="1448" HPOS="635"/>
							<String ID="string_466" HPOS="652" VPOS="1449" WIDTH="127" HEIGHT="26" WC="0.95" CONTENT="oberoende,"/><SP WIDTH="17" VPOS="1449" HPOS="779"/>
							<String ID="string_467" HPOS="796" VPOS="1449" WIDTH="27" HEIGHT="20" WC="0.96" CONTENT="då"/><SP WIDTH="16" VPOS="1449" HPOS="823"/>
							<String ID="string_468" HPOS="839" VPOS="1449" WIDTH="25" HEIGHT="20" WC="0.96" CONTENT="de"/><SP WIDTH="17" VPOS="1449" HPOS="864"/>
							<String ID="string_469" HPOS="881" VPOS="1449" WIDTH="70" HEIGHT="20" WC="0.96" CONTENT="såsom"/>
						</TextLine>
						<TextLine ID="line_47" HPOS="128" VPOS="1477" WIDTH="824" HEIGHT="27">
							<String ID="string_470" HPOS="128" VPOS="1479" WIDTH="85" HEIGHT="19" WC="0.94" CONTENT="bosatte"/><SP WIDTH="16" VPOS="1479" HPOS="213"/>
							<String ID="string_471" HPOS="229" VPOS="1479" WIDTH="6" HEIGHT="19" WC="0.96" CONTENT="i"/><SP WIDTH="16" VPOS="1479" HPOS="235"/>
							<String ID="string_472" HPOS="251" VPOS="1478" WIDTH="137" HEIGHT="26" WC="0.93" CONTENT="Helsingfors"/><SP WIDTH="16" VPOS="1478" HPOS="388"/>
							<String ID="string_473" HPOS="404" VPOS="1477" WIDTH="76" HEIGHT="27" WC="0.93" CONTENT="sjelfve"/><SP WIDTH="16" VPOS="1477" HPOS="480"/>
							<String ID="string_474" HPOS="496" VPOS="1477" WIDTH="64" HEIGHT="21" WC="0.95" CONTENT="sköta"/><SP WIDTH="17" VPOS="1477" HPOS="560"/>
							<String ID="string_475" HPOS="577" VPOS="1477" WIDTH="45" HEIGHT="20" WC="0.93" CONTENT="sina"/><SP WIDTH="17" VPOS="1477" HPOS="622"/>
							<String ID="string_476" HPOS="639" VPOS="1478" WIDTH="97" HEIGHT="26" WC="0.93" CONTENT="tjenster,"/><SP WIDTH="13" VPOS="1478" HPOS="736"/>
							<String ID="string_477" HPOS="749" VPOS="1480" WIDTH="49" HEIGHT="18" WC="0.95" CONTENT="utan"/><SP WIDTH="17" VPOS="1480" HPOS="798"/>
							<String ID="string_478" HPOS="815" VPOS="1480" WIDTH="31" HEIGHT="17" WC="0.93" CONTENT="att"/><SP WIDTH="15" VPOS="1480" HPOS="846"/>
							<String ID="string_479" HPOS="861" VPOS="1477" WIDTH="91" HEIGHT="20" WC="0.92" CONTENT="behöfva"/>
						</TextLine>
						<TextLine ID="line_48" HPOS="126" VPOS="1504" WIDTH="827" HEIGHT="29">
							<String ID="string_480" HPOS="126" VPOS="1506" WIDTH="70" HEIGHT="21" WC="0.90" CONTENT="aflöna"/><SP WIDTH="24" VPOS="1506" HPOS="196"/>
							<String ID="string_481" HPOS="220" VPOS="1506" WIDTH="88" HEIGHT="21" WC="0.95" CONTENT="vikarie."/><SP WIDTH="32" VPOS="1506" HPOS="308"/>
							<String ID="string_482" HPOS="340" VPOS="1506" WIDTH="41" HEIGHT="27" WC="0.96" CONTENT="Jag"/><SP WIDTH="25" VPOS="1506" HPOS="381"/>
							<String ID="string_483" HPOS="406" VPOS="1506" WIDTH="34" HEIGHT="20" WC="0.94" CONTENT="vill"/><SP WIDTH="19" VPOS="1506" HPOS="440"/>
							<String ID="string_484" HPOS="459" VPOS="1506" WIDTH="57" HEIGHT="20" WC="0.95" CONTENT="fästa"/><SP WIDTH="20" VPOS="1506" HPOS="516"/>
							<String ID="string_485" HPOS="536" VPOS="1506" WIDTH="219" HEIGHT="26" WC="0.96" CONTENT="uppmärksamheten"/><SP WIDTH="16" VPOS="1506" HPOS="755"/>
							<String ID="string_486" HPOS="771" VPOS="1506" WIDTH="27" HEIGHT="27" WC="0.97" CONTENT="på"/><SP WIDTH="16" VPOS="1506" HPOS="798"/>
							<String ID="string_487" HPOS="814" VPOS="1505" WIDTH="36" HEIGHT="21" WC="0.93" CONTENT="det"/><SP WIDTH="17" VPOS="1505" HPOS="850"/>
							<String ID="string_488" HPOS="867" VPOS="1504" WIDTH="86" HEIGHT="28" WC="0.90" CONTENT="obilliga"/>
						</TextLine>
					</TextBlock>
				</ComposedBlock>
				<ComposedBlock ID="cblock_2" HPOS="864" VPOS="1546" WIDTH="20" HEIGHT="16">
					<TextBlock ID="block_4" HPOS="864" VPOS="1546" WIDTH="20" HEIGHT="16">
						<TextLine ID="line_49" HPOS="864" VPOS="1546" WIDTH="20" HEIGHT="16">
							<String ID="string_489" HPOS="864" VPOS="1546" WIDTH="20" HEIGHT="16" WC="0.94" CONTENT="17"/>
						</TextLine>
					</TextBlock>
				</ComposedBlock>
			</PrintSpace>
		</Page>
	</Layout>
</alto>
