1142 1786
214 115 42 20 338
528 116 37 15 Den
585 117 9 15 6
608 116 57 20 April.

186 172 95 27 ningsvis
298 172 26 26 gå
340 171 30 20 till
387 173 61 25 väga.
480 171 49 21 Med
545 171 102 21 afseende
664 172 12 20 å
691 171 41 21 den
750 172 129 27 omfattning
894 173 74 27 frågan
981 173 32 20 så-

185 200 59 21 ledes
267 201 45 26 har,
336 207 63 13 anser
420 200 38 27 jag
481 200 230 21 kommunalutskottet
732 201 51 20 böra
807 201 79 20 erhålla
910 203 31 18 ett
957 202 54 27 såly-

185 229 69 20 dande
270 235 56 19 svar,
344 230 31 18 att
396 228 231 21 kommunalutskottet
647 230 34 19 må
698 229 32 20 vid
748 229 122 27 afgifvande
887 230 22 19 af
923 230 37 20 sitt
977 230 35 20 be-

184 257 111 20 tänkande
313 257 5 19 i
335 257 31 20 sin
383 256 73 21 helhet
472 257 91 20 rörande
580 257 39 20 den
637 257 146 28 föreliggande
801 258 159 27 propositionen
979 265 33 14 om

185 293 28 19 ny
232 285 252 27 kommunalförfattning
496 285 32 20 för
541 285 99 21 städerna
658 286 53 20 söka
726 286 5 19 i
750 287 39 19 den
807 286 40 26 del,
864 293 44 13 som
925 294 27 12 nu
969 289 19 18 är
1000 287 11 19 i

184 314 68 27 fråga,
268 314 97 26 utjemna
381 313 41 20 alla
439 314 105 20 olikheter
560 314 37 20 och
616 314 123 27 privilegier
756 314 133 21 beträffande
904 315 108 27 stadsgår-

185 342 45 26 dar,
255 342 109 20 hvarefter
384 342 149 27 ridderskapet
552 342 39 21 och
607 342 61 21 adeln
687 342 34 21 vid
738 342 100 21 ärendets
854 343 84 27 slutliga
955 344 57 26 pröf-

185 372 51 26 ning
260 371 39 21 och
323 370 160 28 handläggning
505 371 47 20 icke
575 371 49 20 ville
645 378 59 14 mera
720 373 26 18 än
763 371 68 27 öfriga
848 372 163 27 privilegierade

184 400 132 26 gårdsegare
331 399 6 20 i
354 399 56 20 hvad
426 399 66 20 saken
504 399 48 21 dem
564 401 35 19 rör
610 400 55 20 hålla
677 401 26 26 på
715 399 161 28 ridderskapets
888 400 37 21 och
939 400 72 20 adelns

184 427 253 28 företrädesrättigheter
460 428 5 19 i
485 427 61 21 tolfte
567 428 95 27 punkten
687 428 22 20 af
730 428 71 28 adliga
825 428 150 28 privilegierna
991 429 22 19 af

184 457 41 20 den
243 457 25 20 16
285 456 99 21 Oktober
400 456 62 21 1723.
486 456 73 21 Skulle
571 456 237 27 kommunalutskottet,
820 457 27 27 på
859 459 42 19 sätt
910 458 49 20 herr
969 457 41 21 La-

184 485 94 27 gerborg
294 485 117 27 föreslagit,
428 485 69 20 såsom
517 487 31 18 ett
564 485 199 27 öfvergångsmedel
779 486 94 26 tillägga,
889 488 31 18 att
936 487 74 19 närva-

186 514 66 20 rande
268 513 140 21 innehafvare
423 513 117 27 betryggas
557 514 34 20 vid
609 514 62 20 deras
683 520 27 14 nu
721 514 164 27 ifrågavarande
895 514 116 27 förmoner,

186 542 62 21 torde
264 542 67 20 saken
348 542 71 20 kunna
435 541 58 21 ledas
510 542 30 20 till
556 544 31 18 ett
603 542 52 27 godt
671 542 38 20 och
727 543 178 27 ändamålsenligt
914 543 95 20 resultat.

254 570 58 21 Herr
328 570 190 28 Montgomery:
543 571 96 20 Oaktadt
659 571 25 20 all
701 571 41 20 den
759 571 89 27 aktning
859 572 38 26 jag
913 573 23 19 är
951 572 58 20 såväl

185 599 59 27 villig
267 606 46 13 som
329 599 85 27 skyldig
430 600 32 19 att
482 606 54 20 egna
552 599 115 27 höglofliga
682 600 231 26 riddarhusutskottet,
929 601 23 19 så
968 600 41 20 kan

182 628 38 27 jag
243 628 49 20 icke
314 627 146 27 undertrycka
484 630 30 18 ett
536 627 108 21 bestämdt
664 628 106 26 ogillande
790 628 57 20 såväl
872 628 23 20 af
909 629 36 19 det
961 629 48 25 slut,

184 656 86 21 hvartill
283 652 216 36 riddarhusutskottet
515 652 86 36 kommit,
611 663 44 13 som
666 656 95 21 särdeles
770 656 23 21 af
800 656 35 21 det
846 658 47 24 sätt,
909 658 101 26 hvaruppå

185 684 222 21 riddarhusutskottet
423 685 47 26 gätt
486 684 29 20 till
533 686 59 25 väga.
624 684 63 21 Hade
703 685 74 27 frågan
794 685 51 27 gällt
857 687 30 18 att
903 686 107 27 uppträda

183 714 33 20 för
240 720 26 13 en
288 712 105 21 svarande
413 714 47 25 part
476 712 34 21 vid
526 713 99 26 domstol,
642 713 37 21 der
696 714 35 20 det
747 714 67 27 gäller
830 715 32 19 att
878 714 53 20 söka
947 714 62 20 fram-

184 742 67 27 draga
268 742 40 20 alla
324 741 53 26 skäl,
394 748 45 13 som
459 741 100 27 möjligen
580 742 69 20 kunde
666 742 61 20 lända
743 742 66 20 saken
827 742 30 20 till
873 742 97 26 fromma,
987 743 23 19 så

184 770 54 20 hade
252 770 38 27 jag
306 771 80 24 ansett,
402 771 32 19 att
450 769 37 21 det
502 770 219 27 framställningssätt,
737 770 222 22 riddarhusutskottet
974 771 36 20 be-

183 801 87 25 gagnat,
294 798 55 20 hade
373 798 55 20 varit
452 798 27 26 på
502 799 31 19 sin
558 799 65 26 plats;
645 799 35 20 det
697 799 54 21 hade
769 799 99 27 möjligen
886 799 26 21 då
928 800 81 20 kunnat

183 828 119 25 försvaras;
326 827 36 20 det
386 826 54 21 hade
464 826 26 20 då
513 827 47 20 hört
579 827 29 20 till
626 828 69 25 stilen,
712 830 22 25 ty
751 828 37 20 det
805 830 23 18 är
845 828 26 26 på
887 830 31 18 ett
933 828 76 20 sådant

183 855 165 21 advokatoriskt
364 856 49 25 sätt,
430 862 44 13 som
492 855 219 21 riddarhusutskottet
727 856 90 20 förfarit.
849 856 62 20 Först
924 857 85 20 skickar

183 884 221 20 riddarhusutskottet
421 890 25 13 en
469 883 93 20 säkallad
579 884 157 27 peremptorisk
754 885 141 26 anmärkning
911 885 38 20 och
966 886 42 19 sät-

183 914 33 19 ter
239 913 5 19 i
268 912 81 26 tvifvel,
370 911 104 21 huruvida
493 911 73 28 frågan
583 913 115 26 behörigen
716 913 42 20 kan
774 913 79 20 väckas
868 913 7 20 i
891 913 39 20 den
948 913 60 27 form,

182 941 41 20 den
240 948 28 13 nu
284 940 110 27 förelagts.
425 940 43 27 Jag
486 940 35 21 ber
537 943 31 18 att
580 941 133 20 beträffande
725 941 40 20 den
777 941 61 21 delen
850 941 47 21 icke
917 942 92 20 behöfva

183 969 88 28 tillägga
295 970 71 26 nägot,
383 969 88 20 emedan
492 969 72 20 derom
583 969 65 21 redan
665 971 23 19 är
704 970 23 20 af
741 971 26 19 de
783 972 80 18 tvenne
878 970 130 27 föregäende

182 998 82 20 talarne
291 997 127 21 framstäldt.
450 997 46 20 Och
522 998 87 20 emedan
638 998 220 21 riddarhusutskottet
885 999 122 27 pätagligen

183 1026 99 20 betvitlar
298 1025 158 27 befogenheten
474 1026 22 20 af
510 1026 39 20 den
566 1027 74 26 gjorda
656 1027 191 27 framställningen,
856 1027 99 28 öfvergär
966 1027 39 20 rid-

182 1055 191 20 darhusutskottet
396 1054 30 20 till
451 1055 76 26 sjelfva
551 1055 65 20 saken
641 1055 38 20 och
704 1055 109 28 begagnar
838 1056 38 20 der
895 1056 65 20 ocksä
976 1058 31 18 ett

182 1083 112 27 olämpligt
318 1084 42 19 sätt
376 1085 32 18 att
423 1083 118 20 förminska
557 1083 76 21 sakens
651 1084 117 27 betydelse.
800 1084 207 21 Riddarhusutskot-

182 1113 31 19 tet
229 1111 103 26 berättar,
350 1111 53 20 huru
422 1111 219 22 riddarhusutskottet
663 1112 55 21 varit
734 1113 4 19 i
756 1113 83 20 tillfälle
855 1115 32 18 att
902 1113 63 20 kasta
981 1119 24 14 en

182 1140 56 21 blick
254 1140 6 20 i
277 1140 87 20 stadens
380 1140 134 21 drätselverk
534 1141 37 20 och
593 1141 88 20 kommit
697 1141 31 20 till
744 1141 36 21 dot
796 1141 97 26 resultat,
909 1141 98 27 hvarige-

181 1175 49 14 nom
247 1169 223 20 riddarhusutskottet
486 1169 55 20 velat
557 1169 45 20 visa
617 1169 175 27 obetydligheten
809 1170 22 20 af
844 1170 162 26 ifrägavarande

180 1196 91 21 förmon.
304 1196 100 21 Derefter
426 1196 98 21 kommer
547 1197 220 21 riddarhusutskottet
788 1198 87 27 mycket
892 1198 114 27 behändigt

180 1227 32 19 att
234 1226 110 24 framvisa,
364 1226 54 20 huru
438 1225 48 21 hela
502 1226 65 20 saken
584 1232 34 15 om
640 1226 150 27 privilegierna
806 1226 63 21 reder
885 1227 31 27 sig
932 1227 29 20 till
979 1235 25 12 en

181 1254 203 27 bokförings-fräga,
400 1261 45 13 som
462 1255 24 19 är
502 1255 86 26 mycket
604 1255 39 20 lätt
657 1257 32 18 att
704 1255 46 20 lösa
767 1255 38 21 och
823 1263 44 13 som
883 1256 48 20 icke
946 1256 60 20 inne-

181 1283 37 20 bär
241 1283 69 26 nägon
335 1282 115 27 svärighet.
482 1282 40 21 Till
538 1283 38 20 sist
591 1283 130 20 framkastar
736 1284 222 21 riddarhusutskottet
974 1286 31 19 ett

182 1311 99 27 verkligt,
305 1318 33 13 om
363 1311 35 20 det
422 1311 110 27 uttrycket
555 1312 79 20 tillätes
655 1312 50 27 mig,
721 1312 104 24 krokben,
842 1320 44 13 som
903 1320 48 13 man
968 1320 37 13 un-

179 1339 141 21 derstundom
344 1339 68 20 finner
431 1339 36 21 vid
484 1340 50 21 våra
550 1340 117 21 domstolar
683 1341 116 27 begagnas,
816 1341 27 20 då
858 1341 146 21 riddarhusut-

180 1368 82 20 skottet
278 1367 102 28 erbjuder
398 1368 62 20 dessa
482 1368 136 21 medlemmar
635 1369 23 20 af
671 1369 152 28 ridderskapet
839 1369 39 21 och
895 1369 61 21 adeln
973 1372 32 19 att

180 1397 90 24 anmäla,
294 1399 32 18 att
346 1396 25 21 de
391 1397 47 20 icke
455 1397 49 20 ville
520 1397 83 27 åtnjuta
620 1397 59 21 detta
695 1397 142 28 privilegium.
869 1398 135 21 Deremellan

179 1425 123 20 framhåller
325 1425 221 20 riddarhusutskottet
569 1426 52 20 visst
645 1433 25 13 en
694 1427 165 26 omständighet,
883 1433 45 14 som
945 1428 23 19 är
984 1427 23 20 af

178 1453 113 27 betydelse
314 1453 39 20 och
376 1454 38 19 bör
432 1455 62 25 tagas
510 1454 6 19 i
534 1454 149 26 betraktande,
700 1455 108 27 nemligen
825 1455 74 28 frägan
916 1462 33 13 om
966 1456 39 20 den

178 1482 83 25 förlust,
286 1488 44 14 som
354 1482 124 20 nuvarande
500 1482 138 21 innehafvare
654 1483 23 20 af
690 1483 78 27 gärdar
784 1483 69 21 skulle
869 1484 41 20 lida
926 1484 23 20 af
963 1485 41 19 den

178 1510 127 27 ifrägasatta
320 1510 158 27 förändringen.
510 1510 42 28 Jag
567 1510 38 21 ber
620 1513 32 18 att
668 1511 21 21 fä
704 1512 58 26 säga,
779 1514 32 18 att
828 1514 31 18 ett
875 1512 76 20 sädant
962 1514 42 19 sätt
