1142 1786
198 121 25 20 12
500 121 40 16 Den
553 122 9 15 8
576 121 93 16 Februari.

168 182 99 27 uppläst,
283 181 135 28 uppmanade
436 182 48 21 herr
499 182 198 22 landtmarskalken
707 182 98 21 ståndets
817 182 138 21 medlemmar
966 184 32 20 att

169 210 73 21 skrida
262 210 32 21 till
317 210 35 21 val
374 210 23 21 af
416 211 27 20 23
468 211 96 26 valmän;
587 211 52 20 derå
662 211 39 21 och
718 211 66 20 sedan
802 211 125 21 vallistorna
943 211 55 21 efter

168 245 85 21 upprop
276 239 112 21 aflemnats
414 239 31 20 till
470 239 48 22 herr
533 239 213 27 landtmarskalken,
765 239 47 21 med
828 239 132 28 granskning
975 239 25 21 af

169 267 111 21 desamma
296 267 39 21 och
351 268 131 27 summering
500 268 23 20 af
540 269 99 19 rösterna
662 267 95 28 vidtogs.

240 323 200 28 Valförrättningen
457 324 83 21 afbröts
556 324 23 21 af
592 331 26 14 en
635 324 126 28 deputation
777 324 46 21 från
839 324 159 21 bondeståndet

171 352 67 21 under
254 352 184 28 ordförandeskap
454 352 23 21 af
490 352 207 28 landtdagsmannen
714 352 79 27 Slotte,
811 360 45 13 som
872 352 125 21 meddelade

170 382 33 19 att
219 380 159 21 bondeståndet
393 381 85 21 förenat
493 381 33 28 sig
541 382 48 20 med
604 381 152 27 ridderskapet
772 381 38 21 och
823 380 60 22 adeln
897 388 34 13 om
948 380 49 22 dess

171 409 71 21 beslut
257 408 91 22 rörande
364 416 27 14 en
407 410 209 27 tacksägelseadress
636 410 31 20 till
681 409 26 21 H.
717 409 28 21 M.
754 409 244 28 Kejsaren
865 404 12 37 i
886 409 112 28 anledning

171 437 23 21 af
208 437 244 28 landtdagsordningens
475 438 155 26 fastställande,
654 444 48 14 men
725 439 72 19 ansett
820 438 121 27 lämpligast
965 439 33 19 att

172 465 71 21 denna
265 465 74 21 adress
362 466 69 21 skulle
452 466 24 21 af
498 466 129 28 delegerade
642 466 47 21 från
705 466 91 21 stånden
814 466 134 28 personligen
965 466 31 20 till

172 494 60 21 Hans
248 494 102 28 Majestät
366 494 6 20 i
388 494 134 28 Petersburg
536 495 131 26 frambäras;
683 494 39 21 och
739 494 70 21 anhöll
824 494 173 28 landtdagsman-

171 529 42 14 nen
235 522 69 21 Slotte
320 522 13 21 å
348 522 38 21 sitt
408 523 74 21 stånds
498 525 81 25 vägnar
602 525 32 19 att
649 523 152 27 ridderskapet
816 523 39 21 och
871 523 61 21 adeln
949 522 48 21 ville

173 550 84 22 besluta
273 550 31 21 till
321 550 111 23 enahanda
448 553 43 20 sätt
506 552 34 21 för
555 552 114 21 adressens
685 551 141 21 aflemnande.

240 579 59 21 Herr
313 579 197 21 landtmarskalken
527 580 90 21 tackade
641 580 155 28 deputationen
819 580 34 20 för
869 579 36 21 det
921 579 77 28 gjorda

173 607 153 21 meddelandet
341 608 39 20 och
396 608 85 21 lofvade
496 610 32 19 att
543 608 34 21 för
592 608 151 27 ridderskapet
760 608 40 21 och
810 608 61 20 adeln
880 608 118 21 framställa

173 636 168 20 bondeståndets
364 636 81 28 förslag
468 636 90 22 rörande
581 638 65 20 sättet
663 637 33 20 för
711 636 115 22 adressens
842 636 155 27 framförande,

173 664 66 21 sedan
256 664 199 29 protokollsutdrag
470 666 6 20 i
492 665 66 21 saken
574 665 121 21 inkommit.

242 721 81 21 Vidare
346 722 104 21 anmältes
470 722 40 21 och
526 724 107 26 emottogs
649 729 26 14 en
693 722 125 27 deputation
835 722 46 20 från
898 721 100 28 borgare-

174 749 96 27 ståndet,
291 756 45 14 som
360 757 78 20 genom
454 750 49 22 dess
520 750 127 22 ordförande
664 750 164 28 borgmästaren
844 749 97 21 Höckert
958 750 40 20 till-

174 778 109 28 kännagaf
303 780 32 18 att
354 778 97 22 bemälde
468 779 62 21 stånd
546 779 81 27 antagit
643 778 164 28 ridderskapets
823 778 39 21 och
877 778 74 21 adelns
966 778 31 20 in-

175 806 103 28 bjudning
294 806 31 20 till
342 806 128 29 deltagande
486 808 31 20 uti
533 807 140 21 merberörda
688 807 81 21 adress.

243 835 160 27 Deputationen
420 836 102 21 tackades
539 836 38 21 och
594 835 105 21 afträdde.

244 890 70 21 Sedan
339 892 164 27 uppräknandet
526 893 23 20 af
562 893 99 20 rösterna
677 892 91 27 fortgätt
784 891 30 20 till
832 891 27 20 kl.
877 891 27 26 '/,
919 892 12 19 3
947 893 51 19 utan

175 921 31 19 att
230 926 45 14 mer
300 921 26 20 än
342 920 100 28 omkring
457 921 81 21 hälften
555 921 22 20 af
593 921 124 20 vallistorna
732 920 77 20 hunnit
825 920 126 27 genomgås,
967 920 31 20 åt-

176 947 78 21 skildes
276 947 150 29 ridderskapet
442 949 38 22 och
497 949 61 21 adeln
574 949 55 21 efter
645 950 37 19 det
698 949 99 26 samtliga
813 947 122 21 vallistorna
952 948 46 20 blif-

176 976 30 20 vit
233 976 23 20 af
281 976 50 21 herr
354 977 195 22 landtmarskalken
575 978 116 27 behörigen
719 976 119 28 förseglade
862 976 29 21 uti
921 979 78 18 tvenne

176 1004 68 21 skilda
267 1005 91 27 omslag,
375 1018 26 3 —
420 1006 27 21 de
464 1006 122 28 granskade
602 1006 39 21 och
658 1007 27 20 de
701 1005 178 28 ogenomgångna
894 1005 106 20 hvardera

176 1033 32 20 för
224 1033 38 27 sig.

766 1063 21 16 In
800 1062 63 16 fidem:

679 1097 73 20 Victor
768 1097 26 20 de
810 1095 21 21 la
848 1095 104 28 Chapelle.

308 1286 158 33 Thorsdagen
485 1286 45 26 den
548 1285 14 26 8
579 1285 115 27 Februari
711 1285 34 26 kl.
763 1284 28 26 11
809 1283 16 27 f.
843 1290 32 19 m.

247 1349 57 21 Herr
319 1348 197 22 landtmarskalken
533 1348 97 21 förmälte
645 1350 32 18 att
693 1347 36 21 vid
737 1347 141 28 tryckningen
890 1345 22 21 af
921 1345 40 21 den
970 1345 30 20 till

179 1378 87 21 ständet
281 1377 101 22 utdelade
398 1377 136 27 förteckning
550 1377 59 20 öfver
625 1376 48 21 dess
690 1376 34 20 vid
740 1375 130 27 landtdagen
886 1375 114 31 närvaran-

179 1407 26 20 de
222 1406 138 21 medlemmar
375 1405 102 28 insmugit
492 1405 32 27 sig
540 1405 75 20 sädant
630 1404 37 25 fel,
683 1406 32 19 att
731 1405 58 20 ätten
806 1403 23 20 af
842 1402 90 21 Heurlin
948 1409 53 25 upp-

179 1435 65 28 tagits
260 1435 68 20 under
343 1441 34 14 n:o
395 1434 40 21 192
451 1434 6 20 i
473 1434 71 20 stället
559 1433 33 21 för
607 1439 34 14 n:o
660 1433 45 26 191,
721 1433 56 20 samt
793 1430 159 22 öfverlemnade
970 1429 31 21 till

179 1463 162 26 ridderskapets
357 1463 40 20 och
413 1462 74 21 adelns
503 1461 117 28 afgörande
636 1467 34 14 om
687 1460 112 27 valsedlar,
816 1459 31 22 uti
863 1459 74 20 hvilka
951 1465 50 14 ena-

179 1491 71 21 handa
264 1491 29 21 fel
316 1490 120 26 förefanns,
461 1490 69 20 skulle
554 1490 110 26 kasseras;
687 1488 85 22 hvilken
795 1488 62 27 fräga
873 1486 128 21 besvarades

179 1519 49 21 med
244 1519 42 28 nej.
