1142 1786
452 122 38 15 Den
505 123 20 15 16
539 121 96 16 Februari.
902 123 26 20 69

129 177 33 27 sig
184 177 125 26 detsamma,
332 178 51 20 enär
400 177 38 27 jag
461 177 80 27 tydligt
566 177 81 21 minnes
671 179 32 19 att
719 177 40 21 han
775 177 74 28 deltog
864 178 6 20 i
887 178 69 21 denna

129 205 115 21 landtdags
262 205 95 21 arbeten.
387 205 35 21 Då
440 205 61 21 detta
515 205 90 28 förslag,
621 205 68 21 ehuru
705 205 118 22 detsamma
838 207 23 20 af
875 207 81 20 ridder-

129 233 78 28 skapet
222 234 39 21 och
278 233 62 22 adeln
356 233 124 28 godkändes
496 234 40 21 och
553 233 103 21 likaledes
669 234 44 20 blef
721 234 110 27 godkändt
843 235 22 20 af
875 237 81 25 preste-

130 263 92 26 ståndet,
245 262 65 21 likväl
333 262 49 21 kom
401 264 31 19 att
453 262 35 21 vid
507 262 209 28 sammanjemkning
731 263 23 20 af
768 263 102 20 ståndens
887 264 70 21 beslut

129 291 90 26 förfalla,
243 291 89 20 emedan
356 291 100 26 borgare-
475 291 40 20 och
535 291 162 20 bondestånden
719 291 143 27 uttryckligen
878 292 77 20 förkla-

129 319 52 21 rade
204 321 32 18 att
258 319 64 21 dessa
343 318 63 22 stånd
425 319 48 21 icke
493 318 50 21 ville
559 318 63 21 hafva
639 319 32 27 sig
686 319 105 27 förelagdt
807 321 32 19 ett
854 320 80 28 förslag
949 320 7 21 i

130 348 61 20 detta
209 347 63 28 syfte,
292 347 38 21 har
346 348 38 26 jag
403 347 47 21 icke
466 349 73 19 ansett
556 347 43 27 mig
615 348 133 27 skickligtvis
764 348 73 20 kunna
853 354 38 14 ens
906 348 7 20 i
928 355 27 14 en

129 376 134 21 reservation
286 376 47 20 åter
348 376 75 26 bringa
442 376 36 20 det
494 376 70 20 under
579 375 128 21 ständernas
723 377 61 26 ögon.
816 376 29 21 Så
860 376 31 21 till
907 376 49 22 vida

130 404 38 21 har
189 405 38 27 jag
249 404 63 21 alltså
334 404 35 20 vid
392 404 60 21 detta
471 404 93 27 förslags
582 404 143 21 utarbetande
745 404 54 21 varit
814 404 85 22 bunden
916 406 40 20 och

130 433 48 20 icke
200 432 42 22 fått
265 433 52 27 följa
340 433 40 20 min
400 433 154 27 öfvertygelse.
585 432 42 28 Jag
646 432 39 21 har
704 433 90 27 nödgats
812 433 6 20 i
834 433 121 21 hufvudsak

129 461 101 21 fasthälla
241 461 26 21 de
284 461 112 27 principer,
413 468 46 14 som
474 468 28 13 nu
518 461 36 20 för
569 460 85 22 banken
670 463 36 19 äro
722 461 105 27 gällande,
842 464 32 18 att
882 462 73 21 nemli-

129 496 42 20 gen
188 490 85 20 banken
289 490 66 20 borde
370 489 100 21 förblifva
486 496 24 14 en
528 489 148 21 ständerbank
692 490 38 20 och
746 490 103 21 förvaltas
865 490 23 21 af
898 492 57 19 stän-

130 518 77 21 dernas
224 518 133 28 delegerade.
380 518 11 20 I
407 518 69 21 denna
492 518 140 27 uppfattning
647 518 38 20 har
693 519 37 27 jag
742 518 46 21 icke
799 518 82 22 kunnat
892 518 64 29 skilja

130 546 44 27 mig
196 546 47 22 från
266 547 56 20 mina
340 546 102 28 kolleger,
459 546 92 21 emedan
570 546 127 21 ständernas
716 547 70 21 beslut
804 547 35 27 låg
856 548 7 20 i
879 549 76 26 vägen.

130 575 43 20 Vid
189 576 65 20 sådan
271 575 137 28 uppfattning
424 576 38 19 har
478 575 48 21 icke
538 575 67 21 heller
615 575 70 27 någon
695 575 70 20 alltför
773 575 182 28 genomgripande

129 604 125 28 förändring
275 604 6 20 i
301 604 36 20 det
356 603 129 28 ömsesidiga
502 603 145 21 förhållandet
662 603 89 21 emellan
767 603 126 21 ständernas
907 604 48 21 full-

130 632 95 28 mäktige
250 632 40 21 och
315 632 193 20 bankdirektionen
536 632 82 20 kunnat
645 632 95 25 föreslås,
764 632 97 26 emedan,
884 632 70 21 såsom

130 660 70 28 sagdt,
224 660 36 21 det
280 660 193 27 bankfullmäktige
488 660 61 28 gifna
564 660 99 28 uppdrag
678 662 31 18 att
725 661 100 20 utarbeta
840 662 31 19 ett
887 660 68 28 regle-

130 691 72 19 mente
224 689 34 21 för
275 689 85 21 banken
377 689 48 21 icke
448 689 48 20 bort
516 688 111 28 uppfattas
650 689 69 21 såsom
736 688 171 28 bemyndigande
923 691 32 19 att

129 717 143 21 framkomma
287 718 48 20 med
350 718 81 26 förslag
446 717 30 21 till
494 724 25 14 en
537 716 44 22 helt
597 724 27 21 ny
641 717 145 27 organisation
802 717 24 21 af
839 717 70 21 denna
923 718 32 20 in-

129 746 101 28 rättning.
260 746 34 21 En
310 746 33 21 del
359 746 23 20 af
396 746 25 20 de
437 746 156 26 innovationer,
606 752 45 14 som
668 746 37 20 här
721 747 36 19 äro
771 746 131 28 föreslagna,
917 747 38 20 äro

130 774 66 21 likväl
218 775 24 20 så
265 774 122 28 betydande
406 776 31 19 att
455 774 146 28 fullmäktiges
623 774 129 28 befogenhet
767 774 31 20 till
814 774 62 21 deras
892 774 63 21 fram-

130 803 104 48 fallande
256 803 48 21 icke
327 803 61 21 torde
410 802 72 28 undgå
504 804 34 19 att
561 803 26 27 på
609 810 25 14 en
659 802 34 22 del
715 802 42 21 håll
780 802 68 22 väcka
866 802 89 22 betänk-

138 831 65 21 ighet.

145 838 14 21 :
199 860 65 21 Hvad
287 860 53 20 först
359 859 103 22 beträffar
480 859 42 21 den
543 860 23 20 af
582 859 49 21 herr
647 859 123 21 Ehrnrooth
785 859 78 28 gjorda
879 860 39 20 och
934 860 24 21 af

131 888 49 21 herr
202 895 41 14 von
262 888 120 21 Haartman
400 888 148 20 understödda
566 888 169 27 anmärkningen
755 890 31 18 att
805 888 103 27 förslaget
923 888 33 21 för

130 916 85 21 sentida
230 917 118 26 inkommit,
364 917 38 20 ber
415 916 39 27 jag
468 916 22 21 fä
505 917 79 20 nämna
600 918 31 19 att
647 915 36 22 det
699 916 47 21 icke
761 918 82 19 ansetts
859 916 97 49 EN

131 947 33 18 att
186 945 49 21 med
258 945 103 28 förslaget
383 944 31 21 till
434 945 91 20 stånden
544 945 108 20 inkomma
670 945 43 20 förr
731 946 27 19 än
774 945 103 20 remissen
893 945 23 20 af
944 952 12 14 de

131 973 78 28 nädiga
222 974 186 27 propositionerna
422 973 123 28 försiggätt.
572 973 43 20 Det
630 973 55 20 hade
701 973 83 20 säledes
801 973 20 27 ej
837 973 82 20 kunnat
929 973 27 21 ti-

131 1001 73 28 digare
226 1001 126 28 föredragas
370 1003 27 20 än
417 1001 36 20 vid
468 1001 36 21 det
521 1001 86 28 plenum
623 1001 27 21 dä
665 1002 37 20 det
717 1001 111 28 verkligen
843 1001 7 20 i
866 1001 90 22 ständen

131 1030 119 21 utdelades.
280 1030 63 21 Hade
365 1030 92 21 nämnde
480 1029 66 22 ärade
568 1030 139 21 medlemmar
727 1032 70 18 ansett
817 1030 32 27 sig
867 1029 42 22 fätt
923 1030 34 21 för

132 1058 49 21 kort
203 1059 31 20 tid
256 1061 32 18 att
306 1059 7 20 i
329 1059 39 20 och
383 1059 33 20 för
432 1058 137 21 beslutandet
585 1065 33 14 om
635 1059 75 20 remiss
726 1058 105 27 genomgä
847 1058 110 27 förslaget,

132 1087 24 20 sä
178 1087 55 21 hade
257 1087 36 21 det
313 1088 52 20 stätt
384 1087 48 20 dem
452 1087 47 20 fritt
515 1089 32 18 att
562 1087 84 20 anhälla
662 1093 33 14 om
712 1087 163 27 bordläggning.
905 1086 52 21 Vid-

132 1115 128 21 kommande
277 1115 193 27 anmärkningarne
486 1115 7 20 i
510 1115 71 28 öfrigt,
593 1116 23 20 sä
627 1115 38 21 har
676 1115 49 20 herr
737 1115 121 20 Ehrnrooth
869 1115 89 21 invändt

131 1144 179 27 hufvudsakligen
327 1146 31 19 att
370 1143 219 28 jordbrukskrediten
605 1151 77 20 genom
699 1143 40 21 den
755 1144 32 20 för
803 1143 84 21 banken
903 1143 56 21 före-

132 1172 75 28 slagna
230 1172 138 21 verksamhet
390 1173 48 20 icke
457 1172 69 20 skulle
547 1172 63 20 hafva
628 1172 69 20 blifvit
711 1172 130 27 tillbörligen
860 1171 99 27 tillgodo-

132 1200 59 21 sedd.
216 1200 83 21 Genom
315 1208 26 14 en
357 1200 124 26 deduktion,
498 1207 46 13 som
552 1201 39 27 jag
601 1200 48 21 icke
660 1200 41 21 kan
712 1200 58 28 följa,
781 1200 38 21 har
831 1199 48 21 herr
889 1199 70 21 Ehrn-

132 1230 62 20 rooth
218 1236 25 14 ur
264 1228 114 29 förslagets
400 1230 9 19 1
430 1229 12 27 $
462 1228 70 28 dragit
552 1229 40 20 den
613 1229 95 25 slutsats,
728 1231 31 19 att
775 1228 66 28 enligt
857 1228 102 29 förslaget

133 1257 85 21 banken
238 1257 68 22 skulle
325 1258 63 21 hafva
404 1257 31 21 till
451 1257 86 28 uppgift
553 1259 32 19 att
600 1258 111 27 uppsamla
728 1257 133 28 tillgängliga
877 1257 82 27 kapita-

132 1286 32 21 ler
188 1287 39 20 och
250 1286 160 21 tillhandahålla
433 1286 129 27 näringarne
581 1286 75 27 förlag.
687 1286 62 21 Huru
768 1287 50 20 herr
836 1285 123 22 Ehrnrooth

133 1315 83 20 kunnat
235 1315 87 20 härleda
342 1322 25 14 en
384 1315 65 20 sädan
466 1314 87 28 uppgift
568 1315 33 20 för
617 1315 84 20 banken
716 1321 25 14 ur
757 1314 40 21 den
814 1314 145 27 formulering,

134 1350 45 13 som
200 1344 23 20 är
241 1343 88 27 intagen
346 1344 7 20 i
369 1343 111 27 förslaget,
496 1345 23 18 är
535 1343 44 27 mig
594 1343 87 21 alldeles
698 1343 101 27 ofattligt,
815 1345 23 25 ty
854 1342 38 21 der
907 1349 53 21 upp-

133 1371 71 27 gifves
228 1372 96 21 bankens
347 1371 98 22 ändamäl
468 1379 52 13 vara
540 1373 32 19 att
594 1371 80 22 bereda
690 1371 76 28 stadga
781 1371 41 21 och
838 1371 122 21 säkerhet
948 1367 15 36 i

134 1400 84 21 landets
230 1400 202 28 penningeväsende
444 1403 55 18 samt
510 1402 32 19 att
554 1400 99 21 befordra
665 1401 38 20 och
715 1400 122 20 underlätta
845 1400 116 27 penninge-

134 1429 159 27 omsättningen
317 1429 6 20 i
345 1429 79 20 landet.
458 1429 40 20 Att
521 1428 160 21 tillhandahålla
699 1429 128 27 näringarne
847 1428 115 27 förlagslän

134 1456 42 21 kan
200 1457 68 28 aldrig
290 1457 66 21 blifva
375 1457 97 21 bankens
491 1457 105 26 ändamäl,
616 1457 87 27 sälänge
721 1457 41 21 den
778 1457 80 28 skapar
874 1458 32 26 sig
922 1456 40 21 till-

135 1485 81 27 gängar
239 1485 179 28 hufvudsakligen
441 1492 78 20 genom
543 1485 173 27 sedelutgifning.
745 1485 73 21 Hvart
841 1485 36 20 det
895 1485 68 20 skulle

136 1514 51 20 bära
202 1514 33 20 för
251 1520 26 14 en
294 1514 190 28 sedelutgifvande,
499 1513 45 21 ifall
560 1513 40 21 den
611 1513 94 28 begynte
717 1515 31 19 att
758 1520 78 20 genom
847 1512 116 28 förlagslän
