1142 1786
218 110 27 20 60
508 111 39 16 Den
561 112 20 15 16
594 111 95 16 Februari.

190 168 75 26 gatan,
288 173 45 14 som
350 166 80 21 tillhört
450 166 78 21 aflidne
548 167 184 21 kommerserådet
752 167 73 20 Gadds
840 167 174 21 konkursmassa.

190 194 66 21 Detta
274 195 65 28 tycke
358 195 40 20 kan
419 195 35 27 jag
473 195 33 20 för
521 196 42 19 min
580 195 34 21 del
629 195 48 21 icke
694 195 55 21 dela.
780 195 43 21 För
839 195 42 21 min
897 195 33 20 del
946 195 68 20 finner

188 224 38 48 jag
244 225 32 19 att
296 223 59 22 detta
375 224 39 20 hus
434 223 48 21 icke
502 224 54 20 varit
571 224 98 27 lämpligt
685 224 39 21 och
741 226 32 18 att
789 224 48 21 dess
853 223 116 22 inredande
982 223 32 21 till

205 251 82 21 ankhus
303 252 47 21 icke
367 252 66 20 heller
447 252 69 21 skulle
531 252 44 21 fört
591 253 30 19 till
637 252 83 21 mindre
737 252 124 27 kostnader,
877 253 25 20 än
919 252 48 21 dem
978 252 36 21 fri-

190 280 61 20 herre
267 280 81 20 Linder
362 287 36 19 nu,
414 282 51 18 utan
482 282 32 18 att
530 281 73 19 anföra
620 281 56 25 skäl,
693 287 64 14 anser
773 281 63 20 hafva
845 281 68 20 blifvit
926 280 30 20 till
968 280 47 20 allt-

188 308 34 20 för
245 310 58 19 stora
326 308 78 28 belopp
426 308 122 28 föreslagna
566 308 32 20 för
617 308 36 21 det
671 308 150 28 ifrägakomna
839 308 126 21 bankhuset.
987 320 26 4 —

191 336 102 21 Gaddska
311 336 63 22 huset
393 338 23 19 är
434 336 72 21 inredt
524 337 31 20 till
574 336 131 28 boningshus
725 338 41 20 och
781 338 33 20 för
829 339 32 19 att
877 337 71 20 kunna
963 337 50 20 läm-

190 371 38 21 pas
251 365 31 20 till
302 366 32 20 ett
354 365 109 27 tidsenligt
483 365 97 21 bankhus
599 365 56 21 hade
674 366 141 27 inredningen
835 366 44 20 helt
894 365 39 21 och
949 365 65 21 hållet

190 394 48 20 bort
252 394 64 27 göras
332 400 41 14 om.
390 406 26 2 —
433 394 71 20 Anser
516 394 90 20 friherre
622 394 81 20 Linder
713 394 123 27 verkeligen
848 396 31 18 att
891 394 25 20 de
928 394 86 20 kostna-

190 422 44 26 der,
250 428 46 14 som
312 422 68 20 skulle
396 422 70 27 ätgätt
482 422 32 20 för
529 422 150 21 nedrifvandet
695 422 23 21 af
729 429 27 14 en
768 424 45 19 stor
824 422 34 21 del
869 422 23 20 af
900 422 63 20 huset
974 422 39 21 och

190 450 33 20 för
238 450 48 20 dess
302 450 118 21 inredande
436 451 34 26 sä,
487 452 32 19 att
530 449 36 22 det
577 450 68 21 skulle
657 450 80 28 lämpat
749 451 32 27 sig
789 451 33 20 för
833 451 95 20 bankens
940 457 74 20 opera-

191 478 74 26 tioner,
277 478 73 21 hvilka
361 479 6 20 i
378 479 90 21 främsta
479 481 92 19 rummet
582 479 72 21 fordra
665 479 73 27 säkra,
750 479 107 21 brandfria
868 479 59 21 hvalf
937 479 39 21 och
987 486 26 14 en

191 509 50 25 stor,
257 514 25 14 en
299 506 87 28 mycket
402 509 44 19 stor
463 508 40 25 sal,
520 507 68 21 skulle
603 507 65 21 hafva
684 508 70 20 blifvit
769 514 26 14 en
812 508 53 20 affär
878 507 33 21 för
922 507 91 21 banken.

257 535 100 21 Friherre
373 536 105 20 Linder:
494 537 39 26 Jag
549 536 66 20 mäste
632 536 91 21 vidhälla
739 536 56 21 hvad
809 536 38 28 jag
862 538 57 25 sagt,
935 538 31 19 att
977 536 36 20 det

190 564 47 21 icke
254 564 70 21 blefve
339 564 33 21 för
387 564 113 21 kostsamt.

257 592 65 28 Uppä
343 593 47 20 herr
408 593 208 21 landtmarskalkens
635 593 157 27 framställning
808 593 69 21 beslöt
893 593 119 21 ridderska-

189 622 36 26 pet
241 621 40 21 och
296 621 62 20 adeln
375 623 32 19 att
423 622 111 20 remittera
550 621 204 27 bankfullmäktiges
771 622 118 26 skrifvelse,
896 622 67 26 jemte
977 621 36 21 det

189 649 67 21 under
271 649 149 21 diskussionen
438 650 61 20 förda
515 650 140 26 protokollet,
673 650 31 20 till
722 650 171 21 bankutskottet.

257 706 122 28 Föredrogs
398 713 25 14 en
440 706 47 21 frän
504 708 85 20 senaste
605 706 160 22 sammanträde
782 706 103 28 bordlagd
900 706 112 21 skrifvelse

189 734 45 21 från
256 734 126 21 ständernas
401 735 192 27 bankfullmäktige
609 736 23 20 af
646 735 41 21 den
703 736 25 20 31
747 735 96 21 sistlidne
860 735 89 21 Januari
964 735 48 21 med

188 763 79 27 förslag
283 763 31 20 till
330 764 132 26 reglemente
478 764 33 20 för
526 764 102 20 Finlands
645 764 62 20 bank.

256 791 58 21 Herr
328 791 157 25 Ehrnrooth,
498 792 64 27 Carl,
574 792 67 20 erhöll
651 793 26 26 pä
688 792 94 28 begäran
794 792 61 20 ordet
866 792 39 20 och
916 791 96 28 yttrade:

188 820 35 20 Dä
242 820 36 20 det
297 820 108 20 sannolikt
424 820 32 21 för
478 820 191 28 bankfullmäktige
689 821 57 20 varit
763 820 96 28 omöjligt
875 822 30 18 att
922 820 90 27 tidigare

188 850 27 18 än
234 855 44 14 som
296 848 58 21 skett
373 849 44 20 läta
440 849 129 21 distribuera
585 850 112 26 förslaget,
713 849 40 21 har
768 849 36 20 det
819 848 94 21 inträffat
930 851 31 18 att
977 855 35 14 en-

189 876 47 21 dast
252 884 26 13 en
295 878 86 26 mycket
398 877 48 20 kort
462 877 31 20 tid
509 878 52 20 stätt
577 879 43 26 mig
636 878 31 19 till
684 878 54 19 buds
754 878 33 19 för
802 877 25 20 de
839 877 173 27 anmärkningar,

189 911 45 14 som
247 905 38 27 jag
301 912 28 13 nu
345 905 33 21 får
393 907 61 25 göra,
472 908 22 25 ty
512 905 35 21 det
560 900 90 37 utskott,
659 906 34 25 till
705 905 82 21 hvilket
799 905 59 20 detta
869 904 78 21 ärende
958 905 54 20 skall

188 933 130 27 remitteras,
329 935 24 19 är
368 933 65 21 redan
450 936 149 24 sammansatt,
616 935 76 20 väntar
708 935 27 26 pä
751 935 82 25 arbete,
849 933 39 21 och
908 933 103 21 remissen

189 962 38 19 bör
245 962 47 20 icke
312 962 134 27 uppehällas.
467 975 27 2 —
509 962 75 21 Ehuru
600 963 31 20 till
648 963 70 20 denna
734 962 159 27 omständighet
909 962 103 25 kommer,

188 991 32 19 att
237 990 37 27 jag
292 991 116 26 ingalunda
427 991 78 20 tilltror
524 991 42 27 mig
583 991 40 20 den
640 991 161 20 sakkännedom
817 992 38 19 och
872 990 87 21 framför
975 990 38 21 allt

188 1019 41 20 den
245 1019 27 26 pä
288 1019 122 20 erfarenhet
427 1026 71 13 vunna
513 1019 64 27 insigt
593 1019 6 20 i
615 1019 64 21 dessa
691 1019 157 25 förhällanden,
862 1019 70 20 hvilka
943 1019 69 20 skulle

188 1048 52 25 göra
258 1047 36 20 det
314 1047 84 27 möjligt
418 1047 32 20 för
473 1048 49 27 mig,
538 1050 31 18 att
585 1048 68 21 under
669 1048 53 20 blott
740 1054 25 13 en
782 1047 41 28 dag
839 1049 56 18 sätta
911 1047 42 27 mig
969 1047 20 20 in
1006 1047 6 20 i

188 1075 59 20 detta
267 1078 176 25 samvetsgranna
464 1076 39 21 och
524 1076 47 21 med
591 1077 90 27 mycken
701 1076 63 20 möda
782 1076 23 20 af
821 1075 191 27 bankfullmäktige

187 1103 127 21 utarbetade
337 1104 87 27 förslag,
449 1105 37 20 har
506 1105 37 27 jag
564 1105 59 24 dock,
645 1104 91 21 emedan
755 1105 39 26 jag
813 1104 7 20 i
840 1104 65 27 nägra
921 1104 90 26 princip-

187 1131 73 28 frägor
280 1133 44 20 stär
346 1133 27 26 pä
394 1133 88 20 alldeles
502 1140 68 13 annan
593 1133 69 27 grund
682 1135 25 18 än
725 1132 199 27 bankfullmäktige,
941 1134 71 19 ansett

188 1160 43 27 mig
247 1161 52 20 böra
315 1161 66 20 redan
393 1168 34 19 nu,
439 1161 46 20 före
497 1162 102 20 remissen
611 1161 31 20 till
652 1161 119 26 utskottet,
783 1161 156 20 vördsammast
949 1160 63 21 fram-

189 1189 62 26 lägga
266 1189 43 20 min
326 1190 62 26 äsigt.
406 1202 22 2 —
448 1191 76 19 Första
540 1190 90 26 kapitlet
641 1190 6 20 i
659 1190 104 26 förslaget
774 1189 31 21 till
816 1189 139 27 reglemente,
967 1195 45 13 som

187 1216 39 21 har
249 1217 30 20 till
304 1218 74 20 rubrik
403 1218 111 25 ,,bankens
538 1218 97 21 ändamål
658 1218 39 21 och
718 1218 159 25 verksamhet,
894 1216 118 28 angifver
999 1212 15 36 i

188 1245 67 21 första
270 1246 11 26 $
296 1248 32 19 att
340 1246 102 21 Finlands
454 1246 56 21 bank
523 1247 53 20 skall
588 1247 63 20 hafva
663 1247 30 20 till
705 1247 86 27 uppgift
802 1248 31 19 att
845 1245 80 21 bereda
937 1245 76 27 stadga

188 1273 38 21 och
242 1274 102 21 säkerhet
360 1275 5 20 i
382 1275 84 20 landets
482 1275 209 27 penningeväsende,
707 1278 56 17 samt
775 1274 99 21 befordra
885 1274 38 20 och
936 1274 76 20 under-

187 1303 52 20 lätta
254 1303 268 27 penningeomsättningen
538 1304 7 19 i
556 1303 77 20 landet.
646 1316 25 2 —
683 1303 11 20 I
706 1303 81 26 denna,
799 1303 5 20 i
817 1302 114 21 allmänhet
943 1302 70 20 hållna

186 1331 110 20 definition
313 1333 69 19 mäste
398 1332 136 26 naturligtvis
550 1332 132 27 inbegripas,
699 1334 32 18 att
746 1331 92 26 banken,
851 1326 59 37 jemte
925 1331 35 20 det
971 1330 40 21 den

186 1359 124 27 uppsamlar
326 1360 42 21 alla
384 1360 6 20 i
407 1360 72 21 landet
495 1360 120 27 befintliga,
629 1361 33 20 för
678 1360 158 21 cirkulationen
847 1359 48 20 icke
907 1359 106 26 behöfliga

187 1388 89 25 valutor,
297 1387 54 21 skall
372 1389 97 20 använda
486 1389 46 20 sina
548 1389 113 26 tillgångar
677 1389 33 20 för
725 1391 34 18 att
773 1388 96 27 förlägga
885 1387 128 27 näringarne

186 1416 6 19 i
208 1416 83 26 landet,
307 1417 98 27 förlägga
421 1417 48 20 icke
485 1417 6 20 i
508 1417 39 20 den
566 1417 91 27 mening,
673 1419 32 18 att
716 1417 85 20 banken
814 1416 67 20 skulle
893 1415 120 20 försträcka

186 1445 256 27 anläggningskapitalet,
459 1453 47 12 men
523 1445 6 20 i
547 1446 46 19 män
605 1445 24 20 af
638 1445 143 27 tillsängarne
800 1444 159 21 tillhandahålla
978 1445 35 18 nä-

186 1473 99 26 ringarne
304 1473 63 20 deras
384 1473 140 27 erforderliga
540 1474 169 26 rörelsekapital.
727 1486 23 2 —
770 1473 75 20 Ibland
863 1473 128 26 näringarne
1008 1472 5 19 i

185 1500 73 21 landet
273 1501 69 21 finnes
358 1508 36 18 en,
411 1508 45 14 som
474 1502 38 20 har
528 1502 114 20 behedrats
659 1501 48 21 med
723 1503 89 19 namnet
828 1500 184 28 modernäringen,
