1134 1803
435 121 39 15 Den
488 121 20 15 24
521 120 42 20 Maj.
840 119 37 21 351

89 178 32 20 sin
137 177 134 21 reservation
294 176 116 28 föreslagit,
427 177 34 20 mä
477 184 51 14 vara
543 177 23 20 af
584 176 102 21 behofvet
702 177 116 27 päkalladt.
849 176 60 21 Erfa-

90 206 102 21 renheten
210 206 45 20 frän
272 205 25 21 de
313 205 41 21 fem
371 206 29 26 är,
424 205 68 20 under
507 205 72 21 hvilka
602 205 307 28 bankfullmäktigsinstitutio-

91 241 41 14 nen
156 234 55 21 varit
234 234 104 27 gällande,
358 234 37 20 har
411 233 62 27 visat,
490 235 38 23 att,
545 235 32 19 ett
593 233 76 21 sädant
685 233 117 28 stadgande
818 234 91 26 förutan,

91 263 65 21 saken
180 262 63 21 reder
265 263 32 26 sig
317 262 81 27 ganska
421 262 48 26 bra;
491 262 37 27 jag
551 262 69 20 skulle
644 264 40 24 tro,
699 264 32 18 att
747 262 36 21 det
799 262 67 21 skulle
882 263 27 27 gä

90 291 115 21 framdeles
229 290 70 26 ocksä,
323 290 39 22 och
386 297 45 13 som
453 290 38 28 jag
507 292 51 25 tror,
575 292 32 19 att
623 290 70 21 denna
709 290 126 28 författning
850 292 23 19 är
889 291 23 20 af

91 319 139 21 medständen
255 318 96 28 pröfvad,
373 319 61 20 torde
450 325 26 14 en
493 319 64 20 sädan
577 318 125 28 förändring
718 319 82 28 knappt
815 320 95 20 medföra

92 349 69 26 någon
185 347 88 28 påföljd,
296 347 99 20 hvarföre
415 347 38 27 jag
476 346 69 21 skulle
565 347 98 28 afstyrka
678 348 132 26 antagandet
826 348 22 20 af
862 348 48 21 herr

91 376 137 27 Lagerborgs
244 375 85 28 förslag.

160 404 58 21 Herr
234 403 160 28 Lagerborg,
410 404 27 20 A.
453 403 44 21 W.:
520 403 75 28 Enligt
610 403 56 22 hvad
680 404 38 27 jag
734 406 42 25 vet,
792 405 24 20 sä
832 405 22 20 är
870 404 39 21 den

92 433 47 21 icke
156 432 84 28 afgjord
256 432 23 21 af
293 432 39 21 alla
348 432 147 21 medständen.

162 461 58 21 Herr
242 460 193 21 landtmarskalken
458 460 30 21 lät
510 461 6 20 i
539 460 102 21 afseende
657 461 12 20 &
684 461 60 20 detta
768 461 48 20 herr
832 461 79 27 Lager-

93 490 64 27 borgs
174 489 81 28 förslag
270 489 90 27 uppläsa
375 489 94 28 följande
484 489 145 27 proposition:

162 535 10 8 ,»
176 518 42 25 Vill
242 517 149 27 ridderskapet
407 517 38 21 och
462 517 61 21 adeln
539 520 79 24 antaga
637 518 37 20 det
688 518 6 20 i
710 517 50 21 herr
775 518 136 27 Lagerborgs

93 547 131 20 reservation
241 546 130 21 framställda
387 546 102 27 förslaget
500 546 112 27 angående
623 547 79 20 arvode
713 546 33 21 för
758 546 153 21 bankfullmäk-

93 574 210 28 tigssuppleanter?''

162 620 12 9 ,»
176 603 82 26 Vinner
273 603 42 27 nej,
329 602 94 21 förfaller
439 602 123 28 förslaget."

164 632 42 20 Vid
230 632 61 20 öfver
314 631 159 27 propositionen
497 631 91 21 anställd
612 631 98 27 votering
725 631 75 21 utföllo
816 633 97 19 rösterna

94 661 48 21 med
161 661 30 21 16
212 660 24 28 ja
250 660 39 21 och
307 660 26 20 10
347 660 42 27 nej,
413 660 137 26 hvarigenom
574 660 49 21 herr
639 660 136 28 Lagerborgs
797 660 80 28 förslag
893 660 22 20 af

94 688 86 22 ståndet
196 688 46 21 blef
254 688 120 21 omfattadt.

163 717 48 21 Den
234 717 31 20 till
288 723 27 14 nu
334 716 147 27 föreliggande
503 717 81 27 förslag
600 717 31 20 till
646 717 200 27 bankreglementet
861 716 51 21 bifo-

94 746 55 27 gade
171 747 70 19 staten
266 745 69 21 beslöt
357 745 86 21 ståndet
465 747 33 18 att
520 745 71 21 lemna
607 745 106 21 beroende
729 745 53 21 intill
798 745 48 20 dess
863 745 12 26 $
890 745 23 26 4,

95 773 76 21 hvaraf
192 776 69 18 staten
278 780 51 14 vore
345 773 5 20 i
367 773 42 28 hög
423 773 53 28 grad
495 774 115 26 beroende,
625 773 23 21 af
662 773 86 21 ståndet
763 773 69 21 blifvit
848 773 65 20 slutli-

94 809 41 21 gen
152 801 113 28 handlagd.

162 831 111 27 Derjemte
297 830 69 21 beslöt
389 830 86 21 ståndet
490 832 38 24 att,
544 831 6 20 i
566 830 68 21 likhet
650 830 48 21 med
714 830 54 21 hvad
785 830 107 21 utskottet
908 831 6 19 i

96 859 36 20 sitt
144 859 136 20 betänkande
291 859 116 27 föreslagit,
418 861 47 18 utse
476 865 26 14 en
513 859 180 27 bankfullmäktig
704 859 39 20 och
759 861 32 18 tre
802 859 113 27 supplean-

96 889 32 19 ter
143 887 33 20 för
192 887 78 21 honom
286 889 55 18 samt
356 893 25 14 en
398 887 82 20 revisor
495 887 39 21 och
550 889 34 19 tre
599 887 239 28 revisorssuppleanter.

162 915 138 21 Beträffande
315 917 66 19 sättet
397 915 32 21 för
445 915 68 21 valets
529 915 159 22 verkställande
704 915 86 28 yttrade

164 944 100 21 Friherre
287 951 46 14 von
357 943 86 22 Troil:
465 943 74 28 Enligt
562 944 56 21 hvad
638 944 38 27 jag
692 944 35 21 vill
743 944 101 28 påminna
865 943 50 28 mig,

96 973 55 27 egde
167 973 34 20 vid
218 974 85 19 senaste
327 972 110 28 landtdag,
461 972 6 20 i
483 972 102 21 afseende
601 973 13 20 å
629 972 34 21 val
679 972 23 21 af
716 972 95 21 bankens
828 973 88 26 tjenste-

98 1003 54 24 män,
167 1001 78 20 sådant
260 1001 132 20 förhållande
407 1007 54 20 rum,
477 1003 32 18 att
525 1001 97 21 ståndets
638 1001 84 20 valmän
733 1001 57 27 fingo
800 1001 8 20 i
818 1000 99 28 uppdrag

96 1032 32 18 att
144 1031 55 19 sätta
215 1031 33 18 tre
264 1030 26 26 på
301 1029 79 27 förslag
391 1029 39 21 och
441 1029 89 21 emellan
544 1029 47 21 dem
604 1029 96 21 röstades
711 1030 24 20 så
746 1029 68 28 länge,
826 1029 30 21 till
867 1029 50 21 dess

97 1059 68 26 någon
182 1057 23 21 af
218 1058 48 20 dem
282 1057 41 21 fick
339 1057 84 21 absolut
439 1058 115 27 pluralitet.

164 1085 100 21 Friherre
281 1092 47 14 von
345 1085 78 21 Born:
447 1085 42 28 Jag
504 1085 39 21 ber
558 1085 76 21 endast
650 1087 32 19 att
697 1086 21 20 få
734 1087 84 25 nämna,
834 1087 32 18 att
879 1085 38 27 jag

97 1117 51 24 tror,
164 1116 32 19 att
212 1114 19 20 vi
247 1114 47 21 icke
318 1121 28 13 nu
369 1121 58 13 mera
450 1114 126 27 obetingadt
598 1114 21 21 få
642 1113 50 28 följa
712 1113 155 21 traditionerna
882 1113 35 21 vid

97 1143 129 27 föregående
242 1142 133 27 landtdagar,
391 1142 89 21 emedan
497 1142 233 27 riddarhusordningen
747 1142 122 21 sedermera
885 1144 32 18 ut-

97 1171 88 25 färdats,
202 1171 63 20 hvars
288 1171 134 20 föreskrifter
446 1171 132 20 beträffande
594 1171 58 20 valet
668 1171 82 20 således
766 1177 28 14 nu
810 1171 51 20 böra
877 1170 41 21 till-

96 1200 88 27 lämpas.
215 1199 45 21 Der
276 1199 43 21 står
334 1199 53 26 icke,
404 1201 31 19 att
451 1199 135 21 elektorerne
603 1199 61 21 skola
678 1200 102 27 upprätta
795 1199 80 27 förslag
886 1198 32 21 till

97 1228 133 27 fullmäktige
246 1228 39 20 och
301 1227 144 28 suppleanter,
461 1227 39 21 och
519 1228 20 20 vi
555 1227 52 21 böra
623 1229 57 19 rätta
696 1234 34 14 oss
746 1227 100 21 härefter.

163 1256 101 21 Friherre
280 1263 46 14 von
343 1255 82 21 Troil:
441 1255 42 28 Jag
499 1257 24 19 är
539 1256 65 21 också
620 1255 130 28 fullkomligt
770 1263 51 14 ense
837 1256 81 25 derom,

98 1287 31 18 att
145 1285 19 20 vi
182 1285 62 20 skola
260 1285 5 20 i
282 1285 41 20 allo
339 1285 58 20 rätta
411 1291 36 14 oss
463 1284 54 21 efter
533 1284 234 27 landtdagsordningen
783 1285 39 20 och
838 1283 80 21 riddar-

99 1313 166 27 husordningen,
287 1320 49 14 men
360 1313 49 20 ville
432 1312 76 21 endast
524 1314 114 19 omnämna
654 1313 60 25 huru,
730 1313 66 27 enligt
812 1312 55 21 hvad
881 1312 38 27 jag

99 1342 111 26 påminner
225 1341 50 27 mig,
298 1341 81 28 tillgick
397 1341 33 20 vid
447 1343 84 18 senaste
548 1341 108 27 landtdag.
689 1341 85 26 Likväl,
790 1341 40 20 och
845 1341 6 20 i
867 1340 51 21 hän-

100 1370 60 21 delse
175 1369 133 22 omedelbart
324 1370 34 20 val
373 1369 54 20 skall
442 1376 40 21 ega
498 1376 55 18 rum,
570 1369 68 21 skulle
653 1369 38 27 jag
707 1369 30 20 till
755 1369 113 27 höglofliga
879 1368 40 21 rid-

98 1398 116 27 derskapet
237 1398 39 20 och
299 1398 61 21 adeln
384 1397 119 27 hemställa,
527 1404 34 14 om
585 1397 27 21 då
626 1398 55 26 icke,
698 1397 99 21 eftersom
814 1404 48 13 man
878 1397 42 20 kan

98 1429 78 24 antaga
200 1429 32 18 att
256 1429 97 18 rösterna
377 1426 105 20 måhända
505 1427 86 19 komme
616 1428 32 18 att
664 1426 103 26 splittras,
781 1425 40 21 den
838 1425 83 27 princip

98 1454 68 21 skulle
182 1455 114 25 etableras,
313 1457 31 18 att
359 1455 63 26 ingen
439 1454 69 20 skulle
523 1454 106 20 förklaras
646 1454 48 20 vald
710 1454 31 20 till
758 1453 162 27 ifrågavarande

99 1482 152 28 befattningar,
269 1490 33 14 om
319 1484 40 19 han
377 1483 46 20 icke
440 1482 37 20 har
494 1482 86 20 absolut
604 1482 162 28 röstpluralitet,
783 1482 39 20 och
838 1483 31 19 att
885 1481 36 21 det
