1134 1803
458 130 39 14 Den
512 130 18 15 21
545 129 43 21 Maj.
869 128 40 20 267

112 186 53 19 hvar
182 185 36 20 och
237 192 25 12 en
280 185 37 20 har
334 185 43 20 haft
394 184 81 20 tillfälle
491 186 31 19 att
535 187 49 19 taza
596 184 119 21 kännedom
729 191 33 13 om
775 184 162 28 slutmeningen,

114 215 36 19 der
167 214 107 20 utskottet
290 213 89 20 föreslår
395 220 25 13 en
437 213 66 20 sådan
521 213 82 27 åtgärd,
619 213 48 20 icke
683 214 23 19 så
718 212 118 20 vidsträckt
847 220 44 13 som
900 213 38 27 jag

114 243 53 27 tagit
190 242 43 26 mig
252 242 90 20 friheten
362 242 85 25 föreslå,
469 248 48 14 men
535 242 4 20 i
556 242 41 20 alla
613 242 35 20 fall
666 248 26 14 en
708 241 59 27 dylik
784 242 81 26 åtgärd.
896 241 41 27 Jag

114 278 62 14 anser
198 270 48 20 ieke
270 270 65 27 något
355 270 74 20 hinder
448 270 115 20 förefinnas
585 270 31 20 för
633 270 161 26 ridderskapets
812 270 38 20 och
865 270 73 20 adelns

114 298 134 22 närvarande
273 298 137 21 medlemmar
431 301 32 17 att
486 298 52 28 ingå
560 299 5 19 i
587 298 120 21 diskussion
728 298 23 20 af
768 298 39 20 den
828 298 59 27 fråga
901 298 37 27 jag

115 328 116 28 uppkastat
247 328 39 19 och
303 327 53 21 fatta
373 327 69 20 beslut
458 327 81 20 derom.

185 356 56 19 Herr
257 355 190 27 Montgomery:
465 355 44 20 Det
525 357 90 18 smärtar
632 355 50 26 mig,
699 357 31 18 att
743 356 39 26 jag
798 355 46 20 icke
855 355 40 20 kan
910 355 29 20 bi-

116 385 60 20 träda
198 384 48 20 herr
267 383 74 21 Taube
361 385 5 19 i
384 383 51 21 hans
452 391 27 12 nu
496 383 134 21 framställda
646 383 86 27 förslag,
750 390 46 13 men
814 383 54 21 efter
884 383 55 20 hvad

116 415 37 19 här
178 413 112 26 försiggått
314 413 56 20 såväl
393 412 46 21 med
457 412 116 27 anledning
589 412 22 20 af
626 411 242 21 kommunalutskottets
884 413 55 19 före-

116 441 82 28 gående
223 441 154 27 framställning
401 448 44 13 som
466 441 64 20 äfven
550 441 55 20 efter
626 440 54 20 hvad
696 447 46 13 som
759 442 78 25 yttrats
854 441 34 20 vid
905 441 34 19 be-

117 470 127 26 handlingen
270 470 21 19 af
313 470 10 20 7
345 470 17 26 8,
384 469 40 21 kan
443 470 38 26 jag
503 469 46 21 icke
566 469 82 26 hoppas
665 470 31 19 att
714 469 62 20 vinna
793 469 67 26 någon
877 469 62 20 fram-

116 500 56 26 gång
193 498 33 20 för
242 500 32 18 ett
288 498 80 26 förslag
387 499 5 19 i
409 498 60 20 detta
485 499 64 26 syfte,
565 497 39 20 och
619 497 38 27 jag
674 497 84 20 befarar
774 497 117 26 dessutom,
908 499 31 18 att

117 527 35 21 det
170 533 88 14 numera
275 527 66 20 skulle
357 527 21 20 få
394 527 52 19 sken
463 526 23 20 af
501 529 32 17 att
549 526 56 20 lofva
622 525 64 21 rundt
700 525 38 21 och
751 526 54 20 hålla
817 528 68 23 tunnt,
897 527 42 18 sär-

117 556 59 20 deles
192 562 45 13 som
255 562 46 13 man
318 555 47 20 icke
383 555 32 20 vid
433 555 69 19 denna
519 554 103 26 landtdag
638 554 38 20 har
692 556 71 18 ansott
779 554 32 26 sig
827 561 50 13 vara
889 554 52 20 bun-

118 584 40 20 den
183 584 23 20 af
224 583 62 20 löftet
306 583 33 21 vid
363 584 53 20 1863
433 584 34 20 års
484 583 110 27 landtdag.
626 583 39 19 Att
681 589 28 13 nu
726 583 79 26 begära
822 589 25 14 en
865 588 76 21 propo-

118 612 62 21 sition
198 612 4 20 i
220 613 71 19 ämnet
307 612 30 20 till
355 614 61 18 nästa
431 611 110 27 landtdag,
556 611 27 20 då
595 618 46 13 man
655 611 47 20 icke
714 610 107 21 bestämdt
834 610 55 21 velat
900 611 41 19 för-

119 642 59 20 klara
200 640 33 27 sig
257 640 57 27 villig
336 642 31 18 att
383 640 55 20 afstä
453 640 150 26 ifrägakomna
619 639 141 27 privilegium,
777 646 64 20 synes
857 639 84 21 derföre

118 670 21 20 få
155 668 104 22 utseende
279 669 22 19 af
321 671 32 18 att
369 676 47 12 man
433 668 70 20 skulle
521 668 49 27 vilja
586 668 46 20 från
649 668 65 20 andra
732 668 40 20 häll
788 667 111 21 framkalla
915 674 26 13 en

119 698 123 27 uppoffring
265 698 22 19 af
308 697 130 27 privilegier,
462 704 46 13 som
529 704 47 13 man
596 696 46 20 icke
660 696 32 20 för
708 703 53 19 egen
780 696 89 27 räkning
885 696 58 20 velat

120 726 123 21 vidkännas.
277 725 41 20 Det
333 727 92 18 smärtar
441 725 43 27 mig
501 726 24 19 så
541 725 86 26 mycket
643 731 45 14 mer
704 726 32 18 att
748 725 80 26 nödgas
840 725 102 19 motsätta

120 755 42 26 mig
179 755 48 19 herr
243 753 86 21 Taubes
345 753 87 27 förslag,
449 761 46 12 som
511 754 37 27 jag
563 753 5 20 i
581 753 36 20 det
628 753 130 26 föregående
770 755 44 18 tror
826 753 41 26 mig
880 753 63 19 hafva

120 784 60 23 visat,
197 785 33 18 att
243 782 38 27 jag
296 782 33 20 för
345 789 53 20 egen
415 782 32 20 del
465 781 117 28 ingalunda
598 783 23 18 är
638 788 25 13 en
681 783 39 18 vän
738 781 22 20 af
770 781 121 27 privilogior
903 780 38 21 och

119 812 33 20 för
168 811 64 27 öfrigt
250 811 131 20 beträffande
397 811 60 20 detta
474 811 79 20 vackra
571 809 122 27 lagförslag,
706 809 30 20 till
748 810 62 20 hvars
823 809 120 27 antagande

120 839 150 27 ridderskapet
293 839 37 20 och
354 839 61 20 adeln
429 846 27 13 nu
474 839 87 20 beslutit
578 839 38 26 sig,
638 838 88 25 befarar,
744 840 30 18 att
790 838 36 19 det
843 838 98 26 möjligen

120 868 47 21 med
191 867 115 27 anledning
329 868 22 19 af
374 867 161 27 ridderskapets
560 867 38 20 och
623 867 73 20 adelns
717 867 69 20 beslut
811 866 132 21 beträffande

121 896 186 28 privilogiefrågan
326 896 40 20 kan
383 897 56 19 stöta
456 897 27 25 på
500 895 140 28 svårigheter.

190 925 56 20 Horr
258 924 161 26 Ehrnrooth,
431 924 72 21 Carl:
516 924 60 20 Efter
589 924 55 20 hvad
656 923 48 20 herr
718 923 148 27 Montgomery
876 925 68 25 yttrat

122 954 33 20 vill
176 954 38 27 jag
238 953 47 20 icke
300 953 97 26 förlänga
413 952 163 27 diskussionen;
594 953 53 20 blott
663 959 24 13 en
705 952 142 27 anmärkning
863 958 32 13 om
913 953 31 18 att

121 981 117 28 afsägande
254 981 22 20 af
291 981 121 26 privilegier
428 987 80 21 genom
526 981 88 26 petition
631 982 23 19 är
670 987 26 14 en
713 980 60 26 form,
791 987 44 13 som
853 982 22 18 är
888 987 56 19 myc-

123 1012 35 19 kot
180 1010 143 27 besynnerlig.
355 1010 80 20 Finner
458 1009 30 20 II.
513 1009 26 20 K.
565 1009 59 27 Maj:t
648 1009 23 20 af
685 1009 161 25 statsändamäl,
867 1010 32 18 att
915 1009 31 19 ett

122 1039 50 20 eller
197 1041 65 18 annat
284 1038 61 20 stånd
363 1039 37 19 bör
415 1038 78 26 frångå
509 1038 46 20 sina
577 1037 128 27 privilegier,
722 1037 38 20 och
776 1037 73 20 derom
867 1037 79 19 väcker

122 1068 66 26 fråga,
206 1067 23 19 så
245 1068 23 18 är
284 1066 35 20 det
335 1066 44 20 helt
395 1069 72 22 annat,
487 1073 47 13 men
552 1069 31 16 att
600 1066 87 19 stånden
701 1065 75 27 sjelfva
788 1065 67 20 väcka
866 1064 80 20 sådana

122 1096 78 26 frågor,
216 1094 75 28 tycker
305 1095 38 26 jag
359 1094 46 21 icke
423 1101 50 13 vara
492 1096 48 18 rätt.
556 1107 23 2 —
591 1094 41 20 För
644 1094 64 27 öfrigt
720 1100 62 13 anser
791 1093 37 27 jag
840 1093 43 26 mig
895 1093 52 19 böra

122 1123 112 28 uppfriska
258 1123 48 20 herr
329 1122 136 27 Lagerborgs
491 1123 70 20 minne
585 1129 33 13 om
636 1122 53 20 huru
707 1121 33 21 vid
758 1122 53 20 1867
828 1122 33 19 års
879 1120 68 21 landt-

122 1153 42 26 dag
180 1151 81 27 tillgick
276 1151 6 20 i
298 1151 73 27 frågan
389 1158 33 13 om
438 1151 72 20 forum
527 1151 165 27 privilegiatum.
719 1150 74 20 Denna
806 1149 85 26 mycket
903 1149 43 26 vig-

123 1181 44 26 tiga
190 1181 39 19 och
247 1179 87 20 omtalta
351 1180 59 26 fråga
425 1179 51 27 gick
494 1180 84 27 igenom
594 1179 55 20 först
664 1179 66 20 andra
746 1179 82 27 gången
846 1177 55 21 efter
916 1177 30 20 in-

124 1209 113 27 bjudning;
261 1208 73 27 frågan
359 1215 32 12 om
415 1208 150 27 inqvartering
589 1208 43 20 blef
655 1208 96 26 afslagen
768 1207 38 20 och
823 1207 72 26 frågan
913 1213 32 13 om

123 1236 234 28 skjutsningsbesväret
381 1236 45 20 blef
447 1236 42 28 det
505 1236 71 26 också,
596 1237 23 19 sä
639 1238 31 18 att
683 1237 39 26 jag
737 1235 47 20 icke
801 1238 35 17 vot
851 1236 32 19 att
900 1241 47 13 man

124 1267 40 19 kan
181 1267 58 24 säga,
256 1267 31 18 att
304 1265 53 20 1867
373 1266 34 19 års
423 1265 105 26 landtdag
545 1264 151 27 tillmötesgick
713 1264 63 20 dessa
792 1263 139 26 önskningar.

194 1293 99 20 Friherre
303 1300 46 13 von
363 1293 78 20 Born:
453 1293 45 28 Jag
510 1293 37 20 ber
563 1295 31 18 att
604 1293 20 20 få
635 1295 84 23 nämna,
729 1295 31 17 att
772 1293 26 20 dä
810 1293 69 18 denna
889 1291 58 26 fråga

124 1323 5 20 i
153 1322 51 27 följd
227 1322 23 20 af
271 1329 25 13 en
319 1321 158 27 framställning
495 1322 46 20 från
559 1321 231 21 kommunalutskottet
808 1320 89 26 tidigare
915 1319 33 20 vid

124 1351 68 20 denna
210 1349 101 27 landtdag
327 1350 99 27 utgjorde
443 1350 91 21 föremål
549 1350 33 20 för
599 1350 160 26 ridderskapets
770 1349 39 20 och
822 1348 75 21 adelns
908 1347 41 20 dis-

124 1379 94 24 kussion,
234 1379 23 20 så
274 1378 60 20 utföll
350 1378 165 27 ridderskapets
532 1378 38 21 och
588 1378 73 20 adelns
678 1377 70 21 beslut
764 1377 122 27 afböjande,
903 1376 47 20 icke

125 1407 88 20 emedan
232 1407 148 26 ridderskapet
397 1407 39 20 och
452 1407 66 20 adeln
535 1407 68 20 skulle
620 1407 62 19 hafva
699 1406 72 27 ogillat
788 1405 76 27 sjelfva
876 1404 73 23 saken,

125 1439 50 16 utan
193 1435 89 20 emedan
299 1435 184 26 framställningen
502 1435 5 20 i
523 1435 85 20 formelt
624 1435 100 19 afseende
741 1435 47 19 icke
805 1434 77 24 ansågs
900 1439 50 13 vara

126 1463 91 27 befogad
241 1464 21 19 af
284 1463 113 20 utskottet.
429 1463 43 20 För
500 1464 40 19 min
558 1463 41 25 del,
618 1463 67 20 ehuru
700 1464 37 26 jag
753 1462 27 21 då
796 1462 61 20 äfven
874 1460 76 20 delade

126 1492 148 26 pluralitetens
297 1491 56 27 åsigt
375 1492 57 20 inom
457 1492 94 25 ståndet,
576 1494 31 17 att
630 1492 117 20 utskottets
772 1488 125 23 hemställan
921 1488 30 20 till

126 1519 86 21 ståndet
235 1519 65 21 borde
323 1519 92 27 afböjas,
439 1520 40 20 bar
501 1520 38 27 jag
562 1520 130 20 åtminstone
714 1518 88 22 dermed
827 1518 46 20 icke
895 1516 56 21 velat
