1134 1803
448 148 40 16 Den
502 149 19 15 21
536 147 44 21 Maj.
863 146 42 22 297

107 204 90 21 kommit
220 206 32 19 att
274 204 107 28 uttrycka,
398 204 56 21 hvad
474 204 109 21 utskottot
603 204 67 27 enligt
686 204 31 21 sin
734 204 129 28 motivering
878 204 57 21 velat

108 234 61 26 säga;
186 233 101 21 hvarföre
301 233 38 27 jag
351 240 63 14 anser
425 233 90 21 alldeles
526 233 140 27 nödvändigt,
678 234 32 20 att
720 232 55 21 bäde
787 233 11 27 &
811 233 11 21 7
834 233 38 21 och
884 233 50 20 slut-

107 264 119 18 momentet
249 261 144 26 omredigeras
417 262 6 20 i
443 262 36 20 det
499 262 24 20 af
541 262 107 20 utskottet
664 262 6 20 i
686 261 137 27 inledningen
840 261 94 27 antydda

108 290 73 27 syftet,
197 290 39 21 och
254 290 59 20 detta
329 290 41 20 kan
387 290 47 20 icke
451 290 38 20 ske
507 290 141 26 annorlunda,
664 291 26 19 än
708 291 32 19 att
755 290 37 20 det
804 290 129 28 uppräknas,

108 318 72 21 hvilka
202 318 139 21 medlemmar
365 318 22 21 af
405 318 129 21 kommunen
551 318 74 20 kunna
640 325 63 13 anses
720 319 26 26 pä
762 319 69 26 grund
847 318 22 21 af
883 318 50 21 aftal

108 346 52 21 böra
183 354 52 13 vara
258 346 95 21 befriade
375 347 54 20 ifrän
454 349 31 18 att
507 347 87 27 deltaga
614 347 6 20 i
641 346 27 21 all
685 346 87 21 stadens
788 349 72 26 tunga.
891 346 43 21 För

108 375 60 20 detta
183 375 98 20 ändamäl
297 382 63 14 anser
373 375 39 28 jag
427 375 132 27 äterremiss,
576 375 69 20 ehuru
658 375 134 27 tidsödande,
804 375 47 22 icke
862 375 72 21 kunna

108 403 113 21 undvikas.

177 431 59 22 Herr
254 431 197 22 landtmarskalken
471 431 123 22 förklarade
613 431 88 22 härmed
718 431 147 22 diskussionen
882 439 52 14 vara

108 460 94 21 afslutad
218 461 40 20 och
274 460 29 21 lät
319 461 32 20 för
368 461 85 20 ständet
469 460 91 28 uppläsa
576 460 95 27 följande
688 461 144 27 proposition:

178 505 10 9 »
192 489 43 20 Vill
258 489 150 27 ridderskapet
431 489 39 20 och
495 489 62 21 adeln
578 489 31 20 till
627 489 212 28 kontraproposition
855 491 80 24 antaga

108 517 50 20 herr
180 517 128 21 Edelskölds
331 517 87 28 förslag,
434 519 33 19 att
485 517 50 21 med
555 517 73 28 slutlig
644 517 100 28 pröfning
760 517 23 21 af
798 518 11 21 7
826 518 12 27 &
853 517 82 21 lemnas

110 545 116 27 beroende,
243 546 42 21 tills
302 546 36 21 det
353 546 23 21 af
389 546 108 21 utskottet
508 546 5 21 i
525 546 53 20 sista
593 548 119 19 momentet
727 546 118 27 tillstyrkta
856 546 79 26 förslag

109 574 31 20 till
156 574 99 21 anhållan
272 574 5 20 i
293 574 36 20 det
344 574 148 28 underdåniga
509 576 71 19 svaret
596 574 98 21 kommer
704 574 68 20 under
783 574 150 21 diskussion?"

178 602 97 25 »Vinner
295 603 42 27 nej,
361 603 96 20 kommer
480 605 33 18 att
533 603 30 20 till
580 603 212 27 kontraproposition
809 602 126 28 uppställas,

109 633 32 19 att
165 632 30 20 uti
216 631 127 28 paragrafen
364 632 79 20 införes
460 633 31 19 ett
508 632 76 26 tillägg
599 631 5 20 i
621 631 37 21 det
674 632 56 26 syfte
746 632 50 20 herr
811 631 123 21 Ehrnrooth

109 660 120 27 föreslagit,
252 660 40 20 och
315 660 88 20 ärendet
423 660 169 20 återremitteras
612 660 30 20 till
660 660 106 20 utskottet
782 660 6 20 i
804 660 103 21 afseende
923 660 12 20 å

110 688 159 28 omredigering
285 688 22 21 af
320 688 149 28 paragrafen''.

179 717 77 20 Denna
272 717 132 27 proposition
424 717 129 20 besvarades
570 717 35 20 vid
622 717 93 20 anställd
730 718 98 25 votering
844 717 47 20 med
909 718 26 19 19

108 745 22 26 ja
154 745 39 21 och
217 746 27 20 20
263 745 42 28 nej,
325 745 31 21 till
372 745 51 28 följd
440 745 78 21 hvaraf
532 747 62 18 nästa
608 745 133 28 proposition
758 745 67 21 erhöll
841 745 94 28 följande

111 773 91 28 lydelse:

179 802 146 26 »Godkänner
349 802 149 27 ridderskapet
522 802 39 21 och
585 802 62 21 adeln
670 803 11 19 7
702 803 9 26 8
729 802 22 21 af
766 803 117 20 utskottets
900 803 35 20 be-

111 831 107 20 tänkande
235 830 156 21 oförändrad?

180 876 4 9 »
186 859 90 27 Vinner
291 859 43 28 nej,
350 859 79 20 införes
445 859 6 20 i
467 859 130 27 paragrafen
614 861 32 18 ett
662 859 74 27 tillägg
752 859 6 20 i
770 859 36 21 det
819 859 56 28 syfte
888 859 48 21 herr

113 888 120 20 Ehrnrooth
257 888 117 27 föreslagit,
397 888 39 20 och
459 888 90 20 ärendet
570 888 169 20 återremitteras
759 888 30 20 till
806 888 129 20 utskottet
924 884 15 35 i

112 916 101 21 afseende
230 917 12 20 &
258 917 157 26 omredigering
431 917 22 20 af
467 916 151 28 paragrafen''.

181 945 40 20 Vid
246 945 59 20 öfver
328 945 160 32 propositionen
513 945 92 20 anställd
630 945 98 26 votering
747 945 73 20 utföllo
837 946 99 19 rösterna

112 973 47 21 med
182 974 26 20 23
229 974 23 27 ja
276 973 37 21 och
339 975 21 19 11
388 974 40 26 nej,
448 973 139 28 hvarigenom
608 974 127 26 paragrafen
757 973 44 21 blef
813 973 23 21 af
849 973 87 38 ståndet

112 1002 127 20 oförändrad
256 1004 99 25 antagen.

181 1030 57 21 Utan
255 1030 90 27 ändring
361 1032 76 25 antogs
451 1030 81 27 jemväl
549 1031 12 19 8
577 1031 19 26 $.

181 1058 10 20 I
207 1059 101 20 afseonde
324 1060 12 19 &
351 1059 12 20 9
380 1059 12 26 8
408 1059 46 26 gafs
471 1059 62 19 ordet
549 1059 21 19 åt

181 1087 101 20 Friherre
298 1093 45 14 von
365 1087 79 26 Born,
463 1093 45 14 som
525 1086 97 27 yttrade:
638 1087 42 26 Jag
696 1093 70 20 anser,
782 1089 31 18 att
829 1086 108 21 utskottet

113 1115 46 20 icke
175 1115 49 21 med
240 1115 46 20 skäl
302 1117 49 18 utur
367 1115 38 20 sitt
420 1115 80 27 förslag
516 1115 98 20 uteslutit
630 1115 37 20 det
683 1121 76 14 senare
775 1116 118 19 momentet
907 1115 5 20 i
925 1115 11 26 8

112 1144 13 19 9
142 1143 22 20 af
178 1144 39 20 den
235 1143 78 28 nådiga
329 1144 167 27 propositionen.
528 1143 115 21 Utskottet
660 1143 38 21 har
714 1143 5 20 i
736 1144 11 27 8
764 1144 12 20 6
787 1143 23 21 af
818 1143 119 21 betänkan-

113 1173 42 26 det,
178 1173 109 20 mellersta
313 1172 91 27 stycket,
424 1172 66 21 infört
506 1171 94 28 följande
617 1171 48 21 med
682 1171 78 28 nådiga
776 1172 161 27 propositionen

113 1201 233 20 öfverensstämmande
365 1200 130 28 stadgande:
515 1201 55 25 ,,den
590 1200 112 27 egendom,
719 1207 44 14 som
780 1200 99 21 särskildt
895 1201 42 20 till-

113 1230 39 20 hör
174 1230 70 27 någon
268 1230 42 19 viss
334 1229 57 20 klass
414 1229 23 20 af
451 1229 86 20 stadens
559 1229 145 25 medlemmar,
725 1229 38 20 bör
778 1229 103 20 förvaltas
897 1229 40 20 och

114 1258 108 20 användas
245 1258 6 20 i
276 1257 93 28 enlighet
392 1258 48 20 med
461 1257 25 21 de
503 1257 143 26 föreskrifter,
662 1257 73 20 hvilka
751 1257 72 21 härom
840 1259 36 19 äro
893 1257 44 27 gäl-

113 1287 83 25 lande",
216 1286 81 21 hvilket
317 1286 119 27 stadgande
454 1286 121 27 igenfinnes
592 1286 5 20 i
614 1285 40 21 den
672 1285 76 28 nådiga
764 1286 174 27 propositionens

113 1316 13 19 3
150 1315 18 27 $.
199 1315 34 20 Då
256 1315 108 20 utskottet
385 1315 109 20 bibehållit
513 1314 38 21 det
567 1314 127 27 stadgande,
711 1317 32 18 att
758 1315 36 20 det
811 1315 40 20 kan
868 1314 69 21 finnas

114 1344 110 26 egendom,
248 1350 45 13 som
317 1343 71 20 tillhör
411 1350 26 14 cn
455 1343 42 20 viss
517 1342 59 21 klass
594 1343 24 20 af
632 1343 88 20 stadens
736 1343 144 26 medlemmar,
896 1342 40 21 och

114 1372 149 26 ridderskapet
279 1371 38 21 och
334 1371 61 21 adeln
413 1372 63 20 redan
494 1371 84 27 antagit
594 1371 146 21 betänkandet
751 1371 5 20 i
768 1371 69 21 denna
849 1371 41 27 del,
902 1378 34 20 sy-

114 1407 38 14 nes
168 1401 36 20 det
220 1400 44 27 mig
280 1400 47 21 icke
344 1407 50 13 vara
410 1400 45 20 skäl
473 1401 32 19 att
521 1406 25 13 ur
562 1403 10 20 $
583 1400 12 19 9
606 1400 6 19 i
625 1400 40 19 den
683 1399 77 34 nådiga
776 1400 161 27 propositionen

114 1431 118 18 utmönstra
248 1429 37 19 det
301 1435 76 13 senare
393 1430 125 23 momentet,
536 1434 45 14 som
598 1428 117 20 innehåller
731 1429 98 19 närmare
846 1429 91 19 bestäm-

115 1458 74 26 ningar
205 1456 110 27 angående
331 1456 156 27 förvaltningen
505 1444 23 32 af
543 1456 58 27 dylik
618 1457 112 26 egendom.
760 1456 42 27 Jag
816 1462 63 14 anser
890 1455 47 20 der-

113 1486 53 24 före,
190 1487 31 18 att
244 1485 61 20 detta
327 1492 76 13 senare
427 1486 94 19 moment
545 1484 38 20 bör
603 1472 81 32 införas
703 1485 70 20 såsom
790 1486 31 18 ett
837 1483 101 21 särskildt

114 1514 67 20 andra
197 1516 94 18 moment
306 1514 30 20 uti
353 1514 12 25 $
381 1514 12 18 9
409 1513 23 20 af
446 1513 120 20 utskottets
583 1512 143 21 betänkande.

184 1542 56 19 Herr
257 1541 159 27 Lagerborg,
433 1541 111 20 Robert:
563 1540 35 20 Uti
615 1541 155 26 motiveringen
783 1541 37 19 har
832 1540 107 20 utskottet

836 1581 33 15 15*
