1098 1770
819 143 42 22 489

206 206 61 22 Enär
281 206 67 29 ingen
362 206 70 22 talare
448 206 74 22 vidare
538 207 74 21 anhöll
628 214 35 16 om
675 208 68 26 ordet,
754 208 135 22 framställde

139 248 30 14 nu
184 241 51 21 herr
252 241 202 22 landtmarskalken
470 242 8 20 i
493 242 119 28 anledning
627 242 24 21 af
663 242 104 22 herrarne
783 242 107 29 Pippings

139 275 41 21 och
195 282 42 15 von
252 275 168 29 Weissenbergs
436 276 146 28 anmärkning
597 278 45 20 mot
658 276 67 22 orden
735 293 9 11 ,
750 277 140 21 försvarslöst

139 310 40 21 och
194 310 192 26 ,försvarslöshet"
402 310 72 21 denna
488 310 145 28 proposition:

209 361 8 9 »
222 344 45 21 Vill
282 343 152 29 ridderskapet
454 344 40 21 och
510 344 63 21 adeln
587 344 32 22 uti
629 344 165 28 ifrågavarande
805 345 85 21 författ-

139 378 53 28 ning
214 378 108 21 bibehålla
338 378 110 28 uttrycket
459 378 191 26 ,försvarslöshet*
667 379 40 21 och
723 395 9 10 ,
736 379 154 21 försvarslös"?

206 412 50 21 Den
278 419 47 14 som
348 412 38 21 vill
407 412 111 21 bibehålla
539 412 91 22 berörde
650 413 95 27 uttryck,
765 420 74 14 svarar
855 414 33 27 ja;

138 445 42 22 den
196 446 38 21 det
248 446 48 21 icke
311 446 45 27 vill,
372 453 74 14 svarar
462 447 44 26 nej.

206 480 85 21 Vinner
311 481 47 26 nej,
374 480 87 27 utbytes
480 481 67 27 sagde
567 480 88 29 uttryck
675 482 58 19 emot
753 481 67 21 orden
837 481 53 26 ,lös-

138 514 108 21 drifvare*
263 515 40 20 och
319 514 155 29 ,lösdrifveri*.

206 548 109 22 Häröfver
337 548 91 22 eskades
448 549 111 28 votering,
575 555 46 15 som
640 549 59 28 förty
716 549 118 22 anställdes
849 550 40 21 och

139 583 74 21 utföll:

306 617 7 20 i
329 617 57 28 3:dje
402 617 28 21 kl.
447 617 50 21 med
513 619 25 19 16
549 619 29 27 ja
594 617 40 21 och
649 619 23 19 11
691 619 41 28 nej,

308 651 80 28 nta
412 669 9 9 sr
469 669 9 9 RR
524 652 47 26 Sn
609 668 10 10 x»
663 652 13 20 5
706 669 9 10 »

310 687 114 26 nlistä
419 683 18 34 4
470 702 8 11 »
523 687 48 25 Ia
610 703 9 10 »
663 687 13 20 5
706 703 9 10 »

138 720 6 21 i
160 720 56 28 följd
235 719 78 22 hvaraf
326 720 64 21 alltså
405 720 115 28 uttrycken
538 721 153 26 ,försvarslös*
711 721 40 21 och
772 721 118 27 ,försvars-

138 754 82 22 löshet*
240 754 86 22 komme
342 756 32 20 att
388 755 32 20 uti
434 755 167 28 ifrågavarande
617 755 130 28 författning
761 755 128 22 bibehållas.

207 789 71 21 Sedan
298 789 50 21 herr
368 796 42 14 von
431 789 112 28 Knorring
563 790 89 21 förmält
671 790 32 27 sig
718 797 29 14 nu
763 791 75 26 hafva,
854 791 36 20 vid

138 825 101 20 närmare
259 823 136 28 granskning
415 823 24 21 af
457 823 41 21 den
518 823 49 21 utaf
585 823 93 22 friherre
698 824 108 28 Carpelan
822 825 68 20 föror-

139 857 55 22 dade
214 857 114 22 redaktion
350 858 23 21 af
391 858 166 28 ifrågavarande
573 859 18 26 8,
607 858 72 21 funnit
693 858 114 21 skilnaden
824 859 66 21 emel-

139 892 36 21 lan
196 892 66 28 sagde
283 892 39 21 och
343 892 37 20 det
395 892 23 21 af
430 892 51 21 herr
496 899 43 14 von
554 892 113 27 Knorring
681 892 8 20 i
704 892 113 21 enahanda
833 892 56 28 syfte

139 926 136 21 framställda
296 926 82 28 förslag
398 934 52 13 vara
470 927 24 20 så
513 926 72 28 ringa,
601 928 32 19 att
652 926 49 21 herr
720 933 42 14 von
778 926 112 28 Knorring

138 961 69 27 ansåg
227 961 34 27 sig
278 960 74 22 kunna
368 960 78 28 frångå
461 961 38 21 sitt
514 960 82 28 förslag
610 961 40 21 och
666 960 76 21 förena
757 960 34 28 sig
806 961 31 21 uti
851 962 38 20 fri-

138 996 64 20 herre
223 994 129 29 Carpelans,
368 994 135 22 framställde
523 995 50 21 herr
594 994 200 22 landtmarskalken
815 995 74 21 vidare

138 1029 98 29 följande
250 1029 148 28 proposition:

208 1080 8 10 »
222 1063 44 21 Vill
288 1063 153 29 ridderskapet
463 1064 40 20 och
526 1063 65 21 adeln
613 1063 34 21 till
675 1064 214 28 kontraproposition

139 1099 59 20 emot
218 1097 118 21 utskottets
357 1098 138 20 betänkande
511 1099 81 26 antaga
607 1097 42 21 den
665 1098 23 20 af
700 1098 93 21 friherre
810 1098 79 29 Carpe-

138 1133 36 20 lan
190 1132 124 28 föreslagna
330 1132 82 27 lydelse
428 1132 24 20 af
464 1131 167 28 ifrågavarande
646 1132 21 27 8:
685 1131 89 27 ,Såsom
785 1132 105 21 försvars-

138 1167 34 21 lös
191 1173 64 14 anses
275 1166 51 27 den,
342 1166 89 21 hvilken
452 1166 48 21 icke
516 1168 24 19 är
555 1166 7 21 i
578 1166 81 21 allmän
680 1166 67 28 tjenst
760 1166 53 21 eller
828 1166 62 22 idkar

138 1201 42 21 fria
200 1200 90 21 konster
311 1201 53 21 eller
386 1200 88 27 studier,
495 1200 54 21 eller
570 1200 81 22 drifver
666 1200 90 27 handel,
772 1200 117 22 fabriksrö-

138 1235 68 26 relse,
226 1234 129 27 handtverk,
376 1234 86 29 sjöfart,
476 1234 117 29 jordbruk,
610 1234 121 28 bergsbruk
750 1234 53 21 eller
824 1237 67 19 annat

139 1269 71 28 dylikt
224 1269 150 28 näringsfång,
385 1269 63 21 deraf
462 1269 41 21 han
520 1269 39 20 har
576 1269 32 20 sin
620 1269 103 26 utkomst,
737 1269 53 21 eller
801 1269 24 21 af
834 1276 56 21 egna

139 1303 118 27 tillgångar
277 1303 55 21 eller
352 1309 78 21 genom
446 1303 79 21 andras
544 1303 87 27 försorg
651 1309 52 21 eger
721 1303 34 21 sin
770 1303 120 28 bergning,

140 1338 54 20 eller
212 1336 92 22 innehar
320 1337 68 27 tjenst
402 1336 40 22 hos
458 1336 86 22 enskild
558 1336 113 22 husbonde
687 1337 54 21 eller
755 1336 66 28 bolag
837 1336 54 22 eller

138 1371 37 21 vid
194 1370 86 28 handel,
295 1370 72 22 fabrik
382 1371 53 21 eller
450 1371 128 27 handtverk,
594 1371 68 21 under
677 1371 27 21 de
720 1371 71 21 vilkor
805 1371 85 21 författ-

138 1406 108 26 ningarne
265 1405 123 26 innehålla,
404 1406 54 19 eller
478 1406 49 19 med
546 1405 61 20 bevis
623 1405 24 20 af
660 1405 229 27 fattigvårdsstyrelse,

139 1439 54 21 eller
207 1439 29 29 på
250 1438 76 22 landet
340 1438 24 22 af
376 1439 134 21 kommunen
526 1438 53 21 eller
595 1438 48 21 dess
659 1438 86 27 ombud,
757 1438 86 28 styrker
857 1440 33 20 att
