1134 1803
461 87 37 15 Den
513 87 20 15 14
548 86 43 20 Maj.
838 85 3 5 *
874 86 39 20 185

118 142 108 20 Snellman
243 149 50 21 nyss
309 142 64 27 afgaf,
389 142 126 27 godkänner
525 142 47 27 jag.
581 142 34 20 för
631 142 42 20 min
686 141 33 21 del
730 142 6 20 i
749 142 127 21 hufvudsak.
899 142 44 20 Det

119 177 50 14 vore
194 171 52 20 visst
268 178 27 13 en
320 173 45 18 stor
387 170 75 26 fördel,
483 177 33 14 om
537 177 27 13 en
584 170 88 21 lärostol
691 170 6 20 i
713 170 26 20 de
755 170 188 27 indogermaniska

118 199 94 27 spräken
235 199 69 21 skulle
327 199 75 26 finnas,
425 206 48 13 men
493 200 23 20 sä
532 198 61 28 längt
610 199 37 20 har
663 198 118 28 petitionen
798 198 48 22 icke
861 199 82 21 sträckt

120 228 39 27 sig.
185 228 184 21 Petitionärernes
386 227 81 21 önskan
484 227 38 21 har
535 228 56 20 varit
603 227 48 21 vida
662 234 60 14 mera
734 228 125 26 begränsad,
871 228 33 20 för
912 229 31 19 att

119 256 65 22 också
205 256 78 21 lättare
303 256 21 21 få
342 256 41 20 den
403 256 56 27 plats
474 256 60 27 fylld,
551 256 88 20 hvarom
656 256 38 20 här
710 257 24 19 är
749 256 70 27 fråga;
843 256 100 21 behofvet

119 284 39 21 har
174 285 54 21 varit
244 286 105 24 närmare,
365 284 82 21 kanske
463 284 66 21 också
546 284 83 21 kärare.
654 284 62 21 Dock
732 284 69 21 skulle
814 285 38 28 jag
862 286 40 25 tro,
911 286 33 19 att

119 313 63 27 ingen
206 314 23 20 af
250 312 26 22 de
299 313 66 21 värde
388 313 176 27 petitionärerne,
586 313 74 21 sävida
676 312 39 28 jag
723 314 78 26 vägar
819 314 46 20 föra
881 313 62 22 deras

120 342 65 25 talan,
208 341 97 21 hvarken
327 342 48 20 herr
396 341 117 21 Edelsköld
534 342 52 20 eller
601 342 101 20 herrarne
718 341 121 28 Ohrnberg,
855 341 92 22 Kiseleff

120 370 39 21 och
176 370 104 21 Mechelin
299 370 6 21 i
322 369 185 28 borgareständet,
529 370 55 20 varit
600 369 62 22 ledde
678 369 24 21 af
715 370 121 28 personliga
851 370 71 29 syften
938 370 7 21 i

121 398 62 21 deras
198 399 123 27 respektive
339 399 121 27 petitioner,
476 398 53 21 eller
544 398 24 21 af
582 398 99 27 tillfället,
698 401 32 18 att
746 399 34 20 vid
797 399 148 22 universitetet

120 427 68 21 finnes
202 434 34 19 en,
252 434 45 14 som
313 427 91 28 troligen
421 427 47 21 med
484 427 115 28 framgäng
615 427 69 20 skulle
700 427 72 20 kunna
788 427 112 28 öfvertaga
916 434 26 14 en

122 456 94 24 lärostol,
231 455 66 21 sådan
314 455 39 21 den
371 455 23 21 af
407 456 108 21 utskottet
530 455 71 21 blifvit
616 455 108 21 förordad.
755 455 71 28 Syftet
838 455 36 21 har
883 456 61 21 hvar-

123 484 40 21 ken
186 484 38 21 hos
248 484 167 27 petitionärerne
438 484 51 21 eller
508 484 41 21 hos
564 484 100 26 ständen,
679 483 38 22 der
732 483 74 28 frägan
823 485 54 20 varit
893 485 52 26 före,

123 512 38 21 och
177 513 69 27 aldrig
261 513 38 20 hos
315 513 43 27 mig
374 513 55 20 varit
444 513 84 24 sädant,
545 519 45 14 som
607 512 106 28 antyddes
729 513 23 20 af
765 513 49 20 herr
831 513 114 21 Snellman.

123 541 76 20 Likväl
214 541 126 28 godkänner
353 541 38 28 jag
407 541 49 21 herr
472 541 122 22 Snellmans
609 541 63 28 äsigt,
688 543 32 19 att
735 548 49 14 man
800 541 33 21 för
848 541 97 22 lofvande

122 569 116 27 förmågor,
262 569 36 21 det
321 570 35 20 mä
378 576 52 14 vara
444 570 57 21 inom
519 570 85 20 hvilken
622 569 184 28 vetenskapsgren
822 576 45 14 som
883 570 63 26 helst,

124 598 65 20 borde
205 598 78 20 inrätta
299 598 171 21 extraordinarie
486 598 154 28 professioner,
658 605 50 14 men
724 598 39 28 jag
774 598 119 21 föreställer
903 598 43 28 mig

124 626 60 25 dock,
208 629 32 18 att
262 627 6 20 i
287 626 60 21 detta
370 626 101 22 afseende
490 626 163 22 universitetets
674 626 56 28 höge
750 627 84 20 kansler
849 626 54 21 skall
919 628 28 26 pä

124 655 123 21 konsistorii
270 655 79 26 förord,
373 655 38 21 der
433 656 115 27 tillgångar
570 655 76 27 finnas,
669 655 70 21 lemna
758 662 26 14 en
800 655 65 21 sådan
881 655 66 28 nödig

124 685 145 26 uppmuntran
285 684 21 20 åt
322 683 117 28 behörigen
453 684 151 28 qvalificerade
615 690 68 21 yngre
694 684 187 27 vetenskapsmän.
903 684 44 21 För

125 712 42 20 min
183 712 34 21 del
233 713 66 26 vågar
311 712 39 27 jag
365 712 132 21 fortfarande
513 712 87 21 förorda
610 712 119 21 utskottets
741 712 142 26 betänkande,
892 712 55 21 dock

124 740 50 21 med
189 747 26 14 en
232 741 50 20 liten
299 740 130 28 förändring.
452 740 45 21 Det
513 740 71 21 kunde
600 740 68 21 hellre
684 740 56 27 heta,
752 743 32 18 att
796 740 83 21 landets
889 742 58 19 stän-

126 769 37 20 der
184 769 49 20 ville
256 769 39 20 hos
313 769 28 20 H.
358 769 27 20 K.
402 769 61 28 Maj:t
481 769 6 20 i
507 769 171 28 underdånighet
698 769 90 26 anhålla,
804 771 32 18 att
851 775 26 15 en
894 769 54 21 läro-

126 797 40 21 stol
182 797 6 21 i
204 797 41 21 den
261 797 94 21 svenska
369 797 136 22 litteraturen
522 799 40 20 och
574 797 26 21 de
612 797 151 22 fornnordiska
774 797 91 27 språken
877 797 70 22 blefve

126 825 35 22 vid
184 825 115 28 kejserliga
320 826 298 21 Alexanders-universitetet
637 826 100 21 inrättad.
768 826 74 21 Såsom
866 826 37 21 det
921 833 27 14 nu

126 856 24 19 är
165 854 107 26 affattadt,
289 855 59 20 detta
363 855 119 20 utskottets
497 855 145 26 betänkande,
658 855 23 21 så
692 855 89 28 uppstår
792 855 39 20 lätt
841 855 40 21 den
893 855 56 21 före-

126 883 135 28 ställningen,
278 885 31 19 att
324 883 115 21 ständerna
455 883 80 28 begära
551 883 76 21 endast
642 890 26 14 en
680 883 165 28 språkmästare,
861 890 34 14 om
909 883 40 22 ock

127 911 77 21 orden:
220 911 41 26 ,,de
276 911 151 22 foronordiska
442 912 108 27 språken"
566 912 96 21 utesluta
678 918 26 15 en
720 912 41 21 slik
772 911 95 29 tydning.
890 912 59 21 Mån-

128 947 40 20 gen
185 940 41 21 kan
242 940 107 27 nemligen
364 940 109 21 föreställa
490 940 39 27 sig,
544 942 32 19 att
592 947 26 14 en
634 940 69 21 lärare
718 941 7 20 i
741 940 91 21 svenska
843 940 39 21 och
893 940 56 21 forn-

128 968 103 21 nordiska
246 969 93 27 språken
356 969 66 20 borde
438 969 91 20 omfatta
545 969 63 21 äfven
625 969 27 20 de
667 969 132 21 sistnämnda
814 969 76 20 endast
903 969 47 21 der-

128 998 52 25 före,
204 999 32 18 att
259 997 62 21 dessa
340 997 65 21 redan
422 997 31 21 till
470 1004 25 14 en
513 997 34 21 del
563 997 135 28 bortglömda
714 998 65 27 språk
794 997 68 21 skulle
879 998 72 21 kunna

128 1026 55 21 efter
206 1025 66 21 behof
289 1025 78 22 inläras
383 1026 54 27 dem,
454 1026 73 21 hvilka
543 1026 102 21 särskildt
660 1026 92 21 behöfva
767 1026 55 26 dem,
838 1028 15 19 t.
869 1033 34 14 ex.
917 1027 34 27 ju-

129 1054 166 20 risstuderande.
319 1055 82 20 Genom
418 1056 32 19 att
465 1055 98 20 deremot
573 1055 116 20 formulera
701 1055 145 21 betänkandet
855 1055 96 24 sålunda,

129 1084 32 19 att
184 1089 25 14 en
233 1082 87 21 lärostol
342 1083 6 20 i
371 1083 71 20 svensk
461 1082 111 22 litteratur
591 1082 37 21 och
647 1083 26 21 de
690 1083 157 28 fornnordiska
861 1083 91 28 språken

131 1110 65 21 borde
219 1111 97 26 inrättas,
337 1111 61 20 torde
414 1111 76 28 hvarje
505 1111 66 21 sådan
588 1111 91 28 tydning
695 1119 50 14 vara
760 1111 117 28 aflägsnad.
910 1111 42 21 För

132 1139 42 21 min
198 1139 34 20 del
256 1146 63 14 anser
341 1139 62 21 äfven
424 1140 39 27 jag
479 1147 26 14 en
521 1141 24 20 så
561 1139 72 22 kallad
648 1140 170 21 extraordinarie
834 1139 117 28 profession

131 1175 50 13 vara
203 1167 47 21 fullt
272 1167 113 28 tillräcklig
407 1168 34 21 för
464 1170 32 19 ett
512 1169 23 20 så
551 1175 50 21 pass
617 1168 129 27 begränsadt
762 1168 93 26 område,
871 1168 82 21 hvilket

128 1196 104 28 jemfördt
248 1196 47 21 med
311 1197 26 20 de
353 1196 109 27 områden,
478 1203 45 15 som
540 1197 67 20 andra
618 1197 106 21 ordinarie
733 1197 219 27 professorsembeten

130 1225 35 20 vid
180 1225 151 20 universitetet
347 1225 96 26 omfatta,
459 1227 24 19 är
499 1225 49 21 vida
563 1225 89 22 mindre.
676 1226 49 21 Men
736 1225 70 22 denna
816 1225 47 26 sak,
873 1232 34 14 om
916 1225 37 21 det

131 1260 42 20 nya
196 1253 218 27 professorsembetet
433 1253 54 21 skall
504 1254 66 21 blifva
586 1253 115 28 ordinarie,
717 1254 51 21 eller
784 1253 169 22 extraordinarie

131 1284 51 18 utan
199 1283 47 19 säte
261 1281 40 22 och
317 1283 91 20 stämma
423 1282 37 21 vid
475 1282 161 27 konsistorium,
653 1283 35 20 må
702 1283 142 21 öfverlemnas
859 1283 22 20 åt
892 1289 61 21 rege-

132 1310 82 27 ringen.
245 1309 82 22 Genom
343 1310 112 28 uttrycket
470 1317 26 14 en
513 1311 88 21 lärostol
616 1311 7 20 i
638 1311 80 21 svensk
729 1311 108 21 litteratur
847 1311 39 21 och
898 1311 56 21 forn-

132 1339 102 20 nordiska
250 1339 64 27 språk
329 1340 24 19 är
368 1339 63 28 ingen
449 1339 144 28 begränsning
608 1339 63 28 gjord
686 1346 69 14 annan
771 1341 27 20 än
814 1340 48 26 den,
877 1341 33 20 att
925 1339 30 21 lä-

133 1373 70 19 raren,
220 1374 44 13 som
281 1367 122 28 öfvertager
420 1367 60 22 detta
496 1367 50 26 kall,
563 1368 38 20 har
617 1369 70 20 såsom
703 1368 110 27 professor
829 1368 62 21 äfven
907 1369 48 20 säte

134 1395 39 21 och
196 1397 89 19 stämma
310 1396 5 20 i
338 1396 128 27 fakulteten,
482 1397 39 20 och
537 1396 89 21 dermed
642 1399 45 18 tror
699 1397 39 27 jag
753 1397 37 21 det
804 1398 24 19 är
844 1396 111 27 tillfyllest.

133 1423 43 28 Jag
198 1424 38 20 ber
256 1423 85 22 derföre
355 1426 32 19 att
402 1425 22 20 få
439 1424 86 22 förorda
541 1425 119 21 utskottets
677 1425 143 27 betänkande,
836 1425 56 21 helst
907 1424 49 21 med

134 1451 40 21 den
190 1451 90 28 ändring
293 1452 38 28 jag
347 1452 45 22 haft
407 1454 52 20 äran
474 1452 86 22 föreslå.
