1134 1803
215 116 43 21 340
537 118 40 16 Den
590 118 21 17 24
624 118 43 20 Maj.

186 173 84 27 förslag
292 173 61 29 afsåg
375 176 32 19 att
426 174 79 21 bereda
523 174 193 28 bankfullmäktige
730 175 46 19 säte
792 172 40 22 och
848 174 91 20 stämma
953 173 7 20 i
976 172 29 21 di-

187 202 116 22 rektionen
326 209 77 21 genom
424 205 31 19 att
478 205 49 19 utse
546 204 38 20 två
605 203 24 21 af
642 202 197 27 bankfullmäktige,
855 208 46 14 som
917 202 6 20 i
938 201 68 21 likhet

188 231 48 21 med
257 230 208 22 bankdirektörerne
481 232 68 21 skulle
565 231 85 28 deltaga
666 232 6 20 i
688 230 221 28 öfverläggningarne.
939 229 67 21 Detta

186 259 83 28 förslag
289 260 42 20 bar
353 260 48 20 icke
424 260 69 20 blifvit
511 260 24 20 af
547 260 109 20 utskottet
671 259 115 28 godkändt,
800 259 39 27 jag
854 260 36 19 vet
905 259 48 21 icke
968 264 37 14 ens

187 295 34 15 om
244 288 109 21 utskottet
375 288 80 20 lemnat
479 288 119 21 detsamma
617 289 69 27 någon
702 287 196 29 uppmärksamhet,
915 286 39 22 och
970 286 36 20 det

188 319 24 19 är
227 317 47 20 icke
291 316 66 20 heller
373 316 22 20 af
409 316 68 28 någon
494 316 38 21 här
548 316 134 21 understödt.
727 324 27 20 Jag
769 316 36 20 vill
817 315 84 21 derföre
912 316 47 20 icke
970 314 35 27 på-

187 345 53 28 yrka
257 344 49 21 dess
321 344 122 27 antagande
459 351 35 20 nu,
511 345 67 20 ehuru
592 345 38 27 jag
646 345 55 20 varit
716 345 6 20 i
738 344 81 21 tillfälle
834 346 32 19 att
881 343 65 21 sedan
957 343 49 20 dess

187 373 126 28 ytterligare
329 373 66 20 tänka
410 373 28 27 på
451 373 109 27 förslaget,
576 373 82 20 hvilket
671 373 39 27 jag
720 372 131 21 fortfarande
861 372 70 21 finner
941 371 65 28 lämp-

189 402 46 27 ligt.
266 401 43 28 Jag
330 401 39 20 har
391 401 68 21 heller
482 401 47 21 icke
553 401 48 21 hört
619 402 71 27 någon
707 408 69 15 annan
792 400 142 27 anmärkning
949 401 57 20 emot

187 430 120 21 detsamma
322 431 26 19 än
364 436 26 14 en
406 431 55 20 enda
477 437 25 14 ur
517 430 77 21 formel
606 429 116 28 synpunkt,
741 429 105 27 nemligen
865 431 32 19 att
908 429 36 20 det
955 429 51 20 kan-

187 459 39 20 ske
249 464 52 15 vore
323 458 99 21 förenadt
445 459 48 20 med
513 458 135 28 svårigheter
664 460 32 19 att
711 458 21 21 få
747 459 45 20 åtta
809 457 196 26 bankfullmäktige,

188 487 100 27 lämplige
303 487 33 20 för
352 493 25 14 en
393 487 24 20 så
432 487 190 27 maktpåliggande
638 487 125 27 befattning.
796 485 33 22 Då
837 486 38 27 jag
888 485 118 22 emellertid

188 515 47 21 icke
259 515 41 20 kan
323 521 52 14 anse
397 515 93 21 nämnda
507 515 143 27 anmärkning
665 522 52 14 vara
733 515 121 20 allvarsamt
870 514 83 27 menad,
970 513 37 21 har

185 545 39 26 jag
246 550 28 14 nu
297 543 57 21 velat
374 543 21 21 få
414 544 31 20 till
465 543 131 28 protokollet
614 543 137 28 antecknadt,
767 545 32 18 att
812 543 38 27 jag
865 543 33 20 för
913 543 44 20 min
973 541 33 22 del

188 571 131 21 fortfarande
335 578 63 14 anser
413 572 36 21 det
464 579 51 14 vara
531 572 22 20 af
567 572 92 27 mycken
676 572 50 27 vigt,
743 571 40 21 och
799 571 80 21 hvilket
895 571 44 21 förr
956 571 51 20 eller

188 606 77 15 senare
276 600 68 20 måste
355 600 46 27 ske,
412 602 32 19 att
460 601 22 20 åt
493 600 192 28 bankfullmäktige
697 600 90 21 beredes
798 599 84 21 tillfälle
893 601 32 19 att
937 598 70 21 direkt

188 629 87 27 deltaga
289 628 7 20 i
312 628 77 28 sjelfva
407 629 223 27 bankförvaltningen,
646 630 27 26 på
688 628 36 21 det
740 629 48 21 icke
803 634 25 14 en
845 628 78 27 menlig
939 627 68 28 splitt-

188 658 48 26 ring
250 657 7 20 i
273 657 80 27 åsigter
373 657 40 21 och
427 657 141 28 förfoganden
585 658 58 20 inom
660 657 83 21 banken
760 656 55 21 skall
830 663 40 20 ega
885 663 53 20 rum,
954 655 52 21 hvil-

188 686 37 20 ket
240 685 132 21 förhållande
388 686 73 20 tidtals
477 686 75 20 hittills
568 686 48 20 icke
632 686 82 20 kunnat
729 685 113 25 undvikas,
854 685 30 20 till
896 684 111 28 uppenbar

188 714 70 20 skada
280 713 34 20 för
333 714 156 27 inrättningen.
519 714 42 27 Jag
582 714 96 21 anhåller
694 714 72 20 vidare
782 715 32 18 att
829 714 22 19 få
866 714 94 26 tillägga,
977 714 30 19 att

189 741 198 27 bankfullmäktige,
407 742 77 21 liksom
504 743 174 26 bankutskottet,
694 741 110 28 föreslagit
820 743 31 19 ett
867 741 56 21 antal
939 742 22 19 af
975 743 32 18 tre

190 771 119 20 ledamöter
324 770 6 20 i
362 770 127 27 direktionen,
505 771 90 20 emellan
613 771 71 20 hvilka
700 770 123 28 göromålen
840 771 37 20 äro
892 769 115 21 fördelade.

189 799 59 20 Både
271 798 194 29 bankfullmäktige
487 799 39 21 och
545 799 166 21 bankutskottet
730 799 64 20 hafva
809 798 76 21 härvid
901 798 106 21 sannolikt

188 827 71 28 utgått
274 826 54 21 ifrån
345 827 36 20 det
396 828 138 27 antagandet,
550 830 32 18 att
597 827 84 21 banken
699 827 69 21 skulle
779 827 64 20 hafva
853 827 37 20 sitt
901 829 49 24 eget
961 827 45 26 hus,

188 858 22 25 ty
234 857 32 18 att
283 855 7 20 i
310 855 40 20 den
367 855 64 27 lokal,
447 856 84 21 banken
547 856 33 21 för
596 856 132 20 närvarande
744 855 132 27 disponerar,
893 855 66 21 ordna
975 863 32 12 ar-

188 884 60 20 betet
264 883 6 20 i
287 883 96 28 enlighet
405 884 48 21 med
473 884 111 27 förslaget,
599 885 24 19 är
638 884 6 20 i
660 884 43 20 min
720 884 66 21 tanke
802 883 84 22 absolut
901 884 106 27 omöjligt;

188 912 37 20 det
242 911 70 21 blefve
328 911 32 21 till
376 912 39 21 och
433 913 49 20 med
498 913 59 20 svårt
572 913 49 20 med
637 919 26 14 en
678 912 64 26 lokal,
758 919 59 14 mera
833 912 86 27 lämplig
934 912 33 21 för
982 919 25 14 en

188 940 69 27 bank;
281 939 36 21 det
341 940 40 20 blir
398 942 81 25 ytterst
493 941 65 26 svårt,
575 941 39 20 och
628 941 39 27 jag
682 943 45 18 tror
741 941 6 20 i
764 941 37 20 det
816 942 109 19 närmaste
941 941 67 27 omöj-

187 969 45 26 ligt,
249 970 32 19 att
297 975 26 14 en
341 968 40 21 och
398 975 81 15 samma
496 969 96 21 direktör
607 969 55 20 skall
678 969 62 20 hafva
756 969 59 20 såväl
831 969 102 20 inseende
948 969 60 20 öfver

188 997 95 20 bankens
303 996 146 22 hufvudkassa
472 997 38 22 och
527 997 48 21 dess
592 997 111 21 kassörers
718 997 134 21 handkassor
867 1004 45 14 som
929 997 78 21 vården

187 1031 34 14 om
238 1025 101 27 samtliga
354 1025 75 21 vexlar
443 1026 39 20 och
499 1026 66 21 andra
581 1025 182 28 länehandlingar,
780 1027 77 25 panter
867 1033 20 13 o.
898 1033 17 13 s.
929 1033 26 19 v.,
968 1026 39 20 och

187 1053 63 25 dock,
266 1053 27 27 pä
309 1055 43 18 sätt
367 1053 104 28 förslaget
487 1054 64 21 ocksä
567 1054 124 26 innehäller,
707 1053 140 27 ovilkorligen
859 1061 52 13 vara
921 1054 87 20 förbun-

187 1082 41 19 den
244 1083 32 18 att
291 1081 86 27 deltaga
393 1082 6 19 i
415 1082 146 21 direktionens
578 1082 41 21 alla
629 1082 116 27 ätgärder
738 1077 10 37 i
758 1081 71 28 öfrigt.
861 1082 43 27 Jag
915 1084 36 18 vet
961 1082 47 21 icke

187 1109 54 20 huru
265 1109 37 20 det
325 1115 66 21 gerna
414 1110 55 21 skall
487 1111 65 20 blifva
567 1110 84 27 möjligt
666 1109 34 21 för
716 1117 26 14 en
759 1116 79 21 person
853 1112 32 19 att
901 1111 52 26 göra
969 1111 39 20 allt

187 1137 61 21 detta
262 1139 53 18 utan
335 1139 32 18 att
383 1138 81 21 afhälla
479 1139 33 27 sig
528 1139 62 26 länge
606 1145 43 20 nog
664 1138 54 21 ifrän
735 1138 146 21 direktionens
897 1139 111 27 samlings-

188 1173 46 13 rum
250 1165 40 21 och
306 1165 84 21 säledes
406 1167 114 27 uppehälla
535 1166 131 21 ärendernas
710 1173 34 21 gäng.

257 1193 57 22 Herr
330 1200 47 14 von
402 1194 94 29 Trapp:
519 1195 98 21 Emedan
637 1195 166 20 bankutskottet
818 1194 42 21 fick
875 1195 33 27 sig
923 1195 84 20 medde-

187 1222 44 21 ladt
247 1222 78 27 utdrag
341 1222 23 21 af
377 1223 161 28 ridderskapets
554 1223 40 22 och
610 1223 74 21 adelns
701 1223 107 28 protokoll
823 1223 33 20 för
871 1223 26 20 de
908 1223 100 20 förhand-

186 1251 76 27 lingar,
285 1257 46 14 som
354 1251 56 26 egde
433 1259 46 13 rum
502 1253 64 20 innan
584 1251 106 22 remissen
707 1251 90 26 skedde,
814 1251 75 21 liksom
905 1251 41 21 ock
961 1251 46 21 frän

186 1279 188 27 borgareständet,
389 1280 24 20 sä
428 1280 95 27 iakttogs
538 1280 35 21 vid
588 1281 120 20 utskottets
724 1280 174 21 sammanträden
909 1279 41 21 den
961 1280 48 21 ord-

185 1307 58 28 ning,
259 1309 32 18 att
312 1307 53 21 hvar
379 1308 58 28 gång
451 1315 27 14 en
493 1309 103 28 paragraf
610 1309 100 20 förekom
726 1309 39 20 der
781 1308 70 27 någon
867 1307 142 28 anmärkning

185 1335 76 27 gjorts,
285 1336 24 20 så
332 1335 46 22 blef
398 1336 41 21 den
463 1337 179 28 tillkännagifven
662 1337 40 20 och
720 1336 95 28 uppläst.
847 1336 28 21 Sä
891 1343 37 14 var
943 1336 66 21 också

185 1363 60 21 fallet
268 1363 49 21 med
331 1364 49 21 herr
395 1371 41 14 von
452 1365 132 21 Haartmans
600 1365 82 28 förslag
697 1364 113 29 angående
826 1371 25 14 en
867 1367 142 18 sammansatt

186 1391 317 29 bankfullmäktigs-direktion,
525 1401 49 14 men
590 1394 167 21 bankutskottet
767 1393 68 28 ansåg
845 1393 33 27 sig
888 1393 48 20 icke
947 1393 62 21 hafva

185 1420 50 21 skäl
250 1422 39 24 att,
305 1420 131 22 åtminstone
451 1422 34 21 för
499 1422 143 26 närvarande,
657 1421 79 22 föreslå
752 1428 28 14 en
796 1421 23 21 så
830 1423 45 19 stor
885 1421 124 27 förändring

184 1448 7 20 i
214 1448 36 20 det
273 1455 28 13 nu
323 1449 100 27 gällande
439 1449 217 29 förvaltningssättet.
686 1450 39 20 Att
741 1449 168 21 bankutskottet
925 1449 31 21 uti
973 1449 36 21 sitt

186 1476 136 21 betänkande
345 1477 48 21 icke
415 1478 80 22 lemnat
517 1479 65 21 skildt
604 1486 50 14 svar
669 1480 24 19 är
708 1478 128 27 visserligen
852 1480 70 24 sannt,
939 1484 47 14 men
1003 1478 6 20 i

186 1504 133 27 protokollet
337 1506 135 22 förekomma
488 1508 37 20 bra
541 1508 79 26 många
635 1506 175 27 anmärkningar,
826 1513 45 14 som
887 1506 39 20 hos
942 1506 67 21 bank-
