1134 1803
233 123 40 21 176
549 125 39 15 Den.
602 125 20 16 14
636 125 42 21 Maj.

205 180 62 26 rium,
283 186 45 15 som
348 180 105 28 derjemte
469 180 38 21 har
522 182 32 20 att
571 181 57 21 bilda
644 182 134 21 embetsmän
794 181 40 21 och
851 181 127 27 sysselsätta
994 180 33 28 sig

204 208 50 22 med
270 210 104 20 examina.

274 236 58 22 Herr
350 238 123 28 Pipping,
493 238 115 21 Fridolf:
631 238 65 22 Emot
720 238 307 22 Alexanders-universitetets

206 266 122 21 konsistorii
344 267 125 27 lämplighet
485 269 31 19 att
531 267 6 20 i
555 267 67 21 första
639 268 56 20 hand
710 268 75 26 afgöra
797 267 27 21 de
835 267 5 21 i
858 268 6 26 $
883 269 5 20 2
899 266 129 21 omnämnda

205 295 82 27 frägor,
315 296 105 27 nemligen
447 302 33 14 om
507 295 155 27 fornlemnings
687 296 65 21 värde
778 296 39 21 och
844 302 34 14 om
901 296 123 20 densamma

207 323 66 21 borde
288 325 60 26 tagas
363 324 7 20 i
385 324 59 26 värd,
468 324 62 20 hafva
546 324 78 28 mänga
642 325 106 26 anmärkt,
764 327 32 18 att
812 324 151 21 konsistorium
979 322 48 21 icke

207 359 52 14 vore
274 352 103 27 lämpligt,
393 352 39 21 och
448 353 5 20 i
470 353 71 20 stället
556 352 111 28 föreslagit
682 353 46 20 dels
743 354 70 20 finska
830 351 197 28 vetenskapssocie-

206 383 66 23 teten,
295 380 45 21 dels
363 380 69 21 finska
455 381 233 28 litteratursällskapet.
720 382 44 21 För
786 383 32 19 att
838 381 72 20 kunna
928 379 99 22 ähvälfva

207 409 66 28 nägot
288 409 23 20 af
324 409 26 20 de
365 410 36 20 tvä
417 416 76 15 senare
508 409 122 28 föreslagna
645 410 122 27 sällskapen
784 412 32 19 ett
827 410 76 21 sädant
914 409 113 27 äliggande

207 444 47 14 som
269 437 7 21 i
291 437 60 22 detta
366 437 43 27 fall,
425 439 24 20 sä
464 438 90 25 fordras,
564 440 32 19 att
607 445 49 14 man
668 439 52 20 skall
732 439 64 20 hafva
806 440 43 19 rätt
861 438 76 21 dertill.
958 437 70 20 Dessa

206 466 94 27 sällskap
316 467 37 20 äro
369 467 88 20 alldeles
473 467 98 20 enskilda
587 467 149 28 inrättningar,
750 467 48 21 icke
810 468 65 26 nägra
886 466 143 21 auktoriteter

206 496 70 19 säsom
300 496 158 25 konsistorium,
481 495 73 22 hvilka
573 495 115 22 framdeles
706 503 77 20 genom
800 496 74 27 anslag
890 495 51 21 eller
956 495 70 20 förän-

206 523 53 21 drad
282 524 143 27 organisation
448 524 71 21 kunna
541 524 74 21 ställas
638 525 30 26 sä,
692 527 32 18 att
744 531 77 22 genom
842 524 25 21 de
883 524 82 27 bidrag,
981 529 45 14 som

206 552 69 28 gifvas
298 552 55 26 dem,
377 560 46 13 man
450 553 42 20 kan
515 553 72 21 fordra
606 553 23 21 af
646 553 48 21 dem
711 556 32 18 att
759 553 27 21 de
801 554 64 26 ätaga
881 553 32 27 sig
929 554 31 18 ett
975 551 52 27 älig-

206 580 70 28 gande
291 581 23 20 af
327 580 163 28 ifrägavarande
505 584 39 18 art.
567 581 43 28 Jag
625 582 85 20 befarar
721 582 55 27 icke,
788 584 31 18 att
830 581 92 21 nämnda
933 580 93 27 sällskap

206 609 61 21 skola
289 609 139 28 undandraga
451 610 32 27 sig
505 610 139 21 omförmälda
668 610 104 28 uppdrag,
793 617 48 14 men
857 610 76 20 sädant
949 609 40 21 kan
1007 608 20 27 ej

206 638 87 27 åläggas
309 638 48 21 dem
373 640 52 19 utan
442 641 49 25 eget
507 639 135 27 begifvande,
658 640 40 20 och
714 639 134 27 lagstiftaren
860 639 68 20 måste
939 637 89 21 framför

206 666 68 21 andra
289 666 85 22 komma
389 667 50 27 ihäg
454 669 32 19 att
501 668 127 26 respektera
644 668 78 20 andras
738 668 35 20 fri-
783 668 39 20 och
833 666 133 28 rättigheter.
989 665 38 21 Uti

208 695 140 21 förevarande
364 696 36 20 fall
416 696 68 20 skulle
499 696 63 20 dessa
578 696 94 28 sällskap
689 696 81 21 ohörda
786 696 21 21 fä
823 696 32 27 sig
871 698 32 18 ett
914 694 113 28 äliggande

208 723 101 21 åhvälfdt.
340 723 155 22 Consistorium
514 724 145 21 academicum
678 726 23 19 är
720 725 98 20 deremot
841 725 40 20 den
898 723 55 21 enda
968 729 59 21 myn-

207 751 81 28 dighet,
311 759 45 14 som
380 753 65 21 redan
465 753 75 26 finnes,
555 753 23 21 &t
594 753 86 21 hvilken
696 761 49 13 man
762 753 42 21 kan
821 760 38 13 ens
874 752 78 21 föreslä
967 751 60 20 detta

207 781 119 26 äliggande.
356 781 43 28 Jag
421 784 45 19 tror
489 782 58 26 visst,
571 784 32 18 att
627 782 250 27 vetenskapssocieteten
898 787 51 14 vore
969 786 59 14 mera

207 809 128 28 kompetent
358 810 133 27 härutinnan,
510 810 125 28 isynnerhet
655 817 34 14 om
705 811 41 20 den
762 811 7 20 i
784 810 114 21 framtiden
914 809 32 21 fär
961 809 67 26 utväg

208 839 32 19 att
263 838 90 21 anställa
377 839 79 21 sädane
479 839 136 27 tjenstemän,
639 839 87 21 hvarom
750 839 56 20 varit
825 839 70 27 fråga;
917 844 47 14 men
979 837 48 20 icke

207 865 67 22 borde
290 867 64 27 nägot
369 868 100 27 äfventyr
483 867 34 21 för
527 867 40 21 den
584 867 56 28 goda
656 868 66 20 saken
739 869 83 24 väntas,
839 874 32 14 om
888 867 42 20 tills
946 865 81 26 vidare,

207 896 40 20 och
263 896 54 21 intill
329 896 49 21 dess.
395 897 249 26 vetenskapssocieteten
660 896 50 28 sjelf
720 897 41 20 fått
778 896 81 21 tillfälle
874 898 32 18 att
922 897 57 25 yttra
995 894 32 27 sig

208 923 6 21 i
238 925 73 26 saken,
335 925 114 27 kejserliga
477 925 307 20 Alexanders-universitetets
809 925 150 20 konsistorium
984 929 43 14 om-

207 953 74 21 betros
304 956 31 18 att
359 953 121 21 handhafva
503 953 164 28 ifrågavarande
689 953 103 28 göromål.
824 953 42 20 För
882 953 63 26 öfrigt
962 953 65 26 vågar

205 982 39 27 jag
260 989 96 20 upprepa
372 983 47 20 mitt
437 982 58 20 förra
511 982 87 27 förslag,
614 984 32 18 att
662 989 49 14 man
726 983 56 20 efter
798 981 152 21 konsistorium
959 980 68 21 skulle

208 1011 79 20 insätta
303 1011 77 20 orden:
397 1011 65 25 ,,eller
478 1017 68 14 annan
563 1010 132 28 myndighet,
711 1017 45 14 som
773 1010 71 21 dertill
858 1009 133 22 förordnas*'.

277 1039 58 21 Herr
350 1047 46 13 von
419 1039 170 20 Willebrand:
611 1039 43 27 Jag
669 1040 68 19 måste
753 1041 56 18 ännu
827 1039 25 20 be
869 1045 33 14 om
919 1038 61 20 ordet
995 1037 33 20 för

207 1069 32 19 att
255 1067 112 21 hemställa
383 1068 30 20 till
433 1067 91 26 ståndet,
542 1067 103 20 huruvida
661 1067 36 20 det
712 1074 38 13 ens
768 1074 49 13 vore
834 1067 83 26 värdigt
932 1068 32 19 att
979 1066 6 20 i
1001 1072 26 13 en

207 1095 134 28 lagstiftning
356 1096 101 21 inblanda
473 1097 30 19 ett
519 1095 52 21 eller
587 1095 51 20 flere
654 1095 87 21 alldeles
752 1095 85 27 privata
848 1095 123 27 sällskaper,
982 1100 45 14 som

207 1125 48 20 icke
278 1124 99 21 förändra
398 1126 31 20 sin
446 1125 83 27 privata
548 1126 63 19 natur
627 1123 131 28 derigenom,
775 1126 32 18 att
823 1123 26 21 de
865 1123 22 21 af
901 1123 125 28 regeringen

208 1153 83 28 lyckats
308 1153 96 22 tillvinna
419 1154 32 27 sig
467 1152 105 27 tillfälliga
588 1153 75 26 anslag
673 1153 33 20 för
717 1152 27 21 de
756 1152 169 27 nödvändigaste
936 1151 93 27 löpande

208 1181 126 22 ärenderna.
351 1182 40 21 Om
401 1183 39 20 ock
449 1182 48 21 icke
505 1181 151 21 universitetet
667 1181 69 20 skulle
746 1183 51 25 taga
808 1181 36 20 det
853 1187 45 14 som
907 1187 26 14 en
943 1180 85 20 heders-

208 1210 46 26 sak,
270 1211 24 20 är
310 1210 36 21 det
362 1211 62 25 klart,
440 1213 31 18 att
487 1211 26 20 all
529 1210 136 27 försigtighet
681 1209 76 28 bjuder
773 1212 32 18 att
820 1209 47 21 icke
883 1209 6 20 i
900 1216 25 13 en
937 1207 91 28 lagstift-

207 1239 52 27 ning
282 1241 51 25 taga
354 1239 21 21 in
396 1239 175 22 bestämmanden
591 1238 111 27 angående
718 1238 83 27 privata
817 1238 124 27 sällskaper,
958 1237 69 20 såsom

208 1268 41 21 den
265 1267 130 28 föregående
411 1269 82 20 talaren
506 1267 105 24 anmärkt,
624 1274 44 14 som
680 1267 48 21 icke
739 1268 63 20 hafva
814 1267 32 28 sig
857 1268 66 25 några
935 1265 93 28 skyldig-

208 1296 62 21 heter
285 1295 107 22 åhvälfda.
423 1297 44 20 Det
483 1298 23 19 är
521 1298 55 19 ännu
594 1303 24 14 en
635 1296 46 27 sak,
698 1296 69 20 finska
779 1295 248 27 vetenskapssocieteten

208 1325 42 20 kan
271 1324 24 27 ju
320 1325 101 28 möjligen
444 1325 85 21 komma
552 1327 32 18 att
607 1325 67 20 ändra
689 1325 49 20 hela
756 1325 32 20 sin
806 1324 106 27 ställning,
929 1323 43 20 helt
988 1322 39 21 och

208 1352 65 22 hållet
289 1353 65 21 blifva
370 1361 25 14 en
412 1351 238 30 vetenskapsakademi.
669 1353 131 21 Försvinner
811 1353 68 20 finska
890 1351 139 27 vetenskaps-

208 1382 125 27 societeten,
350 1384 23 20 så
389 1383 120 20 försvinner
525 1382 107 27 sjelffallet
648 1382 40 21 den
705 1382 164 27 benämningen.
899 1381 43 27 Jag
952 1380 77 21 tvekar

208 1413 32 19 att
256 1412 51 27 säga
324 1411 55 22 hvad
393 1413 38 26 jag
448 1415 35 17 vet
499 1412 38 20 och
555 1411 55 21 hvad
626 1418 46 14 som
683 1411 92 27 troligen
792 1413 23 18 är
832 1417 24 14 en
870 1409 115 27 hemlighet
996 1408 33 20 för

207 1441 79 26 många
309 1440 140 25 närvarande,
473 1442 32 18 att
523 1440 40 20 den
583 1439 69 21 finska
668 1439 249 27 vetenskapssocieteten
933 1438 33 20 för
981 1438 46 19 när-

208 1468 94 21 varande
323 1468 33 21 för
375 1470 31 19 ett
421 1468 83 28 ganska
520 1468 94 28 tynande
630 1468 30 26 lif,
676 1474 25 14 en
718 1467 83 27 ganska
816 1466 94 28 tynande
926 1466 101 20 existens.

209 1496 43 21 Det
274 1498 24 20 är
321 1497 90 20 ledsamt
434 1500 33 18 att
485 1498 57 26 säga,
568 1504 49 13 men
637 1497 49 20 dess
705 1496 171 20 sammanträden
896 1496 37 19 äro
949 1494 79 27 ärligen

208 1525 63 29 högst
287 1526 26 24 få,
332 1526 40 20 och
388 1526 35 20 vid
439 1526 63 20 dessa
518 1525 21 20 få
553 1525 173 21 sammanträden
743 1524 65 21 hafva
823 1523 134 21 närvarande
974 1523 55 20 leda-
