1134 1803
452 120 38 15 Den
504 120 20 16 25
539 120 57 20 April.
903 120 12 20 5

119 176 105 26 nemligen
250 183 32 13 om
303 176 74 26 dylika
397 182 112 21 processer
525 177 58 19 emot
600 176 78 20 aflidne
695 182 103 20 personer
814 176 39 21 och
869 176 73 28 rättig-

120 204 64 20 heten
201 207 31 17 att
249 204 87 20 sålunda
354 205 25 26 på
396 206 41 18 sätt
455 204 38 20 och
512 204 30 20 vis
554 204 75 26 gräfva
642 211 42 21 upp
696 204 46 20 dem
756 211 24 13 ur
796 205 45 20 sina
850 204 91 28 grafvar.

120 233 155 27 Lagutskottet
292 233 36 20 har
345 233 72 20 härom
433 232 58 28 gjort
507 234 31 18 ett
555 232 79 28 tillägg,
652 233 80 20 hvilket
748 233 47 21 icke
811 233 66 20 finnes
894 233 5 20 i
911 240 32 13 re-

120 262 115 26 geringens
252 262 141 26 proposition;
410 262 36 20 det
463 261 33 20 mä
511 268 54 16 vara,
583 263 31 18 att
626 261 142 27 lagutskottet
782 262 3 20 i
797 262 68 20 denna
875 261 67 27 punkt

121 292 23 18 är
160 290 140 28 konseqvent,
321 297 47 13 men
382 290 38 27 jag
437 290 129 25 hemställer,
584 290 104 20 huruvida
706 290 35 20 det
758 291 22 19 är
797 292 49 24 rätt,
862 292 37 24 att,
917 289 26 21 dä

120 318 62 28 lagen
206 326 77 13 annars
303 318 64 27 hyser
386 318 39 20 den
445 318 92 20 humana
556 318 117 27 principen,
694 321 38 23 att,
750 318 26 21 dä
791 326 48 13 man
855 320 23 19 är
894 318 47 26 död,

121 354 47 13 man
186 348 44 19 stär
246 347 32 20 för
293 354 25 13 en
336 346 65 27 högre
417 347 93 25 domare,
527 348 25 18 än
565 346 209 27 kriminaldomaren,
788 347 75 27 frängä
873 347 70 20 denna

120 375 115 27 grundsats
252 375 5 20 i
274 375 58 20 detta
347 375 35 20 fall
399 375 38 20 och
455 375 67 20 tillåta
533 381 25 14 en
571 382 93 19 process,
675 375 145 27 hvarigenom,
833 382 33 14 om
878 376 64 26 något

121 403 87 21 dermed
232 403 53 21 skall
306 403 81 26 vinnas,
404 403 39 20 den
461 403 65 20 dödes
543 403 131 21 förhällande
692 403 5 20 i
714 403 93 21 lifstiden
823 404 6 20 i
845 406 31 18 ett
891 403 52 21 eller

120 435 66 18 annat
209 432 106 21 kriminelt
339 433 121 20 hänseende
478 433 46 19 äter
543 433 64 26 göres
624 432 30 20 till
670 432 89 21 föremäl
775 432 33 20 för
823 433 119 27 rättegäng,

121 461 39 20 och
181 461 39 20 han
241 461 107 20 förvinnes
365 461 30 20 till
413 461 66 26 brott;
496 463 22 24 ty
536 460 59 21 detta
611 461 68 20 måste
692 461 24 27 ju
733 461 38 20 ske
787 461 62 20 innan
866 461 76 20 skade-

122 489 62 21 ständ
200 489 41 21 kan
259 496 39 20 ega
314 496 51 13 rum.
397 489 42 20 För
455 490 41 19 min
514 489 33 20 del
565 491 45 18 tror
623 489 38 27 jag
677 489 59 20 detta
752 489 122 21 förfarande
890 496 52 13 vara

121 517 43 21 lika
179 520 56 19 orätt
251 525 44 13 som
313 518 93 27 onödigt.
429 517 74 21 Ehuru
517 518 38 27 jag
571 517 83 21 säledes
669 517 61 28 gillar
746 518 40 20 den
799 518 88 27 princip,
896 525 45 13 som

121 546 68 28 ligger
205 547 30 20 till
252 546 68 27 grund
335 546 32 21 för
384 547 152 26 lagutskottets
553 546 137 27 uppfattning
706 547 22 20 af
743 547 72 24 saken,
828 547 67 20 skulle
904 546 37 27 jag

121 574 54 21 dock
192 576 26 25 pä
239 574 88 21 anförda
347 575 44 20 skäl
409 574 91 27 anhälla,
517 576 31 19 att
564 574 152 28 förordningen
733 574 73 21 derom
823 574 70 21 kunde
910 581 31 13 er-

122 603 54 21 hålla
192 603 94 27 följande
303 603 92 27 lydelse:
411 620 11 8 ,,
433 603 23 20 Ar
473 603 57 20 tiden
547 602 33 21 för
596 603 133 21 anställande
746 603 23 20 af
782 604 42 20 åtal
841 603 32 21 för
885 603 57 21 brott

121 632 105 20 försutten
251 632 50 20 eller
324 632 40 20 den
386 632 111 27 brottslige
516 631 96 27 straffad,
634 638 50 14 vare
700 632 136 26 mälsegande
853 632 26 20 dä
895 631 46 21 icke

122 660 87 27 betaget
232 663 31 17 att
287 660 52 21 söka
359 660 131 21 skadeständ
509 660 33 21 för
561 660 82 20 brottet
662 660 57 20 inom
740 660 39 20 den
796 660 36 26 tid,
849 667 44 13 som
910 660 32 20 för

122 689 55 20 talan
194 689 5 19 i
216 688 148 28 fordringsmäl
381 689 142 21 föreskrifven
540 690 33 26 är;
589 688 41 21 kan
647 688 109 21 käranden
774 689 46 20 icke
836 688 47 22 med
894 695 47 14 san-

122 717 71 20 nolika
209 718 45 19 skäl
270 718 31 19 sin
318 718 55 19 talan
392 718 79 27 styrka,
488 724 40 21 ege
539 717 120 20 svaranden
673 719 41 18 rätt
725 720 32 17 att
766 717 175 20 rekonventions-

122 745 116 27 pästäende
254 748 56 18 emot
327 746 76 20 honom
420 745 77 26 utföra,
515 745 38 21 och
571 752 49 14 vare
637 745 6 21 i
660 745 37 28 thy
713 745 35 21 fall
760 745 48 27 den,
820 752 44 14 som
873 745 68 26 kärat,

121 773 95 22 förfallen
234 774 30 20 till
281 781 76 14 ansvar
372 775 65 26 enligt
452 775 6 19 i
474 774 114 28 kejserliga
604 773 152 28 förordningen
772 774 22 20 af
808 774 40 21 den
860 775 27 20 26
904 781 37 13 no-

120 803 87 20 vember
225 803 59 25 1866,
305 803 109 26 angående
429 803 54 20 falsk
501 803 118 27 angifvelse
636 803 38 20 och
691 809 69 14 annan
778 803 163 26 ärekränkning,

120 832 88 26 intagna
224 831 189 28 lagstadganden*.
446 831 74 20 Såsom
537 838 26 13 en
580 831 134 28 konsegvent
730 831 52 27 följd
799 831 61 20 häraf
874 832 67 19 måste

119 860 35 27 jag
173 859 62 21 äfven
255 867 50 13 anse
325 860 86 27 frägans
429 860 123 20 äterremiss
569 859 30 21 till
617 859 143 28 lagutskottet
775 859 33 20 för
824 859 117 28 omredige-

121 889 46 26 ring
183 889 38 20 och
239 888 173 27 omformulering
427 889 5 20 i
449 889 36 20 det
501 889 63 27 syfte,
582 895 44 14 som
640 889 38 26 jag
694 895 27 13 nu
733 888 45 20 haft
789 889 50 19 äran
849 888 92 21 förorda.

189 916 56 21 Herr
269 924 45 13 von
339 917 130 21 Schrowe:
495 917 42 27 Jag
557 917 62 20 utber
638 917 43 27 mig
700 919 32 18 att
748 917 20 20 fä
784 918 76 19 nämna
875 917 67 26 nägra

120 945 39 20 ord
176 945 5 20 i
197 945 70 20 denna
283 945 44 20 sak.
353 946 40 20 Om
410 946 162 27 ifrägavarande
589 945 77 27 nädiga
683 945 131 27 proposition
832 945 51 21 eller
899 945 42 27 lag-

119 974 117 21 utskottets
253 973 134 22 betänkande
407 974 76 21 blifver
501 977 94 24 antaget,
612 974 39 21 och
669 973 83 21 säledes
768 980 25 14 en
811 973 34 28 lag
860 974 5 19 i
882 973 59 21 detta

119 1003 57 27 syfte
194 1003 127 24 utkommer,
342 1003 75 20 blifver
432 1003 75 27 frågan
525 1003 47 26 den,
589 1003 53 20 huru
658 1002 61 27 lagen
736 1002 5 20 i
758 1002 113 27 praktiken
887 1001 54 21 skall

119 1031 113 27 tillämpas,
250 1031 51 20 huru
319 1031 80 20 brottet
415 1031 52 21 eller
481 1031 118 21 förseelsen
616 1030 54 21 skall
682 1030 110 21 befordras
804 1031 30 20 till
846 1031 47 26 laga
905 1037 36 14 an-

118 1066 55 13 svar.
206 1059 42 21 Det
264 1059 81 20 medför
365 1060 90 26 mycken
476 1062 45 18 stor
540 1059 116 27 svårighet,
676 1066 34 13 om
726 1066 25 13 en
769 1059 118 26 mälsegare
904 1059 37 20 har

118 1088 102 27 rättighet
237 1089 31 18 att
283 1087 54 20 efter
353 1088 107 27 utgången
477 1088 23 20 af
514 1087 26 21 de
555 1087 37 21 två
608 1088 49 20 åren
674 1087 53 20 söka
743 1087 124 27 ersättning.
899 1087 43 20 Det

118 1118 23 18 är
157 1116 121 27 egentligen
296 1117 125 26 mälsegare,
438 1123 44 14 som
499 1116 108 27 uppträda
622 1123 45 13 som
685 1115 117 27 angifvare,
818 1123 47 13 men
877 1115 27 21 dä
915 1115 26 20 de

118 1145 23 20 sä
157 1145 65 20 sällan
240 1145 112 27 uppträda,
368 1145 75 20 blifver
459 1145 36 20 det
511 1145 32 20 för
559 1145 107 20 allmänna
682 1144 115 27 äklagaren
814 1151 24 13 en
856 1144 85 27 mycket

118 1174 48 19 svär
189 1173 38 20 sak
247 1175 31 18 att
297 1173 130 21 kontrollera
447 1174 79 20 sädana
545 1173 121 21 förseelser.
697 1172 42 28 Jag
755 1173 85 20 förenar
855 1173 43 26 mig
914 1173 27 26 pä

118 1202 69 20 denna
205 1201 69 28 grund
293 1201 48 21 med
360 1202 74 20 herrar
451 1204 141 24 reservanter,
607 1201 129 27 lagmannen
754 1201 111 28 Cajander,
882 1201 59 20 dom-

118 1232 86 25 prosten
220 1230 89 21 Renvall
325 1230 40 21 och
382 1231 203 20 hofrättsassessorn
603 1229 121 28 Ohrnberg,
740 1237 33 13 om
788 1229 55 21 hvad
859 1229 26 21 de
896 1231 45 18 mot

118 1259 116 20 utskottets
252 1258 135 21 betänkande
403 1259 76 20 anfört.

186 1287 100 21 Friherre
307 1295 45 13 von
373 1287 83 21 Troil:
482 1287 42 27 Jag
543 1287 39 20 har
599 1287 76 27 begärt
691 1286 61 21 ordet
768 1286 76 21 endast
860 1286 33 21 för
909 1288 32 18 att

118 1315 82 21 biträda
219 1316 39 20 den
275 1316 23 20 af
312 1316 49 21 herr
377 1316 116 21 Edelsköld
510 1316 86 27 yttrade
614 1315 120 28 meningen,
751 1315 86 20 hvilken
850 1315 39 27 jag
904 1321 37 14 an-

116 1351 35 14 ser
174 1344 52 21 böra
248 1344 24 21 af
292 1344 150 27 ridderskapet
465 1345 40 20 och
529 1344 62 21 adeln
616 1344 26 27 pä
666 1343 36 21 det
723 1345 158 26 noggrannaste
905 1343 35 20 be-

118 1373 88 27 hjertas.

185 1401 57 20 Herr
258 1401 128 28 Pipping,
404 1401 113 21 Fridolf:
534 1401 73 21 Ocksä
615 1401 38 27 jag
665 1400 79 21 önskar
755 1400 75 21 förena
840 1400 43 27 mig
892 1399 48 22 med

117 1430 48 19 herr
184 1429 116 21 Edelsköld
320 1430 30 20 uti
367 1430 40 20 den
423 1430 24 20 af
461 1430 77 20 honom
555 1429 87 27 yttrade
657 1429 56 26 äsigt
728 1429 6 19 i
751 1428 73 26 saken,
839 1435 48 13 men
903 1435 38 13 an-

115 1458 66 20 håller
200 1457 104 27 derjemte
321 1461 31 17 att
368 1458 28 26 få,
413 1458 70 21 såsom
500 1460 32 18 ett
548 1458 128 27 ytterligare
692 1456 46 21 skäl
755 1456 31 20 för
802 1459 32 18 att
849 1456 48 21 icke
913 1462 26 14 en

114 1486 134 27 civilrättslig
264 1486 56 20 talan
337 1487 34 20 mä
388 1487 101 20 anställas
505 1488 58 19 emot
579 1486 78 20 afliden
674 1492 84 20 person,
770 1484 118 26 framhålla,
901 1483 38 21 hu-

114 1520 71 14 rusom
208 1514 41 21 den
273 1514 78 21 aflidne
371 1522 106 20 personen
497 1516 6 19 i
522 1514 102 27 lifstiden,
640 1514 70 20 säsom
726 1520 48 14 man
791 1512 67 22 under
873 1513 66 20 rätte-
