1134 1803
224 158 40 20 326
541 158 39 16 Den
594 158 20 16 24
629 158 41 20 Maj.

195 214 52 20 flere
270 214 133 26 fullmäktige
426 214 32 20 för
481 214 74 26 hvarje
580 214 73 26 stånd;
676 214 37 20 det
732 220 50 14 vore
799 213 82 20 kanske
898 213 73 27 nödigt
987 216 31 17 att

196 242 54 21 blott
273 244 50 25 säga
347 258 4 8 ,
354 242 161 27 fullmäktige".
546 242 42 27 Jag
611 242 55 21 fäste
691 242 42 26 mig
748 242 125 26 egentligen
891 241 75 21 endast
984 242 33 20 vid

196 271 62 20 ordet
275 271 126 27 ,,styrelse'';
417 271 36 19 det
469 272 22 19 är
508 271 47 20 icke
572 270 191 27 bankfullmäktige
780 277 45 13 som
842 272 59 25 styra
913 270 104 20 bankver-

196 300 44 25 ket,
257 299 75 20 endast
348 299 111 21 inseendet
475 300 59 20 öfver
551 300 95 20 bankens
662 299 131 26 förvaltning
808 298 81 28 åligger
905 299 54 20 dem.

266 327 55 21 Herr
338 327 147 21 Molander:
501 327 10 21 I
523 328 67 20 likhet
608 328 47 20 med
666 328 50 20 herr
727 334 40 14 von
779 326 118 22 Haartman
909 334 63 14 anser
980 327 38 27 jag

197 356 71 27 vigten
285 356 23 20 af
321 357 46 19 mitt
383 356 136 27 andragande
535 356 57 27 ligga
609 357 27 26 på
651 356 75 27 början
743 356 22 20 af
780 356 133 26 paragrafen,
930 356 38 20 der
981 356 37 20 det

197 385 70 20 heter:
284 385 119 27 ,,styrelsen
419 385 23 20 af
456 384 101 21 Finlands
574 385 58 20 bank
648 384 147 21 handhafves'
812 386 47 22 ctc.,
875 384 39 21 och
929 384 38 21 der
980 385 37 26 jag

197 413 55 26 ville,
276 415 31 18 att
323 413 36 20 det
374 413 6 20 i
397 413 223 20 öfverensstämmelse
636 413 47 20 med
700 413 232 27 landtdagsordningen
950 413 67 20 skulle

196 441 59 21 heta:
271 441 116 25 ,,inseende
403 442 60 20 öfver
480 442 96 20 bankens
593 442 131 27 förvaltning
740 441 146 20 handhafves*
903 444 40 17 ete.

265 469 57 22 Herr
338 470 187 27 Montgomery:
542 470 42 27 Jag
599 470 75 26 finner,
691 472 33 19 att
740 470 25 20 de
782 472 85 18 senaste
884 470 64 20 ärade
965 470 51 20 tala-

196 505 51 14 rene
270 500 52 19 stött
345 499 33 27 sig
400 499 34 20 vid
451 499 110 27 uttrycket
578 499 124 27 ,,styrelset.
734 498 48 21 Men
800 498 36 21 det
852 498 43 20 kan
909 499 23 26 ju
949 499 67 20 finnas

196 527 76 27 många
296 527 55 21 olika
375 527 45 27 slag
443 527 23 20 af
487 527 100 27 styrelse;
612 534 46 13 man
679 527 37 20 har
733 527 5 20 i
755 527 89 26 Sverige
861 527 107 27 begagnat
985 529 31 18 ut-

196 555 87 27 trycket
308 555 149 27 bankstyrelse
481 556 33 20 för
537 555 36 21 det
592 563 45 13 som
654 555 121 27 egentligen
793 555 49 21 icke
858 557 23 18 är
897 555 55 20 hvad
969 563 46 13 man

196 584 121 27 egentligen
342 591 73 13 menar
438 584 46 20 med
509 584 97 28 styrelse,
630 584 36 20 det
685 584 34 20 vill
736 585 58 26 säga,
812 584 74 25 högsta
904 584 112 26 styrelsen.

196 612 45 20 Här
257 612 5 20 i
280 612 89 27 kapitlet
385 612 110 21 afhandlas
511 612 134 26 stadganden
662 612 57 21 såväl
736 612 110 27 angående
863 612 153 20 bankfullmäk-

196 640 42 28 tige
255 641 38 20 och
311 641 108 27 angående
436 641 200 25 bankdirektionen,
654 641 38 20 och
709 640 150 21 öfverskriften
876 642 23 19 är
916 641 99 27 betingad

196 669 70 26 deraf;
283 670 163 26 förvaltningen,
463 670 23 20 så
497 669 48 21 vida
561 669 41 21 den
618 670 35 20 rör
664 669 126 27 detaljerna,
806 669 71 20 tillhör
889 669 126 21 bankdirek-

196 698 80 25 tionen,
292 698 39 20 och
347 698 46 20 deri
409 704 39 21 ega
466 698 191 27 bankfullmäktige
673 698 47 20 icke
736 700 32 18 att
784 698 105 27 intränga.
907 698 62 20 Hvad
981 698 34 20 be-

195 725 75 21 träffar
284 725 145 28 fullmäktiges
449 726 107 27 ställning,
573 727 23 20 så
612 728 23 19 är
652 726 40 20 den
709 726 172 20 karakteriserad
898 727 69 19 såsom
985 729 30 18 ett

194 754 110 27 inseende,
328 755 39 20 och
387 755 38 27 jag
448 755 67 20 skulle
539 755 33 20 för
591 755 42 20 min
654 755 32 20 del
706 755 64 20 hafva
786 754 110 27 ingenting
911 757 58 18 emot
985 758 30 17 att

195 782 62 21 ordet
273 783 90 28 styrelse
385 783 98 28 utbyttes
499 785 43 19 mot
558 783 60 20 detta
634 783 45 26 ord,
697 790 47 13 men
760 783 37 20 det
812 783 61 20 faller
889 783 32 27 sig
937 783 78 27 olämp-

195 811 39 28 ligt
250 813 32 18 att
299 813 51 26 säga
361 811 114 26 ,,inseende
487 811 59 21 öfver
555 811 39 22 och
603 811 129 28 förvaltning
742 812 22 20 af
774 811 101 20 Finlands
888 811 77 26 bank,**
977 812 38 20 och

192 839 29 22 dä
244 839 36 21 det
303 838 114 29 omöjligen
437 840 41 21 kan
495 840 111 21 betraktas
622 841 70 20 säsom
709 839 109 21 stridande
836 843 43 17 mot
895 840 119 27 landtdags-

194 868 127 27 ordningen,
345 869 90 20 emedan
459 869 40 20 alla
522 869 6 20 i
548 868 94 27 följande
662 869 125 26 paragrafer
802 868 105 26 ingående
925 869 90 20 bestäm-

194 897 77 26 ningar
292 904 34 13 om
350 897 203 27 bankfullmäktiges
573 897 129 27 befogenhet
721 897 47 20 icke
785 897 36 20 det
838 897 95 26 ringaste
949 897 66 21 strida

194 927 44 18 mot
262 925 130 25 densamma,
415 932 64 21 synes
502 925 49 28 mig,
575 928 31 18 att
622 926 32 19 för
673 925 37 20 dot
725 932 40 14 ena
782 925 61 20 ordet
859 931 26 14 en
901 925 113 21 förändrad

195 953 112 21 redaktion
323 953 48 22 icke
386 955 24 19 är
426 954 22 20 af
462 953 76 21 nöden.

263 981 57 21 Herr
337 982 141 21 Molander:
499 982 64 21 Hvad
579 982 101 20 rubriken
699 983 26 26 på
741 982 90 27 kapitlet
848 981 107 27 beträffar,
973 983 41 20 kan

193 1010 41 20 den
250 1010 111 28 redigeras
383 1010 94 21 sålunda:
493 1010 119 27 ,,Inseende
629 1011 61 20 öfver
706 1011 82 20 banken
806 1010 39 21 och
862 1010 49 21 dess
927 1010 86 21 förvalt-

194 1039 72 26 ning'';
283 1039 36 20 det
333 1046 40 13 ena
388 1039 125 20 ankommer
529 1040 26 26 pä
573 1039 199 27 bankfullmäktige,
789 1039 35 20 det
836 1039 67 20 andra
914 1041 23 18 är
949 1040 66 20 bank-

194 1066 147 21 direktionens
357 1067 120 27 äliggande.

262 1095 101 20 Friherre
379 1102 48 13 von
442 1095 81 21 Troil:
547 1095 74 20 Ehuru
637 1095 62 20 äfven
714 1095 37 27 jag
766 1101 63 14 anser
845 1095 109 27 uttrycket
970 1097 43 26 sty-

192 1123 55 21 relse
270 1123 34 21 för
319 1123 104 21 Finlands
442 1123 57 21 bank
515 1130 50 14 vara
582 1124 64 27 något
663 1124 124 27 oegentligt,
804 1124 22 19 sä
844 1124 39 19 kan
897 1123 40 28 jag
952 1124 61 26 dock,

192 1151 28 21 då
242 1151 36 21 det
301 1153 23 19 är
348 1152 137 27 temmeligen
507 1153 87 26 onödigt
610 1155 32 17 att
658 1152 65 21 tvista
740 1159 32 13 om
790 1159 70 18 namn,
877 1152 47 20 icke
941 1152 72 21 förena

193 1179 43 28 mig
252 1187 34 13 om
303 1180 102 21 herrarne
423 1180 122 21 Molanders
561 1181 39 20 och
615 1187 41 14 von
669 1180 129 21 Laartmans
810 1180 203 27 redaktionsförslag

191 1208 136 27 härutijnnan,
343 1209 89 20 emedan
449 1209 26 20 de
490 1209 133 27 åligganden,
640 1216 45 13 som
698 1209 118 20 tillkomma
825 1209 140 27 fullmäktige,
977 1216 35 13 en-

192 1237 38 27 ligt
247 1237 127 27 paragrafen
392 1237 110 27 verkligen
519 1239 36 19 äro
572 1237 86 25 sädana,
675 1240 31 17 att
722 1237 25 20 de
763 1237 48 20 icke
828 1237 70 20 kunna
914 1237 99 20 hänföras

192 1265 30 20 till
239 1267 46 22 ,,ett
305 1265 103 21 inseende
429 1265 60 21 öfver
504 1265 180 28 förvaltningen",
700 1268 15 17 t.
732 1273 32 12 ex.
782 1265 27 20 dä
824 1265 121 27 fullmäktig
960 1266 52 20 skall

191 1292 87 21 utfärda
300 1293 131 21 instruktion
453 1294 34 20 för
510 1295 304 26 kamreraretjenstemännen,
834 1294 82 20 besluta
933 1301 32 13 om
982 1294 29 20 in-

191 1321 110 21 rättandet
325 1322 22 20 af
368 1323 84 25 kontor,
472 1323 77 20 föreslä
565 1323 77 26 nödiga
658 1322 149 27 förändringar
823 1322 40 20 och
879 1322 83 20 besluta
978 1329 33 14 om

190 1349 135 28 afskrifning,
343 1357 32 14 om
397 1351 104 20 ackorder
516 1353 40 18 ete.
588 1350 42 21 Det
646 1352 23 19 är
685 1351 37 20 allt
738 1351 76 20 sädant
830 1357 44 14 som
891 1351 120 26 egentligen

189 1378 48 20 icke
254 1378 42 21 kan
316 1379 99 20 hänföras
433 1379 30 20 till
481 1379 60 20 ordet
558 1379 138 26 ,inseende'',
713 1379 39 20 och
768 1379 60 20 titeln
846 1385 48 18 ,,om
911 1379 100 20 inseende

190 1407 60 18 öfver
274 1406 85 21 banken
377 1407 39 20 och
441 1407 50 21 doss
506 1407 144 28 förvaltning"
666 1409 24 19 är
705 1407 84 21 derföre
806 1407 135 26 temmeligen
957 1407 54 20 otill-

188 1433 173 22 fredsställande.
393 1435 42 27 Jag
459 1435 106 21 erkänner
583 1435 59 25 visst,
663 1438 31 18 att
712 1436 154 26 benämningen
883 1435 91 27 styrelse
991 1435 22 20 af

189 1462 104 21 Finlands
310 1462 56 21 bank
382 1463 48 21 icke
447 1465 24 19 är
487 1464 127 26 fullkomligt
630 1464 72 24 exakt,
718 1470 46 14 men
781 1464 6 20 i
804 1463 53 20 brist
873 1464 27 26 pä
915 1462 96 29 förmäga

188 1492 32 19 att
237 1490 72 21 kunna
325 1491 82 21 utfinna
423 1492 66 27 nägot
504 1492 124 27 lämpligare
645 1492 68 20 skulle
726 1492 38 27 jag
778 1492 84 25 föreslä,
881 1493 32 19 att
924 1492 85 20 benäm-

187 1519 80 27 ningen
283 1519 56 28 finge
355 1520 88 28 gvarstä
459 1520 135 21 oförändrad.

255 1546 58 21 Herr
329 1547 146 22 Molander:
491 1548 50 21 Just
557 1549 26 20 de
599 1548 23 20 af
635 1548 90 21 friherre
736 1555 41 14 von
789 1548 58 20 Troil
859 1547 89 21 anförda
959 1548 51 27 ålig-
