1134 1803
436 130 39 15 Den
489 130 10 15 4
514 128 41 22 Maj.
858 129 25 20 63

88 185 86 27 förslag,
194 192 48 14 men
259 185 106 21 utskottet
381 186 38 20 har
435 188 72 18 ansett
523 186 40 20 den
581 185 121 27 föreslagna
718 186 94 26 utvägen
829 188 32 18 att
877 186 34 20 be-

88 213 52 21 reda
158 214 83 20 tillfälle
258 214 29 20 till
304 214 256 27 religionsundervisning
575 214 33 20 för
625 214 108 20 blifvande
749 214 163 22 folkskollärare

88 242 52 20 böra
155 242 6 20 i
178 242 68 28 någon
262 249 49 13 mon
327 242 93 28 afhjelpa
440 242 202 26 missförhållandet,
658 249 34 13 om
709 242 59 21 detta
784 243 66 21 ocksä
864 243 48 21 icke

88 270 124 28 derigenom
228 271 105 27 afhjelpes
348 274 83 24 genast.
455 271 81 21 Dervid
552 271 39 21 bör
607 272 86 20 märkas
704 271 208 27 stadgandet
839 266 10 37 i
861 266 56 37 folk-

88 298 223 28 skoleförfattningen,
334 302 31 18 att
385 300 5 20 i
409 300 119 20 folkskolor
550 300 49 20 icke
623 302 121 25 emottagas
764 300 86 27 sådana,
866 307 45 14 som

88 328 48 20 icke
159 328 85 20 erhållit
262 328 67 20 första
343 329 123 27 grunderna
481 329 6 20 i
504 328 272 27 kristendomskunskapen
794 328 52 22 eller
861 329 51 21 kän-

88 356 78 21 nedom
187 357 7 20 i
212 356 155 28 innanläsning.
398 357 49 20 Med
466 357 103 20 afseende
585 357 51 20 härä
653 357 38 20 har
706 357 108 21 utskottet
829 358 6 20 i
851 358 61 20 moti-

89 391 66 14 verna
174 385 62 20 äfven
253 385 100 28 päpekat,
369 387 32 19 att
417 385 256 27 examensfordringarne
689 385 33 20 för
737 385 84 21 inträde
837 386 7 21 i
859 386 53 21 folk-

89 413 75 20 skolan
188 413 72 20 kunde
282 414 65 27 något
369 413 122 22 modifieras
514 414 56 21 efter
593 414 57 21 olika
669 416 69 19 oriers
758 414 153 22 förhållanden.

90 441 158 28 Fordringarne
272 441 91 22 behöfva
386 442 47 21 med
453 443 86 27 hänsigt
559 443 31 20 till
606 442 164 28 grekisk-ryske
786 443 127 21 trosbekän-

90 477 51 14 nare
157 470 47 21 icke
220 477 51 14 vara
287 471 23 20 sä
325 473 65 25 stora,
406 473 51 19 utan
474 471 31 21 till
521 478 26 14 en
559 471 74 28 början
647 471 70 20 kunde
729 471 89 27 beviljas
826 471 87 28 dispens

89 498 33 21 för
145 499 55 25 dem,
224 505 45 14 som
290 499 23 20 af
333 501 31 19 ett
385 499 68 22 oblidt
473 500 48 27 öde,
541 500 71 21 säsom
628 499 62 21 desse
706 499 102 28 grekiske
824 500 87 21 trosför-

90 527 96 27 vandter,
210 527 47 21 icke
281 528 54 21 varit
355 528 6 21 i
382 528 83 21 tillfälle
488 531 33 18 att
544 529 96 20 inhemta
659 529 71 20 bättre
748 528 163 29 förkunskaper.

91 555 92 27 Dispens
200 555 68 21 skulle
285 556 70 21 kunna
372 557 89 27 beviljas
477 557 40 21 och
535 557 63 21 desse
614 557 170 20 trosförvandter
798 557 22 21 fä
830 557 83 21 inträde

90 584 5 20 i
112 584 153 25 folkskolorna,
284 584 54 21 blott
356 585 119 21 folkskolor
490 586 5 20 i
513 586 26 20 de
555 585 165 28 grekisk-ryska
735 585 178 28 församlingarne

90 614 84 26 engäng
190 612 68 21 skulle
275 613 95 25 inrättas,
387 616 23 25 ty
425 614 119 27 religionen
557 616 23 18 är
592 614 33 20 väl
637 614 37 20 här
686 614 36 20 det
733 615 80 19 största
821 614 91 22 hindret.

91 641 74 21 Blefve
189 641 85 21 derföre
290 642 37 20 der
343 642 118 21 folkskolor
476 642 115 27 inrättade,
608 643 23 20 sä
647 649 51 14 vore
714 642 26 21 de
755 643 101 27 grekiska
872 643 41 21 för-

89 670 150 27 samlingarne,
258 677 45 14 som
323 671 71 21 betala
414 671 206 28 bevillningsmedel,
637 671 135 27 berättigade
787 674 32 18 att
834 672 79 20 erhälla

89 698 117 21 understöd
228 698 32 21 för
279 699 79 21 sädana
378 699 55 21 fasta
448 700 127 26 folkskolor,
591 700 39 20 oeh
648 700 27 20 dä
690 706 48 14 man
755 700 74 21 dervid
845 700 68 21 skulle

89 734 23 13 se
131 733 77 21 genom
227 727 106 27 fingrarne
353 727 48 21 med
417 728 25 20 de
458 728 130 28 fordringar,
603 735 45 14 som
665 735 79 14 annars
761 728 31 21 för
807 729 84 20 inträde
906 729 6 20 i

90 755 74 20 skolan
188 756 125 27 uppställas,
333 756 67 21 skulle
427 756 108 21 blifvande
558 757 96 20 alumner
677 757 5 20 i
706 757 62 20 dessa
793 757 120 21 läroinrätt-

90 785 74 26 ningar
181 784 47 20 icke
244 784 34 21 för
293 785 108 20 bristande
418 785 160 28 förkunskaper
589 785 93 21 derifrän
694 787 134 26 utestängas.
851 785 11 21 I
873 786 40 21 alla

89 813 43 24 fall,
149 819 33 14 om
199 812 63 21 dessa
278 813 100 28 åtgärder
393 814 66 21 också
475 814 48 21 icke
539 816 77 25 genast
631 814 69 21 skulle
711 814 77 27 hjelpa,
800 815 67 20 måste
876 815 38 27 jag

90 841 54 21 dock
168 841 32 20 för
220 841 41 20 min
281 842 33 20 del
331 842 91 21 vidhålla
443 843 118 20 utskottets
578 843 64 26 äsigt,
658 844 31 19 att
704 842 48 21 icke
767 843 33 20 för
816 845 32 19 ett
862 843 52 21 fåtal

90 870 39 20 och
145 870 33 20 för
196 870 62 20 deras
274 870 87 27 möjliga
377 871 95 27 bildning
489 871 52 20 böra
557 871 79 21 införas
654 871 113 27 principer,
784 878 44 14 som
846 872 67 21 skulle

90 898 65 21 blifva
179 898 33 21 för
231 899 121 27 bildningen
373 900 6 19 i
399 899 46 21 hela
462 900 73 20 landet
550 900 7 20 i
573 900 43 27 hög
631 899 53 28 grad
700 899 152 28 ofördelaktigt
868 907 45 14 ver-

91 927 76 20 kande.

158 955 58 20 Herr
232 955 183 28 Godenhjelm:
430 956 43 28 Jag
491 957 48 26 kan,
555 957 70 20 såsom
640 957 38 28 jag
693 957 65 20 redan
775 958 80 25 nämnt,
866 957 47 21 icke

90 985 53 25 inse,
159 984 53 21 huru
228 985 69 26 någon
314 985 105 20 orättvisa
435 985 72 21 kunde
525 986 56 27 ligga
597 986 52 25 deri,
666 987 31 19 att
713 992 26 14 en
750 992 70 15 annan
832 986 82 28 prineip

91 1012 119 27 uppställes
226 1013 33 20 för
275 1013 25 20 de
316 1015 65 24 orter,
397 1014 38 20 der
450 1014 67 20 andra
534 1014 147 21 förhållanden
698 1021 40 20 ega
754 1021 54 19 rum,
818 1016 25 19 än
855 1015 6 20 i
873 1014 40 21 den

90 1041 68 27 öftiga
178 1041 62 21 delen
259 1042 22 20 af
296 1041 82 28 landet;
395 1044 22 25 ty
434 1042 26 21 de
476 1043 6 20 i
499 1042 72 21 denna
586 1043 39 20 sak
642 1043 121 27 uppställda
778 1043 136 27 principerna

90 1069 64 20 hafva
179 1069 68 20 blifvit
270 1072 93 24 antagna
382 1071 32 19 för
433 1070 40 21 den
495 1071 62 26 skull,
577 1073 32 18 att
625 1071 27 20 de
669 1071 108 20 befunnits
792 1071 122 28 lämpligast

89 1097 33 20 för
138 1097 40 20 den
196 1099 80 19 största
291 1098 60 21 delen
369 1099 22 20 af
406 1099 79 26 landet,
502 1106 45 13 som
564 1106 49 13 man
631 1099 73 20 härvid
715 1099 46 20 haft
772 1099 99 21 afseende
881 1100 34 27 på,

90 1126 66 20 ehuru
178 1126 26 21 de
224 1127 47 20 icke
294 1128 36 19 äro
353 1127 99 27 lämpliga
477 1130 16 18 t.
511 1134 34 14 ex.
561 1127 33 21 för
613 1128 41 20 den
676 1128 161 27 ifrågavarande
853 1128 61 21 delen

90 1155 22 20 af
126 1154 102 21 Karelen.
259 1154 47 21 Den
322 1155 68 21 första
401 1155 236 28 folkundervisningen,
648 1156 41 21 den
701 1156 159 28 undervisning,
869 1163 45 14 som

90 1183 109 20 meddelas
216 1183 6 20 i
239 1183 99 26 hemmet,
355 1185 23 20 är
395 1184 64 21 redan
471 1185 123 20 traditionel
607 1185 141 20 annorstädes
759 1185 6 20 i
777 1185 78 21 landet.
872 1185 43 21 Det

90 1212 42 20 kan
156 1211 84 21 således
259 1212 46 21 icke
325 1213 162 27 ifrågakomma,
505 1216 32 18 att
553 1214 70 26 någon
640 1213 68 21 skulle
724 1213 72 21 kunna
811 1215 52 26 göra
878 1221 36 13 an-

90 1240 64 27 språk
171 1241 33 26 på,
220 1242 31 19 att
268 1242 69 19 staten
354 1241 68 20 skulle
439 1242 141 27 understödja
596 1242 132 21 densamma.
751 1243 71 20 Annat
838 1244 23 19 är
877 1242 38 21 fal-

89 1269 37 26 let,
142 1275 45 14 som
204 1268 70 28 sagdt,
289 1269 6 20 i
311 1269 63 21 dessa
389 1270 59 20 delar
464 1271 23 20 af
502 1271 80 20 landet.
605 1270 40 21 Om
662 1271 20 20 vi
698 1273 14 18 t.
724 1277 34 14 ex.
770 1271 68 21 skulle
848 1271 67 21 tänka

90 1304 34 14 oss
141 1297 89 21 tillbaka
246 1297 30 20 till
293 1297 177 23 reformationens
487 1299 112 21 tidehvarf
608 1299 52 21 eller
670 1299 31 20 till
713 1299 66 21 slutet
789 1299 21 20 af
816 1299 99 21 katolska

89 1325 66 27 tiden,
164 1327 24 20 sä
198 1327 24 19 är
236 1325 37 21 det
285 1326 109 27 naturligt,
407 1329 32 18 att
451 1327 18 20 vi
482 1328 71 20 skulle
565 1327 103 28 uppställt
681 1327 31 21 för
725 1327 40 21 den
775 1328 67 27 öfriga
853 1328 61 21 delen

90 1355 22 20 af
126 1354 78 25 landet,
221 1354 33 21 för
270 1354 26 21 de
312 1355 54 20 hität
382 1357 98 19 närmare
497 1356 101 27 liggande
610 1356 118 26 trakterna,
740 1356 85 21 alldeles
834 1363 83 14 samma

90 1383 113 27 principer,
220 1389 44 14 som
282 1383 38 27 jag
336 1390 28 13 nu
381 1384 47 21 ville
444 1385 109 26 uppställa
569 1385 33 20 för
618 1385 40 20 den
675 1385 162 27 ifrägavarande
852 1385 63 21 delen

90 1411 23 20 af
128 1411 100 20 Karelen.
253 1411 47 21 Man
318 1412 39 20 kan
374 1412 48 21 icke
438 1414 59 25 säga,
514 1415 32 18 att
562 1413 40 20 den
620 1413 69 27 öfriga
704 1413 61 21 delen
782 1413 23 21 af
814 1414 101 21 nationen

88 1439 33 21 fär
137 1439 91 21 bekosta
244 1440 49 20 vära
309 1440 102 27 grekiske
428 1441 124 21 landsmäns
570 1442 102 26 bildning,
688 1444 23 25 ty
723 1442 62 20 desse
797 1442 70 20 betala
879 1442 36 20 be-

90 1467 169 27 villningsmedel
276 1468 42 20 lika
334 1468 33 21 väl
385 1475 44 14 som
447 1469 76 26 andra,
539 1470 40 20 och
595 1470 84 20 derföre
697 1470 63 20 hafva
775 1470 26 20 de
812 1470 104 27 rättighet

89 1498 31 18 att
137 1496 78 25 fordra,
232 1498 32 18 att
280 1496 26 20 de
322 1497 77 25 medel,
415 1504 45 14 som
477 1498 28 20 de
523 1498 78 26 betala,
618 1498 108 20 användas
744 1499 26 26 pä
780 1499 75 20 sådant
865 1499 50 25 sätt,

89 1527 31 17 att
137 1525 25 19 de
179 1525 21 19 få
216 1524 68 27 någon
302 1527 60 25 nyttä
379 1526 66 20 deraf.
476 1525 54 21 Icke
551 1526 68 28 ligger
635 1528 79 19 största
730 1527 135 27 svårigheten
882 1526 34 21 för
