1134 1803
443 125 40 16 Den
497 125 21 16 16
531 124 43 22 Maj.
853 124 40 21 191

94 181 242 29 jernvägsanläggning,
351 181 94 21 vidhålla
459 181 38 21 sitt
513 181 58 21 förut
586 181 83 21 fattade
685 180 78 27 beslut,
779 180 46 22 atti
837 181 84 27 petitio-

97 217 41 14 nen
154 210 128 21 ständernas
301 212 42 18 rätt
361 212 33 18 att
406 210 68 28 jemte
490 210 128 27 regeringen
635 210 87 27 deltaga
736 209 7 21 i
759 209 161 29 lagstiftningen

98 239 30 20 uti
143 238 164 29 ifrågavarande
323 240 62 20 ämne
401 238 66 21 borde
483 239 113 27 åberopas,
613 245 48 14 men
678 238 96 21 deremot
790 240 78 25 antaga
890 238 31 21 in-

98 267 131 28 bjudningen
246 267 5 21 i
267 266 67 22 andra
350 267 96 27 punkten
462 267 23 21 af
495 267 237 27 jemkningsförslaget.

236 295 58 21 Ifrån
311 295 164 27 bondeståndet,
491 295 149 21 innefattande
655 295 98 21 ståndets
769 295 82 21 beslut:

166 327 32 18 att
221 324 31 21 till
275 324 223 21 ekonomieutskottet
521 324 111 21 remittera
655 324 79 27 nådiga
761 323 160 29 propositionen

98 353 112 27 angående
229 352 140 28 tillverkning
387 352 39 21 och
442 352 128 28 försäljning
584 353 24 20 af
622 352 26 26 öl,
665 355 74 25 porter
754 352 39 21 och
809 352 67 21 andra
889 352 33 28 jä-

100 383 32 19 sta
148 381 103 28 drycker;

168 411 32 20 att
222 409 32 21 till
277 411 152 19 sammansatta
452 409 43 28 lag-
515 409 40 21 och
574 409 223 21 ekonomieutskottet
812 409 111 22 remittera

99 438 79 28 nådiga
193 438 160 28 propositionen
370 445 34 14 om
419 437 130 22 utfärdande
563 438 25 21 af
601 445 26 14 en
644 437 77 28 stadga
736 437 109 28 angående
863 438 58 21 flott-

101 467 50 28 ning
167 467 23 20 af
204 466 143 28 skogsalster;

168 497 32 19 att
216 496 113 27 godkänna
343 495 107 21 allmänna
464 495 209 21 besvärsutskottets
684 495 81 27 förslag
776 495 30 20 till
818 501 105 19 samman-

97 524 112 28 jemkning
224 525 24 20 af
262 523 25 22 de
303 523 178 28 skiljaktigheter,
498 530 45 14 som
558 523 102 21 förefallit
671 523 35 21 vid
717 523 101 21 ståndens
829 523 93 21 behand-

100 553 44 27 ling
166 553 23 20 af
210 553 143 27 petitionerna
375 559 33 13 om
428 553 35 27 lag
486 552 112 28 angående
613 552 104 26 vilkoren,
734 552 121 21 hvarunder
870 551 53 21 kon-

100 581 81 21 cession
198 583 32 19 att
245 581 6 20 i
268 580 87 22 Finland
371 581 72 27 bygga
455 581 93 27 jernväg
562 580 42 22 kan
621 580 23 21 af
658 581 128 27 regeringen
804 580 118 27 meddelas;

168 612 33 18 att
222 609 32 21 till
277 609 41 21 alla
337 609 60 21 delar
412 610 115 27 godkänna
542 609 108 21 allmänna
664 609 207 21 besvärsutskottets
887 609 36 21 be-

100 638 109 21 tänkande
232 638 6 20 i
258 638 115 27 anledning
393 639 23 20 af
429 638 106 20 särskilda
550 638 58 20 inom
624 638 101 28 samtliga
740 638 89 20 stånden
846 637 77 21 väckta

101 667 115 27 petitioner
239 666 90 21 rörande
351 666 211 28 skollagstiftningen
582 666 40 22 och
641 666 281 28 undervisningsväsendets

100 695 121 27 ordnande;

169 725 32 19 att
217 723 72 21 bifalla
304 723 29 21 till
351 730 26 14 en
393 723 128 21 hemställan
537 723 56 21 ifrån
609 723 107 21 allmänna
728 723 195 21 besvärsutskottet

100 752 31 21 till
155 751 86 22 ståndet
264 754 38 24 att,
325 752 32 21 till
379 752 193 21 åstadkommande
588 752 23 21 af
626 751 66 22 enhet
707 752 5 21 i
729 752 101 21 ståndens
846 751 77 26 beslut,

100 781 76 20 förena
192 781 32 27 sig
240 780 48 21 med
305 781 25 20 de
346 780 68 28 öfriga
430 780 90 21 stånden
535 787 33 14 om
586 780 137 21 uteslutande
738 787 26 14 ur
778 780 41 21 den
835 779 88 22 afsända

100 809 120 27 petitionen
243 816 34 14 om
300 809 96 21 artistisk
419 809 92 28 egande-
527 809 39 21 och
586 809 126 28 förlagsrätt
735 809 23 21 af
773 809 40 21 alla
829 808 94 28 speciela

102 838 170 27 bestämningar;

169 868 33 19 att
220 866 96 21 förkasta
334 867 107 20 allmänna
461 866 207 21 besvärsutskottets
684 866 150 27 tillstyrkande
849 865 74 22 betän-

102 895 69 20 kande
194 902 34 13 om
252 895 119 28 antagande
391 895 22 20 af
429 895 57 20 inom
504 895 151 27 ridderskapet
670 895 40 21 och
726 895 62 20 adeln
804 897 55 19 samt
875 894 48 21 bor-

102 923 139 28 gareståndet
256 923 79 21 väckta
351 923 183 28 petitionsförslag
550 930 34 14 om
600 923 122 21 inrättande
738 923 24 21 af
774 930 27 14 en
815 923 43 21 fast
869 923 54 20 läro-

102 952 42 21 stol
166 951 34 21 för
222 952 93 21 svenska
337 953 40 20 och
395 951 152 22 fornnordiska
565 952 94 27 språken
676 952 36 21 vid
728 952 114 28 kejserliga
857 951 66 21 Alex-

103 980 239 21 anders-universitetet
357 981 6 20 i
380 980 101 27 Finland;

170 1011 32 19 att
226 1009 30 21 till
275 1009 41 21 alla
334 1009 60 21 delar
413 1009 114 27 godkänna
542 1009 156 28 lagutskottets
714 1009 135 21 betänkande
864 1009 7 20 i
887 1015 36 14 an-

103 1037 86 27 ledning
212 1038 23 20 af
253 1037 77 28 nådiga
346 1037 161 28 propositionen
523 1045 34 13 om
574 1037 122 27 antagande
712 1038 23 21 af
748 1045 26 13 en
790 1037 133 27 författning,

103 1066 110 27 angående
229 1066 94 21 forntida
338 1066 184 21 minnesmärkens
539 1066 103 20 fredande
657 1066 40 21 och
713 1066 128 21 bevarande.

172 1094 104 27 Samtliga
299 1095 63 20 dessa
384 1093 198 29 protokollsutdrag
601 1094 59 21 lades
678 1094 27 21 ad
721 1097 54 24 acta,
791 1095 70 20 såsom
877 1093 47 20 icke

103 1123 153 21 föranledande
272 1123 30 21 till
319 1123 68 27 någon
404 1123 81 27 åtgärd.

174 1179 136 28 Föredrogos
333 1179 39 22 och
395 1180 114 21 bordlades
533 1180 31 21 till
581 1181 62 20 nästa
658 1179 158 22 sammanträde
832 1178 93 29 följande

104 1209 54 20 ifrån
175 1209 110 20 utskotten
301 1208 102 21 inkomna
417 1209 103 20 ärender:
895 1207 4 5 ”

172 1237 107 20 allmänna
297 1237 207 21 besvärsutskottets
521 1237 137 21 betänkande
673 1237 7 20 i
696 1237 114 27 anledning
825 1237 23 20 af
860 1235 65 22 väckt

105 1265 184 28 petitionsförslag
311 1266 90 20 rörande
424 1265 129 25 inrättande,
572 1265 132 28 utvidgande
720 1266 40 20 och
776 1264 149 22 bibehållande

104 1294 23 21 af
141 1294 58 21 vissa
215 1294 150 21 läroanstalter
381 1295 12 20 å
408 1294 105 21 särskilda
529 1297 59 18 orter
603 1295 56 20 inom
676 1294 84 26 landet;

173 1323 152 26 lagutskottets
343 1323 134 20 betänkande
494 1323 5 20 i
517 1323 115 27 anledning
645 1323 23 20 af
677 1323 78 27 nådiga
766 1322 159 28 propositionen

104 1351 112 28 angående
232 1351 89 26 ändring
337 1351 22 20 af
372 1351 13 20 3
401 1351 12 27 &
429 1351 6 20 i
451 1351 72 28 kongl.
539 1351 112 21 försäkran
668 1351 31 21 till
716 1351 155 28 borgerskapet
885 1350 40 21 och

105 1379 101 21 städerna
221 1379 41 21 den
279 1380 26 20 23
321 1379 104 21 Februari
441 1380 65 27 1789;

173 1407 152 28 lagutskottets
349 1408 137 21 betänkande
509 1409 7 20 i
534 1408 115 27 anledning
668 1408 23 21 af
707 1410 32 19 ett
754 1408 56 21 inom
827 1407 99 27 samtliga

104 1437 90 20 stånden
219 1436 63 21 väckt
299 1436 82 27 förslag
399 1437 92 19 rörande
510 1443 25 14 en
555 1437 135 27 underdänig
706 1437 88 27 petition
811 1443 33 13 om
861 1436 65 20 inrät-

104 1465 65 20 tande
188 1464 23 21 af
228 1464 47 21 icke
294 1464 81 21 mindre
391 1472 24 13 en
432 1464 78 27 högsta
525 1465 92 20 domstol
634 1466 26 19 än
676 1467 33 18 ett
725 1467 47 25 nytt
787 1463 138 22 embetsverk

105 1493 33 21 för
154 1493 119 21 kontrollen
291 1493 59 21 öfver
366 1493 163 27 lagskipningen
546 1494 5 19 i
568 1500 82 13 samma
661 1493 91 21 domstol
763 1493 39 21 och
813 1493 57 20 inom
881 1492 44 20 lan-

104 1521 37 21 det
157 1521 152 26 öfverhufvud;
