1134 1803
448 126 39 17 Den
501 128 20 15 25
535 127 59 21 April.
889 128 13 19 3

104 182 49 21 vida
169 182 36 21 det
220 184 24 19 är
259 182 87 22 alldeles
362 185 43 19 rätt
421 185 31 19 att
467 184 7 19 i
490 183 102 21 brottmål
610 183 38 21 alls
666 184 120 20 bestämma
802 184 68 26 någon
883 190 47 20 pre-

105 211 112 27 skription.
248 211 33 21 De
303 212 53 26 skäl,
377 218 44 14 som
441 211 84 21 derföre
545 212 5 20 i
572 212 117 20 allmänhet
706 212 62 27 pläga
785 213 92 25 anföras,
893 214 37 19 äro

104 239 48 21 icke
175 239 47 21 fullt
242 240 153 27 uttömmande,
419 240 39 20 och
475 240 26 20 de
517 242 37 18 äro
571 240 171 28 inkonsegventa
759 240 65 21 också
840 240 90 27 derföre,

105 270 32 18 att
153 268 179 21 urbotabrottmål
348 269 45 20 från
410 268 173 28 preskriptionen
601 270 36 19 äro
654 268 144 27 undantagna.
822 269 47 20 Men
881 268 50 22 hela

106 296 70 21 denna
192 296 61 28 fråga
268 297 60 21 faller
343 298 27 26 på
386 297 59 21 sidan
462 304 33 13 om
512 297 142 21 förevarande
671 296 51 27 sak;
739 297 38 20 här
792 299 24 19 är
832 297 53 21 blott
901 297 30 21 tal

106 331 42 19 om,
169 325 105 21 huruvida
291 332 48 14 man
355 325 39 21 bör
409 326 115 27 godkänna
539 326 41 20 den
598 326 90 27 princip,
705 327 32 19 att
756 325 2 21 i
775 326 39 20 och
831 326 47 20 med
895 326 36 21 det

106 353 120 21 kriminella
242 357 100 17 ansvaret
358 354 61 20 äfven
437 354 57 21 talan
511 361 33 14 om
562 354 156 21 skadeståndet
733 355 24 19 är
771 354 114 27 försutten,
902 354 29 21 el-

106 381 31 21 ler
160 382 41 21 den
222 383 89 26 princip,
327 384 32 19 att
374 382 57 21 talan
448 389 33 14 om
499 382 212 28 fordringsanspråk,
728 389 45 13 som
790 383 93 27 grundar
899 383 32 27 sig

122 411 12 20 å
151 411 63 26 brott,
231 411 84 20 likvisst
331 411 53 20 skall
400 411 55 20 inom
473 411 42 20 viss
532 411 48 20 civil
594 411 188 27 preskriptionstid
793 411 21 20 få
822 411 109 21 anställas.

126 440 24 19 ör
174 439 41 21 min
235 439 33 21 del
290 439 68 21 skulle
371 440 38 27 jag
425 439 5 20 i
448 439 110 27 principen
576 439 114 28 godkänna
706 439 40 21 den
763 446 75 14 senare
854 439 77 28 grund-

108 470 79 23 satsen,
211 468 89 20 emedan
317 468 24 27 ju
357 467 142 28 brottslingen
515 468 48 21 icke
580 475 76 20 genom
673 475 26 13 en
717 468 99 27 brottslig
832 469 100 27 handling

107 495 39 21 bör
170 496 71 21 kunna
264 496 87 21 tillvälla
374 497 32 26 sig
422 498 69 19 större
512 499 49 24 rätt,
582 498 26 19 än
624 497 42 20 den
682 497 77 26 laglige
776 497 154 27 medborgaren

108 531 51 22 eger
182 525 26 28 på
224 525 68 28 grund
308 525 23 20 af
344 527 31 18 ett
391 525 76 28 lagligt
483 525 59 21 aftal.
574 525 44 20 Det
633 527 23 18 är
672 525 66 20 likväl
753 533 26 13 en
796 527 68 19 större
880 525 50 21 skil-

108 553 42 21 nad
166 553 91 21 emellån
274 553 60 21 civila
350 553 201 27 fordringsanspråk
568 554 5 20 i
590 553 116 21 allmänhet
722 554 39 20 och
778 554 32 26 de,
822 561 44 13 som
878 561 53 20 upp-

108 582 90 20 kommit
220 583 28 27 pä
270 582 69 27 grund
362 582 23 20 af
399 582 64 26 brott,
479 584 26 18 än
519 582 38 28 jag
573 581 75 25 finner,
666 585 31 17 att
713 582 142 27 lagutskottet
871 583 6 20 i
893 583 37 19 sitt

109 610 136 22 betänkande
269 610 38 21 har
328 611 83 20 uttalat.
443 610 76 21 Denna
535 610 84 21 skilnad
636 611 68 20 mäste
720 618 46 13 man
784 612 52 26 göra
851 611 32 20 för
899 611 32 27 sig

109 638 50 28 sjelf
174 638 52 27 klar,
243 646 33 13 om
294 646 46 14 man
358 639 35 21 vill
409 639 135 27 fullständigt
560 639 52 24 inse,
629 640 104 20 hvarthän
751 642 31 18 ett
798 639 131 28 stadgandei

108 666 40 22 den
165 668 102 27 syftning,
284 675 44 13 som
345 668 40 20 den
403 668 77 27 nådiga
496 668 161 27 propositionen
674 668 39 20 och
730 668 153 26 lagutskottets
895 668 35 20 be-

108 696 108 21 tänkande
240 696 105 26 förordar,
364 697 121 26 egentligen
506 696 85 21 komme
610 699 32 17 att
661 696 55 20 leda.
746 696 34 21 Dä
793 696 38 27 jag
846 696 38 21 har
899 698 32 19 ett

109 724 81 27 vanligt
204 724 60 21 civilt
280 724 200 29 fordringsanspräk
497 725 39 20 och
553 725 35 20 vill
600 726 52 25 göra
664 724 36 21 det
710 724 106 27 gällande,
828 725 103 20 behöfver

106 753 38 26 jag
167 753 34 20 vid
217 753 90 20 domstol
325 753 53 20 blott
394 753 52 20 söka
462 755 31 18 att
509 754 19 19 få
545 753 36 20 det
597 753 97 26 erkändt,
712 760 46 14 men
775 753 36 21 det
827 754 22 19 är
865 753 65 21 redun

108 781 58 20 förut
182 782 69 20 säsom
268 782 75 20 sädant
360 781 118 26 bestämdt;
491 782 37 27 jag
545 783 39 26 gör
600 782 36 20 det
652 781 54 20 blott
720 782 122 20 sedermera
859 782 5 20 i
883 782 48 27 laga

109 809 90 28 ordning
219 810 104 27 gällande.
356 810 65 20 Detta
437 812 23 18 är
476 810 47 20 icke
539 810 59 20 fallet
615 810 47 20 med
680 810 26 20 de
722 809 208 29 fordringsanspräk,

109 845 45 14 som
178 838 82 27 grunda
281 839 32 26 sig
330 839 25 26 pä
370 841 31 18 ett
418 838 107 21 brottmäl.
557 839 33 20 De
607 838 63 21 hafva
686 838 124 27 visserligen
827 839 104 26 uppkom-

109 867 38 20 mit
172 867 130 27 derigenom,
318 869 32 18 att
366 874 25 13 en
408 867 99 27 brottslig
524 867 101 27 handling
640 867 114 25 föröfvats,
770 874 46 13 men
834 867 58 20 detta
908 869 23 18 är

108 895 48 21 icke
173 902 41 20 nog
230 896 32 19 för
278 898 31 18 att
324 897 52 26 göra
392 896 47 20 dem
456 895 47 20 fullt
520 896 119 25 bestämda;
654 895 26 20 de
694 895 63 20 blifva
770 895 53 21 först
834 897 97 19 närmare

109 923 112 21 bestämda
236 931 77 20 genom
331 924 193 27 undersökningen,
541 931 45 13 som
602 924 85 20 utreder
703 924 93 21 brottets
812 923 119 28 verklighet

109 952 39 21 och
173 952 226 28 skadeersättningens
424 953 83 27 belopp.
540 952 73 21 Ehuru
632 952 26 21 de
674 952 62 21 alltså
752 952 64 21 hafva
831 953 31 20 sin
879 959 53 21 upp-

110 981 92 20 rinnelse
218 981 6 20 i
240 988 25 13 en
283 982 99 27 brottslig
399 981 107 27 handling,
524 981 72 20 kunna
612 981 25 20 de
654 981 84 20 likvisst
753 981 47 20 icke
817 981 46 20 fullt
877 981 54 27 jem-

109 1010 57 20 föras
183 1009 47 20 med
247 1017 25 13 en
289 1017 68 13 annan
375 1010 133 27 civilrättslig
524 1010 93 25 fordran,
634 1009 71 20 förrän
726 1009 206 21 brottmälsdomsto-

110 1038 33 20 len
159 1045 77 19 genom
255 1038 50 27 laga
325 1039 158 26 undersökning
502 1039 134 25 fullständigt
655 1038 73 20 utredt
744 1038 74 27 sjelfva
835 1038 36 21 det
886 1038 46 21 fak-

110 1068 52 23 tum,
178 1066 82 27 hvarpä
276 1067 69 20 denna
361 1067 84 20 fordran
463 1067 95 26 grundar
574 1067 38 26 sig.
644 1066 114 27 Principen
777 1066 4 20 i
799 1066 39 20 den
855 1066 77 27 nädiga

111 1095 169 27 propositionen,
304 1095 75 20 liksom
400 1095 5 20 i
425 1095 154 27 lagutskottets
597 1094 142 25 betänkande,
755 1096 23 19 är
794 1101 27 14 nu
837 1094 48 26 den,
901 1097 32 18 att

110 1123 55 20 efter
187 1123 40 20 den
252 1123 119 21 kriminella
395 1123 226 28 preskriptionstidens
641 1124 80 26 utgäng
740 1123 83 20 stratfet
844 1122 31 21 för
891 1123 41 20 den

110 1152 92 27 olagliga
227 1151 126 27 handlingen
376 1152 101 25 förfaller,
501 1159 47 14 men
573 1151 160 28 undersökning
752 1150 111 28 angäende
883 1151 50 21 den-

110 1187 81 14 samma
214 1181 84 20 ändock
322 1181 30 20 får
375 1187 41 20 ega
440 1187 44 14 rum
505 1181 32 20 för
557 1179 163 22 bestämmande
736 1180 22 20 af
772 1179 160 21 skadeståndet.

111 1208 31 21 En
167 1209 65 20 sädan
252 1209 113 27 utredning
385 1210 68 20 mäste
472 1209 53 20 först
546 1209 102 27 försiggä,
665 1209 39 20 och
721 1208 40 21 den
778 1215 93 20 process,
887 1215 46 14 som

111 1237 88 20 sålunda
217 1239 96 26 uppstår,
333 1239 23 19 är
372 1239 26 26 pä
415 1245 26 13 en
457 1239 56 26 gång
529 1237 120 20 brottmäls-
666 1237 39 20 och
721 1237 147 26 civilprocess;
892 1236 41 21 den

111 1266 41 21 kan
176 1265 68 28 aldrig
264 1273 62 13 anses
346 1273 51 13 vara
414 1267 90 19 allenast
520 1273 25 13 en
563 1268 47 18 rent
626 1265 47 21 civil
692 1272 92 21 process,
802 1267 21 25 ty
841 1265 92 20 brottets

110 1294 51 21 fulla
184 1294 121 28 verklighet
329 1295 54 20 skall
406 1295 54 20 först
483 1295 94 25 utredas,
596 1294 110 20 äfvensom
727 1294 206 27 gerningsmannens

110 1323 70 26 skuld,
206 1323 63 20 innan
289 1323 66 26 några
373 1323 203 27 fordringsanspråk
592 1325 44 18 mot
652 1322 78 21 honom
746 1322 72 21 kunna
833 1322 100 27 grundas.

112 1351 32 21 Då
168 1359 48 13 man
240 1351 83 21 derföre
343 1351 106 28 lagstiftar
469 1352 6 19 i
495 1354 31 18 ett
543 1351 77 21 sådant
636 1353 68 24 ämne,
722 1351 38 20 bör
775 1357 47 14 man
840 1357 55 20 noga
911 1357 22 14 se

111 1379 38 26 till,
172 1382 32 19 att
224 1387 48 13 man
291 1380 47 21 icke
360 1387 75 22 genom
453 1382 32 18 att
501 1380 38 20 här
555 1379 107 27 medgifva
679 1379 149 27 målseganden
845 1380 42 19 rätt
903 1378 31 21 till

112 1408 131 21 skadestånd
266 1409 81 20 lemnar
363 1415 25 14 en
405 1410 69 25 öppen
491 1408 50 21 dörr
557 1408 33 20 för
606 1408 99 20 ohemula
720 1408 49 25 åtal,
786 1407 71 20 hvilka
872 1407 63 27 skyla

111 1437 33 27 sig
167 1437 77 21 bakom.
268 1437 40 21 den
327 1437 148 27 civilrättsliga
494 1437 88 20 formen.
614 1436 42 27 Jag
675 1436 37 20 ber
731 1438 31 18 att
780 1436 22 20 få
817 1435 116 27 förtydliga

112 1464 56 22 hvad
182 1465 37 27 jag
240 1472 74 14 menar
331 1472 78 20 genom
425 1467 32 18 ett
473 1465 110 27 exempel:
599 1472 25 12 en
641 1471 77 20 person
736 1464 38 20 blir
790 1464 24 20 af
827 1470 24 14 en
863 1469 70 14 annan

111 1493 69 21 stämd
196 1493 56 21 inför
268 1495 55 19 rätta
340 1494 27 26 på
382 1493 69 27 grund
467 1493 68 26 deraf,
551 1495 33 19 att
599 1500 77 20 genom
693 1500 25 14 en
736 1492 22 21 af
772 1492 40 21 den
829 1492 57 20 förre
899 1491 35 21 be-

110 1522 85 26 gången
219 1522 99 27 brottslig
336 1522 101 27 handling
455 1522 41 20 den
513 1522 65 20 andre
595 1522 37 20 har
648 1521 70 21 blifvit
734 1520 96 26 lidande;
853 1519 82 21 brottet

844 1560 22 15 1”
