1134 1803
229 112 40 20 108
546 115 39 15 Den
600 115 19 15 11
634 114 42 20 Maj.

200 168 49 28 graf
263 169 44 25 har,
325 170 69 20 såsom
411 170 62 20 äfven
490 170 108 20 utskottet
614 170 123 26 framhållit,
755 170 82 27 utgjort
853 172 32 18 ett
896 170 129 20 tvisteämne

200 198 76 20 nästan
293 199 32 20 för
341 198 40 20 alla
397 198 56 25 dem,
469 206 45 13 som
532 199 102 27 handlagt
646 198 163 28 ifrågavarande
821 198 85 21 ärende.
929 198 30 20 De
971 201 55 17 mest

200 226 119 22 olikartade
343 227 80 27 åsigter
446 234 33 13 om
500 228 160 27 behöfligheten
677 228 22 20 af
714 228 123 26 kroppsaga
853 227 39 20 och
909 234 33 13 om
960 227 65 20 befäl-

201 255 98 21 hafvares
323 256 103 27 rättighet
447 258 32 18 att
495 256 72 20 utdela
584 257 122 27 kroppsaga
722 256 63 20 hafva
802 256 56 27 gjort
875 256 32 26 sig
923 255 103 28 gällande.

201 283 43 21 Det
259 284 80 28 förslag
355 284 30 20 till
403 284 125 28 författning
544 285 6 20 i
566 286 79 25 ämnet,
663 292 45 13 som
726 285 22 20 af
763 292 26 13 en
806 284 80 21 komité
904 284 53 20 varit
973 290 52 20 upp-

201 312 79 27 gjordt,
296 312 117 22 innehåller
429 320 26 13 en
472 313 78 27 mängd
566 314 66 20 andra
649 313 161 27 bestämningar
827 313 80 20 derom.
932 313 45 20 Den
990 313 35 19 nå-

201 340 49 28 diga
266 342 160 27 propositionen
443 343 38 25 går
498 349 25 13 en
539 342 113 27 medelväg
668 342 91 20 emellan
776 342 26 20 de
814 342 57 20 olika
882 342 85 27 åsigter,
980 348 45 13 som

200 369 58 27 gjort
274 370 32 27 sig
321 369 106 28 gällande.
459 369 113 22 Utskottet
588 371 44 25 har,
650 377 64 20 synes
731 371 37 19 det
784 370 49 27 mig,
851 370 46 27 gått
913 377 42 20 nog
966 369 60 28 långt

200 398 7 20 i
223 398 116 21 liberalitet.
363 401 57 18 emot
443 398 158 28 besättningen,
625 398 27 21 dä
668 399 36 20 det
720 399 76 20 endast
812 398 30 21 till
859 401 79 24 ytterst
953 399 21 20 få
990 398 35 20 fall

201 427 114 20 inskränkt
338 427 157 21 befälhafvares
511 427 131 28 befogenhet
658 428 6 19 i
676 427 61 21 detta
752 427 108 24 afseende,
878 427 104 27 nemligen
1000 427 27 20 då

202 455 41 20 nöd
266 455 51 21 eller
339 456 173 27 öfverhängande
536 457 44 20 fara
597 456 107 21 nödsakar
720 456 146 20 befälhafvare
882 457 31 19 att
930 455 97 21 använda

202 484 123 27 kroppsaga
347 486 44 19 mot
407 485 142 27 uppstudsige
566 485 52 20 eller
635 485 85 27 olydige
736 485 90 27 sjömän.
858 483 43 22 Det
918 484 37 21 bör
971 484 55 21 dock

202 513 150 20 konsidereras
377 515 31 18 att
431 514 36 20 det
491 515 23 19 är
534 515 32 19 ett
582 513 262 27 undantagsförhällande,
861 513 68 20 under
945 513 81 20 hvilket

202 541 119 28 skepparen
347 542 94 20 befinner
462 543 32 26 sig
513 542 88 21 ombord
620 543 26 26 på
662 543 37 19 sitt
715 542 80 27 fartyg;
812 541 40 20 ban
870 542 37 20 har
923 542 46 20 icke
985 542 41 19 till-

202 571 60 19 träde
279 570 30 20 till
326 570 91 20 domstol
434 571 51 20 eller
501 571 66 20 andra
584 571 158 27 myndigheter,
758 570 40 20 han
816 570 68 22 måste
900 571 20 19 få
936 577 51 13 vara
1003 571 23 19 så

203 599 85 27 mycket
312 598 61 21 herre
398 600 26 26 på
447 599 38 21 sitt
507 600 75 26 skepp,
606 602 31 17 att
654 600 40 20 han
712 606 51 20 eger
779 598 37 21 der
833 599 74 19 utöfva
922 600 32 18 ett
969 599 57 26 slags

202 627 113 20 domsrätt.
348 629 37 19 Att
409 628 36 20 det
462 628 108 27 praktiskt
586 628 65 20 också
668 628 54 20 visat
740 628 32 26 sig
788 634 51 14 vara
855 627 22 20 af
892 627 67 21 nöden
976 628 50 20 åda-

204 656 101 27 galägger
329 656 40 20 den
393 656 139 25 reservation,
555 663 43 13 som
624 656 98 28 nedlagts
746 657 22 19 af
789 663 25 13 en
832 656 195 25 utskottsledamot,

202 684 49 21 herr
266 684 101 26 Krogius,
388 685 50 27 sjelf
452 692 25 13 en
495 685 113 27 insigtsfull
626 685 129 27 sjöfarande,
772 684 39 21 och
829 684 84 20 hvilken
931 691 48 13 man
995 685 30 19 in-

201 713 93 27 galunda
317 713 45 20 haft
378 714 46 19 skäl
440 716 31 17 att
487 714 77 19 tillvita
582 714 52 20 brist
651 714 26 26 på
695 713 118 20 humanitet
830 713 56 20 hvad
903 713 122 20 behandlin-

202 748 41 21 gen
267 741 22 21 af
310 741 101 27 sjöfolket
431 742 106 21 beträffar.
569 741 48 21 Han
635 742 37 20 har
688 741 6 21 i
711 741 31 21 sin
760 741 131 20 reservation
908 741 47 21 icke
973 741 54 20 blott

203 771 130 26 protesterat
349 774 44 16 mot
409 771 36 20 det
461 771 85 26 förslag,
564 771 106 20 utskottet
680 771 64 26 gjort,
757 773 51 17 utan
820 769 31 20 till
864 770 39 20 och
912 769 47 21 med
970 770 57 20 velat

202 799 28 26 gå
252 799 72 26 längre
343 799 5 20 i
367 799 103 20 afseende
489 800 12 19 å
520 799 133 27 skepparens
670 799 203 26 bestraffningsrätt,
890 800 25 19 än
932 798 40 21 den
990 799 35 20 nä-

202 827 49 27 diga
274 827 160 28 propositionen
452 830 112 25 upptager.
596 827 47 21 Den
661 827 76 28 nådiga
754 827 160 27 propositionen
931 827 94 20 innehål-

202 856 31 20 ler
249 855 113 28 nemligen,
379 858 31 19 att
425 857 64 27 ingen
507 856 135 27 handgriplig
658 855 176 27 tillrättavisning
850 855 32 20 får
898 863 38 19 ega
949 855 46 21 rum
1006 855 23 21 af

204 884 149 27 befälhafvare,
377 885 70 20 förrän
467 885 41 20 han
524 884 72 21 derom
612 885 107 27 öfverlagt
734 884 48 21 med
799 884 70 27 någon
886 884 23 20 af
922 884 37 20 sitt
974 884 51 21 folk.

203 913 72 27 Enligt
291 913 42 20 min
350 913 137 28 uppfattning
497 915 23 18 är
533 913 61 20 detta
605 913 119 28 stadgande
735 915 31 18 ett
778 912 126 21 välbetänkt
916 912 109 21 korrektiv

202 944 58 17 emot
276 941 127 28 öfverilning
419 943 12 20 &
447 943 132 26 skepparens
596 942 52 26 sida,
664 942 52 20 eller
727 944 31 18 att
770 941 41 20 han
823 941 47 20 icke
882 941 5 20 i
899 941 126 20 vredesmod

203 971 34 19 må
260 971 52 26 göra
333 971 66 27 något
417 971 82 20 sådant.
531 970 67 21 Detta
617 970 104 21 förbehåll
739 970 37 20 har
794 969 117 21 utskottets
928 969 98 27 ledamot,

204 999 49 20 herr
269 998 103 27 Krogius,
387 999 55 28 tagit
458 999 54 24 bort,
529 999 41 20 han
587 999 38 20 har
641 999 47 20 icke
701 999 81 20 fordrat
794 998 66 26 något
871 998 76 21 sådant
958 999 69 20 vilkor

202 1027 39 20 och
265 1027 83 20 således
369 1028 45 27 gått
430 1028 73 27 längre
519 1029 25 18 än
561 1027 162 28 propositionen
740 1027 30 20 uti
788 1026 172 21 befälhafvarens
977 1028 48 19 rätt.

202 1055 72 21 Jemte
291 1056 36 20 det
340 1056 38 27 jag
394 1063 69 19 anser,
479 1058 31 18 att
526 1063 47 13 man
591 1056 39 20 bör
645 1055 56 21 fästa
717 1055 92 27 mycken
828 1055 43 27 vigt
888 1055 33 20 vid
933 1055 54 20 hvad
999 1063 26 13 en

203 1083 97 27 praktisk
318 1091 48 13 man
382 1086 75 25 yttrat,
474 1084 41 20 kan
529 1084 38 27 jag
582 1083 48 21 icke
647 1083 83 21 biträda
746 1083 118 20 utskottets
877 1083 85 27 förslag,
975 1086 50 17 utan

203 1119 69 19 anser,
289 1114 32 18 att
337 1113 40 20 den
395 1113 116 26 medelväg,
528 1119 44 14 som
591 1112 161 28 propositionen
764 1111 5 20 i
782 1111 60 20 detta
853 1111 101 21 afseende
967 1112 58 20 inne-

203 1140 73 25 håller,
291 1142 24 19 är
334 1141 40 21 den
392 1143 62 24 rätta,
471 1141 151 27 tillstyrkande
638 1141 96 25 sålunda,
751 1142 32 18 att
800 1139 40 21 den
856 1140 77 27 nådiga
950 1147 75 20 propo-

203 1169 104 20 sitionens
323 1171 47 19 text
387 1170 65 20 måtte
468 1172 96 24 antagas.

271 1197 58 20 Herr
353 1197 151 21 Edelsköld:
529 1197 71 21 Afven
615 1197 38 28 jag
670 1197 40 21 kan
727 1197 49 21 icke
792 1197 32 20 för
840 1197 41 20 min
899 1196 34 21 del
950 1197 75 20 under-

203 1225 71 28 stödja
297 1226 119 21 utskottets
433 1226 135 21 betänkande
588 1226 5 20 i
613 1226 60 27 fråga
690 1233 33 13 om
740 1226 11 27 8
769 1226 33 20 62.
833 1225 114 20 Utskottet
963 1232 63 21 synes

203 1255 42 26 mig
269 1254 38 21 der
329 1255 63 20 hafva
415 1256 70 26 utgått
507 1255 53 20 ifrån
585 1261 26 14 en
635 1254 87 21 alldeles
745 1254 48 21 icke
813 1254 80 20 hällbar
909 1254 116 27 synpunkt.

203 1283 63 20 Först
289 1283 39 20 och
345 1284 74 20 främst
435 1290 63 20 synes
515 1283 106 20 utskottet
637 1283 45 20 helt
698 1283 38 20 och
753 1282 67 21 hållet
836 1282 69 25 tveka,
922 1283 105 20 huruvida

202 1313 58 18 emot
284 1318 56 21 unga
362 1312 157 27 skeppsgossar
536 1318 40 21 aga
592 1318 37 14 ens
646 1311 68 20 skulle
730 1311 87 20 tillåtas.
849 1310 41 21 Vid
907 1311 66 20 första
991 1311 35 26 på-

202 1339 90 21 seendet
315 1347 36 14 ser
373 1341 76 20 sådant
468 1341 87 20 humant
573 1342 29 22 ut,
620 1346 47 14 men
685 1340 27 26 på
728 1340 48 27 sjön
792 1339 133 20 förekomma
941 1339 42 25 fall,
1000 1339 27 21 då

200 1369 46 26 just
269 1369 26 20 de
319 1370 6 19 i
347 1369 87 20 främsta
454 1371 91 18 rummet
565 1369 51 20 böra
632 1375 57 20 agas.
721 1367 45 21 Det
782 1367 80 21 händer
878 1367 51 26 ofta,
945 1370 39 23 att,
1001 1368 26 20 då

202 1397 96 27 fartyget
321 1397 70 27 seglar
415 1400 29 23 ut,
467 1397 64 21 bland
551 1397 148 27 jungmännen
725 1396 97 21 befinner
844 1396 32 27 sig
892 1397 70 26 någon
978 1397 47 19 med

202 1425 66 27 högre
293 1425 101 28 bildning.
424 1425 43 21 Det
491 1427 23 19 är
535 1425 67 21 redan
625 1425 33 20 för
680 1425 94 27 skeppet
798 1431 25 13 en
847 1425 4 19 i
876 1425 40 19 och
939 1425 33 19 för
994 1425 16 19 si

201 1454 82 26 ganska
299 1456 45 18 stor
360 1454 52 26 fara,
429 1461 32 13 om
479 1454 40 20 den
536 1454 116 27 ynglingen
668 1453 47 21 icke
731 1454 25 19 är
772 1452 129 28 fullkomligt
913 1452 70 21 bildad
995 1453 31 20 för

201 1482 167 27 sjömansyrket,
384 1489 47 13 men
449 1483 39 19 han
507 1482 85 20 utöfvar
607 1482 111 20 dessutom
730 1481 28 27 på
770 1481 150 27 besättningen
931 1483 32 18 ett
972 1483 55 19 stort

200 1510 127 28 inflytande,
349 1511 40 21 och
413 1512 69 20 såsom
499 1511 150 20 erfarenheten
666 1510 70 27 gifver
752 1510 36 20 vid
804 1509 91 26 handen,
911 1511 37 19 äro
964 1509 62 22 desse
