1134 1803
456 142 37 14 Den
509 142 21 15 18
544 140 42 21 Maj.
860 140 41 20 203

104 197 158 27 strängningar.
293 196 41 26 Jag
350 196 68 25 skulle
435 196 84 20 derföre
537 204 51 12 anse
604 197 36 19 det
657 203 52 13 vara
725 196 62 20 äfven
805 204 26 12 en
844 197 85 20 heders-

105 226 37 20 sak
165 226 33 19 för
214 225 71 20 landet
302 225 38 20 och
357 225 33 20 för
406 221 48 24 Åbo
470 224 55 25 stad,
541 227 32 18 att
589 225 5 20 i
612 225 69 20 denna
698 224 40 21 den
756 224 68 21 finska
840 224 89 21 bildnin-

104 261 52 20 gens
174 261 68 20 vagga
257 254 48 20 icke
321 253 65 21 sådan
400 253 89 21 hårdhet
501 256 58 18 emot
572 254 38 20 den
624 253 68 20 finska
702 253 150 27 befolkningen
862 254 67 20 skulle

105 283 62 27 röjas,
184 286 32 16 att
233 289 47 13 man
298 282 46 20 icke
360 282 38 20 der
410 282 67 20 skulle
489 282 80 20 bereda
580 282 124 20 densamma
716 283 69 25 någon
798 283 41 26 väg
849 282 30 20 till
890 282 39 27 lju-

106 314 39 18 set.
178 311 48 20 Man
243 310 76 21 tänker
331 310 43 20 ofta
386 311 33 19 så:
432 311 33 19 må
476 310 70 20 finska
557 310 124 25 folkskolor,
694 310 82 21 kanske
788 310 62 21 äfven
862 310 68 20 finska

107 339 164 27 borgareskolor
286 339 75 25 finnas,
377 338 52 20 eller
444 339 84 20 finskan
546 339 55 21 läras
617 340 5 18 i
635 346 25 12 en
672 339 52 20 eller
740 345 70 14 annan
828 338 101 21 lärdoms-

107 368 60 20 skola
180 380 24 2 -—
217 367 68 20 eburu
302 369 72 25 tyvärr
391 367 19 20 vi
428 367 63 20 hafva
507 369 44 18 sett
566 367 66 20 också
648 367 80 20 sådana
739 366 81 28 förslag
831 374 44 14 som
887 367 42 23 det,

106 399 32 17 att
162 396 150 20 modersmålet
328 395 38 20 alls
383 395 46 20 icko
447 395 54 20 skall
518 396 4 19 i
540 396 101 20 skolorna
658 395 62 25 läras,
737 395 116 26 ingendera
869 396 60 20 hvar-

107 425 40 20 ken
163 424 82 21 finskan
263 424 52 20 eller
330 424 114 20 svenskan.
475 423 51 21 Men
543 424 69 20 finska
628 423 67 21 folket
713 423 103 21 behöfver
832 424 53 21 dock
901 424 28 21 lä-

107 460 53 14 rare.
192 452 43 21 Det
252 453 107 25 behöfves,
377 453 34 19 må
427 459 47 13 man
491 454 51 25 säga
559 453 37 20 det
613 453 54 25 kort,
684 459 26 13 en
726 452 79 21 folkets
816 452 113 21 litteratur.

108 482 68 20 Desse
193 481 69 20 lärare
283 481 70 20 kunna
369 480 47 21 icke
433 481 40 26 fås,
489 487 35 14 om
541 481 26 20 de
582 481 48 20 icke
646 481 64 20 hafva
724 481 81 20 tillfälle
822 483 29 18 att
868 481 63 20 vinna

107 511 69 26 någon
200 509 101 28 bildning.
333 509 32 20 En
389 509 154 21 folklitteratur
563 510 41 20 kan
620 510 6 19 i
643 509 55 20 intet
714 509 48 20 land
778 509 101 22 existera,
896 516 33 13 om

107 539 46 20 icke
177 538 38 21 der
233 538 68 20 finnes
320 545 25 13 en
364 537 206 22 nationallitteratur
584 537 33 21 för
632 538 27 20 de
676 537 91 26 bildade,
784 537 54 21 både
855 545 25 12 en
896 545 35 13 ve-

108 567 122 26 tenskaplig
250 566 39 20 och
306 572 26 14 en
349 566 144 20 skönlitterär.
525 566 40 20 Att
582 573 50 13 vara
648 566 113 20 författare
776 566 33 20 för
825 566 67 20 folket
907 567 24 19 är

108 598 31 18 ett
154 595 22 20 af
191 595 26 20 de
233 595 96 20 svåraste
345 594 179 27 författareskap;
538 596 30 26 ja,
582 595 38 27 jag
636 595 42 20 kan
694 596 58 25 säga,
768 594 56 20 intet
838 594 92 20 studium

110 624 40 20 kan
167 624 47 20 föra
229 622 87 25 derhän,
333 625 50 17 utan
401 622 47 26 den,
464 630 46 13 som
527 623 55 21 skall
598 623 82 21 skrifva
696 623 33 20 väl
745 623 33 20 för
792 622 74 26 folket,
878 622 53 21 skall

109 652 70 20 dertill
195 658 51 14 vara
262 651 101 21 särskildt
382 651 104 27 begåfvad
505 652 46 20 med
567 652 69 26 anlag.
669 651 47 21 Men
734 651 66 21 likväl
815 652 36 20 äro
867 651 65 27 insig-

111 683 32 25 ter
159 680 37 20 hos
213 680 47 24 den,
277 686 44 14 som
338 680 91 20 skrifver
445 680 32 20 för
494 680 74 25 folket,
585 680 5 20 i
607 680 67 20 första
691 682 90 18 rummet
792 680 139 26 nödvändiga.

110 708 149 21 Öfverhufvud
275 708 55 27 gälla
346 708 61 20 dessa
424 708 45 20 skäl
487 708 33 21 för
531 708 132 21 inrättandet
674 708 24 20 af
705 708 69 20 finska
787 708 77 20 skolor.
889 708 42 20 Min

110 737 82 21 önskan
213 738 23 19 är
253 736 124 27 visserligen
394 736 49 25 den,
459 738 32 19 att
507 737 36 20 det
559 738 84 26 strängt
659 737 34 20 må
709 737 66 20 hållas
792 736 70 27 derpå,
879 738 32 19 att
927 737 5 19 i

110 766 62 20 dessa
195 765 73 21 skolor
283 765 55 20 läses
354 764 62 21 äfven
434 765 93 20 svenska
545 765 26 28 på
587 765 85 20 skolans
689 765 67 27 högre
772 765 86 25 stadier,
876 771 56 14 eme-

110 795 41 20 dan
175 794 46 20 vårt
244 793 60 21 lands
320 793 147 21 förhållanden
484 795 53 26 göra
553 793 36 21 det
604 793 88 21 alldeles
709 793 137 27 nödvändigt.
877 793 56 20 Full-

112 823 88 26 komligt
224 822 104 21 erkänner
350 821 39 28 jag
409 822 85 20 derföre
511 822 40 21 och
567 822 59 20 delar
642 822 40 20 den
700 822 63 20 ärade
780 822 153 27 petitionärens

111 852 55 26 äsigt
181 857 33 14 om
231 851 102 20 behofvet
349 850 23 20 af
385 857 26 14 en
428 851 55 20 finsk
500 851 61 20 skola
577 851 5 20 i
593 843 56 28 Åbo.
673 850 75 21 Likväl
760 851 68 20 måste
837 851 38 26 jag
886 850 47 20 med

112 881 79 19 smärta
207 881 51 25 säga
272 879 48 20 det:
337 878 26 21 dä
379 879 152 26 bofolkningen
549 879 112 20 derstädes
678 879 55 20 visat
749 879 33 27 sig
798 879 22 20 så
836 878 97 27 liknöjd
922 874 14 37 i

113 908 59 21 detta
187 907 87 26 ärende,
291 907 26 20 dä
332 907 41 20 den
390 907 93 20 svonska
500 907 84 21 bildade
600 907 151 27 befolkningen
767 908 6 19 i
785 901 48 26 Åbo
846 907 55 20 visar
911 907 23 20 sä

113 937 49 20 liten
180 936 72 20 ömhet
268 936 33 20 för
316 936 46 20 sina
377 935 70 21 finske
464 936 85 25 bröder,
566 937 24 20 sä
606 936 37 20 har
659 943 47 13 man
724 936 58 20 svärt
796 938 32 18 att
838 935 55 21 fästa
904 935 33 27 sig

114 965 34 20 vid
172 964 54 21 hvad
243 971 25 14 en
285 964 82 21 enskild
384 971 47 13 man
449 965 140 26 petitionerat
604 971 41 14 om.
676 964 38 21 Ett
730 964 56 21 folks
802 963 94 28 bildning
913 965 23 18 är

113 993 47 21 icke
182 993 62 27 gjord
269 993 25 27 pä
313 995 31 18 ett
363 993 52 20 eller
431 994 35 19 två
484 994 29 25 är,
529 993 49 20 dess
595 993 39 20 öde
651 994 26 19 än
693 993 89 20 mindre.
813 993 72 26 Några
901 993 34 19 års

114 1023 78 19 väntan
209 1021 41 20 kan
267 1021 45 20 icke
328 1021 63 20 hafva
407 1021 22 20 sä
445 1021 88 27 mycket
549 1024 31 17 att
596 1022 86 27 betyda.
707 1021 88 21 Kanske
811 1023 31 18 att
855 1020 80 21 befolk-

113 1051 78 25 ningen
206 1050 5 19 i
250 1050 26 20 Åbo
293 1049 81 20 känner
390 1049 46 21 sina
452 1052 112 18 samveten
580 1050 64 20 rörda
660 1049 38 21 och
716 1050 34 20 vill
766 1051 52 25 göra
830 1049 30 20 sin
874 1049 60 27 pligt.

115 1078 30 20 En
170 1078 66 20 sådan
261 1077 60 20 skola
344 1078 41 19 kan
405 1078 27 20 dä
447 1078 161 20 åstadkommas
625 1078 65 20 också
706 1080 51 18 utan
774 1080 31 17 att
822 1077 114 20 ständerna

115 1106 128 27 petitionera
259 1106 80 20 derom.
363 1105 88 21 Kanske
469 1106 65 21 också
549 1109 32 18 att
597 1106 35 20 det
643 1106 47 21 icke
703 1113 50 14 vore
765 1107 43 19 rätt
818 1107 32 19 att
859 1112 76 19 genom

114 1135 79 20 sädana
210 1134 114 27 petitioner
340 1141 45 13 som
401 1134 70 21 denna
488 1135 83 27 ingripa
587 1135 6 20 i
610 1134 87 21 skolans
716 1134 117 25 ordnande,
844 1133 27 20 dä
879 1135 57 18 stän-

114 1163 66 21 derna
202 1163 86 27 nyligen
311 1163 138 26 petitionorat
469 1170 41 17 om,
527 1165 31 18 att
575 1163 47 20 med
639 1163 73 27 hvarje
729 1164 69 19 större
814 1161 123 27 förändring

116 1192 65 20 måtte
204 1192 68 25 anstå,
296 1191 31 20 till
346 1191 49 20 dess
411 1191 62 20 Hans
491 1191 99 28 Majestät
606 1191 85 28 nådigst
706 1191 69 21 finner
790 1191 33 20 för
838 1189 51 28 godt
905 1192 32 18 att

115 1221 72 20 derom
199 1219 52 20 höra
261 1219 121 21 ständerna.
399 1219 32 21 På
442 1220 63 20 dessa
517 1220 45 20 skäl
575 1220 123 20 underlåter
706 1220 38 27 jag
756 1222 30 18 att
798 1219 139 27 understödja

116 1249 124 27 petitionen,
264 1255 47 13 men
332 1248 38 27 jag
393 1249 66 26 vågar
476 1249 124 26 ödmjukast
616 1249 37 20 hos
670 1248 59 21 detta
745 1247 114 28 höglofliga
876 1247 61 20 stånd

114 1277 85 25 föreslå,
215 1279 39 24 att,
272 1277 2 20 i
292 1276 101 21 händelse
409 1277 87 20 ståndet
512 1277 95 20 besluter
623 1277 32 26 sig
671 1277 33 20 för
720 1279 31 18 ett
767 1277 75 26 afslag,
858 1275 33 20 för
907 1277 32 18 ett

117 1305 97 21 nekande
231 1312 54 19 svar,
301 1305 86 20 ständet
403 1305 64 20 likväl
484 1305 47 21 icke
544 1305 65 21 måtte
622 1307 52 25 göra
686 1306 35 19 det
732 1306 30 25 så,
774 1307 32 18 att
817 1304 44 21 deri
871 1303 68 21 skulle

116 1334 56 27 röjas
188 1340 26 13 en
231 1333 96 27 motvilja
343 1335 44 18 mot
402 1333 76 28 hvarje
493 1333 93 28 företag,
602 1341 45 13 som
664 1333 57 21 afser
737 1335 31 19 att
785 1333 49 27 höja
849 1332 41 21 den
901 1332 39 20 fin-

117 1363 39 20 ska
172 1361 150 28 befolkningen
339 1361 5 20 i
361 1362 80 25 landet,
458 1364 32 18 att
506 1362 49 27 höja
572 1362 48 21 dess
637 1362 101 27 bildning,
755 1364 51 19 utan
818 1362 67 19 måtte
896 1367 44 14 mo-

118 1391 68 20 tivera
203 1390 59 20 detta
278 1390 37 20 sitt
329 1390 69 27 afslag
415 1391 30 26 så,
462 1393 31 18 att
509 1392 31 19 ett
557 1391 37 20 ord
610 1390 24 21 af
648 1390 128 27 deltagande
792 1390 33 20 för
836 1389 105 20 sträfvan-

116 1419 48 20 dets
186 1419 111 26 framgång
321 1418 44 21 deri
381 1419 77 25 finnes,
475 1419 39 20 och
531 1419 72 27 stödja
619 1419 37 20 det
672 1419 76 20 endast
763 1419 27 25 på
806 1418 65 20 andra
887 1417 53 26 skäl,

117 1446 81 21 kanske
222 1446 56 21 helst
295 1446 73 28 derpå,
384 1448 32 19 att
431 1454 27 13 en
476 1447 79 26 speciel
571 1447 89 27 petition
677 1453 33 14 om
727 1446 92 28 ändring
834 1446 6 20 i
856 1445 85 21 skolvä-

118 1475 76 20 sendet
209 1475 48 20 icke
273 1482 62 13 anses
351 1475 94 27 lämplig,
463 1476 26 20 då
505 1482 26 14 en
548 1475 88 27 petition
654 1476 48 20 utaf
715 1475 131 21 allmännare
855 1472 86 22 omfatt-

118 1503 50 27 ning
183 1503 6 20 i
205 1503 97 21 häremot
318 1503 110 21 stridande
444 1503 57 28 syfte
517 1504 65 20 redan
599 1504 101 28 antagits.
