1134 1803
463 140 39 16 Den
517 140 19 16 13
551 140 42 20 Maj.
867 140 38 21 137

111 197 67 25 yttrat
189 196 32 26 sig
232 195 61 21 öfver
304 195 39 20 den
361 196 70 20 såsom
448 196 178 27 privilegiefråga,
640 196 55 20 helst
706 196 33 26 då,
756 203 32 13 om
801 198 44 18 mot
856 198 77 20 förmo-

110 224 41 20 dan
175 224 176 27 borgareständet
373 224 48 20 icke
444 224 68 20 skulle
529 224 50 28 vilja
595 224 55 21 afstä
666 224 53 21 ifrån
736 224 38 20 sitt
793 224 140 28 privilegium,

111 252 37 20 allt
168 252 54 21 hvad
242 252 149 27 ridderskapet
407 252 39 21 och
465 252 62 21 adeln
544 252 90 28 tillgjort
650 253 6 20 i
672 253 74 25 saken,
762 253 68 21 skulle
849 253 85 21 komma

111 283 32 25 att
165 281 90 21 förfalla.
285 280 42 28 Jag
343 281 68 20 skulle
427 281 85 21 derföre
529 282 157 20 vördsammast
702 281 117 25 hemställa,
836 288 33 15 om
885 282 48 22 icke

112 310 156 27 behandlingen
279 310 22 20 af
315 310 60 20 detta
390 310 79 20 ärende
485 309 71 22 kunde
572 310 21 20 få
609 310 57 25 bero,
683 310 30 21 till
725 310 50 21 dess
784 310 149 28 borgarestän-

112 339 48 21 dets
177 339 70 21 beslut
264 338 67 20 blifvit
347 338 73 20 kändt.
554 352 2 2 .

181 367 57 21 Herr
254 373 39 14 von
310 366 146 21 Frenckell:
473 366 75 21 Säsom
565 367 94 20 ledamot
675 367 5 20 i
697 367 188 28 sjölagsutskottet
895 368 38 21 har

109 396 39 27 jag
162 396 48 21 icke
226 395 82 20 kunnat
323 395 75 20 förena
414 395 43 27 mig
472 395 5 20 i
493 396 118 20 utskottets
628 395 143 26 betänkande,
788 398 50 19 utan
854 397 80 21 biträdt

112 425 41 20 den
176 423 139 25 reservation,
338 430 45 14 som
408 425 48 19 herr
473 423 96 22 Fredrik
585 424 94 27 Pipping
695 424 83 27 afgifvit
793 428 43 17 mot
851 433 82 13 samma

114 453 94 20 utskotts
225 452 142 21 betänkande.
398 451 43 28 Jag
456 459 63 14 anser
534 453 7 20 i
556 453 68 20 likhet
641 453 47 20 med
700 453 84 26 honom,
795 455 32 18 att
838 456 30 18 ett
877 455 56 20 stän-

112 481 134 22 derutskotts
268 481 112 27 äliggande
403 481 40 20 och
467 481 130 27 befogenhet
618 481 54 21 blott
695 483 23 19 är
741 483 31 19 att
796 481 79 28 afgifva
891 484 42 26 ytt-

113 510 66 21 rande
195 517 34 13 om
244 509 119 28 framlagda
378 509 123 28 lagförslag,
518 509 39 21 och
574 510 33 20 för
622 510 65 27 öfrigt
698 517 63 14 anser
769 511 38 27 jag
818 511 71 26 också,
901 513 32 18 att

113 539 47 20 icke
176 539 77 20 endast
268 538 68 21 första
352 540 118 19 momentet
486 540 51 19 utan
551 538 67 21 också
632 538 69 28 fjerde
717 539 6 20 i
740 539 40 20 den
797 539 76 28 nådiga
885 546 48 21 pro-

113 567 119 27 positionen
257 567 63 20 berör
342 567 250 27 näringselagstiftningen
616 567 39 20 och
672 567 88 21 sålunda
778 567 64 21 borde
857 569 78 26 utgöra

113 596 74 27 tillägg
210 595 31 21 till
264 596 39 20 den
329 595 54 20 1868
406 595 129 21 emanerade
555 595 76 27 nädiga
648 595 142 27 kungörelsen
808 603 33 13 om
857 596 77 21 handel

113 624 39 21 och
176 624 105 26 näringar.
314 623 30 21 På
366 623 81 21 sådana
469 624 46 20 skäl
539 624 66 27 vågar
618 624 38 27 jag
672 624 84 25 föreslå,
772 626 31 19 att
819 624 115 28 höglofliga

113 652 151 27 ridderskapet
280 652 38 21 och
335 651 62 21 adeln
414 652 68 20 skulle
498 654 78 25 antaga
593 653 49 19 herr
658 652 106 28 Pippings
779 653 140 21 reservation.

182 680 57 22 Herr
262 680 189 28 Montgomery:
477 680 42 28 Jag
539 680 38 21 ber
595 680 66 22 ocksä
680 681 32 20 för
728 681 42 21 min
786 682 33 20 del
836 684 31 18 att
882 684 51 18 utan

114 710 72 20 vidare
201 709 126 27 utläggning
342 709 21 20 fä
378 709 84 20 biträda
479 709 48 20 herr
542 708 107 28 Pippings
665 710 138 25 reservation,
815 710 85 21 hvilken
910 712 23 18 är

113 737 123 28 tillräckligt
251 737 118 20 motiverad
385 738 23 20 af
423 737 76 20 honom
517 737 55 28 sjelf.
596 737 37 21 Uti
646 737 237 28 lagstiftningsarbetet,
894 738 40 21 lik-

114 773 44 14 som
181 766 31 21 uti
235 765 37 22 allt
295 767 74 19 arbete
384 765 148 26 öfverhufvud,
549 767 24 20 är
588 766 40 21 den
645 769 58 25 yttre
719 767 118 27 ordningen
853 767 24 20 af
889 769 46 19 stor

113 795 51 27 vigt.
197 795 47 20 Den
261 794 76 27 nädiga
353 794 162 27 propositionen
530 794 124 25 innehäller,
668 795 39 27 jag
722 795 105 21 erkänner
838 795 42 27 det,
892 796 41 20 vis-

114 823 90 27 serligen
230 823 95 20 enskilda
348 822 191 28 ändringsförslag,
563 829 45 14 som
628 825 37 19 äro
681 823 197 28 behjertansvärda,
895 824 39 21 och

114 851 76 28 sjelfva
212 851 117 21 tendensen
354 851 38 21 bör
413 851 7 21 i
440 851 77 28 högsta
532 851 53 28 grad
602 851 133 28 godkännas,
751 852 19 21 d.
786 859 19 14 v.
822 859 16 14 s.
854 855 32 18 att
901 855 33 18 ut-

114 879 86 22 sträcka
223 880 185 27 näringsfriheten.
440 880 48 21 Men
513 880 42 27 mig
574 887 65 20 synes
655 881 5 20 i
677 880 41 21 alla
733 881 43 26 fall,
792 883 31 18 att
840 881 94 28 proposi-

113 909 72 20 tionen
201 909 23 20 är
240 908 70 21 alltför
325 909 86 27 mycket
427 911 31 18 ett
475 909 165 26 mosaikarbete,
656 911 24 25 ty
691 909 41 20 den
743 911 112 26 upptager,
864 910 71 21 såsom

114 937 106 21 utskottet
234 937 62 20 äfven
313 937 122 25 framhällit,
451 937 133 28 stadganden
601 937 24 20 af
639 937 121 22 hvarandra
775 938 86 27 mycket
878 938 57 21 olika

116 965 154 27 beskaffenhet,
289 965 93 27 hvarför,
406 966 39 21 och
462 965 27 21 dä
505 966 32 20 för
552 966 41 20 den
610 967 108 20 närmaste
734 966 112 21 framtiden
862 967 73 20 ätskil-

114 995 42 27 liga
178 995 66 20 andra
266 994 114 27 ändringar
403 994 6 20 i
432 994 250 28 näringslagstiftningen
707 996 37 19 äro
760 995 132 27 ifrägasatta,
907 995 27 20 de

115 1023 37 20 här
168 1023 147 27 proponerade
331 1023 33 20 väl
381 1023 73 20 kunna
469 1023 62 20 anstä
547 1023 31 20 till
595 1024 61 20 nästa
672 1023 108 28 landtdag,
812 1025 12 19 dä
834 1024 101 27 möjligen

114 1053 56 19 ännu
186 1058 58 13 mera
260 1051 131 21 omfattande
407 1051 150 27 förändringar
572 1052 6 20 i
594 1051 64 21 dessa
674 1051 60 21 delar
750 1052 70 21 kunde
835 1052 100 27 framläg-

115 1080 36 20 las.
182 1079 42 27 Jag
247 1079 68 20 skulle
339 1079 85 20 derföre
448 1079 83 21 biträda
551 1082 151 18 reservantens
719 1080 84 27 mening
820 1080 38 21 och
874 1080 61 27 yrka,

114 1110 32 18 att
167 1107 41 21 den
231 1107 77 28 nådiga
330 1107 161 28 propositionen
515 1108 47 21 icke
580 1108 67 21 måtte
662 1108 112 21 föranleda
790 1109 31 20 till
837 1108 75 28 åtgärd
929 1109 5 20 i

114 1135 91 22 ständet.

183 1164 57 21 Herr
256 1164 145 21 Molander:
417 1164 139 21 Beträffande
572 1165 169 28 anmärkningen
758 1167 31 19 att
805 1165 41 21 den
857 1165 79 28 nädiga

115 1193 160 28 propositionen
296 1192 119 22 innehäller
438 1193 134 28 stadganden
592 1193 22 20 af
631 1193 56 22 olika
703 1193 52 28 slag,
770 1194 52 21 eller
838 1201 33 14 om
887 1194 48 21 icke

116 1221 80 28 precist
219 1221 63 26 olika,
305 1221 54 21 dock
383 1221 86 27 sädana,
489 1228 46 15 som
551 1222 73 21 kunna
639 1222 89 21 hänföra
744 1223 32 27 sig
791 1223 45 20 dels
852 1222 31 21 till
899 1223 36 20 nä-

114 1250 219 27 ringslagstiftningen
349 1250 46 21 dels
411 1250 32 21 till
458 1250 123 28 sjöfartens,
598 1251 23 20 sä
637 1251 39 20 har
691 1251 37 20 det
744 1251 54 20 varit
814 1258 26 14 en
851 1251 52 28 följd
915 1251 24 20 af

115 1279 78 20 sakens
213 1280 69 19 natur.
313 1278 75 21 Säsom
401 1279 39 27 jag
455 1279 46 20 haft
517 1280 51 19 äran
584 1280 85 26 nämna,
683 1281 24 19 är
722 1279 104 28 förslaget
841 1279 30 21 till
888 1281 48 26 nytt

115 1307 172 27 tullreglemente
309 1307 109 28 grundadt
441 1308 27 27 pä
483 1307 27 21 de
527 1307 114 28 principer,
658 1314 45 14 som
720 1308 116 21 innefattas
851 1308 6 20 i
873 1307 64 21 dessa

115 1335 141 28 stadganden,
273 1335 39 21 och
329 1335 84 21 derföre
429 1335 107 21 innehålla
552 1336 110 21 desamma
672 1336 124 27 visserligen
809 1337 70 25 saker,
890 1342 45 15 som

116 1365 71 19 kunna
210 1363 99 21 hänföras
333 1364 45 21 dels
401 1364 31 21 till
455 1364 249 28 näringslagstiftningen
718 1365 45 20 dels
778 1365 31 20 till
826 1363 111 29 sjöfarten,

115 1399 47 14 men
179 1392 26 21 de
219 1392 72 21 kunna
307 1392 66 21 också
388 1393 41 20 alla
445 1392 100 21 hänföras
561 1393 31 20 till
609 1393 254 28 näringslagstiftningen.
893 1392 44 27 Jag

115 1421 42 20 kan
172 1421 44 20 deri
232 1421 48 20 icke
295 1421 57 20 finna
367 1422 66 26 nägot
449 1421 45 20 skäl
511 1423 32 18 att
558 1421 49 21 icke
622 1421 115 27 godkänna
748 1422 39 20 den
800 1421 77 27 nädiga
888 1427 49 20 pro-

115 1449 127 27 positionen.
273 1448 64 22 Hvad
353 1449 168 27 anmärkningen
539 1449 110 26 beträffar,
665 1452 31 18 att
712 1449 160 28 propositionen
888 1448 49 21 icke

114 1477 117 21 innehåller
246 1477 65 28 något
327 1477 134 28 fullständigt
476 1477 122 28 lagförslag,
614 1478 23 20 så
652 1478 33 21 får
698 1478 38 27 jag
746 1478 109 25 anmärka,
867 1478 32 19 att
910 1476 27 22 de

115 1505 121 28 föreslagna
252 1506 185 27 lagstadgandena
453 1507 36 19 äro
507 1506 107 21 bestämdt
630 1506 143 21 formulerade
788 1506 6 21 i
806 1506 42 21 den
859 1504 79 28 nådiga
