1134 1803
435 123 39 16 Den
488 124 21 15 25
523 123 57 21 April.
866 122 25 20 15

97 180 54 22 blott
166 180 52 28 vilja
233 182 58 26 säga,
307 180 48 21 med
372 179 136 21 vidhållande
525 179 22 21 af
562 178 57 22 hvad
632 179 39 27 jag
686 178 58 20 förut
755 180 74 26 yttrat,
842 180 31 19 att
881 178 39 28 jag

97 216 63 14 anser
179 208 36 21 det
234 216 50 14 vara
301 208 178 28 principenligare
495 207 103 21 handladt
614 209 39 24 att,
670 207 5 20 i
691 206 69 22 likhet
775 206 49 22 med
841 207 80 21 bonde-

96 237 93 26 ståndet,
204 237 43 21 helt
263 237 38 21 och
318 236 65 22 hållet
398 236 97 21 förkasta
511 238 40 19 den
568 236 78 28 nådiga
662 236 169 28 propositionen,
847 237 26 19 än
889 238 32 18 att

96 266 28 28 gå
139 266 24 21 så
178 266 97 27 halfvägs
291 265 86 27 tillväga
393 271 44 15 som
455 267 80 25 preste-
553 265 39 20 och
610 264 189 28 borgarestånden.

166 294 71 21 Sedan
261 294 148 20 diskussionen
429 293 6 21 i
453 295 74 19 ämnet
550 293 96 21 härefter
668 292 134 22 förklarades
821 292 99 26 afslutad,

98 322 132 28 uppställdes
246 323 93 27 följande
355 322 143 28 proposition:

167 368 5 9 »
174 351 50 25 Vill
247 351 149 27 ridderskapet
417 351 39 20 och
477 350 62 21 adeln
559 352 79 26 antaga
655 350 174 21 statsutskottets
844 350 77 27 ifråga-

98 380 94 21 varande
208 379 126 28 inbjudning
350 379 47 26 och,
413 379 47 20 med
478 379 132 27 frångående
626 379 23 20 af
662 379 38 20 sitt
714 379 57 20 förut
786 379 6 20 i
804 378 73 27 frågan
886 385 35 14 om

99 408 94 21 kreditiv
209 408 80 21 fattade
306 408 77 25 beslut,
394 407 115 28 godkänna
525 408 118 20 utskottets
661 407 136 21 betänkande
811 407 6 20 i
828 407 94 22 saken?'*

168 453 4 8 +
176 437 88 25 Vinner
280 437 41 27 nej,
337 436 104 21 vidhåller
456 437 87 20 ståndet
559 436 37 21 sitt
612 436 58 21 förut
685 435 82 22 fattade
783 435 90 22 beslut''.

168 465 64 28 Uppå
249 465 92 27 begäran
357 465 116 21 anställdes
489 465 105 27 votering,
611 471 45 14 som
673 464 60 21 utföll
750 464 48 21 med
814 464 27 21 27
849 465 24 27 ja
883 465 39 21 och

100 495 26 20 19
137 495 43 27 nej,
196 494 31 21 till
238 493 52 28 följd
302 493 76 21 hvaraf
387 493 86 22 ståndet
483 493 133 22 förklarades
629 493 63 21 hafva
704 493 78 21 biträdt
793 496 82 25 preste-
884 493 39 22 och

101 522 194 29 borgareståndens
312 523 69 20 beslut
395 523 5 20 i
418 524 79 19 ämnet.

168 551 65 21 Emot
256 551 59 21 detta
337 551 70 21 beslut
429 551 141 21 reserverade
594 551 33 27 sig
645 551 102 21 herrarne
770 551 156 27 Schauman,

101 579 83 21 Berndt
199 580 60 25 Otto,
275 586 45 14 von
337 579 78 21 Essen
431 579 39 21 och
487 579 95 21 Taube.

171 636 122 28 Föredrogs
309 636 232 22 riddarhusutskottets
557 637 137 21 betänkande
711 636 47 21 med
774 636 115 28 anledning
905 636 22 21 af

101 665 260 21 riddarhusdirektionens
385 666 80 27 afgifna
489 666 117 20 berättelse
624 672 35 14 om
679 665 49 21 dess
747 666 130 26 förvaltning
892 664 34 22 för

102 693 58 21 tiden
176 694 46 20 från
241 694 52 22 1867
310 694 34 21 års
359 694 102 27 landtdag
477 694 31 20 till
525 694 145 21 innevarande
685 694 108 27 landtdag.

171 722 35 21 Då
220 722 75 21 härvid
310 722 74 27 grefve
396 722 119 27 Armfelt,
527 723 114 27 August,
652 722 132 21 understödd
793 723 23 20 af
826 722 100 21 herrarne

102 757 41 14 von
156 750 113 22 Frenckell
285 751 39 21 och
341 758 40 13 von
399 751 74 26 Essen,
493 751 72 21 anhöll
581 758 33 13 om
632 751 156 21 betänkandets
805 751 122 28 tryckning,

104 779 39 20 och
160 779 92 27 ståndet,
268 780 57 27 uppå
342 779 49 21 herr
407 780 211 20 landtmarskalkens
634 779 163 28 framställning,
815 779 30 21 till
857 779 70 21 denna

103 808 99 21 anhållan
218 808 65 27 biföll,
300 808 68 21 skulle
384 809 48 20 med
448 809 102 20 ärendets
567 808 73 21 vidare
658 808 128 28 behandling
794 809 70 26 anstå,
873 807 54 21 intill

104 836 50 21 dess
170 837 145 20 betänkandet
332 837 43 20 från
394 837 86 28 trycket
496 837 122 21 utkommit.

176 893 119 28 Föredrogs
311 894 38 20 och
367 894 113 21 bordlades
497 895 31 20 till
540 896 61 19 nästa
612 894 158 21 sammanträde
781 894 93 27 följande
883 894 46 21 från

105 923 111 20 utskotten
232 922 101 21 inkomna
350 923 162 20 betänkanden:

174 953 153 19 sammansatta
343 953 64 19 stats-
424 952 40 20 och
480 952 234 21 ekonomieutskottets
731 951 136 21 betänkande
878 951 6 20 i
893 957 36 14 an-

106 979 86 28 ledning
215 979 23 22 af
257 981 31 19 ett
308 980 57 20 inom
381 980 109 27 vällofliga
506 981 180 27 borgareständet
703 980 64 21 väckt
782 980 147 27 petitionsme-

106 1008 81 27 morial,
204 1010 31 19 att
250 1009 40 20 den
307 1008 298 22 Alexanders-universitetet
621 1009 88 27 tillagda
725 1008 61 27 afgift
802 1009 32 20 för
846 1008 85 21 utförda

106 1037 185 27 skogsprodukter
307 1037 66 21 mätte
389 1037 48 21 med
457 1038 54 21 1878
527 1038 34 20 ärs
578 1038 81 26 utgäng
672 1037 108 28 upphöra;

176 1065 106 20 allmänna
306 1066 209 20 besvärsutskottets
539 1066 138 20 betänkande
697 1066 5 19 i
722 1065 116 27 anledning
860 1065 22 20 af
904 1072 27 13 en

106 1093 57 21 inom
180 1093 177 28 borgareständet
374 1093 64 22 väckt
455 1095 98 26 petition,
570 1095 92 20 rörande
679 1093 125 28 förändring
820 1093 22 22 af
856 1093 75 28 lagens

106 1121 121 28 stadgande
242 1129 34 14 om
293 1123 70 25 ränta;

175 1157 80 14 samma
278 1151 95 20 utskotts
397 1151 138 21 betänkande
553 1151 6 20 i
581 1151 115 28 anledning
717 1151 22 20 af
756 1151 56 21 inom
830 1151 101 26 borgare-

106 1179 40 21 och
163 1179 160 21 bondeständen
340 1179 78 21 väckta
434 1180 116 27 petitioner
566 1180 93 21 rörande
675 1180 145 28 skjutslegans
832 1178 100 28 höjande;

175 1215 82 14 samma
280 1207 94 22 utskotts
397 1208 80 27 förslag
501 1209 32 20 till
556 1209 211 27 sammanjemkning
790 1208 22 21 af
830 1207 102 21 ständens

108 1236 58 21 olika
186 1237 70 20 beslut
276 1237 47 20 med
343 1237 115 27 anledning
475 1237 22 21 af
512 1237 119 21 utskottets
647 1237 136 21 betänkande
798 1237 7 20 i
821 1236 61 28 fräga
897 1242 35 15 om

108 1265 151 27 postarvodets
279 1265 134 20 afskaffande
433 1265 52 21 eller
502 1266 49 20 dess
569 1265 139 28 nedsättning
724 1266 40 21 och
778 1266 98 27 jemnare
891 1264 43 21 för-

107 1293 94 28 delning.

177 1322 173 21 Sammanträdet
366 1323 74 20 afslöts
457 1323 92 20 klockan
568 1323 48 26 13/,
632 1323 176 27 eftermiddagen.

676 1359 21 16 In
710 1358 62 17 fidem:

594 1386 72 21 Vietor
682 1387 26 20 de
723 1386 21 21 la
760 1385 105 29 Chapelle.

1105 819 29 27 >=
1105 633 29 158 >,
1105 398 29 209 hää...
1105 316 29 52 mä
1105 278 29 20 |
1105 217 29 45 ||
1105 193 29 6 <
1105 130 29 59 $mhm.
1105 106 29 18 .
1105 21 29 71 osin
