1134 1803
444 124 38 15 Den
497 124 20 15 18
531 123 42 20 Maj.
853 122 40 20 205

98 180 41 21 stol
162 182 49 20 rönt
226 180 108 21 motstånd
349 180 57 21 inom
423 180 76 27 sjelfva
515 180 173 26 departementet
703 178 177 29 hufvudsakligen
895 179 26 27 på

98 210 40 20 den
156 210 76 27 grund,
246 211 31 19 att
293 208 118 22 ledamöter
426 209 7 19 i
447 208 257 28 justitiedepartementet
720 210 72 18 ansett
808 208 35 21 det
859 208 62 22 önsk-

100 238 62 21 värdt
178 238 38 21 och
234 238 80 27 nyttigt
330 238 33 20 för
379 238 46 20 vårt
441 237 57 25 land,
515 239 32 18 att
563 237 40 20 den
621 237 103 27 påtänkta
741 237 77 27 högsta
829 237 92 21 domsto-

98 266 33 21 len
149 267 68 21 skulle
234 266 63 21 hafva
313 266 64 27 något
393 266 118 27 inflytande
527 266 27 27 på
565 266 214 20 domareembetenas
791 266 131 20 tillsättande

98 295 7 20 i
120 295 81 27 landet,
225 296 5 20 i
255 294 50 28 följd
329 295 22 20 af
372 294 85 20 hvilken
478 294 79 21 reform
578 301 25 14 en
618 294 211 28 justitieexpedition
852 294 5 21 i
878 294 44 21 kej-

99 324 79 27 serliga
201 327 90 17 senaten
315 323 68 21 skulle
405 323 98 25 inrättas,
523 322 53 21 ifrån
594 322 85 21 hvilken
696 323 40 21 alla
751 322 81 29 förslag
848 323 31 21 till
894 302 28 42 H.

100 352 26 21 K.
144 353 60 27 Maj:t
220 352 110 27 angäende
347 352 98 20 domares
462 351 134 21 tillsättande
612 352 68 20 skulle
696 352 58 27 utgä.
777 352 71 27 Nägot
857 352 66 21 borde

100 381 82 20 således
206 381 5 20 i
234 381 42 20 min
294 380 65 21 tanke
375 380 61 21 äfven
454 379 72 21 härom
544 379 99 28 tilläggas
659 380 39 21 och
715 380 47 21 icke
778 381 144 27 uttryckligen

101 411 69 26 sägas,
194 411 32 18 att
250 409 75 27 högsta
348 408 119 21 domstolen
492 408 55 27 egde
571 411 31 18 att
626 409 48 20 med
691 409 101 27 styrelse-
809 410 38 20 och
864 416 59 21 rege-

102 437 170 28 rings-ätgärder
290 437 47 21 icke
353 439 50 25 taga
419 444 69 13 annan
505 437 122 28 befattning
642 439 26 18 än
681 439 31 18 att
724 437 80 26 afgifva
812 437 111 22 utlätande

100 467 5 20 i
122 466 225 28 lagstiftningsfrägor.
372 465 33 28 Ty
420 465 33 21 för
469 465 73 21 landet
558 472 51 14 vore
626 465 32 21 väl
675 465 81 28 nyttigt
772 466 38 21 och
822 467 101 26 önskligt,

101 497 31 19 att
156 495 76 27 högsta
256 495 117 20 domstolen
397 494 69 21 skulle
485 495 6 20 i
508 501 25 14 en
550 494 53 21 eller
619 501 69 14 annan
704 494 55 21 form
775 495 63 20 hafva
854 495 68 26 nägon

101 524 57 20 talan
181 524 7 20 i
211 523 100 21 afseende
334 524 28 26 pä
383 523 91 27 förslags
498 523 146 27 upprättande
667 523 30 20 till
714 523 208 21 domareembeten
910 519 15 36 i

101 552 79 21 landet.

170 580 58 21 Herr
244 586 45 15 von
306 580 93 20 Essen:
415 579 42 28 Jag
473 580 38 20 ber
528 580 54 20 blott
593 582 33 18 att
636 580 21 20 fä
668 580 113 21 instämma
793 581 6 20 i
811 580 54 22 hvad
875 580 50 20 herr

102 609 108 21 Snellman
227 610 74 26 yttrat.

172 638 56 20 Herr
245 637 194 27 Langensköld:
455 637 43 27 Jag
509 637 68 21 skulle
588 637 65 21 ocksä
665 638 63 27 bedja
739 639 32 20 att
782 637 21 21 fä
811 638 114 20 instämma

103 668 5 19 i
126 667 48 20 herr
190 666 119 21 Snellmans
326 666 107 28 yttrande.

173 695 99 21 Friherre
296 702 47 13 von
365 694 79 22 Troil:
469 694 44 28 Jag
532 694 107 21 erkänner
655 695 126 28 uppriktigt,
796 697 32 19 att
841 695 38 27 jag
895 695 30 20 till

104 723 51 28 följd
180 723 23 20 af
224 723 103 20 utskotts-
343 723 129 28 ochiandra
489 723 88 20 arbeten
594 723 47 21 icke
658 723 44 21 haft
718 723 30 20 tid
764 726 32 18 att
812 730 53 21 egna
881 723 44 27 lag-

103 752 119 21 utskottets
244 751 140 21 förevarande
401 751 135 21 betänkande
552 751 40 21 den
609 752 162 27 genomgående
786 751 140 28 granskning,

104 780 84 21 hvartill
203 781 37 27 jag
256 780 62 27 eljest
333 780 69 20 skulle
418 780 63 21 hafva
496 781 69 20 funnit
582 781 43 26 mig
639 780 131 27 föranlåten;
786 787 47 14 men
851 781 26 20 då
894 781 32 19 ut-

104 809 82 20 skottet
202 810 6 19 i
224 809 119 20 hufvudsak
360 809 103 27 tillstyrkt
481 809 129 27 petitionens
627 809 128 26 antagande,
772 816 50 14 vore
838 808 87 21 dermed

104 837 121 28 egentligen
249 837 47 21 icke
321 837 116 28 någonting
459 837 112 27 förloradt,
594 845 33 13 om
652 837 46 21 icke
716 837 106 21 utskottet
838 837 89 27 oriktigt

106 867 54 20 hade
176 866 109 27 uppfattat
301 866 36 20 det
353 866 30 20 uti
400 866 46 20 mitt
463 866 213 27 petitionsmemorial
692 866 132 21 framställda
839 865 87 28 förslag,

106 897 31 18 att
153 895 41 20 den
210 895 131 25 funktionär,
360 901 45 14 som
421 895 12 20 å
449 895 128 20 ständernas
593 896 82 26 vägnar
690 895 69 20 skulle
775 895 63 20 hafva
854 894 71 27 tillsyn

105 923 60 20 öfver
180 923 75 27 lagens
271 923 124 20 efterlefnad
413 923 22 20 af
449 923 87 20 domare
552 923 39 20 och
608 923 140 27 embetsmän,
762 923 78 28 jemväl
857 923 68 20 skulle

106 953 70 26 åligga
198 954 32 18 att
253 952 6 19 i
283 952 30 19 sin
338 951 30 21 till
392 952 115 20 ständerna
531 951 80 28 afgifna
628 951 116 21 berättelse
759 952 47 20 icke
822 951 53 21 blott
891 958 36 13 an-

107 981 73 20 märka
203 980 106 21 bristerna
328 980 6 20 i
350 980 59 27 lagar
425 981 38 20 och
480 980 158 27 författningar,
655 982 51 19 utan
723 981 64 20 också
803 980 78 21 föreslå
896 980 31 20 åt-

106 1009 78 28 gärder
207 1009 30 20 till
257 1009 62 20 dessa
337 1009 70 27 lagars
423 1009 155 20 förbättrande.
609 1008 114 21 Utskottet
738 1011 63 25 säger
816 1007 112 29 angående

107 1039 69 19 denna
200 1037 38 20 sak
262 1037 5 20 i
286 1037 52 20 sista
361 1037 84 27 stycket
468 1037 23 20 af
509 1037 79 28 pagina
604 1038 12 20 8
633 1037 29 20 uti
679 1037 153 25 betänkandet,
848 1039 31 18 att
894 1039 34 18 ut-

107 1066 82 20 skottet
206 1066 124 26 visserligen
347 1072 63 13 anser
425 1066 59 20 detta
500 1066 81 26 förslag
595 1072 51 14 vara
660 1066 62 20 desto
736 1072 45 13 mer
794 1066 133 26 behjertans-

109 1094 67 26 värdt,
192 1101 45 13 som
255 1093 81 21 landets
353 1094 96 27 styrelse,
467 1094 4 19 i
488 1093 82 21 saknad
582 1093 24 21 af
615 1101 25 13 en
650 1093 278 28 justitieexpedition
863 1089 12 36 i
885 1089 46 36 kej-

108 1122 78 27 serliga
208 1124 96 23 senaten,
329 1123 19 26 ej
372 1129 51 20 eger
443 1129 25 14 en
485 1122 92 21 särskild
595 1123 101 20 målsman
713 1122 33 21 för
762 1123 106 20 allmänna
884 1121 45 28 lag-

108 1151 188 27 stiftningsfrågor,
313 1157 46 14 men
377 1151 87 20 emedan
481 1150 234 28 landtdagsordningen
731 1151 47 20 icke
790 1151 139 20 tillerkänner

108 1179 116 21 ständerna
244 1179 143 26 motionsrätt,
404 1179 65 21 håller
485 1180 107 20 utskottet
608 1179 53 26 före,
676 1181 32 18 att
724 1179 65 28 sagda
805 1179 80 26 förslag
900 1185 28 14 nu

109 1208 47 21 icke
180 1208 66 21 borde
268 1208 110 20 föranleda
401 1209 68 26 någon
489 1207 134 28 underdånig
638 1207 156 28 framställning
809 1207 45 22 från
871 1208 58 19 stän-

108 1237 78 20 dernas
202 1236 52 21 sida.
278 1236 43 20 Det
337 1237 23 19 är
375 1239 58 18 emot
448 1237 70 20 denna
527 1237 117 20 utskottets
657 1236 143 27 uppfattning,
812 1238 32 19 att
854 1236 27 20 de
892 1242 37 14 an-

110 1265 137 27 märkningar
270 1271 32 14 om
327 1265 106 21 bristerna
452 1266 28 19 uti
497 1267 38 19 vår
551 1265 135 27 lagstiftning
701 1265 38 20 och
756 1265 26 20 de
796 1265 82 27 förslag
893 1271 37 13 an-

108 1294 82 27 gående
206 1293 100 28 åtgärder
322 1293 30 21 till
369 1293 48 21 dess
433 1293 155 25 förbättrande,
605 1300 45 14 som
668 1295 40 19 den
720 1293 22 20 af
752 1294 42 27 mig
804 1293 126 27 ifrågasatte

110 1323 175 20 embetsmannen
309 1329 51 13 vore
379 1322 85 27 skyldig
480 1323 29 20 uti
527 1323 30 20 sin
576 1322 116 21 berättelse
706 1322 90 27 påpeka,
812 1321 69 21 skulle
897 1322 32 19 ut-

109 1352 53 26 göra
186 1350 52 21 eller
260 1350 109 21 föranleda
392 1351 105 20 motioner
515 1351 37 20 hos
569 1350 122 27 ständerna,
704 1351 38 26 jag
759 1350 86 21 härmed
861 1350 69 20 måste

111 1380 103 26 nedlägga
235 1379 42 20 min
294 1379 138 28 reservation,
448 1381 23 26 ty
489 1381 32 19 att
537 1379 115 21 ständerna
668 1379 48 20 icke
732 1385 39 20 ega
787 1379 143 24 motionsrätt,

109 1409 23 19 är
155 1408 64 27 något
235 1414 45 13 som
296 1407 37 28 jag
349 1408 5 19 i
371 1408 110 27 egenskap
497 1408 25 20 af
536 1407 121 28 petitionär,
673 1408 89 20 likasom
779 1407 53 21 hvar
847 1407 40 20 och
904 1412 25 14 en

110 1442 69 14 annan
196 1436 56 20 inom
270 1435 58 21 detta
343 1437 65 19 ärade
423 1436 70 26 stånd,
510 1438 100 24 nogsamt
626 1437 37 19 har
677 1437 43 26 mig
737 1436 89 26 bekant;
848 1435 39 21 och
904 1433 27 21 då

107 1465 38 26 jag
168 1465 4 19 i
197 1464 47 20 mitt
268 1464 211 27 petitionsmemorial
503 1464 144 28 uttryckligen
673 1466 55 26 sagt,
744 1466 32 18 att
791 1463 140 27 framgången

110 1492 22 20 af
154 1493 39 19 den
215 1492 101 20 Finlands
335 1492 88 21 ständer
437 1493 68 27 enligt
522 1492 231 28 landtdagsordningen
770 1489 162 23 tillkommande

109 1520 102 28 rättighet
228 1522 31 19 att
275 1521 4 19 i
293 1521 143 27 petitionsväg
451 1522 38 19 hos
507 1521 28 20 H.
546 1521 25 20 K.
580 1520 61 28 Maj:t
656 1521 108 20 frambära
780 1519 115 28 uttrycken
911 1518 23 20 af
