1134 1803
454 138 39 16 Den
507 139 21 15 24
542 138 44 21 Maj.
867 138 40 20 327

112 195 98 27 gandena
226 195 32 20 för
274 194 193 27 bankfullmäktige
483 194 52 25 visa,
551 196 33 19 att
600 195 60 20 ordet
677 211 5 9 ,
685 195 111 27 styrelse'
812 195 48 21 icke
875 196 24 20 är
910 195 26 27 pä

112 224 37 20 sitt
172 224 69 20 ställe.
273 223 41 21 Det
341 224 23 19 är
385 223 52 20 visst
453 225 70 23 sannt,
540 225 32 18 att
587 223 67 27 enligt
670 223 150 27 efterföljande
837 223 101 27 paragraf

113 252 191 26 bankfullmäktige
320 251 129 21 tillkommer
465 253 32 19 att
513 252 84 20 besluta
613 258 34 14 om
664 252 126 20 utfärdande
806 252 24 20 af
843 252 92 20 instruk-

112 281 70 21 tioner
201 281 33 20 för
253 280 180 27 tjenstemännen,
450 282 32 18 att
498 280 26 20 de
540 280 21 20 fä
577 280 79 20 föreslä
672 280 78 28 nödiga
765 280 149 27 förändringar
930 280 6 20 i

113 310 57 20 förut
194 308 125 21 meddelade
342 308 162 26 instruktioner,
526 310 31 19 att
574 308 26 21 de
617 308 83 22 besluta
716 316 34 13 om
767 308 132 22 inrättandet
915 308 23 21 af

114 339 78 19 kontor
208 337 38 21 och
264 339 121 24 agenturer,
401 337 76 20 liksom
494 344 34 13 om
544 336 128 28 indragning
689 337 23 21 af
726 337 86 27 sädana;
829 344 48 14 men
891 337 46 27 just

114 373 34 14 om
172 365 40 21 alla
236 365 62 20 dessa
317 365 127 27 åligganden
465 365 62 20 heter
542 365 43 25 det,
602 367 31 18 att
649 365 26 21 de
691 366 68 20 måste
775 365 111 22 hemställa
902 372 33 13 om

114 395 80 20 sådana
216 394 101 27 åtgärder
340 394 31 19 tili
394 393 43 26 det,
456 400 47 14 som
523 401 48 13 man
588 393 67 21 kallar
670 393 84 22 landets
770 395 97 26 styrelse,
883 393 52 22 eller

115 422 115 29 kejserliga
246 424 97 24 senaten,
359 429 45 14 som
421 422 117 21 fastställer
552 422 83 28 frågan.

183 451 58 20 Herr
256 457 49 14 von
321 450 150 27 Haartman,
486 450 100 21 Victor:
610 450 42 28 Jag
668 451 38 20 ber
721 453 32 18 att
769 451 76 20 endast
859 450 22 21 få
896 450 40 21 till-

114 481 70 27 lägga,
195 481 32 19 att
237 479 62 21 äfven
309 479 5 20 i
323 479 197 27 föreningsbanken
533 479 132 27 exempelvis
677 479 67 21 kallas
755 479 39 21 den
806 479 131 28 delegation,

115 515 45 14 som
177 508 97 20 handhar
292 507 166 28 förvaltningen,
476 508 156 27 bankstyrelse,
649 508 180 27 centralstyrelse,
846 507 38 21 och
899 507 38 28 jag

115 540 45 18 tror
183 537 36 20 det
242 537 46 20 icke
312 536 62 21 faller
396 537 71 26 någon
486 536 21 20 in
528 538 31 19 att
576 536 56 21 kalla
648 536 206 27 föreningsbankens
871 535 66 21 bank-

116 565 83 21 utskott
215 565 33 20 för
265 565 97 27 styrelse.
394 565 111 26 Styrelsen
521 565 33 19 för
570 565 194 27 föreningsbanken
781 566 23 19 är
815 564 121 28 egentligen

117 593 156 21 koncentrerad
296 593 39 20 hos
358 592 143 27 direktionen,
525 593 36 21 det
580 594 24 19 är
623 593 134 20 direktionen
773 600 46 14 som
834 592 103 21 förvaltar

116 622 130 21 densamma.
278 622 79 20 Likaså
373 622 62 26 säger
454 628 49 14 man
518 622 55 26 icke,
590 623 32 19 att
637 622 115 27 kejserliga
768 623 87 19 senaten
871 620 66 21 hand-

116 653 38 19 har
169 650 105 28 styrelsen
291 650 22 20 af
327 650 170 26 forstväsendet;
514 650 70 20 dertill
600 650 67 20 finnes
683 657 26 13 en
725 650 54 20 skild
795 650 100 28 styrelse.
910 661 27 3 —

116 680 32 20 Då
173 678 240 28 landtdagsordningen,
437 685 46 14 som
502 680 24 18 är
541 686 26 13 en
584 678 112 28 grundlag,
712 678 109 21 använder
838 680 31 18 ett
884 678 53 20 visst

116 708 93 27 uttryck,
226 709 36 18 vet
275 708 38 26 jag
328 706 48 21 icke
387 706 100 21 hvarföre
498 714 48 13 man
558 707 6 20 i
576 707 141 20 förevarande
729 707 136 26 reglemente,
878 706 59 20 hvari

117 736 99 21 hänvisas
236 735 30 20 till
280 735 239 27 landtdagsordningen,
540 735 36 20 vill
592 735 98 28 begagna
705 737 31 19 ett
752 735 44 20 helt
812 736 67 19 annat
894 735 43 20 sätt

117 767 31 18 att
164 764 106 21 beteckna
285 770 81 14 samma
382 763 45 21 sak.

186 793 57 20 Herr
259 792 190 27 Montgomery:
472 792 34 20 På
525 793 43 19 sätt
583 792 66 20 redan
666 791 40 22 den
722 793 86 19 senaste
824 791 66 21 ärade
905 792 32 19 ta-

117 823 58 20 laren
198 823 80 24 nämnt,
301 821 144 20 förekommer
469 820 62 21 ordet
546 821 98 26 styrelse,
662 821 38 20 och
716 821 32 20 till
764 820 39 21 och
819 820 49 21 med
883 819 55 21 talar

118 857 46 14 man
190 850 72 20 derom
286 849 6 20 i
308 856 69 13 annan
394 849 87 27 mening
496 850 26 19 än
537 849 79 27 högsta
632 849 170 27 statsstyrelsen;
820 855 47 14 man
884 847 55 21 talar

118 886 33 14 om
168 885 26 14 en
211 877 152 28 öfverstyrelse
379 884 19 14 o.
415 885 16 13 s.
449 885 18 12 v.
499 877 41 27 Jag
556 877 36 20 vill
608 877 47 21 icke
671 879 57 25 säga,
746 879 30 19 att
787 877 37 20 det
835 878 23 19 är
874 883 25 14 en
915 876 24 20 sä

117 907 87 21 alldeles"
227 906 88 27 lämplig
337 908 60 25 term,
421 913 48 14 men
493 906 130 25 ,jinseende'
642 913 64 20 synes
725 906 43 27 mig
783 907 57 19 ännu
856 904 81 21 mindre

118 935 96 28 lämpligt
230 937 31 18 att
277 935 104 27 begagna.

187 964 42 20 För
245 963 86 21 ständet
350 963 109 28 upplästes
476 969 28 14 nu
520 963 30 20 till
568 963 133 21 besvarande
716 969 26 14 en
758 962 117 28 sälydande
890 968 49 21 pro-

117 992 103 29 position:

187 1020 144 26 ,Godkänner
354 1020 151 27 ridderskapet
527 1020 40 20 och
590 1019 61 21 adeln
668 1020 26 20 67
711 1020 11 27 8
738 1019 23 21 af
774 1018 165 29 ifrågavarande

118 1049 136 21 betänkande
271 1048 155 21 oförändrad?''

187 1093 4 9 »
194 1077 88 25 Vinner
298 1077 41 27 nej,
356 1077 38 20 bör
411 1076 127 27 paragrafen
554 1076 146 27 omredigeras
715 1076 7 20 i
738 1075 95 28 enlighet
844 1074 48 21 med
905 1081 34 14 or-

118 1105 125 28 dalydelsen
266 1105 6 20 i
291 1105 26 20 68
336 1105 11 27 &
363 1105 23 20 af
399 1104 241 28 landtdagsordningon,
664 1105 26 26 pä
706 1105 43 20 sätt
764 1104 50 21 herr
831 1102 108 22 Molander

118 1133 132 28 föreslagit'*.

187 1162 65 27 Uppä
267 1162 72 21 derom
356 1161 62 28 gjord
435 1161 97 21 anhällan
550 1161 116 21 anställdes
683 1161 103 27 votering,
798 1166 77 22 genom
886 1159 53 21 hvil-

119 1192 48 25 ken,
184 1193 51 18 enär
253 1192 98 19 rösterna
366 1190 74 21 utföllo
457 1190 48 20 med
523 1191 24 20 18
561 1190 24 27 ja
601 1190 39 21 och
656 1191 27 20 12
700 1190 41 27 nej,
757 1188 128 29 paragrafen
901 1194 39 15 var

119 1219 100 28 godkänd
235 1219 66 27 enligt
316 1218 120 21 utskottets
451 1218 87 27 förslag.

188 1249 11 26 8
216 1248 26 20 68
258 1247 131 28 godkändes.

187 1276 43 21 Vid
245 1276 12 27 8
273 1277 26 20 69
315 1275 110 21 lemnades
441 1275 62 21 ordet
518 1275 22 20 ät

188 1305 56 20 Herr
260 1311 47 14 von
323 1303 154 26 Haartman,
500 1303 100 27 Victor,
619 1310 46 14 som
685 1303 95 28 yttrade:
796 1302 11 21 I
824 1301 117 22 allmänhet

120 1335 23 19 är
158 1334 36 20 det
209 1333 47 20 icke
272 1333 42 20 min
331 1339 66 20 svaga
411 1331 46 21 sida
468 1333 31 20 att
509 1332 80 21 föreslä
599 1331 281 27 redaktionsförändringar,
892 1336 49 14 men

117 1363 38 26 jag
171 1361 81 28 nödgas
272 1361 65 20 likväl
356 1361 7 20 i
378 1361 97 26 punkten
491 1361 14 20 d
519 1360 79 21 föreslä
614 1367 26 14 en
657 1360 73 26 sädan,
746 1359 90 21 emedan
849 1359 39 27 jag
904 1364 37 15 an-

120 1397 35 14 ser
178 1390 36 21 det
239 1389 125 28 begagnade
387 1389 166 27 uttryckssättet
577 1395 51 14 vara
650 1388 154 27 vilseledande;
828 1387 35 21 det
879 1387 62 20 heter

120 1419 106 26 nemligen
242 1418 44 25 här,
303 1419 32 19 att
352 1417 205 27 ,bankfullmäktige
574 1423 40 21 ega
628 1419 31 18 att
670 1417 82 20 besluta
763 1423 33 14 om
808 1414 133 23 inrättandet

120 1447 21 20 af
156 1447 77 20 kontor
248 1446 41 20 och
305 1448 115 24 agenturer
435 1445 57 21 inom
509 1445 72 21 landet
592 1447 62 24 samt,
665 1444 44 21 ifall
720 1444 65 21 sädan
796 1442 76 29 ätgärd
883 1442 58 27 pröf-

120 1482 38 14 vas
175 1474 63 28 nödig
254 1474 39 20 och
308 1474 33 20 för
357 1474 86 20 banken
458 1474 106 27 gagnelig,
580 1474 75 26 frägan
671 1473 73 21 derom
759 1472 69 21 tillika
840 1471 47 21 med
899 1470 42 20 för-

121 1503 45 27 slag
187 1502 92 22 rörande
299 1502 110 28 omfänget
425 1502 23 20 af
461 1502 41 20 den
518 1508 42 21 nya
576 1501 118 21 anstaltens
710 1500 137 22 verksamhet
861 1498 32 22 till
908 1505 34 14 se-

120 1533 77 19 natens
213 1530 286 27 ekonomie-departements
515 1529 117 28 afgörande
648 1529 151 21 öfverlemna'.
830 1528 43 21 Det
889 1533 51 15 vore
