1134 1803
461 115 39 15 Den
515 115 21 15 21
551 114 42 20 Maj.
872 116 40 19 263

114 170 46 20 före
176 173 31 17 ett
224 170 77 26 beslut,
317 177 34 13 om
369 177 25 13 en
412 170 55 27 äsigt
480 170 50 20 med
542 170 36 20 det
590 170 119 28 eftertryck
721 170 69 21 blifvit
801 171 139 23 understödd,

114 205 44 13 som
171 198 107 21 erfordras
295 199 32 19 för
341 201 32 17 att
387 200 31 18 ett
431 198 70 21 beslut
518 198 6 20 i
541 198 39 21 den
598 199 96 27 ordning,
712 199 66 20 andra
793 202 116 18 momentet
920 200 23 20 af

115 228 12 19 6
138 227 12 26 $
162 226 123 27 innehåller,
297 227 52 20 skall
362 227 84 20 komma
458 227 30 20 till
501 227 71 25 stånd,
584 227 98 21 hvarföre
694 229 32 19 ett
738 228 76 24 beslut,
826 230 61 25 säger
895 229 45 27 jag,

115 262 45 14 som
172 255 39 21 har
222 255 69 21 denna
302 256 52 26 grad
363 256 22 20 af
393 256 139 26 enhällighet,
542 256 47 20 icke
598 256 78 20 tillåtes
684 258 31 18 att
724 256 65 20 blifva
797 256 105 27 gällande,
911 257 29 19 in-

115 291 34 13 ser
158 284 38 26 jag
206 284 54 26 icke;
269 284 47 20 icke
328 284 68 27 ligger
407 284 44 20 deri
461 285 66 26 något
536 284 152 26 upphäfvande
700 284 18 20 af
728 284 153 26 institutioner,
893 292 45 13 som

115 319 76 20 genom
208 312 70 20 denna
291 312 254 27 kommunalförfattning
557 314 37 19 äro
607 312 89 27 införda,
712 315 50 18 utan
777 312 35 21 det
821 313 66 27 gäller
898 315 41 19 sät-

116 343 30 18 tet
157 340 33 20 för
200 340 95 21 medlens
305 341 224 26 sammanbringande.
546 340 48 27 Nog
604 341 89 21 fortfara
702 342 25 19 de
737 348 108 20 personer,
853 348 46 14 som
908 349 31 13 er-

116 369 62 27 lägga
191 369 111 26 utskylder
317 369 30 20 till
364 369 82 26 staden,
458 372 31 18 att
502 376 51 13 vara
568 369 154 21 medlemmar
717 365 14 36 i
735 369 128 22 kommunen
874 370 66 27 enligt

116 397 60 20 detta
191 404 41 21 nya
250 397 86 28 förslag,
349 397 39 21 och
408 397 26 21 de
454 399 37 19 äro
517 397 94 28 verkliga
629 398 137 20 medlemmar
783 398 5 20 i
805 398 134 26 kommunen,

116 433 48 13 men
175 427 67 19 sättet
256 425 33 21 för
300 426 138 27 erläggandet
449 427 22 20 af
480 426 117 27 afgifterna
612 427 40 20 kan
662 427 84 20 ändock
758 427 64 20 blifva
834 427 105 20 beroende

117 455 27 26 på
159 454 225 21 öfverenskommelse.
411 455 38 20 Att
467 461 49 14 man
534 455 54 20 blott
603 455 33 20 för
652 457 32 18 att
695 455 21 20 få
727 455 146 27 likformighet
885 455 54 20 skall

117 483 83 20 forcera
217 489 102 21 personer
330 483 5 20 i
348 490 25 13 en
390 483 67 27 fråga,
473 483 40 20 der
529 483 36 20 det
581 483 66 27 gäller
663 483 63 21 deras
742 485 54 24 börs,
809 485 23 18 är
844 483 33 21 väl
888 484 49 27 föga

117 511 103 27 lämpligt,
237 515 23 23 ty
276 513 37 19 äro
330 511 25 20 de
373 512 83 27 engång
467 519 59 19 ease,
539 512 23 20 sä
573 511 60 21 skola
645 512 26 20 de
683 512 107 20 bestämdt
802 513 71 19 kunna
884 512 53 20 kull-

117 541 62 19 kasta
195 539 72 28 dylika
283 540 140 20 föreskrifter.
449 541 34 20 De
500 540 87 20 komma
603 540 98 21 öfverens
718 547 33 14 om
768 543 31 18 att
810 541 71 26 skjuta
893 540 46 21 sina

118 568 68 20 medel
203 569 140 19 tillsammans
359 570 27 26 på
401 570 31 18 ett
447 569 53 20 eller
517 571 65 17 annat
599 570 51 25 sätt;
668 569 86 20 dermed
771 569 37 19 har
824 569 62 27 ingen
903 575 35 13 an-

118 604 41 13 nan
175 598 32 18 att
224 596 82 21 befatta
323 597 38 27 sig.
393 596 33 21 Då
442 597 38 20 här
496 596 85 21 fordras
597 604 26 13 en
640 598 23 20 så
678 599 46 18 stor
741 597 115 27 pluralitet,
868 596 70 21 skulle

115 626 39 27 jag
168 625 48 21 icke
232 625 57 20 finna
304 626 71 26 någon
391 625 55 21 våda
463 632 52 14 vara
531 625 89 21 förenad
637 626 47 20 med
696 626 130 27 stadgandet
840 626 6 20 i
863 625 77 27 nådiga

119 654 167 27 propositionen.

190 682 54 20 Herr
260 682 159 27 Lagerborg,
437 682 112 20 Robert:
566 682 40 20 Om
623 685 31 18 ett
670 682 76 21 sådant
762 682 117 28 stadgande
894 688 45 14 som

119 711 65 23 detta,
201 712 31 18 att
248 710 57 20 förut
325 711 90 26 stadgad
432 710 70 28 grund
518 710 33 21 för
570 710 172 27 stadsutskylder
761 711 68 20 skulle
844 710 21 21 få
882 710 57 20 bibe-

118 739 74 26 hållas,
209 739 84 20 komme
309 741 32 18 att
357 739 48 26 ingå
421 739 6 20 i
443 739 72 20 denna
530 739 134 27 författning,
681 741 23 18 är
720 739 36 20 det
772 739 46 20 fara
828 738 69 27 värdt,
909 740 30 18 att

120 768 77 27 många
221 767 126 20 kommuner
369 767 68 20 skulle
461 767 44 21 låta
524 767 36 20 det
580 767 50 20 bero
650 767 35 21 vid
704 767 36 20 det
761 767 122 20 nuvarande
900 767 38 20 och

120 796 123 27 derigenom
260 795 69 21 denna
345 795 126 28 författning
487 795 111 28 verkligen
616 796 46 20 icke
674 795 63 21 blifva
750 795 75 21 införd.
851 795 42 27 Jag
905 797 35 18 vet

119 824 47 21 icke
182 824 31 20 till
230 824 52 20 huru
299 824 48 27 lång
363 824 30 21 tid
410 831 47 14 man
470 824 54 20 skall
536 824 110 21 utsträcka
658 831 25 14 en
696 824 66 21 sådan
774 824 108 27 rättighet,
894 830 44 13 som

120 855 75 18 nästan
212 854 23 19 är
251 859 25 14 en
293 853 127 27 annulering
437 853 22 20 af
473 853 70 20 denna
559 853 138 27 författnings
714 853 117 27 betydelse.
863 852 43 21 Det
917 853 23 19 är

121 881 64 20 redan
202 881 6 20 i
224 881 129 27 föregående
370 883 93 18 moment
480 881 24 20 af
518 888 82 13 samma
616 881 101 27 paragraf
732 881 107 27 stadgadt,
855 882 32 19 att
903 887 36 14 an-

120 909 62 21 ständ
198 909 49 21 med
264 910 165 27 författningens
445 909 112 21 införande
575 910 41 19 kan
634 910 20 20 få
669 910 89 27 beviljas
770 910 32 20 för
814 912 33 17 tre
858 909 30 26 år,
901 909 38 20 och

121 938 36 21 det
174 938 60 21 torde
251 945 50 14 vara
317 938 87 21 alldeles
420 938 209 27 tillfyllestgörande.

191 966 56 21 Herr
263 966 159 26 Ehrnrooth,
441 966 71 21 Carl:
529 966 57 21 Herr
602 966 126 28 Lagerborg
747 966 92 27 yttrade,
851 968 31 18 att
896 965 43 21 ifall

122 998 31 17 ett
170 995 76 20 sådant
262 995 81 27 tillägg,
359 1002 45 13 som
416 995 5 20 i
433 995 41 20 den
492 995 76 26 nådiga
585 995 160 27 propositionen
761 995 74 24 finnes,
846 994 94 21 bibehål-

122 1024 37 25 les,
176 1031 51 13 vore
244 1023 36 21 det
299 1024 45 20 fara
361 1023 68 26 värdt,
449 1030 46 14 som
517 1023 40 20 han
582 1023 109 28 uttryckte
708 1024 38 27 sig,
762 1026 31 17 att
810 1023 46 20 hela
872 1023 69 20 denna

122 1059 42 20 nya
178 1052 37 26 lag
234 1052 47 20 icke
301 1052 69 20 skuile
389 1052 65 20 blifva
480 1053 64 25 uågot
561 1052 26 20 af.
618 1051 42 27 Jag
676 1052 68 20 finner
761 1054 31 18 ett
808 1051 75 20 sådant
899 1053 42 25 ytt-

124 1080 66 20 rande
206 1080 22 20 af
243 1087 24 13 en
285 1080 66 20 sådan
371 1087 76 20 person
465 1087 46 14 som
528 1080 48 20 herr
592 1080 132 27 Lagerborg,
744 1080 68 20 såsom
830 1079 90 20 medlem
937 1079 4 20 i

123 1109 113 25 utskottet,
255 1115 48 14 vara
320 1109 97 26 ytterligt
427 1108 116 27 blygsamt.
570 1107 49 22 Han
636 1108 78 21 räknar
724 1108 48 20 icke
788 1107 27 27 på
831 1107 112 27 framgång

123 1137 23 20 af
160 1137 68 20 denna
245 1137 40 26 lag,
301 1137 52 20 eller
369 1139 45 18 tror
430 1139 31 18 att
480 1136 93 21 flertalet
593 1137 2 19 i
611 1143 26 14 en
653 1136 101 21 kommun
775 1135 61 21 skola
853 1142 50 14 vara
920 1136 23 19 så

124 1166 132 25 korttänkte,
273 1167 30 18 att
320 1165 26 21 de
358 1165 47 21 icke
417 1165 61 20 skola
489 1165 74 24 förstå,
576 1165 42 20 lika
630 1165 33 20 väl
675 1171 45 14 som
732 1165 20 20 vi
764 1165 45 25 här,
821 1164 48 20 dess
882 1166 60 25 nytta

124 1194 51 21 eller
190 1193 54 21 icke.
275 1193 71 21 Hafva
362 1194 26 20 de
404 1200 26 14 en
447 1193 67 21 sådan
531 1194 62 26 åsigt,
613 1193 67 20 finner
694 1193 38 28 jag
747 1193 47 20 icke
810 1193 65 26 något
891 1192 52 21 ondt

124 1222 44 21 deri
185 1224 32 18 att
230 1222 40 21 den
286 1222 32 21 får
334 1223 51 26 göra
402 1222 32 27 sig
450 1222 106 27 gällande,
573 1222 26 20 då
615 1221 37 21 det
667 1222 47 20 icke
731 1221 66 28 gäller
817 1221 65 27 något
901 1223 40 18 sta-

124 1253 48 18 tens
191 1251 104 26 ändamål,
315 1254 52 17 utan
383 1252 66 19 sättet
466 1251 28 27 på
510 1250 81 21 hvilket
610 1250 140 27 utskylderna
768 1249 61 21 skola
848 1250 95 26 utgöras.

194 1279 56 20 Horr
267 1279 160 27 Lagerborg,
439 1279 108 20 Robert:
564 1279 75 20 Såsom
650 1285 49 14 svar
712 1279 26 26 på
748 1280 86 19 senaste
846 1277 98 21 anmärk-

125 1308 50 27 ning
190 1308 24 20 af
229 1308 48 20 herr
293 1307 124 21 Ehrnrooth
440 1307 103 21 behöfver
557 1308 37 26 jag
611 1307 54 20 blott
686 1307 70 21 erinra
778 1307 37 20 det
830 1306 115 27 höglofliga

125 1336 86 21 ståndet
230 1343 32 13 om
280 1336 102 21 historien
402 1343 33 13 om
455 1335 355 27 landskommunalförfattningens
827 1334 118 25 införande,

125 1365 73 20 hvilka
218 1365 134 26 svårigheter
370 1371 45 14 som
433 1365 55 20 varit
504 1364 101 21 förenade
622 1364 48 20 med
686 1364 48 20 den.
766 1363 43 21 Det
825 1363 38 20 har
879 1362 66 21 slutli-

126 1400 40 20 gen
182 1393 47 26 gått
244 1393 87 26 derhän,
349 1394 30 19 att
395 1400 48 13 man
461 1393 69 20 blifvit
546 1395 95 25 tvungen
658 1394 31 19 att
705 1391 129 22 föreskrifva
849 1391 97 20 kommu-

127 1428 65 13 nerna
208 1424 31 17 att
254 1421 79 21 inrätta
349 1421 262 27 kommunalförvaltning.

196 1449 56 21 Herr
268 1449 159 26 Ehrnrooth,
445 1449 68 21 Carl:
529 1448 43 28 Jag
588 1450 37 20 ber
641 1456 33 13 om
692 1449 81 24 ursäkt,
790 1450 32 19 att
836 1448 38 27 jag
889 1448 58 19 ännu

126 1484 26 14 en
169 1478 57 27 gång
241 1480 106 24 upptager
363 1478 96 20 ståndets
471 1478 99 20 tålamod.
594 1477 143 21 Jemförelsen
748 1476 91 22 emellan
850 1476 97 20 kommu-

127 1506 279 28 nalförfattningsförslaget
423 1507 26 27 på
465 1506 74 20 landet
555 1506 39 21 och
610 1506 60 20 detta
688 1506 117 27 lagförslag
822 1506 23 19 är
860 1510 46 14 mer
921 1505 26 19 än
