<?xml version="1.0" encoding="UTF-8"?>
<alto xmlns="http://www.loc.gov/standards/alto/ns-v3#" xmlns:xlink="http://www.w3.org/1999/xlink" xmlns:xsi="http://www.w3.org/2001/XMLSchema-instance" xsi:schemaLocation="http://www.loc.gov/standards/alto/ns-v3# http://www.loc.gov/alto/v3/alto-3-0.xsd">
	<Description>
		<MeasurementUnit>pixel</MeasurementUnit>
		<sourceImageInformation>
			<fileName>/tmp/tess_4p1t1h4d_input.PNG</fileName>
		</sourceImageInformation>
		<OCRProcessing ID="OCR_0">
			<ocrProcessingStep>
				<processingSoftware>
					<softwareName>tesseract 5.3.4</softwareName>
				</processingSoftware>
			</ocrProcessingStep>
		</OCRProcessing>
	</Description>
	<Layout>
		<Page WIDTH="1134" HEIGHT="1803" PHYSICAL_IMG_NR="0" ID="page_0">
			<PrintSpace HPOS="0" VPOS="0" WIDTH="1134" HEIGHT="1803">
				<ComposedBlock ID="cblock_0" HPOS="450" VPOS="116" WIDTH="451" HEIGHT="22">
					<TextBlock ID="block_0" HPOS="450" VPOS="116" WIDTH="451" HEIGHT="22">
						<TextLine ID="line_0" HPOS="450" VPOS="116" WIDTH="451" HEIGHT="22">
							<String ID="string_0" HPOS="450" VPOS="116" WIDTH="39" HEIGHT="17" WC="0.95" CONTENT="Den"/><SP WIDTH="15" VPOS="116" HPOS="489"/>
							<String ID="string_1" HPOS="504" VPOS="117" WIDTH="20" HEIGHT="16" WC="0.96" CONTENT="14"/><SP WIDTH="13" VPOS="117" HPOS="524"/>
							<String ID="string_2" HPOS="537" VPOS="117" WIDTH="43" HEIGHT="21" WC="0.96" CONTENT="Maj."/><SP WIDTH="282" VPOS="117" HPOS="580"/>
							<String ID="string_3" HPOS="862" VPOS="116" WIDTH="39" HEIGHT="22" WC="0.96" CONTENT="163"/>
						</TextLine>
					</TextBlock>
				</ComposedBlock>
				<ComposedBlock ID="cblock_1" HPOS="103" VPOS="173" WIDTH="826" HEIGHT="399">
					<TextBlock ID="block_1" HPOS="103" VPOS="173" WIDTH="826" HEIGHT="56">
						<TextLine ID="line_1" HPOS="104" VPOS="173" WIDTH="825" HEIGHT="28">
							<String ID="string_4" HPOS="104" VPOS="173" WIDTH="60" HEIGHT="28" WC="0.90" CONTENT="afsåg"/><SP WIDTH="22" VPOS="173" HPOS="164"/>
							<String ID="string_5" HPOS="186" VPOS="173" WIDTH="139" HEIGHT="28" WC="0.91" CONTENT="förhöjandet"/><SP WIDTH="24" VPOS="173" HPOS="325"/>
							<String ID="string_6" HPOS="349" VPOS="174" WIDTH="22" HEIGHT="20" WC="0.96" CONTENT="af"/><SP WIDTH="14" VPOS="174" HPOS="371"/>
							<String ID="string_7" HPOS="385" VPOS="173" WIDTH="27" HEIGHT="21" WC="0.96" CONTENT="de"/><SP WIDTH="15" VPOS="173" HPOS="412"/>
							<String ID="string_8" HPOS="427" VPOS="173" WIDTH="34" HEIGHT="21" WC="0.96" CONTENT="för"/><SP WIDTH="16" VPOS="173" HPOS="461"/>
							<String ID="string_9" HPOS="477" VPOS="173" WIDTH="123" HEIGHT="21" WC="0.96" CONTENT="ändamålet"/><SP WIDTH="16" VPOS="173" HPOS="600"/>
							<String ID="string_10" HPOS="616" VPOS="173" WIDTH="108" HEIGHT="28" WC="0.96" CONTENT="beviljade"/><SP WIDTH="16" VPOS="173" HPOS="724"/>
							<String ID="string_11" HPOS="740" VPOS="174" WIDTH="76" HEIGHT="26" WC="0.96" CONTENT="medel,"/><SP WIDTH="18" VPOS="174" HPOS="816"/>
							<String ID="string_12" HPOS="834" VPOS="180" WIDTH="47" HEIGHT="15" WC="0.95" CONTENT="men"/><SP WIDTH="16" VPOS="180" HPOS="881"/>
							<String ID="string_13" HPOS="897" VPOS="176" WIDTH="32" HEIGHT="19" WC="0.96" CONTENT="att"/>
						</TextLine>
						<TextLine ID="line_2" HPOS="103" VPOS="201" WIDTH="560" HEIGHT="28">
							<String ID="string_14" HPOS="103" VPOS="202" WIDTH="33" HEIGHT="20" WC="0.96" CONTENT="för"/><SP WIDTH="16" VPOS="202" HPOS="136"/>
							<String ID="string_15" HPOS="152" VPOS="202" WIDTH="65" HEIGHT="27" WC="0.96" CONTENT="öfrigt"/><SP WIDTH="15" VPOS="202" HPOS="217"/>
							<String ID="string_16" HPOS="232" VPOS="204" WIDTH="79" HEIGHT="24" WC="0.92" CONTENT="antaga"/><SP WIDTH="16" VPOS="204" HPOS="311"/>
							<String ID="string_17" HPOS="327" VPOS="201" WIDTH="336" HEIGHT="28" WC="0.91" CONTENT="sammanjemkningsförslaget;"/>
						</TextLine>
					</TextBlock>
					<TextBlock ID="block_2" HPOS="104" VPOS="230" WIDTH="824" HEIGHT="170">
						<TextLine ID="line_3" HPOS="172" VPOS="230" WIDTH="755" HEIGHT="28">
							<String ID="string_18" HPOS="172" VPOS="232" WIDTH="40" HEIGHT="24" WC="0.95" CONTENT="att,"/><SP WIDTH="11" VPOS="232" HPOS="212"/>
							<String ID="string_19" HPOS="223" VPOS="230" WIDTH="5" HEIGHT="20" WC="0.96" CONTENT="i"/><SP WIDTH="13" VPOS="230" HPOS="228"/>
							<String ID="string_20" HPOS="241" VPOS="230" WIDTH="71" HEIGHT="20" WC="0.96" CONTENT="stället"/><SP WIDTH="11" VPOS="230" HPOS="312"/>
							<String ID="string_21" HPOS="323" VPOS="230" WIDTH="32" HEIGHT="21" WC="0.93" CONTENT="för"/><SP WIDTH="11" VPOS="230" HPOS="355"/>
							<String ID="string_22" HPOS="366" VPOS="230" WIDTH="209" HEIGHT="28" WC="0.91" CONTENT="landtdagsmännen"/><SP WIDTH="9" VPOS="230" HPOS="575"/>
							<String ID="string_23" HPOS="584" VPOS="230" WIDTH="99" HEIGHT="21" WC="0.91" CONTENT="Heikura"/><SP WIDTH="13" VPOS="230" HPOS="683"/>
							<String ID="string_24" HPOS="696" VPOS="230" WIDTH="39" HEIGHT="21" WC="0.93" CONTENT="och"/><SP WIDTH="13" VPOS="230" HPOS="735"/>
							<String ID="string_25" HPOS="748" VPOS="230" WIDTH="122" HEIGHT="27" WC="0.90" CONTENT="Riihimäki,"/><SP WIDTH="13" VPOS="230" HPOS="870"/>
							<String ID="string_26" HPOS="883" VPOS="238" WIDTH="44" HEIGHT="14" WC="0.96" CONTENT="som"/>
						</TextLine>
						<TextLine ID="line_4" HPOS="104" VPOS="258" WIDTH="824" HEIGHT="22">
							<String ID="string_27" HPOS="104" VPOS="259" WIDTH="23" HEIGHT="21" WC="0.95" CONTENT="af"/><SP WIDTH="21" VPOS="259" HPOS="127"/>
							<String ID="string_28" HPOS="148" VPOS="259" WIDTH="87" HEIGHT="21" WC="0.96" CONTENT="ståndet"/><SP WIDTH="18" VPOS="259" HPOS="235"/>
							<String ID="string_29" HPOS="253" VPOS="259" WIDTH="54" HEIGHT="21" WC="0.96" CONTENT="först"/><SP WIDTH="24" VPOS="259" HPOS="307"/>
							<String ID="string_30" HPOS="331" VPOS="259" WIDTH="70" HEIGHT="21" WC="0.93" CONTENT="blifvit"/><SP WIDTH="23" VPOS="259" HPOS="401"/>
							<String ID="string_31" HPOS="424" VPOS="258" WIDTH="86" HEIGHT="21" WC="0.92" CONTENT="invalde"/><SP WIDTH="17" VPOS="258" HPOS="510"/>
							<String ID="string_32" HPOS="527" VPOS="259" WIDTH="30" HEIGHT="21" WC="0.96" CONTENT="till"/><SP WIDTH="18" VPOS="259" HPOS="557"/>
							<String ID="string_33" HPOS="575" VPOS="259" WIDTH="119" HEIGHT="21" WC="0.95" CONTENT="ledamöter"/><SP WIDTH="16" VPOS="259" HPOS="694"/>
							<String ID="string_34" HPOS="710" VPOS="259" WIDTH="6" HEIGHT="20" WC="0.96" CONTENT="i"/><SP WIDTH="15" VPOS="259" HPOS="716"/>
							<String ID="string_35" HPOS="731" VPOS="259" WIDTH="118" HEIGHT="21" WC="0.93" CONTENT="förstärkta"/><SP WIDTH="16" VPOS="259" HPOS="849"/>
							<String ID="string_36" HPOS="865" VPOS="262" WIDTH="63" HEIGHT="18" WC="0.92" CONTENT="stats-"/>
						</TextLine>
						<TextLine ID="line_5" HPOS="104" VPOS="287" WIDTH="824" HEIGHT="28">
							<String ID="string_37" HPOS="104" VPOS="287" WIDTH="113" HEIGHT="25" WC="0.96" CONTENT="utskottet,"/><SP WIDTH="20" VPOS="287" HPOS="217"/>
							<String ID="string_38" HPOS="237" VPOS="294" WIDTH="48" HEIGHT="14" WC="0.96" CONTENT="men"/><SP WIDTH="19" VPOS="294" HPOS="285"/>
							<String ID="string_39" HPOS="304" VPOS="294" WIDTH="46" HEIGHT="14" WC="0.95" CONTENT="som"/><SP WIDTH="14" VPOS="294" HPOS="350"/>
							<String ID="string_40" HPOS="364" VPOS="287" WIDTH="34" HEIGHT="21" WC="0.91" CONTENT="för"/><SP WIDTH="16" VPOS="287" HPOS="398"/>
							<String ID="string_41" HPOS="414" VPOS="287" WIDTH="80" HEIGHT="27" WC="0.91" CONTENT="vigtiga"/><SP WIDTH="15" VPOS="287" HPOS="494"/>
							<String ID="string_42" HPOS="509" VPOS="288" WIDTH="99" HEIGHT="20" WC="0.96" CONTENT="enskilda"/><SP WIDTH="11" VPOS="288" HPOS="608"/>
							<String ID="string_43" HPOS="619" VPOS="287" WIDTH="183" HEIGHT="28" WC="0.96" CONTENT="angelägenheter"/><SP WIDTH="9" VPOS="287" HPOS="802"/>
							<String ID="string_44" HPOS="811" VPOS="288" WIDTH="54" HEIGHT="21" WC="0.93" CONTENT="varit"/><SP WIDTH="12" VPOS="288" HPOS="865"/>
							<String ID="string_45" HPOS="877" VPOS="288" WIDTH="51" HEIGHT="21" WC="0.91" CONTENT="nöd-"/>
						</TextLine>
						<TextLine ID="line_6" HPOS="104" VPOS="316" WIDTH="823" HEIGHT="28">
							<String ID="string_46" HPOS="104" VPOS="316" WIDTH="80" HEIGHT="21" WC="0.91" CONTENT="sakade"/><SP WIDTH="24" VPOS="316" HPOS="184"/>
							<String ID="string_47" HPOS="208" VPOS="318" WIDTH="32" HEIGHT="18" WC="0.90" CONTENT="att"/><SP WIDTH="22" VPOS="318" HPOS="240"/>
							<String ID="string_48" HPOS="262" VPOS="316" WIDTH="70" HEIGHT="20" WC="0.90" CONTENT="afrésa"/><SP WIDTH="16" VPOS="316" HPOS="332"/>
							<String ID="string_49" HPOS="348" VPOS="316" WIDTH="46" HEIGHT="20" WC="0.96" CONTENT="från"/><SP WIDTH="17" VPOS="316" HPOS="394"/>
							<String ID="string_50" HPOS="411" VPOS="318" WIDTH="68" HEIGHT="24" WC="0.96" CONTENT="orten,"/><SP WIDTH="17" VPOS="318" HPOS="479"/>
							<String ID="string_51" HPOS="496" VPOS="318" WIDTH="79" HEIGHT="19" WC="0.92" CONTENT="utsetts"/><SP WIDTH="16" VPOS="318" HPOS="575"/>
							<String ID="string_52" HPOS="591" VPOS="316" WIDTH="207" HEIGHT="28" WC="0.90" CONTENT="landtdagsmännen"/><SP WIDTH="18" VPOS="316" HPOS="798"/>
							<String ID="string_53" HPOS="816" VPOS="316" WIDTH="57" HEIGHT="22" WC="0.96" CONTENT="Hahl"/><SP WIDTH="15" VPOS="316" HPOS="873"/>
							<String ID="string_54" HPOS="888" VPOS="316" WIDTH="39" HEIGHT="21" WC="0.96" CONTENT="och"/>
						</TextLine>
						<TextLine ID="line_7" HPOS="105" VPOS="344" WIDTH="822" HEIGHT="28">
							<String ID="string_55" HPOS="105" VPOS="344" WIDTH="101" HEIGHT="27" WC="0.91" CONTENT="Nyrönen"/><SP WIDTH="24" VPOS="344" HPOS="206"/>
							<String ID="string_56" HPOS="230" VPOS="344" WIDTH="31" HEIGHT="21" WC="0.96" CONTENT="till"/><SP WIDTH="23" VPOS="344" HPOS="261"/>
							<String ID="string_57" HPOS="284" VPOS="344" WIDTH="125" HEIGHT="26" WC="0.96" CONTENT="ledamöter,"/><SP WIDTH="24" VPOS="344" HPOS="409"/>
							<String ID="string_58" HPOS="433" VPOS="347" WIDTH="55" HEIGHT="18" WC="0.96" CONTENT="samt"/><SP WIDTH="24" VPOS="347" HPOS="488"/>
							<String ID="string_59" HPOS="512" VPOS="344" WIDTH="31" HEIGHT="21" WC="0.93" CONTENT="till"/><SP WIDTH="23" VPOS="344" HPOS="543"/>
							<String ID="string_60" HPOS="566" VPOS="345" WIDTH="145" HEIGHT="27" WC="0.92" CONTENT="suppleanter"/><SP WIDTH="11" VPOS="345" HPOS="711"/>
							<String ID="string_61" HPOS="722" VPOS="345" WIDTH="205" HEIGHT="27" WC="0.91" CONTENT="landtdagsmännen"/>
						</TextLine>
						<TextLine ID="line_8" HPOS="105" VPOS="372" WIDTH="382" HEIGHT="28">
							<String ID="string_62" HPOS="105" VPOS="373" WIDTH="97" HEIGHT="26" WC="0.88" CONTENT="Foudila,"/><SP WIDTH="22" VPOS="373" HPOS="202"/>
							<String ID="string_63" HPOS="224" VPOS="372" WIDTH="80" HEIGHT="28" WC="0.92" CONTENT="Inberg"/><SP WIDTH="16" VPOS="372" HPOS="304"/>
							<String ID="string_64" HPOS="320" VPOS="373" WIDTH="39" HEIGHT="20" WC="0.92" CONTENT="och"/><SP WIDTH="17" VPOS="373" HPOS="359"/>
							<String ID="string_65" HPOS="376" VPOS="372" WIDTH="111" HEIGHT="27" WC="0.91" CONTENT="Keränen;"/>
						</TextLine>
					</TextBlock>
					<TextBlock ID="block_3" HPOS="106" VPOS="401" WIDTH="822" HEIGHT="107">
						<TextLine ID="line_9" HPOS="174" VPOS="401" WIDTH="754" HEIGHT="28">
							<String ID="string_66" HPOS="174" VPOS="403" WIDTH="32" HEIGHT="19" WC="0.96" CONTENT="att"/><SP WIDTH="15" VPOS="403" HPOS="206"/>
							<String ID="string_67" HPOS="221" VPOS="401" WIDTH="49" HEIGHT="21" WC="0.93" CONTENT="med"/><SP WIDTH="14" VPOS="401" HPOS="270"/>
							<String ID="string_68" HPOS="284" VPOS="401" WIDTH="140" HEIGHT="23" WC="0.91" CONTENT="förkastande"/><SP WIDTH="15" VPOS="401" HPOS="424"/>
							<String ID="string_69" HPOS="439" VPOS="401" WIDTH="24" HEIGHT="20" WC="0.93" CONTENT="af"/><SP WIDTH="13" VPOS="401" HPOS="463"/>
							<String ID="string_70" HPOS="476" VPOS="401" WIDTH="156" HEIGHT="28" WC="0.92" CONTENT="lagutskottets"/><SP WIDTH="17" VPOS="401" HPOS="632"/>
							<String ID="string_71" HPOS="649" VPOS="401" WIDTH="137" HEIGHT="21" WC="0.96" CONTENT="betänkande"/><SP WIDTH="10" VPOS="401" HPOS="786"/>
							<String ID="string_72" HPOS="796" VPOS="402" WIDTH="6" HEIGHT="20" WC="0.96" CONTENT="i"/><SP WIDTH="12" VPOS="402" HPOS="802"/>
							<String ID="string_73" HPOS="814" VPOS="403" WIDTH="114" HEIGHT="26" WC="0.96" CONTENT="anledning"/>
						</TextLine>
						<TextLine ID="line_10" HPOS="106" VPOS="429" WIDTH="821" HEIGHT="30">
							<String ID="string_74" HPOS="106" VPOS="430" WIDTH="23" HEIGHT="20" WC="0.96" CONTENT="af"/><SP WIDTH="15" VPOS="430" HPOS="129"/>
							<String ID="string_75" HPOS="144" VPOS="429" WIDTH="78" HEIGHT="28" WC="0.95" CONTENT="nådiga"/><SP WIDTH="15" VPOS="429" HPOS="222"/>
							<String ID="string_76" HPOS="237" VPOS="430" WIDTH="169" HEIGHT="27" WC="0.96" CONTENT="propositionen,"/><SP WIDTH="17" VPOS="430" HPOS="406"/>
							<String ID="string_77" HPOS="423" VPOS="430" WIDTH="111" HEIGHT="27" WC="0.96" CONTENT="angående"/><SP WIDTH="15" VPOS="430" HPOS="534"/>
							<String ID="string_78" HPOS="549" VPOS="429" WIDTH="120" HEIGHT="28" WC="0.95" CONTENT="förklaring"/><SP WIDTH="19" VPOS="429" HPOS="669"/>
							<String ID="string_79" HPOS="688" VPOS="430" WIDTH="22" HEIGHT="20" WC="0.96" CONTENT="af"/><SP WIDTH="20" VPOS="430" HPOS="710"/>
							<String ID="string_80" HPOS="730" VPOS="431" WIDTH="26" HEIGHT="20" WC="0.96" CONTENT="24"/><SP WIDTH="16" VPOS="431" HPOS="756"/>
							<String ID="string_81" HPOS="772" VPOS="431" WIDTH="44" HEIGHT="26" WC="0.96" CONTENT="och"/><SP WIDTH="12" VPOS="431" HPOS="816"/>
							<String ID="string_82" HPOS="828" VPOS="431" WIDTH="26" HEIGHT="20" WC="0.96" CONTENT="29"/><SP WIDTH="19" VPOS="431" HPOS="854"/>
							<String ID="string_83" HPOS="873" VPOS="431" WIDTH="28" HEIGHT="28" WC="0.80" CONTENT="88"/><SP WIDTH="21" VPOS="431" HPOS="901"/>
							<String ID="string_84" HPOS="922" VPOS="431" WIDTH="5" HEIGHT="20" WC="0.94" CONTENT="i"/>
						</TextLine>
						<TextLine ID="line_11" HPOS="107" VPOS="458" WIDTH="821" HEIGHT="29">
							<String ID="string_85" HPOS="107" VPOS="459" WIDTH="187" HEIGHT="27" WC="0.92" CONTENT="konkursstadgan"/><SP WIDTH="16" VPOS="459" HPOS="294"/>
							<String ID="string_86" HPOS="310" VPOS="459" WIDTH="23" HEIGHT="20" WC="0.96" CONTENT="af"/><SP WIDTH="14" VPOS="459" HPOS="333"/>
							<String ID="string_87" HPOS="347" VPOS="459" WIDTH="40" HEIGHT="20" WC="0.96" CONTENT="den"/><SP WIDTH="16" VPOS="459" HPOS="387"/>
							<String ID="string_88" HPOS="403" VPOS="459" WIDTH="12" HEIGHT="20" WC="0.96" CONTENT="9"/><SP WIDTH="17" VPOS="459" HPOS="415"/>
							<String ID="string_89" HPOS="432" VPOS="458" WIDTH="125" HEIGHT="21" WC="0.96" CONTENT="November"/><SP WIDTH="16" VPOS="458" HPOS="557"/>
							<String ID="string_90" HPOS="573" VPOS="459" WIDTH="63" HEIGHT="26" WC="0.95" CONTENT="1868,"/><SP WIDTH="16" VPOS="459" HPOS="636"/>
							<String ID="string_91" HPOS="652" VPOS="460" WIDTH="79" HEIGHT="26" WC="0.96" CONTENT="antaga"/><SP WIDTH="13" VPOS="460" HPOS="731"/>
							<String ID="string_92" HPOS="744" VPOS="459" WIDTH="48" HEIGHT="20" WC="0.92" CONTENT="herr"/><SP WIDTH="11" VPOS="459" HPOS="792"/>
							<String ID="string_93" HPOS="803" VPOS="458" WIDTH="125" HEIGHT="29" WC="0.90" CONTENT="Ohrnbergs"/>
						</TextLine>
						<TextLine ID="line_12" HPOS="106" VPOS="487" WIDTH="617" HEIGHT="21">
							<String ID="string_94" HPOS="106" VPOS="487" WIDTH="30" HEIGHT="20" WC="0.90" CONTENT="till"/><SP WIDTH="23" VPOS="487" HPOS="136"/>
							<String ID="string_95" HPOS="159" VPOS="487" WIDTH="118" HEIGHT="21" WC="0.94" CONTENT="utskottets"/><SP WIDTH="18" VPOS="487" HPOS="277"/>
							<String ID="string_96" HPOS="295" VPOS="487" WIDTH="136" HEIGHT="21" WC="0.93" CONTENT="betänkande"/><SP WIDTH="16" VPOS="487" HPOS="431"/>
							<String ID="string_97" HPOS="447" VPOS="487" WIDTH="120" HEIGHT="21" WC="0.91" CONTENT="aflemnade"/><SP WIDTH="17" VPOS="487" HPOS="567"/>
							<String ID="string_98" HPOS="584" VPOS="487" WIDTH="139" HEIGHT="21" WC="0.96" CONTENT="reservation."/>
						</TextLine>
					</TextBlock>
					<TextBlock ID="block_4" HPOS="106" VPOS="515" WIDTH="822" HEIGHT="57">
						<TextLine ID="line_13" HPOS="174" VPOS="515" WIDTH="754" HEIGHT="28">
							<String ID="string_99" HPOS="174" VPOS="516" WIDTH="104" HEIGHT="27" WC="0.96" CONTENT="Samtliga"/><SP WIDTH="23" VPOS="516" HPOS="278"/>
							<String ID="string_100" HPOS="301" VPOS="516" WIDTH="62" HEIGHT="21" WC="0.93" CONTENT="dessa"/><SP WIDTH="16" VPOS="516" HPOS="363"/>
							<String ID="string_101" HPOS="379" VPOS="515" WIDTH="199" HEIGHT="28" WC="0.92" CONTENT="protokollsutdrag"/><SP WIDTH="16" VPOS="515" HPOS="578"/>
							<String ID="string_102" HPOS="594" VPOS="516" WIDTH="78" HEIGHT="26" WC="0.96" CONTENT="blefvo,"/><SP WIDTH="16" VPOS="516" HPOS="672"/>
							<String ID="string_103" HPOS="688" VPOS="516" WIDTH="70" HEIGHT="21" WC="0.96" CONTENT="såsom"/><SP WIDTH="16" VPOS="516" HPOS="758"/>
							<String ID="string_104" HPOS="774" VPOS="516" WIDTH="48" HEIGHT="21" WC="0.93" CONTENT="icke"/><SP WIDTH="16" VPOS="516" HPOS="822"/>
							<String ID="string_105" HPOS="838" VPOS="516" WIDTH="90" HEIGHT="21" WC="0.93" CONTENT="föranle-"/>
						</TextLine>
						<TextLine ID="line_14" HPOS="106" VPOS="544" WIDTH="614" HEIGHT="28">
							<String ID="string_106" HPOS="106" VPOS="545" WIDTH="68" HEIGHT="20" WC="0.95" CONTENT="dande"/><SP WIDTH="24" VPOS="545" HPOS="174"/>
							<String ID="string_107" HPOS="198" VPOS="545" WIDTH="30" HEIGHT="20" WC="0.95" CONTENT="till"/><SP WIDTH="19" VPOS="545" HPOS="228"/>
							<String ID="string_108" HPOS="247" VPOS="545" WIDTH="70" HEIGHT="27" WC="0.96" CONTENT="någon"/><SP WIDTH="16" VPOS="545" HPOS="317"/>
							<String ID="string_109" HPOS="333" VPOS="545" WIDTH="83" HEIGHT="27" WC="0.96" CONTENT="åtgärd,"/><SP WIDTH="16" VPOS="545" HPOS="416"/>
							<String ID="string_110" HPOS="432" VPOS="545" WIDTH="64" HEIGHT="27" WC="0.96" CONTENT="lagda"/><SP WIDTH="16" VPOS="545" HPOS="496"/>
							<String ID="string_111" HPOS="512" VPOS="545" WIDTH="31" HEIGHT="20" WC="0.93" CONTENT="till"/><SP WIDTH="16" VPOS="545" HPOS="543"/>
							<String ID="string_112" HPOS="559" VPOS="544" WIDTH="161" HEIGHT="28" WC="0.92" CONTENT="handlingarne."/>
						</TextLine>
					</TextBlock>
				</ComposedBlock>
				<GraphicalElement ID="cblock_2" HPOS="449" VPOS="585" WIDTH="82" HEIGHT="3"></GraphicalElement >
				<ComposedBlock ID="cblock_3" HPOS="107" VPOS="601" WIDTH="829" HEIGHT="939">
					<TextBlock ID="block_5" HPOS="107" VPOS="601" WIDTH="821" HEIGHT="79">
						<TextLine ID="line_15" HPOS="175" VPOS="601" WIDTH="753" HEIGHT="28">
							<String ID="string_113" HPOS="175" VPOS="601" WIDTH="121" HEIGHT="28" WC="0.93" CONTENT="Föredrogs"/><SP WIDTH="23" VPOS="601" HPOS="296"/>
							<String ID="string_114" HPOS="319" VPOS="601" WIDTH="154" HEIGHT="27" WC="0.92" CONTENT="lagutskottets"/><SP WIDTH="26" VPOS="601" HPOS="473"/>
							<String ID="string_115" HPOS="499" VPOS="601" WIDTH="117" HEIGHT="28" WC="0.91" CONTENT="bordlagda"/><SP WIDTH="25" VPOS="601" HPOS="616"/>
							<String ID="string_116" HPOS="641" VPOS="601" WIDTH="135" HEIGHT="21" WC="0.96" CONTENT="betänkande"/><SP WIDTH="16" VPOS="601" HPOS="776"/>
							<String ID="string_117" HPOS="792" VPOS="602" WIDTH="6" HEIGHT="20" WC="0.96" CONTENT="i"/><SP WIDTH="16" VPOS="602" HPOS="798"/>
							<String ID="string_118" HPOS="814" VPOS="602" WIDTH="114" HEIGHT="27" WC="0.95" CONTENT="anledning"/>
						</TextLine>
						<TextLine ID="line_16" HPOS="107" VPOS="630" WIDTH="820" HEIGHT="28">
							<String ID="string_119" HPOS="107" VPOS="630" WIDTH="22" HEIGHT="21" WC="0.96" CONTENT="af"/><SP WIDTH="14" VPOS="630" HPOS="129"/>
							<String ID="string_120" HPOS="143" VPOS="630" WIDTH="77" HEIGHT="28" WC="0.96" CONTENT="nådiga"/><SP WIDTH="17" VPOS="630" HPOS="220"/>
							<String ID="string_121" HPOS="237" VPOS="630" WIDTH="159" HEIGHT="28" WC="0.96" CONTENT="propositionen"/><SP WIDTH="17" VPOS="630" HPOS="396"/>
							<String ID="string_122" HPOS="413" VPOS="637" WIDTH="34" HEIGHT="14" WC="0.96" CONTENT="om"/><SP WIDTH="17" VPOS="637" HPOS="447"/>
							<String ID="string_123" HPOS="464" VPOS="630" WIDTH="122" HEIGHT="28" WC="0.96" CONTENT="antagande"/><SP WIDTH="16" VPOS="630" HPOS="586"/>
							<String ID="string_124" HPOS="602" VPOS="630" WIDTH="23" HEIGHT="20" WC="0.96" CONTENT="af"/><SP WIDTH="14" VPOS="630" HPOS="625"/>
							<String ID="string_125" HPOS="639" VPOS="636" WIDTH="26" HEIGHT="14" WC="0.96" CONTENT="en"/><SP WIDTH="16" VPOS="636" HPOS="665"/>
							<String ID="string_126" HPOS="681" VPOS="630" WIDTH="125" HEIGHT="28" WC="0.96" CONTENT="författning"/><SP WIDTH="11" VPOS="630" HPOS="806"/>
							<String ID="string_127" HPOS="817" VPOS="630" WIDTH="110" HEIGHT="28" WC="0.95" CONTENT="angående"/>
						</TextLine>
						<TextLine ID="line_17" HPOS="107" VPOS="658" WIDTH="613" HEIGHT="22">
							<String ID="string_128" HPOS="107" VPOS="658" WIDTH="93" HEIGHT="21" WC="0.93" CONTENT="forntida"/><SP WIDTH="16" VPOS="658" HPOS="200"/>
							<String ID="string_129" HPOS="216" VPOS="659" WIDTH="184" HEIGHT="20" WC="0.92" CONTENT="minnesmärkens"/><SP WIDTH="15" VPOS="659" HPOS="400"/>
							<String ID="string_130" HPOS="415" VPOS="659" WIDTH="104" HEIGHT="21" WC="0.91" CONTENT="fredande"/><SP WIDTH="17" VPOS="659" HPOS="519"/>
							<String ID="string_131" HPOS="536" VPOS="659" WIDTH="39" HEIGHT="21" WC="0.96" CONTENT="och"/><SP WIDTH="17" VPOS="659" HPOS="575"/>
							<String ID="string_132" HPOS="592" VPOS="658" WIDTH="128" HEIGHT="21" WC="0.95" CONTENT="bevarande."/>
						</TextLine>
					</TextBlock>
					<TextBlock ID="block_6" HPOS="108" VPOS="687" WIDTH="828" HEIGHT="853">
						<TextLine ID="line_18" HPOS="176" VPOS="687" WIDTH="751" HEIGHT="27">
							<String ID="string_133" HPOS="176" VPOS="687" WIDTH="57" HEIGHT="21" WC="0.96" CONTENT="Herr"/><SP WIDTH="9" VPOS="687" HPOS="233"/>
							<String ID="string_134" HPOS="242" VPOS="688" WIDTH="157" HEIGHT="24" WC="0.96" CONTENT="Schauman,"/><SP WIDTH="9" VPOS="688" HPOS="399"/>
							<String ID="string_135" HPOS="408" VPOS="687" WIDTH="99" HEIGHT="21" WC="0.96" CONTENT="Berndt"/><SP WIDTH="10" VPOS="687" HPOS="507"/>
							<String ID="string_136" HPOS="517" VPOS="688" WIDTH="70" HEIGHT="26" WC="0.89" CONTENT="Otto,"/><SP WIDTH="11" VPOS="688" HPOS="587"/>
							<String ID="string_137" HPOS="598" VPOS="687" WIDTH="94" HEIGHT="21" WC="0.92" CONTENT="anmälte"/><SP WIDTH="9" VPOS="687" HPOS="692"/>
							<String ID="string_138" HPOS="701" VPOS="687" WIDTH="32" HEIGHT="27" WC="0.96" CONTENT="sig"/><SP WIDTH="6" VPOS="687" HPOS="733"/>
							<String ID="string_139" HPOS="739" VPOS="687" WIDTH="30" HEIGHT="21" WC="0.96" CONTENT="till"/><SP WIDTH="10" VPOS="687" HPOS="769"/>
							<String ID="string_140" HPOS="779" VPOS="688" WIDTH="72" HEIGHT="20" WC="0.93" CONTENT="ordets"/><SP WIDTH="10" VPOS="688" HPOS="851"/>
							<String ID="string_141" HPOS="861" VPOS="687" WIDTH="66" HEIGHT="21" WC="0.93" CONTENT="erhål-"/>
						</TextLine>
						<TextLine ID="line_19" HPOS="108" VPOS="715" WIDTH="819" HEIGHT="28">
							<String ID="string_142" HPOS="108" VPOS="716" WIDTH="60" HEIGHT="20" WC="0.95" CONTENT="lande"/><SP WIDTH="17" VPOS="716" HPOS="168"/>
							<String ID="string_143" HPOS="185" VPOS="716" WIDTH="39" HEIGHT="20" WC="0.96" CONTENT="och"/><SP WIDTH="16" VPOS="716" HPOS="224"/>
							<String ID="string_144" HPOS="240" VPOS="716" WIDTH="97" HEIGHT="27" WC="0.78" CONTENT="yttrade:"/><SP WIDTH="17" VPOS="716" HPOS="337"/>
							<String ID="string_145" HPOS="354" VPOS="716" WIDTH="34" HEIGHT="20" WC="0.96" CONTENT="Då"/><SP WIDTH="15" VPOS="716" HPOS="388"/>
							<String ID="string_146" HPOS="403" VPOS="723" WIDTH="26" HEIGHT="13" WC="0.95" CONTENT="en"/><SP WIDTH="18" VPOS="723" HPOS="429"/>
							<String ID="string_147" HPOS="447" VPOS="716" WIDTH="90" HEIGHT="27" WC="0.96" CONTENT="petition"/><SP WIDTH="12" VPOS="716" HPOS="537"/>
							<String ID="string_148" HPOS="549" VPOS="723" WIDTH="33" HEIGHT="13" WC="0.96" CONTENT="om"/><SP WIDTH="17" VPOS="723" HPOS="582"/>
							<String ID="string_149" HPOS="599" VPOS="715" WIDTH="71" HEIGHT="27" WC="0.95" CONTENT="skydd"/><SP WIDTH="15" VPOS="715" HPOS="670"/>
							<String ID="string_150" HPOS="685" VPOS="715" WIDTH="33" HEIGHT="20" WC="0.95" CONTENT="för"/><SP WIDTH="15" VPOS="715" HPOS="718"/>
							<String ID="string_151" HPOS="733" VPOS="716" WIDTH="50" HEIGHT="20" WC="0.96" CONTENT="våra"/><SP WIDTH="11" VPOS="716" HPOS="783"/>
							<String ID="string_152" HPOS="794" VPOS="716" WIDTH="133" HEIGHT="20" WC="0.95" CONTENT="fornminnen"/>
						</TextLine>
						<TextLine ID="line_20" HPOS="108" VPOS="744" WIDTH="820" HEIGHT="27">
							<String ID="string_153" HPOS="108" VPOS="744" WIDTH="33" HEIGHT="21" WC="0.96" CONTENT="vid"/><SP WIDTH="15" VPOS="744" HPOS="141"/>
							<String ID="string_154" HPOS="156" VPOS="746" WIDTH="86" HEIGHT="19" WC="0.93" CONTENT="senaste"/><SP WIDTH="15" VPOS="746" HPOS="242"/>
							<String ID="string_155" HPOS="257" VPOS="744" WIDTH="102" HEIGHT="27" WC="0.91" CONTENT="landtdag"/><SP WIDTH="11" VPOS="744" HPOS="359"/>
							<String ID="string_156" HPOS="370" VPOS="745" WIDTH="88" HEIGHT="20" WC="0.96" CONTENT="väcktes"/><SP WIDTH="17" VPOS="745" HPOS="458"/>
							<String ID="string_157" HPOS="475" VPOS="745" WIDTH="24" HEIGHT="20" WC="0.96" CONTENT="af"/><SP WIDTH="14" VPOS="745" HPOS="499"/>
							<String ID="string_158" HPOS="513" VPOS="751" WIDTH="25" HEIGHT="14" WC="0.96" CONTENT="en"/><SP WIDTH="17" VPOS="751" HPOS="538"/>
							<String ID="string_159" HPOS="555" VPOS="745" WIDTH="52" HEIGHT="26" WC="0.96" CONTENT="högt"/><SP WIDTH="16" VPOS="745" HPOS="607"/>
							<String ID="string_160" HPOS="623" VPOS="744" WIDTH="66" HEIGHT="20" WC="0.96" CONTENT="aktad"/><SP WIDTH="17" VPOS="744" HPOS="689"/>
							<String ID="string_161" HPOS="706" VPOS="744" WIDTH="88" HEIGHT="20" WC="0.95" CONTENT="medlem"/><SP WIDTH="17" VPOS="744" HPOS="794"/>
							<String ID="string_162" HPOS="811" VPOS="744" WIDTH="23" HEIGHT="21" WC="0.93" CONTENT="af"/><SP WIDTH="14" VPOS="744" HPOS="834"/>
							<String ID="string_163" HPOS="848" VPOS="744" WIDTH="80" HEIGHT="21" WC="0.91" CONTENT="ridder-"/>
						</TextLine>
						<TextLine ID="line_21" HPOS="108" VPOS="772" WIDTH="821" HEIGHT="29">
							<String ID="string_164" HPOS="108" VPOS="775" WIDTH="76" HEIGHT="26" WC="0.95" CONTENT="skapet"/><SP WIDTH="16" VPOS="775" HPOS="184"/>
							<String ID="string_165" HPOS="200" VPOS="773" WIDTH="39" HEIGHT="20" WC="0.96" CONTENT="och"/><SP WIDTH="17" VPOS="773" HPOS="239"/>
							<String ID="string_166" HPOS="256" VPOS="773" WIDTH="68" HEIGHT="26" WC="0.96" CONTENT="adeln,"/><SP WIDTH="17" VPOS="773" HPOS="324"/>
							<String ID="string_167" HPOS="341" VPOS="773" WIDTH="63" HEIGHT="20" WC="0.96" CONTENT="hvars"/><SP WIDTH="16" VPOS="773" HPOS="404"/>
							<String ID="string_168" HPOS="420" VPOS="773" WIDTH="70" HEIGHT="27" WC="0.96" CONTENT="hjerta"/><SP WIDTH="12" VPOS="773" HPOS="490"/>
							<String ID="string_169" HPOS="502" VPOS="774" WIDTH="56" HEIGHT="19" WC="0.96" CONTENT="ännu"/><SP WIDTH="17" VPOS="774" HPOS="558"/>
							<String ID="string_170" HPOS="575" VPOS="773" WIDTH="5" HEIGHT="20" WC="0.93" CONTENT="i"/><SP WIDTH="12" VPOS="773" HPOS="580"/>
							<String ID="string_171" HPOS="592" VPOS="772" WIDTH="148" HEIGHT="21" WC="0.92" CONTENT="ålderdomens"/><SP WIDTH="13" VPOS="772" HPOS="740"/>
							<String ID="string_172" HPOS="753" VPOS="772" WIDTH="65" HEIGHT="28" WC="0.96" CONTENT="dagar"/><SP WIDTH="12" VPOS="772" HPOS="818"/>
							<String ID="string_173" HPOS="830" VPOS="773" WIDTH="45" HEIGHT="27" WC="0.96" CONTENT="slog"/><SP WIDTH="10" VPOS="773" HPOS="875"/>
							<String ID="string_174" HPOS="885" VPOS="773" WIDTH="44" HEIGHT="20" WC="0.96" CONTENT="lika"/>
						</TextLine>
						<TextLine ID="line_22" HPOS="108" VPOS="801" WIDTH="820" HEIGHT="25">
							<String ID="string_175" HPOS="108" VPOS="805" WIDTH="68" HEIGHT="17" WC="0.95" CONTENT="varmt"/><SP WIDTH="25" VPOS="805" HPOS="176"/>
							<String ID="string_176" HPOS="201" VPOS="801" WIDTH="32" HEIGHT="21" WC="0.95" CONTENT="för"/><SP WIDTH="23" VPOS="801" HPOS="233"/>
							<String ID="string_177" HPOS="256" VPOS="801" WIDTH="103" HEIGHT="21" WC="0.95" CONTENT="Finlands"/><SP WIDTH="17" VPOS="801" HPOS="359"/>
							<String ID="string_178" HPOS="376" VPOS="802" WIDTH="58" HEIGHT="20" WC="0.96" CONTENT="såväl"/><SP WIDTH="16" VPOS="802" HPOS="434"/>
							<String ID="string_179" HPOS="450" VPOS="801" WIDTH="80" HEIGHT="21" WC="0.96" CONTENT="forntid"/><SP WIDTH="17" VPOS="801" HPOS="530"/>
							<String ID="string_180" HPOS="547" VPOS="808" WIDTH="45" HEIGHT="13" WC="0.96" CONTENT="som"/><SP WIDTH="16" VPOS="808" HPOS="592"/>
							<String ID="string_181" HPOS="608" VPOS="801" WIDTH="94" HEIGHT="25" WC="0.96" CONTENT="framtid,"/><SP WIDTH="16" VPOS="801" HPOS="702"/>
							<String ID="string_182" HPOS="718" VPOS="801" WIDTH="39" HEIGHT="20" WC="0.96" CONTENT="och"/><SP WIDTH="17" VPOS="801" HPOS="757"/>
							<String ID="string_183" HPOS="774" VPOS="808" WIDTH="44" HEIGHT="13" WC="0.96" CONTENT="som"/><SP WIDTH="17" VPOS="808" HPOS="818"/>
							<String ID="string_184" HPOS="835" VPOS="801" WIDTH="48" HEIGHT="20" WC="0.90" CONTENT="kort"/><SP WIDTH="16" VPOS="801" HPOS="883"/>
							<String ID="string_185" HPOS="899" VPOS="801" WIDTH="29" HEIGHT="20" WC="0.90" CONTENT="ef-"/>
						</TextLine>
						<TextLine ID="line_23" HPOS="108" VPOS="829" WIDTH="820" HEIGHT="28">
							<String ID="string_186" HPOS="108" VPOS="833" WIDTH="33" HEIGHT="18" WC="0.93" CONTENT="ter"/><SP WIDTH="16" VPOS="833" HPOS="141"/>
							<String ID="string_187" HPOS="157" VPOS="829" WIDTH="128" HEIGHT="28" WC="0.92" CONTENT="landtdagen"/><SP WIDTH="18" VPOS="829" HPOS="285"/>
							<String ID="string_188" HPOS="303" VPOS="831" WIDTH="62" HEIGHT="26" WC="0.96" CONTENT="sjönk"/><SP WIDTH="16" VPOS="831" HPOS="365"/>
							<String ID="string_189" HPOS="381" VPOS="830" WIDTH="6" HEIGHT="20" WC="0.93" CONTENT="i"/><SP WIDTH="16" VPOS="830" HPOS="387"/>
							<String ID="string_190" HPOS="403" VPOS="830" WIDTH="96" HEIGHT="27" WC="0.91" CONTENT="grafven,"/><SP WIDTH="18" VPOS="830" HPOS="499"/>
							<String ID="string_191" HPOS="517" VPOS="830" WIDTH="101" HEIGHT="27" WC="0.92" CONTENT="begråten"/><SP WIDTH="18" VPOS="830" HPOS="618"/>
							<String ID="string_192" HPOS="636" VPOS="829" WIDTH="22" HEIGHT="20" WC="0.96" CONTENT="af"/><SP WIDTH="14" VPOS="829" HPOS="658"/>
							<String ID="string_193" HPOS="672" VPOS="829" WIDTH="140" HEIGHT="21" WC="0.95" CONTENT="fosterlandet"/><SP WIDTH="10" VPOS="829" HPOS="812"/>
							<String ID="string_194" HPOS="822" VPOS="830" WIDTH="69" HEIGHT="20" WC="0.96" CONTENT="såsom"/><SP WIDTH="12" VPOS="830" HPOS="891"/>
							<String ID="string_195" HPOS="903" VPOS="836" WIDTH="25" HEIGHT="14" WC="0.96" CONTENT="en"/>
						</TextLine>
						<TextLine ID="line_24" HPOS="109" VPOS="858" WIDTH="819" HEIGHT="27">
							<String ID="string_196" HPOS="109" VPOS="859" WIDTH="22" HEIGHT="20" WC="0.96" CONTENT="af"/><SP WIDTH="17" VPOS="859" HPOS="131"/>
							<String ID="string_197" HPOS="148" VPOS="858" WIDTH="50" HEIGHT="21" WC="0.96" CONTENT="dess"/><SP WIDTH="21" VPOS="858" HPOS="198"/>
							<String ID="string_198" HPOS="219" VPOS="861" WIDTH="55" HEIGHT="18" WC="0.93" CONTENT="mest"/><SP WIDTH="24" VPOS="861" HPOS="274"/>
							<String ID="string_199" HPOS="298" VPOS="859" WIDTH="133" HEIGHT="26" WC="0.91" CONTENT="trohjertade"/><SP WIDTH="23" VPOS="859" HPOS="431"/>
							<String ID="string_200" HPOS="454" VPOS="860" WIDTH="71" HEIGHT="25" WC="0.96" CONTENT="söner,"/><SP WIDTH="24" VPOS="860" HPOS="525"/>
							<String ID="string_201" HPOS="549" VPOS="858" WIDTH="54" HEIGHT="21" WC="0.96" CONTENT="hade"/><SP WIDTH="21" VPOS="858" HPOS="603"/>
							<String ID="string_202" HPOS="624" VPOS="858" WIDTH="38" HEIGHT="27" WC="0.95" CONTENT="jag."/><SP WIDTH="23" VPOS="858" HPOS="662"/>
							<String ID="string_203" HPOS="685" VPOS="859" WIDTH="51" HEIGHT="19" WC="0.96" CONTENT="äran"/><SP WIDTH="17" VPOS="859" HPOS="736"/>
							<String ID="string_204" HPOS="753" VPOS="860" WIDTH="30" HEIGHT="19" WC="0.96" CONTENT="att"/><SP WIDTH="16" VPOS="860" HPOS="783"/>
							<String ID="string_205" HPOS="799" VPOS="858" WIDTH="55" HEIGHT="20" WC="0.96" CONTENT="inför"/><SP WIDTH="15" VPOS="858" HPOS="854"/>
							<String ID="string_206" HPOS="869" VPOS="858" WIDTH="59" HEIGHT="20" WC="0.96" CONTENT="detta"/>
						</TextLine>
						<TextLine ID="line_25" HPOS="108" VPOS="887" WIDTH="820" HEIGHT="27">
							<String ID="string_207" HPOS="108" VPOS="887" WIDTH="115" HEIGHT="27" WC="0.91" CONTENT="höglofliga"/><SP WIDTH="23" VPOS="887" HPOS="223"/>
							<String ID="string_208" HPOS="246" VPOS="887" WIDTH="61" HEIGHT="21" WC="0.96" CONTENT="stånd"/><SP WIDTH="16" VPOS="887" HPOS="307"/>
							<String ID="string_209" HPOS="323" VPOS="887" WIDTH="86" HEIGHT="27" WC="0.96" CONTENT="inlägga"/><SP WIDTH="16" VPOS="887" HPOS="409"/>
							<String ID="string_210" HPOS="425" VPOS="889" WIDTH="31" HEIGHT="18" WC="0.96" CONTENT="ett"/><SP WIDTH="16" VPOS="889" HPOS="456"/>
							<String ID="string_211" HPOS="472" VPOS="887" WIDTH="61" HEIGHT="27" WC="0.96" CONTENT="ringa"/><SP WIDTH="17" VPOS="887" HPOS="533"/>
							<String ID="string_212" HPOS="550" VPOS="887" WIDTH="71" HEIGHT="20" WC="0.96" CONTENT="förord"/><SP WIDTH="15" VPOS="887" HPOS="621"/>
							<String ID="string_213" HPOS="636" VPOS="887" WIDTH="34" HEIGHT="20" WC="0.96" CONTENT="för"/><SP WIDTH="16" VPOS="887" HPOS="670"/>
							<String ID="string_214" HPOS="686" VPOS="887" WIDTH="69" HEIGHT="20" WC="0.96" CONTENT="denna"/><SP WIDTH="16" VPOS="887" HPOS="755"/>
							<String ID="string_215" HPOS="771" VPOS="887" WIDTH="52" HEIGHT="20" WC="0.96" CONTENT="hans"/><SP WIDTH="17" VPOS="887" HPOS="823"/>
							<String ID="string_216" HPOS="840" VPOS="887" WIDTH="88" HEIGHT="26" WC="0.96" CONTENT="petition"/>
						</TextLine>
						<TextLine ID="line_26" HPOS="108" VPOS="915" WIDTH="821" HEIGHT="28">
							<String ID="string_217" HPOS="108" VPOS="916" WIDTH="39" HEIGHT="20" WC="0.96" CONTENT="och"/><SP WIDTH="17" VPOS="916" HPOS="147"/>
							<String ID="string_218" HPOS="164" VPOS="915" WIDTH="95" HEIGHT="21" WC="0.96" CONTENT="anhåller"/><SP WIDTH="13" VPOS="915" HPOS="259"/>
							<String ID="string_219" HPOS="272" VPOS="916" WIDTH="38" HEIGHT="27" WC="0.96" CONTENT="jag"/><SP WIDTH="17" VPOS="916" HPOS="310"/>
							<String ID="string_220" HPOS="327" VPOS="923" WIDTH="27" HEIGHT="13" WC="0.96" CONTENT="nu"/><SP WIDTH="16" VPOS="923" HPOS="354"/>
							<String ID="string_221" HPOS="370" VPOS="916" WIDTH="125" HEIGHT="27" WC="0.95" CONTENT="ödmjukast"/><SP WIDTH="18" VPOS="916" HPOS="495"/>
							<String ID="string_222" HPOS="513" VPOS="917" WIDTH="32" HEIGHT="19" WC="0.96" CONTENT="att"/><SP WIDTH="15" VPOS="917" HPOS="545"/>
							<String ID="string_223" HPOS="560" VPOS="915" WIDTH="22" HEIGHT="21" WC="0.96" CONTENT="få"/><SP WIDTH="16" VPOS="915" HPOS="582"/>
							<String ID="string_224" HPOS="598" VPOS="917" WIDTH="58" HEIGHT="26" WC="0.96" CONTENT="yttra"/><SP WIDTH="16" VPOS="917" HPOS="656"/>
							<String ID="string_225" HPOS="672" VPOS="915" WIDTH="42" HEIGHT="27" WC="0.96" CONTENT="mig"/><SP WIDTH="16" VPOS="915" HPOS="714"/>
							<String ID="string_226" HPOS="730" VPOS="915" WIDTH="110" HEIGHT="27" WC="0.96" CONTENT="angående"/><SP WIDTH="9" VPOS="915" HPOS="840"/>
							<String ID="string_227" HPOS="849" VPOS="922" WIDTH="80" HEIGHT="13" WC="0.96" CONTENT="samma"/>
						</TextLine>
						<TextLine ID="line_27" HPOS="110" VPOS="943" WIDTH="819" HEIGHT="26">
							<String ID="string_228" HPOS="110" VPOS="944" WIDTH="45" HEIGHT="21" WC="0.91" CONTENT="sak."/><SP WIDTH="30" VPOS="944" HPOS="155"/>
							<String ID="string_229" HPOS="185" VPOS="944" WIDTH="131" HEIGHT="25" WC="0.91" CONTENT="Petitionen,"/><SP WIDTH="16" VPOS="944" HPOS="316"/>
							<String ID="string_230" HPOS="332" VPOS="951" WIDTH="45" HEIGHT="14" WC="0.96" CONTENT="som"/><SP WIDTH="24" VPOS="951" HPOS="377"/>
							<String ID="string_231" HPOS="401" VPOS="945" WIDTH="42" HEIGHT="20" WC="0.96" CONTENT="kan"/><SP WIDTH="23" VPOS="945" HPOS="443"/>
							<String ID="string_232" HPOS="466" VPOS="951" WIDTH="63" HEIGHT="14" WC="0.96" CONTENT="anses"/><SP WIDTH="24" VPOS="951" HPOS="529"/>
							<String ID="string_233" HPOS="553" VPOS="951" WIDTH="47" HEIGHT="14" WC="0.96" CONTENT="som"/><SP WIDTH="22" VPOS="951" HPOS="600"/>
							<String ID="string_234" HPOS="622" VPOS="943" WIDTH="40" HEIGHT="21" WC="0.93" CONTENT="den"/><SP WIDTH="20" VPOS="943" HPOS="662"/>
							<String ID="string_235" HPOS="682" VPOS="943" WIDTH="48" HEIGHT="21" WC="0.91" CONTENT="ädle"/><SP WIDTH="18" VPOS="943" HPOS="730"/>
							<String ID="string_236" HPOS="748" VPOS="943" WIDTH="181" HEIGHT="21" WC="0.92" CONTENT="fosterlandsvän-"/>
						</TextLine>
						<TextLine ID="line_28" HPOS="110" VPOS="972" WIDTH="819" HEIGHT="27">
							<String ID="string_237" HPOS="110" VPOS="979" WIDTH="52" HEIGHT="14" WC="0.95" CONTENT="nens"/><SP WIDTH="23" VPOS="979" HPOS="162"/>
							<String ID="string_238" HPOS="185" VPOS="973" WIDTH="40" HEIGHT="21" WC="0.89" CONTENT="och"/><SP WIDTH="23" VPOS="973" HPOS="225"/>
							<String ID="string_239" HPOS="248" VPOS="973" WIDTH="221" HEIGHT="20" WC="0.89" CONTENT="historieskrifvarens"/><SP WIDTH="21" VPOS="973" HPOS="469"/>
							<String ID="string_240" HPOS="490" VPOS="974" WIDTH="131" HEIGHT="19" WC="0.95" CONTENT="testamente"/><SP WIDTH="15" VPOS="974" HPOS="621"/>
							<String ID="string_241" HPOS="636" VPOS="972" WIDTH="31" HEIGHT="20" WC="0.95" CONTENT="till"/><SP WIDTH="16" VPOS="972" HPOS="667"/>
							<String ID="string_242" HPOS="683" VPOS="972" WIDTH="37" HEIGHT="21" WC="0.96" CONTENT="sitt"/><SP WIDTH="15" VPOS="972" HPOS="720"/>
							<String ID="string_243" HPOS="735" VPOS="972" WIDTH="51" HEIGHT="25" WC="0.96" CONTENT="folk,"/><SP WIDTH="16" VPOS="972" HPOS="786"/>
							<String ID="string_244" HPOS="802" VPOS="974" WIDTH="76" HEIGHT="25" WC="0.93" CONTENT="antogs"/><SP WIDTH="16" VPOS="974" HPOS="878"/>
							<String ID="string_245" HPOS="894" VPOS="979" WIDTH="35" HEIGHT="13" WC="0.92" CONTENT="en-"/>
						</TextLine>
						<TextLine ID="line_29" HPOS="110" VPOS="1000" WIDTH="820" HEIGHT="29">
							<String ID="string_246" HPOS="110" VPOS="1001" WIDTH="74" HEIGHT="28" WC="0.92" CONTENT="hälligt"/><SP WIDTH="16" VPOS="1001" HPOS="184"/>
							<String ID="string_247" HPOS="200" VPOS="1002" WIDTH="23" HEIGHT="20" WC="0.96" CONTENT="af"/><SP WIDTH="10" VPOS="1002" HPOS="223"/>
							<String ID="string_248" HPOS="233" VPOS="1002" WIDTH="98" HEIGHT="27" WC="0.95" CONTENT="samtliga"/><SP WIDTH="12" VPOS="1002" HPOS="331"/>
							<String ID="string_249" HPOS="343" VPOS="1002" WIDTH="89" HEIGHT="20" WC="0.96" CONTENT="stånden"/><SP WIDTH="13" VPOS="1002" HPOS="432"/>
							<String ID="string_250" HPOS="445" VPOS="1001" WIDTH="35" HEIGHT="20" WC="0.96" CONTENT="vid"/><SP WIDTH="12" VPOS="1001" HPOS="480"/>
							<String ID="string_251" HPOS="492" VPOS="1001" WIDTH="130" HEIGHT="28" WC="0.93" CONTENT="föregående"/><SP WIDTH="12" VPOS="1001" HPOS="622"/>
							<String ID="string_252" HPOS="634" VPOS="1000" WIDTH="108" HEIGHT="27" WC="0.92" CONTENT="landtdag,"/><SP WIDTH="12" VPOS="1000" HPOS="742"/>
							<String ID="string_253" HPOS="754" VPOS="1001" WIDTH="38" HEIGHT="20" WC="0.96" CONTENT="och"/><SP WIDTH="12" VPOS="1001" HPOS="792"/>
							<String ID="string_254" HPOS="804" VPOS="1001" WIDTH="49" HEIGHT="20" WC="0.93" CONTENT="dess"/><SP WIDTH="11" VPOS="1001" HPOS="853"/>
							<String ID="string_255" HPOS="864" VPOS="1001" WIDTH="66" HEIGHT="20" WC="0.91" CONTENT="resul-"/>
						</TextLine>
						<TextLine ID="line_30" HPOS="110" VPOS="1029" WIDTH="818" HEIGHT="28">
							<String ID="string_256" HPOS="110" VPOS="1032" WIDTH="31" HEIGHT="18" WC="0.96" CONTENT="tat"/><SP WIDTH="19" VPOS="1032" HPOS="141"/>
							<String ID="string_257" HPOS="160" VPOS="1030" WIDTH="114" HEIGHT="27" WC="0.96" CONTENT="föreligger"/><SP WIDTH="19" VPOS="1030" HPOS="274"/>
							<String ID="string_258" HPOS="293" VPOS="1037" WIDTH="27" HEIGHT="13" WC="0.95" CONTENT="nu"/><SP WIDTH="17" VPOS="1037" HPOS="320"/>
							<String ID="string_259" HPOS="337" VPOS="1030" WIDTH="6" HEIGHT="21" WC="0.95" CONTENT="i"/><SP WIDTH="16" VPOS="1030" HPOS="343"/>
							<String ID="string_260" HPOS="359" VPOS="1029" WIDTH="62" HEIGHT="21" WC="0.96" CONTENT="Hans"/><SP WIDTH="16" VPOS="1029" HPOS="421"/>
							<String ID="string_261" HPOS="437" VPOS="1029" WIDTH="122" HEIGHT="28" WC="0.96" CONTENT="Kejserliga"/><SP WIDTH="18" VPOS="1029" HPOS="559"/>
							<String ID="string_262" HPOS="577" VPOS="1030" WIDTH="112" HEIGHT="26" WC="0.95" CONTENT="Majestäts"/><SP WIDTH="16" VPOS="1030" HPOS="689"/>
							<String ID="string_263" HPOS="705" VPOS="1029" WIDTH="77" HEIGHT="28" WC="0.96" CONTENT="nådiga"/><SP WIDTH="15" VPOS="1029" HPOS="782"/>
							<String ID="string_264" HPOS="797" VPOS="1029" WIDTH="131" HEIGHT="28" WC="0.96" CONTENT="proposition"/>
						</TextLine>
						<TextLine ID="line_31" HPOS="110" VPOS="1057" WIDTH="819" HEIGHT="28">
							<String ID="string_265" HPOS="110" VPOS="1065" WIDTH="33" HEIGHT="13" WC="0.94" CONTENT="om"/><SP WIDTH="24" VPOS="1065" HPOS="143"/>
							<String ID="string_266" HPOS="167" VPOS="1059" WIDTH="121" HEIGHT="26" WC="0.94" CONTENT="antagande"/><SP WIDTH="23" VPOS="1059" HPOS="288"/>
							<String ID="string_267" HPOS="311" VPOS="1059" WIDTH="22" HEIGHT="19" WC="0.96" CONTENT="af"/><SP WIDTH="22" VPOS="1059" HPOS="333"/>
							<String ID="string_268" HPOS="355" VPOS="1066" WIDTH="24" HEIGHT="13" WC="0.95" CONTENT="en"/><SP WIDTH="25" VPOS="1066" HPOS="379"/>
							<String ID="string_269" HPOS="404" VPOS="1059" WIDTH="135" HEIGHT="26" WC="0.92" CONTENT="författning;"/><SP WIDTH="17" VPOS="1059" HPOS="539"/>
							<String ID="string_270" HPOS="556" VPOS="1057" WIDTH="112" HEIGHT="28" WC="0.96" CONTENT="angående"/><SP WIDTH="15" VPOS="1057" HPOS="668"/>
							<String ID="string_271" HPOS="683" VPOS="1058" WIDTH="93" HEIGHT="20" WC="0.93" CONTENT="forntida"/><SP WIDTH="16" VPOS="1058" HPOS="776"/>
							<String ID="string_272" HPOS="792" VPOS="1058" WIDTH="137" HEIGHT="20" WC="0.92" CONTENT="minnesmär-"/>
						</TextLine>
						<TextLine ID="line_32" HPOS="111" VPOS="1085" WIDTH="818" HEIGHT="28">
							<String ID="string_273" HPOS="111" VPOS="1087" WIDTH="51" HEIGHT="20" WC="0.92" CONTENT="kens"/><SP WIDTH="24" VPOS="1087" HPOS="162"/>
							<String ID="string_274" HPOS="186" VPOS="1087" WIDTH="101" HEIGHT="20" WC="0.89" CONTENT="fredande"/><SP WIDTH="24" VPOS="1087" HPOS="287"/>
							<String ID="string_275" HPOS="311" VPOS="1087" WIDTH="39" HEIGHT="20" WC="0.96" CONTENT="och"/><SP WIDTH="23" VPOS="1087" HPOS="350"/>
							<String ID="string_276" HPOS="373" VPOS="1087" WIDTH="131" HEIGHT="26" WC="0.96" CONTENT="bevarande,"/><SP WIDTH="13" VPOS="1087" HPOS="504"/>
							<String ID="string_277" HPOS="517" VPOS="1087" WIDTH="69" HEIGHT="26" WC="0.92" CONTENT="jemte"/><SP WIDTH="18" VPOS="1087" HPOS="586"/>
							<String ID="string_278" HPOS="604" VPOS="1086" WIDTH="152" HEIGHT="26" WC="0.92" CONTENT="lagutskottets"/><SP WIDTH="16" VPOS="1086" HPOS="756"/>
							<String ID="string_279" HPOS="772" VPOS="1085" WIDTH="136" HEIGHT="21" WC="0.96" CONTENT="betänkande"/><SP WIDTH="16" VPOS="1085" HPOS="908"/>
							<String ID="string_280" HPOS="924" VPOS="1086" WIDTH="5" HEIGHT="19" WC="0.96" CONTENT="i"/>
						</TextLine>
						<TextLine ID="line_33" HPOS="110" VPOS="1113" WIDTH="821" HEIGHT="29">
							<String ID="string_281" HPOS="110" VPOS="1115" WIDTH="114" HEIGHT="27" WC="0.96" CONTENT="anledning"/><SP WIDTH="23" VPOS="1115" HPOS="224"/>
							<String ID="string_282" HPOS="247" VPOS="1115" WIDTH="66" HEIGHT="26" WC="0.96" CONTENT="deraf,"/><SP WIDTH="24" VPOS="1115" HPOS="313"/>
							<String ID="string_283" HPOS="337" VPOS="1115" WIDTH="138" HEIGHT="27" WC="0.96" CONTENT="hvarigenom"/><SP WIDTH="24" VPOS="1115" HPOS="475"/>
							<String ID="string_284" HPOS="499" VPOS="1115" WIDTH="41" HEIGHT="20" WC="0.94" CONTENT="alla"/><SP WIDTH="23" VPOS="1115" HPOS="540"/>
							<String ID="string_285" HPOS="563" VPOS="1115" WIDTH="59" HEIGHT="20" WC="0.96" CONTENT="såväl"/><SP WIDTH="16" VPOS="1115" HPOS="622"/>
							<String ID="string_286" HPOS="638" VPOS="1114" WIDTH="56" HEIGHT="21" WC="0.96" CONTENT="fasta"/><SP WIDTH="16" VPOS="1114" HPOS="694"/>
							<String ID="string_287" HPOS="710" VPOS="1121" WIDTH="44" HEIGHT="14" WC="0.95" CONTENT="som"/><SP WIDTH="17" VPOS="1121" HPOS="754"/>
							<String ID="string_288" HPOS="771" VPOS="1114" WIDTH="45" HEIGHT="20" WC="0.93" CONTENT="lösa"/><SP WIDTH="15" VPOS="1114" HPOS="816"/>
							<String ID="string_289" HPOS="831" VPOS="1113" WIDTH="100" HEIGHT="21" WC="0.92" CONTENT="fornlem-"/>
						</TextLine>
						<TextLine ID="line_34" HPOS="110" VPOS="1142" WIDTH="820" HEIGHT="29">
							<String ID="string_290" HPOS="110" VPOS="1143" WIDTH="76" HEIGHT="28" WC="0.95" CONTENT="ningar"/><SP WIDTH="16" VPOS="1143" HPOS="186"/>
							<String ID="string_291" HPOS="202" VPOS="1143" WIDTH="69" HEIGHT="21" WC="0.96" CONTENT="blifvit"/><SP WIDTH="16" VPOS="1143" HPOS="271"/>
							<String ID="string_292" HPOS="287" VPOS="1145" WIDTH="64" HEIGHT="26" WC="0.96" CONTENT="tagna"/><SP WIDTH="17" VPOS="1145" HPOS="351"/>
							<String ID="string_293" HPOS="368" VPOS="1145" WIDTH="67" HEIGHT="19" WC="0.96" CONTENT="under"/><SP WIDTH="16" VPOS="1145" HPOS="435"/>
							<String ID="string_294" HPOS="451" VPOS="1144" WIDTH="74" HEIGHT="27" WC="0.95" CONTENT="lagens"/><SP WIDTH="17" VPOS="1144" HPOS="525"/>
							<String ID="string_295" HPOS="542" VPOS="1143" WIDTH="144" HEIGHT="28" WC="0.86" CONTENT="hägn."/><SP WIDTH="-58" VPOS="1143" HPOS="686"/>
							<String ID="string_296" HPOS="628" VPOS="1138" WIDTH="15" HEIGHT="37" WC="0.86" CONTENT="—"/><SP WIDTH="13" VPOS="1138" HPOS="643"/>
							<String ID="string_297" HPOS="656" VPOS="1138" WIDTH="31" HEIGHT="37" WC="0.96" CONTENT="Då"/><SP WIDTH="15" VPOS="1138" HPOS="687"/>
							<String ID="string_298" HPOS="702" VPOS="1142" WIDTH="90" HEIGHT="21" WC="0.96" CONTENT="Finland"/><SP WIDTH="18" VPOS="1142" HPOS="792"/>
							<String ID="string_299" HPOS="810" VPOS="1143" WIDTH="53" HEIGHT="20" WC="0.93" CONTENT="1809"/><SP WIDTH="18" VPOS="1143" HPOS="863"/>
							<String ID="string_300" HPOS="881" VPOS="1142" WIDTH="49" HEIGHT="20" WC="0.92" CONTENT="skil-"/>
						</TextLine>
						<TextLine ID="line_35" HPOS="110" VPOS="1171" WIDTH="822" HEIGHT="27">
							<String ID="string_301" HPOS="110" VPOS="1172" WIDTH="38" HEIGHT="20" WC="0.96" CONTENT="des"/><SP WIDTH="24" VPOS="1172" HPOS="148"/>
							<String ID="string_302" HPOS="172" VPOS="1172" WIDTH="54" HEIGHT="21" WC="0.95" CONTENT="ifrån"/><SP WIDTH="24" VPOS="1172" HPOS="226"/>
							<String ID="string_303" HPOS="250" VPOS="1173" WIDTH="36" HEIGHT="20" WC="0.93" CONTENT="sitt"/><SP WIDTH="23" VPOS="1173" HPOS="286"/>
							<String ID="string_304" HPOS="309" VPOS="1172" WIDTH="76" HEIGHT="21" WC="0.91" CONTENT="fordna"/><SP WIDTH="24" VPOS="1172" HPOS="385"/>
							<String ID="string_305" HPOS="409" VPOS="1172" WIDTH="125" HEIGHT="21" WC="0.91" CONTENT="moderland"/><SP WIDTH="17" VPOS="1172" HPOS="534"/>
							<String ID="string_306" HPOS="551" VPOS="1172" WIDTH="89" HEIGHT="26" WC="0.96" CONTENT="Sverige"/><SP WIDTH="24" VPOS="1172" HPOS="640"/>
							<String ID="string_307" HPOS="664" VPOS="1172" WIDTH="38" HEIGHT="20" WC="0.96" CONTENT="och"/><SP WIDTH="18" VPOS="1172" HPOS="702"/>
							<String ID="string_308" HPOS="720" VPOS="1171" WIDTH="160" HEIGHT="20" WC="0.96" CONTENT="konstituerade"/><SP WIDTH="19" VPOS="1171" HPOS="880"/>
							<String ID="string_309" HPOS="899" VPOS="1171" WIDTH="33" HEIGHT="26" WC="0.96" CONTENT="sig"/>
						</TextLine>
						<TextLine ID="line_36" HPOS="112" VPOS="1199" WIDTH="818" HEIGHT="29">
							<String ID="string_310" HPOS="112" VPOS="1201" WIDTH="30" HEIGHT="20" WC="0.96" CONTENT="till"/><SP WIDTH="18" VPOS="1201" HPOS="142"/>
							<String ID="string_311" HPOS="160" VPOS="1207" WIDTH="53" HEIGHT="20" WC="0.96" CONTENT="egen"/><SP WIDTH="17" VPOS="1207" HPOS="213"/>
							<String ID="string_312" HPOS="230" VPOS="1203" WIDTH="50" HEIGHT="23" WC="0.96" CONTENT="stat,"/><SP WIDTH="12" VPOS="1203" HPOS="280"/>
							<String ID="string_313" HPOS="292" VPOS="1208" WIDTH="37" HEIGHT="13" WC="0.96" CONTENT="var"/><SP WIDTH="12" VPOS="1208" HPOS="329"/>
							<String ID="string_314" HPOS="341" VPOS="1201" WIDTH="36" HEIGHT="20" WC="0.96" CONTENT="det"/><SP WIDTH="16" VPOS="1201" HPOS="377"/>
							<String ID="string_315" HPOS="393" VPOS="1201" WIDTH="111" HEIGHT="27" WC="0.96" CONTENT="naturligt,"/><SP WIDTH="17" VPOS="1201" HPOS="504"/>
							<String ID="string_316" HPOS="521" VPOS="1202" WIDTH="32" HEIGHT="19" WC="0.96" CONTENT="att"/><SP WIDTH="17" VPOS="1202" HPOS="553"/>
							<String ID="string_317" HPOS="570" VPOS="1200" WIDTH="22" HEIGHT="21" WC="0.96" CONTENT="af"/><SP WIDTH="10" VPOS="1200" HPOS="592"/>
							<String ID="string_318" HPOS="602" VPOS="1200" WIDTH="40" HEIGHT="20" WC="0.96" CONTENT="alla"/><SP WIDTH="17" VPOS="1200" HPOS="642"/>
							<String ID="string_319" HPOS="659" VPOS="1200" WIDTH="26" HEIGHT="20" WC="0.93" CONTENT="de"/><SP WIDTH="16" VPOS="1200" HPOS="685"/>
							<String ID="string_320" HPOS="701" VPOS="1199" WIDTH="136" HEIGHT="21" WC="0.91" CONTENT="embetsverk"/><SP WIDTH="11" VPOS="1199" HPOS="837"/>
							<String ID="string_321" HPOS="848" VPOS="1199" WIDTH="39" HEIGHT="20" WC="0.93" CONTENT="och"/><SP WIDTH="12" VPOS="1199" HPOS="887"/>
							<String ID="string_322" HPOS="899" VPOS="1199" WIDTH="31" HEIGHT="20" WC="0.92" CONTENT="in-"/>
						</TextLine>
						<TextLine ID="line_37" HPOS="111" VPOS="1227" WIDTH="822" HEIGHT="29">
							<String ID="string_323" HPOS="111" VPOS="1229" WIDTH="124" HEIGHT="26" WC="0.91" CONTENT="rättningar,"/><SP WIDTH="17" VPOS="1229" HPOS="235"/>
							<String ID="string_324" HPOS="252" VPOS="1229" WIDTH="71" HEIGHT="21" WC="0.96" CONTENT="hvilka"/><SP WIDTH="17" VPOS="1229" HPOS="323"/>
							<String ID="string_325" HPOS="340" VPOS="1229" WIDTH="74" HEIGHT="20" WC="0.96" CONTENT="hittills"/><SP WIDTH="12" VPOS="1229" HPOS="414"/>
							<String ID="string_326" HPOS="426" VPOS="1229" WIDTH="55" HEIGHT="20" WC="0.96" CONTENT="varit"/><SP WIDTH="11" VPOS="1229" HPOS="481"/>
							<String ID="string_327" HPOS="492" VPOS="1235" WIDTH="160" HEIGHT="21" WC="0.96" CONTENT="gemensamma"/><SP WIDTH="12" VPOS="1235" HPOS="652"/>
							<String ID="string_328" HPOS="664" VPOS="1229" WIDTH="32" HEIGHT="20" WC="0.96" CONTENT="för"/><SP WIDTH="11" VPOS="1229" HPOS="696"/>
							<String ID="string_329" HPOS="707" VPOS="1228" WIDTH="26" HEIGHT="21" WC="0.96" CONTENT="de"/><SP WIDTH="11" VPOS="1228" HPOS="733"/>
							<String ID="string_330" HPOS="744" VPOS="1229" WIDTH="68" HEIGHT="26" WC="0.96" CONTENT="begge"/><SP WIDTH="12" VPOS="1229" HPOS="812"/>
							<String ID="string_331" HPOS="824" VPOS="1227" WIDTH="109" HEIGHT="26" WC="0.96" CONTENT="länderna,"/>
						</TextLine>
						<TextLine ID="line_38" HPOS="112" VPOS="1256" WIDTH="821" HEIGHT="29">
							<String ID="string_332" HPOS="112" VPOS="1258" WIDTH="32" HEIGHT="24" WC="0.96" CONTENT="de,"/><SP WIDTH="13" VPOS="1258" HPOS="144"/>
							<String ID="string_333" HPOS="157" VPOS="1258" WIDTH="27" HEIGHT="27" WC="0.96" CONTENT="på"/><SP WIDTH="16" VPOS="1258" HPOS="184"/>
							<String ID="string_334" HPOS="200" VPOS="1257" WIDTH="71" HEIGHT="21" WC="0.96" CONTENT="hvilka"/><SP WIDTH="15" VPOS="1257" HPOS="271"/>
							<String ID="string_335" HPOS="286" VPOS="1257" WIDTH="84" HEIGHT="21" WC="0.93" CONTENT="landets"/><SP WIDTH="17" VPOS="1257" HPOS="370"/>
							<String ID="string_336" HPOS="387" VPOS="1257" WIDTH="111" HEIGHT="21" WC="0.91" CONTENT="materiela"/><SP WIDTH="16" VPOS="1257" HPOS="498"/>
							<String ID="string_337" HPOS="514" VPOS="1257" WIDTH="51" HEIGHT="21" WC="0.96" CONTENT="eller"/><SP WIDTH="16" VPOS="1257" HPOS="565"/>
							<String ID="string_338" HPOS="581" VPOS="1257" WIDTH="24" HEIGHT="20" WC="0.96" CONTENT="så"/><SP WIDTH="15" VPOS="1257" HPOS="605"/>
							<String ID="string_339" HPOS="620" VPOS="1259" WIDTH="32" HEIGHT="19" WC="0.96" CONTENT="att"/><SP WIDTH="12" VPOS="1259" HPOS="652"/>
							<String ID="string_340" HPOS="664" VPOS="1258" WIDTH="52" HEIGHT="26" WC="0.96" CONTENT="säga"/><SP WIDTH="10" VPOS="1258" HPOS="716"/>
							<String ID="string_341" HPOS="726" VPOS="1256" WIDTH="114" HEIGHT="28" WC="0.93" CONTENT="lekamliga"/><SP WIDTH="11" VPOS="1256" HPOS="840"/>
							<String ID="string_342" HPOS="851" VPOS="1256" WIDTH="82" HEIGHT="20" WC="0.88" CONTENT="vältärd"/>
						</TextLine>
						<TextLine ID="line_39" HPOS="112" VPOS="1285" WIDTH="821" HEIGHT="28">
							<String ID="string_343" HPOS="112" VPOS="1286" WIDTH="100" HEIGHT="26" WC="0.95" CONTENT="berodde,"/><SP WIDTH="16" VPOS="1286" HPOS="212"/>
							<String ID="string_344" HPOS="228" VPOS="1287" WIDTH="68" HEIGHT="20" WC="0.96" CONTENT="måste"/><SP WIDTH="15" VPOS="1287" HPOS="296"/>
							<String ID="string_345" HPOS="311" VPOS="1286" WIDTH="6" HEIGHT="21" WC="0.96" CONTENT="i"/><SP WIDTH="22" VPOS="1286" HPOS="317"/>
							<String ID="string_346" HPOS="339" VPOS="1286" WIDTH="67" HEIGHT="21" WC="0.96" CONTENT="första"/><SP WIDTH="15" VPOS="1286" HPOS="406"/>
							<String ID="string_347" HPOS="421" VPOS="1288" WIDTH="94" HEIGHT="19" WC="0.93" CONTENT="rummet"/><SP WIDTH="20" VPOS="1288" HPOS="515"/>
							<String ID="string_348" HPOS="535" VPOS="1285" WIDTH="148" HEIGHT="28" WC="0.89" CONTENT="ihågkommas"/><SP WIDTH="17" VPOS="1285" HPOS="683"/>
							<String ID="string_349" HPOS="700" VPOS="1285" WIDTH="38" HEIGHT="21" WC="0.96" CONTENT="och"/><SP WIDTH="16" VPOS="1285" HPOS="738"/>
							<String ID="string_350" HPOS="754" VPOS="1285" WIDTH="131" HEIGHT="27" WC="0.93" CONTENT="tillgodoses,"/><SP WIDTH="16" VPOS="1285" HPOS="885"/>
							<String ID="string_351" HPOS="901" VPOS="1285" WIDTH="32" HEIGHT="20" WC="0.92" CONTENT="så-"/>
						</TextLine>
						<TextLine ID="line_40" HPOS="112" VPOS="1313" WIDTH="821" HEIGHT="29">
							<String ID="string_352" HPOS="112" VPOS="1322" WIDTH="45" HEIGHT="13" WC="0.92" CONTENT="som"/><SP WIDTH="25" VPOS="1322" HPOS="157"/>
							<String ID="string_353" HPOS="182" VPOS="1315" WIDTH="73" HEIGHT="22" WC="0.91" CONTENT="bank-,"/><SP WIDTH="23" VPOS="1315" HPOS="255"/>
							<String ID="string_354" HPOS="278" VPOS="1315" WIDTH="47" HEIGHT="20" WC="0.89" CONTENT="tull-"/><SP WIDTH="17" VPOS="1315" HPOS="325"/>
							<String ID="string_355" HPOS="342" VPOS="1315" WIDTH="39" HEIGHT="20" WC="0.92" CONTENT="och"/><SP WIDTH="23" VPOS="1315" HPOS="381"/>
							<String ID="string_356" HPOS="404" VPOS="1315" WIDTH="150" HEIGHT="27" WC="0.92" CONTENT="poststyrelse,"/><SP WIDTH="16" VPOS="1315" HPOS="554"/>
							<String ID="string_357" HPOS="570" VPOS="1314" WIDTH="142" HEIGHT="27" WC="0.90" CONTENT="lotsstyrelse,"/><SP WIDTH="16" VPOS="1314" HPOS="712"/>
							<String ID="string_358" HPOS="728" VPOS="1313" WIDTH="205" HEIGHT="27" WC="0.92" CONTENT="medicinalstyrelse"/>
						</TextLine>
						<TextLine ID="line_41" HPOS="112" VPOS="1341" WIDTH="821" HEIGHT="30">
							<String ID="string_359" HPOS="112" VPOS="1343" WIDTH="48" HEIGHT="21" WC="0.96" CONTENT="med"/><SP WIDTH="11" VPOS="1343" HPOS="160"/>
							<String ID="string_360" HPOS="171" VPOS="1343" WIDTH="59" HEIGHT="20" WC="0.93" CONTENT="flere."/><SP WIDTH="16" VPOS="1343" HPOS="230"/>
							<String ID="string_361" HPOS="246" VPOS="1343" WIDTH="134" HEIGHT="28" WC="0.93" CONTENT="Lyckligtvis"/><SP WIDTH="12" VPOS="1343" HPOS="380"/>
							<String ID="string_362" HPOS="392" VPOS="1343" WIDTH="54" HEIGHT="27" WC="0.91" CONTENT="egde"/><SP WIDTH="11" VPOS="1343" HPOS="446"/>
							<String ID="string_363" HPOS="457" VPOS="1343" WIDTH="74" HEIGHT="20" WC="0.96" CONTENT="landet"/><SP WIDTH="11" VPOS="1343" HPOS="531"/>
							<String ID="string_364" HPOS="542" VPOS="1343" WIDTH="27" HEIGHT="20" WC="0.96" CONTENT="då"/><SP WIDTH="11" VPOS="1343" HPOS="569"/>
							<String ID="string_365" HPOS="580" VPOS="1343" WIDTH="66" HEIGHT="20" WC="0.96" CONTENT="redan"/><SP WIDTH="12" VPOS="1343" HPOS="646"/>
							<String ID="string_366" HPOS="658" VPOS="1343" WIDTH="22" HEIGHT="20" WC="0.96" CONTENT="af"/><SP WIDTH="10" VPOS="1343" HPOS="680"/>
							<String ID="string_367" HPOS="690" VPOS="1342" WIDTH="58" HEIGHT="21" WC="0.96" CONTENT="ålder"/><SP WIDTH="12" VPOS="1342" HPOS="748"/>
							<String ID="string_368" HPOS="760" VPOS="1344" WIDTH="30" HEIGHT="18" WC="0.96" CONTENT="ett"/><SP WIDTH="10" VPOS="1344" HPOS="790"/>
							<String ID="string_369" HPOS="800" VPOS="1341" WIDTH="133" HEIGHT="25" WC="0.96" CONTENT="universitet,"/>
						</TextLine>
						<TextLine ID="line_42" HPOS="111" VPOS="1370" WIDTH="823" HEIGHT="29">
							<String ID="string_370" HPOS="111" VPOS="1378" WIDTH="45" HEIGHT="14" WC="0.96" CONTENT="som"/><SP WIDTH="15" VPOS="1378" HPOS="156"/>
							<String ID="string_371" HPOS="171" VPOS="1379" WIDTH="28" HEIGHT="13" WC="0.96" CONTENT="nu"/><SP WIDTH="11" VPOS="1379" HPOS="199"/>
							<String ID="string_372" HPOS="210" VPOS="1371" WIDTH="65" HEIGHT="21" WC="0.96" CONTENT="också"/><SP WIDTH="15" VPOS="1371" HPOS="275"/>
							<String ID="string_373" HPOS="290" VPOS="1374" WIDTH="69" HEIGHT="18" WC="0.93" CONTENT="varmt"/><SP WIDTH="14" VPOS="1374" HPOS="359"/>
							<String ID="string_374" HPOS="373" VPOS="1371" WIDTH="141" HEIGHT="21" WC="0.90" CONTENT="omhuldades"/><SP WIDTH="16" VPOS="1371" HPOS="514"/>
							<String ID="string_375" HPOS="530" VPOS="1371" WIDTH="22" HEIGHT="21" WC="0.96" CONTENT="af"/><SP WIDTH="9" VPOS="1371" HPOS="552"/>
							<String ID="string_376" HPOS="561" VPOS="1371" WIDTH="41" HEIGHT="20" WC="0.96" CONTENT="den"/><SP WIDTH="12" VPOS="1371" HPOS="602"/>
							<String ID="string_377" HPOS="614" VPOS="1378" WIDTH="42" HEIGHT="21" WC="0.96" CONTENT="nya"/><SP WIDTH="11" VPOS="1378" HPOS="656"/>
							<String ID="string_378" HPOS="667" VPOS="1371" WIDTH="114" HEIGHT="27" WC="0.94" CONTENT="styrelsen,"/><SP WIDTH="13" VPOS="1371" HPOS="781"/>
							<String ID="string_379" HPOS="794" VPOS="1377" WIDTH="48" HEIGHT="14" WC="0.96" CONTENT="men"/><SP WIDTH="13" VPOS="1377" HPOS="842"/>
							<String ID="string_380" HPOS="855" VPOS="1370" WIDTH="41" HEIGHT="20" WC="0.96" CONTENT="alla"/><SP WIDTH="11" VPOS="1370" HPOS="896"/>
							<String ID="string_381" HPOS="907" VPOS="1370" WIDTH="27" HEIGHT="20" WC="0.96" CONTENT="de"/>
						</TextLine>
						<TextLine ID="line_43" HPOS="112" VPOS="1399" WIDTH="822" HEIGHT="29">
							<String ID="string_382" HPOS="112" VPOS="1407" WIDTH="60" HEIGHT="14" WC="0.93" CONTENT="mera"/><SP WIDTH="11" VPOS="1407" HPOS="172"/>
							<String ID="string_383" HPOS="183" VPOS="1400" WIDTH="92" HEIGHT="28" WC="0.92" CONTENT="speciela"/><SP WIDTH="8" VPOS="1400" HPOS="275"/>
							<String ID="string_384" HPOS="283" VPOS="1400" WIDTH="178" HEIGHT="27" WC="0.91" CONTENT="inrättningarne,"/><SP WIDTH="8" VPOS="1400" HPOS="461"/>
							<String ID="string_385" HPOS="469" VPOS="1400" WIDTH="50" HEIGHT="20" WC="0.96" CONTENT="med"/><SP WIDTH="10" VPOS="1400" HPOS="519"/>
							<String ID="string_386" HPOS="529" VPOS="1400" WIDTH="56" HEIGHT="27" WC="0.96" CONTENT="syfte"/><SP WIDTH="9" VPOS="1400" HPOS="585"/>
							<String ID="string_387" HPOS="594" VPOS="1402" WIDTH="31" HEIGHT="18" WC="0.96" CONTENT="att"/><SP WIDTH="8" VPOS="1402" HPOS="625"/>
							<String ID="string_388" HPOS="633" VPOS="1399" WIDTH="139" HEIGHT="27" WC="0.96" CONTENT="understödja"/><SP WIDTH="9" VPOS="1399" HPOS="772"/>
							<String ID="string_389" HPOS="781" VPOS="1399" WIDTH="39" HEIGHT="20" WC="0.93" CONTENT="och"/><SP WIDTH="10" VPOS="1399" HPOS="820"/>
							<String ID="string_390" HPOS="830" VPOS="1405" WIDTH="104" HEIGHT="20" WC="0.89" CONTENT="uppmun-"/>
						</TextLine>
						<TextLine ID="line_44" HPOS="112" VPOS="1426" WIDTH="822" HEIGHT="30">
							<String ID="string_391" HPOS="112" VPOS="1431" WIDTH="33" HEIGHT="18" WC="0.96" CONTENT="tra"/><SP WIDTH="11" VPOS="1431" HPOS="145"/>
							<String ID="string_392" HPOS="156" VPOS="1429" WIDTH="36" HEIGHT="20" WC="0.96" CONTENT="det"/><SP WIDTH="11" VPOS="1429" HPOS="192"/>
							<String ID="string_393" HPOS="203" VPOS="1428" WIDTH="85" HEIGHT="28" WC="0.96" CONTENT="andliga"/><SP WIDTH="11" VPOS="1428" HPOS="288"/>
							<String ID="string_394" HPOS="299" VPOS="1428" WIDTH="40" HEIGHT="21" WC="0.93" CONTENT="och"/><SP WIDTH="11" VPOS="1428" HPOS="339"/>
							<String ID="string_395" HPOS="350" VPOS="1429" WIDTH="69" HEIGHT="19" WC="0.92" CONTENT="ideela"/><SP WIDTH="10" VPOS="1429" HPOS="419"/>
							<String ID="string_396" HPOS="429" VPOS="1429" WIDTH="104" HEIGHT="19" WC="0.95" CONTENT="intresset"/><SP WIDTH="10" VPOS="1429" HPOS="533"/>
							<String ID="string_397" HPOS="543" VPOS="1429" WIDTH="7" HEIGHT="19" WC="0.96" CONTENT="i"/><SP WIDTH="13" VPOS="1429" HPOS="550"/>
							<String ID="string_398" HPOS="563" VPOS="1429" WIDTH="48" HEIGHT="19" WC="0.96" CONTENT="vårt"/><SP WIDTH="11" VPOS="1429" HPOS="611"/>
							<String ID="string_399" HPOS="622" VPOS="1428" WIDTH="56" HEIGHT="26" WC="0.93" CONTENT="land,"/><SP WIDTH="10" VPOS="1428" HPOS="678"/>
							<String ID="string_400" HPOS="688" VPOS="1427" WIDTH="108" HEIGHT="21" WC="0.92" CONTENT="lemnades"/><SP WIDTH="11" VPOS="1427" HPOS="796"/>
							<String ID="string_401" HPOS="807" VPOS="1427" WIDTH="42" HEIGHT="20" WC="0.96" CONTENT="tills"/><SP WIDTH="11" VPOS="1427" HPOS="849"/>
							<String ID="string_402" HPOS="860" VPOS="1426" WIDTH="74" HEIGHT="20" WC="0.96" CONTENT="vidare"/>
						</TextLine>
						<TextLine ID="line_45" HPOS="112" VPOS="1454" WIDTH="823" HEIGHT="30">
							<String ID="string_403" HPOS="112" VPOS="1458" WIDTH="12" HEIGHT="19" WC="0.90" CONTENT="å"/><SP WIDTH="12" VPOS="1458" HPOS="124"/>
							<String ID="string_404" HPOS="136" VPOS="1457" WIDTH="52" HEIGHT="20" WC="0.95" CONTENT="sido."/><SP WIDTH="20" VPOS="1457" HPOS="188"/>
							<String ID="string_405" HPOS="208" VPOS="1456" WIDTH="85" HEIGHT="21" WC="0.96" CONTENT="Sådana"/><SP WIDTH="11" VPOS="1456" HPOS="293"/>
							<String ID="string_406" HPOS="304" VPOS="1457" WIDTH="151" HEIGHT="27" WC="0.96" CONTENT="inrättningar,"/><SP WIDTH="12" VPOS="1457" HPOS="455"/>
							<String ID="string_407" HPOS="467" VPOS="1463" WIDTH="162" HEIGHT="21" WC="0.95" CONTENT="gemensamma"/><SP WIDTH="11" VPOS="1463" HPOS="629"/>
							<String ID="string_408" HPOS="640" VPOS="1456" WIDTH="33" HEIGHT="20" WC="0.95" CONTENT="för"/><SP WIDTH="14" VPOS="1456" HPOS="673"/>
							<String ID="string_409" HPOS="687" VPOS="1456" WIDTH="89" HEIGHT="26" WC="0.96" CONTENT="Sverige"/><SP WIDTH="9" VPOS="1456" HPOS="776"/>
							<String ID="string_410" HPOS="785" VPOS="1455" WIDTH="39" HEIGHT="21" WC="0.96" CONTENT="och"/><SP WIDTH="13" VPOS="1455" HPOS="824"/>
							<String ID="string_411" HPOS="837" VPOS="1454" WIDTH="98" HEIGHT="24" WC="0.96" CONTENT="Finland,"/>
						</TextLine>
						<TextLine ID="line_46" HPOS="114" VPOS="1484" WIDTH="822" HEIGHT="28">
							<String ID="string_412" HPOS="114" VPOS="1492" WIDTH="50" HEIGHT="14" WC="0.93" CONTENT="voro"/><SP WIDTH="16" VPOS="1492" HPOS="164"/>
							<String ID="string_413" HPOS="180" VPOS="1484" WIDTH="136" HEIGHT="22" WC="0.91" CONTENT="derförinnan"/><SP WIDTH="19" VPOS="1484" HPOS="316"/>
							<String ID="string_414" HPOS="335" VPOS="1486" WIDTH="26" HEIGHT="19" WC="0.96" CONTENT="de"/><SP WIDTH="17" VPOS="1486" HPOS="361"/>
							<String ID="string_415" HPOS="378" VPOS="1485" WIDTH="102" HEIGHT="27" WC="0.96" CONTENT="kungliga"/><SP WIDTH="12" VPOS="1485" HPOS="480"/>
							<String ID="string_416" HPOS="492" VPOS="1485" WIDTH="154" HEIGHT="20" WC="0.96" CONTENT="akademierna"/><SP WIDTH="12" VPOS="1485" HPOS="646"/>
							<String ID="string_417" HPOS="658" VPOS="1484" WIDTH="6" HEIGHT="20" WC="0.96" CONTENT="i"/><SP WIDTH="11" VPOS="1484" HPOS="664"/>
							<String ID="string_418" HPOS="675" VPOS="1484" WIDTH="131" HEIGHT="23" WC="0.96" CONTENT="Stockholm,"/><SP WIDTH="13" VPOS="1484" HPOS="806"/>
							<String ID="string_419" HPOS="819" VPOS="1484" WIDTH="69" HEIGHT="19" WC="0.93" CONTENT="såsom"/><SP WIDTH="13" VPOS="1484" HPOS="888"/>
							<String ID="string_420" HPOS="901" VPOS="1489" WIDTH="35" HEIGHT="13" WC="0.92" CONTENT="ve-"/>
						</TextLine>
						<TextLine ID="line_47" HPOS="114" VPOS="1510" WIDTH="822" HEIGHT="30">
							<String ID="string_421" HPOS="114" VPOS="1513" WIDTH="239" HEIGHT="27" WC="0.91" CONTENT="tenskapsakademien,"/><SP WIDTH="13" VPOS="1513" HPOS="353"/>
							<String ID="string_422" HPOS="366" VPOS="1513" WIDTH="130" HEIGHT="25" WC="0.91" CONTENT="vitterhets-,"/><SP WIDTH="12" VPOS="1513" HPOS="496"/>
							<String ID="string_423" HPOS="508" VPOS="1513" WIDTH="98" HEIGHT="20" WC="0.90" CONTENT="historie-"/><SP WIDTH="10" VPOS="1513" HPOS="606"/>
							<String ID="string_424" HPOS="616" VPOS="1513" WIDTH="38" HEIGHT="20" WC="0.93" CONTENT="och"/><SP WIDTH="11" VPOS="1513" HPOS="654"/>
							<String ID="string_425" HPOS="665" VPOS="1510" WIDTH="271" HEIGHT="30" WC="0.90" CONTENT="antiqvitets-akademien,"/>
						</TextLine>
					</TextBlock>
				</ComposedBlock>
				<ComposedBlock ID="cblock_4" HPOS="836" VPOS="1551" WIDTH="34" HEIGHT="15">
					<TextBlock ID="block_7" HPOS="836" VPOS="1551" WIDTH="34" HEIGHT="15">
						<TextLine ID="line_48" HPOS="836" VPOS="1551" WIDTH="34" HEIGHT="15">
							<String ID="string_426" HPOS="836" VPOS="1551" WIDTH="34" HEIGHT="15" WC="0.89" CONTENT="11”"/>
						</TextLine>
					</TextBlock>
				</ComposedBlock>
			</PrintSpace>
		</Page>
	</Layout>
</alto>
