1134 1803
228 138 42 21 112
552 139 39 16 Den
604 140 19 15 11
640 139 43 21 Maj.

200 198 98 18 troserne
315 194 38 21 lätt
368 195 86 21 försöka
470 197 32 19 att
518 196 52 26 göra
586 196 99 26 gällande
700 196 6 20 i
724 195 89 21 kritiska
830 194 107 28 ögonblik,
954 194 72 20 derest

200 224 26 20 de
242 223 48 21 icke
306 223 72 25 visste,
395 226 31 18 att
443 224 157 20 befälhafvaren
618 224 27 20 då
662 224 54 28 egde
726 224 58 20 makt
794 226 34 18 att
839 223 98 21 använda
949 223 77 21 snabbt

202 252 148 28 kroppsstraff.
382 252 38 20 Att
436 253 107 20 utskottet
558 253 67 20 insatt
641 252 63 22 ordet
720 252 71 26 ,låta'
808 253 5 19 i
826 252 68 20 denna
906 252 11 27 &
929 252 38 20 har
978 252 47 20 här-

201 281 57 21 flutit
274 280 65 27 deraf,
356 283 32 18 att
403 281 107 20 utskottet
527 281 57 21 velat
599 281 95 21 undvika
710 281 124 27 tydningen,
851 282 31 19 att
894 280 131 21 befälhafva-

202 316 37 14 ren
256 309 48 21 med
321 316 53 20 egen
392 309 56 21 hand
464 310 39 20 bör
519 310 73 20 utdela
602 317 62 20 agan.
696 310 73 20 Skulle
781 310 106 20 utskottet
904 309 46 21 icke
962 308 64 20 hafva

203 338 107 27 begagnat
326 338 59 20 detta
401 338 44 25 ord,
461 338 55 20 hade
533 346 47 13 man
594 338 82 21 kunnat
687 339 83 20 komma
783 338 31 20 till
826 345 25 13 en
863 340 88 18 motsatt
963 336 62 27 åsigt,

202 366 52 21 eller
274 368 31 18 att
325 366 145 21 befälhafvare
487 373 50 14 vore
553 367 116 27 förpligtad
684 369 33 18 att
732 367 50 27 sjelf
796 366 162 27 handgripligen
975 372 50 20 aga;

202 395 78 20 sädant
303 395 40 20 kan
367 395 6 20 i
396 395 62 28 ingen
482 395 102 21 händelse
600 395 65 21 blifva
682 396 52 20 hans
750 395 119 28 äliggande.
900 394 65 21 Hvad
981 395 44 19 sär-

202 423 66 21 skildt
291 423 66 28 angår
379 423 40 21 den
441 423 77 28 gjorda
537 424 169 27 anmärkningen
723 431 33 14 om
773 423 48 27 den,
838 430 44 14 som
899 424 28 27 pä
942 422 62 21 utkik
1019 423 6 20 i

202 454 80 25 toppen
307 452 52 21 eller
381 452 5 20 i
410 453 83 20 märsen
517 452 128 21 försummar
664 453 30 20 sin
716 453 59 27 pligt,
800 453 24 20 sä
838 454 23 19 är
877 452 38 21 der
928 452 46 27 just
989 451 36 21 det

202 480 135 28 lämpligaste
359 481 84 20 straffet
465 481 76 20 förlust
564 481 22 20 af
605 481 187 28 hyrespenningen
809 481 39 20 och
865 480 36 21 det
918 480 107 21 verksam-

202 511 69 19 maste
294 509 6 20 i
323 509 72 28 dylika
418 510 43 20 fall.
492 509 84 21 Jemför
600 517 48 14 man
670 510 87 20 härmed
774 509 26 20 de
816 509 125 25 straffarter,
958 509 67 20 som
1011 505 18 36 i

203 539 51 20 vära
277 545 48 20 nya,
349 537 44 22 dels
417 538 103 27 gällande,
543 538 45 21 dels
609 538 67 21 under
694 538 74 21 arbete
792 537 95 22 varande
904 537 122 27 strafflagar

203 567 68 20 finnas
287 567 128 20 föreskrifna
431 567 33 20 för
477 566 105 21 särskilda
599 567 58 20 brott
672 567 30 20 till
719 567 67 25 lands,
802 567 62 20 torde
875 567 36 19 det
923 566 48 20 icke
982 566 43 20 hel-

203 595 31 21 ler
249 601 55 21 egna
321 595 32 27 sig
369 597 32 19 att
417 596 44 25 här,
478 595 33 20 vid
528 595 41 21 alla
585 595 115 21 förseelser
716 595 23 20 af
748 596 134 26 manskapet,
894 594 131 21 öfverlemna

202 624 72 20 alltför
290 623 132 21 vidsträckta
438 624 127 27 rättigheter
582 624 21 20 ät
620 624 153 20 befälhafvare.
804 624 32 20 På
851 625 43 19 sätt
903 623 38 27 jag
953 624 72 20 nämnt

202 652 38 21 har
264 652 105 21 utskottet
393 653 28 27 pä
439 652 89 21 anförda
544 653 45 20 skäl
606 653 48 20 icke
670 652 81 21 kunnat
766 652 115 28 godkänna
897 651 128 28 propositio-

203 688 40 14 nen
268 680 39 22 och
330 681 103 21 likaledes
456 681 47 21 icke
523 681 66 21 heller
613 684 138 18 reservanten
769 681 72 27 Krogii
857 681 62 27 äsigt,
935 680 89 21 emedan

203 710 40 20 den
269 710 121 20 utsträcker
412 710 135 27 kroppsagan
568 711 57 19 ännu
646 710 80 27 längre,
742 712 26 18 än
785 710 116 26 föreslaget
917 711 29 23 är,
963 709 39 20 och
1018 710 6 19 i

203 739 77 26 mänga
302 738 35 20 fall
361 739 33 20 väl
412 738 39 21 kan
470 745 62 20 passa
548 739 5 20 i
570 745 26 14 en
614 739 71 20 bildad
702 739 39 20 och
758 739 78 19 human
851 737 173 28 skeppskaptens

202 766 64 26 hand,
290 773 47 14 men
361 767 48 20 icke
424 767 32 20 fär
473 767 143 20 öfverlemnas
632 767 22 20 ät
670 767 36 20 räe
722 767 38 20 och
777 766 98 21 obildade
891 766 132 27 skeppskap-

202 798 69 23 tener,
294 802 45 13 som
363 795 47 21 icke
433 795 68 21 skulle
521 795 70 28 undgä
607 798 32 18 att
656 795 121 21 missbruka
793 795 130 20 densamma.
954 795 69 20 Sädan

202 831 38 13 var
264 823 117 21 utskottets
404 824 61 27 äsigt,
486 824 39 21 och
545 825 66 26 vågar
624 824 39 27 jag
679 824 117 20 framställa
812 824 39 20 den
869 824 20 20 af
905 824 119 20 detsamma

202 852 122 27 föreslagna
339 852 96 27 lydelsen
452 853 23 20 af
489 853 125 27 paragrafen
632 852 30 21 till
679 853 115 27 höglofliga
810 852 158 27 ridderskapets
985 852 38 20 och

202 881 74 20 adelns
293 881 126 27 antagande.

273 909 98 20 Friherre
387 917 46 13 von
452 909 77 21 Born:
545 909 10 21 I
572 910 115 27 anledning
702 910 24 20 af
739 909 55 20 hvad
811 909 39 20 den
863 911 86 18 senaste
960 909 64 21 ärade

202 938 82 21 talaren
308 940 68 25 yttrat
397 938 37 21 ber
449 939 39 26 jag
510 940 31 19 att
557 938 21 21 fä
594 939 78 25 erinra,
688 941 31 18 att
736 939 40 20 den
794 937 167 28 öfverläggning,
978 945 45 13 som

202 967 5 20 i
224 966 41 21 den
285 966 78 27 nädiga
384 967 159 27 propositionen
563 968 23 19 är
602 967 107 20 fastställd
725 968 70 19 säsom
812 969 31 18 ett
859 966 68 20 vilkor
943 967 32 20 för
991 969 33 18 ut-

202 995 100 20 delandet
321 995 22 20 af
361 995 126 28 kroppsaga,
502 996 45 27 just
563 997 24 19 är
602 995 122 28 föreslagen
740 996 34 19 för
790 997 30 18 att
837 996 76 26 utgöra
928 997 31 18 ett
976 995 47 20 kor-

202 1023 71 21 rektiv
289 1025 45 19 mot
350 1023 73 28 dylike
440 1026 35 18 räe
492 1024 235 27 skeppsbefälhafvare,
743 1031 45 12 som
805 1024 48 20 herr
868 1023 94 27 Pipping
973 1031 51 20 nyss

202 1052 109 26 åberopat,
336 1052 55 20 helst
415 1052 140 27 bestraffning
576 1053 77 19 endast
672 1053 40 19 kan
732 1053 46 24 ske,
802 1059 34 13 om
851 1051 135 28 pluraliteten
1003 1052 24 20 af

202 1080 36 20 det
262 1080 128 20 föreskrifna
414 1080 91 24 tretalet,
528 1087 45 14 som
597 1082 89 25 utgöres
709 1081 23 20 af
750 1080 158 21 befälhafvaren
933 1080 38 20 och
989 1081 36 20 två

202 1108 58 21 äldre
276 1109 22 19 af
313 1108 158 27 besättningen,
487 1110 23 19 är
526 1116 62 19 ense;
606 1109 159 20 befälhafvaren
783 1109 66 20 mäste
866 1108 83 20 säledes
961 1108 62 21 hafva

203 1137 77 27 någon,
296 1143 46 14 som
362 1139 23 18 är
405 1144 51 14 ense
473 1137 46 20 med
536 1137 84 21 honom.
652 1136 40 21 Att
708 1138 69 27 nägon
795 1137 146 27 betänklighet
957 1137 67 20 skulle

202 1165 68 21 finnas
287 1165 73 21 dervid
377 1168 38 23 att,
432 1168 57 18 emot
505 1165 172 22 befälhafvarens
692 1166 62 27 äsigt,
770 1165 127 20 tillerkänna
908 1165 26 20 de
946 1167 78 18 tvenne

202 1193 24 21 af
240 1194 150 27 besättningen
408 1194 167 27 afgöranderätt,
592 1195 39 20 och
648 1197 32 17 att
692 1194 51 21 hans
756 1194 54 27 äsigt
821 1194 62 20 alltsä
894 1193 53 21 skall
961 1193 62 21 blifva

202 1223 6 20 i
231 1222 145 27 minoriteten,
399 1223 70 20 säsom
494 1223 161 27 propositionen
679 1225 111 25 upptager,
814 1229 63 14 anser
893 1222 45 27 jag,
957 1224 31 18 att
1005 1223 19 19 vi

201 1251 48 20 icke
272 1251 93 20 behöfva
387 1251 79 20 frukta.
497 1251 42 20 För
562 1251 37 21 det
622 1252 66 20 första
707 1251 65 20 hafva
788 1251 19 20 vi
824 1253 31 18 ett
871 1250 101 21 likartadt
988 1251 36 20 fall

201 1280 57 20 inom
281 1279 52 21 vära
356 1279 251 22 domstolsinstitutioner
627 1279 35 21 vid
678 1280 128 25 häradsrätt,
828 1280 93 26 hvarest,
937 1286 33 13 om
988 1279 35 20 hä-

202 1307 235 22 radsnämndemännen
461 1310 37 19 äro
521 1309 141 26 enstämmige
686 1311 44 18 mot
750 1308 107 26 domaren,
874 1308 80 20 dennes
969 1307 56 27 äsigt

202 1337 68 20 mäste
294 1336 56 21 vika.
382 1336 43 21 För
447 1337 36 20 det
503 1337 67 20 andra
586 1337 53 20 skall
656 1337 126 27 skepparen,
799 1337 67 20 under
883 1336 141 21 medvetande

202 1365 62 20 deraf
277 1367 31 18 att
325 1365 37 20 två
377 1365 59 20 äldre
453 1366 62 20 bland
531 1365 151 28 besättningen
700 1365 70 20 kunna
787 1367 56 18 sätta
858 1365 32 27 sig
903 1367 57 18 emot
972 1364 53 21 hans

201 1393 80 28 förslag
302 1393 31 23 till
350 1393 148 28 bestraffning,
515 1401 42 20 nog
573 1396 56 21 veta,
646 1395 38 19 när
699 1393 40 21 han
758 1394 34 20 vill
809 1393 94 27 tillämpa
919 1393 46 26 det;
983 1393 40 21 han

201 1421 35 21 vill
256 1420 47 22 icke
323 1421 113 28 äfventyra
455 1423 37 20 sitt
507 1422 109 21 anseende
632 1429 77 20 genom
725 1423 33 19 att
773 1422 6 20 i
796 1422 30 21 tid
842 1422 52 21 eller
909 1421 44 21 otid
968 1421 56 22 före-

200 1450 38 25 slä,
262 1452 31 18 att
314 1450 40 20 den
371 1457 40 14 ena
428 1450 51 21 eller
495 1451 66 20 andra
577 1450 74 20 karlen
668 1450 53 20 skall
736 1450 23 20 fä
774 1450 91 28 daggen,
881 1450 27 20 dä
923 1450 40 20 han
981 1452 42 22 vet,

200 1480 32 19 att
255 1480 36 19 tvä
315 1478 23 20 af
360 1479 53 20 hans
437 1479 84 21 erfarne
544 1479 82 27 sjömän
648 1480 50 26 säga
714 1479 36 26 nej
766 1479 79 26 dertill;
862 1479 41 19 han
920 1478 105 20 betänker

199 1507 39 27 sig,
263 1508 37 20 när
315 1506 41 21 han
380 1510 43 24 vet,
438 1510 32 18 att
492 1510 44 18 mot
559 1508 27 20 de
608 1508 36 20 två
667 1508 80 20 äldstes
766 1508 56 26 äsigt
837 1506 66 22 saken
919 1507 47 20 icke
983 1506 40 21 kan

199 1535 86 20 komma
309 1535 31 20 till
364 1536 163 27 verkställighet
549 1536 39 20 och
610 1538 32 18 att
663 1536 52 20 hans
734 1536 107 20 anseende
858 1536 70 19 säsom
945 1535 79 27 kapten
