1075 1775
823 142 40 22 487

142 206 87 22 ärande.
258 205 45 22 Det
323 207 24 20 är
367 206 76 22 endast
462 207 37 21 det
514 207 108 29 begrepp,
638 214 50 14 man
704 207 78 21 hittills
798 207 43 21 fäst
856 207 36 21 vid

142 240 161 28 benämningen
324 240 159 28 ,försvarslös*,
503 248 47 15 som
570 241 63 28 gifvit
653 242 41 20 den
715 248 28 14 en
758 241 67 22 sådan
844 242 48 27 tyd-

142 274 60 28 ning.
232 274 34 20 En
281 275 129 20 försvarslös
426 282 80 20 person
521 275 40 21 har
576 275 79 21 hittills
670 276 56 20 varit
740 275 102 22 förfallen
858 276 33 20 till

142 308 91 21 allmänt
246 309 82 25 arbete,
345 308 36 22 det
397 310 23 19 är
436 309 84 21 säledes
535 310 49 20 icke
600 309 110 28 underligt
726 316 35 14 om
777 310 37 20 det
831 316 60 14 nam-

141 343 38 19 net
194 342 87 28 klingar
296 342 44 21 illa.
363 343 73 21 Blifva
451 343 137 27 päföljderne
602 343 24 21 af
634 343 167 21 försvarslöshet
812 350 79 21 genom

141 376 169 28 godkännandet
332 377 24 21 af
376 377 165 27 ifrägavarande
559 377 131 28 författning
707 378 130 21 inskränkta
859 378 34 20 till

141 410 57 22 hvad
218 412 24 26 88
262 412 12 20 2
293 411 39 21 och
350 412 19 26 3,
386 412 40 20 och
441 412 7 20 i
464 411 57 21 vissa
535 412 39 20 fall
588 412 12 27 $
616 412 13 21 4
644 412 85 28 stadga,
745 412 24 21 sä
784 412 43 21 kan
842 412 51 21 med

141 445 47 21 skäl
204 445 116 27 förväntas,
332 448 33 18 att
379 446 36 20 vid
430 445 79 29 sjelfva
523 448 89 19 namnet
627 446 48 21 icke
691 453 46 15 mer
752 447 98 20 kommer
861 448 31 19 att

141 480 67 21 fästas
224 480 36 21 det
275 480 73 21 förakt
363 480 40 21 och
419 480 41 22 den
475 486 60 22 nesa,
546 488 46 14 som
606 480 85 28 hittills,
707 480 40 22 och
763 482 32 20 att
808 480 85 22 således

141 514 161 28 benämningen
322 514 154 27 ,lösdrifvare*
491 514 50 22 icke
556 514 43 22 kan
614 514 65 22 hafva
694 516 67 27 något
775 515 116 21 företräde.

142 548 139 22 Lösdrifvare
296 550 24 20 är
336 550 94 20 tvertom
446 550 32 19 ett
494 549 97 28 uttryck,
609 556 46 14 som
671 550 7 20 i
693 549 50 21 mitt
758 549 65 28 tycke
837 549 56 21 låter

141 584 27 21 än
185 590 61 15 mera
260 582 120 29 föraktligt.

209 617 58 22 Herr
283 617 176 22 Silfversvan:
474 617 51 22 Med
541 617 119 28 anledning
674 618 23 21 af
706 617 26 22 de
743 618 88 27 åsigter,
845 624 46 15 som

141 653 42 20 den
203 652 132 28 föregående
354 652 85 21 talaren
454 653 75 27 yttrat,
545 654 31 19 att
591 652 107 21 utskottet
716 652 129 21 välbetänkt
860 652 31 21 in-

141 689 49 25 sett,
201 688 33 20 att
244 687 37 20 det
296 687 71 20 skulle
378 687 98 20 medföra
486 687 67 21 vådor
564 688 32 20 att
606 687 33 20 för
650 687 82 28 hastigt
743 687 90 26 öfvergå
842 686 49 21 från

141 722 37 21 det
198 721 72 28 gamla
290 723 105 26 systemet
410 721 33 21 till
459 721 36 21 det
516 728 52 21 nya,
584 721 33 22 får
628 721 41 28 jag
684 721 111 27 anmärka,
811 723 32 19 att
858 722 33 20 ut-

141 757 83 20 skottet
242 755 77 22 härvid
334 756 56 20 visat
405 756 34 27 sig
454 755 54 29 hysa
524 763 27 14 en
567 755 100 29 farhåga,
683 763 47 14 som
745 755 48 21 icke
809 755 35 21 väl
860 755 31 21 öf-

141 792 183 20 verensstämmer
344 791 49 20 med
415 790 26 21 de
461 790 80 22 vackra
556 790 140 28 grundsatser
710 790 108 21 utskottet
837 797 54 20 upp-

142 825 59 21 ställt
221 826 8 20 i
248 825 107 28 följande:
377 826 45 25 ,att
440 832 25 13 ur
485 826 83 20 statens
587 825 55 21 eller
662 825 36 21 det
716 824 177 28 medborgerliga

141 859 126 22 samhällets
288 860 97 27 begrepp
405 859 90 21 härleda
514 859 333 21 försvarslöshetsinstitutionen
868 860 24 19 är

142 896 32 19 ett
188 894 95 27 företag,
298 893 143 28 hvarigenom
458 900 49 14 man
523 893 77 21 endast
615 893 112 21 invecklar
743 893 33 27 sig
790 892 8 22 i
813 894 78 20 motsä-

142 928 79 28 gelser,
236 929 24 27 ty
276 934 34 14 om
326 927 112 28 personlig
453 927 67 21 frihet
535 929 24 19 är
574 928 36 20 det
624 928 68 20 första
707 927 96 21 vilkoret
815 927 35 21 för
860 926 33 22 in-

142 962 98 22 dividens
256 962 82 28 sedliga
353 962 128 28 utveckling
497 962 40 21 och
552 961 164 22 fullkomnande
733 961 39 21 och
788 968 35 14 om
837 968 55 14 sam-

142 997 67 21 hället
230 997 86 21 derföre
331 996 7 20 i
354 996 149 21 erkännandet
522 996 40 22 och
580 996 161 28 betryggandet
757 996 23 20 af
793 995 99 22 medbor-

140 1039 79 21 garens
234 1030 127 29 personliga
375 1030 67 22 frihet
458 1037 34 14 ser
507 1030 37 22 det
559 1030 69 22 första
643 1030 40 22 och
698 1031 117 27 vigtigaste
826 1031 67 21 målet

141 1066 34 21 för
196 1066 33 21 sin
249 1066 150 25 verksamhet,
420 1065 24 21 så
463 1065 43 21 kan
521 1065 116 21 samhället
654 1065 49 21 icke
718 1065 70 21 heller
802 1065 7 20 i
825 1065 68 21 andra

142 1101 37 20 fall
196 1100 69 21 tillåta
281 1100 33 27 sig
330 1101 32 19 att
378 1099 101 27 fråntaga
493 1099 159 27 medborgaren
668 1099 59 21 detta
740 1099 79 28 högsta
829 1099 63 27 goda,

143 1136 27 20 än
190 1135 28 20 då
236 1134 44 22 han
295 1134 8 20 i
318 1133 106 27 handling
444 1134 116 28 ådagalagt
579 1136 31 18 ett
629 1134 109 21 bestämdt
753 1134 41 20 och
809 1135 83 25 otvety-

142 1169 47 28 digt
204 1169 79 28 uppsåt
298 1169 31 20 att
344 1168 147 27 omintetgöra
505 1168 67 28 något
586 1168 23 21 af
621 1167 127 22 samhällets
758 1167 136 28 väsendtliga

142 1203 108 28 syftemål,
267 1203 127 20 samhällets
410 1209 55 21 egen
482 1202 102 21 säkerhet
600 1203 53 20 eller
668 1203 41 20 den
724 1202 100 21 enskilda
835 1202 58 21 med-

143 1238 119 27 borgarens
286 1237 101 20 säkerhet
409 1237 34 20 till
465 1243 80 20 person
568 1237 40 20 och
632 1237 127 26 egendom."
793 1235 43 28 Jag
857 1237 37 19 vet

141 1272 55 27 icke,
211 1271 56 21 huru
282 1278 51 13 man
349 1271 43 20 kan
407 1270 92 22 hänföra
513 1277 112 21 personer,
636 1277 46 14 som
697 1270 71 28 aldrig
783 1269 112 22 förverkat

142 1307 42 21 den
204 1305 126 28 personliga
345 1305 105 26 friheten,
466 1305 33 20 till
517 1311 28 14 en
563 1305 111 27 kategori,
690 1311 46 14 som
752 1303 70 22 skulle
838 1304 33 20 stå
886 1303 7 21 i

143 1340 54 21 strid
216 1341 45 20 mot
280 1340 57 21 hvad
357 1339 107 21 utskottet
482 1339 90 21 sålunda
587 1340 74 27 yttrat.
690 1338 53 21 Icke
759 1337 134 22 dessmindre

142 1375 39 21 har
201 1375 107 20 utskottet
328 1374 49 21 låtit
397 1375 87 20 komma
505 1374 33 27 sig
553 1375 31 20 ett
600 1373 76 22 sådant
691 1373 90 28 misstag
796 1372 34 21 till
845 1372 48 21 last.

142 1408 143 27 Föregående
304 1409 69 19 talare
393 1408 95 27 yttrade,
505 1409 32 19 att
553 1414 28 14 en
597 1409 48 18 tvär
660 1407 119 28 öfvergång
793 1406 50 21 från
858 1406 37 20 det

143 1449 42 14 ena
205 1443 105 28 systemet
330 1442 34 20 till
384 1441 37 21 det
440 1442 67 21 andra
525 1441 70 23 skulle
611 1440 67 22 blifva
692 1440 83 28 vådlig,
791 1446 50 15 men
853 1439 41 28 jag
