1134 1803
442 134 38 16 Den
494 134 9 16 7
518 134 41 20 Maj.
864 133 25 19 79

163 192 31 18 att
210 190 113 27 godkänna
339 192 154 19 sammansatta
509 192 63 18 stats-
587 190 39 20 och
638 188 233 22 ekonomieutskottets
883 189 35 20 be-

95 218 109 21 tänkande
224 219 4 20 i
248 218 114 28 anledning
381 218 22 21 af
417 220 32 19 ett
467 218 57 20 inom
542 218 106 27 vällofliga
663 217 177 27 borgareståndet
855 218 63 20 fram-

94 247 65 21 stäldt
182 247 212 27 petitionsmemorial
418 247 83 25 derom,
519 249 30 18 att
565 247 40 20 den
623 246 296 20 Alexanders-universitetet

95 275 87 28 tillagda
198 276 62 27 afgift
274 275 32 21 för
322 276 84 20 utförda
423 275 187 27 skogsprodukter
625 275 67 20 måtte
709 274 47 21 med
774 274 53 21 1878
841 275 34 20 års
886 276 32 18 ut-

95 305 57 27 gång
167 304 107 28 upphöra;

165 335 31 18 att
215 332 31 21 till
265 335 153 18 sammansatta
437 334 64 19 stats-
518 332 39 21 och
574 331 220 21 ekonomieutskottet
810 332 109 20 remittera

95 362 75 26 frågan
187 368 33 13 om
238 361 142 26 uppförandet
396 361 23 20 af
433 363 32 18 ett
481 363 50 25 eget
545 361 150 26 samlingsrum
706 360 33 19 för
750 360 169 26 ständermöten;

165 391 32 19 att
212 389 113 28 godkänna
340 389 154 28 lagutskottets
511 389 137 21 betänkande
663 389 6 20 i
686 387 114 28 anledning
812 389 22 19 af
842 389 78 26 nådiga

97 418 168 27 propositionen,
283 418 109 27 angående
409 418 91 27 ändring
516 418 6 20 i
537 417 149 28 stadgandena
701 423 34 14 om
752 416 52 21 börd
820 419 55 18 samt
890 417 29 20 vi-

96 446 134 21 derboendes
246 447 38 20 och
300 447 66 20 nabos
381 447 148 26 lösningsrätt,
545 446 55 21 dock
618 446 48 20 med
682 445 89 27 ändring
787 445 61 20 deraf
861 446 6 19 i
883 445 37 21 det

96 475 64 27 syfte,
178 477 86 26 prosten
280 474 137 28 Rosengrens
433 475 30 20 till
480 474 146 21 betänkandet
641 474 78 27 fogade
734 474 133 20 reservation
883 481 36 13 an-

97 504 73 27 tyder;

166 534 32 19 att
221 531 113 28 hänskjuta
357 532 249 27 bevillningsutskottets
629 531 137 21 betänkande
784 531 7 20 i
806 530 114 27 anledning

98 561 22 21 af
134 561 78 27 nådiga
228 561 167 27 propositionen,
411 560 112 28 angående
539 568 29 20 ny
587 560 125 26 förordning
728 567 32 13 om
777 559 144 27 stämpelpap-

99 589 139 27 persafgiften
260 589 6 20 i
284 588 98 26 Finland,
398 590 31 20 till
446 589 170 25 statsutskottet,
634 588 47 21 med
697 588 131 27 uppmaning
844 589 31 19 att
890 588 31 20 in-

99 619 84 19 komma
204 617 47 21 med
270 617 115 26 utlåtande,
405 618 105 20 huruvida
531 618 40 20 den
589 618 5 20 i
611 618 40 20 den
668 616 78 28 nådiga
761 616 160 27 propositionen

98 646 81 21 äskade
194 646 123 28 förhöjning
332 647 21 19 af
369 646 279 28 stämpelpappersafgiften
665 652 51 14 vore
732 645 22 20 af
769 644 100 22 behofvet
884 645 37 27 på-

99 675 70 21 kallad
183 675 51 20 eller
249 675 57 26 icke;

168 705 32 18 att
214 703 113 27 godkänna
343 705 154 18 sammansatta
514 705 63 18 stats-
594 703 38 20 och
644 702 231 21 ekonomieutskottets
887 702 34 20 be-

99 731 108 21 tänkande
219 732 5 19 i
236 731 114 28 anledning
361 731 23 21 af
393 731 78 28 nådiga
483 731 170 27 propositionen,
664 730 112 28 angående
787 730 64 21 väckt
861 730 61 27 fråga

100 767 33 14 om
150 760 126 27 försäljning
291 760 22 20 af
327 761 198 26 statsjernvägarne
541 760 6 20 i
564 760 81 26 landet;

168 791 32 18 att
222 789 113 27 godkänna
356 789 107 20 allmänna
484 788 207 21 besvärsutskottets
710 787 136 21 betänkande
864 787 7 20 i
886 793 35 14 an-

100 817 86 28 ledning
202 817 22 20 af
238 824 25 19 en
280 817 55 20 inom
352 817 162 28 presteståndet
529 817 65 20 väckt
610 817 98 27 petition,
719 815 111 28 angående
842 815 79 21 dissen-

100 846 68 27 terlag
184 846 38 20 och
240 845 34 27 lag
289 850 44 16 mot
349 845 190 28 proselytmakeri;

169 876 31 18 att
223 874 114 27 godkänna
358 874 106 21 allmänna
485 874 208 21 besvärsutskottets
714 873 135 21 betänkande
865 873 5 20 i
887 879 35 14 an-

101 903 87 26 ledning
203 903 23 20 af
239 909 25 14 en
281 903 29 20 till
328 902 158 21 bondeståndet
502 903 95 27 ingifven
615 902 96 27 petition,
728 901 110 28 angående
855 908 67 13 omar-

102 931 88 27 betning
206 931 22 20 af
242 938 27 13 nu
285 931 98 27 gällande
400 931 127 28 författning
543 938 33 13 om
593 931 153 26 fattigvården;

170 962 32 18 att
224 959 113 28 godkänna
357 960 106 20 allmänna
487 960 208 20 besvärsutskottets
716 957 134 22 betänkande
865 958 8 20 i
888 965 35 13 an-

103 988 86 27 ledning
210 989 23 19 af
249 989 54 20 inom
321 989 98 26 samtliga
436 988 91 21 stånden
544 989 78 20 väckta
636 988 122 27 petitioner,
774 987 91 20 rörande
880 986 44 20 vid-

102 1017 168 20 makthållandet
285 1017 38 20 och
341 1017 142 27 utvidgandet
499 1017 22 20 af
535 1017 41 20 den
594 1017 68 20 finska
678 1016 134 27 afdelningen
830 1015 35 20 vid
876 1021 48 14 nor-

103 1045 115 20 malskolan
235 1045 5 20 i
258 1045 143 27 Helsingfors;

171 1076 31 17 att
224 1076 78 24 antaga
326 1075 155 18 sammansatta
501 1076 62 17 stats-
584 1074 39 20 och
640 1072 233 22 ekonomieutskottets
889 1072 35 20 be-

103 1102 107 20 tänkande
227 1102 5 20 i
248 1101 114 28 anledning
378 1102 23 20 af
415 1101 78 28 nådiga
509 1102 167 27 propositionen,
688 1101 109 27 angående
808 1100 74 27 anslag
892 1100 34 20 för

103 1129 122 22 inrättande
241 1130 23 20 af
278 1137 25 13 en
321 1137 28 21 ny
365 1131 122 20 kuranstalt
503 1131 32 20 för
551 1131 135 26 sinnessjuke
703 1130 5 20 i
724 1129 82 26 landet;

172 1161 32 18 att
222 1159 109 20 remittera
350 1158 27 21 H.
395 1158 27 21 K.
439 1159 72 27 Maj:ts
528 1159 77 26 nådiga
620 1159 133 27 proposition
769 1157 111 28 angående
895 1157 31 20 af-

103 1187 103 21 trädande
222 1187 23 20 af
258 1187 61 20 mark
336 1187 30 20 till
382 1187 132 28 anläggning
531 1188 22 19 af
566 1187 104 27 landsväg
686 1187 30 20 till
734 1187 151 26 lagutskottet;

172 1218 32 18 att
222 1215 30 20 till
272 1218 154 18 sammansatta
445 1218 64 18 stats-
526 1216 39 21 och
582 1215 219 21 ekonomieutskottet
817 1214 111 21 remittera

105 1245 27 20 H.
149 1244 27 21 K.
192 1243 72 28 Maj:ts
284 1245 77 26 nådiga
377 1244 134 27 proposition
528 1251 33 14 om
579 1244 121 27 riktningen
717 1244 22 20 af
753 1244 124 20 stambanor
893 1242 34 21 vid

102 1273 258 28 jernvägsanläggningar
376 1273 5 20 i
398 1272 100 21 Finland.

241 1301 55 20 Från
315 1301 166 26 bondeståndet,
496 1301 140 20 meddelande
652 1300 96 21 ståndets
765 1300 70 21 beslut

173 1331 31 19 att
227 1330 90 20 tillsätta
339 1332 30 18 ett
387 1330 213 27 justeringsutskott,
616 1330 31 20 till
664 1329 80 21 hvilket
759 1329 84 20 utskott
859 1327 68 22 landt-

105 1358 144 27 dagsmännen
266 1358 103 21 Duncker
385 1358 40 21 och
442 1357 73 21 Klami
531 1358 69 21 blifvit
616 1358 89 21 utsedde
721 1359 69 19 såsom
803 1357 125 25 ledamöter,

105 1390 55 17 samt
176 1386 157 27 Kumpulainen
351 1387 38 20 och
407 1386 94 21 Foudila
515 1387 70 20 såsom
602 1387 146 27 suppleanter;

174 1417 30 18 att
227 1415 47 20 icke
293 1417 80 25 antaga
391 1415 173 27 presteståndets
583 1415 127 27 inbjudning
725 1415 30 20 till
772 1412 157 29 hänskjutande

106 1444 21 19 af
145 1444 73 26 frågan
236 1450 33 13 om
285 1443 190 27 inqvarteringens
490 1443 164 21 underlättande
670 1450 75 20 genom
762 1442 75 27 anslag
852 1448 25 13 ur
893 1440 36 21 be-

106 1471 167 27 villningsmedel
295 1472 30 20 till
344 1472 118 26 afgörande
482 1472 22 19 af
522 1472 118 20 förstärkta
656 1471 167 24 statsutskottet,
840 1469 89 20 emedan

106 1499 154 21 bondeståndet
284 1502 71 18 ansett
379 1507 25 13 en
429 1500 41 20 slik
495 1500 126 27 inbjudning
641 1501 50 19 böra
711 1501 51 25 utgå
777 1500 46 19 från
840 1500 89 18 statsut-

105 1528 91 26 skottet;
