1134 1803
450 132 39 17 Den
503 134 22 15 23
539 133 41 20 Maj.
859 133 41 21 303

107 189 83 28 förhöja
205 189 71 21 denna
291 189 58 21 siffra
365 189 30 21 till
412 190 27 20 20
455 190 106 26 miljoner.
591 189 43 20 Det
645 190 79 25 inkast,
736 196 44 14 som
792 190 23 20 af
824 190 39 20 den
875 190 54 20 före-

108 218 82 27 gående
207 218 63 20 ärade
287 218 88 24 talaren,
391 218 90 20 friherre
499 224 40 14 von
556 217 66 26 Troil,
639 218 69 20 blifvit
723 218 72 27 gjordt
806 218 79 26 derom,
897 220 32 19 att

108 254 26 14 en
150 246 67 21 sådan
234 246 114 20 osäkerhet
365 253 32 13 om
415 246 70 20 denna
501 246 59 20 siffra
572 246 68 20 skulle
651 246 110 20 föranleda
772 246 29 20 till
814 253 24 14 en
850 247 79 20 minsk-

108 275 51 27 ning
182 276 5 19 i
211 274 136 21 förtroendet
368 274 33 21 för
421 274 92 26 banken,
534 281 63 13 anser
610 275 38 27 jag
662 274 48 21 icke
727 274 63 21 hafva
806 275 30 20 sin
853 275 75 27 grund.

108 304 42 27 Jag
166 304 40 20 kan
222 303 48 21 icke
286 303 65 20 tänka
366 303 51 27 mig,
433 305 31 18 att
480 310 49 13 man
546 302 68 21 skulle
630 302 64 21 hafva
710 303 81 21 mindre
806 303 123 21 förtroende

108 334 33 19 för
164 332 85 20 banken
266 338 33 14 om
320 332 72 20 siffran
413 332 124 20 bestämdes
553 331 31 20 till
601 332 25 20 16
643 331 98 27 miljoner
757 332 38 20 och
812 332 41 21 kan
870 332 59 28 höjas

109 362 30 19 till
162 361 34 24 20,
220 362 25 18 än
269 367 33 13 om
326 367 48 13 man
394 360 135 20 omedelbart
547 360 60 27 höjer
622 360 41 20 den
680 360 31 19 till
727 360 27 20 20
770 360 103 27 miljoner,
890 360 39 21 och

109 390 4 19 i
131 389 41 21 alla
187 388 35 21 fall
239 389 75 26 tyckes
330 388 48 27 mig,
395 390 31 19 att
443 388 26 20 de
485 388 46 20 skäl
548 388 49 21 herr
609 395 39 14 von
660 387 119 22 Haartman
791 389 76 26 anfört,
879 389 51 20 eller

109 420 32 18 att
163 424 48 13 man
233 417 38 20 bör
287 423 51 14 vara
353 417 100 27 försigtig
469 417 35 20 vid
521 417 73 27 hvarje
610 424 28 19 ny
655 417 93 27 princips
764 417 110 21 införande
890 417 39 21 och

108 447 48 20 icke
172 448 50 24 taga
238 445 71 20 siffran
326 445 71 20 alltför
413 446 49 26 hög,
478 451 64 14 mana
557 452 35 13 oss
609 447 31 18 att
655 445 6 20 i
673 445 59 20 detta
749 445 100 21 afseende
863 446 66 20 hellre

109 475 56 27 välja
181 474 35 20 det
235 474 58 27 lägre
312 475 25 19 än
358 473 37 21 det
413 473 67 28 högre
496 473 63 26 talet;
576 473 100 21 hvarföre
689 474 39 27 jag
742 473 125 21 instämmer
882 475 5 19 i
903 474 26 20 de

109 504 69 27 begge
194 503 91 20 nämnde
301 503 106 20 talarenes
423 503 62 26 åsigt.
517 502 138 21 Beträffande
669 501 122 22 sedermera
802 502 40 21 den
854 509 76 14 senare

108 532 82 27 frågan,
206 537 45 14 som
268 532 62 26 utgör
345 530 114 21 föremålet
474 530 33 21 för
523 530 157 25 diskussionen,
697 530 52 21 eller
764 531 74 27 frågan
850 538 33 13 om
895 531 35 20 det

110 561 72 24 värde,
198 559 31 20 till
246 559 81 20 hvilket
343 559 96 20 bankens
451 559 143 27 obligatiouer
604 560 39 19 och
656 561 137 25 statspapper
804 560 6 19 i
821 559 110 21 utländskt

111 591 59 25 mynt
194 588 65 20 borde
283 588 112 26 beräknas,
418 587 87 21 förenar
523 588 38 26 jag
577 588 43 26 mig
636 588 62 20 äfven
715 588 5 19 i
737 587 40 21 den
794 587 22 21 af
830 587 101 21 herrarne

111 616 111 22 Molander
238 616 38 20 och
294 623 39 13 von
351 616 120 20 Haartman
487 616 97 20 uttalade
600 616 62 27 åsigt,
674 618 31 18 att
716 616 59 20 detta
790 616 65 20 värde
866 618 65 19 rätte-

112 646 54 27 ligen
192 645 37 20 bör
253 644 105 21 beräknas
375 644 56 21 efter
449 645 33 19 för
503 644 56 21 tiden
577 644 98 28 gällande
691 644 128 21 medelkurs.
852 644 78 21 Skälen

110 674 69 20 dertill
203 673 27 21 ha
252 673 65 20 redan
341 673 69 20 blifvit
433 672 24 21 af
477 673 63 20 desse
563 674 67 19 talare
652 673 133 26 framhällna,
809 674 23 20 sä
848 676 31 18 att
893 674 38 26 jag

111 703 47 20 icke
177 701 102 22 behöfver
297 708 97 20 upprepa
410 701 55 26 dem,
482 708 48 14 men
547 702 38 20 ber
601 701 119 21 emellertid
736 704 31 18 att
782 702 21 20 få
818 702 56 20 fästa
890 702 40 20 rid-

111 731 127 26 derskapets
261 730 40 20 och
324 729 73 21 adelns
421 729 191 28 uppmärksamhet
636 729 57 26 derå,
714 731 33 19 utt
767 730 164 21 bankutskottet

111 759 49 27 sjelf
181 758 62 28 tycks
266 758 63 20 hafva
345 758 56 20 varit
421 758 108 21 tveksamt
549 765 33 14 om
600 757 54 21 hvad
672 765 44 13 som
732 758 5 20 i
755 758 59 21 detta
830 758 101 21 afseende

112 794 50 14 vore
178 787 36 21 det
230 788 65 24 rätta;
311 789 22 25 ty
350 786 107 21 utskottet
473 787 38 20 har
527 787 28 26 på
570 787 59 20 sidan
646 787 27 20 45
689 787 5 20 i
711 786 36 21 det
762 787 81 27 afgifna
858 787 73 20 betän-

114 816 79 21 kandet
216 815 30 20 uti
270 815 25 20 de
313 815 80 20 insatta
411 822 43 20 nya
469 815 152 27 paragraferna
637 815 91 20 rörande
744 815 96 21 bankens
857 815 73 20 bokfö-

112 845 46 26 ring
180 845 39 20 och
236 843 85 21 bokslut
341 845 26 25 på
388 844 65 19 raden
470 844 12 20 3
499 843 93 20 nerifrån
608 843 110 24 förklarat,
735 845 32 19 att
783 844 34 20 vid
835 843 96 21 boksluts

112 872 140 28 uppgörande
275 872 32 20 för
331 872 45 20 året
400 871 54 21 skall
477 872 107 27 iakttagas
607 872 95 27 följande
722 872 209 27 beräkningsgrund:

112 904 154 25 »statspapper
283 900 38 21 och
338 900 142 27 obligationer
497 901 105 20 beräknas
618 901 19 26 ej
654 901 60 20 öfver
729 900 128 27 inköpspris,
868 901 62 20 äfven

112 937 33 14 om
162 930 26 20 de
205 930 32 19 vid
255 929 154 20 bokslutstiden
427 931 86 18 noteras
530 929 64 27 högre
610 931 25 18 än
653 929 80 20 detta".
760 930 65 19 Detta
836 929 95 27 yrkande

112 961 31 18 att
159 960 136 25 statspapper
311 958 38 19 och
366 957 143 27 obligationer
524 958 47 19 icke
587 957 20 21 få
623 958 107 20 beräknas
746 958 54 27 efter
809 957 122 28 inköpspris

112 987 75 28 tyckes
203 986 86 27 antyda,
306 987 31 19 att
352 986 107 20 utskottet
475 988 71 18 ansett
558 986 48 21 dem
619 986 71 21 kunna
700 986 106 21 beräknas
816 987 69 19 under
900 986 31 21 in-

113 1015 105 27 köpspris,
238 1021 77 14 annars
335 1014 55 20 hade
407 1014 165 21 bankutskottet
589 1014 32 21 väl
637 1015 143 27 uttryckligen
797 1016 54 25 sagt,
863 1016 32 19 att
906 1015 26 20 de

112 1044 68 20 skulle
205 1043 104 20 beräknas
333 1043 54 27 efter
409 1043 122 27 inköpspris
555 1043 27 26 på
605 1050 81 13 samma
706 1045 42 18 sätt
766 1050 45 13 som
831 1043 6 20 i
853 1043 11 26 $
881 1043 12 20 6
909 1044 24 19 är

112 1072 62 27 sagdt
190 1087 12 9 ,,
204 1071 75 20 värdet
295 1070 119 21 beräknadt
430 1071 55 20 efter
501 1072 35 19 det
552 1071 50 26 pris,
619 1071 33 20 för
668 1071 80 20 hvilket
762 1071 83 20 banken
857 1071 75 27 inköpt

113 1100 61 21 dessa
191 1099 105 21 valutor".
326 1099 114 20 Yrkandet
460 1101 32 18 att
507 1099 26 20 de
549 1099 47 20 icke
612 1099 21 20 få
649 1099 105 21 beräknas
771 1099 61 28 öfver
846 1099 86 27 inköps-

113 1129 43 27 pris
172 1135 64 20 synes
256 1127 122 26 förutsätta,
395 1129 32 18 att
443 1127 26 20 de
485 1127 101 28 möjligen
603 1127 73 21 kunna
692 1127 105 21 beräknas
815 1128 68 20 under
897 1127 37 21 det

113 1157 109 27 gångbara
239 1156 80 26 värdet,
338 1156 82 20 hvilket
436 1156 38 27 jag
490 1156 65 20 också
574 1156 68 20 finner
659 1163 49 13 vara
724 1156 36 20 det
776 1157 63 25 rätta,
854 1156 27 27 på
897 1156 36 20 det

112 1185 48 21 icke
184 1185 82 20 banken
290 1185 34 20 mä
350 1191 63 14 anses
433 1184 64 20 hafva
515 1184 128 21 chimöriska
659 1185 113 27 tillgångar
788 1185 103 20 baserade
907 1185 27 26 på

113 1215 32 19 ett
160 1213 116 27 möjligtvis
296 1213 86 28 mycket
401 1213 51 27 högt
471 1213 130 27 inköpspris.
632 1213 42 27 Jag
690 1213 84 20 förenar
790 1213 44 27 mig
849 1213 83 20 således

113 1242 65 21 också
192 1242 7 19 i
216 1242 68 20 denna
300 1241 33 21 del
350 1241 48 20 med
414 1241 101 20 herrarne
531 1241 112 20 Molander
658 1241 38 21 och
713 1249 40 13 von
770 1241 126 21 Haartman.

181 1269 57 21 Herr
254 1270 188 27 Montgomery:
459 1269 42 28 Jag
517 1269 41 21 kan
576 1269 86 28 mycket
678 1270 32 21 väl
721 1270 54 20 fatta
787 1270 41 21 den
840 1277 93 13 varsam-

115 1299 42 25 het,
182 1305 44 14 som
248 1298 93 21 dikterat
364 1297 26 21 de
407 1301 78 17 tvenne
505 1298 64 21 ärade
592 1298 94 21 talarnes
702 1298 38 21 och
758 1299 176 20 medlemmarnes

114 1327 22 20 af
150 1327 82 20 landets
249 1327 90 27 styrelse
355 1326 44 25 ord,
416 1326 27 21 då
458 1327 63 20 desse
537 1327 66 20 talare
619 1327 121 24 förordade,
752 1329 31 18 att
794 1326 41 21 den
848 1327 6 20 i
866 1327 66 20 bank-

114 1355 156 27 förvaltningen
294 1355 111 20 bestämda
423 1355 171 21 maximi-siffran
614 1355 23 20 af
652 1356 25 19 16
693 1355 97 27 miljoner
810 1355 68 20 skulle
898 1361 35 14 en-

114 1384 47 20 dast
184 1384 47 20 med
248 1383 117 28 styrelsens
384 1383 128 27 begifvande
528 1383 21 21 få
565 1384 51 19 ökas
633 1383 30 20 till
680 1385 27 19 20
722 1384 106 27 miljoner,
844 1383 38 21 och
897 1383 38 27 jag

114 1412 68 21 skulle
198 1413 72 19 kunna
285 1412 45 20 deri
346 1412 119 25 instämma,
483 1412 23 20 så
517 1412 48 20 vida
581 1411 40 21 den
634 1412 58 20 siffra
703 1412 23 21 af
734 1413 27 20 20
772 1412 104 27 miljoner,
889 1418 45 13 som

114 1441 23 19 af
151 1440 164 21 bankutskottet
332 1440 68 20 biifvit
420 1440 107 26 godkänd,
543 1440 69 20 skulle
629 1447 51 13 vara
696 1441 26 25 på
738 1441 66 26 något
819 1440 32 20 vis
867 1440 66 20 force-

115 1468 44 26 rad,
171 1475 47 13 men
221 1464 10 36 i
247 1468 75 28 sjelfva
333 1468 76 21 verket
420 1470 23 18 är
454 1468 37 20 det
502 1475 25 13 en
539 1468 86 28 mycket
636 1468 94 27 måttligt
738 1469 96 27 tilltagen
844 1474 90 14 summa.

116 1497 46 20 Man
187 1497 31 20 får
234 1498 27 26 gå
276 1497 86 27 mycket
384 1496 61 27 långt
465 1496 89 21 tillbaka
570 1497 5 19 i
592 1497 57 20 tiden
670 1497 32 20 för
722 1499 32 18 att
772 1497 56 20 finna
851 1502 26 14 en
893 1495 41 21 tid-

114 1525 74 27 punkt,
205 1525 27 20 då
247 1524 102 21 Finlands
370 1524 69 20 banks
455 1524 122 21 sedelstock.
594 1526 46 26 gått
656 1525 112 20 derunder.
799 1524 50 21 Man
866 1524 69 20 måste
