1134 1803
451 126 39 14 Den
505 126 20 14 18
539 125 42 19 Maj.
855 125 40 19 235

97 182 47 20 från
163 181 146 27 beskattning,
325 182 39 20 och
381 181 26 20 då
423 182 26 19 53
466 180 38 21 och
523 181 26 19 55
565 180 27 27 $$
608 180 62 20 torde
682 180 71 20 kunna
764 187 63 13 anses
839 181 84 20 komma

99 212 31 18 att
146 210 107 26 tillämpas
270 211 11 19 &
297 209 167 27 tjenstehjonen,
481 216 45 13 somi
554 209 26 20 do
599 208 61 20 flesta
672 208 36 20 fall
720 208 84 21 komme
814 211 31 18 att
853 209 71 27 undgå

100 238 146 27 beskattning,
263 239 23 19 sä
302 238 60 20 torde
379 238 21 20 sä
418 238 86 26 mycket
522 237 81 20 mindre
620 236 45 21 skäl
684 236 66 20 finnas
767 239 31 18 att
809 237 58 27 gifva
875 238 48 20 dem

99 268 95 24 rösträtt,
211 268 22 26 ty
250 266 85 20 hvarför
351 266 54 20 skall
421 266 48 26 den,
485 272 46 14 som
548 266 4 20 i
570 266 26 20 de
604 266 64 19 flesta
679 265 35 20 fall
727 265 46 21 icke
784 266 97 20 kommer
892 268 32 18 att

100 295 118 25 beskattas,
234 294 140 28 ovilkorligen
391 296 28 26 pä
434 297 31 17 att
481 294 74 20 utöfva
573 295 96 19 rösträtt.

170 323 48 21 Med
240 323 115 27 anledning
371 324 22 19 af
407 323 26 21 de
450 325 44 18 mot
511 322 26 20 de
554 322 53 20 båda
624 322 57 20 olika
698 324 148 20 momenterna
862 323 62 20 fram-

100 352 76 19 ställda
192 352 194 27 anmärkningarne
403 352 29 20 lät
448 352 50 19 herr
514 350 198 21 landtmarskalken
728 351 92 27 uppläsa
831 351 93 28 följande

101 380 170 27 propositioner:

169 409 112 26 »Antager
304 408 149 27 ridderskapet
477 408 39 21 och
537 408 61 20 adeln
615 407 69 21 första
699 409 118 19 momentet
834 408 22 21 af
872 410 25 19 10
913 409 11 26 8

101 437 169 20 oförändradt?''

170 465 96 26 »Vinner
282 465 41 28 nej,
340 465 105 21 uteslutes
461 472 24 13 ur
502 467 118 18 momentet
635 464 73 21 orden:
726 464 62 25 ,.icke
804 465 45 20 står
859 466 66 20 under

101 501 83 14 annans
200 494 195 25 husbondevälde",

172 523 85 20 hvilken
275 522 130 27 proposition
422 522 131 20 besvarades
571 522 47 20 med
634 521 159 26 öfvervägande
806 521 34 28 ja;
857 522 38 20 och

171 552 112 26 vAntager
301 551 148 27 ridderskapet
473 551 39 20 och
536 550 63 21 adeln
617 550 67 21 andra
700 552 118 19 momentet
834 551 22 20 af
872 551 25 20 10
913 551 12 26 8

172 608 96 25 »Vinner
292 608 40 27 nej,
357 608 62 26 utgår
443 614 24 13 ur
484 609 118 18 momentet
624 607 40 20 den
685 606 53 21 sista
754 606 171 28 bestämningen:

104 636 78 25 »hvars
198 636 91 27 styrelse
306 636 67 20 finnes
389 636 57 20 inom
465 636 151 25 kommunen”,

172 665 60 20 öfver
248 665 85 20 hvilken
350 664 132 28 proposition
500 664 99 26 votering
614 664 124 25 anställdes,
749 671 44 13 som
805 664 60 20 utföll
877 664 48 20 med

106 694 24 19 15
143 693 25 27 ja
182 693 40 21 och
238 694 26 20 16
281 693 41 27 nej,
338 693 31 20 till
384 692 52 28 följd
448 692 77 20 hvaraf
535 692 39 20 den
588 692 163 27 ifrågavarande
764 692 161 28 bestämningen

104 728 24 13 ur
152 723 117 19 momentet
292 722 65 19 borde
380 722 58 25 utgå,
455 727 47 14 men
526 720 128 28 paragrafen
671 721 33 20 för
719 721 64 26 öfrigt
799 721 127 20 oförändrad

104 749 93 28 qvarstå.

173 779 11 26 8
203 779 22 19 11
244 779 76 26 antogs
337 780 51 19 utan
405 777 129 21 diskussion.

173 807 120 26 Angående
309 807 27 21 12
352 807 11 26 8
380 806 66 21 utbad
463 806 32 27 sig

175 835 57 20 Herr
248 842 46 13 von
312 835 113 20 Kremor
442 834 61 21 ordet
520 834 39 21 och
576 834 96 27 yttrade:
698 834 42 27 Jag
755 841 63 14 anser
834 835 40 20 den
891 835 36 20 be-

105 863 123 28 gränsning,
244 870 45 13 som
314 864 5 19 i
342 870 77 14 senare
442 870 63 13 mom.
526 863 23 20 af
566 863 11 26 &
594 863 68 20 finnes
678 863 76 26 införd,
770 865 31 18 att
817 863 62 28 ingen
896 863 31 21 får

105 893 59 20 rösta
179 892 33 20 för
228 899 45 13 mer
288 893 25 20 än
331 891 115 21 femtionde
463 891 61 20 delen
541 891 22 20 af
578 891 140 21 kommunens
729 891 47 21 hela
784 892 143 27 röstebelopp,

106 927 50 14 vara
178 920 87 27 mycket
288 920 119 27 tillräcklig,
431 922 50 19 utan
498 921 31 19 att
545 919 37 21 det
597 920 31 20 uti
643 920 68 20 första
727 922 117 19 momentet
859 920 69 21 skulle

107 949 91 20 Lehöfva
227 948 106 27 tilläggas,
357 951 31 18 att
406 949 74 26 ingens
507 948 89 21 röstetal
624 949 32 20 får
682 949 116 26 öfvorstiga
821 949 33 20 25.
885 949 44 20 Det

106 977 119 27 stadgande
254 984 62 13 anser
339 978 38 27 jag
402 977 73 20 kunna
500 977 47 20 föra
573 977 30 20 till
628 978 69 19 större
723 977 139 27 olägenheter
888 977 40 20 och

106 1013 26 13 on
153 1005 87 21 alldeles
256 1005 79 28 onödig
351 1005 103 21 orättvisa
470 1007 44 18 mot
531 1005 39 20 den
587 1005 33 21 väi
636 1005 138 21 förvärfvade
790 1005 139 27 ogendomen,

107 1041 45 14 som
170 1034 97 27 vanligen
284 1034 85 28 ätföljes
385 1034 22 20 af
421 1035 69 19 större
502 1034 92 20 intresse
605 1033 33 21 för
649 1034 37 21 det
697 1033 105 21 allmänna
812 1034 38 21 och
860 1035 69 19 större

107 1063 102 20 inseende
231 1063 32 19 uti
280 1063 54 20 hvad
351 1063 86 19 stadens
454 1062 32 20 väl
504 1062 90 20 fordrar.
624 1061 72 21 Alltså
711 1069 63 13 anser
786 1063 39 26 jag
840 1062 88 20 alldeles

107 1092 57 19 orätt
180 1092 31 19 att
227 1090 106 27 begränsa
350 1091 115 20 rösträtten
482 1090 5 20 i
504 1097 27 13 en
547 1090 54 26 stad,
618 1090 37 21 der
671 1091 65 26 nägot
752 1091 93 20 tusental
860 1091 69 20 röster

107 1119 42 20 kan
166 1119 74 25 finnas,
258 1119 85 25 derhän,
360 1120 32 19 att
407 1119 63 26 ingen
486 1118 69 21 skulle
571 1118 20 21 fä
607 1119 59 20 rösta
681 1119 33 20 för
730 1120 78 19 merän
818 1119 27 20 25
854 1120 76 24 röster,

108 1147 39 21 och
164 1147 68 20 skulle
248 1147 82 20 säledes
347 1147 50 27 vilja
412 1147 100 27 utstryka
529 1147 69 20 denna
614 1147 142 27 bestämning,
768 1154 46 13 men
828 1147 103 21 vidhäller

108 1176 40 20 den
166 1182 81 19 senare,
265 1176 104 27 nemligen
389 1177 32 19 att
437 1175 62 27 ingen
517 1175 32 21 fär
565 1177 57 19 rösta
638 1175 33 21 för
687 1182 45 14 mer
747 1177 27 19 än
790 1176 62 21 50:de
868 1175 62 21 delen

108 1205 22 20 af
144 1205 141 20 kommunens
301 1204 145 27 röstebelopp.
456 1225 9 5 .,

177 1232 100 21 Friherre
294 1239 46 14 von
358 1232 77 21 Born:
451 1232 71 21 Afven
537 1233 38 27 jag
591 1239 69 19 anser,
676 1234 32 19 att
718 1233 169 27 begränsningen
900 1232 31 20 till

108 1262 26 20 25
159 1262 69 19 röster
251 1262 23 19 är
293 1261 86 20 alldeles
396 1261 106 27 olämplig.
535 1261 46 20 Den
599 1261 41 20 kan
657 1261 115 27 möjligtvis
788 1268 51 13 vara
855 1261 27 27 pä
898 1260 31 21 sin

109 1290 55 27 plats
187 1289 6 20 i
216 1289 133 26 kommuner,
373 1289 38 21 der
433 1289 178 27 förmögenhoten
631 1291 23 18 är
670 1296 58 13 mera
742 1289 69 27 jemnt
826 1289 105 26 fördelad,

108 1318 52 21 eller
183 1317 65 21 också
272 1317 37 21 der
331 1318 48 20 icke
403 1318 68 27 någon
495 1317 52 21 eller
568 1318 67 26 några
658 1317 101 21 särskildt
774 1318 95 25 framstå,
885 1324 46 14 som

108 1346 69 21 skulle
200 1346 85 20 komma
309 1346 6 20 i
337 1346 61 27 fråga
413 1348 31 18 att
461 1345 63 21 hafva
540 1347 32 19 ett
586 1345 159 28 jemförelsevis
761 1348 55 19 stort
832 1345 100 27 röstetal;

108 1381 49 14 men
180 1375 6 20 i
209 1375 25 20 de
258 1375 69 20 större
343 1374 101 21 städerna
460 1381 66 13 anser
539 1375 39 26 jag
593 1375 129 20 åtminstone
738 1374 36 21 det
790 1375 87 27 onödigt
893 1374 39 21 och

109 1403 97 20 förordar
229 1403 71 20 derför
320 1403 145 20 utoslutandet
484 1403 23 20 af
521 1403 70 20 denna
607 1403 150 27 begränsning.
787 1402 70 21 Afven
874 1403 5 20 i
896 1402 37 21 det

109 1431 53 21 sista
170 1433 125 24 momentet,
311 1438 45 13 som
371 1431 106 20 utskottet
493 1431 100 27 upptagit
609 1431 6 19 i
632 1431 11 26 $
662 1431 32 26 12,
710 1431 41 20 kan
766 1431 38 27 jag
818 1431 47 21 icke
881 1437 52 14 anse

109 1459 36 21 det
160 1459 116 25 korrektiv,
294 1459 105 21 utskottet
415 1459 44 20 valt
475 1459 30 20 till
522 1459 176 21 förekommande
714 1459 24 20 af
751 1459 71 21 alltför
837 1460 55 19 stort
901 1458 31 20 in-

109 1488 95 26 flytande
220 1487 22 20 af
256 1494 26 14 en
299 1487 52 21 eller
365 1487 57 20 färre
438 1493 109 21 personer,
565 1494 51 14 vara
632 1487 36 21 det
685 1488 61 24 rätta,
763 1488 6 20 i
780 1488 36 20 det
827 1487 107 21 utskottet

108 1516 114 26 förklarat,
238 1517 32 19 att
292 1516 47 20 icke
359 1516 90 20 rösträtt
465 1516 32 20 får
514 1516 84 20 utöfvas
614 1516 33 20 för
664 1516 69 20 större
748 1516 57 20 antal
822 1517 70 19 röster
907 1516 27 19 än
