1134 1803
222 102 39 20 114
535 104 39 16 Den
589 104 19 15 11
623 103 42 21 Maj.

260 158 34 22 Då
310 160 33 20 vid
360 160 51 20 härå
427 159 91 21 anställd
535 160 100 27 votering
650 161 98 19 rösterna
760 158 74 22 utföllo
847 158 48 21 med
908 159 24 20 11
941 159 24 27 ja
976 158 39 22 och

190 188 26 20 33
241 188 34 26 nej
299 188 38 21 och
360 188 83 21 således
463 189 36 27 nej
514 191 80 25 segrat,
610 188 68 22 erhöll
695 190 61 19 nästa
772 188 133 27 proposition
922 188 93 27 följande

191 216 91 27 lydelse:
512 238 7 6 .

260 244 145 26 »Godkänver
428 245 152 28 ridderskapet
599 246 40 21 och
655 245 64 21 adeln
736 246 27 20 62
778 245 13 27 &
807 245 23 21 af
845 245 117 21 utskottets
980 245 32 20 be-

190 273 109 21 tänkande
315 274 166 21 oförändradt?*

260 318 5 10 »
268 301 88 27 Vinner
373 304 40 27 nej,
429 306 89 25 antages
535 302 39 21 den
592 303 23 20 af
628 303 50 21 herr
695 302 93 29 Krogius
804 302 6 20 i
822 302 49 21 dess
883 302 131 20 reservation

191 331 123 27 föreslagna
329 331 96 28 lydelsen
441 332 31 20 till
490 332 120 27 paragraf'.

259 359 70 21 Afven
353 360 110 27 angående
487 360 70 21 denna
580 360 133 27 proposition
739 360 91 21 äskades
847 360 106 26 votering,
969 365 44 14 som

190 387 62 21 utföll
272 387 47 21 med
339 389 27 19 20
379 389 23 26 ja
417 389 39 20 och
473 389 24 20 31
515 389 44 27 nej,
576 389 30 20 till
623 389 52 27 följd
692 388 76 21 hvaraf
782 388 49 21 herr
844 387 75 28 Krogii
935 387 80 28 förslag

191 416 32 21 till
240 416 139 28 paragrafens
396 417 81 28 lydelse
493 424 38 14 var
546 419 96 25 antaget.

261 444 55 21 Utan
333 445 122 22 diskussion
473 448 90 25 antogos
580 446 25 27 $$
622 446 27 21 63
666 446 39 20 och
722 447 33 20 64.

259 473 65 21 Emot
339 474 27 21 65
382 474 12 27 &
410 474 113 21 anmärkte

259 502 58 21 Herr
332 502 188 28 Montgomery:
539 502 43 28 Jag
598 503 42 20 kan
657 503 48 20 icke
720 503 54 26 inse,
790 505 32 18 att
839 503 118 21 utskottets
972 502 42 21 för-

190 531 46 26 slag
252 531 30 20 till
300 531 111 21 redaktion
428 532 117 21 innefattar
561 531 69 28 nägon
647 531 136 28 förbättring.
816 532 43 20 Det
874 532 61 20 heter
951 531 5 20 i
973 531 39 20 den

191 559 77 27 nådiga
285 560 170 26 propositionen:
472 561 83 26 ,,nägon
574 560 82 27 åtgärd,
673 567 45 13 som
736 560 29 20 till
783 560 52 20 hans
848 560 119 26 befattning
978 559 35 20 hö-

190 590 55 18 rer,
276 587 114 21 Utskottet
414 589 37 21 har
471 588 111 21 förändrat
600 588 38 21 det
654 588 42 21 till:
713 589 19 25 ,,i
750 588 54 21 hvad
820 589 31 20 till
867 588 53 21 hans
937 588 76 20 befatt-

190 617 51 27 ning
257 617 83 20 hörer*.
371 617 82 27 Sjelfva
469 617 78 21 tanken
564 619 24 19 är
604 618 125 20 densamma
745 617 39 21 och
801 617 37 21 det
851 624 42 21 nya
905 616 108 28 uttrycket

190 647 23 19 är
229 645 47 21 icke
293 645 77 21 bättre.

259 673 58 21 Herr
328 673 123 29 Pipping,
463 674 123 21 Fredrik:
602 674 70 21 Ordet
682 677 74 23 ,,som'
769 674 37 21 har
818 674 106 21 utskottet
941 674 72 28 utbytt

190 704 58 19 emot
264 702 19 25 ,,i
300 702 69 21 hvad'
383 702 23 21 af
416 703 72 24 orsak,
500 705 31 18 att
543 703 108 21 utskottet
667 705 72 19 ansett
751 702 132 21 sistnämnda
894 702 37 21 ord
944 703 70 20 bättre

190 731 101 27 uttrycka
307 731 37 20 allt
360 731 54 20 hvad
431 738 45 13 som
493 731 67 28 ligger
575 731 57 21 inom
650 731 173 21 befälhafvarens
840 731 135 28 befogenhet.

259 759 59 21 Herr
333 759 191 28 Montgomery:
547 760 81 25 ,,Som'
644 760 68 21 måste
729 760 33 21 väl
778 760 90 20 hänföra
883 760 32 27 sig
931 759 30 21 till
978 759 35 20 det

190 789 110 20 närmaste
317 789 61 20 ordet
394 788 111 28 ,ätgärd*.
932 808 3 3 N

259 816 91 21 Ständet
366 819 66 25 antog
448 817 126 28 paragrafen
592 817 129 21 oförändrad
738 817 110 21 äfvensom
865 817 26 26 $&
907 817 90 20 66—68.

259 845 41 20 Om
316 846 27 20 69
358 845 13 27 8
386 845 87 27 yttrade
488 846 32 27 sig

259 873 57 21 Herr
339 873 130 22 Snellman
493 875 26 26 pä
540 874 95 27 följande
650 875 56 20 sätt:
724 874 9 21 I
749 875 27 20 69
792 874 12 27 &
820 874 39 21 har
874 874 5 20 i
896 874 117 20 utskottets

189 902 81 27 förslag
291 902 114 28 insmugits
428 904 32 19 ett
483 903 44 25 ord,
551 909 45 14 som
622 903 100 20 beröfvar
740 903 126 28 sjömannen
883 909 25 14 en
925 902 22 21 af
961 902 52 21 hans

190 931 135 28 rättigheter,
348 931 65 20 sådan
436 931 41 21 den
497 931 6 20 i
522 931 41 20 den
580 931 78 28 nådiga
674 931 160 28 propositionen
852 931 69 20 blifvit
936 931 77 20 honom

188 959 82 28 tillagd.
300 958 149 22 Öfverhufvud
473 960 68 20 måste
561 960 39 27 jag
620 960 33 20 för
670 960 40 20 min
731 960 33 21 del
782 967 59 19 anse,
858 961 32 19 att
907 959 53 21 både
976 959 37 21 här

188 988 40 21 och
244 988 6 20 i
267 988 66 27 några
352 988 67 21 andra
435 989 124 26 paragrafer
575 995 47 14 man
640 988 116 27 ingalunda
772 988 57 20 visar
845 995 81 14 samma
941 987 72 21 ömhet

188 1023 34 15 om
242 1017 135 27 sjömannen,
395 1023 46 14 som
458 1023 48 14 man
523 1019 45 18 tror
584 1017 32 27 sig
633 1017 44 20 visa
694 1017 4 20 i
715 1018 27 20 62
758 1017 18 27 $.
809 1016 42 21 Det
867 1018 24 19 är
906 1017 105 26 nemligen

188 1046 44 24 här,
249 1045 38 21 der
299 1045 37 20 det
352 1047 23 18 är
389 1045 61 27 fräga
467 1052 32 13 om
515 1045 102 21 redarens
634 1045 104 27 rättighet
752 1047 111 25 gentemot
879 1046 134 26 sjömannen,

188 1074 76 20 liksom
287 1073 6 20 i
318 1074 26 26 88
367 1074 26 20 75
414 1073 39 21 och
471 1074 33 26 78,
520 1074 37 20 der
573 1073 37 21 det
626 1073 77 21 blifver
719 1074 58 27 fräga
794 1080 32 13 om
844 1072 101 21 redarens
961 1080 50 20 pen-

188 1102 130 27 ningepung,
335 1108 34 14 om
386 1102 103 21 redarens
505 1101 119 28 penningar
638 1102 115 27 uppvägde
764 1104 46 18 mot
820 1101 137 28 sjömannens
969 1101 43 28 lyd-

188 1130 48 26 nad,
253 1129 38 22 der
307 1131 38 20 har
361 1137 48 14 man
426 1130 55 21 varit
497 1130 95 21 särdeles
608 1129 121 28 ömhjertad
740 1132 58 19 emot
809 1131 132 26 sjömannen.
967 1129 46 22 Här

188 1160 23 19 är
234 1158 107 27 nemligen
365 1159 84 27 tillagdt
466 1159 5 20 i
487 1159 119 20 utskottets
622 1158 137 21 betänkande
776 1159 32 20 till
823 1158 78 27 nädiga
917 1159 95 26 proposi-

186 1187 85 21 tionens
287 1186 93 27 lydelse:
404 1203 12 10 ,,
418 1187 34 20 må
472 1187 47 21 icke
538 1187 145 27 utsträckas',
700 1189 48 24 ,mä
764 1187 5 20 i
786 1187 116 20 allmänhet
917 1187 48 21 icke
980 1189 33 18 ut-

187 1216 118 21 sträckas".
336 1215 43 28 Jag
402 1215 80 21 undrar
505 1216 54 20 hvad
583 1215 113 28 betydelse
712 1215 60 22 detta
788 1215 120 28 stadgande
924 1215 41 21 kan
981 1223 31 13 er-

187 1244 65 27 hålla;
268 1244 63 20 bvem
347 1245 24 20 är
386 1245 37 20 det
438 1251 46 14 som
501 1244 52 21 skall
570 1244 82 27 afgöra,
667 1245 38 20 när
716 1244 36 21 det
763 1244 54 21 skall
828 1244 122 21 utsträckas
961 1244 52 21 eller

187 1272 61 21 icke?
265 1272 56 21 hvad
338 1279 74 14 menar
427 1279 49 14 man
492 1273 48 20 med
557 1275 31 18 att
604 1272 123 28 skyldighet
743 1273 5 20 i
765 1272 116 21 allmänhet
895 1272 48 21 icke
959 1272 53 21 skall

187 1301 138 21 utsträckas?
348 1301 61 21 hvem
426 1301 54 20 skall
495 1301 74 27 afgöra
585 1308 35 14 om
636 1301 152 28 undantagen?
814 1301 43 20 För
873 1301 43 21 min
931 1301 34 20 del
981 1301 32 20 får

184 1330 39 27 jag
238 1329 159 22 vördsammast
412 1329 61 28 yrka,
489 1331 31 19 att
534 1329 116 28 höglofliga
661 1329 150 28 ridderskapet
822 1329 39 22 och
873 1329 61 21 adeln
947 1330 66 20 måtte

188 1358 84 21 besluta
286 1360 33 18 att
335 1358 44 21 låta
394 1358 62 21 ordet
472 1358 20 25 ,i
507 1358 130 21 allmänhet"
654 1359 51 27 utgå
720 1358 47 21 från
784 1358 152 21 betänkandet.

255 1386 58 21 Herr
328 1386 125 28 Pipping,
471 1386 124 21 Fredrik:
612 1387 70 20 Slutet
698 1387 24 20 af
736 1387 12 28 8
764 1387 28 20 69
808 1387 70 27 lyder:
895 1386 61 26 ,,Har
971 1386 40 20 han

186 1415 145 28 uttryckligen
348 1415 109 21 förbundit
469 1415 32 28 sig
512 1415 30 21 till
554 1415 74 27 längre
639 1415 119 28 tjenstetid,
768 1415 57 28 gälle
835 1415 57 21 hvad
903 1415 109 21 öfverens-

187 1443 96 21 kommet
299 1444 30 26 är,
345 1443 56 21 dock
417 1444 35 20 må
468 1443 40 21 han
525 1443 20 27 ej
561 1443 7 20 i
584 1444 67 27 något
662 1443 35 21 fall
709 1443 87 21 hindras
808 1445 32 19 att
849 1444 98 26 uppsäga
958 1443 54 27 tjen-

186 1474 48 18 sten
251 1472 39 20 och
307 1472 63 20 träda
385 1472 72 26 derur,
473 1472 64 20 sedan
555 1476 31 17 tre
602 1473 23 19 år
641 1472 54 21 ifrån
712 1472 177 28 påmönstringen
901 1472 112 20 förflutit".

186 1500 95 20 Emedan
306 1500 60 21 detta
389 1500 118 28 stadgande
530 1502 64 26 utgör
615 1502 31 18 ett
668 1500 111 28 undantag
798 1500 46 21 från
862 1500 127 27 stadgandet
1007 1500 5 20 i
