1134 1803
447 116 37 16 Den
498 118 20 14 23
533 114 41 22 Maj.
854 114 41 21 275

101 171 35 21 års
151 171 125 27 förordning
292 179 44 13 som
353 172 123 26 innehåller,
493 175 30 17 att
539 172 73 27 frågan
630 179 33 13 om
680 172 91 26 ändring
787 172 5 20 i
810 172 39 20 den
865 171 57 21 iför-

102 200 118 28 ordningen
245 200 110 21 bestämda
374 200 107 28 ställning,
500 201 59 20 hvari
576 200 132 21 statsverket
724 201 44 19 står
784 200 31 20 till
833 200 90 25 banken,

103 228 63 21 beror
182 229 26 27 pä
226 228 59 21 Hans
302 228 106 28 Majestät,
425 230 38 19 och
480 229 73 27 ogillar
570 229 91 26 derföre,
677 230 32 19 att
725 228 198 26 bankfullmäktige,

103 258 69 20 säsom
190 257 36 21 det
243 257 66 27 heter,
325 257 7 20 i
347 257 104 27 förslaget
467 258 64 20 infört
548 260 31 18 ett
594 258 84 26 ganska
692 258 50 20 kort
758 264 47 13 men
818 256 106 21 bestämdt

102 285 145 21 förordnande
266 292 32 14 om
315 292 25 14 en
357 286 64 20 sädan
438 286 130 27 förändring.
598 285 43 27 Jag
658 286 38 20 ber
712 286 31 20 till
759 292 25 14 en
802 285 73 27 början
893 287 31 18 att

103 314 21 21 få
140 314 76 26 erinra,
234 315 31 19 att
281 314 36 20 det
332 314 6 20 i
354 315 12 19 4
383 314 12 26 &
411 314 23 20 af
447 314 235 27 reglementsförslaget
697 314 87 27 intagna
797 313 127 28 stadgandet

103 342 47 21 icke
175 344 23 19 är
222 345 64 17 annat
309 344 25 18 än
358 344 31 19 ctt
411 342 86 27 förslag,
517 343 40 20 och
573 350 34 13 om
624 342 36 20 det
676 344 23 19 är
715 343 49 20 kort
780 342 104 23 affattadt,
901 342 24 20 sä

104 371 38 20 har
163 371 38 26 jag
224 370 104 21 förklarat
351 371 91 20 orsaken
465 371 76 26 dertill,
560 370 107 28 nemligen
684 373 32 18 att
733 371 191 26 bankfullmäktige

104 399 48 21 icke
168 401 72 18 ansett
256 399 31 27 sig
304 399 51 20 böra
370 399 49 28 ingä
435 399 27 27 pä
478 400 65 27 nägra
558 399 91 28 detaljer
667 399 3 20 i
687 399 68 20 denna
773 399 45 20 sak.
849 399 76 20 Detär

104 427 106 28 nemligen
228 427 119 28 uppenbart
363 427 22 21 af
402 428 21 20 11
441 428 12 27 $
469 428 6 20 i
488 428 53 21 1867
553 429 33 19 års
604 427 76 28 nådiga
694 428 132 27 förordning,
842 430 31 17 att
884 427 39 20 alla

103 456 161 27 bestämningar
286 463 34 13 om
335 456 157 27 förvaltningen
513 457 22 20 af
553 456 143 21 statsverkets
716 456 76 20 fonder
808 458 38 18 äro
863 455 60 20 Hans

105 485 113 27 Majestäts
235 485 65 20 ensak
317 484 38 21 och
372 486 31 19 att
419 485 85 20 banken
520 487 23 18 är
554 485 122 25 framdeles,
687 485 77 20 liksom
776 485 81 25 hittills,
869 483 56 28 skyl-

104 514 36 27 dig
156 515 32 18 att
204 513 121 20 handhafva
340 513 158 27 förvaltningen
515 514 22 20 af
552 513 64 21 dessa
632 513 81 26 fonder,
730 513 53 20 intill
800 513 47 20 dess
866 512 58 21 Hans

106 541 103 28 Majestät
230 541 67 20 finner
313 541 45 20 skäl
374 542 133 20 annorlunda
523 542 89 20 besluta.
644 541 43 21 Det
703 542 53 20 hade
773 541 83 21 derföre
874 541 51 20 kun-

106 573 36 17 nat
158 570 111 20 betraktas
285 571 70 19 säsom
371 572 32 18 ett
419 570 175 20 öfverskridande
610 571 22 19 af
647 571 203 25 bankfullmäktiges
868 570 57 20 befo-

105 598 79 28 genhet
208 600 32 18 att
262 598 65 20 inläta
349 598 33 28 sig
401 598 27 27 pä
447 600 32 18 ett
494 600 99 19 närmare
609 598 125 28 reglerande
751 598 23 21 af
788 599 36 20 det
839 598 87 21 förvalt-

105 627 113 27 ningssätt,
242 633 44 14 som
310 626 114 21 fondernas
445 626 105 28 skiljande
574 627 44 20 frän
639 627 84 20 banken
740 627 68 20 skulle
824 627 102 20 medföra.

106 655 82 21 Endast
204 655 102 27 beloppet
322 655 23 20 af
358 655 37 21 det
410 655 80 27 anslag,
507 663 45 13 som
570 656 84 20 banken
670 656 32 20 för
718 656 122 20 ändamålet
856 655 70 20 kunde

105 684 97 27 erbjuda,
227 684 70 20 kunde
320 684 65 20 blifva
408 683 88 21 föremål
519 684 33 20 för
572 691 24 13 en
614 684 134 27 bestämning
764 684 5 20 i
785 684 142 20 förevarande

105 712 87 27 förslag.
224 711 63 21 Hade
305 712 36 20 det
360 712 47 20 icke
428 712 54 20 varit
498 712 132 27 nödvändigt
647 715 31 17 att
694 713 101 26 stipulera
812 714 65 25 nägot
893 718 33 13 om

106 741 61 20 detta
182 740 82 27 anslag,
280 741 23 19 sä
319 740 67 20 skulle
402 740 192 27 bankfullmäktige
610 741 58 26 gjort
684 741 46 20 bäst
746 741 30 20 uti
788 743 32 18 att
831 741 37 20 alls
880 740 47 21 icke

106 770 73 25 intaga
195 770 32 19 ett
243 768 75 21 sådant
334 769 125 27 stadgande.
492 769 197 27 Bankfullmäktige
705 775 51 14 voro
767 769 62 20 äfven
842 769 86 27 mycket

107 797 111 27 villrådige
242 804 33 13 om
298 797 81 20 formen
402 797 52 20 huru
472 797 69 21 denna
558 797 80 27 vigtiga
654 797 123 27 förändring
793 798 68 20 skulle
878 797 49 20 inle-

106 826 46 26 das,
168 833 33 13 om
220 826 26 24 pä
262 827 42 18 sätt
320 832 27 13 nu
363 826 58 20 skett
437 825 50 21 eller
504 826 100 20 särskildt
620 826 6 20 i
638 825 40 21 den
697 825 119 27 skrifvelse,
828 825 100 20 hvarmed

107 854 233 27 reglementsförslaget
364 854 31 20 till
418 854 116 21 ständerna
556 854 176 26 öfverlemnades,
754 861 46 14 men
822 855 26 20 dä
863 854 65 21 bank-

107 883 134 26 fullmäktige
256 882 47 21 icke
321 882 53 21 hade
390 883 6 20 i
412 883 99 27 uppdrag
527 885 65 18 annat
608 885 25 18 än
650 885 31 18 att
697 883 98 20 utarbeta
807 883 80 26 förslag
898 882 30 21 till

108 911 132 27 reglemente
259 911 32 20 för
307 911 92 26 banken,
416 911 58 20 hvari
491 912 67 27 enligt
575 911 201 27 bankfullmäktiges
792 911 138 27 uppfattning

107 940 48 20 icke
179 940 66 27 något
268 941 65 18 annat
351 941 25 18 än
394 939 162 28 anslagsfrågan
574 940 66 20 borde
656 940 94 25 beröras,
765 941 23 19 så
804 939 126 21 inskränkte

108 969 33 26 sig
165 967 190 28 bankfullmäktige
379 968 31 20 till
431 968 35 20 det
482 968 158 21 omnämnande
656 969 22 20 af
692 968 96 27 anslaget
803 975 46 13 som
865 967 66 26 skett,

108 997 40 20 och
165 996 82 20 hvilket
265 996 125 21 förutsätter
407 998 31 19 att
454 997 135 27 regeringen,
605 997 63 20 innan
685 997 39 20 den
742 996 94 21 besluter
851 997 32 26 sig
899 999 32 17 att

108 1025 106 20 stadfästa
237 1025 108 26 förslaget,
369 1025 97 26 vidtager
490 1025 27 20 de
540 1025 108 28 åtgärder,
674 1025 71 20 hvilka
764 1025 72 20 derför
858 1026 36 19 äro
911 1024 22 21 af

109 1053 77 21 nöden.
220 1053 41 20 Det
284 1055 23 17 är
331 1053 141 27 obestridligt,
497 1056 32 18 att
549 1054 84 20 banken
653 1055 23 19 är
692 1053 84 27 skyldig
792 1055 32 18 att
840 1053 93 20 förvalta

108 1082 145 20 statsverkets
269 1080 75 21 fonder
359 1082 40 19 och
420 1084 31 17 att
470 1082 92 25 banken,
582 1082 72 20 derest
670 1082 39 19 den
726 1082 78 20 önskar
821 1088 25 13 en
862 1081 70 20 förän-

109 1110 63 26 dring
194 1110 6 19 i
221 1109 36 20 det
280 1110 132 20 närvarande
432 1110 216 27 förvaltningssättet,
664 1109 32 22 får
712 1110 131 20 underkasta
858 1110 33 27 sig
906 1109 27 20 de

109 1138 128 27 fordringar,
257 1144 45 13 som
319 1139 132 20 statsverket
471 1139 68 20 finner
556 1138 74 27 nödigt
646 1138 105 28 uppställa
767 1138 32 21 för
816 1138 117 27 separatio-

110 1173 47 14 nen.
190 1166 47 20 Men
262 1166 115 21 ständerna
401 1167 71 20 kunna
497 1167 135 27 naturligtvis
654 1167 46 21 från
721 1167 61 20 deras
796 1167 46 20 sida
858 1167 76 25 bringa

110 1195 74 27 frågan
209 1194 31 21 till
264 1195 40 20 tals
328 1195 39 20 och
391 1195 86 27 angifva
500 1195 57 21 hvad
579 1195 26 20 de
628 1195 23 21 af
668 1195 96 21 bankens
790 1195 68 20 medel
878 1195 57 20 finna

110 1223 80 28 skäligt
213 1223 105 27 uppoffra,
342 1223 33 20 för
398 1225 32 18 att
449 1224 124 20 underlätta
589 1223 153 28 skiljsmessan.
773 1223 66 20 Detta
855 1223 33 20 för
904 1225 31 18 att

112 1253 86 19 bemöta
222 1251 55 21 hvad
296 1251 49 20 herr
365 1259 41 13 von
423 1252 73 27 Trapp
515 1254 63 25 säger
594 1259 32 13 om
644 1255 31 18 att
692 1252 191 26 bankfullmäktige
899 1258 36 20 ge-

111 1287 48 14 nom
178 1282 31 19 att
224 1280 79 20 föreslå
318 1280 164 27 ifrågavarande
499 1281 119 27 stadgande
634 1281 136 20 öfverskridit
786 1281 31 20 sin
836 1280 99 27 befogen-

113 1309 42 25 het,
172 1309 52 20 eller
244 1310 32 19 att
291 1309 115 20 ständerna
422 1309 69 20 skulle
508 1309 134 20 öfverskrida
658 1310 32 19 sin
707 1309 137 26 befogenhet,
861 1315 32 14 om
911 1309 26 19 de

112 1339 78 25 antoge
214 1337 125 20 detsamma.
371 1338 40 19 Att
434 1337 196 28 bankfullmäktige
650 1338 34 20 vid
704 1337 155 26 motiveringen
880 1337 57 20 hållit

112 1367 33 26 sig
161 1366 77 20 endast
255 1365 29 20 till
301 1365 96 21 bankens
414 1366 99 25 intresse,
531 1367 22 19 är
570 1366 86 20 alldeles
674 1366 80 27 riktigt,
770 1366 38 20 och
826 1372 111 13 reservan-

113 1397 47 18 tens
183 1394 138 25 förebråelse,
345 1396 32 18 att
400 1394 113 27 ingenting
534 1396 59 25 sagts
612 1401 32 14 om
662 1395 54 19 hvad
733 1394 137 27 regeringens
887 1394 51 19 eller

113 1422 240 27 finansförvaltningens
369 1422 67 20 fördel
454 1423 91 25 fordrar,
557 1429 64 20 synes
634 1423 42 26 mig
687 1430 50 13 vara
749 1422 128 25 fullkomligt
889 1421 50 20 obe-

113 1451 71 27 fogad,
208 1452 22 25 ty
247 1452 126 25 regeringen
391 1451 38 19 bör
445 1450 48 21 bäst
511 1451 52 27 sjelf
578 1451 69 20 känna
663 1451 54 19 hvad
734 1450 48 20 dess
798 1450 67 20 fördel
883 1448 56 21 kräf-

114 1486 36 13 ver
167 1479 38 20 och
222 1479 42 19 kan
281 1479 47 20 med
348 1478 115 27 anledning
479 1478 64 21 deraf
557 1479 51 26 sjelf
622 1479 82 20 besluta
720 1479 39 27 sig.
789 1479 43 25 Jag
848 1480 43 18 tror
907 1477 33 19 för

113 1508 41 19 min
175 1507 41 25 del,
235 1507 39 19 och
294 1508 38 19 bra
348 1508 78 26 många
443 1506 62 21 torde
524 1507 48 20 dela
588 1508 67 19 denna
673 1508 61 26 åsigt,
750 1514 44 13 som
812 1506 127 25 visserligen

841 1544 30 18 18"
