1134 1803
440 140 38 15 Den
492 140 19 15 21
527 139 42 20 Maj.
850 139 41 21 255

94 202 38 14 ner
154 196 46 20 från
221 197 31 19 att
271 196 76 26 utgöra
363 195 58 21 skatt
438 195 30 21 till
485 195 83 26 staden,
586 195 67 21 ehuru
670 194 26 22 de
712 195 56 21 dock
785 195 85 22 komma
886 197 32 19 att

94 224 71 20 betala
181 224 77 20 allmän
275 224 122 27 bevillning.

163 252 58 21 Utan
238 252 121 20 diskussion
375 254 77 26 antogs
468 252 11 27 &
496 252 34 20 54.

162 281 11 21 I
189 280 102 22 afseende
306 281 12 21 &
333 281 27 21 55
376 281 12 27 8
404 281 65 20 erhöll

164 309 101 21 Friherre
281 316 45 14 von
343 309 72 21 Troil
432 310 27 26 på
475 310 93 26 begäran
586 310 61 20 ordet
663 309 39 21 och
718 310 96 27 yttrade:
831 310 45 21 Mot
891 310 27 20 55

95 339 12 26 8
130 338 69 21 skulle
220 338 39 27 jag
282 338 109 25 anmärka,
415 340 38 24 att,
469 339 28 20 då
515 338 108 21 utskottet
639 338 31 20 uti
687 338 119 21 motiverna
821 338 31 22 till
868 338 50 21 den-

95 373 81 14 samma
192 366 115 21 framhållit
322 367 71 20 såsom
409 367 90 27 princip,
513 368 32 19 att
561 366 242 28 kommunalbevillning
818 367 47 21 icke
877 367 41 21 kan

95 396 89 26 utgöras
200 395 56 20 efter
272 401 80 14 samma
367 395 77 28 grund,
461 402 45 14 som
523 395 77 20 allmän
617 395 219 28 inkomstbevillning,
852 395 67 28 enligt

96 423 85 21 hvilken
198 423 131 21 sistnämnde
345 430 26 14 en
388 430 89 21 persons
493 423 42 22 alla
551 423 119 21 inkomster
687 423 60 21 skola
762 424 129 27 uppskattas
907 425 12 20 å

96 452 39 21 den
160 454 40 23 ort,
224 451 38 22 der
285 451 39 21 han
349 453 23 20 är
387 452 195 27 mantalsskrifven,
598 452 109 21 utskottet
722 452 47 21 icke
786 452 133 29 konseqvent

96 481 122 27 genomfört
234 481 69 20 denna
319 481 31 20 sin
367 481 83 27 princip
467 481 56 20 hvad
535 481 102 20 beträffar
648 481 56 26 dem,
715 487 45 14 som
774 481 3 20 i
790 481 129 20 kommunen

96 509 63 21 hafva
168 509 37 21 sitt
217 509 27 21 bo
255 509 39 21 och
304 509 98 26 hemvist,
411 516 47 14 men
466 509 81 28 jemväl
555 509 116 21 innehafva
680 509 102 27 fastighet
790 510 53 20 eller
851 509 68 21 drifva

96 538 76 27 näring
190 539 13 20 å
218 545 69 14 annan
305 539 40 26 ort,
356 540 22 25 ty
391 538 27 21 då
429 537 69 22 denna
510 537 102 28 paragraf
620 537 124 27 innehåller,
757 540 32 19 att
800 538 119 27 taxerings-

96 567 115 25 nämnden,
227 567 6 20 i
250 567 101 20 händelse
367 573 25 14 en
410 573 77 20 person
509 567 56 20 inom
583 566 130 21 kommunen
730 566 38 20 har
784 567 36 20 sitt
838 567 25 20 bo
880 566 39 21 och

97 595 100 26 hemvist,
217 595 38 20 bör
271 597 76 18 taxera
363 595 70 21 denna
448 602 90 20 persons
551 594 120 22 inkomster
682 594 23 21 af
714 594 41 27 lön,
768 595 87 27 pension
869 594 52 22 eller

97 624 69 20 andra
184 624 120 27 tillgångar,
319 624 69 20 måste
401 624 38 28 jag
455 623 48 21 med
520 623 66 21 andra
597 623 115 28 tillgångar
722 623 67 22 förstå
800 624 53 20 både
865 624 55 20 fasta

96 653 40 21 och
152 652 45 20 lösa
208 652 120 28 tillgångar,
339 652 20 21 d.
371 660 20 13 v.
403 660 16 13 s.
431 652 62 21 äfven
505 652 87 26 sådana,
604 658 46 14 som
661 652 69 20 finnas
741 652 27 27 på
779 652 65 21 andra
855 654 65 22 orter,

98 682 86 20 hvarest
200 680 91 21 särskild
307 681 100 27 taxering
423 681 32 21 för
470 681 104 27 fastighet
590 680 40 21 och
645 680 76 28 näring
732 680 61 22 äfven
805 687 51 21 eger
867 687 52 14 rum.

98 710 34 20 Då
147 709 37 21 det
200 710 30 19 uti
246 709 71 20 denna
333 710 11 26 $
361 710 72 20 heter:
448 709 233 27 ,,taxeringsnämnden
692 709 72 20 tillhör
774 711 32 19 att
816 713 104 17 samvets-

98 740 63 26 grant
176 737 116 28 uppskatta
307 737 40 21 den
358 737 101 27 inkomst,
471 737 74 28 hvarje
557 737 91 21 medlem
659 738 23 20 af
691 737 128 21 kommunen
832 738 39 20 kan
885 744 35 13 an-

98 773 35 14 ses
142 766 69 21 under
222 767 47 20 året
281 766 59 27 njuta
351 767 23 20 af
381 767 103 26 fastighet
496 766 56 21 inom
564 766 76 21 staden
652 766 52 21 eller
712 766 56 21 inom
778 766 48 21 dess
835 765 86 22 område

99 796 22 20 af
143 795 31 20 sin
199 795 110 20 derstädes
326 795 77 20 idkade
419 795 75 27 näring
514 795 51 20 eller
586 795 80 20 rörelse
682 797 63 23 samt,
762 795 23 20 så
800 795 64 20 framt
880 795 41 20 han

99 825 56 20 inom
180 824 128 20 kommunen
333 824 38 20 har
394 824 37 20 sitt
451 824 26 20 bo
499 823 39 21 och
554 823 100 26 hemvist,
671 823 23 20 af
707 823 41 26 lön,
765 823 87 27 pension
869 822 52 21 eller

99 852 67 21 andra
185 852 126 27 tillgångar"
332 855 49 18 utan
402 854 31 19 att
449 852 83 21 skilnad
548 853 70 26 göres,
635 859 34 13 om
685 851 27 21 de
728 852 141 27 tillgängarne
884 852 37 19 äro

100 882 27 27 på
142 881 72 20 landet
230 880 51 21 eller
297 881 5 20 i
319 881 81 26 staden,
416 881 46 20 från
479 881 42 20 fast
536 880 105 28 egendom
658 880 51 21 eller
725 881 81 27 näring,
822 881 55 20 samt
889 886 32 14 or-

100 911 36 19 det
160 925 4 8 ,
167 909 131 25 derstädes'*
318 909 115 28 ingalunda
450 910 40 19 kan
508 909 100 20 hänföras
624 909 31 20 till
672 909 135 26 eftersatsen,
824 915 44 14 som
885 908 36 21 be-

101 938 88 21 handlar
209 937 113 28 tillgängar
345 939 4 19 i
370 938 121 26 allmänhet,
511 937 68 21 skulle
596 938 39 27 jag
650 944 52 14 anse
718 939 31 19 ett
764 937 158 28 förtydligande

101 967 61 20 häraf
176 973 51 14 vara
242 966 24 21 af
279 967 75 25 nöden,
371 967 6 19 i
393 967 82 20 hvilket
490 966 102 21 afseende
605 967 39 26 jag
654 966 97 26 föreslår,
762 968 32 19 att
805 965 55 21 efter
871 972 51 18 ,,an-

101 995 38 21 dra
155 995 129 27 tillgängar'*
297 995 69 20 skulle
382 997 15 18 t.
413 1002 34 13 ex.
464 996 67 19 sättas
548 995 66 20 orden
632 995 20 26 ,,i
668 995 96 20 staden".
794 994 80 21 Vidare
885 994 38 20 har

99 1025 37 27 jag
152 1024 6 20 i
174 1023 65 21 slutet
259 1024 23 20 af
296 1023 127 28 paragrafen
439 1024 108 27 förgäfves
563 1023 51 20 sökt
629 1025 31 19 ett
676 1023 130 28 väsendtligt
822 1024 101 22 moment,

102 1059 45 14 som
170 1052 62 27 eljest
256 1052 55 20 dock
333 1053 75 26 plägar
427 1052 109 27 iakttagas
553 1052 34 20 vid
604 1051 74 27 hvarje
695 1052 105 26 taxering,
816 1051 106 27 nemligen

102 1083 31 18 att
156 1080 48 26 den,
228 1080 62 20 hvars
313 1080 93 21 inkomst
429 1082 94 23 taxeras,
547 1080 39 20 bör
604 1080 21 20 fä
645 1080 129 27 hänvisning
788 1080 55 19 huru
859 1079 41 20 han
917 1079 5 20 i

102 1109 126 27 taxeringen
244 1108 53 21 skall
313 1109 53 20 söka
382 1108 96 27 ändring,
490 1115 34 14 om
537 1108 40 21 han
590 1108 68 21 finner
668 1109 124 26 taxeringen
805 1114 51 14 vara
867 1107 56 20 orik-

103 1138 30 27 tig
148 1137 40 21 och
204 1137 112 27 obefogad.
347 1137 61 20 Huru
426 1138 76 19 besvär
518 1137 60 20 öfver
594 1137 140 27 debiterings-
750 1137 38 20 och
805 1135 118 28 uppbörds-

103 1166 90 27 längden
217 1166 21 20 få
257 1165 93 26 anföras,
366 1165 145 21 förekommer
527 1165 33 21 väl
576 1165 115 21 framdeles
707 1165 30 20 uti
754 1165 12 27 8
782 1165 34 26 63,
832 1171 48 14 men
897 1163 28 22 dä

103 1195 37 20 det
155 1196 24 19 är
195 1194 112 27 påtagligt,
323 1196 32 19 att
366 1194 143 27 debiterings-
519 1194 39 21 och
570 1193 201 28 uppbördslängden
784 1195 23 18 är
818 1193 107 28 uppgjord

102 1224 6 20 i
124 1223 223 20 öfverensstämmelse
371 1223 49 20 med
440 1223 203 27 taxeringslängden
668 1223 39 20 och
721 1221 202 28 taxeringslängden

101 1253 45 26 just
162 1253 24 19 är
204 1251 36 20 det
260 1251 170 28 hufvudsakliga,
450 1253 58 19 emot
526 1251 81 20 hvilket
623 1251 77 20 besvär
716 1251 60 20 torde
792 1251 85 20 komma
893 1251 32 19 att

104 1280 92 25 anföras,
209 1286 64 14 anser
285 1280 38 27 jag
339 1282 30 18 ett
386 1280 73 27 tillägg
473 1280 6 20 i
497 1280 36 20 det
549 1279 63 28 syfte,
629 1279 53 21 huru
699 1287 47 13 man
758 1279 53 21 skall
823 1279 53 20 söka
887 1279 37 20 än-

103 1309 63 27 dring
180 1309 6 19 i
203 1308 106 27 taxering,
326 1309 51 20 böra
393 1309 30 20 uti
439 1309 70 20 denna
526 1308 101 28 paragraf
641 1308 56 27 ingå.

175 1336 55 21 Ilerr
246 1337 165 27 Lagerborg,
427 1337 111 20 Robert:
554 1337 34 20 Då
599 1336 165 28 uppräknandet
775 1336 23 21 af
807 1336 62 20 dessa
881 1336 44 20 sär-

104 1365 69 21 skilda
188 1365 159 21 inkomsttitlar:
362 1365 41 27 lön,
420 1365 90 28 pension
526 1365 53 21 eller
590 1365 67 21 andra
667 1365 113 28 tillgångar
791 1365 46 20 åter
848 1370 77 21 uppre-

105 1401 44 20 pas,
166 1394 89 20 likasom
271 1393 36 21 det
323 1394 50 20 sker
389 1394 5 20 i
411 1394 180 27 nästföregående
607 1394 102 27 paragraf
722 1394 39 20 och
777 1393 31 20 uti
824 1393 40 20 den
875 1392 51 27 53
915 1388 14 37 8

105 1425 55 18 samt
175 1423 62 20 äfven
255 1429 107 21 upprepas
374 1423 4 20 i
391 1423 26 20 56
429 1423 18 26 &,
459 1422 62 21 torde
533 1422 37 21 det
582 1429 50 14 vara
643 1423 85 26 tydligt,
740 1424 30 18 att
782 1422 145 26 tillgångarne

105 1451 38 20 bär
154 1452 36 18 äro
202 1450 103 28 liktydiga
317 1450 47 20 med
376 1457 68 14 annan
455 1450 48 21 icke
515 1450 77 21 nämnd
604 1450 94 21 inkomst
709 1450 5 20 i
728 1450 10 26 $
747 1451 33 25 56,
792 1450 39 20 och
843 1448 83 21 utskot-

106 1481 30 18 tet
153 1479 38 20 har
207 1479 48 20 med
272 1481 31 18 att
318 1479 47 20 icke
381 1479 109 27 precisera
506 1480 69 26 någon
588 1479 149 20 bestämmelse
746 1479 44 27 just
802 1478 57 21 velat
870 1476 56 20 före-

106 1508 85 20 komma
207 1507 39 20 den
264 1507 164 27 omständighet,
445 1509 32 19 att
493 1514 25 14 en
536 1514 76 20 person
629 1506 69 21 skulle
713 1507 65 20 blifva
794 1504 89 23 taxerad
894 1504 33 21 för

107 1536 87 25 pension
219 1536 25 25 på
267 1536 50 19 flere
340 1538 63 17 orter.
436 1536 42 19 Det
502 1536 106 20 förefaller
632 1536 49 26 mig,
700 1542 45 13 som
766 1542 34 13 om
820 1534 35 21 det
873 1539 52 15 vore
