1134 1803
445 118 39 16 Den
499 119 20 15 18
532 118 43 21 Maj.
850 118 39 20 195

93 175 85 28 ganden
201 174 67 22 borde
291 174 95 21 utfärdas
411 175 70 20 såsom
505 181 24 14 en
554 174 56 21 enda
624 174 132 27 förordning,
772 174 146 22 innefattande

94 204 74 27 tillägg
187 203 40 21 och
246 203 150 27 förändringar
419 203 31 20 till
474 203 77 27 nådiga
574 202 153 28 förordningen
742 203 24 20 af
779 203 40 21 den
836 204 26 20 24
878 204 40 21 Fe-

97 232 71 21 bruari
187 232 54 20 1868
257 232 110 26 angående
385 231 77 21 handel
478 231 39 21 och
533 231 100 27 näringar
649 231 6 20 i
670 231 99 27 Finland,
782 235 54 17 samt
848 234 31 19 att
890 232 30 20 äf-

96 267 39 14 ven
160 261 40 20 den
220 260 22 21 af
260 260 97 27 samtliga
373 260 90 20 stånden
480 259 35 21 vid
531 260 70 20 denna
617 260 101 26 landtdag
735 260 96 21 beslutna
849 261 69 20 förän-

96 289 90 27 dringen
204 288 24 22 af
244 289 28 20 20
287 288 12 27 8
317 288 6 20 i
341 288 66 28 sagda
423 288 76 27 nådiga
515 288 127 27 förordning
658 288 68 21 skulle
742 288 5 20 i
764 288 40 21 den
821 296 42 21 nya
879 289 41 20 för-

96 318 118 27 ordningen
231 317 94 27 intagas;

165 349 32 18 att
220 345 115 28 godkänna
357 344 106 21 allmänna
485 344 209 21 besvärsutskottets
711 345 156 22 betänkande
859 340 12 37 i
884 353 36 13 an-

97 374 87 27 ledning
206 374 24 20 af
247 374 64 20 väckt
327 373 89 27 petition
432 373 112 27 angående
559 373 144 27 uppförandet
719 373 23 21 af
755 375 31 19 ett
802 373 118 22 läroverks-

99 403 38 20 hus
151 403 33 20 för
200 402 159 21 normalskolan
375 401 8 20 i
397 401 148 28 Helsingfors;
561 403 56 19 samt

166 433 32 18 att
214 431 31 20 till
262 431 142 26 lagutskottet
420 430 112 21 remittera
547 431 79 26 nådiga
642 430 159 27 propositionen
816 438 34 13 om
862 433 60 18 anta-

100 460 69 27 gande
185 459 23 21 af
222 466 25 14 en
265 459 126 27 författning
406 459 112 27 angående
534 459 121 26 underpant
670 459 5 20 i
695 459 227 28 jernvägsanläggnin-

99 495 38 20 gar
154 488 48 21 med
218 487 70 22 dertill
305 487 94 20 hörande
413 487 42 20 fast
471 487 39 20 och
527 487 31 20 lös
574 487 112 27 egendom.

168 516 106 28 Samtliga
288 516 63 21 dessa
366 515 198 28 protokollsutdrag
583 516 77 26 blefvo,
683 517 70 20 såsom
776 517 48 20 icke
853 516 69 21 föran-

99 545 91 22 ledande
206 545 31 20 till
254 545 68 27 någon
339 544 82 28 åtgärd,
438 544 64 27 lagda
517 545 32 20 till
565 544 161 28 handlingarne.

169 619 138 27 Föredrogos
335 618 40 21 och
403 618 58 21 lades
485 618 105 21 likaledes
613 618 30 21 till
669 618 152 28 handlingarne
847 621 78 19 tvenne

104 648 131 26 skrifvelser,
252 648 39 20 den
304 654 40 14 ena
355 647 54 21 ifrån
421 647 151 27 lagutskottet,
584 648 41 19 den
637 647 64 21 andra
714 648 52 20 ifrån
778 648 147 20 ekonomieut-

102 677 82 20 skottet
201 676 49 21 med
266 676 212 27 tillkännagifvande,
496 678 31 18 att
543 676 93 20 nämnda
652 676 83 20 utskott
747 678 67 20 utsett
826 676 31 21 till
870 676 56 20 leda-

103 706 69 19 möter
194 706 6 19 i
224 706 154 19 sammansatta
398 704 43 26 lag-
457 704 41 21 och
515 704 209 20 ekonomiutskottet
739 705 89 20 friherre
845 704 80 21 Wrede

103 733 39 21 och
160 734 102 20 herrarne
279 732 86 26 Munck,
381 732 101 27 Pipping,
499 732 65 24 Knut,
582 732 128 27 Grotenfelt,
726 733 33 24 N.,
775 733 98 27 Renvall,
885 733 41 20 Ro-

104 769 98 20 sengren,
213 761 107 25 Hallsten,
332 761 131 24 Durchman,
475 761 115 27 Cajander,
602 761 134 27 Gummerus,
748 761 115 27 Molander,
875 761 51 20 Pro-

104 791 59 26 copé,
179 790 115 26 Andersin,
310 789 86 27 Inberg,
413 789 87 20 Stråhle
516 790 39 20 och
572 789 109 28 Lindberg
697 793 54 17 samt
767 790 30 20 till
812 791 115 26 supplean-

105 821 33 18 ter
153 819 102 20 herrarne
271 825 40 14 von
323 817 97 27 Hellens,
431 817 132 25 Ehrnrooth,
575 817 56 27 Carl,
644 818 115 26 Helander,
770 819 72 26 Cleve,
854 818 74 21 Fabri-

106 847 50 27 tius,
172 854 40 13 von
229 846 134 28 Zweigberg,
380 846 57 21 Hahl
454 846 40 20 och
512 846 109 21 Heikkilä.

175 915 109 27 Fördrogs
300 921 26 14 en
342 915 23 20 af
380 915 162 21 vederbörande
558 915 83 20 valmän
660 915 103 20 aflemnad
783 916 55 26 lista,
855 915 77 20 hvaraf

107 944 145 26 inhemtades,
267 945 31 19 att
318 943 136 21 elektorerne
471 943 37 21 vid
523 945 6 19 i
545 944 42 27 dag
602 943 94 21 anstäldt
707 944 32 20 val
751 944 30 20 till
793 944 138 27 suppleanter

108 974 5 19 i
140 972 246 27 expeditionsutskottet
411 973 70 19 utsett
509 972 100 21 herrarne
637 972 129 26 Grotenfelt,
795 973 72 25 Adolf,
891 972 38 20 och

108 1001 111 20 Forsman.

176 1029 58 20 Herr
250 1029 155 20 Grotenfelt
427 1029 114 20 anmärkte
558 1029 85 20 härvid:
660 1029 42 27 Jag
718 1029 94 21 anhåller
828 1031 32 18 att
876 1029 55 20 inför

109 1058 36 20 det
168 1058 115 27 höglofliga
306 1057 86 20 ståndet
415 1057 20 20 få
452 1058 91 25 anmäla,
560 1060 32 17 att
605 1058 38 25 jag
659 1058 67 20 under
741 1058 57 20 förra
814 1057 80 21 hälften
911 1058 22 19 af

108 1086 51 21 Juni
183 1085 76 21 månad
283 1087 24 18 är
329 1087 94 24 tvungen
447 1087 33 18 att
498 1086 70 20 afresa
583 1085 54 20 ifrån
654 1087 60 19 orten
731 1086 38 20 och
786 1085 83 21 således
885 1085 48 20 icke

110 1117 23 18 är
148 1115 6 20 i
170 1114 84 21 tillfälle
269 1116 31 18 att
316 1114 63 27 åtaga
395 1113 43 27 mig
454 1114 122 27 uppdraget
593 1115 27 25 på
636 1115 72 26 längre
724 1114 30 20 tid
770 1115 25 19 än
812 1113 68 21 under
895 1114 35 27 på-

110 1143 82 27 gående
215 1142 108 27 landtdag.
355 1142 43 20 Det
422 1143 23 19 är
469 1142 236 27 tjensteförhällanden,
721 1149 44 14 som
781 1144 53 26 göra
849 1142 37 20 det
901 1142 32 20 för

112 1171 43 27 mig
170 1171 132 27 nödvändigt
318 1173 32 18 att
363 1171 71 20 lemna
450 1175 63 16 orten
529 1171 56 20 inom
601 1171 39 20 den
658 1171 22 20 af
694 1171 42 27 mig
752 1171 104 27 uppgifna
867 1170 66 20 tiden.

179 1199 58 21 Herr
253 1199 122 27 Pipping.
400 1199 115 27 Fridolf,
534 1199 96 28 yttrade:
646 1198 39 22 Att
700 1199 90 28 troligen
807 1199 69 27 dylikt
892 1199 43 20 för-

112 1228 42 25 fall,
178 1235 45 13 som
249 1228 36 20 det
301 1228 22 20 af
343 1227 50 21 herr
412 1227 125 21 Grotenfelt
552 1227 97 26 anförda,
665 1228 71 20 kunde
752 1229 104 26 äberopas
873 1227 22 20 af
909 1227 26 20 de

112 1257 62 20 fleste
190 1256 72 21 ibland
278 1256 97 21 ständets
391 1259 185 24 representanter,
591 1263 48 13 men
652 1258 38 25 att,
702 1263 32 14 om
747 1257 40 20 ock
798 1256 37 20 det
845 1256 32 20 för
886 1256 50 20 herr

113 1285 122 20 Grotenfelt
259 1291 50 14 vore
325 1285 23 20 sä
369 1284 116 27 angeläget
502 1287 31 18 att
549 1291 47 14 resa
614 1285 46 20 bort
678 1285 54 20 efter
748 1285 142 26 landtdagens
907 1284 28 20 af-

114 1313 106 27 slutande,
237 1313 81 21 hvilket
334 1313 108 20 sannolikt
459 1313 20 26 ej
498 1313 96 21 kommer
610 1315 31 18 att
657 1313 85 20 inträffa
757 1314 71 19 förrän
841 1314 5 19 i
858 1313 79 20 medlet

114 1342 23 21 af
151 1342 51 20 Juni
226 1341 83 26 månad,
326 1341 70 21 kunde
412 1341 66 20 likväl
497 1342 48 20 herr
562 1341 122 20 Grotenfelt
703 1342 96 20 ditintills
816 1341 63 21 sköta
902 1341 37 20 det

114 1371 104 27 uppdrag,
235 1377 45 14 som
297 1370 86 20 ständet
398 1369 63 28 gifvit
472 1369 87 22 honom.

182 1399 62 26 Uppä
267 1399 48 20 herr
340 1398 211 21 landtmarskalkens
574 1398 155 27 framställning
752 1399 70 20 beslöt
846 1398 93 25 ständet,

114 1429 33 18 att
173 1427 49 19 herr
242 1427 121 19 Grotenfelt
386 1426 68 20 borde
478 1427 71 20 såsom
574 1427 113 26 suppleant
710 1428 86 26 gvarstä
820 1427 5 19 i
851 1426 88 26 expedi-

116 1455 173 25 tionsutskottet,
308 1455 30 19 till
360 1454 49 20 dess
431 1454 42 20 han
495 1455 23 20 af
533 1455 175 27 tjenstegöromäl
726 1462 50 14 vore
795 1458 94 24 tvungen
909 1456 32 17 att

115 1484 69 20 lemna
200 1483 83 20 staden.

843 1551 33 15 13*
