1095 1767
815 146 39 20 491

133 210 69 21 under
217 210 109 28 uttrycket
338 210 94 27 ,stadigt
442 210 114 27 hemvist";
570 210 42 21 den
623 217 46 14 som
679 210 39 21 har
730 210 71 28 stadig
812 210 73 28 tjenst,

133 238 40 27 har
187 245 35 20 väl
238 245 65 20 också
319 245 81 27 stadigt
414 245 101 20 hemvist.

201 279 33 20 På
253 279 50 20 herr
323 279 213 20 landtmarskalkens
558 279 7 20 i
586 279 97 27 enlighet
702 279 91 20 härmed
808 279 78 27 gjorda

133 313 162 27 framställning
318 313 70 20 skulle
411 312 165 27 ifrågavarande
600 313 11 26 $
631 313 24 20 af
673 313 117 20 utskottets
811 313 74 20 betän-

133 347 71 21 kande
220 347 97 27 undergå
332 347 42 20 den
390 346 99 28 ändring,
501 348 31 19 att
543 346 96 21 derifrån
650 347 70 20 skulle
735 347 53 27 utgå
799 347 20 27 ej
830 347 55 20 min-

134 381 37 20 dre
187 381 78 20 orden:
282 381 51 26 ,och
348 381 75 20 dervid
438 381 85 27 styrker
538 383 31 18 att
579 381 43 20 han
633 381 20 27 ej
665 381 72 20 häftar
747 381 34 20 för
791 381 95 27 oguldna

133 415 202 28 kronoutskylder*,
356 417 27 18 än
404 415 78 21 orden:
506 415 52 26 ,och
579 415 20 27 ej
616 415 58 20 trädt
689 415 6 20 i
710 415 71 28 stadig
797 415 88 27 tjenst*.

468 467 13 20 2
498 466 51 28 kap.

486 501 47 27 82

201 536 86 27 Antogs
307 535 49 20 med
378 535 41 20 den
438 535 24 20 af
475 535 51 20 herr
542 535 78 28 Späre,
636 535 27 20 K.
680 535 43 27 W.,
739 535 76 21 härvid
828 535 57 20 före-

134 570 76 28 slagna
223 569 97 28 ändring,
332 571 32 18 att
375 569 25 21 de
412 569 46 20 deri
471 569 178 21 förekommande
662 569 65 21 orden
741 569 79 26 ,stads-
833 569 53 21 eller

133 605 179 20 landskommun*
328 604 70 21 skulle
415 604 87 27 utbytas
518 606 58 19 emot
591 604 110 27 uttrycket
718 603 138 26 ,kommun*.

485 650 12 26 8
514 650 18 20 3.

202 684 85 27 Antogs
303 683 69 28 enligt
387 684 117 20 utskottets
520 683 145 21 betänkande.

485 730 12 26 8
513 730 19 20 4.

203 758 83 21 Härvid
301 758 86 27 yttrade
403 758 33 27 sig

202 792 59 22 Herr
283 792 163 27 Grotenfelt,
467 792 37 21 A.:
528 792 50 21 Med
598 792 102 21 afseende
721 792 12 20 &
753 792 132 21 bestämnin-

135 834 66 22 garne
221 828 7 20 i
249 827 41 21 den
312 826 23 21 af
354 827 117 21 ständerna
491 827 67 21 redan
574 828 95 26 antagna
683 826 118 21 kriminela
817 826 69 21 öfver-

135 862 135 28 gängslagen
290 861 64 21 utber
371 862 39 27 jag
428 861 45 27 mig
489 862 31 20 att
536 861 22 21 fä
574 860 87 21 förorda
677 861 66 20 sädan
759 860 127 28 förändring

135 896 24 21 af
173 897 12 20 2
201 897 119 20 momentet
335 896 7 20 i
358 896 13 20 4
387 896 21 27 $,
424 897 32 20 att
471 896 28 21 dä
514 896 38 21 der
568 896 70 20 säsom
654 896 129 20 försvarslös
800 895 85 21 beteck-

135 938 39 14 nas
195 931 52 26 den,
267 937 46 14 som
334 930 117 28 undergätt
471 930 141 29 straffarbete,
629 930 71 20 denna
720 930 84 27 påföljd
819 930 67 20 borde

135 965 142 21 föreskrifvas
297 965 33 21 för
351 964 52 27 den,
424 972 46 13 som
492 964 117 28 undergätt
629 964 154 28 tukthusstrajf,
803 964 84 20 hvilket

135 1001 122 19 motsvarar
278 999 36 20 det
335 999 86 21 svärare
442 998 148 27 frihetsstraff,
608 1005 45 14 som
669 998 7 20 i
695 998 103 27 Sveriges
819 998 67 20 brott-

135 1034 93 27 mälslag
247 1033 147 21 förekommer
413 1033 69 21 under
497 1040 66 14 namn
579 1033 24 20 af
616 1032 144 21 straffarbete.
790 1032 11 20 I
816 1032 69 27 fjerde

136 1069 120 20 momentet
271 1068 67 20 borde
354 1067 105 21 likaledes
475 1067 111 28 uttrycket
601 1084 9 11 ,
616 1066 226 29 lifstidsstraffarbete"
853 1067 32 19 ut-

135 1103 64 27 bytas
215 1103 45 19 mot
275 1118 4 10 ,
280 1102 195 28 lifstidstukthus";
488 1102 40 20 och
539 1102 27 20 då
577 1103 63 18 ärans
651 1101 78 20 förlust
741 1100 68 28 enligt
821 1100 65 27 sagde

135 1136 131 27 författning
286 1136 48 20 icke
354 1142 60 14 mera
434 1135 70 21 skulle
526 1135 86 21 komma
631 1136 32 20 att
683 1135 120 25 ådömmas,
820 1134 66 21 borde

137 1171 37 20 det
193 1170 7 20 i
221 1170 69 27 tredje
311 1171 119 19 momentet
449 1169 62 27 heta,
530 1171 31 19 att
581 1169 42 21 den
643 1171 24 18 är
686 1169 139 26 försvarslös,
841 1175 45 14 som

137 1205 71 20 dömts
228 1204 102 27 förlustig
345 1204 172 27 medborgerligt
532 1203 135 27 förtroende,
683 1203 90 21 hvilken
788 1209 99 14 ansvars-

137 1239 84 27 påföljd
236 1239 87 20 komme
339 1240 31 19 att
386 1240 109 19 motsvara
510 1238 42 20 den
568 1238 24 21 af
605 1240 64 18 ärans
685 1237 85 21 förlust.

205 1273 58 20 Herr
279 1273 91 26 Spåre,
386 1272 27 20 K.
429 1272 43 20 W.:
494 1272 72 21 Jemte
587 1272 36 20 det
639 1272 39 27 jag
693 1271 87 21 förenar
795 1271 46 26 mig
856 1271 31 20 uti

137 1307 52 20 herr
210 1306 135 21 Grotenfelts
365 1306 149 27 nyssnämnda
534 1305 149 28 andragande,
699 1305 39 21 ber
751 1305 40 27 jag
804 1306 32 19 att
851 1305 37 20 be-

137 1340 108 21 träffande
260 1341 13 20 4
289 1342 120 19 momentet
424 1340 24 21 af
461 1340 166 28 ifrågavarande
643 1340 12 27 $
670 1340 23 20 få
707 1339 86 28 påpeka
804 1346 27 13 en
841 1338 47 21 deri

137 1375 179 21 förekommande
339 1375 92 27 felaktig
453 1374 122 21 redaktion.
608 1374 44 21 Det
678 1374 63 20 heter
767 1373 120 27 nemligen:

139 1408 66 27 »Varit
221 1408 33 21 för
274 1408 141 26 mordbrand,
438 1408 56 20 stöld
515 1408 53 21 eller
588 1407 81 21 inbrott
689 1407 53 20 eller
758 1407 66 20 annat
839 1406 49 20 med

137 1442 217 21 lifstidsstraffarbete
375 1442 53 21 eller
448 1441 118 22 dödsstraff
585 1441 88 28 belagdt
692 1441 60 20 brott
774 1439 114 28 tilltalad",
