<?xml version="1.0" encoding="UTF-8"?>
<alto xmlns="http://www.loc.gov/standards/alto/ns-v3#" xmlns:xlink="http://www.w3.org/1999/xlink" xmlns:xsi="http://www.w3.org/2001/XMLSchema-instance" xsi:schemaLocation="http://www.loc.gov/standards/alto/ns-v3# http://www.loc.gov/alto/v3/alto-3-0.xsd">
	<Description>
		<MeasurementUnit>pixel</MeasurementUnit>
		<sourceImageInformation>
			<fileName>/tmp/tess_c5ivdz1r_input.PNG</fileName>
		</sourceImageInformation>
		<OCRProcessing ID="OCR_0">
			<ocrProcessingStep>
				<processingSoftware>
					<softwareName>tesseract 5.3.4</softwareName>
				</processingSoftware>
			</ocrProcessingStep>
		</OCRProcessing>
	</Description>
	<Layout>
		<Page WIDTH="1134" HEIGHT="1803" PHYSICAL_IMG_NR="0" ID="page_0">
			<PrintSpace HPOS="0" VPOS="0" WIDTH="1134" HEIGHT="1803">
				<ComposedBlock ID="cblock_0" HPOS="225" VPOS="124" WIDTH="444" HEIGHT="22">
					<TextBlock ID="block_0" HPOS="225" VPOS="124" WIDTH="444" HEIGHT="22">
						<TextLine ID="line_0" HPOS="225" VPOS="124" WIDTH="444" HEIGHT="22">
							<String ID="string_0" HPOS="225" VPOS="124" WIDTH="41" HEIGHT="20" WC="0.96" CONTENT="178"/><SP WIDTH="273" VPOS="124" HPOS="266"/>
							<String ID="string_1" HPOS="539" VPOS="126" WIDTH="39" HEIGHT="15" WC="0.96" CONTENT="Den"/><SP WIDTH="14" VPOS="126" HPOS="578"/>
							<String ID="string_2" HPOS="592" VPOS="126" WIDTH="21" HEIGHT="16" WC="0.96" CONTENT="14"/><SP WIDTH="14" VPOS="126" HPOS="613"/>
							<String ID="string_3" HPOS="627" VPOS="125" WIDTH="42" HEIGHT="21" WC="0.96" CONTENT="Maj."/>
						</TextLine>
					</TextBlock>
				</ComposedBlock>
				<ComposedBlock ID="cblock_1" HPOS="189" VPOS="180" WIDTH="832" HEIGHT="1369">
					<TextBlock ID="block_1" HPOS="194" VPOS="180" WIDTH="827" HEIGHT="200">
						<TextLine ID="line_1" HPOS="195" VPOS="180" WIDTH="826" HEIGHT="30">
							<String ID="string_4" HPOS="195" VPOS="180" WIDTH="70" HEIGHT="22" WC="0.96" CONTENT="lemna"/><SP WIDTH="23" VPOS="180" HPOS="265"/>
							<String ID="string_5" HPOS="288" VPOS="180" WIDTH="26" HEIGHT="21" WC="0.95" CONTENT="de"/><SP WIDTH="19" VPOS="180" HPOS="314"/>
							<String ID="string_6" HPOS="333" VPOS="181" WIDTH="134" HEIGHT="28" WC="0.93" CONTENT="åligganden,"/><SP WIDTH="20" VPOS="181" HPOS="467"/>
							<String ID="string_7" HPOS="487" VPOS="181" WIDTH="89" HEIGHT="21" WC="0.92" CONTENT="hvarom"/><SP WIDTH="19" VPOS="181" HPOS="576"/>
							<String ID="string_8" HPOS="595" VPOS="182" WIDTH="6" HEIGHT="20" WC="0.96" CONTENT="i"/><SP WIDTH="17" VPOS="182" HPOS="601"/>
							<String ID="string_9" HPOS="618" VPOS="182" WIDTH="148" HEIGHT="21" WC="0.93" CONTENT="betänkandet"/><SP WIDTH="16" VPOS="182" HPOS="766"/>
							<String ID="string_10" HPOS="782" VPOS="181" WIDTH="119" HEIGHT="28" WC="0.92" CONTENT="afhandlas,"/><SP WIDTH="16" VPOS="181" HPOS="901"/>
							<String ID="string_11" HPOS="917" VPOS="182" WIDTH="23" HEIGHT="20" WC="0.95" CONTENT="så"/><SP WIDTH="15" VPOS="182" HPOS="940"/>
							<String ID="string_12" HPOS="955" VPOS="182" WIDTH="66" HEIGHT="28" WC="0.95" CONTENT="vågar"/>
						</TextLine>
						<TextLine ID="line_2" HPOS="194" VPOS="208" WIDTH="826" HEIGHT="29">
							<String ID="string_13" HPOS="194" VPOS="210" WIDTH="38" HEIGHT="27" WC="0.95" CONTENT="jag"/><SP WIDTH="15" VPOS="210" HPOS="232"/>
							<String ID="string_14" HPOS="247" VPOS="208" WIDTH="65" HEIGHT="22" WC="0.96" CONTENT="likväl"/><SP WIDTH="16" VPOS="208" HPOS="312"/>
							<String ID="string_15" HPOS="328" VPOS="210" WIDTH="31" HEIGHT="20" WC="0.95" CONTENT="till"/><SP WIDTH="16" VPOS="210" HPOS="359"/>
							<String ID="string_16" HPOS="375" VPOS="210" WIDTH="150" HEIGHT="27" WC="0.96" CONTENT="ridderskapet"/><SP WIDTH="16" VPOS="210" HPOS="525"/>
							<String ID="string_17" HPOS="541" VPOS="210" WIDTH="40" HEIGHT="21" WC="0.96" CONTENT="och"/><SP WIDTH="16" VPOS="210" HPOS="581"/>
							<String ID="string_18" HPOS="597" VPOS="211" WIDTH="61" HEIGHT="21" WC="0.93" CONTENT="adeln"/><SP WIDTH="18" VPOS="211" HPOS="658"/>
							<String ID="string_19" HPOS="676" VPOS="210" WIDTH="119" HEIGHT="27" WC="0.90" CONTENT="hemställa,"/><SP WIDTH="13" VPOS="210" HPOS="795"/>
							<String ID="string_20" HPOS="808" VPOS="218" WIDTH="33" HEIGHT="13" WC="0.97" CONTENT="om"/><SP WIDTH="11" VPOS="218" HPOS="841"/>
							<String ID="string_21" HPOS="852" VPOS="210" WIDTH="48" HEIGHT="22" WC="0.96" CONTENT="icke"/><SP WIDTH="12" VPOS="210" HPOS="900"/>
							<String ID="string_22" HPOS="912" VPOS="211" WIDTH="45" HEIGHT="20" WC="0.96" CONTENT="skäl"/><SP WIDTH="12" VPOS="211" HPOS="957"/>
							<String ID="string_23" HPOS="969" VPOS="218" WIDTH="51" HEIGHT="14" WC="0.96" CONTENT="vore"/>
						</TextLine>
						<TextLine ID="line_3" HPOS="196" VPOS="237" WIDTH="823" HEIGHT="30">
							<String ID="string_24" HPOS="196" VPOS="240" WIDTH="32" HEIGHT="18" WC="0.96" CONTENT="att"/><SP WIDTH="14" VPOS="240" HPOS="228"/>
							<String ID="string_25" HPOS="242" VPOS="237" WIDTH="56" HEIGHT="21" WC="0.96" CONTENT="fästa"/><SP WIDTH="15" VPOS="237" HPOS="298"/>
							<String ID="string_26" HPOS="313" VPOS="238" WIDTH="102" HEIGHT="22" WC="0.96" CONTENT="afseende"/><SP WIDTH="16" VPOS="238" HPOS="415"/>
							<String ID="string_27" HPOS="431" VPOS="239" WIDTH="35" HEIGHT="21" WC="0.96" CONTENT="vid"/><SP WIDTH="16" VPOS="239" HPOS="466"/>
							<String ID="string_28" HPOS="482" VPOS="238" WIDTH="122" HEIGHT="28" WC="0.93" CONTENT="yttranden,"/><SP WIDTH="16" VPOS="238" HPOS="604"/>
							<String ID="string_29" HPOS="620" VPOS="240" WIDTH="82" HEIGHT="27" WC="0.91" CONTENT="afgifna"/><SP WIDTH="15" VPOS="240" HPOS="702"/>
							<String ID="string_30" HPOS="717" VPOS="240" WIDTH="23" HEIGHT="20" WC="0.96" CONTENT="af"/><SP WIDTH="13" VPOS="240" HPOS="740"/>
							<String ID="string_31" HPOS="753" VPOS="240" WIDTH="37" HEIGHT="21" WC="0.96" CONTENT="två"/><SP WIDTH="11" VPOS="240" HPOS="790"/>
							<String ID="string_32" HPOS="801" VPOS="239" WIDTH="118" HEIGHT="21" WC="0.96" CONTENT="ledamöter"/><SP WIDTH="10" VPOS="239" HPOS="919"/>
							<String ID="string_33" HPOS="929" VPOS="239" WIDTH="6" HEIGHT="21" WC="0.93" CONTENT="i"/><SP WIDTH="11" VPOS="239" HPOS="935"/>
							<String ID="string_34" HPOS="946" VPOS="242" WIDTH="73" HEIGHT="18" WC="0.93" CONTENT="veten-"/>
						</TextLine>
						<TextLine ID="line_4" HPOS="196" VPOS="266" WIDTH="823" HEIGHT="27">
							<String ID="string_35" HPOS="196" VPOS="266" WIDTH="191" HEIGHT="27" WC="0.89" CONTENT="skapssocieteten."/><SP WIDTH="35" VPOS="266" HPOS="387"/>
							<String ID="string_36" HPOS="422" VPOS="267" WIDTH="70" HEIGHT="21" WC="0.81" CONTENT="Desse"/><SP WIDTH="23" VPOS="267" HPOS="492"/>
							<String ID="string_37" HPOS="515" VPOS="270" WIDTH="80" HEIGHT="18" WC="0.96" CONTENT="tvenne"/><SP WIDTH="24" VPOS="270" HPOS="595"/>
							<String ID="string_38" HPOS="619" VPOS="268" WIDTH="139" HEIGHT="21" WC="0.96" CONTENT="medlemmar"/><SP WIDTH="22" VPOS="268" HPOS="758"/>
							<String ID="string_39" HPOS="780" VPOS="268" WIDTH="24" HEIGHT="20" WC="0.96" CONTENT="af"/><SP WIDTH="21" VPOS="268" HPOS="804"/>
							<String ID="string_40" HPOS="825" VPOS="274" WIDTH="80" HEIGHT="14" WC="0.95" CONTENT="samma"/><SP WIDTH="24" VPOS="274" HPOS="905"/>
							<String ID="string_41" HPOS="929" VPOS="268" WIDTH="90" HEIGHT="20" WC="0.94" CONTENT="societet"/>
						</TextLine>
						<TextLine ID="line_5" HPOS="196" VPOS="295" WIDTH="823" HEIGHT="29">
							<String ID="string_42" HPOS="196" VPOS="295" WIDTH="65" HEIGHT="20" WC="0.96" CONTENT="hafva"/><SP WIDTH="22" VPOS="295" HPOS="261"/>
							<String ID="string_43" HPOS="283" VPOS="295" WIDTH="38" HEIGHT="21" WC="0.96" CONTENT="här"/><SP WIDTH="22" VPOS="295" HPOS="321"/>
							<String ID="string_44" HPOS="343" VPOS="302" WIDTH="51" HEIGHT="22" WC="0.96" CONTENT="nyss"/><SP WIDTH="23" VPOS="302" HPOS="394"/>
							<String ID="string_45" HPOS="417" VPOS="298" WIDTH="69" HEIGHT="26" WC="0.96" CONTENT="yttrat"/><SP WIDTH="22" VPOS="298" HPOS="486"/>
							<String ID="string_46" HPOS="508" VPOS="296" WIDTH="32" HEIGHT="27" WC="0.96" CONTENT="sig"/><SP WIDTH="19" VPOS="296" HPOS="540"/>
							<String ID="string_47" HPOS="559" VPOS="298" WIDTH="45" HEIGHT="19" WC="0.96" CONTENT="mot"/><SP WIDTH="15" VPOS="298" HPOS="604"/>
							<String ID="string_48" HPOS="619" VPOS="299" WIDTH="32" HEIGHT="19" WC="0.96" CONTENT="ett"/><SP WIDTH="21" VPOS="299" HPOS="651"/>
							<String ID="string_49" HPOS="672" VPOS="298" WIDTH="76" HEIGHT="20" WC="0.96" CONTENT="sådant"/><SP WIDTH="15" VPOS="298" HPOS="748"/>
							<String ID="string_50" HPOS="763" VPOS="296" WIDTH="86" HEIGHT="28" WC="0.96" CONTENT="förslag,"/><SP WIDTH="17" VPOS="296" HPOS="849"/>
							<String ID="string_51" HPOS="866" VPOS="304" WIDTH="48" HEIGHT="14" WC="0.96" CONTENT="men"/><SP WIDTH="16" VPOS="304" HPOS="914"/>
							<String ID="string_52" HPOS="930" VPOS="296" WIDTH="33" HEIGHT="21" WC="0.96" CONTENT="för"/><SP WIDTH="15" VPOS="296" HPOS="963"/>
							<String ID="string_53" HPOS="978" VPOS="296" WIDTH="41" HEIGHT="21" WC="0.96" CONTENT="den"/>
						</TextLine>
						<TextLine ID="line_6" HPOS="196" VPOS="324" WIDTH="823" HEIGHT="29">
							<String ID="string_54" HPOS="196" VPOS="324" WIDTH="115" HEIGHT="27" WC="0.96" CONTENT="kejserliga"/><SP WIDTH="16" VPOS="324" HPOS="311"/>
							<String ID="string_55" HPOS="327" VPOS="325" WIDTH="168" HEIGHT="27" WC="0.96" CONTENT="propositionen."/><SP WIDTH="30" VPOS="325" HPOS="495"/>
							<String ID="string_56" HPOS="525" VPOS="324" WIDTH="32" HEIGHT="21" WC="0.96" CONTENT="På"/><SP WIDTH="17" VPOS="324" HPOS="557"/>
							<String ID="string_57" HPOS="574" VPOS="325" WIDTH="71" HEIGHT="21" WC="0.96" CONTENT="denna"/><SP WIDTH="15" VPOS="325" HPOS="645"/>
							<String ID="string_58" HPOS="660" VPOS="326" WIDTH="69" HEIGHT="27" WC="0.92" CONTENT="grund."/><SP WIDTH="16" VPOS="326" HPOS="729"/>
							<String ID="string_59" HPOS="745" VPOS="326" WIDTH="87" HEIGHT="20" WC="0.96" CONTENT="förenar"/><SP WIDTH="15" VPOS="326" HPOS="832"/>
							<String ID="string_60" HPOS="847" VPOS="325" WIDTH="62" HEIGHT="21" WC="0.96" CONTENT="äfven"/><SP WIDTH="14" VPOS="325" HPOS="909"/>
							<String ID="string_61" HPOS="923" VPOS="326" WIDTH="38" HEIGHT="26" WC="0.96" CONTENT="jag"/><SP WIDTH="15" VPOS="326" HPOS="961"/>
							<String ID="string_62" HPOS="976" VPOS="324" WIDTH="43" HEIGHT="28" WC="0.96" CONTENT="mig"/>
						</TextLine>
						<TextLine ID="line_7" HPOS="196" VPOS="352" WIDTH="406" HEIGHT="28">
							<String ID="string_63" HPOS="196" VPOS="359" WIDTH="34" HEIGHT="13" WC="0.96" CONTENT="om"/><SP WIDTH="16" VPOS="359" HPOS="230"/>
							<String ID="string_64" HPOS="246" VPOS="352" WIDTH="41" HEIGHT="21" WC="0.96" CONTENT="den"/><SP WIDTH="16" VPOS="352" HPOS="287"/>
							<String ID="string_65" HPOS="303" VPOS="352" WIDTH="116" HEIGHT="28" WC="0.96" CONTENT="kejserliga"/><SP WIDTH="15" VPOS="352" HPOS="419"/>
							<String ID="string_66" HPOS="434" VPOS="353" WIDTH="168" HEIGHT="27" WC="0.96" CONTENT="propositionen."/>
						</TextLine>
					</TextBlock>
					<TextBlock ID="block_2" HPOS="194" VPOS="380" WIDTH="825" HEIGHT="256">
						<TextLine ID="line_8" HPOS="265" VPOS="380" WIDTH="754" HEIGHT="29">
							<String ID="string_67" HPOS="265" VPOS="380" WIDTH="57" HEIGHT="21" WC="0.96" CONTENT="Herr"/><SP WIDTH="18" VPOS="380" HPOS="322"/>
							<String ID="string_68" HPOS="340" VPOS="380" WIDTH="201" HEIGHT="28" WC="0.96" CONTENT="Nordenskiöld,"/><SP WIDTH="19" VPOS="380" HPOS="541"/>
							<String ID="string_69" HPOS="560" VPOS="381" WIDTH="58" HEIGHT="22" WC="0.96" CONTENT="Nils"/><SP WIDTH="20" VPOS="381" HPOS="618"/>
							<String ID="string_70" HPOS="638" VPOS="382" WIDTH="70" HEIGHT="21" WC="0.95" CONTENT="Carl:"/><SP WIDTH="24" VPOS="382" HPOS="708"/>
							<String ID="string_71" HPOS="732" VPOS="381" WIDTH="48" HEIGHT="22" WC="0.96" CONTENT="Med"/><SP WIDTH="16" VPOS="381" HPOS="780"/>
							<String ID="string_72" HPOS="796" VPOS="381" WIDTH="115" HEIGHT="28" WC="0.95" CONTENT="anledning"/><SP WIDTH="15" VPOS="381" HPOS="911"/>
							<String ID="string_73" HPOS="926" VPOS="381" WIDTH="23" HEIGHT="21" WC="0.96" CONTENT="af"/><SP WIDTH="14" VPOS="381" HPOS="949"/>
							<String ID="string_74" HPOS="963" VPOS="381" WIDTH="56" HEIGHT="21" WC="0.95" CONTENT="hvad"/>
						</TextLine>
						<TextLine ID="line_9" HPOS="196" VPOS="409" WIDTH="823" HEIGHT="30">
							<String ID="string_75" HPOS="196" VPOS="409" WIDTH="49" HEIGHT="20" WC="0.96" CONTENT="herr"/><SP WIDTH="17" VPOS="409" HPOS="245"/>
							<String ID="string_76" HPOS="262" VPOS="415" WIDTH="39" HEIGHT="14" WC="0.93" CONTENT="von"/><SP WIDTH="18" VPOS="415" HPOS="301"/>
							<String ID="string_77" HPOS="319" VPOS="409" WIDTH="134" HEIGHT="21" WC="0.91" CONTENT="Willebrand"/><SP WIDTH="16" VPOS="409" HPOS="453"/>
							<String ID="string_78" HPOS="469" VPOS="409" WIDTH="71" HEIGHT="22" WC="0.96" CONTENT="anfört"/><SP WIDTH="16" VPOS="409" HPOS="540"/>
							<String ID="string_79" HPOS="556" VPOS="417" WIDTH="33" HEIGHT="14" WC="0.93" CONTENT="om"/><SP WIDTH="18" VPOS="417" HPOS="589"/>
							<String ID="string_80" HPOS="607" VPOS="411" WIDTH="260" HEIGHT="28" WC="0.92" CONTENT="vetenskapssocietetens"/><SP WIDTH="17" VPOS="411" HPOS="867"/>
							<String ID="string_81" HPOS="884" VPOS="410" WIDTH="95" HEIGHT="28" WC="0.96" CONTENT="tynande"/><SP WIDTH="10" VPOS="410" HPOS="979"/>
							<String ID="string_82" HPOS="989" VPOS="410" WIDTH="30" HEIGHT="27" WC="0.96" CONTENT="lif,"/>
						</TextLine>
						<TextLine ID="line_10" HPOS="196" VPOS="437" WIDTH="822" HEIGHT="29">
							<String ID="string_83" HPOS="196" VPOS="437" WIDTH="38" HEIGHT="21" WC="0.96" CONTENT="ber"/><SP WIDTH="19" VPOS="437" HPOS="234"/>
							<String ID="string_84" HPOS="253" VPOS="438" WIDTH="39" HEIGHT="27" WC="0.96" CONTENT="jag"/><SP WIDTH="19" VPOS="438" HPOS="292"/>
							<String ID="string_85" HPOS="311" VPOS="439" WIDTH="32" HEIGHT="20" WC="0.96" CONTENT="att"/><SP WIDTH="22" VPOS="439" HPOS="343"/>
							<String ID="string_86" HPOS="365" VPOS="438" WIDTH="20" HEIGHT="21" WC="0.96" CONTENT="få"/><SP WIDTH="19" VPOS="438" HPOS="385"/>
							<String ID="string_87" HPOS="404" VPOS="438" WIDTH="56" HEIGHT="21" WC="0.95" CONTENT="fästa"/><SP WIDTH="23" VPOS="438" HPOS="460"/>
							<String ID="string_88" HPOS="483" VPOS="439" WIDTH="218" HEIGHT="26" WC="0.94" CONTENT="uppmärksamheten"/><SP WIDTH="25" VPOS="439" HPOS="701"/>
							<String ID="string_89" HPOS="726" VPOS="439" WIDTH="42" HEIGHT="27" WC="0.94" CONTENT="vid,"/><SP WIDTH="24" VPOS="439" HPOS="768"/>
							<String ID="string_90" HPOS="792" VPOS="441" WIDTH="32" HEIGHT="20" WC="0.95" CONTENT="att"/><SP WIDTH="23" VPOS="441" HPOS="824"/>
							<String ID="string_91" HPOS="847" VPOS="439" WIDTH="81" HEIGHT="20" WC="0.96" CONTENT="antalet"/><SP WIDTH="21" VPOS="439" HPOS="928"/>
							<String ID="string_92" HPOS="949" VPOS="439" WIDTH="24" HEIGHT="21" WC="0.93" CONTENT="af"/><SP WIDTH="13" VPOS="439" HPOS="973"/>
							<String ID="string_93" HPOS="986" VPOS="441" WIDTH="32" HEIGHT="18" WC="0.92" CONTENT="ut-"/>
						</TextLine>
						<TextLine ID="line_11" HPOS="195" VPOS="466" WIDTH="823" HEIGHT="29">
							<String ID="string_94" HPOS="195" VPOS="466" WIDTH="90" HEIGHT="21" WC="0.92" CONTENT="ländska"/><SP WIDTH="22" VPOS="466" HPOS="285"/>
							<String ID="string_95" HPOS="307" VPOS="466" WIDTH="58" HEIGHT="21" WC="0.92" CONTENT="lärda"/><SP WIDTH="22" VPOS="466" HPOS="365"/>
							<String ID="string_96" HPOS="387" VPOS="467" WIDTH="126" HEIGHT="28" WC="0.91" CONTENT="sällskaper,"/><SP WIDTH="19" VPOS="467" HPOS="513"/>
							<String ID="string_97" HPOS="532" VPOS="468" WIDTH="48" HEIGHT="20" WC="0.96" CONTENT="med"/><SP WIDTH="16" VPOS="468" HPOS="580"/>
							<String ID="string_98" HPOS="596" VPOS="468" WIDTH="73" HEIGHT="21" WC="0.93" CONTENT="hvilka"/><SP WIDTH="16" VPOS="468" HPOS="669"/>
							<String ID="string_99" HPOS="685" VPOS="467" WIDTH="251" HEIGHT="28" WC="0.91" CONTENT="vetenskapssocieteten"/><SP WIDTH="16" VPOS="467" HPOS="936"/>
							<String ID="string_100" HPOS="952" VPOS="468" WIDTH="44" HEIGHT="20" WC="0.96" CONTENT="står"/><SP WIDTH="15" VPOS="468" HPOS="996"/>
							<String ID="string_101" HPOS="1011" VPOS="467" WIDTH="7" HEIGHT="21" WC="0.96" CONTENT="i"/>
						</TextLine>
						<TextLine ID="line_12" HPOS="194" VPOS="494" WIDTH="823" HEIGHT="30">
							<String ID="string_102" HPOS="194" VPOS="494" WIDTH="137" HEIGHT="26" WC="0.96" CONTENT="förbindelse,"/><SP WIDTH="16" VPOS="494" HPOS="331"/>
							<String ID="string_103" HPOS="347" VPOS="496" WIDTH="68" HEIGHT="20" WC="0.96" CONTENT="under"/><SP WIDTH="16" VPOS="496" HPOS="415"/>
							<String ID="string_104" HPOS="431" VPOS="495" WIDTH="26" HEIGHT="21" WC="0.96" CONTENT="de"/><SP WIDTH="17" VPOS="495" HPOS="457"/>
							<String ID="string_105" HPOS="474" VPOS="498" WIDTH="85" HEIGHT="19" WC="0.96" CONTENT="senaste"/><SP WIDTH="17" VPOS="498" HPOS="559"/>
							<String ID="string_106" HPOS="576" VPOS="497" WIDTH="49" HEIGHT="20" WC="0.96" CONTENT="åren"/><SP WIDTH="18" VPOS="497" HPOS="625"/>
							<String ID="string_107" HPOS="643" VPOS="497" WIDTH="55" HEIGHT="20" WC="0.96" CONTENT="varit"/><SP WIDTH="15" VPOS="497" HPOS="698"/>
							<String ID="string_108" HPOS="713" VPOS="497" WIDTH="6" HEIGHT="20" WC="0.96" CONTENT="i"/><SP WIDTH="17" VPOS="497" HPOS="719"/>
							<String ID="string_109" HPOS="736" VPOS="499" WIDTH="31" HEIGHT="18" WC="0.96" CONTENT="ett"/><SP WIDTH="16" VPOS="499" HPOS="767"/>
							<String ID="string_110" HPOS="783" VPOS="497" WIDTH="63" HEIGHT="26" WC="0.96" CONTENT="högst"/><SP WIDTH="16" VPOS="497" HPOS="846"/>
							<String ID="string_111" HPOS="862" VPOS="496" WIDTH="105" HEIGHT="28" WC="0.93" CONTENT="betydligt"/><SP WIDTH="10" VPOS="496" HPOS="967"/>
							<String ID="string_112" HPOS="977" VPOS="496" WIDTH="40" HEIGHT="21" WC="0.92" CONTENT="till-"/>
						</TextLine>
						<TextLine ID="line_13" HPOS="194" VPOS="523" WIDTH="824" HEIGHT="29">
							<String ID="string_113" HPOS="194" VPOS="524" WIDTH="104" HEIGHT="27" WC="0.96" CONTENT="tagande;"/><SP WIDTH="17" VPOS="524" HPOS="298"/>
							<String ID="string_114" HPOS="315" VPOS="523" WIDTH="72" HEIGHT="22" WC="0.96" CONTENT="vidare"/><SP WIDTH="16" VPOS="523" HPOS="387"/>
							<String ID="string_115" HPOS="403" VPOS="526" WIDTH="24" HEIGHT="19" WC="0.96" CONTENT="är"/><SP WIDTH="14" VPOS="526" HPOS="427"/>
							<String ID="string_116" HPOS="441" VPOS="524" WIDTH="37" HEIGHT="21" WC="0.96" CONTENT="det"/><SP WIDTH="15" VPOS="524" HPOS="478"/>
							<String ID="string_117" HPOS="493" VPOS="525" WIDTH="66" HEIGHT="20" WC="0.96" CONTENT="också"/><SP WIDTH="16" VPOS="525" HPOS="559"/>
							<String ID="string_118" HPOS="575" VPOS="525" WIDTH="66" HEIGHT="26" WC="0.95" CONTENT="fallet,"/><SP WIDTH="17" VPOS="525" HPOS="641"/>
							<String ID="string_119" HPOS="658" VPOS="528" WIDTH="32" HEIGHT="18" WC="0.93" CONTENT="att"/><SP WIDTH="16" VPOS="528" HPOS="690"/>
							<String ID="string_120" HPOS="706" VPOS="525" WIDTH="251" HEIGHT="27" WC="0.91" CONTENT="vetenskapssocieteten"/><SP WIDTH="12" VPOS="525" HPOS="957"/>
							<String ID="string_121" HPOS="969" VPOS="524" WIDTH="49" HEIGHT="21" WC="0.96" CONTENT="vida"/>
						</TextLine>
						<TextLine ID="line_14" HPOS="195" VPOS="551" WIDTH="822" HEIGHT="30">
							<String ID="string_122" HPOS="195" VPOS="551" WIDTH="69" HEIGHT="21" WC="0.96" CONTENT="oftare"/><SP WIDTH="21" VPOS="551" HPOS="264"/>
							<String ID="string_123" HPOS="285" VPOS="554" WIDTH="26" HEIGHT="19" WC="0.96" CONTENT="än"/><SP WIDTH="24" VPOS="554" HPOS="311"/>
							<String ID="string_124" HPOS="335" VPOS="553" WIDTH="58" HEIGHT="19" WC="0.96" CONTENT="förut"/><SP WIDTH="17" VPOS="553" HPOS="393"/>
							<String ID="string_125" HPOS="410" VPOS="553" WIDTH="110" HEIGHT="21" WC="0.95" CONTENT="meddelar"/><SP WIDTH="18" VPOS="553" HPOS="520"/>
							<String ID="string_126" HPOS="538" VPOS="554" WIDTH="160" HEIGHT="26" WC="0.96" CONTENT="publikationer"/><SP WIDTH="15" VPOS="554" HPOS="698"/>
							<String ID="string_127" HPOS="713" VPOS="554" WIDTH="5" HEIGHT="20" WC="0.96" CONTENT="i"/><SP WIDTH="17" VPOS="554" HPOS="718"/>
							<String ID="string_128" HPOS="735" VPOS="554" WIDTH="69" HEIGHT="27" WC="0.95" CONTENT="tryck."/><SP WIDTH="30" VPOS="554" HPOS="804"/>
							<String ID="string_129" HPOS="834" VPOS="553" WIDTH="43" HEIGHT="21" WC="0.96" CONTENT="För"/><SP WIDTH="16" VPOS="553" HPOS="877"/>
							<String ID="string_130" HPOS="893" VPOS="553" WIDTH="64" HEIGHT="28" WC="0.93" CONTENT="öfrigt"/><SP WIDTH="16" VPOS="553" HPOS="957"/>
							<String ID="string_131" HPOS="973" VPOS="553" WIDTH="44" HEIGHT="21" WC="0.93" CONTENT="vid-"/>
						</TextLine>
						<TextLine ID="line_15" HPOS="195" VPOS="580" WIDTH="822" HEIGHT="30">
							<String ID="string_132" HPOS="195" VPOS="580" WIDTH="67" HEIGHT="21" WC="0.95" CONTENT="håller"/><SP WIDTH="20" VPOS="580" HPOS="262"/>
							<String ID="string_133" HPOS="282" VPOS="581" WIDTH="37" HEIGHT="27" WC="0.96" CONTENT="jag"/><SP WIDTH="23" VPOS="581" HPOS="319"/>
							<String ID="string_134" HPOS="342" VPOS="581" WIDTH="48" HEIGHT="20" WC="0.96" CONTENT="mitt"/><SP WIDTH="18" VPOS="581" HPOS="390"/>
							<String ID="string_135" HPOS="408" VPOS="581" WIDTH="104" HEIGHT="27" WC="0.95" CONTENT="yrkande,"/><SP WIDTH="21" VPOS="581" HPOS="512"/>
							<String ID="string_136" HPOS="533" VPOS="584" WIDTH="32" HEIGHT="18" WC="0.96" CONTENT="att"/><SP WIDTH="15" VPOS="584" HPOS="565"/>
							<String ID="string_137" HPOS="580" VPOS="582" WIDTH="62" HEIGHT="21" WC="0.93" CONTENT="ordet"/><SP WIDTH="16" VPOS="582" HPOS="642"/>
							<String ID="string_138" HPOS="658" VPOS="599" WIDTH="12" HEIGHT="9" WC="0.0" CONTENT=",,"/><SP WIDTH="3" VPOS="599" HPOS="670"/>
							<String ID="string_139" HPOS="673" VPOS="582" WIDTH="167" HEIGHT="26" WC="0.0" CONTENT="konsistorium&quot;"/><SP WIDTH="17" VPOS="582" HPOS="840"/>
							<String ID="string_140" HPOS="857" VPOS="582" WIDTH="87" HEIGHT="28" WC="0.96" CONTENT="utbytes"/><SP WIDTH="16" VPOS="582" HPOS="944"/>
							<String ID="string_141" HPOS="960" VPOS="583" WIDTH="57" HEIGHT="19" WC="0.96" CONTENT="emot"/>
						</TextLine>
						<TextLine ID="line_16" HPOS="195" VPOS="610" WIDTH="286" HEIGHT="26">
							<String ID="string_142" HPOS="195" VPOS="610" WIDTH="286" HEIGHT="26" WC="0.51" CONTENT="»Vetenskapssocieteten&#39;&#39;."/>
						</TextLine>
					</TextBlock>
					<TextBlock ID="block_3" HPOS="194" VPOS="637" WIDTH="823" HEIGHT="144">
						<TextLine ID="line_17" HPOS="263" VPOS="637" WIDTH="754" HEIGHT="30">
							<String ID="string_143" HPOS="263" VPOS="637" WIDTH="57" HEIGHT="21" WC="0.96" CONTENT="Herr"/><SP WIDTH="16" VPOS="637" HPOS="320"/>
							<String ID="string_144" HPOS="336" VPOS="638" WIDTH="154" HEIGHT="26" WC="0.95" CONTENT="Schauman,"/><SP WIDTH="15" VPOS="638" HPOS="490"/>
							<String ID="string_145" HPOS="505" VPOS="638" WIDTH="101" HEIGHT="22" WC="0.95" CONTENT="Berndt"/><SP WIDTH="16" VPOS="638" HPOS="606"/>
							<String ID="string_146" HPOS="622" VPOS="639" WIDTH="73" HEIGHT="21" WC="0.96" CONTENT="Otto:"/><SP WIDTH="24" VPOS="639" HPOS="695"/>
							<String ID="string_147" HPOS="719" VPOS="639" WIDTH="42" HEIGHT="28" WC="0.96" CONTENT="Jag"/><SP WIDTH="23" VPOS="639" HPOS="761"/>
							<String ID="string_148" HPOS="784" VPOS="639" WIDTH="68" HEIGHT="21" WC="0.96" CONTENT="skulle"/><SP WIDTH="20" VPOS="639" HPOS="852"/>
							<String ID="string_149" HPOS="872" VPOS="639" WIDTH="90" HEIGHT="27" WC="0.95" CONTENT="anhålla,"/><SP WIDTH="17" VPOS="639" HPOS="962"/>
							<String ID="string_150" HPOS="979" VPOS="640" WIDTH="38" HEIGHT="26" WC="0.96" CONTENT="att,"/>
						</TextLine>
						<TextLine ID="line_18" HPOS="194" VPOS="666" WIDTH="823" HEIGHT="29">
							<String ID="string_151" HPOS="194" VPOS="666" WIDTH="27" HEIGHT="21" WC="0.95" CONTENT="då"/><SP WIDTH="23" VPOS="666" HPOS="221"/>
							<String ID="string_152" HPOS="244" VPOS="666" WIDTH="132" HEIGHT="28" WC="0.93" CONTENT="proposition"/><SP WIDTH="23" VPOS="666" HPOS="376"/>
							<String ID="string_153" HPOS="399" VPOS="667" WIDTH="118" HEIGHT="27" WC="0.92" CONTENT="uppställes"/><SP WIDTH="20" VPOS="667" HPOS="517"/>
							<String ID="string_154" HPOS="537" VPOS="674" WIDTH="33" HEIGHT="14" WC="0.96" CONTENT="om"/><SP WIDTH="20" VPOS="674" HPOS="570"/>
							<String ID="string_155" HPOS="590" VPOS="668" WIDTH="70" HEIGHT="20" WC="0.95" CONTENT="denna"/><SP WIDTH="16" VPOS="668" HPOS="660"/>
							<String ID="string_156" HPOS="676" VPOS="668" WIDTH="46" HEIGHT="26" WC="0.96" CONTENT="sak,"/><SP WIDTH="16" VPOS="668" HPOS="722"/>
							<String ID="string_157" HPOS="738" VPOS="668" WIDTH="40" HEIGHT="21" WC="0.96" CONTENT="den"/><SP WIDTH="18" VPOS="668" HPOS="778"/>
							<String ID="string_158" HPOS="796" VPOS="668" WIDTH="65" HEIGHT="20" WC="0.96" CONTENT="också"/><SP WIDTH="15" VPOS="668" HPOS="861"/>
							<String ID="string_159" HPOS="876" VPOS="668" WIDTH="69" HEIGHT="20" WC="0.95" CONTENT="skulle"/><SP WIDTH="16" VPOS="668" HPOS="945"/>
							<String ID="string_160" HPOS="961" VPOS="668" WIDTH="56" HEIGHT="27" WC="0.95" CONTENT="gälla"/>
						</TextLine>
						<TextLine ID="line_19" HPOS="194" VPOS="695" WIDTH="822" HEIGHT="29">
							<String ID="string_161" HPOS="194" VPOS="695" WIDTH="40" HEIGHT="20" WC="0.96" CONTENT="alla"/><SP WIDTH="16" VPOS="695" HPOS="234"/>
							<String ID="string_162" HPOS="250" VPOS="695" WIDTH="26" HEIGHT="20" WC="0.96" CONTENT="de"/><SP WIDTH="19" VPOS="695" HPOS="276"/>
							<String ID="string_163" HPOS="295" VPOS="695" WIDTH="68" HEIGHT="27" WC="0.96" CONTENT="öfriga"/><SP WIDTH="15" VPOS="695" HPOS="363"/>
							<String ID="string_164" HPOS="378" VPOS="696" WIDTH="161" HEIGHT="27" WC="0.96" CONTENT="paragraferna,"/><SP WIDTH="16" VPOS="696" HPOS="539"/>
							<String ID="string_165" HPOS="555" VPOS="696" WIDTH="38" HEIGHT="21" WC="0.96" CONTENT="der"/><SP WIDTH="16" VPOS="696" HPOS="593"/>
							<String ID="string_166" HPOS="609" VPOS="696" WIDTH="65" HEIGHT="21" WC="0.96" CONTENT="orden"/><SP WIDTH="17" VPOS="696" HPOS="674"/>
							<String ID="string_167" HPOS="691" VPOS="696" WIDTH="117" HEIGHT="28" WC="0.93" CONTENT="kejserliga"/><SP WIDTH="16" VPOS="696" HPOS="808"/>
							<String ID="string_168" HPOS="824" VPOS="696" WIDTH="192" HEIGHT="21" WC="0.92" CONTENT="Alexanders-uni-"/>
						</TextLine>
						<TextLine ID="line_20" HPOS="194" VPOS="723" WIDTH="821" HEIGHT="29">
							<String ID="string_169" HPOS="194" VPOS="723" WIDTH="123" HEIGHT="21" WC="0.90" CONTENT="versitetets"/><SP WIDTH="24" VPOS="723" HPOS="317"/>
							<String ID="string_170" HPOS="341" VPOS="723" WIDTH="153" HEIGHT="22" WC="0.96" CONTENT="konsistorium"/><SP WIDTH="23" VPOS="723" HPOS="494"/>
							<String ID="string_171" HPOS="517" VPOS="725" WIDTH="56" HEIGHT="27" WC="0.96" CONTENT="ingå,"/><SP WIDTH="24" VPOS="725" HPOS="573"/>
							<String ID="string_172" HPOS="597" VPOS="725" WIDTH="33" HEIGHT="20" WC="0.96" CONTENT="för"/><SP WIDTH="20" VPOS="725" HPOS="630"/>
							<String ID="string_173" HPOS="650" VPOS="727" WIDTH="32" HEIGHT="18" WC="0.96" CONTENT="att"/><SP WIDTH="18" VPOS="727" HPOS="682"/>
							<String ID="string_174" HPOS="700" VPOS="725" WIDTH="48" HEIGHT="21" WC="0.96" CONTENT="icke"/><SP WIDTH="25" VPOS="725" HPOS="748"/>
							<String ID="string_175" HPOS="773" VPOS="731" WIDTH="27" HEIGHT="14" WC="0.95" CONTENT="en"/><SP WIDTH="20" VPOS="731" HPOS="800"/>
							<String ID="string_176" HPOS="820" VPOS="724" WIDTH="59" HEIGHT="28" WC="0.95" CONTENT="dylik"/><SP WIDTH="16" VPOS="724" HPOS="879"/>
							<String ID="string_177" HPOS="895" VPOS="724" WIDTH="120" HEIGHT="21" WC="0.96" CONTENT="diskussion"/>
						</TextLine>
						<TextLine ID="line_21" HPOS="194" VPOS="751" WIDTH="574" HEIGHT="30">
							<String ID="string_178" HPOS="194" VPOS="752" WIDTH="66" HEIGHT="21" WC="0.96" CONTENT="måtte"/><SP WIDTH="16" VPOS="752" HPOS="260"/>
							<String ID="string_179" HPOS="276" VPOS="751" WIDTH="131" HEIGHT="28" WC="0.96" CONTENT="uppkomma"/><SP WIDTH="15" VPOS="751" HPOS="407"/>
							<String ID="string_180" HPOS="422" VPOS="752" WIDTH="35" HEIGHT="21" WC="0.96" CONTENT="vid"/><SP WIDTH="16" VPOS="752" HPOS="457"/>
							<String ID="string_181" HPOS="473" VPOS="752" WIDTH="62" HEIGHT="21" WC="0.96" CONTENT="dessa"/><SP WIDTH="16" VPOS="752" HPOS="535"/>
							<String ID="string_182" HPOS="551" VPOS="753" WIDTH="69" HEIGHT="28" WC="0.96" CONTENT="öfriga"/><SP WIDTH="16" VPOS="753" HPOS="620"/>
							<String ID="string_183" HPOS="636" VPOS="753" WIDTH="132" HEIGHT="28" WC="0.96" CONTENT="paragrafer."/>
						</TextLine>
					</TextBlock>
					<TextBlock ID="block_4" HPOS="191" VPOS="779" WIDTH="826" HEIGHT="342">
						<TextLine ID="line_22" HPOS="262" VPOS="779" WIDTH="755" HEIGHT="30">
							<String ID="string_184" HPOS="262" VPOS="779" WIDTH="57" HEIGHT="22" WC="0.93" CONTENT="Herr"/><SP WIDTH="17" VPOS="779" HPOS="319"/>
							<String ID="string_185" HPOS="336" VPOS="780" WIDTH="156" HEIGHT="21" WC="0.91" CONTENT="Edelsköld:"/><SP WIDTH="16" VPOS="780" HPOS="492"/>
							<String ID="string_186" HPOS="508" VPOS="781" WIDTH="42" HEIGHT="28" WC="0.96" CONTENT="Jag"/><SP WIDTH="16" VPOS="781" HPOS="550"/>
							<String ID="string_187" HPOS="566" VPOS="782" WIDTH="38" HEIGHT="20" WC="0.96" CONTENT="ber"/><SP WIDTH="16" VPOS="782" HPOS="604"/>
							<String ID="string_188" HPOS="620" VPOS="784" WIDTH="31" HEIGHT="18" WC="0.95" CONTENT="att"/><SP WIDTH="15" VPOS="784" HPOS="651"/>
							<String ID="string_189" HPOS="666" VPOS="782" WIDTH="22" HEIGHT="21" WC="0.96" CONTENT="få"/><SP WIDTH="14" VPOS="782" HPOS="688"/>
							<String ID="string_190" HPOS="702" VPOS="784" WIDTH="53" HEIGHT="25" WC="0.96" CONTENT="göra"/><SP WIDTH="16" VPOS="784" HPOS="755"/>
							<String ID="string_191" HPOS="771" VPOS="788" WIDTH="26" HEIGHT="14" WC="0.96" CONTENT="en"/><SP WIDTH="16" VPOS="788" HPOS="797"/>
							<String ID="string_192" HPOS="813" VPOS="781" WIDTH="50" HEIGHT="21" WC="0.96" CONTENT="liten"/><SP WIDTH="12" VPOS="781" HPOS="863"/>
							<String ID="string_193" HPOS="875" VPOS="781" WIDTH="142" HEIGHT="28" WC="0.95" CONTENT="anmärkning"/>
						</TextLine>
						<TextLine ID="line_23" HPOS="193" VPOS="809" WIDTH="823" HEIGHT="28">
							<String ID="string_194" HPOS="193" VPOS="810" WIDTH="45" HEIGHT="19" WC="0.95" CONTENT="mot"/><SP WIDTH="15" VPOS="810" HPOS="238"/>
							<String ID="string_195" HPOS="253" VPOS="809" WIDTH="55" HEIGHT="26" WC="0.96" CONTENT="dem,"/><SP WIDTH="17" VPOS="809" HPOS="308"/>
							<String ID="string_196" HPOS="325" VPOS="816" WIDTH="45" HEIGHT="14" WC="0.96" CONTENT="som"/><SP WIDTH="17" VPOS="816" HPOS="370"/>
							<String ID="string_197" HPOS="387" VPOS="810" WIDTH="67" HEIGHT="27" WC="0.96" CONTENT="påstå,"/><SP WIDTH="17" VPOS="810" HPOS="454"/>
							<String ID="string_198" HPOS="471" VPOS="812" WIDTH="31" HEIGHT="18" WC="0.96" CONTENT="att"/><SP WIDTH="15" VPOS="812" HPOS="502"/>
							<String ID="string_199" HPOS="517" VPOS="810" WIDTH="70" HEIGHT="21" WC="0.92" CONTENT="finska"/><SP WIDTH="16" VPOS="810" HPOS="587"/>
							<String ID="string_200" HPOS="603" VPOS="811" WIDTH="250" HEIGHT="26" WC="0.91" CONTENT="vetenskapssocieteten"/><SP WIDTH="18" VPOS="811" HPOS="853"/>
							<String ID="string_201" HPOS="871" VPOS="817" WIDTH="51" HEIGHT="14" WC="0.95" CONTENT="vore"/><SP WIDTH="15" VPOS="817" HPOS="922"/>
							<String ID="string_202" HPOS="937" VPOS="811" WIDTH="23" HEIGHT="20" WC="0.95" CONTENT="så"/><SP WIDTH="11" VPOS="811" HPOS="960"/>
							<String ID="string_203" HPOS="971" VPOS="810" WIDTH="45" HEIGHT="21" WC="0.96" CONTENT="helt"/>
						</TextLine>
						<TextLine ID="line_24" HPOS="193" VPOS="837" WIDTH="822" HEIGHT="29">
							<String ID="string_204" HPOS="193" VPOS="838" WIDTH="39" HEIGHT="21" WC="0.95" CONTENT="och"/><SP WIDTH="16" VPOS="838" HPOS="232"/>
							<String ID="string_205" HPOS="248" VPOS="837" WIDTH="66" HEIGHT="21" WC="0.95" CONTENT="hållet"/><SP WIDTH="16" VPOS="837" HPOS="314"/>
							<String ID="string_206" HPOS="330" VPOS="837" WIDTH="83" HEIGHT="22" WC="0.96" CONTENT="enskild"/><SP WIDTH="16" VPOS="837" HPOS="413"/>
							<String ID="string_207" HPOS="429" VPOS="839" WIDTH="39" HEIGHT="20" WC="0.93" CONTENT="och"/><SP WIDTH="17" VPOS="839" HPOS="468"/>
							<String ID="string_208" HPOS="485" VPOS="838" WIDTH="84" HEIGHT="21" WC="0.91" CONTENT="derföre"/><SP WIDTH="17" VPOS="838" HPOS="569"/>
							<String ID="string_209" HPOS="586" VPOS="839" WIDTH="47" HEIGHT="20" WC="0.93" CONTENT="icke"/><SP WIDTH="17" VPOS="839" HPOS="633"/>
							<String ID="string_210" HPOS="650" VPOS="839" WIDTH="102" HEIGHT="21" WC="0.92" CONTENT="behöfver"/><SP WIDTH="16" VPOS="839" HPOS="752"/>
							<String ID="string_211" HPOS="768" VPOS="840" WIDTH="64" HEIGHT="26" WC="0.92" CONTENT="åtaga"/><SP WIDTH="11" VPOS="840" HPOS="832"/>
							<String ID="string_212" HPOS="843" VPOS="839" WIDTH="32" HEIGHT="26" WC="0.96" CONTENT="sig"/><SP WIDTH="11" VPOS="839" HPOS="875"/>
							<String ID="string_213" HPOS="886" VPOS="839" WIDTH="129" HEIGHT="27" WC="0.92" CONTENT="någonting;"/>
						</TextLine>
						<TextLine ID="line_25" HPOS="193" VPOS="865" WIDTH="823" HEIGHT="30">
							<String ID="string_214" HPOS="193" VPOS="873" WIDTH="81" HEIGHT="14" WC="0.95" CONTENT="samma"/><SP WIDTH="20" VPOS="873" HPOS="274"/>
							<String ID="string_215" HPOS="294" VPOS="867" WIDTH="23" HEIGHT="20" WC="0.96" CONTENT="är"/><SP WIDTH="16" VPOS="867" HPOS="317"/>
							<String ID="string_216" HPOS="333" VPOS="865" WIDTH="59" HEIGHT="22" WC="0.96" CONTENT="fallet"/><SP WIDTH="16" VPOS="865" HPOS="392"/>
							<String ID="string_217" HPOS="408" VPOS="867" WIDTH="48" HEIGHT="20" WC="0.96" CONTENT="med"/><SP WIDTH="17" VPOS="867" HPOS="456"/>
							<String ID="string_218" HPOS="473" VPOS="867" WIDTH="114" HEIGHT="28" WC="0.95" CONTENT="kejserliga"/><SP WIDTH="15" VPOS="867" HPOS="587"/>
							<String ID="string_219" HPOS="602" VPOS="867" WIDTH="70" HEIGHT="21" WC="0.93" CONTENT="finska"/><SP WIDTH="16" VPOS="867" HPOS="672"/>
							<String ID="string_220" HPOS="688" VPOS="867" WIDTH="275" HEIGHT="28" WC="0.91" CONTENT="hushållningssällskapet:"/><SP WIDTH="17" VPOS="867" HPOS="963"/>
							<String ID="string_221" HPOS="980" VPOS="867" WIDTH="36" HEIGHT="20" WC="0.96" CONTENT="det"/>
						</TextLine>
						<TextLine ID="line_26" HPOS="193" VPOS="895" WIDTH="823" HEIGHT="28">
							<String ID="string_222" HPOS="193" VPOS="895" WIDTH="41" HEIGHT="20" WC="0.96" CONTENT="kan"/><SP WIDTH="17" VPOS="895" HPOS="234"/>
							<String ID="string_223" HPOS="251" VPOS="895" WIDTH="66" HEIGHT="20" WC="0.96" CONTENT="också"/><SP WIDTH="17" VPOS="895" HPOS="317"/>
							<String ID="string_224" HPOS="334" VPOS="895" WIDTH="103" HEIGHT="27" WC="0.96" CONTENT="upplösas"/><SP WIDTH="18" VPOS="895" HPOS="437"/>
							<String ID="string_225" HPOS="455" VPOS="897" WIDTH="39" HEIGHT="19" WC="0.96" CONTENT="när"/><SP WIDTH="16" VPOS="897" HPOS="494"/>
							<String ID="string_226" HPOS="510" VPOS="903" WIDTH="45" HEIGHT="13" WC="0.96" CONTENT="som"/><SP WIDTH="17" VPOS="903" HPOS="555"/>
							<String ID="string_227" HPOS="572" VPOS="896" WIDTH="61" HEIGHT="27" WC="0.95" CONTENT="helst,"/><SP WIDTH="17" VPOS="896" HPOS="633"/>
							<String ID="string_228" HPOS="650" VPOS="903" WIDTH="47" HEIGHT="14" WC="0.96" CONTENT="men"/><SP WIDTH="18" VPOS="903" HPOS="697"/>
							<String ID="string_229" HPOS="715" VPOS="903" WIDTH="47" HEIGHT="14" WC="0.96" CONTENT="man"/><SP WIDTH="18" VPOS="903" HPOS="762"/>
							<String ID="string_230" HPOS="780" VPOS="897" WIDTH="68" HEIGHT="19" WC="0.96" CONTENT="måste"/><SP WIDTH="15" VPOS="897" HPOS="848"/>
							<String ID="string_231" HPOS="863" VPOS="895" WIDTH="105" HEIGHT="27" WC="0.96" CONTENT="förmoda,"/><SP WIDTH="17" VPOS="895" HPOS="968"/>
							<String ID="string_232" HPOS="985" VPOS="897" WIDTH="31" HEIGHT="19" WC="0.96" CONTENT="att"/>
						</TextLine>
						<TextLine ID="line_27" HPOS="193" VPOS="923" WIDTH="822" HEIGHT="29">
							<String ID="string_233" HPOS="193" VPOS="923" WIDTH="77" HEIGHT="21" WC="0.96" CONTENT="sådant"/><SP WIDTH="19" VPOS="923" HPOS="270"/>
							<String ID="string_234" HPOS="289" VPOS="923" WIDTH="48" HEIGHT="21" WC="0.96" CONTENT="icke"/><SP WIDTH="20" VPOS="923" HPOS="337"/>
							<String ID="string_235" HPOS="357" VPOS="923" WIDTH="56" HEIGHT="27" WC="0.96" CONTENT="sker,"/><SP WIDTH="17" VPOS="923" HPOS="413"/>
							<String ID="string_236" HPOS="430" VPOS="923" WIDTH="40" HEIGHT="21" WC="0.96" CONTENT="och"/><SP WIDTH="15" VPOS="923" HPOS="470"/>
							<String ID="string_237" HPOS="485" VPOS="924" WIDTH="36" HEIGHT="21" WC="0.96" CONTENT="det"/><SP WIDTH="16" VPOS="924" HPOS="521"/>
							<String ID="string_238" HPOS="537" VPOS="924" WIDTH="39" HEIGHT="21" WC="0.96" CONTENT="har"/><SP WIDTH="15" VPOS="924" HPOS="576"/>
							<String ID="string_239" HPOS="591" VPOS="931" WIDTH="25" HEIGHT="14" WC="0.96" CONTENT="en"/><SP WIDTH="17" VPOS="931" HPOS="616"/>
							<String ID="string_240" HPOS="633" VPOS="925" WIDTH="78" HEIGHT="27" WC="0.96" CONTENT="mängd"/><SP WIDTH="16" VPOS="925" HPOS="711"/>
							<String ID="string_241" HPOS="727" VPOS="924" WIDTH="134" HEIGHT="28" WC="0.94" CONTENT="åligganden."/><SP WIDTH="32" VPOS="924" HPOS="861"/>
							<String ID="string_242" HPOS="893" VPOS="923" WIDTH="43" HEIGHT="22" WC="0.94" CONTENT="För"/><SP WIDTH="15" VPOS="923" HPOS="936"/>
							<String ID="string_243" HPOS="951" VPOS="924" WIDTH="64" HEIGHT="27" WC="0.96" CONTENT="öfrigt"/>
						</TextLine>
						<TextLine ID="line_28" HPOS="192" VPOS="951" WIDTH="822" HEIGHT="29">
							<String ID="string_244" HPOS="192" VPOS="952" WIDTH="42" HEIGHT="20" WC="0.96" CONTENT="kan"/><SP WIDTH="22" VPOS="952" HPOS="234"/>
							<String ID="string_245" HPOS="256" VPOS="951" WIDTH="38" HEIGHT="28" WC="0.96" CONTENT="jag"/><SP WIDTH="21" VPOS="951" HPOS="294"/>
							<String ID="string_246" HPOS="315" VPOS="952" WIDTH="48" HEIGHT="21" WC="0.96" CONTENT="icke"/><SP WIDTH="23" VPOS="952" HPOS="363"/>
							<String ID="string_247" HPOS="386" VPOS="952" WIDTH="74" HEIGHT="21" WC="0.96" CONTENT="förena"/><SP WIDTH="23" VPOS="952" HPOS="460"/>
							<String ID="string_248" HPOS="483" VPOS="953" WIDTH="42" HEIGHT="27" WC="0.96" CONTENT="mig"/><SP WIDTH="18" VPOS="953" HPOS="525"/>
							<String ID="string_249" HPOS="543" VPOS="959" WIDTH="42" HEIGHT="20" WC="0.96" CONTENT="om,"/><SP WIDTH="21" VPOS="959" HPOS="585"/>
							<String ID="string_250" HPOS="606" VPOS="955" WIDTH="31" HEIGHT="18" WC="0.96" CONTENT="att"/><SP WIDTH="17" VPOS="955" HPOS="637"/>
							<String ID="string_251" HPOS="654" VPOS="953" WIDTH="36" HEIGHT="21" WC="0.96" CONTENT="det"/><SP WIDTH="16" VPOS="953" HPOS="690"/>
							<String ID="string_252" HPOS="706" VPOS="953" WIDTH="68" HEIGHT="21" WC="0.92" CONTENT="skulle"/><SP WIDTH="16" VPOS="953" HPOS="774"/>
							<String ID="string_253" HPOS="790" VPOS="953" WIDTH="81" HEIGHT="20" WC="0.91" CONTENT="lemnas"/><SP WIDTH="16" VPOS="953" HPOS="871"/>
							<String ID="string_254" HPOS="887" VPOS="953" WIDTH="127" HEIGHT="27" WC="0.96" CONTENT="regeringen"/>
						</TextLine>
						<TextLine ID="line_29" HPOS="192" VPOS="980" WIDTH="823" HEIGHT="29">
							<String ID="string_255" HPOS="192" VPOS="981" WIDTH="66" HEIGHT="26" WC="0.96" CONTENT="öppet"/><SP WIDTH="23" VPOS="981" HPOS="258"/>
							<String ID="string_256" HPOS="281" VPOS="981" WIDTH="32" HEIGHT="20" WC="0.93" CONTENT="att"/><SP WIDTH="22" VPOS="981" HPOS="313"/>
							<String ID="string_257" HPOS="335" VPOS="980" WIDTH="80" HEIGHT="21" WC="0.93" CONTENT="insätta"/><SP WIDTH="18" VPOS="980" HPOS="415"/>
							<String ID="string_258" HPOS="433" VPOS="981" WIDTH="73" HEIGHT="27" WC="0.96" CONTENT="dylika"/><SP WIDTH="15" VPOS="981" HPOS="506"/>
							<String ID="string_259" HPOS="521" VPOS="981" WIDTH="144" HEIGHT="21" WC="0.96" CONTENT="auktoriteter"/><SP WIDTH="15" VPOS="981" HPOS="665"/>
							<String ID="string_260" HPOS="680" VPOS="983" WIDTH="38" HEIGHT="20" WC="0.96" CONTENT="när"/><SP WIDTH="16" VPOS="983" HPOS="718"/>
							<String ID="string_261" HPOS="734" VPOS="989" WIDTH="46" HEIGHT="14" WC="0.96" CONTENT="som"/><SP WIDTH="17" VPOS="989" HPOS="780"/>
							<String ID="string_262" HPOS="797" VPOS="981" WIDTH="61" HEIGHT="21" WC="0.96" CONTENT="helst."/><SP WIDTH="31" VPOS="981" HPOS="858"/>
							<String ID="string_263" HPOS="889" VPOS="981" WIDTH="42" HEIGHT="28" WC="0.96" CONTENT="Jag"/><SP WIDTH="15" VPOS="981" HPOS="931"/>
							<String ID="string_264" HPOS="946" VPOS="988" WIDTH="69" HEIGHT="20" WC="0.96" CONTENT="anser,"/>
						</TextLine>
						<TextLine ID="line_30" HPOS="192" VPOS="1009" WIDTH="823" HEIGHT="28">
							<String ID="string_265" HPOS="192" VPOS="1011" WIDTH="38" HEIGHT="22" WC="0.94" CONTENT="att,"/><SP WIDTH="23" VPOS="1011" HPOS="230"/>
							<String ID="string_266" HPOS="253" VPOS="1009" WIDTH="27" HEIGHT="20" WC="0.96" CONTENT="då"/><SP WIDTH="22" VPOS="1009" HPOS="280"/>
							<String ID="string_267" HPOS="302" VPOS="1009" WIDTH="69" HEIGHT="20" WC="0.96" CONTENT="denna"/><SP WIDTH="16" VPOS="1009" HPOS="371"/>
							<String ID="string_268" HPOS="387" VPOS="1009" WIDTH="35" HEIGHT="27" WC="0.93" CONTENT="lag"/><SP WIDTH="15" VPOS="1009" HPOS="422"/>
							<String ID="string_269" HPOS="437" VPOS="1009" WIDTH="70" HEIGHT="21" WC="0.92" CONTENT="stiftas"/><SP WIDTH="16" VPOS="1009" HPOS="507"/>
							<String ID="string_270" HPOS="523" VPOS="1010" WIDTH="23" HEIGHT="20" WC="0.96" CONTENT="af"/><SP WIDTH="18" VPOS="1010" HPOS="546"/>
							<String ID="string_271" HPOS="564" VPOS="1012" WIDTH="77" HEIGHT="25" WC="0.96" CONTENT="regent"/><SP WIDTH="22" VPOS="1012" HPOS="641"/>
							<String ID="string_272" HPOS="663" VPOS="1011" WIDTH="38" HEIGHT="20" WC="0.96" CONTENT="och"/><SP WIDTH="17" VPOS="1011" HPOS="701"/>
							<String ID="string_273" HPOS="718" VPOS="1010" WIDTH="89" HEIGHT="21" WC="0.96" CONTENT="ständer"/><SP WIDTH="15" VPOS="1010" HPOS="807"/>
							<String ID="string_274" HPOS="822" VPOS="1012" WIDTH="141" HEIGHT="25" WC="0.96" CONTENT="gemensamt,"/><SP WIDTH="16" VPOS="1012" HPOS="963"/>
							<String ID="string_275" HPOS="979" VPOS="1010" WIDTH="36" HEIGHT="20" WC="0.96" CONTENT="det"/>
						</TextLine>
						<TextLine ID="line_31" HPOS="191" VPOS="1037" WIDTH="824" HEIGHT="29">
							<String ID="string_276" HPOS="191" VPOS="1037" WIDTH="49" HEIGHT="21" WC="0.96" CONTENT="icke"/><SP WIDTH="23" VPOS="1037" HPOS="240"/>
							<String ID="string_277" HPOS="263" VPOS="1038" WIDTH="23" HEIGHT="20" WC="0.95" CONTENT="är"/><SP WIDTH="19" VPOS="1038" HPOS="286"/>
							<String ID="string_278" HPOS="305" VPOS="1037" WIDTH="76" HEIGHT="27" WC="0.95" CONTENT="riktigt"/><SP WIDTH="20" VPOS="1037" HPOS="381"/>
							<String ID="string_279" HPOS="401" VPOS="1037" WIDTH="39" HEIGHT="22" WC="0.97" CONTENT="och"/><SP WIDTH="23" VPOS="1037" HPOS="440"/>
							<String ID="string_280" HPOS="463" VPOS="1038" WIDTH="96" HEIGHT="28" WC="0.96" CONTENT="lämpligt"/><SP WIDTH="16" VPOS="1038" HPOS="559"/>
							<String ID="string_281" HPOS="575" VPOS="1041" WIDTH="31" HEIGHT="18" WC="0.96" CONTENT="att"/><SP WIDTH="17" VPOS="1041" HPOS="606"/>
							<String ID="string_282" HPOS="623" VPOS="1039" WIDTH="38" HEIGHT="20" WC="0.92" CONTENT="här"/><SP WIDTH="15" VPOS="1039" HPOS="661"/>
							<String ID="string_283" HPOS="676" VPOS="1039" WIDTH="74" HEIGHT="27" WC="0.91" CONTENT="afgöra"/><SP WIDTH="16" VPOS="1039" HPOS="750"/>
							<String ID="string_284" HPOS="766" VPOS="1039" WIDTH="66" HEIGHT="27" WC="0.95" CONTENT="något"/><SP WIDTH="16" VPOS="1039" HPOS="832"/>
							<String ID="string_285" HPOS="848" VPOS="1039" WIDTH="23" HEIGHT="20" WC="0.93" CONTENT="så"/><SP WIDTH="16" VPOS="1039" HPOS="871"/>
							<String ID="string_286" HPOS="887" VPOS="1038" WIDTH="128" HEIGHT="26" WC="0.90" CONTENT="obestämdt,"/>
						</TextLine>
						<TextLine ID="line_32" HPOS="192" VPOS="1066" WIDTH="822" HEIGHT="28">
							<String ID="string_287" HPOS="192" VPOS="1067" WIDTH="50" HEIGHT="19" WC="0.96" CONTENT="utan"/><SP WIDTH="18" VPOS="1067" HPOS="242"/>
							<String ID="string_288" HPOS="260" VPOS="1072" WIDTH="63" HEIGHT="14" WC="0.96" CONTENT="anser"/><SP WIDTH="13" VPOS="1072" HPOS="323"/>
							<String ID="string_289" HPOS="336" VPOS="1066" WIDTH="38" HEIGHT="27" WC="0.96" CONTENT="jag"/><SP WIDTH="16" VPOS="1066" HPOS="374"/>
							<String ID="string_290" HPOS="390" VPOS="1066" WIDTH="37" HEIGHT="20" WC="0.96" CONTENT="det"/><SP WIDTH="16" VPOS="1066" HPOS="427"/>
							<String ID="string_291" HPOS="443" VPOS="1073" WIDTH="50" HEIGHT="13" WC="0.96" CONTENT="vara"/><SP WIDTH="16" VPOS="1073" HPOS="493"/>
							<String ID="string_292" HPOS="509" VPOS="1066" WIDTH="86" HEIGHT="21" WC="0.93" CONTENT="alldeles"/><SP WIDTH="17" VPOS="1066" HPOS="595"/>
							<String ID="string_293" HPOS="612" VPOS="1067" WIDTH="123" HEIGHT="27" WC="0.92" CONTENT="ovilkorligt"/><SP WIDTH="16" VPOS="1067" HPOS="735"/>
							<String ID="string_294" HPOS="751" VPOS="1066" WIDTH="138" HEIGHT="28" WC="0.96" CONTENT="nödvändigt,"/><SP WIDTH="17" VPOS="1066" HPOS="889"/>
							<String ID="string_295" HPOS="906" VPOS="1068" WIDTH="33" HEIGHT="19" WC="0.93" CONTENT="att"/><SP WIDTH="8" VPOS="1068" HPOS="939"/>
							<String ID="string_296" HPOS="947" VPOS="1067" WIDTH="67" HEIGHT="20" WC="0.91" CONTENT="antin-"/>
						</TextLine>
						<TextLine ID="line_33" HPOS="192" VPOS="1093" WIDTH="623" HEIGHT="28">
							<String ID="string_297" HPOS="192" VPOS="1100" WIDTH="42" HEIGHT="21" WC="0.96" CONTENT="gen"/><SP WIDTH="17" VPOS="1100" HPOS="234"/>
							<String ID="string_298" HPOS="251" VPOS="1093" WIDTH="40" HEIGHT="21" WC="0.96" CONTENT="den"/><SP WIDTH="17" VPOS="1093" HPOS="291"/>
							<String ID="string_299" HPOS="308" VPOS="1100" WIDTH="41" HEIGHT="14" WC="0.96" CONTENT="ena"/><SP WIDTH="16" VPOS="1100" HPOS="349"/>
							<String ID="string_300" HPOS="365" VPOS="1094" WIDTH="52" HEIGHT="21" WC="0.96" CONTENT="eller"/><SP WIDTH="16" VPOS="1094" HPOS="417"/>
							<String ID="string_301" HPOS="433" VPOS="1094" WIDTH="66" HEIGHT="21" WC="0.93" CONTENT="andra"/><SP WIDTH="16" VPOS="1094" HPOS="499"/>
							<String ID="string_302" HPOS="515" VPOS="1095" WIDTH="146" HEIGHT="20" WC="0.92" CONTENT="auktoriteten"/><SP WIDTH="17" VPOS="1095" HPOS="661"/>
							<String ID="string_303" HPOS="678" VPOS="1095" WIDTH="137" HEIGHT="21" WC="0.91" CONTENT="bestämmes."/>
						</TextLine>
					</TextBlock>
					<TextBlock ID="block_5" HPOS="191" VPOS="1121" WIDTH="824" HEIGHT="136">
						<TextLine ID="line_34" HPOS="261" VPOS="1121" WIDTH="753" HEIGHT="30">
							<String ID="string_304" HPOS="261" VPOS="1121" WIDTH="58" HEIGHT="22" WC="0.96" CONTENT="Herr"/><SP WIDTH="15" VPOS="1121" HPOS="319"/>
							<String ID="string_305" HPOS="334" VPOS="1121" WIDTH="78" HEIGHT="22" WC="0.96" CONTENT="Rein:"/><SP WIDTH="19" VPOS="1121" HPOS="412"/>
							<String ID="string_306" HPOS="431" VPOS="1122" WIDTH="44" HEIGHT="28" WC="0.96" CONTENT="Jag"/><SP WIDTH="18" VPOS="1122" HPOS="475"/>
							<String ID="string_307" HPOS="493" VPOS="1123" WIDTH="37" HEIGHT="21" WC="0.96" CONTENT="ber"/><SP WIDTH="15" VPOS="1123" HPOS="530"/>
							<String ID="string_308" HPOS="545" VPOS="1125" WIDTH="33" HEIGHT="19" WC="0.93" CONTENT="att"/><SP WIDTH="15" VPOS="1125" HPOS="578"/>
							<String ID="string_309" HPOS="593" VPOS="1123" WIDTH="21" HEIGHT="21" WC="0.96" CONTENT="få"/><SP WIDTH="17" VPOS="1123" HPOS="614"/>
							<String ID="string_310" HPOS="631" VPOS="1123" WIDTH="139" HEIGHT="28" WC="0.96" CONTENT="understödja"/><SP WIDTH="16" VPOS="1123" HPOS="770"/>
							<String ID="string_311" HPOS="786" VPOS="1123" WIDTH="50" HEIGHT="21" WC="0.93" CONTENT="herr"/><SP WIDTH="15" VPOS="1123" HPOS="836"/>
							<String ID="string_312" HPOS="851" VPOS="1123" WIDTH="106" HEIGHT="28" WC="0.92" CONTENT="Pippings"/><SP WIDTH="15" VPOS="1123" HPOS="957"/>
							<String ID="string_313" HPOS="972" VPOS="1123" WIDTH="42" HEIGHT="21" WC="0.92" CONTENT="för-"/>
						</TextLine>
						<TextLine ID="line_35" HPOS="192" VPOS="1150" WIDTH="823" HEIGHT="29">
							<String ID="string_314" HPOS="192" VPOS="1150" WIDTH="55" HEIGHT="27" WC="0.96" CONTENT="slag;"/><SP WIDTH="24" VPOS="1150" HPOS="247"/>
							<String ID="string_315" HPOS="271" VPOS="1150" WIDTH="27" HEIGHT="21" WC="0.96" CONTENT="då"/><SP WIDTH="23" VPOS="1150" HPOS="298"/>
							<String ID="string_316" HPOS="321" VPOS="1151" WIDTH="36" HEIGHT="20" WC="0.93" CONTENT="det"/><SP WIDTH="22" VPOS="1151" HPOS="357"/>
							<String ID="string_317" HPOS="379" VPOS="1151" WIDTH="76" HEIGHT="28" WC="0.96" CONTENT="tyckes"/><SP WIDTH="23" VPOS="1151" HPOS="455"/>
							<String ID="string_318" HPOS="478" VPOS="1159" WIDTH="51" HEIGHT="13" WC="0.93" CONTENT="vara"/><SP WIDTH="19" VPOS="1159" HPOS="529"/>
							<String ID="string_319" HPOS="548" VPOS="1152" WIDTH="137" HEIGHT="27" WC="0.93" CONTENT="temmeligen"/><SP WIDTH="21" VPOS="1152" HPOS="685"/>
							<String ID="string_320" HPOS="706" VPOS="1152" WIDTH="62" HEIGHT="26" WC="0.96" CONTENT="klart,"/><SP WIDTH="18" VPOS="1152" HPOS="768"/>
							<String ID="string_321" HPOS="786" VPOS="1153" WIDTH="32" HEIGHT="20" WC="0.95" CONTENT="att"/><SP WIDTH="15" VPOS="1153" HPOS="818"/>
							<String ID="string_322" HPOS="833" VPOS="1151" WIDTH="33" HEIGHT="22" WC="0.96" CONTENT="för"/><SP WIDTH="16" VPOS="1151" HPOS="866"/>
							<String ID="string_323" HPOS="882" VPOS="1152" WIDTH="133" HEIGHT="21" WC="0.96" CONTENT="närvarande"/>
						</TextLine>
						<TextLine ID="line_36" HPOS="191" VPOS="1179" WIDTH="824" HEIGHT="29">
							<String ID="string_324" HPOS="191" VPOS="1179" WIDTH="63" HEIGHT="27" WC="0.96" CONTENT="ingen"/><SP WIDTH="17" VPOS="1179" HPOS="254"/>
							<String ID="string_325" HPOS="271" VPOS="1179" WIDTH="88" HEIGHT="28" WC="0.96" CONTENT="lämplig"/><SP WIDTH="15" VPOS="1179" HPOS="359"/>
							<String ID="string_326" HPOS="374" VPOS="1179" WIDTH="39" HEIGHT="21" WC="0.93" CONTENT="och"/><SP WIDTH="16" VPOS="1179" HPOS="413"/>
							<String ID="string_327" HPOS="429" VPOS="1179" WIDTH="126" HEIGHT="28" WC="0.91" CONTENT="kompetent"/><SP WIDTH="16" VPOS="1179" HPOS="555"/>
							<String ID="string_328" HPOS="571" VPOS="1181" WIDTH="118" HEIGHT="20" WC="0.92" CONTENT="auktoritet"/><SP WIDTH="15" VPOS="1181" HPOS="689"/>
							<String ID="string_329" HPOS="704" VPOS="1181" WIDTH="75" HEIGHT="24" WC="0.91" CONTENT="finnes,"/><SP WIDTH="17" VPOS="1181" HPOS="779"/>
							<String ID="string_330" HPOS="796" VPOS="1186" WIDTH="62" HEIGHT="15" WC="0.96" CONTENT="anser"/><SP WIDTH="9" VPOS="1186" HPOS="858"/>
							<String ID="string_331" HPOS="867" VPOS="1181" WIDTH="38" HEIGHT="27" WC="0.96" CONTENT="jag"/><SP WIDTH="12" VPOS="1181" HPOS="905"/>
							<String ID="string_332" HPOS="917" VPOS="1180" WIDTH="36" HEIGHT="21" WC="0.97" CONTENT="det"/><SP WIDTH="12" VPOS="1180" HPOS="953"/>
							<String ID="string_333" HPOS="965" VPOS="1187" WIDTH="50" HEIGHT="14" WC="0.97" CONTENT="vara"/>
						</TextLine>
						<TextLine ID="line_37" HPOS="191" VPOS="1207" WIDTH="822" HEIGHT="30">
							<String ID="string_334" HPOS="191" VPOS="1207" WIDTH="108" HEIGHT="28" WC="0.92" CONTENT="riktigare,"/><SP WIDTH="21" VPOS="1207" HPOS="299"/>
							<String ID="string_335" HPOS="320" VPOS="1210" WIDTH="32" HEIGHT="18" WC="0.96" CONTENT="att"/><SP WIDTH="19" VPOS="1210" HPOS="352"/>
							<String ID="string_336" HPOS="371" VPOS="1207" WIDTH="37" HEIGHT="21" WC="0.93" CONTENT="det"/><SP WIDTH="19" VPOS="1207" HPOS="408"/>
							<String ID="string_337" HPOS="427" VPOS="1208" WIDTH="80" HEIGHT="21" WC="0.91" CONTENT="lemnas"/><SP WIDTH="16" VPOS="1208" HPOS="507"/>
							<String ID="string_338" HPOS="523" VPOS="1210" WIDTH="65" HEIGHT="27" WC="0.84" CONTENT="Öppet"/><SP WIDTH="16" VPOS="1210" HPOS="588"/>
							<String ID="string_339" HPOS="604" VPOS="1211" WIDTH="32" HEIGHT="18" WC="0.93" CONTENT="att"/><SP WIDTH="15" VPOS="1211" HPOS="636"/>
							<String ID="string_340" HPOS="651" VPOS="1209" WIDTH="115" HEIGHT="21" WC="0.92" CONTENT="framdeles"/><SP WIDTH="17" VPOS="1209" HPOS="766"/>
							<String ID="string_341" HPOS="783" VPOS="1212" WIDTH="66" HEIGHT="24" WC="0.92" CONTENT="utses,"/><SP WIDTH="14" VPOS="1212" HPOS="849"/>
							<String ID="string_342" HPOS="863" VPOS="1209" WIDTH="27" HEIGHT="21" WC="0.96" CONTENT="dä"/><SP WIDTH="15" VPOS="1209" HPOS="890"/>
							<String ID="string_343" HPOS="905" VPOS="1216" WIDTH="27" HEIGHT="14" WC="0.93" CONTENT="en"/><SP WIDTH="16" VPOS="1216" HPOS="932"/>
							<String ID="string_344" HPOS="948" VPOS="1209" WIDTH="65" HEIGHT="21" WC="0.92" CONTENT="sädan"/>
						</TextLine>
						<TextLine ID="line_38" HPOS="191" VPOS="1236" WIDTH="216" HEIGHT="21">
							<String ID="string_345" HPOS="191" VPOS="1236" WIDTH="85" HEIGHT="20" WC="0.92" CONTENT="komme"/><SP WIDTH="15" VPOS="1236" HPOS="276"/>
							<String ID="string_346" HPOS="291" VPOS="1236" WIDTH="31" HEIGHT="20" WC="0.93" CONTENT="till"/><SP WIDTH="17" VPOS="1236" HPOS="322"/>
							<String ID="string_347" HPOS="339" VPOS="1236" WIDTH="68" HEIGHT="21" WC="0.93" CONTENT="ständ."/>
						</TextLine>
					</TextBlock>
					<TextBlock ID="block_6" HPOS="190" VPOS="1263" WIDTH="825" HEIGHT="229">
						<TextLine ID="line_39" HPOS="260" VPOS="1263" WIDTH="753" HEIGHT="30">
							<String ID="string_348" HPOS="260" VPOS="1263" WIDTH="57" HEIGHT="22" WC="0.96" CONTENT="Herr"/><SP WIDTH="16" VPOS="1263" HPOS="317"/>
							<String ID="string_349" HPOS="333" VPOS="1264" WIDTH="126" HEIGHT="28" WC="0.96" CONTENT="Pipping,"/><SP WIDTH="17" VPOS="1264" HPOS="459"/>
							<String ID="string_350" HPOS="476" VPOS="1265" WIDTH="110" HEIGHT="21" WC="0.93" CONTENT="Fridolf:"/><SP WIDTH="16" VPOS="1265" HPOS="586"/>
							<String ID="string_351" HPOS="602" VPOS="1265" WIDTH="34" HEIGHT="21" WC="0.96" CONTENT="Då"/><SP WIDTH="16" VPOS="1265" HPOS="636"/>
							<String ID="string_352" HPOS="652" VPOS="1273" WIDTH="26" HEIGHT="14" WC="0.97" CONTENT="en"/><SP WIDTH="16" VPOS="1273" HPOS="678"/>
							<String ID="string_353" HPOS="694" VPOS="1266" WIDTH="34" HEIGHT="21" WC="0.93" CONTENT="del"/><SP WIDTH="14" VPOS="1266" HPOS="728"/>
							<String ID="string_354" HPOS="742" VPOS="1266" WIDTH="70" HEIGHT="21" WC="0.96" CONTENT="talare"/><SP WIDTH="11" VPOS="1266" HPOS="812"/>
							<String ID="string_355" HPOS="823" VPOS="1266" WIDTH="75" HEIGHT="27" WC="0.96" CONTENT="tyckas"/><SP WIDTH="12" VPOS="1266" HPOS="898"/>
							<String ID="string_356" HPOS="910" VPOS="1266" WIDTH="53" HEIGHT="27" WC="0.93" CONTENT="hysa"/><SP WIDTH="10" VPOS="1266" HPOS="963"/>
							<String ID="string_357" HPOS="973" VPOS="1266" WIDTH="40" HEIGHT="21" WC="0.92" CONTENT="far-"/>
						</TextLine>
						<TextLine ID="line_40" HPOS="191" VPOS="1293" WIDTH="824" HEIGHT="30">
							<String ID="string_358" HPOS="191" VPOS="1293" WIDTH="67" HEIGHT="27" WC="0.92" CONTENT="hägor"/><SP WIDTH="15" VPOS="1293" HPOS="258"/>
							<String ID="string_359" HPOS="273" VPOS="1293" WIDTH="34" HEIGHT="20" WC="0.96" CONTENT="för"/><SP WIDTH="15" VPOS="1293" HPOS="307"/>
							<String ID="string_360" HPOS="322" VPOS="1299" WIDTH="25" HEIGHT="14" WC="0.96" CONTENT="en"/><SP WIDTH="17" VPOS="1299" HPOS="347"/>
							<String ID="string_361" HPOS="364" VPOS="1293" WIDTH="55" HEIGHT="20" WC="0.93" CONTENT="först"/><SP WIDTH="15" VPOS="1293" HPOS="419"/>
							<String ID="string_362" HPOS="434" VPOS="1294" WIDTH="114" HEIGHT="21" WC="0.93" CONTENT="framdeles"/><SP WIDTH="15" VPOS="1294" HPOS="548"/>
							<String ID="string_363" HPOS="563" VPOS="1294" WIDTH="97" HEIGHT="21" WC="0.93" CONTENT="bestämd"/><SP WIDTH="12" VPOS="1294" HPOS="660"/>
							<String ID="string_364" HPOS="672" VPOS="1295" WIDTH="134" HEIGHT="28" WC="0.92" CONTENT="myndighet,"/><SP WIDTH="12" VPOS="1295" HPOS="806"/>
							<String ID="string_365" HPOS="818" VPOS="1301" WIDTH="43" HEIGHT="14" WC="0.96" CONTENT="som"/><SP WIDTH="12" VPOS="1301" HPOS="861"/>
							<String ID="string_366" HPOS="873" VPOS="1295" WIDTH="70" HEIGHT="20" WC="0.93" CONTENT="skulle"/><SP WIDTH="11" VPOS="1295" HPOS="943"/>
							<String ID="string_367" HPOS="954" VPOS="1295" WIDTH="61" HEIGHT="20" WC="0.93" CONTENT="träda"/>
						</TextLine>
						<TextLine ID="line_41" HPOS="190" VPOS="1321" WIDTH="824" HEIGHT="30">
							<String ID="string_368" HPOS="190" VPOS="1321" WIDTH="6" HEIGHT="20" WC="0.92" CONTENT="i"/><SP WIDTH="24" VPOS="1321" HPOS="196"/>
							<String ID="string_369" HPOS="220" VPOS="1321" WIDTH="71" HEIGHT="20" WC="0.92" CONTENT="stället"/><SP WIDTH="22" VPOS="1321" HPOS="291"/>
							<String ID="string_370" HPOS="313" VPOS="1321" WIDTH="34" HEIGHT="20" WC="0.93" CONTENT="för"/><SP WIDTH="22" VPOS="1321" HPOS="347"/>
							<String ID="string_371" HPOS="369" VPOS="1322" WIDTH="150" HEIGHT="21" WC="0.92" CONTENT="consistorium"/><SP WIDTH="19" VPOS="1322" HPOS="519"/>
							<String ID="string_372" HPOS="538" VPOS="1323" WIDTH="153" HEIGHT="26" WC="0.92" CONTENT="academicum,"/><SP WIDTH="21" VPOS="1323" HPOS="691"/>
							<String ID="string_373" HPOS="712" VPOS="1324" WIDTH="24" HEIGHT="20" WC="0.91" CONTENT="sä"/><SP WIDTH="23" VPOS="1324" HPOS="736"/>
							<String ID="string_374" HPOS="759" VPOS="1323" WIDTH="68" HEIGHT="27" WC="0.91" CONTENT="vägar"/><SP WIDTH="13" VPOS="1323" HPOS="827"/>
							<String ID="string_375" HPOS="840" VPOS="1323" WIDTH="38" HEIGHT="28" WC="0.93" CONTENT="jag"/><SP WIDTH="15" VPOS="1323" HPOS="878"/>
							<String ID="string_376" HPOS="893" VPOS="1323" WIDTH="80" HEIGHT="21" WC="0.93" CONTENT="föreslä"/><SP WIDTH="15" VPOS="1323" HPOS="973"/>
							<String ID="string_377" HPOS="988" VPOS="1329" WIDTH="26" HEIGHT="14" WC="0.97" CONTENT="en"/>
						</TextLine>
						<TextLine ID="line_42" HPOS="190" VPOS="1349" WIDTH="825" HEIGHT="30">
							<String ID="string_378" HPOS="190" VPOS="1349" WIDTH="51" HEIGHT="21" WC="0.95" CONTENT="liten"/><SP WIDTH="16" VPOS="1349" HPOS="241"/>
							<String ID="string_379" HPOS="257" VPOS="1349" WIDTH="90" HEIGHT="28" WC="0.95" CONTENT="ändring"/><SP WIDTH="15" VPOS="1349" HPOS="347"/>
							<String ID="string_380" HPOS="362" VPOS="1350" WIDTH="7" HEIGHT="21" WC="0.96" CONTENT="i"/><SP WIDTH="16" VPOS="1350" HPOS="369"/>
							<String ID="string_381" HPOS="385" VPOS="1351" WIDTH="48" HEIGHT="20" WC="0.96" CONTENT="mitt"/><SP WIDTH="18" VPOS="1351" HPOS="433"/>
							<String ID="string_382" HPOS="451" VPOS="1351" WIDTH="54" HEIGHT="20" WC="0.93" CONTENT="först"/><SP WIDTH="15" VPOS="1351" HPOS="505"/>
							<String ID="string_383" HPOS="520" VPOS="1351" WIDTH="133" HEIGHT="21" WC="0.90" CONTENT="framställda"/><SP WIDTH="16" VPOS="1351" HPOS="653"/>
							<String ID="string_384" HPOS="669" VPOS="1351" WIDTH="74" HEIGHT="28" WC="0.90" CONTENT="tillägg"/><SP WIDTH="17" VPOS="1351" HPOS="743"/>
							<String ID="string_385" HPOS="760" VPOS="1351" WIDTH="82" HEIGHT="27" WC="0.92" CONTENT="härvid,"/><SP WIDTH="17" VPOS="1351" HPOS="842"/>
							<String ID="string_386" HPOS="859" VPOS="1352" WIDTH="106" HEIGHT="27" WC="0.91" CONTENT="nemligen"/><SP WIDTH="18" VPOS="1352" HPOS="965"/>
							<String ID="string_387" HPOS="983" VPOS="1353" WIDTH="32" HEIGHT="18" WC="0.96" CONTENT="att"/>
						</TextLine>
						<TextLine ID="line_43" HPOS="190" VPOS="1377" WIDTH="823" HEIGHT="31">
							<String ID="string_388" HPOS="190" VPOS="1377" WIDTH="120" HEIGHT="22" WC="0.96" CONTENT="detsamma"/><SP WIDTH="16" VPOS="1377" HPOS="310"/>
							<String ID="string_389" HPOS="326" VPOS="1379" WIDTH="68" HEIGHT="20" WC="0.93" CONTENT="skulle"/><SP WIDTH="16" VPOS="1379" HPOS="394"/>
							<String ID="string_390" HPOS="410" VPOS="1379" WIDTH="61" HEIGHT="28" WC="0.93" CONTENT="lyda:"/><SP WIDTH="14" VPOS="1379" HPOS="471"/>
							<String ID="string_391" HPOS="485" VPOS="1380" WIDTH="66" HEIGHT="25" WC="0.84" CONTENT=",,eller"/><SP WIDTH="16" VPOS="1380" HPOS="551"/>
							<String ID="string_392" HPOS="567" VPOS="1387" WIDTH="70" HEIGHT="13" WC="0.93" CONTENT="annan"/><SP WIDTH="17" VPOS="1387" HPOS="637"/>
							<String ID="string_393" HPOS="654" VPOS="1380" WIDTH="151" HEIGHT="27" WC="0.96" CONTENT="vetenskaplig"/><SP WIDTH="15" VPOS="1380" HPOS="805"/>
							<String ID="string_394" HPOS="820" VPOS="1380" WIDTH="132" HEIGHT="28" WC="0.96" CONTENT="myndighet,"/><SP WIDTH="16" VPOS="1380" HPOS="952"/>
							<String ID="string_395" HPOS="968" VPOS="1386" WIDTH="45" HEIGHT="15" WC="0.97" CONTENT="som"/>
						</TextLine>
						<TextLine ID="line_44" HPOS="190" VPOS="1406" WIDTH="824" HEIGHT="30">
							<String ID="string_396" HPOS="190" VPOS="1406" WIDTH="70" HEIGHT="21" WC="0.92" CONTENT="dertill"/><SP WIDTH="15" VPOS="1406" HPOS="260"/>
							<String ID="string_397" HPOS="275" VPOS="1407" WIDTH="134" HEIGHT="21" WC="0.9" CONTENT="förordnas&quot;."/><SP WIDTH="32" VPOS="1407" HPOS="409"/>
							<String ID="string_398" HPOS="441" VPOS="1408" WIDTH="34" HEIGHT="20" WC="0.76" CONTENT="Dä"/><SP WIDTH="20" VPOS="1408" HPOS="475"/>
							<String ID="string_399" HPOS="495" VPOS="1408" WIDTH="91" HEIGHT="21" WC="0.92" CONTENT="behöfde"/><SP WIDTH="16" VPOS="1408" HPOS="586"/>
							<String ID="string_400" HPOS="602" VPOS="1415" WIDTH="48" HEIGHT="14" WC="0.96" CONTENT="man"/><SP WIDTH="16" VPOS="1415" HPOS="650"/>
							<String ID="string_401" HPOS="666" VPOS="1409" WIDTH="48" HEIGHT="20" WC="0.96" CONTENT="icke"/><SP WIDTH="17" VPOS="1409" HPOS="714"/>
							<String ID="string_402" HPOS="731" VPOS="1409" WIDTH="81" HEIGHT="24" WC="0.96" CONTENT="befara,"/><SP WIDTH="16" VPOS="1409" HPOS="812"/>
							<String ID="string_403" HPOS="828" VPOS="1411" WIDTH="32" HEIGHT="18" WC="0.96" CONTENT="att"/><SP WIDTH="16" VPOS="1411" HPOS="860"/>
							<String ID="string_404" HPOS="876" VPOS="1409" WIDTH="70" HEIGHT="27" WC="0.93" CONTENT="någon"/><SP WIDTH="17" VPOS="1409" HPOS="946"/>
							<String ID="string_405" HPOS="963" VPOS="1415" WIDTH="51" HEIGHT="14" WC="0.92" CONTENT="van-"/>
						</TextLine>
						<TextLine ID="line_45" HPOS="190" VPOS="1435" WIDTH="823" HEIGHT="29">
							<String ID="string_406" HPOS="190" VPOS="1435" WIDTH="29" HEIGHT="27" WC="0.96" CONTENT="lig"/><SP WIDTH="15" VPOS="1435" HPOS="219"/>
							<String ID="string_407" HPOS="234" VPOS="1435" WIDTH="159" HEIGHT="21" WC="0.95" CONTENT="administrativ"/><SP WIDTH="16" VPOS="1435" HPOS="393"/>
							<String ID="string_408" HPOS="409" VPOS="1437" WIDTH="125" HEIGHT="27" WC="0.96" CONTENT="myndighet"/><SP WIDTH="16" VPOS="1437" HPOS="534"/>
							<String ID="string_409" HPOS="550" VPOS="1436" WIDTH="106" HEIGHT="25" WC="0.94" CONTENT="tillsattes,"/><SP WIDTH="17" VPOS="1436" HPOS="656"/>
							<String ID="string_410" HPOS="673" VPOS="1437" WIDTH="86" HEIGHT="21" WC="0.96" CONTENT="hvilken"/><SP WIDTH="18" VPOS="1437" HPOS="759"/>
							<String ID="string_411" HPOS="777" VPOS="1437" WIDTH="48" HEIGHT="21" WC="0.96" CONTENT="icke"/><SP WIDTH="10" VPOS="1437" HPOS="825"/>
							<String ID="string_412" HPOS="835" VPOS="1443" WIDTH="52" HEIGHT="15" WC="0.96" CONTENT="vore"/><SP WIDTH="9" VPOS="1443" HPOS="887"/>
							<String ID="string_413" HPOS="896" VPOS="1437" WIDTH="48" HEIGHT="21" WC="0.92" CONTENT="fullt"/><SP WIDTH="11" VPOS="1437" HPOS="944"/>
							<String ID="string_414" HPOS="955" VPOS="1437" WIDTH="58" HEIGHT="21" WC="0.92" CONTENT="kom-"/>
						</TextLine>
						<TextLine ID="line_46" HPOS="190" VPOS="1463" WIDTH="484" HEIGHT="29">
							<String ID="string_415" HPOS="190" VPOS="1465" WIDTH="76" HEIGHT="24" WC="0.92" CONTENT="petent"/><SP WIDTH="15" VPOS="1465" HPOS="266"/>
							<String ID="string_416" HPOS="281" VPOS="1465" WIDTH="32" HEIGHT="19" WC="0.96" CONTENT="att"/><SP WIDTH="17" VPOS="1465" HPOS="313"/>
							<String ID="string_417" HPOS="330" VPOS="1463" WIDTH="44" HEIGHT="21" WC="0.95" CONTENT="lösa"/><SP WIDTH="16" VPOS="1463" HPOS="374"/>
							<String ID="string_418" HPOS="390" VPOS="1464" WIDTH="31" HEIGHT="20" WC="0.96" CONTENT="sin"/><SP WIDTH="18" VPOS="1464" HPOS="421"/>
							<String ID="string_419" HPOS="439" VPOS="1464" WIDTH="84" HEIGHT="28" WC="0.92" CONTENT="uppgift"/><SP WIDTH="16" VPOS="1464" HPOS="523"/>
							<String ID="string_420" HPOS="539" VPOS="1464" WIDTH="135" HEIGHT="22" WC="0.92" CONTENT="härutinnan."/>
						</TextLine>
					</TextBlock>
					<TextBlock ID="block_7" HPOS="189" VPOS="1491" WIDTH="824" HEIGHT="58">
						<TextLine ID="line_47" HPOS="204" VPOS="1491" WIDTH="809" HEIGHT="29">
							<String ID="string_421" HPOS="204" VPOS="1497" WIDTH="2" HEIGHT="2" WC="0.53" CONTENT="*"/><SP WIDTH="32" VPOS="1497" HPOS="206"/>
							<String ID="string_422" HPOS="238" VPOS="1487" WIDTH="13" HEIGHT="38" WC="0.54" CONTENT="—"/><SP WIDTH="8" VPOS="1487" HPOS="251"/>
							<String ID="string_423" HPOS="259" VPOS="1491" WIDTH="58" HEIGHT="21" WC="0.92" CONTENT="Herr"/><SP WIDTH="16" VPOS="1491" HPOS="317"/>
							<String ID="string_424" HPOS="333" VPOS="1492" WIDTH="183" HEIGHT="28" WC="0.92" CONTENT="Godenhjelm:"/><SP WIDTH="16" VPOS="1492" HPOS="516"/>
							<String ID="string_425" HPOS="532" VPOS="1493" WIDTH="43" HEIGHT="27" WC="0.96" CONTENT="Jag"/><SP WIDTH="11" VPOS="1493" HPOS="575"/>
							<String ID="string_426" HPOS="586" VPOS="1493" WIDTH="48" HEIGHT="21" WC="0.96" CONTENT="ville"/><SP WIDTH="12" VPOS="1493" HPOS="634"/>
							<String ID="string_427" HPOS="646" VPOS="1494" WIDTH="102" HEIGHT="20" WC="0.96" CONTENT="anmärka"/><SP WIDTH="12" VPOS="1494" HPOS="748"/>
							<String ID="string_428" HPOS="760" VPOS="1492" WIDTH="59" HEIGHT="22" WC="0.96" CONTENT="emot"/><SP WIDTH="11" VPOS="1492" HPOS="819"/>
							<String ID="string_429" HPOS="830" VPOS="1493" WIDTH="49" HEIGHT="21" WC="0.93" CONTENT="herr"/><SP WIDTH="12" VPOS="1493" HPOS="879"/>
							<String ID="string_430" HPOS="891" VPOS="1493" WIDTH="122" HEIGHT="26" WC="0.92" CONTENT="Edelsköld,"/>
						</TextLine>
						<TextLine ID="line_48" HPOS="189" VPOS="1519" WIDTH="824" HEIGHT="30">
							<String ID="string_431" HPOS="189" VPOS="1521" WIDTH="32" HEIGHT="19" WC="0.96" CONTENT="att"/><SP WIDTH="16" VPOS="1521" HPOS="221"/>
							<String ID="string_432" HPOS="237" VPOS="1519" WIDTH="41" HEIGHT="21" WC="0.93" CONTENT="den"/><SP WIDTH="21" VPOS="1519" HPOS="278"/>
							<String ID="string_433" HPOS="299" VPOS="1520" WIDTH="112" HEIGHT="28" WC="0.91" CONTENT="farhågan,"/><SP WIDTH="20" VPOS="1520" HPOS="411"/>
							<String ID="string_434" HPOS="431" VPOS="1524" WIDTH="32" HEIGHT="18" WC="0.96" CONTENT="att"/><SP WIDTH="15" VPOS="1524" HPOS="463"/>
							<String ID="string_435" HPOS="478" VPOS="1528" WIDTH="26" HEIGHT="14" WC="0.96" CONTENT="en"/><SP WIDTH="16" VPOS="1528" HPOS="504"/>
							<String ID="string_436" HPOS="520" VPOS="1528" WIDTH="71" HEIGHT="14" WC="0.96" CONTENT="annan"/><SP WIDTH="17" VPOS="1528" HPOS="591"/>
							<String ID="string_437" HPOS="608" VPOS="1522" WIDTH="126" HEIGHT="27" WC="0.96" CONTENT="myndighet"/><SP WIDTH="16" VPOS="1522" HPOS="734"/>
							<String ID="string_438" HPOS="750" VPOS="1522" WIDTH="70" HEIGHT="20" WC="0.96" CONTENT="skulle"/><SP WIDTH="17" VPOS="1522" HPOS="820"/>
							<String ID="string_439" HPOS="837" VPOS="1524" WIDTH="67" HEIGHT="19" WC="0.96" CONTENT="sättas"/><SP WIDTH="17" VPOS="1524" HPOS="904"/>
							<String ID="string_440" HPOS="921" VPOS="1523" WIDTH="4" HEIGHT="19" WC="0.96" CONTENT="i"/><SP WIDTH="18" VPOS="1523" HPOS="925"/>
							<String ID="string_441" HPOS="943" VPOS="1522" WIDTH="70" HEIGHT="21" WC="0.96" CONTENT="stället"/>
						</TextLine>
					</TextBlock>
				</ComposedBlock>
			</PrintSpace>
		</Page>
	</Layout>
</alto>
