1134 1803
462 115 39 16 Den
515 116 19 15 11
549 115 37 21 Maj
876 114 39 20 115

116 170 76 28 början
217 171 23 21 af
261 171 19 27 8,
296 178 33 14 om
351 172 77 20 endast
444 172 36 20 två
495 172 34 20 års
545 172 114 27 tjenstetid
676 171 39 21 och
732 173 32 19 ett
779 171 69 28 dylikt
863 171 80 21 undan-

117 199 87 27 tagsfall
227 199 82 21 således
331 201 24 19 är
372 201 69 19 utsatt
457 200 38 20 och
513 200 107 20 förutsedt
636 200 65 20 redan
718 200 7 20 i
741 206 81 14 samma
838 199 105 28 paragraf,

118 228 62 20 torde
203 228 61 21 ordet
287 228 20 25 ,i
330 228 129 21 allmänhet"
485 228 51 21 böra
555 229 33 20 för
604 228 37 21 det
658 228 83 28 logiska
756 228 187 27 sammanhangets

118 256 56 21 skull
190 256 5 21 i
212 256 75 28 början
303 257 23 20 af
339 257 12 27 &
367 257 99 20 insättas.

187 284 33 22 På
243 285 48 21 herr
314 285 209 21 landtmarskalkens
546 285 159 28 framställning
724 287 78 25 antogs
818 284 125 28 paragrafen

118 313 137 22 oförändrad.
873 316 2 2 |

188 342 58 21 Utan
263 342 141 27 anmärkning
420 342 126 27 godkändes
563 342 25 27 88
604 343 91 20 70—74.

188 370 42 21 Vid
246 371 27 20 75
289 371 12 26 &
317 371 81 20 anhölls
414 371 63 20 ordet
493 371 23 20 af

188 398 58 21 Herr
261 399 140 26 Snellman,
417 405 46 15 som
479 399 97 28 yttrade:
594 399 43 21 Det
652 401 24 19 är
689 399 62 28 just
743 394 13 37 i
764 399 26 21 75
800 399 18 27 8,
830 406 44 13 som
886 398 56 21 stad-

120 427 80 27 gandet
220 427 143 21 förekommer
379 434 34 14 om
429 428 95 27 sjömans
541 428 50 21 vård
609 427 67 22 under
692 428 53 20 hans
762 427 106 28 sjukdom.
899 427 45 20 Der

120 455 76 28 tycker
219 462 55 19 man,
299 459 32 18 att
353 456 160 21 humanitetens
529 457 54 28 pligt
598 457 24 20 är
637 456 105 28 uppfylld,
759 456 76 21 endast
850 456 93 21 rederiet

120 486 76 25 ätager
210 485 33 27 sig
259 487 30 18 att
306 485 65 21 vårda
387 485 76 20 honom
480 485 68 21 under
563 493 26 13 en
607 485 83 26 månad,
708 485 61 20 äfven
781 491 34 14 om
827 485 41 20 han
879 484 64 21 ådra-

120 513 31 26 git
166 513 34 27 sig
215 513 72 21 ohelsa
303 513 5 20 i
325 513 104 22 rederiets
444 514 74 27 tjenst.
549 513 44 21 För
609 514 42 20 min
668 513 103 28 ödmjuka
786 513 34 21 del
835 520 63 14 anser
906 513 38 28 jag

121 541 37 21 det
181 549 51 14 vara
248 542 103 21 rederiets
367 542 99 21 absoluta
482 543 124 27 skyldighet
622 545 32 18 att
669 542 63 21 vårda
749 542 78 21 honom
844 542 23 20 så
882 541 62 28 länge

120 569 40 21 han
185 571 24 19 är
231 571 49 27 sjuk
303 571 58 25 eller,
378 578 34 13 om
432 571 52 20 hans
502 571 100 27 sjukdom
618 571 72 27 dröjer
706 571 71 20 alltför
793 571 68 27 länge,
878 570 65 27 draga

121 598 51 21 vård
196 606 34 13 om
252 601 31 19 att
299 600 40 20 han
355 600 163 20 återförskaffas
534 600 31 20 till
582 600 31 20 sin
628 599 91 24 hemort,
736 600 39 20 och
791 601 32 19 att
838 599 105 27 skeppare

122 627 38 20 bör
176 627 62 21 ställa
254 628 5 20 i
277 628 130 20 fremmande
422 628 63 20 hamn
502 628 102 20 säkerhet
620 628 32 20 för
669 628 170 21 verkställandet
855 627 22 21 af
891 627 52 21 hans

120 656 52 20 vård
196 656 48 21 icke
268 656 53 21 blott
344 656 33 21 för
397 663 25 14 en
447 657 78 20 månad
541 657 52 20 eller
610 658 42 23 två,
669 659 50 18 utan
737 657 23 20 så
775 659 45 18 stor
836 656 107 26 säkerhet,

120 690 46 14 som
189 685 88 27 pröfvas
296 685 69 27 skälig
383 684 33 22 för
432 687 31 19 att
481 686 75 26 bringa
572 685 78 21 honom
666 685 30 21 till
714 685 59 21 helsa
788 685 52 21 eller
855 684 88 22 återför-

121 712 68 21 skaffa
213 713 77 21 honom
313 714 31 19 till
364 714 118 20 hemorten.
514 714 43 20 Det
577 715 24 20 är
616 717 32 17 ett
664 716 54 18 stort
734 714 82 26 elände,
832 720 45 13 som
894 714 50 19 våra

121 741 82 27 sjömän
226 743 37 20 äro
286 742 158 21 underkastade
463 742 7 20 i
488 742 53 28 följd
560 742 24 21 af
596 743 40 20 den
654 742 60 27 ringa
730 741 137 26 omvårdnad,
884 741 59 21 rede-

122 770 70 21 rierna
216 777 33 14 om
273 771 47 20 dem
341 771 75 20 hittills
435 771 55 27 tagit
506 771 39 20 och
562 771 5 20 i
585 771 51 27 följd
653 771 67 24 deraf,
736 773 31 18 att
782 770 161 27 lagstiftningen

121 798 47 21 icke
184 799 58 27 ålagt
258 799 48 20 dem
321 799 60 21 detta
397 801 91 26 strängt.
512 799 49 21 Man
579 800 81 20 känner
676 799 36 20 det
728 799 47 20 väli
786 798 115 28 kejserliga
912 805 32 14 se-

122 829 71 24 naten,
209 827 39 21 der
264 828 29 20 till
309 827 223 28 finansexpeditionen
549 828 86 21 komma
652 828 141 27 oupphörliga
808 828 93 26 anspråk
918 827 27 27 på

121 856 121 27 ersättning
257 857 32 20 för
305 856 168 21 hemsändandet
490 857 23 20 af
527 857 89 27 sjömän,
631 857 32 20 för
674 857 62 20 deras
748 855 107 22 vårdande
866 857 12 19 &
890 855 53 20 lasa-

122 885 72 26 retter,
208 884 33 21 för
256 885 132 20 tilldelandet
404 885 22 20 af
441 886 67 26 några
524 885 146 20 klädestrasor
684 885 6 21 i
707 885 62 20 deras
781 884 116 27 nakenhet;
909 891 35 14 an-

122 912 52 21 talet
190 913 24 20 af
226 913 79 21 sådana
321 913 182 28 framställningar
519 915 23 19 är
558 913 87 28 mycket
662 916 61 23 stort,
740 913 38 21 och
794 913 64 20 likväl
875 915 23 18 är
909 913 36 20 det

122 943 31 18 ett
176 942 60 27 ringa
259 942 57 21 antal
337 943 88 26 sjömän,
441 949 46 13 som
505 942 128 21 koneulerne
650 943 53 26 våga
720 943 62 26 åtaga
799 942 39 27 sig,
855 941 89 20 emedan

122 969 26 21 de
172 971 37 20 äro
232 971 83 26 osäkre,
338 970 103 21 huruvida
460 971 63 20 deras
538 971 124 27 fordringar
678 971 60 20 skola
753 970 124 28 godkännas
893 969 52 21 eller

122 999 26 26 ej.
180 999 56 20 Från
261 1000 76 27 många
357 999 41 21 håll
415 999 70 26 hafva,
503 1000 37 19 der
556 999 247 28 konsulatbefattningar
819 999 76 24 finnas,
912 999 32 19 så-

122 1033 44 14 som
184 1029 14 18 t.
215 1035 33 13 ex.
266 1028 53 21 ifrån
335 1027 124 22 Stockholm
477 1028 41 21 och
534 1027 136 27 Christiania,
686 1028 26 20 de
729 1031 54 17 mest
797 1026 148 29 hjertslitande

124 1051 162 37 beskrifningar.
293 1057 58 20 öfver
362 1057 51 20 våra
429 1057 95 26 sjömäns
539 1056 75 21 elände
626 1057 112 19 inkommit
749 1057 38 19 och
799 1055 106 28 klagomål
915 1055 30 20 till

124 1083 132 22 härvarande
268 1085 171 26 generalkonsul,
455 1087 32 18 att
504 1085 123 20 konsulatet
638 1085 47 20 icke
696 1086 24 19 är
731 1084 22 21 af
762 1084 61 27 lagen
836 1083 110 28 bemyndi-

122 1111 52 28 gadt
189 1115 31 18 att
236 1113 138 28 understödja
390 1113 47 20 dem
454 1113 33 20 för
504 1115 32 19 att
551 1113 67 20 rädda
630 1113 47 20 dem
691 1113 53 20 ifrån
756 1113 39 20 den
807 1114 79 19 största
898 1111 47 21 nöd.

123 1141 43 20 För
183 1141 41 20 min
241 1141 33 21 del
291 1142 32 20 får
335 1142 39 27 jag
389 1141 83 22 således
489 1142 157 20 vördsammast
661 1141 115 28 tillstyrka,
788 1143 32 18 att
831 1140 116 27 höglofliga

123 1169 150 28 ridderskapet
291 1170 39 21 och
350 1171 61 20 adeln
429 1171 67 20 måtte
513 1170 65 27 ogilla
593 1170 70 21 denna
679 1170 119 27 paragraf
794 1165 12 37 i
816 1170 47 20 dess
880 1175 66 14 nuva-

122 1199 67 20 rande
208 1198 112 21 redaktion
344 1199 39 21 och
406 1199 6 20 i
429 1199 40 20 den
492 1199 79 27 nådiga
587 1199 168 26 propositionen,
771 1199 88 20 emedan
877 1197 70 20 denna

122 1227 66 20 också
204 1227 24 20 af
240 1228 105 20 utskottet
361 1227 71 21 blifvit
447 1227 141 21 oförändradt
604 1229 99 25 antagen.
734 1227 42 27 Jag
792 1228 22 19 är
830 1227 47 20 icke
878 1222 12 36 i
906 1226 40 20 till-

122 1255 49 21 fälle
194 1258 31 18 att
247 1256 78 21 föreslå
347 1256 68 27 någon
439 1256 99 21 bestämd
555 1255 91 28 lydelse;
663 1256 41 20 min
722 1255 102 28 ödmjuka
838 1255 55 26 åsigt
908 1255 39 20 bar

120 1285 39 26 jag
174 1284 46 20 haft
235 1285 50 20 äran
301 1287 58 25 yttra
375 1291 33 14 om
426 1284 54 21 hvad
495 1285 39 26 jag
550 1291 64 14 anser
630 1284 52 21 böra
697 1285 70 26 åligga
782 1283 129 22 rederierna.

191 1312 58 21 Herr
270 1313 198 28 Pippingsköld:
492 1313 12 20 I
528 1313 122 20 hufvudsak
674 1313 37 20 ber
731 1313 37 27 jag
787 1315 31 18 att
833 1312 21 21 få
870 1311 77 21 under-

124 1341 69 28 stödja
209 1341 49 21 herr
274 1342 119 20 Snellmans
406 1342 87 27 yttrade
510 1342 6 20 i
533 1343 79 24 ämnet,
629 1344 23 25 ty
668 1341 36 21 det
715 1341 40 20 blir
766 1343 51 19 nära
828 1347 42 21 nog
881 1340 66 27 omöj-

124 1370 38 27 ligt
178 1371 32 20 att
226 1370 81 27 afgöra,
323 1377 33 14 om
373 1370 82 27 sjöman
471 1370 113 27 insjuknat
601 1371 5 19 i
622 1371 40 20 och
678 1370 33 20 för
726 1370 31 20 sin
768 1370 66 27 tjenst
845 1370 65 20 annat
921 1370 26 18 än

123 1399 5 20 i
145 1398 79 21 sådana
240 1398 43 27 fall,
299 1399 26 20 då
341 1401 58 25 yttre
415 1398 151 28 kroppsskada
582 1399 125 20 tillkommit
718 1398 68 21 under
796 1398 91 25 arbetet,
899 1403 48 14 men

123 1427 109 20 såkallade
248 1427 45 20 inre
309 1427 130 27 sjukdomar,
457 1434 46 13 som
516 1427 54 21 efter
582 1427 128 27 ansträngdt
721 1427 73 20 arbete
806 1428 73 18 kunna
888 1425 60 27 följa,

123 1456 88 26 utbryta
227 1455 43 21 ofta
287 1456 46 20 icke
349 1458 76 24 genast
441 1457 51 19 utan
510 1456 54 20 först
580 1456 52 20 flere
649 1456 66 26 dagar
731 1455 84 25 efteråt,
833 1454 38 21 och
883 1453 65 20 likväl

124 1484 70 20 kunna
211 1484 27 20 de
254 1484 43 20 helt
313 1484 40 20 och
369 1484 66 20 hållet
452 1484 56 20 varit
526 1484 107 20 beroende
649 1484 23 20 af
682 1484 39 20 den
734 1482 161 28 ansträngning,
907 1482 41 27 sjö-

123 1518 91 14 mannen
232 1513 54 19 varit
303 1512 144 21 underkastad
464 1513 69 25 några
549 1512 66 27 dagar
632 1512 57 20 förut
706 1512 32 20 för
755 1512 30 20 sin
799 1512 76 27 tjensts
887 1510 62 20 skull.

867 1552 23 15 8*
