1134 1803
235 145 42 20 330
551 146 37 15 Den
602 146 20 15 24
637 145 42 21 Maj.

207 202 31 20 till
262 201 36 21 det
317 201 81 27 tillägg,
418 208 45 14 som
483 202 49 20 herr
548 201 111 21 Molander
674 201 35 20 vill
726 201 86 27 föreglå,
829 208 47 14 men
892 202 38 27 jag
947 202 36 20 ber
999 204 31 18 att

208 230 32 21 till
262 230 37 20 det
321 230 113 28 höglofliga
458 230 85 20 ståndet
561 230 22 20 få
602 230 124 24 framställa,
743 230 105 20 huruvida
863 230 37 20 det
917 237 50 13 vore
983 230 45 20 skäl

208 261 32 18 att
264 258 130 21 öfverlemna
414 266 25 13 en
456 259 64 20 sådan
539 258 130 27 befogenhet
685 259 21 20 åt
723 258 194 21 bankförvaltande
933 258 96 28 myndig-

209 287 35 21 het
268 289 31 19 att
315 288 32 20 för
363 287 135 27 synnerligen
516 287 125 21 bevekande
658 287 45 20 skäl
722 287 78 27 bevilja
816 287 133 27 afskrifning.
982 287 48 21 Man

209 316 41 20 kan
274 316 53 20 visst
350 316 88 27 hoppas,
455 318 30 18 att
505 316 47 20 icke
572 322 25 14 en
614 316 150 27 utsträckning
777 316 23 20 af
814 316 62 20 deras
894 316 135 27 befogenhet,

208 344 85 21 utöfver
316 344 55 20 hvad
391 351 45 13 som
457 344 110 27 verkligen
588 345 83 24 afsetts,
688 344 68 20 skulle
774 344 85 20 komma
875 344 5 20 i
898 344 67 27 fråga,
981 351 48 13 men

208 373 71 26 någon
295 373 100 20 säkerhet
411 373 67 20 finnes
495 373 53 24 icke,
564 372 40 21 och
621 372 35 21 det
673 379 63 20 synes
753 373 49 26 mig,
819 374 38 25 att,
874 374 37 19 när
928 373 30 20 uti
975 373 23 20 71
1018 373 11 26 8

208 401 37 20 det
260 401 83 20 ändock
359 402 22 19 är
397 401 94 21 lemnadt
506 403 21 18 åt
544 401 96 20 bankens
656 401 102 27 styrande
775 401 39 20 och
825 401 134 20 förvaltande
971 408 58 20 myn-

208 429 100 28 digheter
323 431 32 19 att
369 429 102 21 förordna
486 430 29 20 till
533 429 127 27 afskrifning
672 429 22 20 af
703 429 127 28 fordringar,
842 437 45 13 som
899 430 47 20 icke
958 430 72 20 kunna

209 459 57 20 utfås
289 459 39 20 och
344 458 103 21 likaledes
463 459 78 27 bevilja
556 458 174 27 ackordsförslag
745 458 22 20 åt
784 458 95 21 bankens
896 458 133 29 gäldenärer,

209 494 48 13 man
274 487 47 20 icke
337 487 65 20 borde
418 488 26 26 gå
460 487 79 27 längre.
571 486 65 21 Hvad
653 486 100 21 beträffar
769 486 35 21 det
815 487 36 20 fall
863 494 45 13 som
925 487 38 20 här
974 487 56 27 åsyf-

209 517 41 24 tas,
274 515 19 21 d.
310 522 19 14 v.
349 523 15 13 s.
381 522 25 14 en
424 516 4 19 i
446 515 83 21 banken
553 515 72 28 yppad
642 515 73 20 balans
731 515 23 21 af
768 515 40 20 den
827 515 154 25 beskaffenhet,
999 518 31 18 att

208 545 41 20 den
273 543 54 22 hade
343 543 82 21 kunnat
443 544 109 21 föranleda
572 544 31 20 till
620 545 31 19 ett
668 543 134 28 beklagande
817 544 25 20 af
854 546 32 18 att
902 543 47 22 icke
965 545 65 26 utväg

208 572 68 21 finnes
292 572 33 20 för
340 572 40 20 den
397 572 98 28 skyldige
510 574 31 18 att
557 572 21 21 få
594 572 116 20 afskrifven
728 573 39 19 den
784 572 95 26 fordran,
896 572 83 20 banken
992 572 37 20 har

209 601 26 27 på
258 600 68 28 grund
349 601 23 20 af
393 601 80 26 balans,
497 601 23 20 så
543 602 23 19 är
583 600 60 21 detta
662 600 54 21 dock
733 602 31 19 ett
780 601 91 20 enstaka
887 600 42 27 fall,
946 601 39 20 och
1002 601 27 20 då

208 630 84 20 landets
316 629 116 21 domstolar
456 629 63 21 hafva
541 629 140 27 skyldigkänt
704 629 70 27 någon
791 631 31 18 att
840 630 81 20 ersätta
939 630 90 23 banken,

208 665 65 20 synes
289 658 36 20 det
340 658 47 20 icke
403 658 72 20 kunna
491 665 50 13 vara
557 658 234 20 öfverensstämmande
808 658 47 20 med
872 658 40 20 den
929 658 100 26 befogen-

209 686 37 21 het
269 693 44 14 som
338 686 129 21 tillkommer
485 686 200 28 bankfullmäktige,
701 686 51 20 eller
769 688 69 25 någon
853 686 128 27 egentligen,
998 689 32 18 att

208 715 84 20 skänka
315 716 48 19 bort
387 716 64 25 något
470 715 22 20 af
509 715 97 20 bankens
622 715 120 27 tillgångar.
773 714 43 21 Det
832 714 68 21 finnes
916 716 66 26 utväg
997 718 32 17 att

207 743 80 28 bevilja
298 750 25 13 en
335 743 65 20 sådan
411 743 108 28 gäldenär,
531 743 77 20 liksom
620 743 66 21 andra
698 743 94 20 bankens
804 743 133 27 gäldenärer,
949 743 79 21 ackord

207 772 34 21 för
265 772 119 27 fattigdom,
401 784 24 3 —
443 772 84 21 banken
550 773 39 26 gör
605 778 25 14 en
647 771 157 28 framställning
820 771 79 26 derom,
916 784 26 3 —
959 772 23 20 så
997 774 32 18 att

206 801 38 27 jag
260 807 64 14 anser
343 800 42 27 mig
401 800 76 28 pligtig
492 803 31 18 att
539 802 101 19 motsätta
657 800 43 27 mig
716 800 36 20 det
768 799 110 28 påyrkade
894 799 134 28 stadgandet.

209 829 49 20 Men
282 829 53 20 skall
355 829 36 20 det
410 829 55 27 ingå,
482 835 63 21 synes
561 829 37 20 det
614 829 43 26 mig
673 828 74 28 nödigt
763 831 31 18 att
809 829 119 26 framflytta
945 829 35 20 det
996 829 31 20 till

209 858 25 20 71
259 858 19 27 8,
296 858 25 26 på
339 857 68 28 grund
427 857 76 21 hvaraf
521 857 83 21 således
620 857 59 21 alltid
697 857 203 21 bankdirektionens
916 857 112 21 framställ-

208 886 51 27 ning
275 886 38 21 och
331 886 78 27 förslag
425 886 54 21 skall
495 886 82 27 bifogas
594 892 25 14 en
636 885 66 21 sådan
718 886 104 24 ansökan,
838 885 39 21 och
893 892 50 14 vore
955 885 36 21 det
1003 886 26 21 då

208 915 87 26 mycket
318 914 46 21 skäl
387 917 31 18 att
434 914 88 27 utvidga
541 914 141 21 redaktionen
701 914 23 20 af
740 916 117 19 momentet
871 914 10 27 j
897 914 5 20 i
920 914 23 20 71
963 915 18 26 8,
1005 915 24 20 sä

208 945 32 18 att
255 943 37 20 det
307 943 69 20 skulle
392 943 90 20 omfatta
497 943 36 20 fall
549 943 23 20 af
586 943 40 20 den
644 942 125 21 bevekande
786 946 69 21 natur,
866 949 45 14 som
923 942 49 21 herr
984 943 44 20 Mo-

208 971 74 21 lander
298 973 79 19 nämnt.
409 971 10 20 I
435 971 75 28 sjelfva
526 971 66 21 saken
609 971 68 21 måste
690 972 38 26 jag
743 971 94 20 förklara
849 971 44 27 mig
903 977 65 14 oense
980 971 48 21 med

208 1000 85 21 honom.

279 1028 55 21 Herr
351 1028 142 21 Molander:
509 1028 63 21 Hvad
588 1028 40 21 den
644 1028 131 27 invändning
792 1027 107 27 beträffar,
915 1030 32 18 att
963 1028 66 21 bank-

208 1057 135 20 direktionen
367 1057 130 26 nödvändigt
521 1057 66 20 borde
610 1057 20 19 få
654 1057 33 19 del
703 1056 23 20 af
740 1057 72 23 saken,
829 1057 62 19 heter
907 1056 36 20 det
959 1057 6 19 i
980 1058 49 19 näst

208 1085 53 20 sista
277 1084 86 28 stycket
379 1085 23 20 af
416 1085 11 26 $
444 1085 37 20 69:
498 1085 20 26 ,,i
533 1085 26 20 de
576 1084 101 26 ärenden,
692 1084 38 21 här
746 1085 93 25 nämnts,
855 1084 52 20 böra
923 1084 105 21 bankfull-

208 1113 102 27 mäktige,
327 1113 63 20 innan
402 1113 25 20 de
439 1113 96 27 företaga
547 1113 48 20 dem
607 1113 30 20 till
649 1112 72 27 slutlig
733 1113 105 26 pröfning,
854 1112 96 21 inhemta
961 1113 66 20 bank-

207 1141 148 21 direktionens
377 1141 108 28 skriftliga
507 1141 132 26 utlåtande",
659 1141 23 20 så
698 1143 30 18 att
744 1147 43 21 nog
806 1141 68 20 skulle
893 1141 134 21 direktionen

207 1169 62 21 äfven
286 1170 6 20 i
309 1170 36 20 det
361 1169 58 21 fallet
435 1170 21 20 få
475 1172 57 25 yttra
548 1170 38 27 sig.
618 1169 99 21 Orsaken
739 1169 100 21 hvarföre
856 1169 38 27 jag
917 1169 111 28 föreslagit

208 1200 32 19 ett
256 1198 76 27 tillägg
347 1198 6 21 i
369 1199 12 26 &
398 1199 26 20 69
440 1200 30 25 är,
487 1200 31 19 att
535 1198 37 21 här
583 1198 79 21 sådana
674 1198 90 20 ärender
776 1198 123 27 uppräknas
911 1204 45 14 som
967 1198 60 21 skola

208 1227 132 26 hemställas,
360 1227 39 20 och
419 1227 48 20 mitt
489 1227 80 26 förslag
592 1227 38 26 går
643 1227 46 26 just
704 1228 24 19 ut
744 1227 28 26 på
787 1229 31 17 att
836 1226 191 28 bankfullmäktige

207 1255 69 20 skulle
292 1255 112 20 hemställa
420 1262 33 13 om
470 1255 128 27 afskrifning
614 1255 38 20 hos
669 1255 113 27 kejserliga
798 1256 96 19 senaten.

277 1283 57 20 Herr
349 1283 124 28 Pipping,
497 1283 114 21 Fridolf:
634 1283 56 20 Herr
707 1283 110 20 Molander
832 1283 39 20 har
887 1285 58 18 utom
961 1283 66 20 andra

207 1311 46 22 skäl
269 1312 33 20 för
317 1311 37 22 det
369 1311 81 28 tillägg,
467 1312 81 20 hvilket
564 1312 23 20 af
601 1311 78 21 honom
690 1311 121 27 föreslagits
822 1311 31 20 till
864 1311 163 27 ifrågavarande

207 1340 108 27 paragraf,
331 1340 107 27 uppgifvit
453 1343 32 18 att
501 1342 30 19 ett
547 1340 93 21 enskildt
655 1340 35 20 fall
710 1339 142 26 förekommit,
868 1339 37 21 der
921 1339 37 21 det
974 1340 52 20 kun-

207 1371 36 18 nat
260 1375 51 14 vara
330 1369 115 27 anledning
464 1371 31 18 att
515 1368 103 21 afskrifva
638 1369 69 26 någon
729 1367 217 28 betalningsskyldigs
965 1368 62 21 skuld

207 1397 31 20 till
255 1397 91 20 banken.
374 1397 65 20 Detta
455 1397 97 20 enskilda
568 1397 35 20 fall
619 1398 23 19 är
653 1397 47 20 icke
716 1396 23 21 af
748 1396 49 20 herr
808 1396 111 21 Molander
929 1397 98 20 närmare

206 1425 123 27 uppgifvet,
352 1432 48 14 men
423 1425 50 21 herr
499 1425 151 27 Montgomery
676 1427 38 19 har
736 1425 5 19 i
765 1425 37 20 sitt
828 1425 129 19 bemötande
987 1425 39 27 gif-

207 1454 31 20 vit
254 1453 111 25 tillkänna,
381 1455 32 18 att
429 1454 6 19 i
449 1460 81 14 samma
541 1453 36 20 fall
589 1452 272 28 betalningsskyldigheten
875 1452 109 28 grundade
995 1453 32 27 sig

207 1482 27 27 på
258 1484 31 18 ett
312 1482 49 26 laga
377 1482 56 20 kraft
449 1484 80 18 vunnet
545 1481 181 27 domstolsutslag.
753 1481 81 20 Sådant
852 1482 24 19 är
894 1480 47 21 icke
960 1481 67 21 heller

206 1510 24 20 af
243 1510 50 20 herr
310 1510 111 20 Molander
437 1516 76 14 senare
529 1510 115 26 motsagdt,
662 1509 40 21 och
718 1509 109 21 förmodar
840 1509 39 27 jag
895 1508 84 22 derföre
995 1512 32 19 att

206 1538 50 21 herr
273 1538 162 27 Montgomerys
451 1538 94 27 antydan
562 1539 23 19 är
601 1538 71 27 riktig.
703 1537 46 21 Har
764 1538 84 27 engång
863 1537 70 28 någon
949 1544 77 21 person
