1134 1803
229 134 40 20 136
547 135 39 15 Den
601 136 19 15 13
634 134 43 20 Maj.

269 190 121 28 Föredrogs
413 191 200 27 sjölagsutskottets
634 190 119 28 bordlagda
774 189 135 21 betänkande
928 188 6 19 i
949 188 71 20 anled-

200 219 51 27 ning
273 220 23 20 af
317 220 76 27 nådiga
415 220 161 27 propositionen
600 220 113 26 angående
731 218 68 22 stads-
816 217 38 21 och
874 217 147 21 landtmanna-

198 248 85 28 fartygs
299 248 134 21 likställande
449 248 6 21 i
471 248 101 21 afseende
588 249 12 20 &
616 248 130 27 rättigheten
758 247 32 21 för
801 246 62 21 deras
875 244 145 29 begagnande.

269 276 57 21 Herr
346 277 131 21 Molander
494 276 96 28 yttrade:
615 276 27 21 H.
659 276 27 21 K.
704 276 60 28 Maj:t
783 276 45 26 har,
848 275 27 27 på
890 276 43 19 sätt
949 274 22 20 af
985 274 36 20 nå-

200 305 50 27 diga
266 306 159 26 propositionen
441 305 113 27 inhemtas,
571 306 47 20 låtit
634 306 100 20 utarbeta
748 308 79 18 tvenne
838 303 86 27 förslag,
935 302 36 20 dot
982 308 39 14 ena

200 333 32 21 till
248 340 28 21 ny
293 334 122 27 tullstadga,
430 334 148 21 innefattande
594 334 136 20 föreskrifter
744 333 62 21 äfven
824 332 89 21 rörande
922 330 99 28 seglatio-

201 368 48 20 nen,
272 362 40 21 och
335 362 36 21 det
393 362 72 27 andra,
487 363 29 20 till
539 365 49 25 nytt
604 362 132 27 reglemente
751 362 33 21 för
799 361 122 21 tullverket.
952 360 70 20 Dessa

200 391 80 27 förslag
295 391 70 27 stödja
381 391 32 27 sig
429 392 26 26 på
471 391 40 21 den
527 391 91 28 princip,
634 393 38 24 att,
689 391 27 20 då
732 390 74 27 hvarje
815 389 54 21 finsk
881 389 141 27 medborgare

200 419 39 21 har
255 421 42 19 rätt
313 421 32 19 att
360 420 117 27 importera
491 420 57 21 hvad
565 419 42 21 han
623 419 34 21 för
673 420 38 20 sitt
727 421 49 26 eget
793 418 66 21 behof
873 417 110 26 behöfver,
999 417 24 20 så

202 448 66 20 måtte
287 447 37 22 det
339 448 113 21 framdeles
468 455 51 14 vara
535 448 74 28 hvarje
625 448 55 21 finsk
697 448 142 26 medborgaro
854 447 63 24 äfven
935 445 86 28 medgif-

202 478 36 19 vet
260 478 34 19 att
309 478 50 19 utan
376 477 130 20 handlandes
522 477 131 20 medverkan
671 477 30 20 till
718 479 57 18 orter
791 478 58 19 utom
865 474 71 22 landet
952 475 71 20 utföra

201 505 148 21 landtmanna-
366 505 38 21 och
421 505 186 28 skogsprodukter
622 508 56 17 samt
694 512 56 21 egna
766 504 163 27 tillverkningar
944 503 23 21 af
981 503 41 20 alla

202 533 52 27 slag.
284 533 114 22 Likaledes
421 534 38 21 har
483 534 40 21 den
540 534 82 27 princip
638 534 86 27 hyllats,
740 536 30 18 att
787 533 35 20 vid
838 534 77 26 export
931 532 37 21 och
985 531 37 20 im-

202 565 49 24 port
273 561 140 28 likställighet
429 563 65 20 borde
510 570 40 20 ega
566 569 46 14 rum
628 563 6 19 i
649 563 101 19 afseende
766 563 12 19 &
794 561 129 27 rättigheten
939 562 32 18 att
987 560 35 20 be-

202 597 69 21 gagna
287 590 68 21 stads-
371 591 39 21 och
425 590 219 28 landtmannafartyg.
669 592 67 20 Dessa
752 590 133 28 stadganden
902 590 37 20 äro
949 589 24 20 af
981 588 40 20 den

202 620 40 23 art,
258 620 32 19 att
305 619 27 21 de
347 619 48 21 icke
411 620 72 20 kunna
498 620 6 20 i
520 619 158 21 administrativ
695 621 41 26 väg
752 618 113 28 päbjudas;
885 617 84 21 derföre
985 616 38 21 har

203 647 61 21 Hans
287 648 100 27 Majestät
407 648 57 20 velat
480 648 94 20 inhemta
590 648 128 21 ständernas
734 647 58 21 bifall
808 647 32 21 till
855 646 119 21 desammas
990 648 33 18 ut-

202 676 109 20 färdande.
335 676 113 21 Utskottet
464 676 38 21 har
517 676 32 21 för
565 677 31 20 sin
614 676 32 21 del
664 676 104 28 tillstyrkt
784 676 69 26 detta;
870 682 47 13 men
935 674 39 21 den
986 680 37 14 an-

203 704 113 27 märkning
337 705 38 20 har
391 705 54 20 dock
462 704 67 21 blifvit
544 705 70 28 gjord,
631 705 45 20 dels
693 705 23 20 af
730 705 113 25 utskottet,
860 704 45 20 dels
921 702 23 21 af
957 704 66 25 nägra

203 735 142 24 reservanter,
364 735 32 18 att
411 733 60 21 detta
486 733 178 28 sammanhänger
680 735 52 19 nära
748 733 47 20 med
810 731 213 28 näringslagstiftniu-

202 767 48 22 gen,
267 761 87 21 hvarom
371 762 23 20 år
411 762 54 21 1868
480 762 124 21 utfärdades
620 762 64 27 nådig
695 761 134 27 förordning;
845 760 91 25 hvarför,
947 759 39 21 och
997 759 28 21 dä

203 789 34 21 vid
261 789 71 22 denna
355 790 102 27 landtdag
479 791 62 27 nädig
557 791 133 27 proposition
707 790 68 21 blifvit
791 789 77 21 afläten
885 795 34 14 om
935 788 88 27 ändring

203 818 23 21 af
240 825 26 14 en
281 819 104 27 paragraf
399 819 6 20 i
421 819 131 25 densamma,
568 826 48 13 men
634 819 132 28 proposition
783 825 35 14 om
834 817 64 22 andra
910 817 114 26 ändringar

203 847 5 20 i
225 846 248 29 näringslagstiftningen
489 848 46 20 icke
553 847 69 21 blifvit
638 847 69 28 gjord,
724 855 28 13 nu
767 845 164 29 ifrågavarande
947 851 76 21 propo-

203 875 64 21 sition
282 875 48 21 icke
347 876 65 21 borde
429 878 88 25 antagas
535 878 51 19 utan
602 876 65 21 blitva
683 875 109 22 beroende
802 875 31 20 till
845 876 61 19 nästa
916 873 109 28 landtdag,

204 903 26 21 dä
246 903 6 20 i
268 906 32 18 ett
316 904 156 28 sammanhang
487 904 80 28 förslag
582 905 32 20 till
630 905 41 20 alla
687 905 26 20 de
729 904 115 27 ändringar
854 903 7 20 i
871 903 153 26 författningen

203 939 33 14 om
261 933 186 27 näringsfriheten,
472 933 83 21 hvartill
579 933 45 21 skäl
647 933 153 25 förekommer,
817 932 71 21 kunde
904 931 120 26 föreläggas

203 961 123 20 ständerna.
356 961 107 21 Häremot
479 961 34 21 vill
527 963 38 26 jag
582 962 90 25 anmäla,
689 961 82 21 hvilket
786 961 6 20 i
809 961 39 20 den
861 960 76 27 nädiga
948 965 76 21 propo-

203 989 92 21 sitionen
319 990 63 21 äfven
407 992 24 19 är
453 990 120 21 framhället
589 991 39 20 och
645 997 46 14 som
707 990 108 21 utskottet
831 989 64 20 också
912 988 113 27 behjortat,

203 1020 31 18 att
251 1018 5 21 i
265 1019 66 20 sådan
344 1018 100 21 händelse
455 1019 40 20 den
508 1026 41 20 nya
559 1019 89 27 stadgan
662 1019 90 20 rörande
763 1017 132 28 soglationen
907 1017 39 20 och
957 1016 68 27 regle-

204 1049 81 18 mentet
307 1047 34 20 för
363 1047 116 21 tullverket
497 1048 47 20 icke
563 1047 69 21 skulle
649 1047 71 21 kunna
737 1047 27 27 pä
778 1046 43 20 fem
838 1047 23 19 är
877 1045 102 25 utfärdas,
994 1045 30 20 ät-

203 1074 106 21 minstone
332 1076 47 19 icke
404 1077 27 25 pä
453 1076 27 20 de
503 1076 87 20 liberala
613 1076 39 20 och
676 1075 88 20 allmänt
783 1074 114 27 godkända
910 1073 115 49 prinoiper;

204 1103 79 27 hvarpä
307 1103 26 21 de
357 1111 27 14 nu
409 1105 36 20 äro
469 1103 133 27 utarbetade,
620 1104 99 20 hvarföre
732 1104 38 27 jag
786 1102 68 21 skulle
871 1102 155 20 vördsammast

204 1132 121 26 hemställa,
341 1132 105 21 huruvida
461 1133 47 20 icke
525 1133 114 26 höglofliga
655 1132 86 21 ståndet
758 1131 48 20 ville
822 1130 71 21 bifalla
905 1129 30 22 till
944 1129 82 21 utskot-

203 1161 43 20 tets
263 1160 142 21 betänkande.

272 1188 57 21 Herr
345 1196 48 14 von
411 1189 119 21 Hellens:
553 1190 27 20 54
597 1190 12 27 &
626 1189 6 21 i
649 1190 55 21 1772
720 1190 34 20 års
771 1188 166 27 regeringsform
954 1186 71 28 lyder:

203 1217 114 26 »städerne
333 1218 6 20 i
356 1218 55 21 riket
427 1218 100 21 förblifva
542 1219 35 20 vid
593 1219 63 20 deras
672 1218 113 27 välfängna
802 1216 121 28 privilegier
933 1215 40 21 och
983 1217 42 18 rät-

203 1245 100 28 tigheter,
327 1253 45 13 som
396 1246 48 21 dem
465 1247 23 20 af
505 1247 59 20 forna
582 1247 112 27 konungar
709 1246 57 27 gifve
783 1245 40 20 och
839 1245 91 20 förlänte
946 1243 79 26 blifvit;

203 1273 55 21 dock
280 1275 24 19 sä
327 1277 32 18 att
375 1275 26 20 de
417 1275 56 20 ofter
489 1275 93 21 tidernas
599 1275 186 28 omständigheter
801 1273 40 21 och
857 1273 36 20 det
909 1272 116 20 allmännas

202 1304 64 25 nyttä
281 1303 39 20 och
337 1310 56 20 gagn
411 1303 100 27 lämpas't.
542 1304 32 20 Af
588 1304 62 21 dessa
666 1303 106 21 förbehåll
788 1302 6 20 i
811 1303 86 19 senaste
909 1302 116 19 momentet

202 1332 23 19 af
239 1331 66 27 sagde
327 1332 101 27 paragraf
441 1332 77 27 tyckes
534 1333 44 26 mig
593 1332 34 21 väl
644 1333 52 20 böra
709 1331 90 27 framgå,
816 1332 31 19 att
862 1328 163 28 ifrågavarande

202 1359 78 27 nädiga
304 1361 133 26 proposition
460 1361 47 20 icke
523 1361 69 20 skulle
608 1361 92 20 behöfva
717 1359 117 22 behandlas
850 1359 5 20 i
872 1357 41 21 den
929 1357 97 26 ordning,

202 1395 46 13 som
272 1387 63 28 eljest
357 1389 34 20 för
413 1389 116 28 ändringar
547 1389 6 20 i
574 1389 102 21 ständens
696 1387 125 29 privilegier
836 1389 24 18 är
875 1385 150 22 föreskrifven.

202 1417 49 20 Men
267 1417 29 20 dä
310 1417 41 20 den
368 1417 78 27 nådiga
461 1418 161 27 propositionen
638 1417 66 21 likväl
720 1417 72 27 utgått
808 1423 25 13 ur
849 1423 26 13 en
891 1414 134 27 annanjsyn-

203 1445 75 27 punkt,
301 1445 39 21 och
358 1445 184 28 borgareständet,
558 1453 34 14 om
606 1446 38 28 jag
659 1446 24 20 sä
698 1445 32 21 fär
745 1446 59 26 säga,
821 1444 54 27 tagit
890 1443 55 20 fasta
975 1442 52 27 derpä

201 1480 78 21 genom
295 1476 32 19 att
342 1474 102 26 förklara,
460 1476 32 19 att
507 1475 65 21 saken
589 1474 86 21 komme
690 1476 32 18 att
738 1472 128 28 hänskjutas
882 1471 32 21 till
929 1470 96 21 ständets

201 1502 97 21 enskilda
315 1502 179 26 besvärsutskott,
511 1503 66 21 häller
590 1503 39 27 jag
643 1502 53 27 före,
708 1504 33 19 att
751 1501 91 21 ärendet
852 1500 48 21 icke
911 1498 114 28 lämpligen

201 1531 66 21 borde
287 1531 23 21 af
324 1531 151 27 ridderskapet
490 1532 39 21 och
545 1532 63 20 adeln
625 1530 123 27 behandlas,
764 1530 66 21 innan
846 1527 179 29 borgareständet
