1095 1803
818 141 41 22 495

207 205 48 23 Den
275 212 45 16 som
340 205 127 29 godkänner
487 206 146 22 betänkandet
649 206 149 29 oförändradt,
814 214 74 15 svarar

137 241 34 27 ja;
186 240 42 22 den
244 241 37 21 det
295 240 48 22 icke
358 242 46 27 gör,
420 248 74 14 svarar
509 242 43 27 nej.

206 274 85 22 Vinner
311 275 47 27 nej,
378 276 88 28 utbytes
485 276 62 21 ordet
563 276 248 28 ,fattigvärdsstyrelse*
829 278 59 19 emot

139 309 62 22 ordet
215 309 193 28 ,kyrkostämma*;

138 343 88 22 hvilken
248 344 135 27 proposition
407 344 129 22 besvarades
556 345 50 21 med
626 344 107 22 blandade
745 346 25 27 ja
785 344 40 22 och
840 345 46 28 nej,

138 377 101 22 hvarföre
255 378 76 22 skreds
346 378 33 21 till
393 379 110 28 votering,
519 386 46 14 som
581 379 73 21 utföll:

303 413 6 20 i
325 412 58 29 3:dje
398 413 28 21 kl.
442 413 49 21 med
508 414 11 20 8
530 415 30 27 ja
575 414 40 21 och
631 414 26 21 12
673 415 41 27 nej,

302 447 118 28 i2da
413 443 27 37 ,
465 465 8 9 n»
505 449 46 26 4»,
591 465 9 10 »
645 448 52 27 5»

302 482 116 27 ilsta
412 478 21 36 +
466 498 9 11 x
506 483 45 26 I,
591 499 8 10 »
643 483 12 21 9
687 499 9 10 x

139 516 40 21 och
200 523 44 14 som
265 516 164 29 propositionen
448 517 84 21 säledes
549 517 72 21 blifvit
636 517 58 21 inom
708 521 80 17 tvenne
803 516 85 21 klasser

139 551 99 21 nekande
259 550 115 29 besvarad,
387 551 87 22 komme
495 551 62 22 alltså
577 551 32 22 uti
628 551 143 22 förevarande
790 552 11 27 $
817 551 24 22 af
854 553 33 20 ut-

139 586 92 21 skottets
252 585 138 22 betänkande
410 586 61 21 ordet
491 586 246 29 ,fattigvärdsstyrelse*
754 588 31 19 att
799 586 88 28 utbytas

140 622 59 20 emot
215 621 61 21 ordet
291 620 191 29 ,kyrkostämma*.

490 656 11 28 8
517 656 18 21 6.

207 689 175 22 Vidkommande
402 690 91 22 berörde
513 691 11 27 $
545 690 84 28 yttrade
648 690 33 28 sig
696 690 97 29 följande
808 689 78 22 talare:

206 724 59 21 Herr
281 724 157 28 Jägerhorn:
454 724 51 21 Med
521 724 162 22 bibehållandet
695 724 24 21 af
727 724 113 28 principen
856 726 32 19 att

139 758 27 22 de
181 758 24 21 af
218 758 164 28 kyrkostämma
397 759 89 21 utsedde
502 759 175 29 tillsyningsmän
691 758 70 22 skulle
772 760 76 26 utgöra
860 766 26 14 en

138 793 231 27 interimsinstitution,
385 800 45 14 som
446 793 55 21 hade
517 796 32 19 att
564 794 74 21 utöfva
653 793 74 28 tillsyn
742 794 60 20 öfver
814 795 73 19 ortens

139 828 142 21 försvarslösa
303 834 111 22 personer,
433 828 70 21 skulle
523 829 40 28 jag
585 828 80 21 föreslå
687 827 41 22 den
751 828 93 28 ändring
866 828 24 21 af

139 862 141 22 förevarande
301 863 12 21 6
334 863 18 27 8,
373 864 32 20 att
425 863 176 28 tillsyningsman
621 862 54 29 egde
691 863 86 21 anmäla
792 863 37 20 sitt
844 863 44 21 till-

140 897 96 28 görande
257 898 31 20 uti
309 898 46 20 deri
376 898 131 21 omnämnda
522 898 37 21 fail
574 898 39 21 hos
629 897 221 28 tillsyningsmännen
865 898 23 20 in

141 939 89 20 corpore
251 932 52 21 eller
322 932 37 20 vid
377 932 62 22 deras
455 932 109 22 allmänna
580 932 170 27 sammanträde,
766 939 46 14 som
828 932 6 20 i
851 932 37 28 dy-

140 966 45 21 lika
205 966 73 28 frågor
298 966 66 22 borde
385 974 40 20 ega
444 974 59 20 rum,
520 967 39 21 och
580 966 89 22 sålunda
688 967 6 20 i
709 966 60 21 detta
785 966 103 22 afseende

127 1003 2 2 *
141 1002 108 20 motsvara
265 1000 41 22 den
322 1000 110 22 blifvande
448 1001 241 21 kommunalnämnden.

208 1034 58 22 Herr
281 1042 41 14 von
342 1035 83 27 Born,
445 1036 20 20 J.
485 1036 36 20 A.:
545 1035 124 21 Utskottets
691 1035 66 27 afsigt
775 1035 50 21 med
845 1035 42 21 den

141 1070 124 27 föreslagna
285 1069 155 28 förändringen
462 1070 76 27 tyckes
557 1070 66 21 hafva
641 1069 66 27 varit,
723 1071 32 19 att
769 1070 29 27 pä
813 1070 25 21 de
855 1076 33 14 or-

140 1106 40 25 ter,
200 1104 37 21 der
257 1104 66 28 ingen
338 1104 207 21 kommunalnämnd
561 1104 76 27 finnes,
652 1104 71 28 nägon
740 1111 71 14 annan
827 1110 61 21 myn-

141 1139 76 27 dighet
235 1139 70 20 skulle
326 1139 67 20 sättas
413 1139 7 20 i
440 1139 73 21 stället
531 1138 39 21 och
590 1139 86 20 derföre
696 1138 63 21 torde
778 1138 111 28 uttrycket

142 1173 245 28 yfattigvärdsstyrelse*
404 1173 65 21 hafva
484 1173 87 21 influtit.
601 1173 43 20 För
659 1173 45 20 min
720 1172 35 21 del
771 1173 69 20 skulle
848 1173 41 27 jag

142 1215 52 14 anse
215 1208 36 21 det
271 1206 114 30 olämpligt
404 1209 32 20 att
451 1207 87 22 hvälfva
552 1207 165 28 ifrägavarande
733 1207 111 28 sysslande
860 1207 28 28 pä

142 1242 184 28 kyrkostämman,
346 1243 52 20 utan
418 1249 65 14 anser
504 1242 36 20 det
560 1249 52 13 vara
630 1241 121 27 sjelffallet,
767 1243 31 19 att
813 1241 35 21 det
864 1243 24 19 är

142 1276 155 27 fattigvärden,
318 1282 46 15 som
386 1276 55 20 skall
461 1276 65 27 ätaga
541 1275 33 28 sig
589 1276 60 20 detta
664 1275 79 27 bestyr,
764 1275 40 21 och
820 1274 68 21 ehuru

143 1310 144 21 tillsättandet
312 1310 24 21 af
356 1310 61 21 desse
438 1317 112 21 personer,
573 1309 69 28 enligt
664 1308 162 28 ridderskapets
848 1308 41 22 och

143 1344 74 22 adelns
233 1344 58 21 förut
306 1344 82 21 fattade
403 1344 72 22 beslut
489 1344 133 21 tillkommer
636 1343 174 28 kyrkostämma,
826 1349 64 15 anser

140 1379 40 27 jag
195 1378 36 21 det
245 1378 48 22 icke
308 1386 52 14 vara
374 1378 72 29 nägon
461 1378 138 28 motsägelse,
614 1379 32 20 att
661 1377 62 22 ordet
739 1377 150 28 ,fattigvärds-

143 1414 105 26 styrelse"
271 1413 40 21 här
334 1413 128 27 bibehälles,
485 1413 40 21 och
546 1412 99 22 förordar
665 1412 86 22 derföre
771 1412 118 22 utskottets

143 1446 87 27 förslag.
