1134 1803
221 139 40 19 120
546 142 38 14 Den
600 142 18 14 11
634 141 35 20 Maj

190 202 52 13 ense
259 202 32 13 om
309 198 31 18 att
357 196 110 27 uttrycket
483 198 22 18 är
521 196 129 28 fullkomligt
666 197 66 20 exakt
744 196 39 21 och
795 196 82 20 således
890 196 37 20 bör
937 196 79 28 begag-

191 230 38 14 nas
246 224 26 26 pä
288 224 26 21 de
329 224 84 25 ställen,
428 224 89 21 hvarom
534 232 28 13 nu
578 226 24 19 är
622 226 66 26 fråga.
720 225 63 20 Hvad
800 224 217 28 sakförändringarne

192 252 110 26 beträffar,
327 253 38 20 har
379 254 37 27 jag
433 253 64 21 redan
515 254 105 20 förklarat
636 256 32 18 att
684 261 80 13 samma
782 254 113 26 missbruk,
912 260 44 14 som
973 254 44 20 förr

191 282 24 19 är
231 281 157 28 öfverklagadt,
405 282 97 28 qvarstår
519 282 33 20 vid
570 282 163 28 liggedagarnes
751 282 125 28 beräkning,
888 282 72 20 derest
969 282 47 20 icke

192 310 118 20 utskottets
325 310 167 28 komplettering
503 310 137 28 godkännes;
656 313 32 18 ett
700 310 114 26 missbruk,
831 318 44 14 som
892 312 23 19 är
926 310 91 21 erkändt

192 338 66 21 också
273 339 23 20 af
310 339 26 21 de
353 339 138 21 medlemmar
507 339 6 20 i
529 340 114 24 utskottet,
659 340 71 20 hvilka
747 346 27 14 en
791 339 72 28 längre
879 340 30 20 tid
926 339 91 21 befattat

192 366 32 27 sig
240 368 49 19 med
307 367 107 26 fraktfart,
431 367 92 28 lastning
539 367 39 21 och
595 368 101 27 lossning.

260 395 101 22 Friherre
384 396 29 21 de
432 396 23 20 la
476 396 136 27 Chapelle:
638 396 42 27 Jag
696 397 48 20 ville
761 396 55 21 blott
832 397 83 27 päpeka
931 403 24 14 en
973 403 43 13 om-

192 424 130 28 ständighet,
347 424 111 28 angående
475 425 110 20 mellersta
601 427 117 19 momentet
734 425 6 20 i
757 425 12 27 8
786 425 32 20 92.
850 425 33 20 Dä
899 425 66 20 oftast
981 425 35 20 be-

192 452 110 22 fraktaren
319 453 65 21 vistas
399 454 28 27 på
443 460 26 13 en
485 460 69 14 annan
572 456 33 18 ort
622 455 25 19 än
664 454 124 26 aflastaren,
804 453 38 21 och
855 454 118 27 ersättning
984 453 33 21 för

192 481 68 27 öfriga
284 481 124 29 liggedagar
430 482 54 21 skall
505 482 100 28 erläggas
621 482 70 21 förrän
709 482 74 21 vidare
798 482 41 21 last
854 482 32 21 får
902 485 114 24 mottagas,

192 509 68 21 skulle
278 511 158 21 befälhafvaren
454 517 50 14 vara
520 511 84 27 nödgad
621 513 31 18 att
668 511 69 20 vända
754 511 33 27 sig
802 511 30 20 till
845 511 135 20 befraktaren
990 513 26 25 på

192 538 60 28 långt
275 539 90 28 aflägset
388 539 41 20 håll
450 539 39 21 och
509 539 48 21 icke
573 539 64 21 hafva
654 539 102 28 rättighet
772 542 32 18 att
820 539 54 21 hålla
889 539 34 28 sig
937 539 32 21 till
985 540 30 19 af-

192 567 102 27 lastaren,
309 568 100 20 hvarföre
423 568 38 27 jag
477 568 68 20 skulle
561 575 52 13 anse
630 568 117 20 utskottets
764 568 91 27 ändring
870 568 23 20 af
906 568 63 20 ordet
980 568 35 20 be-

191 594 113 23 fraktaren
321 596 30 20 till
367 596 115 20 aflastaren
498 603 51 13 vara
565 596 87 21 alldeles
669 596 64 28 riktig
749 596 41 20 och
806 596 93 27 lämplig.
924 596 92 21 Aflasta-

193 630 35 14 ren
254 630 52 22 eger
329 624 47 22 icke
391 624 73 22 vidare
479 626 32 19 att
527 625 91 21 aflemna
635 626 67 26 någon
720 626 48 25 last,
784 625 63 20 innan
864 624 40 21 han
920 625 97 27 erlägger

190 654 122 27 penningar
328 654 33 20 för
377 653 51 21 hvar
445 654 40 26 dag
501 653 23 20 af
538 653 193 27 öfverliggedagar.

262 682 56 22 Herr
335 689 46 13 von
397 681 117 21 Hellens:
531 681 42 28 Jag
589 682 69 21 skulle
675 682 53 21 blott
740 682 26 21 be
778 684 32 18 att
821 682 21 20 få
852 682 87 27 tillägga
951 683 66 26 några

192 711 44 19 ord.
267 712 43 27 Jag
325 710 91 21 nämnde
432 717 34 14 om
482 711 27 20 95
525 711 12 26 &
553 711 39 20 och
609 710 37 21 det
662 711 35 20 fall
709 718 45 13 som
767 710 39 21 der
816 710 61 21 fanns
886 711 130 23 omnämndt,

191 741 33 18 att
240 747 26 14 en
284 738 152 27 befälhafvare,
449 745 45 14 som
509 739 34 20 för
558 742 33 18 att
607 741 109 25 emottaga
727 739 41 20 last
779 739 57 28 gjort
848 745 47 14 resa
905 738 31 21 till
948 746 67 13 annan

192 770 40 23 ort,
244 775 47 14 men
309 768 36 20 der
361 767 48 21 icke
421 767 83 20 erhållit
517 768 75 26 någon,
604 768 54 20 skall
671 770 63 18 vänta
746 768 48 20 hela
806 767 125 28 liggetiden
920 763 12 36 ;
943 767 74 21 träffar

192 797 40 20 han
253 797 47 20 icke
317 796 113 21 aflastaren
447 795 39 21 och
502 796 31 20 får
549 797 63 26 ingen
629 796 47 26 last,
692 796 27 21 dä
736 797 38 20 har
790 796 40 20 han
847 796 62 27 ingen
926 803 90 20 regress,

192 832 47 13 men
260 832 44 14 som
321 825 40 20 den
378 824 77 28 nådiga
471 824 160 28 propositionen
649 825 68 28 lyder,
734 825 80 20 vänder
830 825 39 20 han
887 824 32 27 sig
934 824 29 21 till
980 824 35 21 be-

191 853 114 21 fraktaren
322 854 38 20 och
377 853 32 20 får
425 853 118 27 ersättning
559 853 32 21 för
608 853 45 20 sina
670 853 107 21 förluster.

260 882 100 21 Friherre
384 881 29 21 do
434 882 22 20 la
475 881 135 27 Chapelle:
637 883 11 26 $
665 883 26 20 95
706 882 39 20 har
760 881 102 21 afseende
879 883 26 26 pä
923 881 36 21 det
974 881 43 24 fall,

190 914 32 17 att
238 911 115 20 aflastaren
373 910 47 21 icke
437 910 37 20 har
490 910 69 21 blifvit
576 911 83 25 träffad,
676 913 22 25 ty
714 910 38 21 der
768 911 55 19 står:
848 910 51 25 ,har
916 910 99 21 befälhaf-

192 946 49 13 vare
264 939 48 21 icke
335 939 83 20 kunnat
438 939 79 20 orhälla
540 939 78 27 godset
640 939 52 20 eller
708 939 56 20 finna
781 938 49 26 den,
846 945 44 14 som
908 939 47 20 bort
971 939 44 20 det-

190 975 81 13 samma
295 967 102 28 utgifva'.
429 967 43 20 Det
495 967 127 21 förutsätter
638 969 32 18 att
685 967 68 21 lasten
770 969 24 18 är
810 967 106 21 atlemnad
931 967 39 20 och
986 968 29 19 af-

191 997 93 20 lastaren
301 998 23 18 är
340 995 111 21 anträtfad.
483 996 11 27 &
511 996 26 20 95
555 997 37 19 bar
608 996 102 21 afseende
722 996 26 27 pä
757 995 27 21 dä
796 995 113 22 aflastaren
920 996 47 20 icke
978 1003 36 13 an-

190 1025 80 26 träffas,
287 1025 26 20 dä
329 1031 51 20 eger
397 1024 41 21 han
456 1024 68 21 vända
541 1025 31 26 sig
591 1025 30 20 till
639 1025 145 20 bofraktaren.

260 1053 48 20 Med
328 1053 115 26 anledning
464 1053 22 19 af
506 1053 39 20 den
563 1053 89 20 sälunda
668 1053 111 27 förelupna
796 1052 149 21 diskussionen
961 1060 52 20 upp-

190 1081 65 21 lästes
272 1081 92 27 följande
382 1081 132 27 proposition
531 1081 30 20 till
579 1081 97 20 ständets
692 1081 146 20 besvarande:

258 1125 4 9 »
266 1109 48 25 Vill
332 1109 149 27 ridderskapet
497 1109 38 21 och
552 1109 62 21 adeln
631 1115 79 22 antaga
724 1110 27 20 92
763 1110 11 26 &
786 1109 49 21 med
846 1109 40 21 den
898 1109 23 20 af
931 1109 82 21 utskot-

190 1141 30 17 tet
236 1137 121 28 föreslagna
373 1137 80 28 lydelse
470 1141 50 17 utan
536 1138 117 27 ändring
627 1133 30 36 ;'*

258 1183 12 8 »,
272 1166 81 21 Vinner
375 1166 42 27 nej,
440 1166 125 27 godkännes
589 1173 81 14 samma
690 1167 11 26 8
720 1167 23 20 af
763 1167 42 20 den
826 1166 75 27 nådiga
918 1167 95 26 proposi-

190 1195 94 20 tionen.*

258 1223 46 20 Och
321 1229 45 14 som
383 1223 69 20 denna
469 1223 131 27 proposition
618 1223 129 21 bosvarades
759 1223 48 20 med
820 1223 193 27 öfvervägande
980 1219 36 36 ja,

191 1259 37 13 var
244 1253 12 26 &
272 1254 92 25 antagen
382 1254 52 18 utan
451 1251 96 28 ändring.

259 1280 91 21 Ständet
367 1282 65 25 antog
449 1279 66 28 härpå
531 1284 51 17 utan
600 1280 91 27 ändring
706 1281 12 26 &
734 1281 106 20 93—109.

259 1308 172 21 Vidkommande
447 1308 12 27 $
478 1309 39 20 110
532 1309 112 20 anmärkte

257 1336 56 21 Herr
330 1335 144 22 Edelsköld
490 1337 105 28 följande:
611 1337 43 27 Jag
669 1337 68 21 skulle
753 1337 56 20 blott
825 1337 122 27 ödmjukast
958 1337 56 20 hem-

188 1365 69 26 ställa,
275 1365 104 20 huruvida
396 1365 47 20 icke
459 1365 32 20 för
507 1365 147 28 tydlighetens
670 1365 56 21 skull
743 1368 32 19 ett
791 1365 47 21 litet
854 1365 75 28 tillägg
945 1365 70 21 kunde

188 1394 6 20 i
210 1393 70 21 denna
296 1394 11 26 8&
324 1395 70 25 göras.
425 1393 47 21 Här
492 1395 51 24 står,
559 1397 32 17 att
608 1394 40 25 ,,dä
664 1394 95 28 lossning
775 1395 5 19 i
798 1394 215 21 bestämmelseorten

188 1422 56 25 sker,
260 1422 71 26 äligge
347 1421 36 21 det
400 1421 159 22 befälbafvaren
576 1425 32 18 att
623 1423 95 20 utlemna
733 1423 79 27 godset
822 1422 30 21 till
864 1422 48 26 den,
923 1429 46 14 som
977 1429 38 20 ge-

188 1457 48 14 nom
254 1451 169 20 konnässement
439 1450 58 20 visar
512 1450 33 28 sig
561 1457 51 14 vara
628 1452 43 19 rätt
687 1452 156 26 emottagare''.
867 1450 95 21 Dermed
973 1458 42 13 me-

188 1486 37 13 nas
242 1479 39 26 väl,
302 1480 32 18 att
350 1478 191 21 konnässementet
557 1479 54 21 skall
628 1486 52 14 vara
696 1480 22 20 af
732 1480 117 20 aflastaren
867 1478 148 28 endosseradt,

187 1514 49 14 men
252 1507 37 21 det
303 1506 73 21 kunde
393 1507 138 27 missförstäs,
542 1510 32 18 att
585 1508 41 20 han
638 1508 76 20 endast
730 1510 58 18 emot
800 1507 121 28 uppteende
933 1508 22 20 af
965 1508 50 20 kon-

188 1537 124 18 nässement
335 1534 53 21 skall
413 1536 77 25 styrka
517 1536 32 27 sig
567 1543 50 14 vara
632 1538 43 19 rätt
691 1539 141 24 emottagare,
849 1542 47 15 men
913 1536 36 21 det
965 1536 50 21 hän-
