1134 1803
216 140 42 20 182
540 142 39 16 Den
594 143 20 15 14
628 142 42 20 Maj.

186 196 94 28 skyddet
303 200 34 20 för
359 198 26 21 de
407 198 48 21 icke
475 198 114 28 väggfasta
609 198 148 28 målningarne
776 198 34 20 må
826 197 72 21 kunna
914 200 50 26 taga
979 199 33 27 sig

186 224 117 32 anledning
318 229 31 19 att
365 229 33 19 tro
414 226 26 22 de
456 227 114 27 väggfasta
586 234 52 14 vara
654 228 82 20 utsatta
751 227 34 20 för
800 226 132 21 förstörelse.

255 257 58 21 Herr
328 255 156 22 Edelsköld:
507 256 42 27 Jag
566 256 68 20 skulle
652 257 44 19 mot
711 256 51 20 herr
776 254 106 28 Pippings
897 256 113 20 redaktion

187 286 110 26 anmärka,
313 286 32 20 att
360 284 40 21 den
417 284 69 21 skulle
497 284 88 20 alldeles
601 284 47 21 icke
660 284 71 28 hänga
741 284 57 27 ihop.
823 284 35 26 88
870 283 71 29 börjar
953 284 58 20 med:

186 314 82 25 »finnes
283 315 7 20 i
306 313 69 29 kyrka
391 313 51 20 eller
457 320 70 13 annan
544 313 77 21 allmän
639 312 101 28 byggnad
756 312 76 28 rörligt
842 312 75 27 gods'',
929 312 82 22 således

186 350 34 13 om
236 343 66 21 också
318 342 65 21 orden
400 341 62 25 ,icke
479 342 126 27 väggfasta'
623 342 119 26 borttagas,
758 342 24 20 så
798 348 65 20 synes
879 341 83 28 tydligt,
979 343 32 19 att

186 371 36 21 det
236 371 49 22 icke
300 373 23 20 är
338 369 30 22 tal
383 377 34 14 om
433 369 81 22 sådana
529 369 175 28 fornlemningar,
721 377 45 14 som
778 371 37 19 äro
826 369 105 28 anbragta
941 370 12 21 å
964 370 45 20 fön-

186 401 50 26 ster,
252 400 37 21 tak
306 399 51 22 eller
373 399 86 27 väggar.

255 428 152 21 Diskussionen
431 427 126 21 afstannade
581 427 98 26 härmed,
696 427 38 20 och
758 426 95 28 följande
878 427 131 28 proposition

185 457 144 21 framställdes
344 457 23 20 af
381 456 50 21 herr
446 455 201 22 landtmarskalken
663 455 31 21 till
710 455 98 21 ståndets
825 455 142 22 besvarande:

254 501 11 10 »
268 485 44 22 Vill
334 485 150 27 ridderskapet
507 484 39 21 och
569 484 62 22 adeln
652 484 91 21 emellan
761 485 11 20 7
789 483 39 21 och
844 485 13 20 8
873 484 26 27 $8
916 484 94 29 inskjuta

185 521 26 14 en
228 521 28 21 ny
274 513 101 28 paragraf
388 513 6 21 i
410 513 35 21 det
461 513 57 28 syfte
534 513 50 20 herr
600 513 121 20 Schauman
739 511 138 28 föreslagit?''

255 559 5 9 »
262 543 89 25 Vinner
367 542 42 27 nej,
425 541 96 21 förfaller
537 542 75 27 frågan
628 548 34 14 om
679 541 67 28 sagda
761 541 96 27 tillägg".

255 572 50 20 Som
321 571 69 21 denna
406 570 131 27 proposition
555 570 35 20 vid
607 570 91 21 anställd
711 569 99 27 votering
822 569 127 21 besvarades
961 571 48 20 med

188 600 24 20 16
226 600 24 27 ja
266 600 40 20 och
325 600 24 20 12
365 599 42 27 nej,
423 598 69 21 skulle
508 598 84 21 således
608 598 90 21 emellan
716 599 12 20 7
744 597 39 22 och
801 598 13 20 8
830 598 25 26 $$
866 598 105 28 inskjutas
983 606 24 14 en

185 628 103 28 paragraf
309 628 22 20 af
352 626 163 28 ifrågavarande
537 627 100 27 innehåll,
654 626 39 21 och
710 626 68 21 skulle
795 626 147 22 betänkandet
957 627 6 21 i
979 628 30 20 af-

184 656 81 22 seende
282 657 13 21 å
311 656 140 28 paragrafens
468 656 122 27 redigering
606 655 169 21 äterremitteras
785 650 44 38 till
837 654 113 22 utskottet.

253 685 44 21 För
313 685 64 27 öfrigt
393 686 77 25 antogs
486 684 13 20 8
515 684 12 27 8
543 684 135 20 oförändrad.

254 713 139 21 Beträffande
409 714 12 19 9
437 714 12 26 &
465 712 86 27 yttrade

253 741 80 22 Grefve
353 741 124 26 Armfelt,
499 741 112 27 August:
636 740 11 21 I
667 740 102 21 händelse
792 740 12 20 9
824 740 30 27 8:s
870 740 98 28 syftemäl
985 743 23 19 är

182 772 33 19 att
230 770 67 21 samla
313 770 45 21 lösa
369 770 113 21 fornsaker
497 769 31 20 till
545 769 161 21 universitetets
722 769 109 20 allmänna
847 769 121 28 samlingar,
985 771 24 20 sä

183 801 45 18 tror
250 799 39 27 jag
310 799 41 20 den
369 799 48 20 icke
438 798 65 21 borde
519 805 51 14 vara
588 798 23 20 sä
626 797 39 21 här
678 797 115 22 stiliserad.
824 797 33 20 De
873 798 79 20 största
968 799 39 20 och

183 827 148 20 värderikaste
351 827 116 28 samlingar
482 827 63 20 hafva
561 827 98 26 uppstått
674 833 78 20 genom
770 825 83 21 enskild
870 826 137 26 medverkan,

182 855 38 21 det
243 856 38 20 har
297 856 55 20 varit
367 855 27 21 de
410 855 103 26 enskilde,
529 861 46 14 som
590 855 7 20 i
613 855 68 20 första
696 854 56 21 hand
769 853 112 22 verkställt
897 855 54 26 dem,
967 855 40 21 och

182 883 53 22 ifrån
252 884 49 21 dem
317 884 64 21 hafva
397 884 26 21 de
439 883 90 21 kommit
544 883 31 21 till
592 883 26 21 de
634 883 107 21 allmänna
756 882 152 28 samlingarne.
934 883 73 28 Enligt

182 912 70 21 denna
268 913 102 27 paragraf
383 913 24 20 är
423 912 74 27 hvarje
513 911 85 22 enskild
609 912 93 27 betagen
713 913 72 19 rätten
797 913 33 18 att
842 911 86 28 förgöra
937 913 69 26 någon

181 941 99 27 samling.
304 941 42 28 Jag
362 948 69 19 anser,
448 943 31 18 att
495 941 36 20 det
547 941 69 20 finnes
632 942 31 19 ett
680 939 69 22 medel
766 939 34 21 för
815 941 31 19 att
857 941 67 20 samla
935 941 72 27 dylika

182 969 179 25 minnesmärken,
377 969 40 21 och
433 969 37 21 det
485 970 23 19 är
523 971 32 18 att
572 969 70 20 betala
658 968 48 21 dem
723 968 49 21 med
784 969 31 20 ett
824 967 123 29 tillräckligt
956 969 51 27 pris;

181 1005 48 13 men
252 998 28 20 all
303 998 134 21 konkurrens
458 998 54 20 hvad
529 997 68 28 priset
613 997 23 20 af
650 997 62 20 dessa
729 997 65 20 saker
811 997 100 21 beträffar
926 999 23 18 är
965 997 42 21 för-

180 1033 97 14 svunnen
297 1026 6 21 i
322 1027 40 20 och
381 1026 48 21 med
448 1027 37 20 det
504 1025 40 21 den
564 1025 98 22 enskilde
678 1027 23 19 är
718 1026 93 27 betagen
829 1025 130 28 rättigheten
975 1027 32 20 att

180 1055 87 27 förgöra
289 1055 79 27 dylika.
400 1055 89 20 Säledes
513 1054 38 20 blir
575 1055 68 27 priset
663 1054 109 20 beroende
789 1053 23 21 af
825 1053 40 21 den
881 1054 126 26 auktoritet,

179 1089 46 14 som
237 1083 97 20 kommer
345 1084 32 19 att
390 1083 119 20 bestämma
521 1082 43 26 det,
581 1082 39 21 och
637 1082 37 21 det
691 1083 24 20 är
730 1082 49 21 icke
795 1082 69 27 sagdt,
880 1084 32 18 att
927 1081 27 22 de
971 1082 35 21 be-

180 1112 91 19 stämma
294 1111 36 21 det
353 1112 30 25 så,
404 1113 32 19 att
451 1111 26 20 de
494 1117 110 21 personer,
620 1117 46 14 som
682 1111 58 27 gjort
756 1110 89 27 fynden,
861 1110 57 21 finna
934 1110 71 21 anled-

179 1139 51 28 ning
246 1146 51 14 vara
316 1141 32 19 att
363 1139 131 21 öfverlemna
510 1139 47 21 dem
575 1139 29 20 till
621 1139 153 27 samlingarne.
805 1138 43 28 Jag
863 1138 68 21 skulle
947 1146 60 19 anse,

179 1169 32 19 att
228 1167 48 21 hela
292 1168 127 27 paragrafen
437 1167 64 22 borde
518 1169 51 26 utgå
586 1167 46 25 och,
649 1174 33 13 om
699 1167 40 21 den
756 1167 55 20 skall
823 1168 33 19 stå
867 1174 58 21 qvar,
937 1167 69 21 skulle

176 1196 38 27 jag
235 1196 130 21 åtminstone
390 1197 51 27 vilja
459 1197 77 26 utbyta
556 1196 66 21 orden
639 1212 11 9 ,,
653 1197 108 19 närmaste
779 1195 166 28 kronobetjent'*
961 1198 45 18 mot

179 1226 102 25 »pastorn
297 1225 7 20 i
319 1224 174 28 församlingen".
516 1224 42 28 Jag
574 1231 64 14 anser
653 1224 33 20 för
702 1224 48 21 vida
767 1224 126 27 lämpligare
909 1226 32 19 att
952 1231 53 20 upp-

179 1253 93 20 hittaren
289 1253 82 20 lemnar
388 1253 36 21 det
440 1253 127 28 upphittade
584 1253 31 20 till
632 1254 99 26 pastorn;
748 1253 39 20 det
802 1253 24 20 är
837 1252 86 21 allmänt
933 1253 72 26 kändt,

179 1281 54 20 huru
256 1281 87 27 mycket
365 1281 205 28 kronobetjenterne
594 1281 64 21 hafva
674 1283 31 18 att
721 1282 55 27 göra
792 1281 39 20 och
848 1281 53 20 huru
917 1282 88 26 mycket

179 1309 83 21 mindre
278 1310 162 27 presterskapet
457 1310 36 21 har
507 1310 41 21 fått
564 1313 32 18 att
612 1311 58 26 göra.
694 1309 44 21 Det
751 1311 25 18 är
793 1309 85 27 mycket
894 1316 58 14 mera
963 1309 41 21 för-

178 1338 66 27 enligt
267 1338 48 21 med
340 1338 63 21 deras
427 1339 136 20 verksamhet
586 1338 38 21 och
649 1338 103 27 bildning,
776 1339 32 19 att
829 1337 26 21 de
871 1337 86 28 åläggas
973 1339 32 20 att

178 1368 97 25 mottaga
291 1366 72 27 dylika
379 1367 59 28 fynd.
469 1367 57 20 Sista
546 1368 118 20 momentet
680 1373 24 14 ur
721 1366 88 28 stycket
825 1366 68 21 skulle
907 1367 38 27 jag
961 1367 44 20 helt

180 1395 40 20 och
236 1395 66 20 hållet
318 1395 51 28 vilja
385 1395 102 22 utesluta.

247 1422 58 21 Herr
319 1423 182 28 Godenhjelm:
517 1423 42 28 Jag
574 1423 95 21 anhåller
678 1425 32 19 att
719 1423 22 21 få
752 1423 141 27 understödja
904 1423 39 20 den
953 1423 52 21 siste

178 1450 84 22 talaren
285 1451 31 21 uti
335 1451 37 21 det
396 1452 42 20 han
455 1453 79 24 nämnt,
550 1452 52 20 eller
618 1454 32 18 att
666 1452 74 27 fyndet
756 1451 70 21 hellre
842 1451 65 21 borde
924 1451 81 21 lemnas

177 1479 31 20 till
224 1481 60 25 prest
299 1481 27 19 än
343 1480 162 28 kronobetjent;
515 1481 39 27 jag
570 1483 45 18 tror
630 1480 37 20 det
680 1481 24 19 är
719 1479 133 27 lämpligare.

246 1507 81 22 Grefve
343 1508 122 22 Aminoff
481 1508 97 22 biträdde
594 1508 74 28 grefve
684 1508 103 26 Armfelt,
804 1510 32 19 att
851 1508 36 21 det
903 1508 34 20 må
952 1508 52 28 utgå

176 1535 44 21 helt
236 1536 40 21 och
289 1536 76 21 hållet.
