1134 1803
463 130 40 16 Den
515 130 21 16 24
549 129 43 21 Maj.
886 128 41 20 359

131 185 32 27 sig
178 185 32 21 till
222 185 26 21 de
259 185 106 27 skriftliga
376 185 97 21 akterna.
499 185 42 27 Jag
553 185 69 21 skulle
634 185 85 21 derföre
730 192 52 14 anse
793 185 49 21 med
853 184 101 21 afseende

132 215 12 19 å
159 214 41 20 den
221 214 81 27 vigtiga
325 214 90 26 princip,
431 220 46 14 som
494 213 69 27 ligger
579 214 46 20 deri
641 214 89 26 uttalad,
746 215 33 19 att
794 214 41 20 den
851 212 103 22 tilltalade

126 242 38 21 får
180 242 112 21 öfvervara
308 242 176 20 vittnesförhöret
501 242 40 20 och
557 242 73 20 dervid
649 243 53 26 göra
720 242 47 20 sina
782 242 173 27 anmärkningar,

132 272 32 20 att
186 271 72 21 denna
281 270 115 28 grundsats
419 270 47 21 icke
488 270 67 21 borde
574 270 129 28 frånträdas,
723 270 39 21 och
781 270 124 21 hemställer
913 270 41 27 jag

132 300 92 26 derföre,
240 300 34 20 att
296 299 115 21 ständerna
434 298 69 21 skulle
525 299 95 21 förklara
644 298 41 22 den
701 298 78 28 nådiga
793 298 162 28 propositionen

132 328 48 22 icke
196 328 74 20 kunna
285 327 44 21 helt
345 327 40 21 och
400 327 65 21 hållet
483 329 98 26 antagas.

201 356 59 21 Herr
276 362 47 14 von
339 355 120 21 Hellens:
483 356 50 20 Med
548 355 116 28 anledning
684 356 24 20 af
721 356 41 20 den
778 356 115 27 förfrågan,
909 361 46 14 som

133 385 49 20 herr
199 385 149 26 Montgomery
361 384 58 20 ställt
430 384 31 20 till
472 384 156 27 lagutskottets
639 384 146 26 medlemmar,
797 384 38 21 ber
843 385 38 26 jag
891 385 32 19 att
934 383 21 20 få

133 414 121 25 omnämna,
270 414 31 19 att
314 413 39 27 jag
369 412 65 21 också
448 419 65 14 anser
528 413 36 20 det
580 419 51 14 vara
650 414 32 19 ett
700 412 99 28 tryckfel,
816 412 26 21 då
857 413 38 20 der
911 412 44 20 står

134 441 106 26 »önskar'
257 441 7 20 i
280 441 71 20 stället
371 441 33 20 för
423 441 99 26 ,äskar';
535 441 39 28 jag
590 441 38 21 har
643 441 48 20 icke
707 443 43 19 sett
765 440 190 26 korrekturarken,

134 477 47 14 men
198 470 24 21 så
238 470 39 20 har
296 469 130 21 åtminstone
441 469 39 28 jag
495 469 64 22 fattat
575 469 43 21 det.
648 469 44 21 För
707 469 65 28 öfrigt
787 469 39 21 har
842 469 65 21 också
922 470 34 19 ut-

134 499 83 20 skottet
232 498 79 21 uttalat
326 499 33 20 att
374 498 108 21 utskottet
503 497 76 22 delade
594 497 91 28 ungefär
700 497 26 22 de
742 498 87 27 åsigter,
845 504 45 14 som
906 497 50 20 herr

134 527 152 28 Montgomery
301 527 110 26 förfäktat,
428 533 49 14 men
492 526 39 21 har
547 526 56 21 dock
618 526 48 21 icke
681 527 57 20 velat
754 527 97 26 afstyrka
867 526 41 20 den
919 525 36 21 nå-

134 556 50 27 diga
199 555 162 27 propositionen
377 555 134 21 beträffande
527 555 27 21 20
570 555 19 26 8,
605 555 90 20 emedan
707 555 107 20 utskottet
825 555 27 26 på
863 554 26 20 de
902 553 53 26 skäl,

134 591 46 14 som
196 584 6 20 i
219 583 146 21 betänkandet
379 583 134 27 framhållits,
529 584 72 20 ansett
616 583 36 21 det
665 582 159 28 jemförelsevis
839 582 48 21 icke
897 581 58 21 med-

134 612 47 21 föra
204 612 109 28 egentliga
335 612 122 20 rättsvådor
479 612 39 20 och
538 610 90 22 sålunda
643 611 89 27 kunnat,
748 612 28 26 på
790 612 44 20 sätt
849 610 107 21 utskottet

134 641 118 27 föreslagit,
276 640 113 28 godkänna
413 640 40 21 den
469 640 34 21 för
518 642 32 19 att
565 640 124 27 derigenom
706 640 92 28 bespara
814 646 26 14 en
856 638 34 21 del
905 638 51 21 vitt-

136 676 40 14 nen
192 669 39 21 och
248 669 104 27 sakegare
369 668 92 28 onödiga
476 668 163 27 omkostnader;
655 675 49 14 men
719 675 43 21 nog
776 668 56 20 lärer
848 667 37 21 det
903 667 53 20 böra

136 698 125 27 medgifvas,
277 699 31 19 att
324 697 37 21 det
376 698 23 20 är
415 699 31 19 ett
461 696 82 28 ganska
559 696 78 28 vigtigt
652 696 47 21 skäl
718 698 44 20 mot
778 696 40 21 den
834 696 122 26 föreslagna

135 726 146 27 förklaringen
297 725 23 21 af
333 726 13 20 4
363 726 19 27 $,
397 725 35 21 vid
448 725 82 21 hvilket
544 725 66 21 också
625 725 49 20 herr
686 724 150 22 Wallensköld
846 724 43 20 fäst
899 724 57 20 stän-

136 755 46 20 dets
199 753 198 29 uppmärksamhet,
413 753 36 21 det
467 753 70 22 skälet
551 753 116 27 nemligen,
683 755 31 19 att
730 753 89 27 misstag
834 753 40 20 lätt
889 752 67 27 begås

136 791 33 13 om
193 783 42 21 den
257 782 114 21 tilltalades
393 782 107 21 identitet.
531 781 41 22 Om
596 781 66 22 redan
684 788 29 14 nu
733 782 82 21 kunnat
831 780 76 27 hända,
924 782 33 19 att

137 813 69 27 någon
222 811 57 28 gång
295 811 79 20 sådana
389 811 90 27 misstag
494 812 37 25 egt
547 817 53 20 rum,
617 810 27 21 då
659 810 69 21 vittne
744 811 80 20 afhörts
841 809 35 21 vid
887 815 69 15 annan

136 840 99 26 domstol,
251 839 40 21 och
307 839 41 21 den
364 839 104 21 tilltalade
484 839 135 28 följaktligen
635 839 47 20 icke
698 839 55 20 varit
769 837 132 22 närvarande
917 837 40 21 och

136 869 41 21 den
193 868 104 21 tilltalade
313 868 48 20 icke
377 874 37 15 ens
430 868 91 20 kommit
536 868 27 27 på
579 867 42 22 den
637 867 80 21 tanken
733 869 32 19 att
780 867 133 27 ifrågasätta,
925 867 32 19 att

136 898 79 20 vittnet
237 896 72 22 talade
333 903 35 14 om
386 903 26 14 en
428 903 70 14 annan
515 903 86 20 person,
617 895 27 22 då
659 896 56 21 lärer
730 895 34 21 väl
780 895 46 20 skäl
841 893 117 28 ingalunda

136 926 79 21 saknas
238 925 34 20 för
293 927 32 18 att
347 925 154 20 vittnesförhör
523 924 48 21 icke
594 925 32 20 får
650 924 38 21 ske
711 924 35 21 vid
769 930 71 15 annan
858 922 99 21 domstol.

137 954 73 21 Också
225 953 130 21 tillkommer
370 953 40 21 den
430 953 188 27 omständigheten
638 952 80 27 dervid,
734 959 46 14 som
796 952 50 21 herr
864 951 94 21 Wallen-

136 983 62 20 sköld
222 982 65 21 också
309 983 80 24 nämnt,
410 983 33 19 att
459 981 120 21 domstolen
594 981 80 21 saknar
689 980 153 28 ,,uppfattning
857 987 34 14 om
907 979 50 21 vitt-

137 1014 47 19 nets
200 1010 148 27 trovärdighet
364 1009 39 22 och
419 1009 49 22 dess
485 1010 127 21 berättelses
628 1009 96 28 sanning,
736 1016 45 14 som
792 1009 75 21 vinnes
879 1015 78 20 genom

137 1040 63 27 sinlig
215 1039 166 21 förnimmelse".
414 1038 48 28 Nog
477 1038 56 21 lärer
549 1045 27 14 en
592 1039 39 20 och
647 1038 59 26 hvar,
722 1045 45 14 som
784 1037 55 22 varit
854 1037 6 20 i
875 1036 83 21 tillfälle

137 1070 32 19 att
184 1068 113 20 öfvervara
307 1066 293 28 rättegångsförhandlingar,
612 1066 82 27 nödgas
705 1066 93 21 erkänna
811 1065 42 26 det,
865 1066 32 19 att
908 1070 48 14 man

137 1096 35 21 vid
195 1095 128 21 afhörandet
346 1095 23 20 af
390 1097 31 18 ett
444 1095 81 20 vittnes
545 1095 117 21 berättelse
679 1095 68 20 bildar
762 1094 32 27 sig
810 1100 26 15 en
852 1093 56 27 åsigt
923 1099 34 14 om

138 1125 88 21 vittnets
242 1123 155 28 trovärdighet,
413 1123 39 21 och
468 1125 33 19 att
516 1123 40 20 den
573 1123 48 21 icke
636 1123 76 21 härrör
730 1122 55 21 blott
801 1122 23 21 af
837 1121 55 21 hvad
909 1121 49 20 vitt-

138 1156 36 18 net
197 1152 145 28 uttryckligen
367 1152 94 21 berättat
484 1153 53 19 utan
557 1151 41 21 ock
621 1152 23 20 af
657 1151 49 21 hela
720 1151 89 21 vittnets
825 1149 133 22 förhållande

138 1181 80 25 dervid,
235 1181 40 20 och
297 1181 41 20 den
361 1180 63 27 åsigt,
443 1186 45 15 som
505 1180 101 21 domaren
623 1179 89 22 sålunda
727 1179 67 21 bildar
811 1179 33 27 sig
858 1177 35 22 vid
909 1177 50 21 vitt-

138 1212 48 19 nets
201 1209 125 27 afhörande,
342 1209 78 20 verkar
435 1208 160 27 otvifvelaktigt
610 1209 28 27 pä
648 1207 156 22 vittnesmälets
815 1205 144 29 uppfattande

137 1239 32 20 till
184 1237 138 29 protokollet,
338 1237 59 26 eller,
413 1243 34 14 om
461 1237 38 27 jag
514 1237 23 20 sä
552 1237 33 20 får
603 1236 102 27 uttrycka
720 1236 49 27 mig,
784 1235 70 28 gifvor
869 1235 90 20 vittnets

137 1267 62 28 intyg
215 1266 40 21 den
272 1266 53 27 färg,
341 1273 46 13 som
403 1265 36 21 det
454 1265 7 21 i
478 1265 130 27 protokollet
624 1264 90 22 erhäller
730 1265 40 20 och
784 1263 82 28 hvarpä
881 1263 78 20 domen

138 1295 94 28 grundar
255 1294 38 28 sig.
323 1294 43 27 Jag
388 1293 69 22 skulle
472 1293 72 21 derför
563 1293 77 21 endast
656 1293 120 26 hemställa,
791 1292 104 21 huruvida
911 1291 48 21 icke

138 1323 153 28 lagutskottets
308 1322 143 26 betänkande,
467 1322 77 21 sädant
555 1321 36 22 det
606 1329 29 14 nu
646 1322 24 20 är
680 1321 120 27 framlagdt,
812 1320 71 21 kunde
894 1319 66 21 blifva

138 1352 23 21 af
176 1351 150 28 ridderskapet
345 1351 40 20 och
404 1351 62 21 adeln
485 1352 95 25 antaget,
594 1350 57 21 dock
666 1349 50 22 med
730 1349 89 22 rättelse
834 1348 24 22 af
872 1348 36 21 det
923 1355 37 14 an-

139 1381 85 20 märkta
238 1379 123 28 tryckfelet.

208 1408 58 21 Herr
280 1407 208 28 Langenskiöld:
511 1407 42 28 Jag
576 1407 95 21 anhäller
691 1405 123 29 ödmjukast
831 1407 33 19 att
879 1404 28 27 fä,
923 1404 36 21 be-

138 1437 106 21 träffande
268 1435 146 22 betänkandet
429 1435 111 27 angående
563 1436 27 20 20
610 1435 20 27 &,
648 1435 114 20 instämma
776 1434 7 20 i
798 1434 50 20 herr
863 1433 97 21 Wallen-

139 1465 73 21 skölds
227 1464 86 28 förslag,
330 1466 32 19 att
377 1464 62 21 ordet
453 1463 81 27 ,eller''
551 1463 67 21 borde
633 1462 111 22 förändras
759 1462 31 21 till
806 1462 76 26 ,,och'',
893 1461 24 20 så
927 1462 33 19 att

139 1494 37 20 det
190 1493 48 21 icke
254 1493 34 21 må
303 1492 114 21 ankomma
433 1492 27 28 på
475 1494 60 25 parts
551 1493 52 19 utan
618 1492 28 27 på
662 1491 102 21 domstols
777 1490 107 28 pröfning,
895 1488 64 22 huru-

138 1522 49 21 vida
202 1521 123 21 vittnesmål
340 1520 22 22 få
377 1520 90 28 afgifvas
483 1520 28 28 på
526 1526 71 15 annan
613 1522 41 19 ort.
