1134 1803
436 130 39 15 Den
489 130 20 15 21
524 129 42 21 Maj.
860 130 41 20 269

102 186 64 20 dessa
184 185 74 27 bidrag
274 185 31 21 till
321 185 111 21 underhåll
444 185 23 21 af
477 186 121 20 brandvakt
612 185 39 21 och
664 186 160 26 gatuläggning,
835 193 44 14 som
892 188 37 19 äro

103 215 82 26 ganska
202 214 111 27 betydliga
328 214 7 20 i
351 214 53 23 stad,
422 214 66 20 blifva
505 214 87 25 lättade,
609 221 47 13 men
674 214 26 20 de
712 215 64 26 åtaga
786 214 33 27 sig
830 215 47 21 icke
894 216 35 20 nå-

102 250 38 20 gra
163 250 43 20 nya
230 242 77 21 bördor
328 243 33 19 för
381 243 46 19 sina
443 242 86 27 gårdar;
545 242 40 20 och
602 242 68 20 skulle
686 243 37 27 jag
738 242 85 21 derföre
839 244 31 20 för
887 244 40 20 min

103 272 33 20 del
153 272 27 26 på
202 271 38 20 allt
257 272 42 19 sätt
315 271 52 27 vilja
382 271 87 20 förorda
484 271 40 20 den
542 271 99 27 petition,
658 271 48 20 herr
722 270 74 22 Taube
812 271 117 28 föreslagit,

103 300 39 20 och
158 300 76 20 förena
250 300 42 26 mig
308 306 33 14 om
359 299 130 21 densamma.

172 328 58 20 Herr
245 328 102 20 Taube:
367 328 42 20 Det
425 328 39 20 har
483 328 111 20 anmärkts
612 328 45 25 här,
676 329 32 19 att
726 328 37 20 det
782 335 49 14 vore
849 329 79 27 olämp-

103 357 39 26 ligt
165 358 32 19 att
221 356 129 27 petitionera
374 363 33 13 om
431 356 112 20 afstående
563 356 23 20 af
600 356 129 27 privilegier,
746 363 46 13 men
810 357 36 20 det
861 358 67 20 finnes

103 385 63 27 ingen
184 391 69 14 annan
270 386 66 26 utväg
353 385 30 20 till
401 384 63 27 buds;
481 385 20 20 vi
518 384 63 21 hafva
597 385 47 20 icke
660 385 104 26 rättighet
778 387 31 18 att
820 392 109 15 ensamme

104 413 73 27 afsäga
194 420 36 13 oss
246 413 55 24 dem,
319 413 18 20 vi
355 413 71 20 kunna
442 413 54 26 icke,
514 420 32 13 om
564 413 48 20 vårt
628 414 40 26 öga
684 414 23 19 är
718 420 35 13 oss
765 413 29 20 till
806 413 123 28 förargelse,

104 442 54 20 rifva
175 442 36 20 det
227 443 24 18 ut
266 442 38 20 och
323 441 60 21 kasta
400 441 49 21 bort
465 441 44 26 det,
525 442 19 19 vi
561 442 69 19 måste
642 441 84 20 anhålla
738 441 37 21 hos
787 442 66 21 andra
865 445 63 18 stats-

104 471 87 20 makten
208 477 34 14 om
260 470 82 21 biträde
357 470 77 21 dertill.
461 470 66 21 Detta
541 471 71 19 såsom
629 477 25 14 en
672 471 140 26 anmärkning
824 473 57 18 emot
892 471 35 20 fri-

106 499 61 20 herre
184 506 41 13 von
241 499 66 20 Born.

173 527 156 21 Diskussionen
346 527 133 20 förklarades
496 534 27 13 nu
540 527 99 26 afslutad,
651 527 39 21 och
702 534 26 13 en
741 527 23 20 så
776 527 91 28 lydande
880 535 47 20 pro-

106 557 92 26 position
214 556 144 20 framställdes
375 555 31 21 till
422 555 97 21 ståndets
537 555 142 21 besvarande:

170 584 149 25 s,Godkänner
343 584 150 27 ridderskapet
517 584 40 21 och
581 584 61 20 adeln
666 584 36 20 det
726 584 23 20 af
765 584 106 21 utskottet
887 584 41 21 till-

104 613 85 27 styrkta
205 612 81 28 förslag
302 613 30 19 till
349 612 98 21 anbållan
464 613 5 19 i
486 612 37 21 det
539 612 148 28 underdåniga
703 612 99 21 svaret?''

174 658 11 9 »
188 641 82 21 Vinner
295 642 42 26 nej,
363 641 163 21 omformuleras
550 641 92 21 berörda
664 641 98 21 anhållan
786 642 69 20 såsom
879 642 50 20 herr

105 670 75 20 Taube
196 670 131 27 föreslagit.

174 698 42 21 Vid
228 698 60 20 öfver
299 698 73 20 härom
384 698 90 20 anställd
487 698 99 27 votering
597 698 75 20 utföllo
684 700 97 18 rösterna
792 698 47 21 med
852 699 25 21 18
889 699 38 20 och

107 727 24 20 14
144 727 41 27 nej,
198 727 29 20 till
242 727 50 27 följd
305 726 76 21 hvaraf
389 727 119 20 utskottets
520 727 79 26 förslag
608 733 37 14 var
656 726 138 21 oförändradt
805 727 123 20 bibehållet.

174 755 46 20 Mot
236 755 59 20 detta
312 755 69 20 beslut
397 755 139 20 reserverade
552 755 33 27 sig
600 755 50 20 herr
666 755 149 27 Godenhjelm.

174 812 122 27 Föredrogs
312 812 39 20 och
369 811 114 21 bordlades
500 812 30 20 till
547 811 171 21 sammanträdet
734 813 48 19 näst
792 812 56 20 efter
858 812 70 21 thors-

105 841 54 27 dags
176 841 168 20 sammanträdet
360 841 93 26 följande
469 840 163 21 betänkanden:

174 869 153 26 lagutskottets
345 869 135 20 betänkande
496 869 5 20 i
519 869 116 26 anledning
646 869 23 20 af
680 869 77 27 nådiga
768 869 160 27 propositionen

105 898 111 27 angående
233 897 152 28 upphäfvande
401 898 22 19 af
437 898 18 24 4,
472 898 12 19 5
501 897 39 20 och
557 898 13 19 6
582 898 24 26 8$
619 898 49 26 kap.
680 897 26 20 B.
718 897 25 20 B.
755 899 54 19 samt
822 897 107 27 åtskilliga

105 927 137 20 härförinnan
259 926 125 21 meddelade
400 926 133 27 stadganden
549 933 34 13 om
601 926 87 20 härads-
704 926 38 21 och
760 926 169 21 sockne-brand-

106 955 195 27 stodsföreningar;

174 990 81 14 samma
278 983 93 20 utskotts
395 983 136 20 betänkande
550 983 111 27 angående
680 983 117 28 förklaring
818 983 23 20 af
857 983 12 20 4
889 983 39 21 och

106 1013 27 20 20
149 1012 25 27 88
193 1013 24 19 17
234 1012 48 27 kap.
299 1011 25 21 R.
341 1011 36 26 B.;

174 1047 81 14 samma
271 1040 94 20 utskotts
381 1040 136 20 betänkande
533 1040 6 20 i
555 1040 116 27 anledning
682 1040 22 20 af
714 1040 88 27 ingifvet
815 1040 114 26 petitions-

108 1069 108 20 memorial
233 1068 111 27 angående
361 1068 89 27 ändring
467 1068 22 20 af
504 1069 11 19 7
532 1069 11 26 8
562 1069 25 19 17
604 1068 48 27 kap.
669 1068 26 20 R.
712 1068 36 26 B.;
765 1070 55 18 samt

175 1104 81 14 samma
274 1096 93 21 utskotts
380 1096 136 21 betänkande
529 1097 91 19 rörande
632 1096 74 27 tillägg
716 1096 32 20 till
759 1096 77 27 nådiga
847 1095 82 21 förord-

106 1126 76 26 ningen
200 1125 110 27 angående
322 1125 155 26 misshandling
488 1125 22 20 af
520 1125 93 24 kreatur,
625 1125 71 26 gifvon
710 1125 39 20 den
762 1125 26 20 20
799 1124 50 21 Juni
867 1125 61 20 1864.

176 1153 173 21 Sammanträdes
366 1153 111 27 upphörde
494 1153 91 20 klockan
602 1154 42 26 8!/,
660 1153 36 20 eft.
713 1161 27 12 m.

693 1194 20 15 In
727 1194 61 15 fidem:

589 1221 73 21 Victor
677 1223 26 19 de
718 1221 21 21 la
756 1221 103 28 Chapelle.

246 1335 155 33 Thorsdagen
420 1335 45 26 den
483 1335 30 26 23
530 1335 49 33 Maj
598 1335 35 26 kl.
652 1335 55 28 '/11
725 1336 17 26 f.
761 1343 31 19 m.

176 1381 40 20 Till
230 1381 107 27 justering
357 1381 110 27 upplästes
483 1381 200 28 protokollsutdrag
698 1383 61 19 öfver
774 1381 97 22 ståndets
888 1381 41 20 den

106 1411 24 19 21
150 1409 43 28 Maj
210 1410 81 20 fattade
307 1409 76 21 beslut.

175 1465 57 21 Herr
248 1466 194 20 landtmarskalken
456 1466 148 27 tillkännagaf,
616 1468 31 19 att
658 1467 35 20 vid
704 1466 47 21 före
762 1464 169 23 sammanträdet

106 1494 68 20 hållen
200 1494 207 20 talmanskonferens
431 1494 233 27 plenisammanträden
684 1495 69 20 blifvit
770 1493 112 22 bestämda
898 1495 32 18 att

107 1522 65 20 hållas
190 1522 100 27 fredagen
302 1522 41 20 den
355 1524 34 24 24,
402 1522 101 28 lördagen
515 1523 41 20 den
567 1524 28 19 25
606 1523 38 20 och
658 1523 117 27 måndagen
788 1523 40 20 den
840 1522 25 21 27
879 1521 50 28 Maj.
