1134 1803
240 138 41 22 292
555 141 39 15 Den
607 141 21 16 23
642 137 42 24 Maj.

214 198 75 19 texten
305 196 31 20 till
353 196 152 28 paragraferna
520 196 7 20 i
542 196 178 22 bankutskottets
736 195 136 22 betänkande
887 196 20 27 ej
924 196 24 20 är
963 193 6 23 i
986 194 49 22 dess

214 224 71 21 helhet
309 224 96 27 affattad,
424 227 51 18 utan
494 226 63 26 utgör
576 224 45 21 dels
637 225 122 27 ändringar,
776 224 45 21 dels
837 224 74 28 tillägg
927 224 30 20 till
973 231 62 21 para-

214 252 99 29 graferna
331 254 6 20 i
358 253 201 27 bankfullmäktiges
579 253 87 28 förslag,
682 254 90 20 hvarvid
788 254 57 20 ännu
861 253 38 21 bör
915 253 120 26 bemärkas,

214 283 33 19 att
262 282 159 27 granskningen
438 282 22 20 af
473 282 104 27 förslaget
592 282 96 27 påkallar
700 289 25 14 en
734 282 125 28 jemförelse
870 281 49 21 med
930 281 105 21 särskilda

214 310 97 28 gällande
327 310 221 28 grundförfattningar
563 310 6 20 i
586 312 78 20 ämnet.
695 310 51 22 Med
756 311 70 20 denna
837 310 132 21 reservation
981 309 54 21 skall

212 339 44 26 Jag,
276 338 27 21 då
318 339 26 20 de
360 338 105 21 särskilda
482 338 151 28 paragraferna
650 339 128 26 diskuteras,
794 340 53 25 göra
863 338 25 21 de
899 338 136 21 anmärknin-

214 373 45 21 gar,
275 367 85 20 hvartill
380 367 38 27 jag
436 374 64 13 anser
516 367 46 20 skäl
581 367 140 21 förekomma.
752 367 35 20 Då
807 367 37 20 det
862 373 28 14 nu
906 367 67 27 gäller
987 367 13 19 4
1017 367 18 26 8,

214 395 38 21 ber
272 395 37 27 jag
332 397 32 18 att
382 395 21 20 få
422 395 68 21 uttala
508 395 43 28 mig
567 402 34 14 om
616 395 70 22 denna
702 396 108 27 paragraf.
840 396 13 20 4
869 396 11 27 &
896 395 89 20 handlar
1001 401 33 14 om

214 430 26 14 en
258 423 129 28 separation,
404 430 26 14 en
446 424 132 27 skiljsmessa
593 424 7 20 i
616 424 157 28 förvaltningen
790 423 24 21 af
827 425 62 19 stats-
901 423 40 21 och
952 423 83 20 militie-

214 452 87 21 verkets
323 452 76 21 fonder
423 452 40 21 och
487 453 25 20 de
535 452 109 28 egentliga
663 453 169 20 bankfonderna.
863 451 33 22 De
915 451 54 25 skäl,
989 458 46 14 som

214 480 69 21 blifvit
306 481 89 20 anförda
417 481 32 20 för
472 487 25 14 en
521 481 59 27 dylik
600 481 130 27 separation,
750 481 42 21 kan
811 481 37 27 jag
864 481 47 20 icke
927 482 65 19 annat
1008 481 26 19 än

214 509 58 20 finna
287 516 51 13 vara
358 509 117 28 grundade,
495 509 38 21 och
549 509 98 21 kommer
666 510 69 21 denna
751 509 81 28 vigtiga
847 509 60 27 fråga
923 511 31 18 att
971 509 64 20 blifva

214 537 89 21 föremål
319 537 33 21 för
368 538 117 27 styrelsens
495 537 122 28 synnerliga
628 538 198 28 uppmärksamhet,
838 539 37 19 när
886 537 89 21 ärendet
989 537 46 20 blif-

214 565 31 21 vit
260 565 47 21 från
323 567 100 19 städerna
439 566 115 21 aflemnadt
570 566 31 20 till
617 566 61 21 Hans
695 567 108 27 Majestät,
819 566 76 20 liksom
913 566 65 20 också
994 565 41 20 frå-

214 601 40 20 gan
271 594 6 20 i
292 594 53 21 sista
361 594 56 21 hand
433 594 96 21 kommer
544 596 32 18 att
592 594 22 20 af
626 594 58 21 Hans
702 596 101 26 Majestät
819 594 85 27 pröfvas
920 594 40 20 och
976 594 59 26 afgö-

214 629 42 14 ras.
286 622 44 21 För
353 622 40 21 den
417 623 108 26 händelse,
548 625 31 18 att
598 623 70 21 denna
685 624 101 26 paragraf
800 622 67 21 skulle
884 622 23 21 af
921 622 114 27 höglofliga

214 651 85 21 ståndet
321 653 98 25 antagas,
442 651 68 21 skulle
531 651 39 27 jag
592 652 157 20 vördsammast
773 652 78 20 föreslå
867 652 67 26 några
949 650 86 21 ändrin-

214 686 39 21 gar
274 680 30 20 uti
327 680 76 27 sjelfva
425 680 147 21 redaktionen.
603 680 64 20 Hvad
686 680 68 21 första
774 680 79 21 hälften
870 680 23 20 af
907 680 128 27 paragrafen

215 708 108 27 beträffar,
347 708 119 21 innehåller
486 708 36 21 det
537 708 52 20 sista
605 710 125 25 momentet,
746 711 32 18 att
795 708 83 20 banken
895 708 93 27 utgifver
1004 708 31 19 till

214 736 138 21 bestridande
375 737 24 20 af
415 737 119 20 kostnaden
553 737 33 20 för
606 737 79 20 vården
706 737 38 20 och
761 736 158 27 förvaltningen
935 737 22 20 af
971 738 65 18 stats-

214 765 86 20 verkets
316 765 40 20 och
372 764 163 21 militieverkets
551 765 76 20 fonder
642 765 79 28 årligen
734 765 30 20 till
777 765 132 20 statsverket
919 767 32 18 ett
962 765 74 26 anslag

214 793 23 20 af
251 793 76 26 50,000
347 793 68 21 mark.
445 793 42 28 Jag
507 793 37 20 har
560 793 73 27 redan,
650 793 26 21 då
692 794 89 20 ärendet
796 793 68 21 första
879 793 83 28 gången
979 793 56 20 före-

216 828 44 19 var,
269 821 107 28 anmärkt,
389 824 31 19 att
431 821 69 22 denna
509 829 80 13 summa
601 823 23 19 är
635 823 65 26 något
710 823 82 27 knappt
803 822 104 26 tilltagen,
919 821 39 21 och
970 821 26 20 dä
1007 829 28 13 nu

215 850 167 21 bankutskottet
406 851 66 20 också
493 850 104 27 tillstyrkt
620 851 39 20 och
679 853 70 18 ansett
767 857 49 14 vara
832 850 52 25 skäl,
900 852 31 18 att
948 850 87 27 tjenste-

214 880 91 19 männen
321 879 36 20 vid
374 879 82 20 banken
481 879 59 20 skola
562 885 51 14 vara
633 879 32 20 väl
685 879 97 21 aflönade
799 879 39 20 och
854 878 85 21 derföre
954 878 81 28 förhöjt

215 907 63 20 deras
294 907 60 20 löner
369 907 7 20 i
392 907 41 20 den
449 907 121 27 föreslagna
586 909 78 25 staten,
678 907 52 21 böra
741 907 34 21 väl
786 914 81 14 samma
878 907 107 20 förmoner
995 907 40 20 till-

214 935 144 27 godokomma
374 935 26 21 de
416 936 135 27 tjenstemän,
568 942 45 14 som
630 936 61 20 skola
706 936 90 27 fungera
812 935 35 21 vid
863 935 36 21 det
914 936 59 26 verk,
990 943 45 13 som

214 964 97 20 kommer
333 966 31 18 att
385 964 181 21 omhänderhafva
585 966 64 18 stats-
665 964 38 21 och
720 963 162 22 militieverkets
898 963 85 27 fonder;
999 964 37 21 det

214 991 62 21 torde
295 991 55 22 dock
371 992 64 21 blifva
451 993 58 20 svårt
525 994 31 19 att
573 993 26 26 på
615 992 90 21 förhand
721 993 23 20 så
760 999 56 21 noga
832 993 118 20 bestämma
966 993 70 20 denna

214 1020 66 26 siffra,
296 1020 39 21 och
351 1022 32 19 att
399 1021 39 20 den
455 1021 71 20 kunde
542 1021 60 26 höjas
619 1021 38 20 har
673 1021 192 27 bankfullmäktige
880 1021 7 20 i
903 1021 37 20 sitt
955 1020 81 28 förslag

214 1048 61 20 äfven
292 1049 83 27 antydt,
391 1056 35 13 om
439 1049 40 20 ock
495 1049 26 20 de
536 1049 32 20 för
584 1049 30 20 sin
627 1049 34 21 del
672 1051 71 19 ansett
754 1049 41 21 den
806 1049 121 27 föreslagna
939 1055 96 14 summan

214 1083 52 14 vara
281 1076 121 28 tillräcklig.
433 1076 34 21 Då
481 1076 36 21 det
532 1083 28 14 nu
577 1077 41 20 kan
635 1084 53 13 vara
704 1078 45 19 skäl
766 1080 32 17 att
814 1078 40 19 öka
865 1077 70 20 denna
947 1083 88 20 summa,

214 1104 69 21 skulle
297 1105 38 26 jag
353 1105 84 25 föreslå,
453 1107 32 18 att
501 1105 52 20 sista
569 1108 117 18 momentet
702 1105 22 21 af
738 1106 68 20 första
822 1105 61 21 delen
899 1105 22 20 af
935 1111 100 22 paragra-

214 1133 35 20 fen
266 1133 71 20 kunde
354 1133 21 20 få
391 1133 90 28 ungefär
495 1133 93 28 följande
604 1133 92 28 lydelse:
713 1134 54 25 ,,och
778 1135 91 19 ersätter
881 1133 84 20 banken
977 1135 58 19 kost-

214 1161 70 20 naden
308 1161 33 20 för
365 1161 69 28 deras,
455 1162 20 20 d.
492 1169 18 13 v.
527 1169 16 13 s.
560 1162 142 21 statsverkets
719 1162 39 21 och
772 1161 163 22 militieverkets
950 1162 86 20 fonders

214 1189 53 21 vård
283 1189 40 21 och
339 1190 131 27 förvaltning
485 1190 66 27 enligt
567 1190 26 21 de
610 1192 97 19 närmare
722 1191 143 26 föreskrifter,
881 1197 45 14 som
942 1190 23 21 af
973 1189 62 22 Hans

214 1218 102 27 Majestät
331 1218 116 27 meddelas,
464 1219 54 20 dock
534 1219 47 20 icke
597 1219 31 20 till
644 1219 66 28 högre
727 1219 77 28 belopp
820 1221 28 18 än
863 1219 77 26 70,000
953 1218 82 27 mark'';

214 1246 176 21 hufvudorsaken
413 1248 30 25 är,
462 1249 31 18 att
513 1247 83 21 banken
616 1247 69 21 skulle
705 1247 71 21 betala
791 1247 120 21 kostnaden
927 1247 66 27 enligt
1009 1249 26 19 de

214 1277 98 18 närmare
335 1275 142 27 föreskrifter,
500 1282 44 13 som
569 1275 23 20 af
611 1275 60 21 Hans
690 1275 102 28 Majestät
808 1275 115 25 meddelas,
940 1282 46 14 men
1003 1276 33 20 för

214 1305 32 19 att
262 1303 63 20 hafva
341 1309 25 14 en
387 1303 143 28 begränsning
545 1304 33 20 för
594 1304 70 21 denna
676 1304 99 27 kostnad,
791 1304 68 21 skulle
875 1304 36 20 det
926 1304 110 27 tilläggas:

213 1331 70 27 »dock
298 1331 49 21 icke
362 1331 31 21 till
409 1332 66 27 högre
492 1332 76 27 belopp
584 1334 26 19 än
624 1333 75 26 70,000
710 1332 82 21 mark''.
818 1332 63 21 Hvad
893 1333 45 20 åter
951 1331 41 21 den
1003 1339 32 14 se-

214 1367 51 14 nare
288 1359 62 22 delen
373 1360 24 21 af
419 1361 125 26 paragrafen
569 1361 109 26 beträffar,
695 1361 37 20 har
749 1361 166 20 bankutskottet
930 1361 57 27 gjort
1003 1363 32 18 ett

214 1389 81 27 tillägg,
319 1388 46 21 deri
386 1389 123 27 uppräknas
532 1389 26 20 de
582 1389 105 21 särskilda
710 1389 147 28 kungörelser,
878 1389 67 27 enligt
964 1389 72 21 hvilka

214 1417 85 20 banken
323 1417 67 20 borde
413 1417 32 20 för
465 1417 131 21 statsverket
616 1418 121 27 ombesörja
756 1417 104 21 särskilda
875 1417 160 27 förrättningar,

214 1451 46 14 som
281 1445 74 20 hittills
374 1445 71 27 älegat
461 1446 129 20 densamma.
621 1445 42 28 Jag
678 1446 68 20 finner
762 1446 37 20 det
814 1452 51 14 vara
881 1445 108 27 vanskligt
1003 1448 32 18 att

214 1474 113 26 uppräkna
350 1473 66 27 några
435 1473 56 21 vissa
505 1474 147 26 kungörelser,
668 1476 23 26 ty
707 1474 37 20 det
759 1474 116 20 uttömmer
891 1474 47 20 icke
953 1475 82 25 ämnet;

214 1508 43 21 nog
280 1502 69 20 finnes
372 1502 37 20 det
431 1502 66 20 andra
520 1502 147 28 kungörelser,
691 1504 27 19 än
734 1502 27 21 de
777 1502 147 27 uppräknade,
945 1503 91 20 rörande

213 1530 192 27 låneoperationer,
429 1537 45 13 som
498 1531 132 20 statsverket
653 1531 57 27 gjort
729 1531 39 21 och
788 1531 45 20 deri
849 1530 85 21 banken
951 1530 38 20 har
1005 1532 30 20 åt-
