1134 1803
220 104 41 20 264
542 106 38 14 Den
594 106 20 14 21
629 104 42 20 Maj.

192 166 106 20 haltande.
330 166 31 20 En
378 166 22 20 af
415 166 207 26 hufvudorsakerna,
639 166 100 20 hvarföre
752 166 37 20 det
802 173 36 13 var
849 167 58 19 svårt
923 168 31 18 att
971 167 5 19 i
993 166 26 20 de

192 195 119 26 aflägsnare
328 197 86 18 orterna
430 195 5 20 i
453 195 90 20 Finland
559 195 69 20 införa
642 194 263 28 kommunalförvaltning,
918 194 101 21 särskildt

193 223 29 20 uti
240 222 101 28 Wiborgs
358 224 40 25 län,
416 231 36 13 var
468 224 40 20 den
525 223 166 27 omständighet,
709 225 31 18 att
753 223 37 20 det
802 223 55 20 varit
869 222 53 21 brist
934 224 26 26 på
972 230 45 19 per-

192 258 70 18 soner,
279 251 71 21 hvilka
366 252 68 20 skulle
450 252 83 20 inträda
544 252 5 20 i
561 252 106 27 styrelsen
685 252 32 20 för
732 251 139 21 kommunen.
899 251 74 27 Någon
987 252 32 19 så-

193 280 40 20 dan
251 280 112 20 förefinnes
380 280 46 20 icke
442 280 5 20 i
464 280 224 26 stadskommunerna,
704 280 48 20 icke
770 287 38 13 ens
824 280 40 20 den
881 280 52 20 allra
950 280 66 26 ringa-

192 311 40 23 ste;
251 308 38 21 och
307 308 138 28 jemförelsen
467 308 48 21 med
539 308 189 21 stadskommunen
751 310 25 19 är
796 308 85 21 derföre
901 309 5 19 i
927 308 91 21 nämnda

193 336 122 21 hänseende
325 337 86 20 alldeles
428 337 105 21 haltande.

263 365 90 20 Ständet
375 365 69 21 beslöt
464 368 31 18 att
515 368 79 25 antaga
615 365 126 28 paragrafen
760 365 68 27 enligt
844 365 118 20 utskottets
987 371 32 14 re-

196 393 94 20 daktion.

263 421 56 21 Herr
333 429 48 13 von
398 422 79 21 Esse:
495 423 69 20 anhöll
582 429 35 14 om
634 422 60 21 ordet
711 421 39 22 och
764 422 93 27 yttrade:
874 421 75 20 Under
959 423 59 18 anta-

193 449 69 28 gande
278 452 31 18 att
325 450 70 21 denna
411 451 58 27 fråga
484 453 23 18 är
523 451 176 24 slutdiskuterad,
716 451 69 20 skulle
799 451 39 26 jag
854 450 88 20 anbålla
955 451 31 19 att
999 449 20 21 få

194 479 54 20 fästa
264 479 115 27 höglofliga
399 479 96 21 ständets
515 479 191 28 uppmärksamhet
721 479 35 20 vid
774 482 32 17 ett
822 479 83 26 tillägg,
921 485 46 14 som
981 478 38 27 jag

194 507 38 20 har
247 507 58 27 gjort
321 507 34 20 vid
373 508 40 19 min
431 508 139 25 reservation,
587 508 37 20 det
642 507 35 21 vill
694 509 57 25 säga,
767 507 39 27 jag
822 507 68 20 skulle
907 507 69 20 önska
986 509 32 17 att

194 536 56 27 uppå
269 535 126 21 framhällna
418 536 46 21 skäl
484 537 21 20 få
521 543 26 14 en
569 536 165 27 slutparagraf
726 531 13 37 i
751 536 156 26 författningen
931 535 87 20 alldeles

194 564 22 20 af
230 564 112 20 enahanda
364 565 81 26 lydelse
468 565 47 20 med
536 565 48 25 den,
601 571 47 13 som
665 566 23 18 är
705 564 71 20 införd
793 564 5 20 i
815 564 154 26 författningen
986 563 33 20 för

195 592 279 28 kommunalförvaltningen
492 594 26 26 pä
534 593 78 26 landet,
630 592 89 21 emedan
735 599 26 13 en
779 592 78 27 mängd
873 592 56 20 olika
941 592 78 20 förhäl-

194 620 76 20 landen
287 621 5 20 i
304 621 57 20 olika
372 621 71 21 städer
456 622 70 20 kunna
538 628 52 14 vara
602 621 100 25 rädande,
714 628 44 12 som
773 621 72 20 kunna
857 620 83 28 päkalla
953 620 65 20 modi-

195 648 112 21 fikationer
323 649 6 20 i
345 649 69 21 denna
431 650 132 27 författning.
587 650 33 20 På
636 650 70 20 denna
725 649 70 27 grund
816 649 67 20 skulle
897 649 38 27 jag
951 648 67 20 önska

194 679 38 24 att,
252 678 70 20 såsom
339 678 38 26 jag
401 680 78 23 nämnt,
504 678 21 20 få
541 685 26 13 en
584 678 146 27 slutparayraf
752 678 88 20 alldeles
862 677 43 20 lika
927 676 91 28 lydande

196 706 46 19 med
260 706 40 20 den
313 706 32 20 för
357 706 250 27 kommunalförfattning
624 707 26 26 pä
666 706 78 25 landet,
758 706 118 27 nemligen:
894 706 123 25 ,,kommun,

195 741 43 13 som
256 734 79 20 önskar
352 734 87 27 vidtaga
455 735 149 27 förändringar
620 735 23 20 af
658 734 97 21 enskilda
777 733 134 28 stadganden
927 733 6 20 i
950 733 69 20 denna

195 762 131 27 förordning,
347 769 50 20 eger
421 763 130 20 underställa
575 763 79 26 förslag
678 763 70 20 dertill
772 764 149 25 guvernörens
938 762 6 20 i
961 762 57 20 länet

196 791 105 26 pröfning,
325 791 38 20 och
384 792 33 19 mä
440 793 141 25 guvernören,
602 798 33 13 om
653 791 39 20 han
710 791 20 27 ej
747 791 70 20 finner
840 790 178 27 förändringarna

196 820 32 19 stä
245 819 4 20 i
266 819 53 20 strid
336 819 47 20 med
395 819 26 21 do
433 820 5 20 i
449 820 152 27 förordningen
614 819 122 28 uppställda
748 819 148 28 grundsatser,
909 819 110 20 desamma

198 847 129 20 stadfästa.'*

265 875 55 21 Herr
337 876 165 27 Lagerborg,
523 876 108 21 Robert:
655 876 111 21 Utskottet
785 877 37 20 har
838 876 6 20 i
861 875 156 27 motiveringen

195 904 100 20 särskildt
313 905 71 20 berört
400 904 69 21 denna
485 905 165 27 omständighet,
667 905 38 20 och
724 905 36 20 ber
774 905 40 27 jag
830 904 84 21 derföre
926 903 31 21 till
967 911 51 20 gen-

196 932 54 20 mäle
266 934 45 19 mot
327 934 48 19 herr
391 940 41 13 von
452 933 67 20 Essen
536 933 21 20 fä
573 934 95 26 äberopa
690 933 120 20 utskottets
834 933 90 20 motiver
941 933 26 26 pä
984 939 35 20 pa-

195 961 49 26 gina
255 961 27 20 36
299 961 80 20 derom.

264 988 58 21 Herr
337 996 48 13 von
404 989 96 21 Essen:
517 989 42 20 Det
570 991 24 19 är
607 989 137 27 naturligtvis
757 989 44 28 mig
814 989 86 26 bekant,
913 989 61 20 detta
986 991 32 18 ut-

196 1017 93 20 skottets
308 1024 162 21 resonnemang,
493 1018 38 21 och
550 1018 106 21 utskottet
673 1018 37 20 har
728 1018 123 27 visserligen
869 1017 100 21 bemödat
986 1017 32 26 sig

196 1047 32 18 att
244 1045 134 27 undanrödja
403 1047 80 19 sådana
506 1047 141 25 föreskrifter,
671 1053 44 13 som
741 1046 72 20 kunna
837 1046 60 26 lägga
920 1045 55 20 band
993 1046 26 25 pä

196 1074 141 20 kommunens
353 1074 64 20 frihet
433 1075 4 18 i
454 1074 141 20 förevarande
612 1074 107 25 afseende,
736 1081 47 13 men
802 1074 36 20 det
855 1074 70 20 kunde
943 1072 76 25 hända,

195 1104 31 17 att
242 1102 36 20 det
295 1102 69 21 skulle
381 1103 45 20 visa
437 1103 32 26 sig
486 1103 4 19 i
507 1103 121 26 praktiken,
641 1105 31 18 att
682 1105 54 17 trots
748 1102 41 20 alla
803 1102 147 20 bemödandon
963 1102 56 19 vissa

196 1129 105 22 olikheter
317 1131 69 20 skulle
402 1132 93 26 gvarstä,
509 1133 23 18 sä
542 1131 67 20 framt
621 1131 73 26 hvarje
706 1130 162 21 stadskommun
882 1137 49 13 vore
944 1131 73 25 strigte

196 1158 84 21 bunden
298 1159 34 20 vid
349 1159 68 20 denna
437 1159 132 26 författning,
586 1159 39 20 och
643 1159 54 20 hvad
714 1158 37 21 det
769 1159 109 25 beträffar,
895 1161 31 17 att
942 1165 24 13 en
983 1158 34 19 ad-

196 1187 129 20 ministrativ
350 1187 126 27 myndighet
497 1187 68 20 skulle
586 1187 72 20 kunna
682 1187 108 27 upphäfva
815 1187 51 20 eller
881 1187 66 20 ändra
965 1186 54 20 hvad

196 1222 26 13 en
239 1215 34 27 lag
288 1215 66 27 gillad
370 1215 23 20 af
407 1217 76 26 regent
499 1215 39 20 och
555 1215 87 20 ständer
658 1216 92 27 stadgar,
768 1215 23 20 sä
807 1215 39 20 bor
859 1216 37 26 jag
912 1217 32 18 att
955 1215 21 20 få
987 1222 31 13 er-

194 1243 47 20 inra
264 1243 81 26 derom,
363 1246 32 18 att
413 1243 277 28 kommunalförfattningen
707 1244 27 27 på
756 1243 72 20 tandet
845 1243 37 20 har
898 1243 121 20 tillkommit

196 1272 26 25 på
238 1278 81 14 samma
340 1273 47 26 väg,
407 1272 40 20 och
468 1272 37 21 der
526 1273 37 19 har
582 1279 24 13 en
628 1272 155 21 administrativ
802 1271 124 28 myndighet
951 1271 68 20 blifvit

196 1299 74 28 tillagd
286 1307 25 13 en
329 1300 64 20 sådan
411 1300 135 27 befogenhet.

264 1327 59 21 Herr
346 1329 168 26 Lagerborg,
537 1328 111 21 Robert:
673 1328 33 21 Då
726 1327 251 27 kommunalförfattning
993 1329 26 25 på

196 1356 72 21 landet
284 1357 101 26 infördes,
402 1357 69 27 gällde
489 1357 35 20 det
541 1359 31 18 att
588 1357 68 27 skapa
672 1357 65 27 något
754 1359 54 24 nytt,
826 1363 44 14 som
881 1357 48 19 icke
940 1356 78 19 existe-

196 1387 33 18 rat
246 1384 65 21 förut.
342 1385 43 20 Det
408 1385 71 27 gällde
500 1387 31 19 att
553 1385 66 20 ordna
644 1385 229 20 kommunalväsendet
893 1385 27 26 på
939 1384 80 23 landet,

197 1413 81 20 hvilket
297 1415 74 18 nästan
389 1413 38 20 alls
444 1414 47 20 icke
507 1414 61 20 fanns
584 1413 38 20 tilll
655 1414 99 20 Deremot
770 1415 23 18 är
809 1413 38 20 här
862 1414 60 25 fråga
938 1419 33 13 om
989 1415 30 18 att

195 1442 89 26 utvidga
300 1441 70 27 gamla
390 1441 158 27 institutioner;
564 1441 45 20 deri
626 1441 68 27 ligger
710 1448 24 13 en
752 1445 45 16 stor
813 1441 91 25 skilnad,
920 1441 99 19 hvarföre

194 1468 38 28 jag
248 1472 51 22 tror,
315 1472 39 23 att,
371 1476 33 13 om
424 1470 37 20 det
481 1470 54 20 varit
551 1469 75 27 nödigt
642 1472 31 18 att
689 1470 6 19 i
711 1476 27 14 en
753 1469 128 27 författning
900 1475 33 13 om
954 1469 65 27 något

195 1496 129 29 fullkomligt
343 1499 49 26 nytt
407 1498 70 20 införa
493 1504 26 14 en
535 1497 59 27 dylik
615 1498 141 26 bestämning,
775 1497 37 21 det
828 1497 46 21 icke
891 1496 62 21 torde
969 1504 50 13 vara
