1134 1803
248 111 41 21 250
563 114 39 16 Den
615 115 20 15 21
650 114 42 20 Maj.

221 173 99 21 stundom
344 176 23 19 är
391 175 66 26 fallet,
476 176 69 20 såsom
567 176 65 20 också
648 176 64 20 redan
730 176 147 27 omnämndes,
893 176 37 21 och
947 177 26 20 då
991 184 50 13 vore

221 203 22 27 if
251 202 76 28 högsta
342 204 52 26 grad
418 204 89 28 obilligt,
530 211 33 13 om
588 204 26 21 de
631 204 54 27 egde
701 206 68 26 någon
786 205 156 27 förmögenhet,
959 205 82 21 kanske

220 231 110 27 fastighet,
346 239 33 13 om
395 232 63 21 dessa
474 240 108 20 personer,
598 233 85 20 derföre
698 236 32 18 att
746 233 25 21 de
780 234 32 20 stå
822 234 67 20 under
901 240 80 14 annans
993 234 48 20 hus-

222 260 139 26 bondevälde,
377 261 68 21 skulle
469 261 70 27 undgå
558 264 32 18 att
606 261 86 27 deltaga
708 262 5 20 i
731 262 140 20 kommunens
890 263 81 19 besvär.
1003 263 38 19 Sä-

221 296 46 13 som
283 290 98 26 exempel
398 290 26 27 på
439 291 32 19 att
487 290 79 20 sådana
582 290 36 20 fall
635 291 71 19 kunna
722 298 40 20 ega
779 297 51 19 rum,
846 292 32 19 att
889 298 102 20 personer
1003 298 38 13 un-

221 317 39 21 der
271 324 80 14 annans
363 318 172 21 husbondevälde
546 319 73 20 kunna
630 326 40 20 ega
682 319 64 21 sådan
758 319 112 27 egendom,
883 320 38 20 ber
929 320 38 26 jag
977 321 32 18 att
1020 319 21 21 få

221 347 120 25 omnämna,
359 346 54 21 hvad
433 354 25 13 en
480 347 92 20 ledamot
588 348 5 19 i
610 348 107 19 utskottet
733 348 111 19 anmärkte
868 348 33 19 vid
924 348 117 20 diskussio-

222 381 40 13 nen
285 380 34 14 om
344 375 132 27 paragrafen,
499 375 52 21 eller
566 378 32 18 att
614 375 40 21 han
673 375 53 21 hade
742 383 26 13 cn
785 376 82 27 tjenare
884 376 38 21 hos
938 376 40 27 sig,
995 383 45 14 som

220 403 79 27 ansågs
314 409 51 14 vara
381 411 25 13 en
422 404 64 20 bland
502 404 25 20 de
544 404 136 28 förmögnare
696 405 56 20 inom
769 404 40 21 den
826 404 101 21 kommun
945 405 38 20 han
1001 405 40 20 till-

222 431 72 25 hörde,
311 430 72 29 Borgå
398 432 54 27 stad,
470 433 39 20 och
525 433 55 27 egde
596 433 52 20 flere
664 433 195 27 stadsfastigheter.
888 433 9 20 I
915 433 75 21 sådant
1005 433 35 21 fall

221 459 69 21 skulle
306 459 41 22 han
363 461 27 26 gå
405 461 32 26 fri,
454 461 38 20 och
509 461 36 21 det
561 461 39 21 bör
616 461 33 21 väl
665 461 47 21 icke
728 468 63 14 anses
808 461 74 28 billigt.

290 488 57 21 Herr
363 489 159 21 Ehrnrooth:
538 489 75 21 Under
629 490 149 21 diskussionen
794 491 28 26 på
830 490 147 27 förmiddagen
986 490 55 21 hade

218 517 39 27 jag
272 517 81 20 tillfälle
369 520 32 19 att
416 520 58 25 yttra
490 519 41 20 min
547 519 63 26 åsigt,
626 521 32 18 att
675 526 83 19 person,
775 525 45 14 som
829 519 44 20 står
882 519 67 20 under
959 525 82 14 annans

222 546 181 27 husbondevälde,
412 547 47 20 icke
472 547 65 20 borde
547 554 50 13 vara
607 547 146 21 underkastad
765 547 276 27 kommunalbeskattning
1030 542 14 36 i

221 574 55 26 stad,
293 574 64 21 bland
372 577 65 19 annat
454 576 23 20 af
489 575 36 21 det
541 575 53 26 skäl,
610 577 32 19 att
658 575 62 21 deras
738 575 119 21 vederlikar
873 576 26 26 på
911 575 71 21 landet
993 576 47 20 icke

222 602 66 21 heller
303 602 72 22 skatta
390 604 30 20 till
445 604 135 21 kommunen.
611 604 11 20 I
638 604 26 21 54
681 604 11 27 8
708 604 110 28 angående
834 604 207 21 kommunalförfatt-

221 631 51 27 ning
287 632 28 27 på
330 631 78 26 landet,
422 632 37 21 der
475 632 36 21 det
527 633 53 20 talas
596 639 34 14 om
648 633 70 21 hvilka
734 640 45 13 som
795 634 37 19 äro
848 632 99 28 skyldige
963 636 31 17 att
1010 633 31 20 till

222 660 128 21 kommunen
373 662 77 26 utgöra
469 661 63 26 skatt,
552 662 60 20 heter
628 661 36 21 det
681 662 25 26 pä
722 661 75 21 slutet:
813 677 12 10 ,,
828 661 93 26 härifrån
938 661 103 21 undanta-

221 695 38 20 gas
275 688 33 26 de,
325 696 44 14 som
387 690 32 20 stå
433 690 68 20 under
511 697 82 13 annans
606 690 181 26 husbondevälde,
796 690 24 20 så
828 690 65 20 framt
903 690 26 20 de
941 690 19 27 ej
973 690 68 20 tillika

220 716 115 21 innehafva
351 718 64 21 sådan
433 718 99 27 ställning
547 718 57 21 inom
622 719 143 20 kommunnen
782 720 31 19 att
829 718 32 26 de,
878 718 55 21 efter
947 718 55 21 hvad
1011 719 30 19 of-

221 751 41 14 van
272 745 62 28 sagdt
350 747 29 25 är,
395 747 72 20 derför
482 748 36 19 äro
535 747 30 20 till
582 747 76 27 bidrag
674 747 96 27 pligtige,
785 746 52 21 eller
852 747 67 26 enligt
938 747 11 27 &
963 747 24 20 55
1003 748 38 19 äro

220 774 34 20 för
269 774 57 20 vissa
349 774 65 21 behof
428 775 53 20 slika
498 775 74 28 bidrag
592 775 179 21 underkastade".
801 774 64 21 Hade
884 777 32 18 ett
931 775 111 21 enahanda

221 802 74 27 tillägg
311 803 68 27 gjorts
397 803 43 26 här,
456 803 68 21 skulle
540 803 26 21 de
583 803 172 28 betänkligheter
767 803 48 21 herr
826 811 40 13 von
878 803 89 21 Hellens
978 804 63 20 fram-

220 830 60 21 ställt
295 832 55 20 varit
365 832 168 28 undanrödjade,
548 833 40 20 och
604 832 48 21 med
660 832 102 21 afseende
773 831 51 22 härå
834 832 90 21 föreslår
931 833 38 27 jag
981 832 61 21 vörd-

220 862 109 22 sammast,
345 862 32 19 att
392 861 6 20 i
414 861 100 20 afseende
529 862 13 20 å
557 861 183 28 skattskyldighet
756 861 31 20 till
804 861 173 20 kommun
906 857 12 36 i
929 861 46 20 stad
986 861 54 20 före-

220 888 90 21 skriften
327 890 66 19 måtte
409 889 73 21 ställas
497 889 6 20 i
519 889 223 21 öfverensstämmelse
756 889 47 20 med
819 889 55 26 dem,
890 896 45 13 som
953 891 36 18 äro
997 889 44 27 gäl-

221 916 62 21 lande
299 917 32 20 för
351 917 78 26 landet,
448 918 39 21 och
503 920 32 19 att
551 918 147 21 betänkandet
713 918 6 20 i
735 918 60 20 detta
810 917 101 21 afseende
927 918 66 20 måtte
1009 917 31 21 till

221 945 106 21 utskottet
350 946 173 21 äterremitteras.
555 946 79 21 Tillika
657 946 68 21 skulle
746 947 38 27 jag
803 946 156 21 vördsammast
977 947 64 20 fram-

220 973 70 24 ställa,
313 974 104 21 huruvida
440 975 47 20 icke
510 975 29 20 till
559 975 70 20 denna
648 975 102 27 paragraf
762 975 51 20 eller
829 974 100 27 möjligen
946 974 39 21 den
1003 975 37 20 föl-

217 1001 66 28 jande
307 1002 66 21 borde
392 1003 59 27 fogas
468 1006 31 18 ett
514 1003 74 28 tillägg
604 1003 48 21 utaf
666 1003 36 20 det
717 1003 99 25 innehäll,
832 1010 46 13 som
894 1003 146 27 ungefärligen

220 1030 69 21 skulle
305 1033 108 18 motsvara
428 1032 27 20 55
471 1032 11 27 &
499 1032 4 20 i
521 1032 277 27 kommunalförfattningen
815 1032 27 26 pä
857 1031 80 25 landet,
953 1031 37 21 der
1004 1031 37 21 det

220 1059 73 20 heter:
309 1059 66 26 ,,Der,
391 1060 67 26 enligt
469 1061 34 26 lag
513 1060 52 20 eller
576 1060 98 26 gällande
686 1060 132 27 författning,
830 1060 211 27 kommunalutskyld

220 1087 54 20 skall
291 1087 101 21 särskildt
408 1088 33 20 för
457 1089 64 26 något
537 1089 22 19 af
574 1088 26 21 de
616 1088 7 20 i
638 1089 12 26 8
666 1089 27 20 54
709 1090 110 25 upptagna
835 1087 206 28 beskattningsföre-

220 1115 41 20 mål
285 1116 58 27 utgå,
363 1116 51 21 eller
433 1117 40 20 ock
488 1117 33 20 för
537 1116 128 28 deltagande
680 1117 5 20 i
702 1116 66 21 sädan
784 1116 87 27 utskyld
887 1123 68 13 annan
971 1116 69 27 grund

220 1143 137 27 bestämmes,
375 1145 51 20 cller
437 1145 62 27 eljest
510 1145 45 20 från
567 1145 185 27 skattskyldighet
763 1144 31 21 till
806 1144 127 21 kommunen
946 1145 95 20 befriade

220 1172 139 21 medlemmar
375 1173 59 20 skola
450 1173 30 27 till
497 1173 55 21 vissa
568 1173 49 21 dess
634 1173 66 21 behof
713 1173 94 27 bidraga,
818 1173 56 26 gälle
885 1173 55 20 hvad
952 1173 89 20 sålunda

219 1201 6 20 i
242 1201 75 27 hvarje
333 1201 36 20 fall
386 1201 124 21 förordnadt
525 1203 45 19 är*.

290 1229 65 21 Detta
371 1230 38 20 har
424 1229 100 22 afseende
535 1230 64 21 bland
610 1231 67 20 annat
688 1230 27 27 pä
726 1229 107 21 allmänna
844 1229 151 28 fattigvärden,
1010 1230 30 20 till

220 1257 93 25 hvilken,
336 1265 46 14 som
404 1258 41 21 alla
469 1258 212 21 ständsmedlemmar
700 1258 63 21 hafva
780 1258 32 27 sig
829 1258 86 26 bekant,
932 1258 61 27 afgift
1008 1265 33 14 er-

219 1285 74 28 lägges
309 1287 24 20 af
349 1286 42 21 alla
410 1287 66 26 enligt
491 1293 28 14 nu
535 1287 99 27 gällande
650 1287 132 26 författning.
814 1287 40 19 Om
871 1286 36 21 det
924 1287 79 26 precist
1018 1288 23 19 är

219 1315 24 20 sä
259 1315 42 20 rätt
318 1315 81 20 lemnar
412 1315 38 27 jag
467 1315 84 26 derhän,
569 1315 38 21 och
624 1315 174 28 upplysningsvis
815 1315 36 20 kan
866 1315 35 27 jag
915 1316 83 25 nämna,
1009 1317 32 18 att

219 1343 5 20 i
241 1343 40 20 den
299 1343 86 25 komité,
402 1350 45 13 som
464 1343 84 21 förlidet
563 1345 25 20 är
604 1351 38 13 var
658 1343 80 21 samlad
755 1343 33 20 för
804 1345 32 18 att
849 1344 97 26 uppgöra
961 1343 80 27 förslag

219 1371 31 20 till
273 1371 110 21 ordnande
405 1372 24 20 af
445 1372 151 27 fattigvärden,
612 1372 40 20 den
670 1372 56 27 äsigt
740 1371 108 21 uttalades
864 1371 39 21 och
919 1371 75 28 gjorde
1009 1372 32 27 sig

218 1399 107 28 gällande,
341 1402 32 18 att
389 1400 130 28 tjenstehjon
536 1401 40 20 och
592 1401 33 26 de,
636 1407 45 14 som
696 1401 33 20 stä
745 1400 68 21 under
828 1407 81 13 annans
921 1400 119 21 husbonde-

218 1427 69 25 välde,
304 1427 47 21 icke
367 1429 70 19 skulle
452 1429 21 20 få
489 1428 85 27 påföras
590 1429 69 26 någon
676 1429 62 27 afgift
754 1429 30 19 till
800 1428 153 26 fattigvården,
968 1429 34 20 för
1009 1430 32 18 att

218 1456 89 21 sålunda
324 1456 49 20 med
388 1459 62 17 roten
463 1457 109 27 upprycka
584 1457 40 20 den
636 1457 62 27 åsigt,
711 1464 44 13 som
768 1456 110 27 verkligen
891 1456 74 28 tyckes
977 1456 64 21 hafva

219 1485 75 20 vunnit
317 1484 77 21 allmän
418 1485 135 27 utbredning,
577 1487 33 19 att
632 1485 143 27 fattigkassan
799 1491 51 14 vore
873 1492 26 13 en
919 1485 121 25 sparkassa,

218 1512 32 21 till
266 1513 86 21 hvilken
370 1513 41 21 alla
426 1514 139 20 kontribuera
581 1514 39 20 och
637 1514 46 20 från
699 1514 86 20 hvilken
801 1513 43 21 alla
859 1513 64 21 hafva
938 1513 103 29 rättighet
