1134 1803
0 428 2 64 |

222 142 41 20 342
538 144 39 14 Den
590 144 21 14 24
625 142 42 20 Maj.

193 198 79 21 Månne
295 205 48 14 man
367 198 46 21 icke
437 198 84 21 derföre
546 198 72 20 kunde
634 200 61 25 säga:
714 197 109 27 ,iakttaga
839 196 65 27 nödig
919 202 94 14 varsam-

194 226 58 21 het.

262 254 57 21 Herr
336 262 45 14 von
397 255 96 27 Trapp:
511 255 41 20 Det
572 256 23 19 är
614 255 66 21 oftast
696 254 102 27 brukligt,
814 255 32 19 att
862 260 48 13 man
927 252 5 20 i
949 252 65 20 slutet

194 284 23 20 af
231 290 26 14 en
275 284 92 26 mening,
383 284 32 20 för
431 286 33 18 att
479 284 52 26 göra
547 284 41 20 den
605 283 98 25 rundare,
720 284 107 26 begagnar
838 282 78 20 dubbla
927 280 87 27 uttryck

192 311 34 21 för
250 318 81 14 samma
353 312 44 26 sak,
421 312 36 20 det
479 312 42 20 kan
537 312 35 20 stä
590 312 52 20 eller
658 312 46 20 icke
721 312 46 25 stä;
783 318 47 13 men
847 317 34 13 om
897 309 36 21 det
948 308 66 28 gäller

194 340 75 27 frägan
285 347 34 13 om
335 340 75 27 sjelfva
426 340 94 27 spräket,
537 341 23 20 sä
576 340 68 21 skulle
659 341 37 26 jag
707 340 48 27 vilja
768 341 56 23 veta,
836 339 54 20 huru
901 344 47 14 man
961 336 53 21 skall

195 385 4 8 v
202 368 107 25 Utveckla
323 368 156 27 försigtighet*.

263 396 57 21 Herr
337 396 189 28 Montgomery:
544 397 88 20 Kanske
649 398 23 19 är
688 396 36 21 det
740 398 32 19 ett
788 395 111 27 olämpligt
916 393 97 28 uttryck;

192 425 39 27 jag
254 425 38 20 har
311 425 47 20 icke
377 425 96 21 förordat
488 427 31 19 att
535 425 37 21 det
588 425 53 20 skall
658 425 33 20 stä
706 431 58 21 gvar,
781 426 51 19 utan
845 423 80 27 yrkade
941 423 27 26 pä
984 423 31 18 att

194 453 36 20 det
254 453 67 20 skulle
346 453 59 21 heta:
429 454 111 27 ,jiakttaga
555 453 65 27 nödig
639 453 142 20 varsamhet't.
811 451 58 22 Herr
886 458 39 13 von
941 450 72 27 Trapp

195 481 62 21 tordo
274 488 50 14 vare
340 489 51 13 ense
407 489 34 14 om
458 484 31 19 att
505 482 63 21 ordet
583 482 128 27 urskiljning
726 482 68 26 utgär.

263 509 58 21 Herr
344 509 159 28 Ehrnrooth,
527 510 68 21 Carl:
618 509 43 28 Jag
676 510 38 20 ber
730 512 30 18 att
776 509 22 20 fä
812 507 139 28 understödja
967 507 48 32 herr

195 538 156 27 Montgomery,
368 539 27 26 pä
411 539 36 20 det
464 539 51 20 hans
531 539 81 26 förslag
622 539 66 20 mätte
700 538 84 21 komma
796 537 67 20 under
873 536 142 27 ompröfning.

263 566 64 27 Uppä
343 567 49 19 herr
407 567 208 20 landtmarskalkens
631 567 157 26 framställning
803 566 69 20 beslöt
888 564 84 20 ständet
983 565 32 18 att

194 594 114 28 godkänna
331 595 126 27 paragrafen
482 595 47 21 med
554 596 42 20 den
619 595 23 21 af
659 595 49 20 herr
727 595 149 26 Montgomery
892 592 122 27 föreslagna

195 622 285 28 redaktionsförändringen.

264 652 25 26 88
305 652 83 20 84—93
403 652 124 26 godkändes
543 652 68 27 enligt
627 652 117 20 utskottets
760 651 87 27 förslag.

264 680 118 26 Angående
398 680 11 27 &
426 681 27 19 94
470 680 108 20 lemnades
595 680 61 20 ordet
672 681 22 19 ät

263 708 58 20 Herr
345 715 46 13 von
414 708 151 26 Haartman,
585 708 105 26 Victor,
714 715 44 13 som
778 707 94 28 yttrade:
888 706 42 27 Jag
946 705 68 32 skulle

195 736 51 26 vilja
268 736 85 25 föreslå,
377 738 31 19 att
429 736 200 25 bankdirektionen,
646 737 89 20 likasom
752 743 34 19 nu,
802 735 68 20 skulle
886 742 39 20 ega
942 735 72 25 rättig-

196 763 36 21 het
251 766 36 18 att
311 764 79 27 bevilja
409 764 94 27 ledighet
521 765 22 20 ät
559 765 149 20 direktörerne
725 765 25 26 pä
768 765 25 19 14
809 763 65 26 dagar
890 765 51 18 utan
957 763 57 19 hom-

195 792 84 26 ställan,
303 792 48 21 med
368 793 103 26 rättighet
487 793 68 20 tillika
571 793 32 20 för
623 793 133 20 direktionen
774 795 37 24 att,
828 792 43 20 ifall
887 791 75 20 sådant
980 791 34 19 be-

194 820 69 21 finnes
286 821 81 27 nödigt,
391 821 5 20 i
421 821 134 21 direktionen
579 821 117 28 adjungera
717 821 140 25 sekreterare,
875 819 139 22 ombudsman

195 848 52 21 eller
264 849 132 26 kamrerare;
412 849 75 21 ondast
503 857 34 13 om
548 850 74 27 längre
634 849 94 28 ledighet
738 849 115 26 erfordras,
865 849 65 20 borde
942 847 71 20 derom

195 877 92 20 ansökas
311 877 38 20 hos
369 877 190 28 bankfullmäktige
580 879 38 20 och
636 880 94 18 senaten.
761 878 44 20 Det
820 879 24 18 är
857 877 63 20 äfven
936 876 78 26 olämp-

193 905 49 27 ligt,
258 907 32 18 att
306 906 6 19 i
328 906 27 20 94
371 906 12 27 8
400 906 93 27 stadgas,
509 909 31 18 att
555 906 41 21 alla
613 906 119 21 direktörer
749 906 52 20 böra
812 905 6 20 i
830 904 185 21 sammanträdena

195 933 96 27 deltaga;
307 934 26 20 de
349 933 71 21 kunna
437 935 82 20 således
533 935 49 20 icke
598 941 51 14 vara
665 935 70 26 någon
751 934 73 20 timme
839 934 62 20 borta
912 935 50 18 utan
975 932 40 20 till-

194 961 62 20 stånd
280 961 22 21 af
323 962 199 28 bankfullmäktige,
544 970 46 13 som
608 963 67 27 enligt
693 963 12 26 &
721 963 27 20 95
764 963 27 20 dä
806 962 61 20 skola
882 960 133 21 tillförordna

195 989 88 21 vikarie.

263 1017 58 21 Herr
341 1025 50 14 von
410 1019 97 27 Trapp:
530 1019 133 27 Paragrafen
687 1019 38 20 har
741 1018 154 27 sammanhang
911 1017 47 20 med
974 1017 40 20 den

195 1046 27 26 pä
237 1046 90 20 friherre
343 1053 40 13 von
400 1047 71 20 Troils
486 1047 97 21 anhällan
600 1047 117 27 bordlagda
732 1048 12 19 4
760 1047 19 27 $.
797 1046 45 20 Här
853 1047 92 19 förutses
957 1052 58 13 nem-

194 1073 65 27 ligen,
283 1076 32 18 att
332 1074 193 21 bankdirektionen
545 1076 73 20 bestär
633 1076 23 20 af
670 1078 32 17 tre
718 1075 126 25 ledamöter,
859 1074 40 21 och
915 1080 99 20 paragra-

194 1101 34 20 fen
245 1102 68 20 måste
329 1103 84 26 ändras,
430 1103 44 20 ifall
490 1103 58 21 detta
564 1103 58 21 antal
640 1104 128 20 bestämmes
785 1103 30 20 till
832 1103 72 26 högre.
929 1101 86 21 Samma

194 1131 24 18 är
233 1129 59 21 fallet
309 1131 48 20 med
373 1131 39 20 den
429 1131 27 20 97
473 1131 18 27 8.
577 1150 2 2 a

264 1158 99 21 Friherre
373 1165 48 14 von
433 1159 80 21 Troil:
525 1159 42 28 Jag
578 1159 68 21 skulle
658 1160 156 20 vördsammast
826 1158 117 26 bemställa,
952 1158 61 20 huru-

194 1186 49 20 vida
267 1186 46 21 icke
330 1187 118 27 höglofliga
464 1187 149 28 ridderskapet
629 1189 39 20 och
684 1188 62 20 adeln
763 1187 68 21 skulle
844 1187 49 27 vilja
905 1186 110 21 diskutera

193 1215 99 26 samtliga
309 1214 5 21 i
326 1215 59 20 detta
397 1215 82 28 förslag
489 1216 176 21 förekommande
677 1216 125 27 paragrafer
814 1215 121 21 oberoende
947 1215 22 20 af
978 1221 37 13 an-

194 1242 52 20 talet
270 1242 23 21 af
314 1243 147 21 direktionens
485 1244 119 21 ledamöter
617 1244 39 21 och
672 1245 67 26 öfrige
756 1245 128 26 tjenstemän
901 1243 5 20 i
924 1243 90 20 banken.

195 1270 30 20 På
249 1271 60 20 detta
331 1273 44 18 sätt
398 1271 67 22 skulle
488 1273 108 26 principen
617 1273 27 27 på
659 1273 90 20 förhand
766 1272 66 21 blifva
847 1271 90 27 afgjord,
954 1271 39 20 och
1009 1271 6 20 i

194 1298 102 21 händelse
311 1299 13 20 4
341 1300 11 26 8
368 1299 122 22 föranleder
506 1301 30 20 till
553 1301 131 25 återremiss,
700 1301 164 20 bankutskottet
876 1299 27 20 då
914 1299 101 20 beordras

193 1329 32 17 att
244 1327 6 20 i
267 1327 63 20 dessa
355 1329 125 26 paragrafer
495 1329 6 20 i
517 1329 100 21 afseende
634 1330 12 19 å
661 1329 81 20 antalet
758 1329 23 20 af
795 1328 146 21 direktionens
958 1327 57 20 leda-

194 1355 80 20 möters
299 1358 56 18 samt
378 1356 149 28 betjeningens
551 1357 58 21 antal
633 1357 86 27 vidtaga
742 1357 26 20 de
792 1357 122 26 ändringar,
930 1355 85 21 hvartill

194 1382 97 21 ståndets
307 1383 73 22 beslut
395 1385 42 20 kan
453 1385 118 21 föranleda.

263 1411 92 21 Ståndet
371 1413 69 21 beslöt
456 1415 32 19 att
503 1413 116 28 godkänna
634 1413 126 28 paragrafen
778 1413 135 21 oförändrad.

264 1439 41 20 Vid
322 1440 12 26 8
350 1441 27 19 95
393 1441 60 26 afgaf

262 1466 58 22 Herr
337 1468 134 22 Molander
487 1469 93 27 följande
596 1470 112 26 yttrande:
724 1470 11 20 I
750 1469 68 21 likhet
835 1469 47 20 med
899 1468 55 20 hvad
966 1468 49 20 herr

192 1501 42 13 von
245 1494 119 22 Haartman
375 1497 65 20 redan
450 1497 77 26 anfört,
537 1498 69 20 skulle
614 1498 62 20 äfven
684 1498 38 27 jag
731 1504 51 14 anse
791 1497 65 21 vådor
866 1497 72 20 kunna
946 1496 69 20 föran-

192 1522 62 22 ledas
270 1523 23 21 af
307 1524 136 28 stadgandet,
460 1528 32 18 att
508 1526 51 25 ,har
571 1526 90 21 medlem
678 1527 6 20 i
698 1526 192 21 bankdirektionen
902 1524 114 22 förklarats
