1134 1803
235 126 41 21 366
558 126 40 16 Den
612 126 21 16 24
647 125 43 21 Maj.

207 184 65 20 hvars
288 182 128 21 ordförande
429 182 38 28 jag
483 182 61 27 varit,
562 182 48 21 icke
627 182 82 21 kunnat
724 182 72 28 undgå
811 184 32 19 att
859 182 80 28 afgifva
955 182 72 22 betän-

207 211 71 21 kande
301 210 105 26 deröfver,
426 211 39 21 och
483 210 26 22 då
525 212 30 19 ett
572 211 88 21 allmänt
676 211 232 21 utskottsbetänkande
923 211 31 21 till
971 212 56 20 stån-

206 241 41 20 den
263 239 126 26 inkommer,
405 239 68 20 skulle
487 239 38 27 jag
541 240 47 20 med
605 239 116 27 anledning
736 240 24 20 af
772 240 28 20 56
816 240 11 27 $
843 240 6 20 i
865 240 162 27 landtdagsord-

207 269 78 27 ningen
301 268 123 28 ödmjukast
446 268 92 26 anhålla,
553 270 32 18 att
600 268 61 20 detta
678 268 135 21 betänkande
829 268 66 21 måtte
911 268 116 21 behandlas

207 298 27 27 på
249 296 112 22 enahanda
376 297 43 19 sätt
434 303 46 13 som
496 296 41 21 alla
553 296 68 28 öfriga
636 296 54 21 ifrån
706 296 106 22 allmänna
828 296 83 22 utskott
925 296 100 22 inkomna

207 325 158 26 betänkanden,
382 325 19 19 d.
417 331 20 14 v.
454 332 17 13 s.
487 325 54 21 först
557 325 136 28 bordläggas.

274 353 57 21 Herr
347 353 196 21 landtmarskalken
559 353 91 28 yttrade,
672 354 36 21 det
725 354 42 20 han
784 354 28 27 på
827 354 68 27 grund
911 354 24 20 af
949 354 26 20 27
992 354 11 26 8
1020 354 5 19 i

206 381 233 28 landtdagsordningen
455 381 48 21 icke
519 382 66 27 ansåg
600 382 34 27 sig
649 381 72 22 kunna
739 382 108 27 uppställa
865 383 68 26 någon
949 389 76 20 propo-

205 411 64 21 sition
285 411 5 20 i
306 410 81 27 frågan,
404 410 99 21 hvarföre
517 410 136 21 densammas
670 410 156 28 bordläggning
842 411 70 20 blefve
928 410 97 21 fullkom-

205 440 39 27 ligt
267 439 132 27 öfverflödig.
431 439 12 27 $
459 439 27 21 27
502 439 74 27 lydde:
593 455 11 9 ,,
606 439 42 20 Vid
670 439 73 28 hvarje
760 439 88 27 lagtima
863 439 102 27 landtdag
980 439 45 25 bör,

206 468 101 27 antingen
327 467 36 21 vid
386 467 49 21 dess
458 467 114 28 öppnande
588 467 53 21 eller
664 467 57 21 inom
744 468 80 27 fjorton
843 467 66 28 dagar
925 467 100 27 derefter,

204 496 142 21 statsverkets
369 495 95 22 tillstånd
487 496 32 20 för
541 497 116 20 ständerna
680 497 110 27 uppvisas,
810 497 28 27 på
853 496 36 21 det
904 496 26 22 de
946 496 33 21 må
994 496 31 21 in-

204 525 73 21 hemta
292 525 53 20 huru
362 525 93 20 kronans
470 525 119 20 inkomster
604 525 70 20 blifvit
690 525 31 20 till
739 524 83 21 landets
838 532 54 20 gagn
909 525 38 20 och
964 525 61 20 bästa

204 553 119 26 använda",
339 553 39 21 och
392 553 63 21 deraf
468 553 110 27 framgick,
594 553 67 27 enligt
676 553 50 21 herr
742 553 209 21 landtmarskalkens
962 553 62 27 äsigt,

204 582 84 28 tydligt,
305 583 32 19 att
352 582 70 27 någon
439 581 120 21 diskussion
576 582 48 20 icke
640 582 5 20 i
662 582 72 20 ämnet
749 582 73 20 kunde
838 582 20 20 få
872 588 40 21 ega
928 588 45 14 rum
985 582 39 20 och

203 613 32 19 att
251 610 50 21 herr
315 610 197 21 landtmarskalken
529 610 47 21 icke
593 610 73 21 derom
682 610 72 21 kunde
770 610 62 21 ställa
848 610 131 28 proposition
993 610 30 20 till

203 639 91 21 ståndet.
324 638 162 28 Bordläggning
501 638 69 22 skulle
586 639 72 21 derför
673 639 48 21 icke
737 639 59 27 tjena
812 639 30 20 till
858 639 124 27 någonting,
997 638 28 21 då

203 667 148 22 betänkandet
374 666 69 22 blifvit
463 667 96 21 utdeladt
575 667 32 21 till
624 667 48 26 alla,
688 667 40 21 och
744 667 37 21 det
796 667 83 21 således
895 667 61 21 stode
971 667 53 21 hvar

203 697 39 20 och
258 703 27 14 en
301 696 46 20 fritt
362 698 33 18 att
410 695 62 21 deraf
485 698 50 25 taga
551 696 41 21 del.

271 725 101 20 Friberre
387 724 86 27 Boije:
489 725 26 20 53
531 725 12 26 $
558 724 6 21 i
581 724 233 27 landtdagsordningen
831 723 128 22 innehåller:
975 724 48 25 ,,Då

202 753 81 28 förslag
302 753 32 20 till
352 753 91 27 ändring
458 753 6 20 i
481 753 104 28 grundlag
603 753 52 20 eller
670 753 112 28 uppgiften
796 753 111 27 angående
921 754 101 19 statsver-

202 782 48 21 kets
273 781 95 21 tillstånd
388 781 31 21 till
437 781 84 21 utskott
536 781 98 26 förvisas,
650 782 34 20 må
700 781 163 28 öfverläggning
878 781 20 28 ej
914 782 55 20 inom
987 782 35 20 nå-

201 812 37 25 got
262 810 62 21 stånd
347 809 144 22 förehafvas''.
522 809 95 22 Dermed
641 810 42 21 kan
703 810 48 21 icke
767 809 78 21 förstås
860 812 73 24 annat,
949 811 25 20 än
991 812 32 18 att

200 839 72 20 förrän
289 839 75 20 remiss
380 839 65 26 skett,
461 838 42 21 kan
518 838 47 21 icke
582 839 121 20 diskussion
720 838 102 27 försiggå.

270 867 57 21 Herr
349 867 198 21 landtmarskalken
565 867 107 26 framhöll,
688 869 32 19 att
736 867 68 27 enligt
819 867 53 21 hans
888 867 55 27 åsigt
958 868 63 19 stats-

201 896 106 21 utskottet
322 896 48 20 icke
386 895 46 21 haft
447 895 115 28 anledning
578 898 31 19 att
624 895 81 28 afgifva
721 896 37 21 sitt
774 895 162 28 ifrågavarande
948 895 74 21 betän-

200 925 78 20 kande.
309 924 115 27 Meningen
447 924 48 21 med
511 924 27 21 27
555 925 11 26 $
584 931 38 14 var
636 924 48 21 icke
700 925 70 26 någon
789 931 69 14 annan
874 925 27 19 än
917 926 32 18 att
964 925 57 20 stän-

200 953 67 20 derna
289 953 61 20 skola
372 952 21 21 få
412 954 50 19 veta
481 952 117 21 tillståndet
614 953 48 20 med
679 952 142 21 statsverkets
837 952 114 27 tillgångar
967 955 55 18 samt

200 981 54 21 huru
278 981 27 21 de
328 981 69 20 blifvit
419 981 104 26 använda,
546 988 48 13 men
618 981 48 21 icke
688 982 66 26 något
770 980 79 21 vidare.
880 981 70 20 Sådan
967 980 55 21 hade

199 1009 66 22 också
281 1009 164 28 uppfattningen
462 1009 55 20 varit
533 1009 34 21 vid
583 1009 131 28 föregående
730 1009 133 27 landtdagar.

268 1038 100 21 Friherre
384 1037 84 27 Boije:
484 1037 43 21 Det
544 1045 38 13 var
597 1044 25 15 en
639 1038 87 21 alldeles
743 1037 57 21 olika
812 1037 89 27 ordning
912 1037 37 27 då;
967 1038 54 20 1772

198 1066 34 20 års
249 1066 166 27 regeringsform
438 1065 123 27 innehåller,
585 1068 32 18 att
635 1066 119 21 relationen
772 1072 33 14 om
822 1066 142 20 statsverkets
980 1066 41 19 till-

198 1094 64 21 stånd
277 1094 54 21 skall
349 1094 34 20 för
403 1093 173 22 ständerutskott
592 1094 108 27 uppvisas,
717 1094 26 20 då
760 1093 76 21 sådant
850 1094 67 27 enligt
933 1101 27 13 nu
976 1094 44 27 gäl-

198 1123 63 20 lande
276 1122 208 28 landtdagsordning
499 1122 54 21 skall
568 1124 64 26 göras
648 1123 33 20 för
696 1121 124 22 ständerna.
847 1122 44 21 När
907 1122 115 21 ständerna

197 1151 112 21 remittera
325 1153 31 19 ett
371 1151 79 20 ärende
466 1151 31 20 till
512 1151 88 21 allmänt
620 1151 92 26 utskott,
731 1151 69 20 måste
816 1150 35 21 det
867 1151 105 20 allmänna
988 1152 33 19 ut-

197 1179 83 21 skottet
295 1179 100 21 deröfver
411 1179 79 28 afgifva
506 1179 142 27 betänkande,
665 1180 39 20 och
721 1179 27 21 då
764 1179 36 20 det
811 1179 80 27 afgifna
903 1179 116 20 betänkan-

197 1207 37 21 det
251 1208 127 25 inkommer,
399 1208 68 20 måste
486 1208 36 20 det
537 1208 141 27 ovilkorligen
694 1208 57 21 inom
768 1207 89 21 stånden
873 1207 124 28 föredragas
1013 1207 6 20 i

196 1236 41 21 den
254 1237 91 26 ordning
360 1243 45 14 som
423 1237 11 26 $
451 1237 26 20 56
493 1236 94 27 stadgar.
611 1236 57 21 Herr
684 1236 67 21 baron
768 1236 39 21 och
824 1235 195 21 landtmarskalken

196 1264 39 21 har
251 1265 44 20 helt
310 1271 51 21 nyss
378 1265 34 20 vid
428 1265 29 20 tal
474 1271 33 14 om
524 1265 33 20 val
574 1265 31 20 till
622 1264 193 27 bankfullmäktige
830 1264 109 27 äberopat,
957 1266 31 18 att
1000 1264 19 20 vi

195 1293 70 20 måste
288 1293 56 21 hålla
367 1299 35 14 oss
417 1293 74 20 stricte
510 1293 32 20 till
557 1293 166 28 grundlagarne.
754 1293 44 27 Jag
813 1293 38 20 ber
867 1295 31 18 att
913 1292 22 21 få
950 1292 69 21 erinra

196 1321 82 27 derom,
293 1321 40 21 och
352 1322 65 27 yrkar
433 1321 106 22 bestämdt
555 1323 64 26 uppä,
635 1324 32 19 att
683 1321 60 21 detta
760 1321 136 21 betänkande
911 1321 6 20 i
933 1321 48 20 stöd
997 1321 24 20 af

195 1349 235 28 landtdagsordningen
454 1350 38 21 och
508 1350 6 20 i
531 1349 40 22 den
595 1350 97 27 ordning,
708 1357 47 14 som
781 1349 70 21 denna
875 1349 144 27 föreskrifver,

195 1377 133 28 föredrages.

264 1406 58 21 Herr
340 1407 196 21 landimarskalkon
555 1407 92 21 svarade
665 1406 78 27 härtill,
767 1407 33 20 att
820 1405 35 21 det
871 1406 46 27 just
933 1412 38 14 var
987 1405 30 22 till

194 1435 151 27 ordalydelsen
365 1435 6 20 i
392 1435 232 27 landtdagsordningen
647 1442 45 14 som
716 1435 42 20 han
782 1434 50 20 ville
851 1434 56 20 hälla
925 1434 39 27 sig,
979 1435 40 19 och

194 1462 38 21 der
248 1463 49 21 stod
313 1463 154 27 uttryckligen,
483 1465 32 19 att
531 1464 145 20 statsverkets
692 1462 96 22 tillstånd
799 1462 54 21 skall
870 1462 100 28 uppvisas
987 1462 32 20 för

194 1492 125 26 ständerna,
335 1498 48 14 men
400 1492 111 27 ingenting
527 1492 79 21 vidare.

264 1520 101 21 Friherre
381 1527 47 15 von
446 1520 69 22 Born
531 1521 98 27 yttrade:
645 1521 43 27 Jag
704 1520 38 20 ber
758 1522 31 18 att
802 1519 76 21 endast
888 1519 21 21 få
921 1519 97 21 meddela
