1134 1803
474 114 40 15 Den
529 114 18 15 21
563 114 42 20 Maj.
885 114 38 20 231

130 175 67 27 afgift,
222 174 102 21 hvarmed
347 176 26 19 de
397 174 89 28 bidraga
502 174 31 20 till
555 174 146 21 stadskassan.
718 175 42 27 Jag
776 174 68 22 skulle
859 176 93 25 derföre,

128 204 66 26 jemte
210 204 36 20 det
268 204 38 26 jag
330 203 133 26 godkänner,
487 205 32 19 att
542 203 164 27 ifrägavarande
730 203 139 27 medborgare
893 204 59 20 skola

130 232 72 20 skatta
218 232 29 20 till
265 232 178 26 kommunen,
409 227 41 37 för
459 232 42 20 min
518 231 33 21 del
568 232 66 20 också
650 232 127 20 tillerkänna
793 232 47 20 dem
851 232 103 28 rättighet

130 263 32 17 att
186 260 56 21 efter
265 260 41 24 det,
324 267 46 13 som
386 260 86 20 skatten
489 260 70 27 gifvor
575 260 115 27 anledning
706 260 38 26 till,
760 260 85 28 deltaga
860 261 38 21 och
915 268 39 20 ega

133 290 89 20 rösträtt
238 289 5 20 i
260 289 223 27 öfverläggningarna.
505 288 114 28 Sjelffallet
634 290 23 19 är
668 288 137 27 ätminstone,
817 291 38 24 att,
867 296 33 14 om
912 289 41 21 rid-

131 317 117 28 derskapet
264 317 38 21 och
318 317 63 21 adeln
397 317 96 21 besluter
509 317 32 27 sig
557 316 33 21 för
606 317 167 27 godkännandet
802 317 22 21 af
837 317 117 21 betänkan-

132 346 54 20 det
179 341 9 36 i
202 346 141 20 förevarande
359 346 40 25 del,
417 345 36 20 det
469 345 41 20 blir
526 345 138 28 nödvändigt,
683 348 31 17 att
731 346 6 20 i
752 346 26 20 53
796 346 11 26 8
823 346 48 21 icke
885 346 68 27 någon

132 374 140 27 beskattning
297 374 37 20 bör
357 373 132 28 tjenstehjon
513 374 95 27 äläggas.
640 374 48 20 Men
713 374 43 27 mig
772 381 63 20 synes
850 374 47 21 icke
913 374 41 21 den

132 403 95 26 ringaste
244 402 54 21 väda
314 409 51 14 vara
380 402 90 21 förenad
486 402 49 21 med
551 404 33 18 att
599 402 45 21 läta
660 402 138 27 tjenstehjon,
814 410 45 14 som
875 403 78 25 skatta,

132 431 64 20 äfven
212 432 52 26 göra
273 431 31 20 sin
320 432 45 19 röst
381 431 60 25 hörd,
451 433 50 18 utan
518 432 93 19 tvärtom
628 433 31 18 ett
675 433 55 18 stort
740 431 109 27 framsteg,
860 431 39 21 och
911 433 44 19 tror

130 460 46 27 jag,
184 461 33 19 att
228 459 62 21 dessa
301 459 86 21 komma
398 461 32 18 att
440 459 75 20 utöfva
527 459 31 20 sin
570 461 90 18 rösträtt
671 459 49 21 med
729 459 43 20 lika
783 459 172 28 sjelfständighet

134 495 44 14 som
195 489 90 26 mängen
301 488 54 21 ifrän
373 488 25 21 de
415 488 90 26 klasser,
521 488 74 28 hvilka
608 495 28 13 nu
647 489 89 20 rösträtt
755 488 68 20 blifvit
834 487 119 22 tillerkänd.

201 516 101 21 Friherre
326 523 47 14 von
398 516 85 21 Troil:
507 516 72 21 Afven
600 516 38 27 jag
661 517 63 27 utgår
747 516 45 21 från
808 516 40 22 den
866 517 89 26 princip,

136 547 31 18 att
189 545 53 20 hvar
258 545 38 20 och
313 552 33 19 en,
363 552 44 13 som
424 547 23 18 är
464 545 86 27 skyldig
565 547 33 18 att
615 545 88 27 bidraga
718 545 31 20 till
765 545 140 20 kommunens
922 547 33 18 ut-

136 573 72 27 gifter,
233 573 38 21 bör
287 573 21 21 fä
324 580 39 20 ega
379 573 104 27 rättighet
499 575 32 19 att
547 573 86 27 deltaga
651 575 3 18 i
671 573 140 21 kommunens
828 573 127 27 angelägen-

135 602 67 25 heter,
227 602 62 20 bland
312 602 72 20 hvilka
405 603 69 19 såsom
491 602 27 20 de
534 602 115 27 vigtigaste
666 602 159 26 otvifvelaktigt
841 602 50 20 böra
907 602 48 20 räk-

134 637 38 14 nas
195 630 151 27 uttaxeringen
371 630 39 21 och
426 630 175 28 beskattningen.
632 630 34 20 Då
679 630 45 27 jag,
741 630 6 20 i
763 630 67 20 likhet
846 629 48 21 med
913 629 41 21 den

136 658 129 28 föregäende
281 658 64 21 ärade
362 658 89 26 talaren,
461 665 68 18 anser,
545 660 33 19 att
593 659 62 20 äfven
672 658 86 27 sädane,
774 665 44 14 som
830 658 49 28 lyda
889 658 68 20 under

135 694 81 14 annans
232 687 181 26 husbondevälde,
430 688 23 20 sä
469 687 65 20 framt
550 687 63 21 deras
631 687 119 21 inkomster
763 687 71 27 uppgä
848 686 30 21 till
888 687 67 20 skatt-

135 716 51 20 bara
203 716 84 27 belopp,
305 716 52 20 böra
374 716 31 19 till
422 716 142 20 kommunens
581 722 161 21 gemensamma
757 716 89 27 utgifter
861 715 95 27 bidraga,

136 744 67 20 mäste
220 744 38 27 jag
274 744 65 21 ocksä
354 744 54 27 yrka
424 745 64 26 uppä,
506 745 31 19 att
553 745 90 20 rösträtt
659 743 35 21 vid
710 743 169 21 rädhusstämma
889 745 67 19 mätto

136 772 46 21 dem
199 772 146 21 tillerkännas.
376 772 42 27 Jag
434 773 94 20 förutser
544 774 32 19 att
592 779 48 14 man
656 772 98 21 häremot
768 773 96 19 kommer
878 773 32 19 att
921 778 35 14 an-

137 801 81 25 märka,
234 803 32 18 att
283 808 26 13 en
324 807 85 21 person,
426 808 45 13 som
488 801 39 20 har
543 807 26 14 en
586 801 77 27 mängd
679 801 90 27 tjenare,
780 800 123 27 derigenom
915 799 41 22 kan

136 829 74 21 utöfva
232 836 27 13 en
281 829 71 21 alltför
375 831 45 18 stor
443 829 107 27 öfvervigt
573 830 27 26 pä
615 829 100 26 beslutet,
731 836 47 13 men
795 829 28 27 pä
838 828 25 21 de
879 829 23 20 af
916 829 41 20 den

137 857 130 28 föregående
290 858 81 21 talaren
396 857 89 21 anförda
509 857 46 21 skäl
571 858 41 20 kan
634 858 37 27 jag
687 858 47 20 icke
750 857 113 28 godkänna
888 857 70 21 denna

136 886 138 27 invändning,
296 888 50 19 utan
370 886 66 21 håller
459 887 53 26 före,
528 888 31 19 att
576 887 75 20 orden:
669 886 61 27 ,icke
746 887 32 20 stä
794 885 67 21 under
877 892 81 14 annans

137 915 188 20 husbondevälde'*
342 915 66 20 borde
424 921 25 14 ur
466 915 126 26 paragrafen
604 915 58 27 utgå.
686 915 113 20 Likaledes
811 915 41 20 kan
861 914 38 27 jag
909 914 48 21 icke

137 944 57 20 finna
210 945 65 25 något
291 943 54 24 skäl,
362 943 85 20 hvarför
462 943 49 21 icke
527 943 70 28 bolag,
614 950 32 13 om
664 943 66 21 också
745 943 61 20 deras
823 943 102 26 styrelser
938 942 20 27 ej

137 973 68 20 finnas
221 972 56 20 inom
295 972 136 25 kommunen,
448 971 69 21 skulle
533 979 53 13 vara
601 971 135 28 berättigade
752 973 32 19 att
799 971 86 27 deltaga
900 971 6 20 i
921 971 37 20 be-

138 1001 65 20 slutet
226 1007 34 14 om
284 1000 140 21 kommunens
441 1000 187 27 angelägenheter,
645 1000 26 21 då
687 1007 81 14 samma
782 999 64 28 bolag
861 1001 36 19 äro
921 1005 37 14 un-

138 1029 128 20 derkastade
289 1029 99 27 taxering
411 1029 40 20 och
475 1028 124 28 skyldighet
621 1031 32 18 att
669 1029 30 20 till
716 1029 139 20 kommunens
870 1027 90 28 utgifter

140 1057 94 26 bidraga.
266 1057 33 20 Då
323 1064 26 14 en
365 1057 84 20 enskild
465 1063 86 20 person,
567 1064 45 13 som
629 1059 23 18 är
668 1057 72 20 bosatt
755 1057 26 26 på
796 1058 33 18 ett
843 1056 61 20 ställe
919 1055 40 21 och

141 1086 26 25 på
190 1087 32 18 ett
245 1087 66 18 annat
330 1085 61 20 ställe
407 1085 61 20 idkar
484 1085 84 26 näring,
584 1085 12 20 &
612 1085 40 20 den
669 1091 75 14 senare
760 1086 60 19 orten
837 1083 76 21 blifver
928 1083 33 20 för

139 1114 70 20 denna
224 1114 31 20 sin
272 1113 75 27 näring
363 1113 148 21 underkastad
527 1113 107 28 taxering,
650 1115 51 19 utan
717 1112 100 21 afseende
834 1113 27 27 på
875 1112 31 20 sin
924 1111 36 21 bo-

140 1142 54 26 stad,
218 1143 36 19 vet
270 1142 38 27 jag
323 1142 48 21 icke
387 1141 99 21 hvarföre
503 1143 31 19 ett
551 1141 69 28 bolag,
636 1142 82 21 hvilket
733 1142 6 20 i
755 1141 109 28 egenskap
879 1140 23 21 af
916 1139 45 21 kol-

140 1171 66 20 lektiv
223 1177 76 20 person
317 1170 38 21 har
371 1170 87 21 alldeles
474 1177 81 14 samma
566 1170 106 21 intressen
684 1177 46 14 som
741 1170 39 21 den
792 1168 104 27 enskilde,
907 1168 55 21 skall

140 1206 51 14 vara
206 1199 157 20 underkastadt
378 1198 67 21 andra
461 1199 170 26 bestämmelser,
648 1199 40 20 och
703 1199 83 20 derföre
801 1197 65 28 yrkar
874 1197 45 28 jag,
931 1198 32 19 att

140 1228 62 20 äfven
219 1227 76 21 orden:
312 1227 78 26 ,,hvars
406 1227 92 28 styrelse
514 1227 68 21 finnes
598 1227 57 21 inom
671 1227 143 21 kommunen"
827 1226 66 21 måtte
903 1225 59 27 utgå.

142 1256 68 27 Bolag
231 1257 68 20 måste
320 1256 23 27 ju
360 1255 66 27 alltid,
443 1255 69 28 enligt
527 1256 69 27 någon
613 1257 23 20 af
651 1255 27 21 de
693 1255 93 28 följande
802 1254 161 29 paragraferna,

141 1284 35 21 vid
200 1285 131 20 stämmorna
353 1286 162 25 representeras
539 1284 23 21 af
584 1290 25 14 en
633 1284 55 21 enda
712 1291 84 21 person,
817 1283 38 21 och
874 1281 90 22 sålunda

143 1313 65 20 borde
224 1312 67 28 enligt
307 1313 41 20 min
365 1313 66 20 tanke
446 1312 65 27 ingen
527 1312 149 28 betänklighet
692 1312 84 21 komma
791 1312 5 21 i
809 1311 60 28 fråga
879 1313 32 19 att
921 1311 44 20 låta

143 1341 63 27 bolag
221 1341 35 20 vid
272 1341 62 21 dessa
350 1342 103 19 stämmor
468 1341 47 20 föra
531 1341 65 20 talan.

210 1369 58 21 Herr
292 1369 156 27 Schauman,
472 1370 112 27 August:
608 1369 43 28 Jag
673 1369 39 21 har
734 1368 68 21 blifvit
818 1367 147 22 förekommen

143 1398 23 21 af
182 1398 26 20 de
225 1397 55 21 båda
294 1397 132 28 föregående
442 1397 97 22 talarene
555 1398 6 20 i
577 1397 57 21 hvad
647 1398 39 27 jag
701 1399 71 19 ämnat
788 1397 62 27 säga;
865 1402 50 15 men
927 1395 40 27 jag

144 1426 132 20 misströstar
294 1426 55 20 dock
368 1426 138 27 fullkomligt,
522 1428 32 18 att
569 1426 93 20 flertalet
678 1426 24 20 af
711 1425 59 21 detta
780 1425 74 21 stånds
865 1423 102 21 medlem-

144 1461 45 13 mar
212 1454 61 20 skola
296 1454 50 27 vilja
361 1454 130 21 tillerkänna
506 1455 92 20 rösträtt
617 1454 1 20 i
634 1454 136 20 kommunala
784 1453 73 27 frågor
873 1452 22 20 åt
911 1451 56 26 dem,

144 1489 46 14 som
203 1482 34 21 stå
252 1482 68 22 under
335 1489 82 14 annans
433 1482 184 26 husbondevälde,
633 1482 39 21 och
688 1482 36 21 vill
739 1481 55 21 blott
806 1480 84 22 derföre
901 1481 66 25 yttra,

144 1513 32 19 att
199 1511 39 27 jag
258 1517 63 15 anser
346 1510 88 22 alldeles
459 1510 141 28 nödvändigt,
624 1512 38 26 att,
686 1511 7 21 i
715 1510 36 21 fall
773 1510 71 21 denna
866 1507 105 28 paragraf
