1134 1803
234 136 42 20 202
553 138 40 14 Den
607 138 20 15 18
641 137 42 20 Maj.

207 193 61 20 torde
284 192 47 21 icke
347 193 70 20 kunna
436 193 73 26 nekas,
526 194 32 20 att
574 200 26 14 en
617 193 54 21 finsk
688 193 61 21 skola
766 194 23 19 är
800 195 31 18 ett
842 193 113 21 ömmande
968 193 65 21 behof

207 222 33 20 för
256 221 39 20 den
312 221 69 21 finska
397 221 151 27 befolkningen
565 222 6 20 i
588 222 40 20 den
646 222 58 20 trakt
720 222 24 20 af
759 221 79 27 landet,
855 228 33 14 om
905 222 85 20 hvilken
1008 224 23 19 är

206 250 67 27 fråga.
304 250 72 21 Skulle
399 250 144 20 förhållandet
565 250 48 21 icke
630 250 86 27 mycket
732 250 110 20 förändrat
859 250 38 27 sig,
913 250 65 20 sedan
993 251 38 27 jag

207 278 69 21 kände
299 279 95 26 trakten,
408 278 61 27 kring
515 279 25 20 Åbo
565 279 39 20 och
629 279 45 21 haft
690 279 83 21 tillfälle
789 281 32 18 att
837 278 70 21 känna
923 278 65 21 också
1004 286 25 14 en

207 308 69 20 större
295 308 32 19 del
345 307 22 21 af
381 300 48 27 Åbo
447 307 40 25 län,
504 308 24 20 så
544 307 98 28 vidtager
658 308 40 20 den
714 307 71 21 finska
802 307 149 27 befolkningen
969 310 61 18 strax

207 336 85 20 utanför
307 328 48 34 Åbo
371 335 58 21 stads
447 336 68 20 tullar.
549 336 46 20 Den
612 336 97 21 sträcker
725 336 34 27 sig
776 336 60 27 längs
848 336 21 20 åt
885 336 77 20 kusten
974 336 56 20 ända

208 371 42 20 upp
267 364 30 20 till
315 363 148 21 Österbotten.
494 363 83 21 Raumo
594 365 23 20 är
632 371 25 14 en
674 364 55 21 finsk
746 365 57 24 stad,
819 364 135 28 Björneborg
969 365 23 20 är
1003 371 26 14 en

207 393 54 20 finsk
285 392 55 26 stad,
364 392 68 20 likaså
450 393 38 20 och
509 395 26 18 än
553 400 59 13 mera
627 393 151 20 landsorterna
794 393 62 26 kring
872 393 62 20 dessa
951 393 78 20 städer.

206 421 10 20 I
236 421 84 27 Nystad
342 420 61 21 torde
426 421 143 20 förhållandet
592 428 50 14 vara
664 422 66 27 något
752 423 73 23 annat,
850 421 67 20 likaså
931 421 61 28 längs
1008 423 22 20 åt

206 449 64 20 södra
286 449 77 21 kusten
379 449 144 22 förekommer
539 457 26 13 en
580 450 39 21 och
635 457 69 14 annan
722 450 80 21 socken
819 450 84 26 svensk,
915 457 48 14 men
974 450 55 21 ända

207 478 53 20 intill
285 478 76 21 kusten
385 479 87 26 tränger
491 478 62 21 äfven
571 479 41 20 den
628 478 69 21 finska
714 479 153 26 befolkningen
884 479 26 26 på
925 479 105 20 särskilda

207 506 100 28 punkter,
330 507 38 20 och
386 507 66 28 uppåt
469 507 52 21 ifrån
539 507 69 21 denna
625 507 49 20 kust
689 507 68 20 finnes
774 507 48 21 icke
838 510 64 17 annat
917 508 26 19 än
959 507 70 21 finska

206 535 91 21 socknar
319 535 47 21 hela
387 535 49 22 Åbo
453 536 32 20 län
504 536 90 27 igenom.
626 535 44 21 När
686 536 70 26 någon
774 538 45 18 tror
834 536 33 27 sig
884 535 70 21 kunna
970 537 58 26 säga,

206 565 32 19 att
254 563 69 21 denna
339 564 135 26 befolknings
491 565 50 19 barn
558 564 34 20 väl
604 565 71 19 kunna
687 564 125 20 undervisas
824 565 5 19 i
838 571 26 13 en
875 564 78 20 svensk
962 565 67 24 skola,

206 592 24 20 så
245 594 45 18 tror
303 592 37 28 jag
356 593 47 20 med
419 592 26 21 all
462 592 89 28 aktning
566 593 33 20 för
616 592 54 25 dem,
687 599 44 13 som
748 594 24 19 så
785 593 49 26 tala,
846 595 30 18 att
888 592 26 20 de
926 592 41 20 tala
976 595 51 18 utan

207 620 26 20 all
256 620 121 22 erfarenhet
401 628 33 14 om
459 621 149 21 förhållandet.
638 621 42 27 Jag
703 621 38 20 har
765 621 45 21 haft
833 621 81 21 tillfälle
937 623 32 18 att
985 621 43 21 lära

208 649 75 26 känna,
301 649 105 21 buruvida
421 650 59 20 detta
495 651 23 19 är
535 650 89 27 möjligt,
641 650 47 20 med
705 650 72 20 hvilka
793 650 146 27 uppoffringar
954 650 35 20 det
1005 651 24 19 är

207 677 82 27 möjligt
312 678 39 20 och
368 678 71 20 hvilka
455 678 82 20 frukter
553 678 37 20 det
607 679 37 20 bär
659 678 33 20 för
708 678 26 20 de
751 678 114 28 olyckliga,
881 685 45 13 som
943 678 85 27 tvingas

206 706 20 20 in
243 706 6 19 i
265 706 72 20 skolor
353 707 47 20 med
417 708 31 19 ett
464 707 132 20 fremmande
612 707 70 27 språk,
692 706 37 27 jag
741 707 39 20 har
792 707 44 20 haft
848 706 81 21 tillfälle
941 709 32 18 att
985 707 42 20 lära

207 734 71 21 känna
301 735 64 26 något
385 735 72 20 härom
483 735 52 20 både
551 735 70 20 såsom
638 735 98 27 lärjunge
752 736 6 19 i
775 735 82 25 skolan,
874 735 69 20 såsom
961 735 67 20 lärare

207 763 33 20 vid
260 763 151 21 universitetet
426 763 39 21 och
482 764 69 20 såsom
569 763 123 21 skollärare.
723 763 42 28 Jag
781 763 69 21 skulle
867 763 72 20 kunna
953 763 75 21 anföra

206 791 106 28 exempel,
329 793 98 26 otroliga,
443 793 56 26 uppå
515 792 86 20 frukten
618 792 23 20 af
654 799 26 13 en
696 792 66 21 sådan
775 792 159 27 undervisning,
946 799 33 13 om
988 792 39 27 jag

206 820 47 21 icke
276 820 100 21 fruktade
399 823 32 18 att
451 823 94 24 upptaga
562 820 116 28 höglofliga
694 821 97 20 ståndets
808 821 39 25 tid;
871 827 47 14 men
933 821 37 26 jag
986 821 41 20 kan

206 848 34 21 väl
263 849 5 20 i
290 849 86 20 korthet
395 851 51 25 säga
465 849 42 26 det,
525 851 31 18 att
569 849 38 27 jag
623 849 69 20 funnit
708 849 117 28 lärjungar,
842 856 45 13 som
903 850 126 26 genomgått

207 877 65 27 högre
295 877 195 21 elementarskolan
511 878 38 20 och
568 878 112 27 berömligt
696 879 126 26 genomgått
838 877 39 21 den
895 877 5 20 i
916 877 42 20 alla
974 877 53 21 läro-

205 907 84 24 ämnen,
302 905 39 21 och
359 913 52 19 som,
428 906 27 20 då
470 907 25 20 de
512 907 79 20 lemnat
607 907 81 25 skolan,
705 907 47 20 icke
768 907 88 20 förstått
872 913 26 13 en
915 905 37 21 rad
968 906 5 20 i
991 906 36 20 ka-

206 934 96 26 tekesen,
325 935 26 20 än
371 934 82 21 mindre
469 935 68 26 någon
555 935 37 20 rad
610 935 4 20 i
632 935 68 27 någon
718 942 69 13 annan
805 935 95 20 lärobok.
931 934 43 21 Det
989 935 40 20 har

207 963 80 20 kunnat
303 963 92 25 inträffa,
412 965 31 18 att
459 970 24 13 en
501 964 96 26 lärjunge
614 963 46 20 icke
678 963 53 20 varit
747 963 6 20 i
770 963 62 20 stånd
849 965 32 18 att
897 963 30 20 till
943 963 84 27 frågan:

205 991 71 25 »hvad
299 993 23 18 är
345 991 77 20 Gud?
442 991 117 21 öfversätta
576 994 83 18 svaret:
675 992 55 26 ,,han
747 993 24 19 är
787 998 26 14 en
830 991 62 26 ande,
908 991 55 27 evig,
979 991 48 20 alls-

207 1019 94 28 mäktig*
319 1020 26 27 på
361 1020 157 26 modersmålet,
535 1020 89 21 emedan
642 1020 38 20 han
698 1020 68 27 aldrig
782 1020 86 21 förstått
885 1020 65 20 detta.
977 1019 49 21 Han

205 1048 61 20 skref
280 1048 31 20 väl
330 1048 57 24 latin,
404 1049 60 19 skref
479 1049 32 19 väl
528 1049 66 20 också
610 1049 108 26 passabelt
734 1050 100 24 svenska,
852 1055 46 13 men
911 1048 39 20 han
961 1048 66 20 visste

205 1076 47 20 icke
268 1076 55 20 hvad
340 1076 41 20 han
398 1076 59 21 läste.
490 1076 42 21 Det
549 1084 37 13 var
602 1077 37 20 allt
655 1083 25 13 en
698 1076 84 21 tanklös
800 1077 109 24 utanlexa,
918 1076 107 20 inhemtad

204 1111 77 20 genom
298 1104 122 28 outtröttlig
435 1105 38 20 flit.
497 1105 42 27 Jag
555 1105 38 20 ber
609 1105 65 20 också
690 1107 31 18 att
737 1105 21 20 få
772 1105 102 27 uttrycka
891 1105 40 20 min
945 1104 82 21 bedröf-

205 1132 58 21 velse
280 1132 106 27 deröfver,
403 1133 80 20 hvilket
499 1133 81 21 kanske
597 1134 33 19 vid
648 1135 30 18 ett
694 1136 65 17 annat
775 1133 82 20 tillfälle
869 1133 54 20 varit
935 1140 56 13 mera
1001 1133 26 26 på

204 1161 32 20 sin
254 1161 62 27 plats,
332 1163 32 19 att
380 1161 27 21 de
423 1162 85 27 nådiga,
523 1162 64 27 glada
598 1162 74 25 löften,
684 1169 44 13 som
741 1161 41 21 den
793 1161 70 21 finska
875 1161 151 28 befolkningen

204 1189 5 20 i
227 1189 72 21 landet
321 1189 41 21 fått
387 1193 116 24 emottaga,
527 1197 65 20 synas
608 1191 27 26 på
651 1193 85 18 senaste
753 1190 58 20 tiden
828 1190 64 20 hafva
908 1189 67 21 blifvit
992 1190 35 20 vid

204 1217 149 28 uppfyllandet
365 1225 45 14 mer
421 1219 38 20 och
472 1226 45 13 mer
527 1218 134 21 inskränkta.
679 1219 42 20 Det
732 1218 67 21 borde
811 1219 33 20 väl
856 1218 55 21 dock
921 1218 106 20 erkännas

205 1253 49 14 vara
278 1246 139 27 berättigadt,
441 1247 60 20 detta
524 1247 123 20 sträfvande
671 1247 32 20 för
719 1247 39 20 den
778 1247 70 20 finska
864 1246 163 27 befolkningens

204 1275 91 26 höjande
316 1275 6 20 i
344 1275 95 27 bildning
458 1276 38 20 och
514 1276 32 20 för
561 1283 25 12 en
604 1275 55 21 finsk
676 1275 113 21 litteratur.
822 1275 66 20 Detta
904 1275 123 20 sträfvande

204 1303 41 20 kan
260 1303 49 20 kort
325 1304 172 20 karakteriseras
515 1305 55 25 med,
586 1306 32 18 att
634 1304 38 20 det
688 1305 23 19 är
727 1306 31 18 ett
775 1303 124 21 sträfvande
915 1303 45 20 från
973 1305 53 18 mör-

204 1331 38 20 ker
258 1331 30 20 till
306 1332 47 27 ljus,
370 1332 36 20 det
422 1333 24 20 är
461 1335 32 18 ett
509 1333 129 23 sträfvande,
656 1339 44 14 som
718 1332 54 21 visat
787 1332 32 21 sin
836 1332 93 20 lifskraft
945 1331 82 28 derige-

204 1367 55 19 nom,
283 1362 32 19 att
338 1360 36 21 det
397 1361 47 20 icke
463 1361 98 26 uppifrån
583 1361 147 26 understödts,
749 1363 50 18 utan
817 1362 91 19 tvärtom
925 1360 102 27 framgått

204 1388 68 21 under
295 1388 64 21 hårdt
375 1389 70 26 tvång.
478 1389 43 20 Det
535 1391 24 18 är
575 1389 47 20 icke
638 1396 45 13 mer
699 1391 26 18 än
741 1391 32 18 ett
788 1389 61 20 tiotal
866 1389 24 20 år
904 1388 65 21 sedan
987 1389 40 20 den

202 1416 127 28 författning
345 1418 48 26 togs
409 1417 96 26 tillbaka,
522 1425 45 13 som
583 1417 86 27 förbjöd
685 1417 114 27 tryckning
815 1417 23 20 af
851 1417 88 20 skrifter
953 1417 26 26 på
989 1416 38 21 fin-

203 1444 40 21 ska
258 1445 95 27 språket,
371 1447 31 19 ett
418 1446 72 26 tvång,
507 1452 45 14 som
570 1446 78 20 saknar
663 1446 121 27 motstycke
800 1445 145 27 någonstädes
956 1445 6 20 i
974 1445 53 20 verl-

203 1472 47 21 den.
282 1473 67 21 Detta
365 1474 124 20 sträfvande
507 1475 37 19 har
560 1474 83 20 bevisat
659 1474 31 20 sin
706 1474 94 20 lifskraft
816 1474 65 20 också
897 1474 130 26 derigenom,

202 1503 32 19 att
250 1501 61 21 deråt
327 1502 96 27 frivilligt
439 1502 75 21 offrats
530 1502 53 28 gods
600 1502 39 21 och
655 1503 50 27 guld
721 1509 59 14 mera
795 1504 27 18 än
834 1502 33 20 för
885 1502 66 27 något
961 1505 66 17 annat

203 1530 99 20 ändamål
319 1530 38 21 här
373 1530 6 21 i
396 1530 79 27 landet,
491 1532 57 20 ännu
564 1537 59 15 mera
640 1531 53 21 dock
710 1531 23 21 af
746 1530 89 22 olönadt
849 1530 75 22 arbete
940 1530 40 21 och
991 1537 36 15 an-
