1134 1803
452 130 38 16 Den
504 130 22 16 23
539 130 43 20 Maj.
856 131 37 20 271

98 187 112 27 jemkning
234 186 23 21 af
274 186 102 21 ståndens
396 186 55 21 olika
473 186 71 22 beslut
568 186 112 27 angående
696 186 91 28 ändring
802 187 6 19 i
824 188 100 27 stadgan-

101 216 36 20 det
153 222 33 14 om
204 215 51 20 börd
273 218 55 17 samt
345 215 154 20 viderboendes
517 214 38 21 och
572 215 68 20 nabos
656 215 152 26 lösningsrätt;
824 219 55 17 samt

170 247 32 17 att
225 244 49 20 med
298 243 114 27 anledning
435 243 22 21 af
479 250 25 14 en
529 243 157 27 framställning
709 243 45 21 från
772 247 152 18 sammansatta

101 275 63 18 stats-
188 272 39 21 och
252 272 220 20 ekonomientskottet
495 272 32 20 till
552 271 130 28 behandling
702 272 23 20 af
742 271 104 22 förstärkt
861 275 62 19 stats-

101 302 85 20 utskott
203 300 115 28 hänskjuta
336 300 74 28 frågan
427 308 33 12 om
477 300 75 27 anslag
568 301 33 19 för
618 300 191 21 blindanstalterna
824 301 5 20 i
846 301 79 26 landet,

102 330 29 20 till
148 330 120 20 ledamöter
283 329 6 20 i
306 328 81 21 hvilket
403 329 83 20 utskott
503 328 86 27 ståndet
605 330 67 19 utsett
688 328 102 22 herrarne
806 329 118 28 Wallgrén,

102 358 105 25 Höckert,
224 357 63 27 Frey,
304 357 122 25 Wasenius,
443 357 114 27 Cajander,
574 356 123 28 Öhrnberg,
714 357 90 27 Kurtén,
819 358 105 28 Procopé,

103 386 117 26 Molander,
244 385 127 28 Borgström
395 385 39 21 och
454 386 75 27 Sjöros
547 388 55 18 samt
622 385 30 20 till
669 386 139 27 suppleanter
824 387 100 20 herrarne

104 414 123 28 Björkstén,
244 413 90 21 Masalin
351 414 39 21 och
406 414 109 21 Boström.

240 442 57 21 Ifrån
316 443 162 26 bondeståndet,
495 442 136 28 delgifvande
647 443 97 20 ståndets
760 443 70 20 beslut

171 472 7 20 i
194 471 101 20 afseende
312 472 12 19 å
340 471 201 28 sjölagsutskottets
556 471 138 20 betänkande
710 471 6 20 i
733 471 115 28 anledning
858 472 22 21 af
890 473 35 20 nå-

104 500 48 26 diga
169 500 160 27 propositionen
346 499 111 28 angående
473 506 30 21 ny
519 499 69 28 sjölag
604 500 32 20 för
654 499 98 28 Finland;
768 503 56 18 samt

173 530 32 19 att
226 528 114 27 godkänna
364 528 155 27 lagutskottets
539 528 79 28 förslag
636 528 31 21 till
684 529 207 27 sammanjemkning
906 529 22 20 af

104 557 97 20 ståndets
218 557 57 20 olika
291 557 70 20 beslut
376 557 91 20 rörande
484 557 163 20 bestämmande
664 557 22 19 af
700 557 41 20 den
758 557 36 26 tid,
806 557 56 21 inom
873 557 53 21 hvil-

104 586 41 20 ken
162 585 130 21 skadestånd
308 585 5 20 i
331 585 100 21 brottmål
449 586 36 20 bör
503 585 71 21 sökas.

173 614 70 20 Dessa
260 614 197 27 protokollsutdrag
475 614 72 20 blefvo
563 614 106 26 samtliga,
686 614 70 20 såsom
773 614 47 21 icke
836 614 90 21 föranle-

104 642 70 21 dande
189 642 31 21 till
237 649 69 13 annan
323 642 82 28 åtgärd,
419 642 63 28 lagda
499 642 30 20 till
547 642 160 28 handlingarne.

174 699 40 21 Till
231 700 60 20 detta
307 700 157 20 sammanträde
480 700 58 20 hade
553 699 135 27 uppskjutits
704 699 36 21 det
756 700 22 20 af
791 700 86 20 ståndet
893 700 34 20 be-

105 728 71 20 slutna
199 728 57 20 valet
279 727 22 21 af
325 729 23 20 11
373 727 118 21 ledamöter
515 727 29 21 till
564 728 105 20 förstärkt
689 729 139 19 statsutskott
844 728 32 20 för
893 729 34 20 be-

106 755 101 28 handling
226 756 22 20 af
266 756 73 27 frågan
357 763 32 13 om
407 756 193 21 blindanstalterna
616 756 6 20 i
638 756 83 26 landet;
738 756 38 21 och
792 757 135 27 uppmanade

106 785 48 20 herr
170 785 197 20 landtmarskalken
384 785 85 20 ståndet
485 787 32 18 att
536 785 73 20 skrida
620 785 30 20 till
662 785 92 20 nämnda
766 785 32 20 val
809 787 54 18 samt
873 785 54 20 före-

106 813 46 28 slog
168 813 112 28 derjemte,
296 816 31 17 att
342 813 23 20 af
379 813 54 26 dem,
450 820 44 13 som
512 813 80 20 erhölle
609 813 26 20 de
647 813 62 20 flesta
720 815 103 24 rösterna,
836 813 25 21 de
872 813 57 21 elfva

106 842 67 20 förste
196 841 68 21 skulle
283 841 64 21 blifva
366 841 119 21 ledamöter
502 844 55 18 samt
574 842 26 20 de
616 843 32 19 tre
666 841 162 28 derpåföljande
844 842 85 27 supple-

106 872 68 19 anter.

177 899 70 20 Sedan
270 899 60 20 detta
354 899 79 26 förslag
453 899 22 20 af
489 898 87 21 ståndet
592 900 51 19 utan
660 899 141 27 anmärkning
816 898 113 28 godkänts,

107 927 75 20 skreds
207 927 30 20 till
262 927 37 24 val,
324 927 88 20 hvarvid
436 927 30 20 till
491 927 118 20 ledamöter
628 927 87 27 utsågos
736 927 88 21 friherre
841 927 88 26 Wrede,

108 956 100 20 herrarne
225 962 39 13 von
281 955 96 26 Hellens,
393 955 132 28 Lagerborg,
542 955 88 26 Robert,
643 962 40 14 von
697 955 73 27 Essen,
782 956 73 27 grefve
866 956 64 20 Arm-

107 985 45 24 felt,
169 984 102 21 herrarne
285 984 122 26 Edelsköld,
421 984 100 27 Pipping,
534 984 66 26 Knut,
612 991 40 13 von
665 984 91 27 Becker,
766 984 163 28 Pippingsköld,

108 1013 132 27 Lagerborg,
250 1013 25 20 A.
285 1013 42 25 W.,
337 1013 38 20 och
385 1013 157 25 Nordensköld,
552 1013 25 20 N.
587 1013 31 25 C.,
628 1015 55 18 samt
694 1013 31 20 till
737 1013 136 27 suppleanter
882 1013 48 20 her-

108 1048 63 14 rarne
181 1041 128 26 Schauman,
320 1041 82 21 Berndt
413 1041 59 27 Otto,
484 1041 131 27 Grotenfelt,
627 1041 71 27 Adolf,
710 1042 39 21 och
762 1041 99 28 Pipping,
873 1042 20 21 J.
905 1041 24 21 F.

177 1097 120 28 Föredrogs
318 1097 176 22 bankutskottets
511 1098 118 27 bordlagda
642 1098 136 21 betänkande
794 1098 6 20 i
816 1097 115 28 anledning

108 1127 22 20 af
144 1126 37 21 det
197 1126 47 21 utaf
260 1126 190 27 bankfullmäktige
467 1127 80 27 afgifna
563 1127 81 27 förslag
656 1127 30 20 till
699 1127 130 27 reglemente
840 1126 32 21 för
883 1127 47 20 Fin-

109 1155 59 20 lands
185 1155 63 20 bank.

178 1183 57 20 Herr
251 1183 178 28 Montgomery
449 1183 67 21 erhöll
533 1185 27 24 pä
577 1184 93 27 begäran
687 1184 54 20 först
756 1183 61 21 ordet
834 1183 37 21 och
888 1185 43 26 ytt-

109 1212 60 21 rade:
188 1213 33 19 Mä
236 1211 37 21 dot
288 1212 78 20 tillätas
383 1212 42 27 mig
441 1214 32 18 att
489 1212 68 21 uttala
573 1212 42 20 min
628 1212 186 21 tillfredsställelse
826 1213 59 19 öfver
895 1211 36 21 det

109 1241 49 26 slut,
181 1240 31 21 till
235 1240 81 21 hvilket
340 1240 165 21 bankutskottet
529 1241 37 20 har
583 1241 89 20 kommit
691 1241 5 20 i
716 1240 70 21 denna
806 1241 68 26 fräga,
890 1240 39 21 och

110 1269 106 26 deröfver,
242 1270 33 19 alt
291 1269 36 20 det
342 1269 80 27 förslag
439 1269 29 20 till
486 1269 132 27 reglemente
633 1270 33 19 för
682 1269 101 20 Finlands
800 1269 63 25 bank,
880 1268 52 21 hvil-

110 1297 36 21 ket
164 1297 22 21 af
200 1297 191 28 bankfullmäktige
403 1297 66 27 enligt
481 1297 98 28 uppdrag
592 1297 67 21 blifvit
671 1298 119 27 framlagdt,
803 1297 37 21 har
851 1297 82 20 kunnat

110 1327 59 26 tjena
184 1326 31 20 till
231 1328 31 18 ett
279 1326 54 20 helst
349 1326 24 20 sä
389 1326 136 27 begagneligt
541 1326 105 27 underlag
661 1327 33 20 för
705 1325 175 22 bankutskottets
899 1332 32 14 ar-

111 1355 55 24 bete,
183 1361 45 14 som
244 1354 36 20 det
296 1361 27 13 nu
340 1355 55 19 visat
411 1355 32 26 sig
459 1361 58 14 vara.
548 1354 43 27 Jag
606 1356 39 25 gör
656 1355 60 20 detta
727 1356 23 19 sä
761 1354 86 28 mycket
857 1354 74 25 hellre,

110 1390 45 13 som
172 1383 35 20 det
226 1383 113 26 ogillande,
357 1383 81 20 hvilket
454 1383 45 20 från
517 1384 77 26 många
611 1383 48 26 håll,
675 1383 5 20 i
698 1383 117 28 synnerhet
831 1383 27 27 pä
874 1382 59 21 detta

111 1418 53 20 rum,
180 1418 33 14 om
231 1411 59 20 detta
305 1411 204 27 bankfullmäktiges
525 1411 81 27 förslag
622 1412 30 19 till
670 1412 40 24 del,
726 1412 82 20 kunnat
818 1411 58 28 gifva
891 1410 42 21 för-

110 1440 80 26 slagets
207 1439 140 27 upphofsmän
365 1439 115 27 anledning
497 1441 31 19 att
545 1440 73 20 befara
634 1446 25 14 en
676 1446 69 14 annan
762 1441 87 25 utgång.
880 1438 11 20 I
907 1439 26 19 de

110 1468 108 26 egentliga
235 1468 190 27 principfrågorna,
441 1468 101 26 frågorna
558 1468 23 20 af
594 1468 67 26 någon
674 1470 70 18 större
755 1468 51 27 vigt,
817 1468 39 20 har
867 1466 66 20 bank-

111 1496 106 20 utskottet
234 1496 46 20 med
297 1496 136 26 enhällighet,
451 1498 23 18 så
491 1498 37 18 när
544 1503 45 13 som
607 1498 27 25 på
650 1504 25 12 en
688 1497 100 25 ledamot,
799 1496 57 20 delat
867 1494 67 20 bank-

110 1524 146 27 fullmäktiges
280 1525 61 26 äsigt.
373 1524 32 20 De
429 1524 79 27 frågor,
533 1525 59 19 hvari
616 1525 115 20 afvikelser
754 1525 76 25 finnas,
848 1525 37 19 äro
902 1523 32 20 till
