1134 1803
254 135 38 20 154
571 137 39 15 Den
624 138 20 15 13
658 137 42 20 Maj.

224 198 40 13 von
289 192 96 21 Kremer
403 192 118 21 emellertid
538 192 67 28 glömt
621 192 39 21 och
676 200 46 13 som
735 193 39 27 jag
789 192 53 20 skall
860 192 85 27 tillägga
961 194 24 19 är
1003 192 44 26 det,

224 222 32 18 att
278 220 49 21 vida
349 221 126 27 ovärdigare
495 222 26 19 än
538 221 37 21 det
592 222 87 20 hvarom
696 221 49 21 herr
761 228 41 13 von
819 220 97 22 Kramer
932 223 67 25 yttrat
1015 220 33 28 sig

225 256 57 19 vore,
305 257 33 13 om
363 250 82 20 landets
469 250 87 20 ständer
580 250 23 20 af
624 250 55 20 hvad
702 250 63 20 orsak
786 256 44 14 som
848 250 54 20 helst
918 249 68 21 skulle
1002 250 45 26 fegt

224 278 66 21 tveka
306 281 32 18 att
354 279 67 20 uttala
438 278 83 26 landets
538 278 102 27 djupaste
656 278 137 28 önskningar.
824 278 91 27 (Bravo,
931 278 85 26 bravo.)

293 306 58 22 Herr
367 307 100 21 Antell:
483 306 41 28 Jag
541 307 95 21 anhäller
652 309 32 19 att
700 307 77 21 endast
792 307 20 20 fä
828 308 52 26 göra
891 308 65 26 nägra
966 306 81 21 mindre

224 336 165 26 anmärkningar
406 338 57 18 emot
478 335 102 21 herrarne
598 336 108 20 Snellman
718 336 39 20 och
769 335 122 21 Edelsköld.
912 334 57 22 Herr
979 334 68 21 Snell-

224 371 48 14 man
296 364 38 20 bar
357 366 76 24 ansett,
457 366 32 18 att
512 364 167 27 öfverstyrelsen
696 364 32 20 för
744 363 153 21 skolväsendet
912 363 82 21 kunnat
1011 363 36 20 be-

224 393 72 20 fordra
319 393 44 20 sina
387 393 87 20 arbeten
491 393 31 20 till
538 393 157 20 allmänhetens
710 392 128 21 kännedom.
869 392 42 27 Jag
927 392 36 21 ber
979 394 32 19 att
1027 392 21 20 fä

224 421 100 25 förklara,
341 423 32 18 att
389 421 75 21 sådant
481 423 23 18 är
519 421 47 20 icke
582 422 85 27 gången
684 421 5 20 i
706 422 50 19 våra
774 421 151 26 byråkratiska
933 421 114 20 förhällan-

224 449 48 21 den.
303 449 169 21 Underordnade
491 450 151 27 myndigheter
660 450 38 20 och
716 449 105 21 särskilda
837 449 88 21 tillsatta
942 449 105 21 komitéer

225 478 86 27 vidtaga
333 479 68 26 aldrig
417 479 68 26 någon
502 479 75 26 åtgärd
594 485 33 14 om
644 478 120 27 förslagens
780 478 199 28 offentliggörande,
996 480 51 19 utan

224 507 37 20 det
276 508 23 19 är
315 506 28 21 H.
361 507 25 20 K.
404 507 60 28 Maj:t
481 514 43 13 som
541 508 39 26 gör
596 507 42 20 det.
663 507 127 20 Sedermera
807 507 38 20 ber
858 507 37 27 jag
911 506 48 21 med
976 507 70 20 anled-

224 535 51 28 ning
290 535 23 20 af
327 536 48 20 herr
393 536 118 20 Snellmans
528 535 141 28 anmärkning
685 535 80 26 derom,
782 537 31 19 att
830 535 215 28 skolöfverstyrelsen

224 564 47 20 icke
287 564 68 20 skulle
373 565 88 26 vidtagit
477 565 66 25 några
559 564 101 27 åtgärder
676 564 33 20 för
725 566 31 18 att
772 564 121 20 handhafva
909 564 60 26 lagen
981 564 5 20 i
998 564 49 20 sko-

224 592 67 26 lorna,
313 595 32 18 att
364 592 23 21 få
401 594 84 23 nämna,
502 594 31 18 att
549 592 72 20 ibland
638 593 25 20 de
680 592 67 21 första
763 592 106 27 åtgärder,
886 599 45 14 som
948 592 99 27 vidtogos

224 621 24 20 af
262 621 160 27 skolstyrelsen,
440 628 36 13 var
489 621 46 27 just
551 621 40 20 den
612 623 32 18 att
662 622 92 19 utsända
765 621 196 27 öfverinspektorer
972 621 33 20 för
1016 623 31 18 att

224 651 51 25 taga
290 651 99 19 närmare
405 649 119 21 kännedom
541 656 33 14 om
592 650 65 20 detta.
680 649 34 21 De
732 649 70 21 kunde
818 649 47 21 icke
881 650 90 27 fullgöra
987 649 60 21 detta

224 678 99 28 uppdrag
338 678 56 21 inom
411 685 24 13 en
453 678 70 20 alltför
540 678 120 27 begränsad
676 678 37 25 tid,
730 678 36 21 det
782 680 23 19 är
820 678 54 20 först
889 678 33 21 för
937 678 47 21 icke
1000 678 47 20 allt-

224 706 33 21 för
273 706 137 28 längesedan,
426 714 44 13 som
488 707 19 20 vi
523 707 40 20 fått
580 709 109 25 emottaga
704 707 65 20 säkra
780 706 39 21 och
830 706 95 28 pålitliga
936 706 111 28 uppgifter

224 735 6 20 i
247 735 58 20 detta
321 735 43 26 fall,
381 735 39 20 och
436 735 85 20 komma
537 735 84 27 ganska
637 735 111 27 allvarliga
764 735 101 28 åtgärder
881 737 30 19 att
924 735 64 21 blifva
999 735 47 27 följ-

224 763 41 21 den
290 765 23 19 af
334 764 236 27 öfverinspektorernes
595 763 133 21 berättelser.
760 763 137 22 Beträffande
918 763 49 21 herr
983 763 64 20 Edel-

224 792 73 21 skölds
320 792 101 28 yttrande
439 795 32 18 att
489 793 38 26 jag
547 792 69 21 skulle
635 792 113 21 instämma
764 792 6 20 i
786 793 89 20 friherre
892 799 39 14 von
949 792 98 21 Kothens

224 821 92 21 motiver
331 821 39 21 och
382 821 85 26 åsigter,
479 823 22 18 så
512 821 96 20 anhåller
616 821 38 26 jag
666 821 110 21 vördsamt
787 820 38 23 här
835 823 32 19 att
878 821 21 21 få
908 821 96 28 upplysa,
1016 823 31 18 att

222 850 44 27 jag,
283 850 69 21 såsom
369 857 66 20 yngre
452 851 92 20 ledamot
560 850 5 20 i
577 850 223 27 skolöfverstyrelsen,
811 852 69 25 yttrar
892 850 42 27 mig
944 850 53 20 först
1007 850 40 20 och

224 879 55 20 efter
302 879 43 27 mig
368 878 153 27 ordföranden;
541 879 38 26 jag
598 879 38 20 har
652 879 82 20 således
750 879 48 20 icke
815 879 80 20 kunnat
912 878 82 21 biträda
1010 878 37 21 fri-

224 907 62 20 herre
309 914 41 14 von
368 907 97 20 Kotbens
485 907 96 26 motiver,
598 909 50 18 utan
666 907 47 21 mitt
728 907 112 20 utlåtande
856 907 38 20 har
911 907 88 20 kommit
1015 910 32 17 att

224 935 54 21 först
292 935 75 28 inflyta
383 936 6 20 i
406 936 129 26 protokollet
551 936 39 20 och
607 936 87 20 dernäst
711 936 63 26 hans;
791 937 23 19 så
830 936 37 26 går
883 935 36 20 det
935 935 37 20 till.

293 963 58 21 Herr
375 964 150 25 Schauman,
550 963 100 21 Berndt
674 964 71 21 Otto:
773 963 9 20 I
802 964 67 20 likhet
885 963 48 21 med
949 971 26 13 en
992 963 54 21 före-

224 992 83 27 gående
323 993 51 20 ärad
391 993 73 26 talare,
479 994 22 19 åt
517 992 97 21 hvilkens
626 992 136 27 andragande
774 992 150 26 ridderskapet
935 993 38 19 och
983 992 62 21 adeln

224 1028 51 20 nyss
291 1021 80 20 skänkt
387 1021 37 20 sitt
440 1021 64 26 bifall,
521 1028 63 13 anser
598 1021 38 28 jag
652 1021 39 20 den
709 1021 45 26 sak,
772 1028 44 13 som
833 1028 27 13 nu
877 1022 63 26 utgör
955 1021 91 20 föremå-

224 1049 29 20 let
269 1049 32 20 för
317 1049 156 27 diskussionen,
490 1057 51 13 vara
557 1049 22 21 af
594 1057 25 13 en
636 1049 80 28 sorglig
732 1049 159 26 beskaffenhet;
909 1049 78 27 sorglig
999 1049 47 20 der-

223 1077 53 24 före,
300 1078 89 20 emedan
411 1085 46 13 man
475 1078 75 25 måste,
567 1078 62 20 äfven
646 1078 48 20 med
709 1078 48 20 fullt
774 1078 137 19 erkännande
927 1077 22 20 af
963 1077 83 20 utskot-

224 1107 43 19 tets
284 1105 129 28 behandling
428 1107 21 19 af
464 1106 81 27 frägan,
562 1106 23 20 af
599 1106 48 20 dess
664 1106 134 21 moderation
815 1106 38 20 och
871 1105 48 21 dess
931 1105 115 26 päinhem-

224 1133 36 22 tad
277 1134 161 21 sakkännedom
454 1137 78 25 ytterst
549 1135 33 20 väl
592 1135 112 27 grundade
716 1134 142 25 betänkande,
871 1134 64 20 likväl
946 1133 47 21 med
1005 1133 40 21 den

224 1162 52 21 allra
299 1164 81 19 största
395 1163 136 20 tveksamhet
546 1165 53 25 säga
612 1163 24 27 ja
652 1163 30 20 till
698 1163 37 20 det
751 1163 97 25 resultat,
864 1162 83 21 hvartill
963 1162 83 21 utskot-

224 1193 32 18 tet
272 1190 99 27 kommit;
388 1191 36 21 det
439 1193 23 19 är
477 1191 130 21 åtminstone
623 1191 59 21 fallet
699 1191 46 20 med
762 1191 49 27 mig.
842 1191 67 20 Innan
923 1191 38 27 jag
977 1190 70 21 öfver-

223 1220 39 26 går
278 1219 77 26 dertill,
371 1220 35 19 vill
420 1220 38 27 jag
473 1221 52 26 säga
541 1221 67 26 några
624 1220 37 20 ord
679 1220 46 20 med
742 1220 114 27 anledning
871 1219 23 20 af
906 1219 55 20 hvad
973 1226 25 13 en
1010 1226 36 13 an-

224 1255 40 13 nan
281 1247 94 22 ledamot
391 1248 23 21 af
427 1248 150 27 ridderskapet
594 1248 38 21 och
649 1248 69 25 adeln,
734 1255 45 14 som
796 1248 68 20 tillika
880 1249 23 19 är
914 1247 93 20 ledamot
1023 1247 24 20 af

223 1275 218 28 skolöfverstyrelsen
465 1277 39 20 och
527 1277 22 20 af
564 1277 82 20 landets
663 1277 106 27 regering,
786 1279 67 24 yttrat
869 1276 32 20 till
917 1276 82 20 försvar
1015 1276 32 20 för

223 1304 169 27 skolstyrelsens
416 1305 142 21 verksamhet.
589 1305 49 20 Han
655 1305 38 20 har
709 1306 51 19 flere
776 1305 82 27 gånger
875 1304 66 21 under
957 1304 37 21 sitt
1010 1311 37 13 an-

223 1333 110 27 dragande
356 1333 65 26 ställt,
444 1334 47 20 icke
515 1333 76 21 endast
615 1334 31 20 till
666 1333 208 28 representationen,
890 1335 52 18 utan
959 1332 40 21 ock
1015 1333 32 20 till

222 1361 162 28 folkopinionen
400 1362 86 27 frågan:
503 1362 97 20 hvadan?
617 1362 84 20 hvadan
718 1362 69 21 denna
803 1368 36 14 oro
856 1368 45 13 som
913 1361 135 27 uppkommit

222 1390 5 20 j
245 1390 78 26 landet,
349 1390 70 21 denna
441 1391 109 26 agitation,
575 1391 69 20 denna
668 1391 54 20 ifver
738 1392 32 19 att
787 1390 89 21 bedöma
893 1389 152 28 skolstyrelsen

222 1417 112 22 ohördan?
360 1418 50 21 Han
427 1419 38 20 har
485 1419 47 20 icke
552 1419 101 20 besvarat
669 1419 61 20 dessa
746 1419 83 26 frågor;
850 1419 38 26 jag
903 1417 68 21 skulle
987 1425 60 18 anse,

222 1448 33 19 att
271 1453 26 14 en
313 1450 152 24 representant
481 1448 33 19 för
529 1447 69 20 finska
614 1447 68 21 folket
697 1447 6 21 i
720 1448 68 20 denna
806 1446 63 21 stund
881 1445 71 21 kunde
963 1447 51 26 säga
1025 1447 22 19 ät

222 1475 135 27 regeringen,
373 1475 52 21 eller
441 1476 62 20 ställa
515 1476 30 20 till
557 1476 138 26 regeringens
706 1475 120 21 ledamöter
838 1482 24 13 en
875 1474 92 20 likartad
975 1474 72 27 fråga:

222 1502 100 22 hvadan?
348 1503 84 21 hvadan
457 1504 58 20 detta
539 1504 142 20 misstroende
698 1508 44 16 mot
758 1503 42 21 alla
815 1502 130 28 föregående
961 1502 87 21 skolko-

222 1531 77 22 mitéer
315 1531 40 23 och
371 1532 205 22 skolläraremöten?
592 1532 85 21 hvadan
689 1532 62 21 dessa
762 1532 116 20 afvikelser
889 1531 45 21 från
943 1531 41 21 alla
992 1531 55 21 före-
