1134 1803
239 119 41 20 266
560 120 38 15 Den
612 121 19 14 21
647 120 41 20 Maj.

212 176 106 26 åtskilliga
341 176 22 20 af
382 176 63 20 dessa
463 176 121 26 privilegier
600 176 68 20 skulle
686 176 115 26 uppoifras,
819 182 46 14 men
884 176 149 20 framställnin-

212 212 40 20 gen
276 204 72 20 derom
374 211 52 13 vann
452 204 45 20 icke
518 204 64 20 bifall.
614 204 86 20 Samma
716 204 37 20 har
770 204 54 20 varit
840 204 59 20 fallet
916 204 33 20 vid
966 204 67 21 denna

212 233 107 27 landtdag.
352 234 37 19 Att
405 240 28 13 nu
451 233 66 20 väcka
533 233 60 27 fråga
609 240 33 12 om
660 233 68 20 denna
746 232 39 21 sak
798 232 66 35 skulle
875 233 38 27 jag
925 232 46 21 icke
983 240 51 13 anse

212 250 103 48 lämpligt,
339 264 24 18 så
385 261 55 26 glest
464 262 83 20 besatta
573 268 45 13 som
638 262 94 20 stolarne
753 268 28 13 nu
798 263 43 19 äro.
853 257 12 35 .
875 261 44 21 Den
937 268 44 13 som
999 262 35 20 två

212 292 81 26 gånger
312 290 53 20 varit
385 278 47 32 med
452 297 33 13 om
502 290 121 20 diskussion
641 290 89 20 rörande
748 275 151 42 privilegierna
916 290 33 20 vid
965 289 69 21 denna

213 319 108 26 landtdag,
337 321 57 18 utom
413 318 33 20 vid
463 318 25 20 de
505 320 36 18 två
557 318 130 28 föregående
703 318 161 27 landtdagarne,
881 318 40 21 blir
935 318 98 27 slutligen

213 350 53 19 trött
283 348 33 19 vid
336 347 62 20 dessa
414 347 185 26 privilegiefrägor
614 347 39 20 och
670 347 67 20 skulle
754 335 56 32 helst
826 354 29 17 se,
872 354 33 13 om
923 347 26 20 de
965 347 68 32 nägon

213 377 30 20 tid
260 376 55 26 finge
332 382 49 13 vara
398 375 4 20 i
419 375 53 24 fred,
492 375 53 20 intill
562 375 49 20 dess
628 375 27 20 H.
673 375 25 20 K.
718 375 59 27 Maj:t
794 376 109 26 begagnar
918 376 33 26 sig
967 376 21 19 af
1003 376 29 19 sin

214 405 133 27 höghetsrätt
364 406 31 18 att
411 404 50 27 sjelf
476 406 48 25 taga
539 403 116 21 initiativet
672 404 4 19 i
693 404 198 32 grundlagsträgor,

281 428 56 36 Herr
353 420 162 39 Lagerborg,
531 431 85 22 Robert:
656 432 41 27 Jag
714 433 36 20 ber
762 434 32 19 att
806 432 5 20 i
823 433 40 19 allo
873 432 21 21 få
905 433 74 20 förena
992 433 42 26 mig

214 461 47 22 med
285 461 48 20 herr
356 461 75 21 Taube
456 461 38 20 och
519 461 139 26 understödja
672 462 54 19 hans
742 461 87 32 förslag.
857 461 42 27 Jag
915 461 38 20 har
969 449 64 32 redan

214 492 79 23 nämnt,
316 492 32 18 att
370 491 107 19 utskottet
499 489 47 21 icke
566 489 56 21 velat
646 491 50 25 taga
711 489 91 21 initiativ
820 490 4 19 i
841 490 74 26 frågan
931 489 54 21 efter
999 489 36 21 det

214 526 54 17 svar,
289 507 110 32 utskottet
422 518 99 27 mottagit
540 518 23 20 af
579 517 150 28 ridderskapet
745 519 39 19 och
801 518 69 25 adeln,
887 525 48 13 men
952 518 83 21 derföre

214 555 63 13 anser
290 548 38 26 jag
344 547 42 26 mig
401 547 48 20 icke
466 553 50 14 vara
532 546 124 21 förhindrad
672 549 32 18 att
720 546 84 21 biträda
816 546 48 21 herr
875 546 86 21 Taubes
973 547 62 27 åsigt,

213 576 40 21 och
276 582 63 14 anser
358 575 30 20 till
411 575 38 21 och
467 574 47 21 med
529 577 32 18 att
577 574 37 21 det
630 581 50 14 vore
696 574 95 21 särdeles
808 574 40 26 väl,
866 582 33 13 om
916 574 119 22 ridderska-

214 607 36 25 pet
266 604 40 21 och
322 603 62 21 adeln
401 603 68 21 skulle
487 604 44 20 visa
548 605 31 19 ett
591 603 187 27 tillmötesgående
790 603 4 20 i
808 603 69 21 denna
889 604 58 26 fråga
959 610 74 20 genom

214 635 32 19 att
269 633 47 21 icke
335 632 56 21 hålla
411 633 26 26 på
457 632 62 20 dessa
535 632 238 26 undantagsförmoner,
791 634 51 18 utan
859 632 128 20 åtminstone
1004 634 31 18 ut-

214 662 43 20 tala
272 662 40 20 den
329 661 90 24 önskan,
435 663 32 18 att
485 660 132 28 proposition
634 660 72 20 derom
723 661 67 20 måtte
807 660 33 20 vid
858 662 61 19 nästa
935 660 100 27 landtdag

214 690 135 27 framläggas.
380 689 43 21 Det
439 689 38 20 har
493 689 45 20 från
555 689 53 20 flere
624 691 58 18 orter
698 688 45 21 låtit
759 689 106 27 förspörja
882 689 33 27 sig
931 691 30 18 ott
977 689 58 20 miss-

214 719 49 26 nöje
286 718 59 20 öfver
364 719 32 18 att
416 717 149 28 ridderskapet
582 718 39 19 och
637 717 62 20 adeln
717 718 58 19 hållit
793 718 61 19 dessa
871 718 163 25 undantagsför-

215 753 74 14 moner
304 747 23 20 så
343 746 58 25 kära,
418 748 72 18 senast
507 745 26 21 då
548 746 75 27 frågan
641 745 152 26 behandlades,
804 745 40 21 och
856 745 36 20 det
905 745 36 20 har
953 745 30 20 till
995 745 38 21 och

215 775 47 21 med
286 775 88 20 uttalats
396 775 47 20 från
466 775 65 26 några
554 777 58 17 orter
632 775 22 19 åt
673 774 61 20 deras
751 776 176 25 representanter
943 781 45 13 som
1005 777 30 18 ett

214 803 160 27 önskningsmål
398 805 31 18 att
452 803 65 20 hellre
541 803 96 20 förkasta
656 803 47 20 hela
723 803 161 27 propositionen
901 804 26 19 än
944 803 49 26 ingå
1011 804 25 24 på

216 839 25 14 en
258 832 133 26 författning,
407 831 30 21 uti
454 831 85 21 hvilken
557 833 31 18 ett
605 831 76 20 sådant
693 832 109 26 undantag
814 831 53 20 ifrån
879 831 40 20 den
931 831 106 20 allmänna

214 860 253 27 likställningsprincipen
492 860 68 20 råder.
591 859 41 27 Jag
656 862 44 18 tror
724 859 86 28 mycket
827 867 50 13 vore
898 862 86 23 vunnet,
1001 867 33 13 om

215 888 150 27 ridderskapet
381 889 38 20 och
436 888 61 21 adeln
513 888 46 21 från
577 888 31 20 sin
625 888 45 20 sida
687 888 72 21 visade
772 888 60 20 detta
843 888 192 26 tillmötesgående.

215 917 47 21 Och
279 917 36 20 det
330 917 108 20 förefaller
455 917 42 27 mig
512 917 47 20 icke
576 916 128 27 osannolikt,
718 919 32 18 att
761 916 151 27 ridderskapet
923 917 39 20 och
974 917 61 20 adeln

215 946 34 20 vid
266 947 61 19 nästa
344 945 101 27 landtdag
461 945 54 20 skall
530 945 63 20 infria
609 945 37 20 sitt
662 945 52 20 löfte
729 952 78 19 genom
824 947 32 18 att
869 945 114 27 godkänna
995 945 39 20 den

216 974 139 27 proposition,
372 973 148 27 ridderskapet
536 973 39 21 och
592 973 61 20 adeln
670 980 28 13 nu
716 973 71 28 begär.
813 973 42 21 Det
867 974 38 19 har
916 973 120 27 ingalunda,

215 1003 34 20 vill
264 1003 38 26 jag
319 1003 88 25 minnas,
430 1002 53 20 visat
502 1003 32 26 sig
551 1001 34 21 vid
604 1002 52 20 1867
673 1003 33 19 års
723 1001 103 28 landtdag
842 1002 69 27 någon
928 1002 109 27 synnerlig

214 1031 102 26 afvoghet
332 1033 57 18 emot
405 1031 121 20 afståendet
542 1030 23 21 af
578 1031 26 20 de
621 1031 128 26 privilegier,
766 1037 46 14 som
829 1037 51 14 vore
891 1030 6 21 i
909 1030 67 27 fråga.
995 1030 42 27 Jag

215 1060 74 21 minns,
307 1062 30 17 att
354 1059 35 20 vid
406 1061 31 18 ett
453 1066 38 19 par
506 1059 23 20 af
543 1059 63 19 dessa
622 1059 72 26 frågor
710 1059 150 26 ridderskapet
871 1059 40 20 och
922 1059 61 20 adeln
996 1059 40 19 för-

215 1087 87 20 klarade
325 1087 32 26 sig
380 1087 134 27 beredvilligt
534 1089 31 18 att
584 1087 56 20 afstå
657 1087 47 20 från
725 1086 62 21 dessa
806 1086 132 28 privilegier;
955 1088 22 19 så
993 1088 43 19 sär-

214 1115 65 20 skildt
296 1115 33 20 vid
347 1115 74 27 frågan
438 1122 34 13 om
488 1115 73 21 adelns
578 1115 68 20 forum
664 1115 166 27 privilegiatum,
846 1115 23 20 så
885 1115 100 20 särskildt
1002 1115 34 20 vid

213 1144 74 27 frågan
305 1151 34 12 om
355 1143 146 28 inqvartering
517 1145 5 19 i
539 1144 54 20 stad.

282 1171 57 21 Herr
363 1171 99 22 Taube:
485 1172 43 21 Det
552 1173 23 19 är
596 1173 46 26 just
665 1172 89 20 emedan
775 1179 48 13 man
840 1171 48 21 bort
905 1172 64 20 blifva
985 1173 52 19 trött

214 1200 34 21 vid
272 1201 230 26 undantagsförmoner
525 1201 40 20 och
586 1201 128 27 privilegier,
731 1207 44 14 som
792 1201 38 26 jag
846 1201 33 20 vid
897 1200 140 27 landtdagens

213 1229 43 20 slut
273 1229 78 20 väcker
367 1229 68 20 denna
451 1229 66 28 fråga,
533 1229 39 21 och
590 1229 37 20 ber
640 1229 38 27 jag
695 1229 68 20 tillika
780 1229 21 20 få
819 1230 83 24 nämna,
919 1230 32 19 att
967 1229 36 20 det
1014 1230 23 19 är

214 1265 26 13 en
256 1260 45 17 stor
317 1257 83 21 skilnad
417 1258 88 20 emellan
526 1257 160 27 ridderskapets
703 1257 38 21 och
758 1257 75 20 adelns
850 1257 70 20 beslut
937 1258 52 19 1863
1005 1260 32 17 att

213 1286 130 27 petitionera
360 1288 31 19 att
415 1293 26 14 en
462 1293 68 14 masse
547 1286 65 20 blifva
628 1286 23 19 af
666 1286 47 19 med
730 1286 46 20 sina
793 1285 129 27 privilegier,
939 1285 51 20 eller
1005 1288 32 18 att

214 1321 28 13 nu
260 1314 127 27 petitionera
403 1321 33 14 om
453 1317 30 18 att
500 1314 60 21 Hans
579 1314 100 27 Majestät
695 1315 65 20 måtte
773 1314 119 20 framställa
905 1314 131 27 proposition

213 1343 31 20 till
261 1343 251 20 nästsammanträdande
532 1343 88 20 ständer
636 1349 34 14 om
686 1343 112 20 afstående
814 1342 24 20 af
851 1344 31 19 ett
895 1342 142 27 privilegium,

214 1371 81 20 hvilket
311 1373 63 24 utgör
390 1374 30 17 ett
437 1371 74 20 hinder
525 1372 33 19 för
574 1371 36 20 det
619 1371 143 32 fullständiga
778 1371 40 20 och
829 1371 112 26 nöjaktiga
951 1377 86 20 genom-

213 1399 100 20 förandet
329 1388 22 31 af
366 1407 25 13 en
403 1400 133 27 författning,
547 1407 45 13 som
606 1400 18 19 vi
637 1399 129 20 underställa
780 1399 60 20 Hans
851 1399 112 27 Majestäts
975 1399 62 20 sank-

213 1429 52 19 tion.
296 1427 43 27 Jag
363 1429 40 19 kan
427 1428 47 20 icke
495 1423 64 31 finna,
576 1430 31 18 att
625 1428 75 26 frågan
720 1427 68 21 skulle
805 1434 51 13 vara
873 1428 26 26 på
915 1427 64 27 något
995 1428 42 20 sätt

214 1456 101 26 olämplig
331 1458 32 18 att
380 1463 27 13 nu
423 1456 126 26 framställa,
565 1456 39 20 och
619 1456 55 20 hvad
691 1456 48 20 herr
755 1456 124 20 Ebrnrooth
891 1455 94 27 antydde
997 1462 41 19 om,

213 1486 33 18 att
270 1484 161 28 ridderskapets
454 1485 38 20 och
516 1485 74 20 adelns
608 1484 157 21 sammanträde
783 1484 48 20 icke
848 1490 51 14 vore
915 1484 123 27 tillräckligt

214 1512 74 21 talrikt
304 1512 84 28 besökt,
405 1514 22 20 sä
444 1513 37 21 har
495 1514 23 26 ju
535 1514 87 20 ärendet
640 1514 52 20 stått
709 1514 26 26 pä
750 1512 235 28 föredragningslistan,
997 1512 39 21 och
