1134 1803
244 116 28 20 30
570 117 40 16 Den
624 118 9 15 4
647 117 42 21 Maj.

216 172 67 22 sande
307 172 24 22 af
347 173 144 27 nyssnämnda
511 173 104 28 rättighet
635 173 119 27 bestämd";
774 172 64 22 likväl
853 172 69 22 skulle
935 173 39 27 jag
989 172 51 28 vilja

216 201 95 24 utesluta
326 201 36 21 det
377 202 54 20 sista
446 202 55 21 efter
517 202 76 25 ,,och''.
624 202 64 21 Hvad
704 202 48 21 åter
768 201 102 21 beträffar
885 201 154 28 lagförändrin-

216 236 42 22 gen
276 229 112 29 angående
407 230 145 22 viderboende
572 230 40 22 och
628 231 63 26 nabo,
708 231 24 20 så
748 230 38 21 har
799 230 39 28 jag
854 230 97 21 deremot
966 231 73 27 ingen-

217 259 46 27 ting
285 260 33 20 att
338 258 99 27 invända,
456 261 50 19 utan
522 266 70 20 anser,
606 261 32 19 att
654 258 146 22 betänkandet
816 258 6 21 i
838 258 70 21 denna
923 258 35 21 del
973 258 66 21 borde

217 287 132 28 godkännas,
368 287 76 21 liksom
463 288 119 20 utskottets
602 288 144 26 betänkande,
762 287 135 21 beträffande
913 287 90 28 ändring
1019 287 22 21 af

216 317 14 20 4
246 316 49 27 kap.
311 316 13 20 2
340 316 12 27 $
367 316 21 20 J.
404 316 33 27 B.,
453 316 65 21 sådan
535 316 107 21 utskottet
657 316 97 20 förordat
769 316 130 21 densamma.

286 343 57 22 Herr
365 344 126 28 Pipping,
515 344 123 21 Fredrik:
663 344 44 21 För
726 345 42 20 min
787 344 34 20 del
839 343 69 21 finner
920 344 39 27 jag
973 344 66 21 också

217 373 70 20 denna
309 372 126 28 författning
457 373 6 20 i
483 373 55 21 hvad
557 373 42 20 den
619 374 35 19 rör
669 373 91 27 ändring
775 379 34 14 om
825 373 43 20 rätt
884 372 31 21 till
932 371 51 22 börd
999 372 40 21 och

217 401 67 21 nabos
300 401 138 27 lösningsrätt
453 408 52 14 vara
519 401 6 21 i
542 401 42 28 hög
600 401 53 27 grad
668 401 24 21 af
705 401 102 21 behofvet
822 401 107 26 påkallad,
941 407 47 14 men
1000 401 38 20 lik-

217 436 46 14 som
278 429 42 21 den
335 429 130 28 föregående
481 429 81 21 talaren
578 429 69 22 håller
660 430 39 27 jag
714 429 52 27 före,
782 431 32 19 att
830 429 49 21 dess
889 430 150 27 utsträckning

216 458 49 21 icke
280 458 56 21 varit
351 457 48 22 fullt
413 458 203 21 tillfredsställande.
646 458 42 28 Jag
703 458 55 21 hade
774 458 66 21 också
855 457 102 22 likaledes
972 465 67 20 gerna

216 489 50 24 sett,
283 489 31 18 att
329 487 130 27 rättigheten
476 489 31 19 att
521 493 78 22 genom
610 487 64 28 gåfva
687 487 39 21 och
744 488 129 19 testamente
884 486 84 29 förfoga
979 487 60 21 öfver

216 515 109 28 arfvejord
342 515 53 21 hade
412 515 68 21 blifvit
495 515 6 21 i
516 518 32 18 ett
564 515 155 28 sammanhang
734 515 113 21 reviderad
860 515 39 20 och
912 515 125 22 behandlad.

217 543 34 22 En
267 543 66 22 sådan
349 544 56 27 åsigt
420 544 38 21 har
473 544 65 21 också
554 544 38 21 hos
608 544 107 21 utskottet
730 544 58 27 gjort
803 543 33 28 sig
850 543 105 28 gällande,
966 544 27 21 då
1004 546 34 19 ut-

216 572 83 21 skottet
321 574 74 26 yttrat,
418 574 32 19 att
467 572 7 21 i
493 572 121 21 civilrätten
634 572 68 21 finnas
722 572 64 20 äfven
803 572 5 20 i
825 572 67 20 andra
907 572 59 21 delar
982 572 56 28 spår,

216 607 46 14 som
285 601 46 27 röja
353 600 141 28 grundsatsen
517 608 34 14 om
575 601 115 28 slägtjords
715 600 148 22 bibehållande
888 600 57 21 inom
971 602 66 20 ätten.

216 628 114 22 Utskottet
353 631 69 25 yttrar
444 630 33 27 sig
494 630 6 20 i
519 636 83 14 samma
617 630 56 27 syfte
689 631 26 19 än
725 630 87 23 «vidare,
828 628 27 22 dä
871 628 36 22 det
922 631 68 26 säger,
1007 632 31 18 att

216 658 37 21 det
269 657 54 21 hade
339 658 78 20 önskat
432 661 30 18 ett
478 658 87 28 förslag,
581 660 32 19 att
628 658 7 20 i
651 658 101 21 afseende
768 658 12 20 å
792 658 105 20 allmänna
909 658 62 28 lagen
983 658 54 21 före-

216 686 128 21 kommande
359 686 180 28 inskränkningar
554 687 5 20 i
576 686 131 28 rättigheten
719 688 32 19 att
761 686 91 21 medelst
862 686 64 28 gåfva
937 687 23 20 af
969 686 68 22 arfve-

213 714 51 28 jord
280 714 83 28 förfoga
379 722 33 13 om
428 716 23 20 så
467 715 110 21 beskaffad
588 715 149 27 fastegendom
749 722 28 13 nu
789 714 70 21 blefve
870 715 167 28 undanrödjade.

216 743 87 21 Främst
317 743 62 21 bland
395 743 41 21 alla
451 743 63 22 dessa
525 743 184 28 omständigheter
720 743 62 21 torde
793 743 57 20 läran
861 750 34 14 om
908 745 130 20 testamente

216 772 83 27 ganska
314 774 59 19 snart
389 772 84 27 påkalla
489 779 25 14 en
531 772 99 26 revision,
648 772 89 21 emedan
754 772 41 21 den
813 779 95 20 persons,
920 779 45 13 som
977 771 60 28 lyder

215 800 69 21 under
299 801 110 25 stadsrätt,
425 802 42 19 rätt
483 803 31 18 att
536 801 84 27 förfoga
640 802 24 19 är
679 801 6 20 i
706 803 45 18 stor
769 800 55 21 strid
839 802 44 19 mot
899 802 76 24 rätten,
992 807 45 14 som

216 829 102 21 landtbon
341 829 47 26 har,
403 829 56 21 helst
482 829 40 21 den
543 829 58 21 förra
619 829 126 28 ytterligare
762 829 70 20 blifvit
847 829 96 20 utsräckt
959 835 77 21 genom

215 857 152 28 förordningen
376 857 24 21 af
406 857 41 21 den
457 858 25 21 17
491 858 92 27 Augusti
597 858 60 26 1762,
666 864 45 14 som
722 857 106 21 förklarar
836 857 13 21 5
858 857 11 27 $
882 858 25 20 17
916 857 47 28 kap.
975 857 26 21 A.
1011 857 25 21 B.

215 885 43 28 Jag
276 885 67 22 häller
361 886 46 21 före
426 888 37 24 att,
480 886 27 21 dä
521 887 62 26 lagen
600 886 78 21 ändras
695 887 39 20 och
751 886 116 26 revideras,
884 885 52 22 böra
951 886 41 21 alla
1007 886 30 21 la-

215 921 45 21 gar,
277 921 44 14 som
338 921 41 21 ega
395 917 30 18 ett
436 915 134 28 oskiljaktigt
581 914 155 28 sammanhang
747 914 50 21 med
808 914 125 26 hvarandra,
942 914 96 28 undergä

216 949 26 15 en
266 949 56 22 noga
344 943 137 28 granskning.
513 943 43 20 För
580 944 42 20 min
639 943 33 21 del
688 943 70 20 skulle
771 943 39 27 jag
825 943 83 20 säledes
924 943 47 20 icke
986 943 51 27 vilja

215 971 64 28 skilja
302 971 40 21 den
366 978 40 14 ena
425 971 245 22 hufvudbeständsdelen
690 971 45 21 frän
758 971 42 21 den
816 971 67 21 andra
898 971 39 20 och
954 971 82 21 säledes

214 1000 48 21 icke
278 999 66 22 heller
358 1007 29 13 nu
403 1000 107 28 tillstyrka
525 1000 57 21 bifall
599 1000 32 21 till
646 1001 69 26 någon
732 1000 35 21 del
784 1000 22 20 af
820 999 39 21 den
872 999 76 27 nådiga
959 1006 78 21 propo-

214 1028 99 22 sitionen.
344 1027 38 22 Ett
405 1028 104 28 helgjutet
525 1031 81 25 system
622 1028 7 21 i
644 1028 163 27 lagstiftningen
823 1028 38 21 bör
877 1028 58 21 alltid
950 1027 86 22 förefin-

215 1063 48 20 nas;
286 1057 36 20 det
345 1057 110 21 befordrar
471 1057 38 21 och
525 1057 134 20 underlättar
674 1057 88 20 framför
778 1057 36 20 allt
830 1056 116 27 lagstudiet
960 1056 75 21 liksom

215 1084 67 22 också
297 1084 74 28 lagens
387 1085 140 28 tillämpning.
549 1084 74 27 Enligt
640 1085 41 20 min
698 1086 65 19 tanke
780 1086 24 19 är
819 1084 113 26 reformen,
949 1091 87 20 synner-

214 1113 65 28 ligast
299 1113 6 20 i
324 1113 37 20 det
381 1113 125 21 inskränkta
525 1113 57 28 syfte
598 1113 41 21 den
655 1120 27 14 nu
698 1113 146 20 förekommer
859 1113 91 20 rörande
966 1114 69 19 rätten

214 1144 33 19 att
262 1148 77 21 genom
357 1141 52 22 börd
425 1142 44 21 lösa
482 1142 55 27 jord,
553 1142 49 21 icke
617 1142 23 20 af
654 1142 69 27 nägon
740 1141 96 21 särdeles
851 1141 136 20 brädskande
995 1143 40 24 art,

214 1170 40 21 ooh
277 1169 69 22 skulle
367 1171 38 27 jag
427 1171 32 20 för
479 1173 40 18 den
539 1170 62 25 skull,
619 1170 68 27 jomte
703 1170 37 20 det
752 1171 40 27 jag
808 1169 108 28 afstyrker
932 1169 57 21 bifall
1005 1169 31 21 till

214 1198 41 21 den
272 1198 78 28 nädiga
366 1199 167 27 propositionen,
550 1198 125 27 obetingadt
690 1198 75 21 förena
782 1198 42 27 mig
841 1197 5 21 i
863 1198 49 20 herr
929 1205 39 13 von
985 1197 51 21 Hel-

214 1227 53 21 lens?
290 1227 132 21 reservation
441 1227 6 21 i
466 1227 39 21 den
525 1227 40 26 del,
586 1233 45 14 som
654 1227 65 20 redan
738 1227 69 20 blifvit
821 1227 86 26 uppläst
922 1226 39 21 och
977 1226 58 21 inne-

214 1255 74 26 håller,
312 1257 46 23 ,,att
377 1255 37 21 allt
431 1255 54 21 hvad
501 1255 34 28 lag
551 1256 51 20 eller
618 1255 106 21 särskilda
739 1255 154 26 författningar
909 1254 76 27 stadga
1000 1261 35 14 an-

208 1280 89 57 gående
320 1285 44 19 rätt
385 1286 31 19 att
437 1284 6 20 i
462 1284 51 21 börd
530 1285 45 20 lösa
590 1284 104 27 fastighet
710 1284 72 21 blefve
798 1282 111 28 upphäfdt,
925 1283 110 20 äfvensom

228 1319 12 14 e
262 1313 52 20 nära
336 1313 104 20 samband
463 1312 87 21 dermed
573 1312 83 27 egande
678 1312 6 21 i
706 1312 107 21 allmänna
831 1311 61 28 lagen
909 1313 81 18 utsatta
1005 1311 30 20 in-

213 1340 159 28 skränkningar
387 1341 30 20 uti
434 1341 129 27 rättigheten
580 1343 32 18 att
627 1347 77 21 genom
716 1341 64 27 gåfva
792 1339 51 21 eller
854 1342 129 18 testamente
994 1339 42 21 för-

212 1369 51 28 foga
279 1375 34 15 om
329 1369 108 28 arfvejord
453 1369 39 21 och
508 1376 69 14 annan
594 1369 66 20 sådan
676 1368 156 28 fastegendom,
848 1375 46 13 som
910 1374 29 14 nu
949 1369 24 19 är
983 1367 53 21 börd

212 1397 154 27 underkastad,
386 1397 69 21 blefve
475 1397 132 28 undanröjda
627 1397 38 21 och
684 1397 6 21 i
706 1397 73 21 stället
795 1396 72 21 derför
882 1402 70 14 annan
967 1396 70 27 grund

212 1426 34 21 för
269 1426 148 28 begränsande
438 1426 23 20 af
477 1426 144 27 nyssnämnda
639 1425 103 21 rättighet
762 1424 121 27 bestämd',
897 1425 40 19 och
953 1424 84 21 anhålla

212 1460 42 21 om,
271 1456 32 19 att
318 1460 27 15 en
361 1454 132 27 proposition
509 1454 5 20 i
531 1454 76 21 sådant
622 1453 57 28 syfte
709 1453 57 21 blefve
783 1451 107 29 uppgjord
906 1452 130 28 attföreläg-

212 1489 39 21 gas
268 1482 34 21 vid
319 1484 62 19 nästa
397 1482 108 28 landtdag.

282 1510 102 22 Friherre
404 1510 105 22 Wrede:
536 1510 45 21 Mot
597 1510 27 21 de
641 1512 79 19 tvenne
736 1510 54 21 siste
806 1509 106 21 talarenes
927 1508 56 28 åsigt
999 1508 38 21 har
