1134 1803
231 150 27 20 24
550 151 40 17 Den
603 152 23 16 30
639 151 57 21 April.

202 206 23 21 af
244 206 75 28 frågan
343 208 23 20 är
389 207 107 28 befogadt.
527 207 10 21 I
561 207 77 27 sjelfva
660 208 68 20 saken
748 209 24 19 är
792 206 150 22 erfarenheten
965 206 58 21 såväl

201 234 47 22 från
263 235 128 28 föregående
407 242 45 14 som
469 236 34 20 vid
519 236 72 21 denna
605 236 105 27 landtdag
725 236 71 20 alltför
812 235 114 28 tillräcklig
939 235 33 21 för
991 236 31 19 att

202 263 133 28 ådagalägga
354 264 101 21 behofvet
475 264 24 21 af
512 266 32 19 ett
559 267 137 25 gemensamt
710 264 136 21 ständerhus.
877 263 40 21 Att
933 265 91 25 utvägar

202 291 70 22 dertill
295 292 90 28 erbjuda
409 293 38 27 sig,
467 299 64 21 synes
550 293 48 21 icke
620 292 66 22 heller
705 300 51 14 vara
772 295 32 19 att
820 292 93 26 betvifla,
929 292 27 21 dä
971 293 52 19 nära

201 320 55 22 intill
280 321 135 21 riddarhuset
435 321 67 21 finnes
523 328 26 14 en
565 321 116 28 obebyggd
701 323 61 24 tomt,
778 321 56 21 skild
849 321 46 21 frän
912 321 60 21 detta
987 326 36 21 ge-

202 356 48 13 nom
266 356 27 14 en
309 352 56 25 gata,
381 350 86 20 hvilken
484 350 61 21 torde
561 352 51 18 utan
627 350 104 20 afsaknad
750 350 52 21 eller
820 356 47 14 men
887 349 34 21 för
931 348 90 22 trafiken

201 377 73 21 kunna
289 378 122 21 förvandlas
426 378 31 21 till
473 378 115 27 gärdsplan
604 377 33 22 för
652 378 136 21 riddarhuset
800 378 39 21 och
851 378 40 21 den
903 385 42 20 nya
956 377 67 28 bygg-

202 406 48 25 nad,
272 413 44 14 som
336 407 85 20 komme
441 409 33 18 att
489 407 102 27 uppföras
607 408 118 26 gentemot.
757 407 31 20 Pä
804 406 59 21 detta
879 408 43 19 sätt
938 406 38 21 bör
991 407 32 20 ett

202 433 177 29 ändamälsenligt
397 435 128 21 ständerhus
546 435 73 21 kunna
638 435 172 26 ästadkommas;
826 435 27 27 pä
868 435 74 27 hvarje
958 436 65 19 annat

202 464 43 19 sätt
261 463 39 20 blir
315 463 36 20 det
367 464 92 21 svårare.
491 463 76 21 Såsom
583 464 39 27 jag
638 463 45 21 haft
698 465 52 20 äran
767 465 65 26 yttra,
848 463 61 21 torde
924 463 47 21 icke
987 463 35 21 nä-

201 497 41 20 gon
267 491 84 22 komma
375 494 32 19 att
429 492 41 21 lida
489 492 23 21 af
525 492 66 27 sagde
626 494 47 19 gatas
694 492 126 27 stängande,
840 492 38 21 och
895 491 36 22 det
947 491 75 28 tyckes

202 519 48 21 icke
273 520 42 21 lida
335 521 64 26 något
419 521 80 23 tvifvel,
515 523 32 18 att
563 521 28 27 pä
621 527 58 14 derom
696 521 68 20 skedd
779 520 133 28 underdänig
927 520 95 21 ansökan

201 548 58 21 bifall
275 549 30 20 till
321 549 69 20 denna
405 549 60 27 ringa
484 549 126 27 förändring
625 549 6 20 i
648 549 138 27 stadsplanen
806 549 40 20 kan
865 549 81 20 vinnas.
977 548 45 21 Un-

201 576 152 29 derstödjande
377 577 75 27 sjelfva
475 578 74 25 saken,
573 578 86 20 förenar
676 578 38 27 jag
734 578 44 27 mig
798 584 33 14 om
847 577 76 21 remiss
939 577 30 21 till
985 576 37 22 det

202 605 91 26 utskott,
309 605 84 21 hvartill
411 606 158 21 bondeständet
584 606 99 20 hänvisat
698 606 82 28 frägan.

270 633 57 21 Herr
342 633 159 27 Ebrnrooth,
517 634 68 21 Carl:
602 634 10 21 I
628 634 110 28 egenskap
754 634 24 21 af
792 634 89 20 medlem
897 634 6 20 i
915 634 107 21 sammah-

202 664 56 19 satta
278 665 63 18 stats-
360 663 38 21 och
421 662 222 22 ekonomieutskottet
662 663 32 20 fär
707 663 39 27 jag
762 664 50 19 äran
829 662 98 28 upplysa,
943 664 31 20 att
990 665 31 19 ut-

201 690 82 22 skottet
299 691 65 21 redan
380 691 32 21 till
429 691 128 28 behandling
574 692 99 27 upptagit
688 691 74 28 frägan
780 692 27 26 pä
822 691 69 27 grund
910 691 24 21 af
943 691 78 21 bonde-

202 719 96 20 ständets
314 720 83 25 remiss,
413 720 40 21 och
469 722 32 19 att
517 720 37 21 det
571 720 85 20 säledes
672 726 64 21 synes
752 720 44 26 mig
812 726 51 14 vara
879 720 94 26 onödigt,
989 722 33 19 att

201 747 150 27 ridderskapet
375 748 39 21 och
433 748 61 21 adeln
515 755 27 14 nu
561 748 67 21 fattar
648 749 65 26 nägot
729 748 71 21 beslut
815 747 7 21 i
837 747 76 27 saken;
930 747 35 22 det
982 748 40 21 blir

201 776 31 21 tid
248 783 48 20 nog,
313 776 26 21 dä
353 777 106 20 utskottet
475 777 97 20 kommer
587 777 21 20 in
625 777 49 20 med
690 777 36 20 sitt
741 775 143 23 betänkande.
909 776 113 21 Huruvida

200 806 32 19 ett
250 808 135 23 gemensamt
403 805 128 22 ständerhus
548 805 41 20 kan
609 805 168 26 ästadkommas,
794 805 52 20 eller
861 805 104 20 buruvida
980 805 39 21 den

202 834 73 26 utväg,
299 840 45 14 som
367 833 48 21 frih.
432 841 40 14 von
489 834 58 20 Born
563 833 83 28 antydt,
663 835 23 19 är
703 834 79 27 möjlig,
798 835 24 18 är
837 833 69 26 saker,
923 841 44 13 som
985 834 36 21 det

200 862 23 20 är
240 862 67 27 nägot
326 862 63 27 tidigt
409 864 31 19 att
455 869 28 14 nu
499 864 78 19 nämna
593 869 41 13 om.
665 861 43 29 Jag
723 862 35 21 vill
776 861 54 22 blott
845 861 30 21 till
891 862 130 28 upplysning

200 892 120 24 omnämna,
344 893 32 18 att
395 891 40 20 den
454 890 163 28 ifrägavarande
636 892 82 19 tomten
736 890 49 21 icke
800 891 24 20 är
838 897 59 14 mera
913 892 25 19 än
955 891 66 27 nägra

200 918 40 21 och
259 919 61 27 tjugu
340 919 58 20 alnar
419 919 58 26 bred,
493 919 24 21 sä
531 921 32 19 att
579 919 48 21 icke
643 919 83 28 bygger
740 925 49 14 man
806 918 71 21 alltför
892 919 86 27 mycket
994 920 27 27 pä

200 946 48 25 den,
265 954 46 13 men
329 947 82 21 kanske
426 954 49 14 man
491 948 41 21 kan
548 947 22 22 fä
585 947 71 28 nägon
672 948 56 27 plats
745 947 38 21 till.
814 946 113 22 Utskottet
941 949 23 19 är
975 955 45 20 sys-

200 975 76 21 selsatt
294 977 31 19 att
344 975 116 28 öfverväga
479 976 81 27 frägan,
576 976 41 21 och
633 976 76 27 tycker
721 976 46 28 jag,
783 977 33 19 att
830 975 37 21 det
882 977 24 19 är
921 975 100 22 öfverflö-

199 1003 52 28 digt,
275 1006 32 18 att
330 1004 149 27 ridderskapet
501 1005 40 20 och
559 1004 64 21 adeln
645 1011 30 14 nu
690 1004 66 21 fattar
771 1004 74 21 vidare
861 1003 70 22 beslut
946 1006 26 19 än
989 1007 31 18 att

198 1032 44 21 låta
258 1033 65 20 saken
340 1033 62 20 anstå
418 1033 42 20 tills
477 1033 117 21 utskottets
610 1033 137 21 betänkande
762 1032 126 21 inkommer.

269 1060 158 28 Ridderskapet
441 1061 38 21 och
496 1061 61 21 adeln
572 1061 70 21 beslöt
659 1063 39 23 att,
709 1061 7 21 i
727 1061 96 27 enlighet
833 1060 48 22 med
892 1061 49 20 herr
951 1061 69 21 Ehrn-

199 1089 73 20 rooths
295 1089 87 27 förslag,
402 1089 42 20 låta
463 1089 75 28 frågan
559 1089 52 21 bero
630 1089 54 21 intill
700 1089 50 22 dess
767 1089 146 21 betänkandet
929 1089 44 21 deri
989 1089 31 21 in-

199 1117 90 21 kommit
304 1117 53 21 itrån
374 1117 113 21 utskottet.

267 1173 121 28 Föredrogs
404 1174 40 21 och
460 1174 114 21 bordlades
590 1174 32 21 till
638 1177 62 18 nästa
711 1174 160 22 sammanträde
881 1174 94 28 följande
986 1177 33 18 ut-

197 1202 235 21 skottsbetänkanden:

266 1230 246 27 bevillningsutskottets
532 1231 137 21 betänkande
688 1231 7 21 i
710 1231 116 28 anledning
842 1231 23 20 af
878 1231 78 27 nådiga
971 1237 48 22 pro-

198 1259 128 26 positionen,
342 1259 112 27 angående
473 1267 28 20 ny
521 1259 125 28 förordning
665 1267 34 14 om
720 1259 300 28 stämpelpappersafgiften
1010 1255 15 37 i

198 1287 101 26 Finland;

264 1317 32 19 ett
315 1315 135 22 betänkande
470 1316 53 21 ifrån
544 1316 108 21 allmänna
668 1316 198 21 besvärsutskottet
883 1316 4 20 i
905 1315 114 28 anledning

196 1343 22 21 af
232 1344 56 20 inom
309 1344 99 27 samtliga
428 1345 89 20 stånden
535 1345 78 21 väckta
630 1345 122 26 petitioner,
769 1345 92 20 rörande
877 1344 142 21 vidmakthål-

195 1371 73 21 landet
287 1372 39 21 och
347 1372 141 28 utvidgandet
503 1373 24 20 af
540 1373 41 21 den
597 1373 70 21 finska
682 1373 138 28 afdelningen
837 1373 34 20 vid
887 1372 132 22 normalsko-

195 1400 33 21 lan
245 1400 7 20 i
268 1399 148 29 Helsingfors;

264 1435 81 14 samma
360 1429 95 21 utskotts
472 1429 136 21 betänkande
623 1430 6 20 i
641 1429 116 28 anledning
768 1430 24 20 af
802 1429 167 21 bondeståndets
982 1435 36 21 pe-

194 1457 70 25 tition,
288 1457 111 27 angående
423 1458 150 28 omarbetning
595 1458 24 21 af
639 1465 29 13 nu
691 1458 100 28 gällande
811 1457 152 27 författningar
984 1464 34 14 om

194 1484 156 28 fattigvården;
367 1488 55 18 samt

263 1516 154 19 sammansatta
433 1517 62 19 stats-
513 1514 38 22 och
569 1514 236 22 ekonomieutskottets
817 1513 136 22 betänkande
963 1514 7 20 i
981 1520 38 14 an-
