1134 1803
207 131 42 21 118
532 134 38 14 Den
586 134 19 15 11
620 134 42 20 Maj.

249 187 56 21 Herr
329 188 158 26 Ehrnrooth,
511 190 68 20 Carl:
606 189 42 28 Jag
667 190 37 20 ber
724 192 32 18 att
771 190 21 20 få
807 190 74 20 förena
898 190 42 26 mig
956 189 48 21 med

179 217 49 19 herr
252 216 149 29 Montgomery
427 219 22 19 sä
474 218 87 27 mycket
586 225 57 13 mera
667 226 45 13 som
734 218 36 20 det
786 219 23 19 är
825 218 131 28 nödvändigt
972 220 32 19 att

179 244 111 28 härvidlag
306 248 49 24 taga
371 246 81 27 hänsyn
472 247 29 20 till
520 247 237 27 konsulsreglementet,
774 246 47 22 med
838 246 81 22 hvilket
935 247 69 21 denna

179 274 102 26 paragraf
295 274 30 20 till
342 281 26 14 en
385 274 32 21 del
435 276 44 20 stär
496 275 5 21 i
518 276 136 26 motsägelse.

248 301 57 22 Herr
318 302 143 22 Molander:
478 304 41 27 Jag
535 304 69 20 skulle
620 304 74 21 förena
707 304 42 27 mig
761 304 47 20 med
820 304 48 20 herr
879 304 123 20 Ehrnrooth

178 330 80 26 derom,
280 333 31 19 att
328 331 231 29 konsulsreglementet
574 332 64 21 äfven
656 332 66 21 borde
738 335 61 25 tagas
816 332 4 20 i
838 332 163 28 öfvervägande.

247 359 11 20 I
281 359 95 28 enlighet
399 360 88 21 härmed
506 361 69 21 beslöt
599 361 86 21 ståndet
704 363 32 18 att
755 361 157 21 återremittera
930 362 71 19 betän-

178 387 81 21 kandet
281 388 111 26 angående
412 390 25 20 72
457 390 11 27 $
488 389 30 21 till
541 390 108 21 utskottet
668 390 6 20 i
691 389 101 21 afseende
807 390 13 20 å
834 389 169 28 omredigerings

180 416 165 21 verkställande.

248 444 56 21 Utan
321 446 142 28 anmärkning
479 450 90 25 antogos
586 447 26 28 $$
629 447 90 21 76—91.

248 473 140 22 Beträffande
404 475 27 20 92
448 475 11 28 &
476 475 86 28 yttrade
578 476 33 27 sig

246 501 58 22 Herr
319 509 48 14 von
385 503 108 22 Hellens
509 505 24 26 pä
551 504 94 28 följande
661 506 53 19 sätt:
730 504 65 21 Emot
811 505 26 20 92
854 505 19 26 &,
889 505 70 20 såsom
969 508 32 17 ut-

178 531 84 20 skottet
278 531 108 28 redigerat
402 532 48 26 den,
466 533 68 20 skulle
547 533 39 27 jag
598 533 25 20 be
635 535 38 23 att,
686 533 133 20 beträffande
830 533 68 20 första
909 533 92 27 stycket,

177 559 21 21 fä
220 560 109 25 anmärka,
353 562 32 18 att
409 561 112 26 utskottet,
546 561 66 27 enligt
629 561 155 27 motiveringen
801 561 67 20 under
887 561 70 21 littera
975 561 26 26 P,

178 588 66 26 något
259 588 111 21 förändrat
385 588 26 22 de
427 589 6 21 i
450 589 75 28 nådiga
542 590 161 27 propositionen
721 590 174 20 förekommande
907 590 93 27 uttryck,

176 616 98 26 emedan,
290 617 69 20 såsom
377 618 106 20 utskottet
499 620 69 25 säger,
585 618 131 28 stadgandet
732 625 64 21 synes
814 618 67 21 böra
875 612 10 38 i
895 619 64 26 några
970 619 30 20 af-

167 644 104 21 -seenden
295 652 59 14 mera
377 646 122 28 detaljeras,
522 647 26 21 då
572 646 36 21 det
631 654 79 14 annars
729 646 71 22 kunde
817 646 34 21 vid
867 646 134 28 tillämpning

178 673 64 21 blifva
266 673 55 21 olika
345 674 130 28 uppfattadt.
508 675 111 21 Utskottet
644 676 38 20 har
696 676 85 20 derföre
797 675 92 27 indragit
905 682 26 14 en
947 676 55 20 strof

178 709 33 13 om
229 701 42 21 den
288 702 107 26 händelse,
411 706 32 17 att
459 704 64 27 något
540 704 75 20 hinder
632 704 94 21 inträffat
738 704 32 20 för
783 704 154 27 inlastningen;
953 704 46 20 der-

177 730 33 20 vid
227 729 39 21 har
281 731 108 20 utskottet
408 731 79 28 tillagt:
504 733 19 24 ,i
540 732 82 21 hvilket
638 733 35 20 fall
691 732 150 21 motsvarande
857 733 70 20 större
942 732 57 21 antal

176 758 125 28 liggedagar
324 759 39 21 bör
379 760 113 21 aflastaren
510 761 140 27 medgifvas''.
681 761 47 20 Den
745 760 118 28 ändringen
879 760 69 21 skulle
961 761 39 27 jag

176 787 32 20 för
224 787 42 20 min
283 787 33 21 del
333 794 52 15 anse
400 789 115 27 ingalunda
532 796 51 14 vara
598 797 26 13 en
640 789 130 28 förbättring
785 789 23 20 af
820 789 69 20 denna
900 789 102 28 paragraf

176 815 39 21 och
230 815 48 21 icke
290 816 67 21 heller
373 817 36 20 det
424 817 65 21 sedan
506 818 94 27 följande
616 818 108 27 tillägget:
741 825 48 18 ,,om
805 817 76 27 godset
897 818 102 20 aflemnas

176 843 84 21 sentida
276 844 51 21 eller
344 845 47 20 med
408 846 87 23 afbrott,
513 847 33 20 mä
562 847 131 27 ansträngda
709 846 101 28 ätgärder
825 847 32 20 för
873 846 48 21 dess
933 852 65 15 emoi-

175 872 93 27 tagande
284 873 47 21 icke
347 873 105 22 fordras''.
483 874 40 28 Jag
539 877 52 23 tror,
607 877 33 19 att
656 875 66 21 också
735 875 37 21 det
788 875 103 27 tillägget,
906 874 6 21 i
928 875 71 20 stället

174 901 34 20 för
230 903 32 18 att
277 901 112 28 förbättra,
405 903 114 21 försämrar
535 903 165 28 originaltexten
718 904 39 21 och
773 910 39 20 ger
829 910 44 13 rum
890 904 33 19 för
941 910 57 21 myc-

176 929 36 20 ket
229 936 59 14 mera
304 931 128 20 tvifvelsmål
449 932 39 21 och
505 932 56 21 olika
578 932 122 27 tydningar,
716 933 26 20 än
759 939 34 14 om
811 931 76 28 nådiga
904 932 95 27 proposi-

178 958 83 21 tionens
285 958 82 28 lydelse
388 960 70 21 blefve
475 962 97 26 antagen.
591 973 24 2 —
631 961 80 21 Vidare
727 960 35 21 vid
779 960 66 21 andra
861 960 85 27 stycket
962 961 37 20 ber

172 986 38 27 jag
232 986 20 21 få
268 987 95 28 förfråga
378 989 43 26 mig
438 989 23 20 af
476 989 117 20 utskottets
609 989 125 26 ledamöter,
751 989 100 20 hvarföre
867 988 110 28 uttrycket
992 989 5 20 i

175 1015 77 27 nådiga
269 1017 159 26 propositionen
445 1017 166 25 ,,befraktaren'
620 1019 24 20 är
652 1017 91 21 ändradt
755 1017 30 20 till
797 1017 149 27 ,,aflastaren'';
962 1017 37 21 det

175 1043 66 21 häller
254 1044 38 27 jag
307 1044 47 20 före
370 1046 24 19 är
409 1045 86 21 alldeles
512 1046 150 25 omotiveradt,
678 1047 130 19 åtminstone
824 1053 63 19 synes
903 1045 47 21 icke
962 1047 36 19 nå-

174 1078 40 20 gon
238 1072 69 26 grund
331 1072 4 21 i
361 1074 153 27 motiveringen
539 1074 101 27 angifven
663 1075 33 20 för
716 1076 32 19 ett
768 1074 76 21 sådant
860 1074 82 26 utbyte,
958 1074 40 21 och

174 1099 68 21 skulle
255 1100 39 27 jag
311 1103 32 18 tro
360 1104 32 18 att
408 1102 37 20 det
460 1104 23 19 är
499 1103 95 27 oriktigt,
611 1105 22 25 ty
650 1103 47 20 icke
713 1102 67 21 borde
793 1102 157 21 befälhafvaren
963 1102 34 21 vid

174 1128 111 21 fraktsluts
309 1131 141 26 uppgörande
475 1131 90 21 behöfva
588 1131 65 21 hafva
676 1131 102 21 afseende
800 1131 27 27 på
843 1131 68 27 någon
927 1137 69 14 annan

174 1157 129 20 kontrahent
326 1159 26 19 än
378 1159 142 25 befraktaren,
544 1159 40 21 och
606 1160 28 21 då
653 1159 139 21 befraktaren
808 1160 5 19 i
830 1159 25 21 de
875 1159 64 21 flesta
961 1159 35 20 fall

172 1185 48 20 icke
236 1186 24 19 är
276 1193 81 13 samme
374 1194 77 20 person
468 1195 43 13 som
528 1188 122 26 aflastaren,
666 1189 24 20 så
706 1187 68 22 skulle
788 1188 39 27 jag
838 1188 55 20 hålla
904 1188 52 26 före,
965 1191 32 17 att

173 1213 36 20 det
232 1215 23 18 är
278 1214 87 21 alldeles
385 1216 5 19 i
408 1216 95 27 enlighet
518 1216 48 21 med
583 1217 36 20 det
636 1217 85 27 riktiga,
737 1223 46 14 som
800 1216 40 21 den
856 1216 77 27 nådiga
949 1223 47 20 pro-

172 1241 121 28 positionen
317 1243 94 28 stadgar,
435 1247 32 18 att
484 1245 136 20 befraktaren
636 1247 24 18 är
676 1245 100 27 ansvarig
791 1245 39 20 och
846 1247 31 18 att
894 1244 102 21 befälhaf-

174 1277 62 14 varen
254 1271 47 20 icke
318 1272 103 21 behöfver
438 1273 55 21 hålla
508 1274 32 26 sig
555 1274 32 20 till
603 1274 122 21 aflastaren.
756 1273 124 21 Äflastaren
892 1273 41 21 kan
945 1280 52 14 vara

172 1305 25 14 en
215 1305 83 21 person,
315 1307 44 14 som
378 1301 46 21 icke
441 1308 38 14 ens
494 1302 109 24 anträffas,
620 1303 70 20 såsom
706 1302 6 20 i
729 1303 11 26 8
753 1302 25 21 95
791 1303 69 26 säges,
871 1302 39 20 och
922 1301 27 21 då
957 1302 38 20 bör

172 1327 160 22 befälhafvaren
355 1329 64 21 hafva
442 1330 102 27 rättighet
563 1333 32 18 att
610 1331 56 20 hålla
682 1331 32 27 sig
730 1331 31 20 till
780 1330 143 21 befraktaren.
953 1330 43 27 Jag

171 1355 68 21 skulle
256 1355 84 22 derföre
357 1357 26 21 be
399 1361 31 18 att
446 1359 21 20 få
483 1359 92 26 förorda,
592 1361 31 19 att
639 1359 40 20 den
691 1359 81 28 nådiga
784 1359 169 27 propositionens
964 1359 30 27 ly-

172 1384 58 21 delse
246 1385 4 19 i
268 1384 63 21 dessa
347 1387 91 26 stycken
455 1389 96 26 antages.

239 1413 58 21 Herr
320 1413 125 30 Pipping,
469 1415 118 22 Fredrik:
613 1415 63 22 Hvad
699 1416 55 21 först
771 1415 101 22 beträffar
888 1415 49 21 herr
954 1423 40 15 von

170 1440 96 21 Hellens”
282 1442 109 27 förfrågan
408 1444 30 20 till
459 1444 118 20 utskottets
596 1444 144 25 medlemmar,
758 1444 100 20 hvarföre
873 1444 30 20 uti
920 1444 75 20 betän-

171 1470 79 20 kandet
266 1470 61 21 ordet
344 1472 131 24 ,aflastare**
491 1474 24 19 är
531 1472 123 28 begagnadt
666 1473 26 27 pä
702 1473 42 20 alla
755 1472 76 20 ställen
843 1472 6 20 i
860 1473 135 27 paragrafen,

170 1498 23 20 så
209 1499 146 21 förekommer
371 1500 30 20 uti
419 1501 76 27 nådiga
511 1501 161 27 propositionen
690 1502 55 19 olika
763 1501 37 20 ord
818 1500 33 21 för
867 1508 80 13 samma
959 1501 35 20 be-

168 1533 75 21 grepp,
260 1528 23 19 sä
299 1530 32 18 att
347 1529 27 26 pä
391 1536 38 14 ena
447 1530 71 20 stället
534 1530 81 27 nyttjas
632 1530 60 20 ordet
708 1530 130 25 ,,aflastare'"
857 1529 39 21 och
915 1530 26 27 på
957 1536 37 14 an-
