1134 1803
451 118 40 16 Den
505 119 18 16 21
538 119 43 21 Maj.
855 119 40 21 209

99 175 72 19 mente
187 174 33 20 för
236 173 103 22 Finlands
355 174 63 25 bank,
435 174 39 21 och
486 174 71 22 blefvo
569 175 63 21 dessa
643 174 153 22 betänkanden
808 174 116 30 bordlagda

100 202 32 20 till
149 202 131 28 thorsdagen
296 203 39 21 den
353 204 26 20 23
397 203 50 27 Maj.

169 259 175 22 Sammanträdet
359 260 112 28 upplöstes
489 260 27 21 kl.
533 261 48 26 1,20
597 260 49 21 min.
664 260 178 28 eftermiddagen.

687 296 22 16 In
722 296 63 16 fidem:

583 324 73 20 Victor
672 324 26 21 de
713 324 21 21 la
750 324 105 28 Chapelle.

276 415 122 33 Tisdagen
415 414 47 27 den
480 413 29 28 21
525 414 49 34 Maj
595 414 29 27 kl
642 415 27 26 10
687 415 17 26 f.
722 421 32 20 m.

171 463 116 27 Upplästes
310 461 30 21 till
354 460 107 28 justering
477 460 40 21 och
533 461 125 26 godkändes
674 461 105 21 särskilda
798 462 127 27 protokolls-

103 492 79 28 utdrag
197 491 61 21 öfver
274 490 95 21 ständets
380 489 35 21 vid
427 489 170 21 sammanträdet
610 489 40 21 den
665 490 25 20 18
702 489 42 28 Maj
756 490 82 21 fattade
850 491 75 20 beslut.

172 549 123 25 Föredrogs
317 549 32 18 ett
370 547 31 20 till
427 547 60 20 detta
508 547 158 21 sammanträde
682 547 112 27 bordlagdt
810 548 79 27 förslag
905 547 22 22 af

103 578 144 27 lagutskottet
262 576 31 21 till
309 575 209 27 sammanjemkning
533 576 23 20 af
570 576 26 20 de
612 575 57 21 olika
680 576 77 24 beslut,
770 576 58 21 hvari
841 576 85 21 ständet

104 608 86 19 stannat
208 606 36 20 vid
256 604 154 27 behandlingen
421 604 22 20 af
452 603 79 27 nädiga
541 604 160 28 propositionen
714 605 111 27 angäende
836 605 90 26 ändring

105 635 6 20 i
132 634 121 28 stadgande
276 640 33 14 om
324 632 53 21 börd
393 634 56 19 samt
463 632 158 22 viderboendes
638 632 39 21 och
693 632 67 22 nabos
776 633 150 28 lösningsrätt;

103 664 41 20 och
160 663 45 21 blef
218 663 61 21 detta
294 661 79 27 förslag
389 661 22 21 af
425 660 87 22 ständet
527 661 117 27 godkändt.

173 720 122 27 Föredrogs
318 718 39 21 och
377 718 126 27 godkändes
527 718 103 21 likaledes
653 725 26 14 en
704 718 52 21 ifrän
774 721 153 18 sammansatta

104 750 64 19 stats-
184 748 39 21 och
240 747 219 22 ekonomieutskottet
475 747 124 20 inkommen
614 746 38 21 och
669 747 34 20 vid
720 750 85 18 senaste
822 754 104 14 samman-

104 777 62 21 träde
188 777 103 26 bordlagd
315 775 119 26 skrifvelse,
457 776 112 25 angäende
593 775 157 27 hänskjutande
772 776 32 20 till
824 776 104 21 förstärkt

105 805 141 22 statsutskott
268 805 23 20 af
310 804 73 27 frägan
403 810 35 14 om
457 803 193 22 blindanstalterna
667 804 4 20 i
688 804 82 27 landet;
787 805 39 20 och
843 805 84 20 komme

105 835 34 20 val
162 834 31 21 till
216 833 119 21 ledamöter
351 833 7 20 i
373 832 36 20 det
424 832 119 21 förstärkta
558 832 163 21 statsutskottet
736 835 31 18 att
784 833 34 20 vid
834 833 94 28 följande

106 863 158 20 sammanträde
281 869 39 20 ega
335 867 53 15 rum.

174 919 42 20 Till
232 919 128 26 behandling
377 918 95 26 företogs
488 917 38 21 det
542 918 30 21 till
589 918 59 21 detta
664 918 85 27 plenum
766 918 117 27 bordlagda
892 919 36 20 be-

108 947 108 22 tänkande
232 948 49 20 med
297 947 113 26 anledning
425 946 23 20 af
462 946 79 27 nådiga
557 947 162 27 propositionen
742 947 112 27 angående
871 947 57 20 kom-

107 976 205 27 munalförvaltning
327 976 6 19 i
349 975 54 25 stad,
429 975 92 27 afgifvet
543 976 23 19 af
580 975 126 21 ständernas
727 975 32 20 för
775 976 118 27 beredning
908 975 23 20 af

107 1005 61 20 detta
181 1004 80 21 ärende
272 1004 89 21 särkildt
380 1003 88 20 tillsatta
484 1003 92 25 utskott,
592 1004 40 21 och
648 1004 70 20 blefvo
734 1004 74 21 härvid
820 1004 57 21 såväl
889 1004 40 20 den

106 1033 23 21 af
148 1033 108 21 utskottet
279 1032 114 21 förordade
409 1032 102 20 rubriken
529 1033 30 20 till
576 1033 67 20 första
659 1032 89 27 kapitlet
764 1039 33 14 om
810 1033 119 20 stadskom-

106 1068 50 14 mun
173 1068 45 14 som
235 1061 40 21 ock
293 1062 8 19 1
320 1061 39 20 och
374 1061 13 20 2
403 1061 26 26 88
445 1061 68 26 enligt
529 1061 118 20 utskottets
663 1061 79 26 förslag
757 1061 121 26 godkände.

174 1089 12 20 I
202 1089 100 20 afseende
318 1089 12 21 å
345 1089 12 27 $
372 1089 12 20 3
404 1088 71 21 anhöll

175 1117 59 21 Herr
251 1125 39 13 von
315 1117 112 21 Kremer
443 1123 33 14 om
501 1117 63 21 ordet
587 1117 38 21 och
642 1117 92 27 yttrade:
764 1117 11 20 I
799 1118 12 26 8
827 1118 12 20 3
855 1119 75 25 säges:

108 1163 4 8 ,
115 1146 97 25 medlem
228 1146 26 20 af
268 1146 160 21 stadskommun
441 1147 23 19 är
481 1152 26 13 en
522 1145 59 27 hvar,
597 1152 45 14 som
658 1146 6 19 i
680 1145 74 21 staden
772 1146 38 20 har
829 1145 101 28 burskap,

107 1181 45 14 som
172 1174 62 21 idkar
254 1175 90 20 handel"
360 1181 19 14 o.
397 1181 17 13 s.
432 1181 19 13 v.
481 1174 89 27 Längre
585 1174 54 20 fram
656 1175 23 19 är
694 1174 114 27 bestämdt,
825 1176 32 19 att
872 1176 59 19 utom

108 1203 88 21 stadens
220 1203 131 21 territorium
376 1202 82 21 boende
481 1202 161 21 handtverkare
658 1203 38 20 och
713 1203 72 24 andra,
802 1210 45 13 som
863 1202 69 21 drifva

109 1231 90 26 rörelse,
223 1232 62 20 äfven
309 1232 52 20 böra
386 1231 64 20 hafva
473 1231 97 27 burskap
586 1232 6 19 i
610 1231 75 20 staden
702 1231 39 20 och
757 1232 90 20 sålunda
863 1231 68 20 skulle

110 1260 26 21 de
159 1260 67 27 enligt
247 1267 76 14 senare
347 1260 161 20 bestämningar
533 1259 86 21 komma
639 1261 31 19 att
694 1259 86 28 deltaga
803 1261 6 20 i
834 1260 40 21 alla
889 1261 42 19 sta-

108 1289 52 20 dens
184 1295 66 14 onera
272 1289 39 20 och
331 1288 94 27 utgifter.
457 1276 50 32 Men
524 1295 46 14 som
587 1289 26 20 de
628 1288 68 21 tillika
712 1288 86 21 komma
814 1291 32 18 att
861 1288 72 21 skatta

108 1317 31 21 till
151 1316 198 27 landskommunen,
365 1317 24 20 så
405 1316 70 21 blefve
491 1316 28 21 de
536 1316 158 21 underkastade
710 1323 25 14 en
747 1317 78 21 dubbel
837 1316 96 21 beskatt-

108 1346 63 27 ning;
194 1345 40 20 och
250 1345 33 21 får
296 1346 38 27 jag
349 1345 27 28 på
391 1345 69 20 denna
477 1345 70 27 grund
564 1345 76 20 förena
655 1345 43 27 mig
713 1345 5 20 i
736 1345 40 20 den
793 1345 140 26 reservation,

108 1381 46 13 som
180 1373 70 21 blifvit
272 1374 92 27 afgifven
389 1373 23 21 af
433 1373 105 21 herrarne
562 1380 40 14 von
619 1373 68 21 Essen
704 1373 38 21 och
760 1373 117 28 Dahlberg,
893 1373 39 20 och

108 1402 67 27 enligt
199 1402 82 21 hvilkas
305 1401 79 28 förslag
400 1401 131 28 paragrafen
547 1402 69 21 skulle
632 1402 60 27 lyda:
709 1402 103 26 ,,medlem
830 1402 22 21 af
866 1401 68 21 stads-

110 1431 102 19 kommun
228 1431 24 20 är
266 1437 25 13 en
304 1431 58 25 hvar,
378 1437 46 13 som
440 1432 23 18 är
479 1430 55 20 eller
550 1431 92 26 lagligen
660 1430 37 20 bör
713 1437 51 13 vara
779 1431 39 19 der
834 1430 100 20 mantals-

109 1458 101 24 skrifven,
227 1458 109 21 äfvensom
353 1458 52 21 hvar
421 1458 39 20 och
476 1465 35 19 en,
529 1458 94 25 hvilken,
640 1461 50 17 utan
707 1460 31 18 att
754 1460 67 19 vara
819 1454 15 34 i
839 1459 96 19 kommu-

110 1493 40 14 nen
176 1487 183 25 mantalskrifven,
383 1486 61 21 idkar
459 1486 87 27 handel,
562 1487 170 24 fabriksrörelse,
749 1486 119 22 handtverk
883 1485 52 21 eller

108 1522 70 14 annan
203 1515 113 21 beskattad
339 1515 77 27 näring
439 1515 56 20 inom
521 1515 77 20 staden
621 1516 51 19 eller
694 1516 49 19 dess
766 1516 95 24 område,
884 1514 53 20 eller

847 1555 20 15 14
