1134 1803
238 147 25 19 70
558 149 38 15 Den
610 150 9 14 6
633 148 43 21 Maj.

277 203 120 27 Föredrogs
413 204 39 20 och
469 206 76 25 antogs
562 206 51 18 utan
630 204 90 26 ändring
736 204 106 20 allmänna
859 204 171 20 besvärsutskot-

208 234 42 18 tets
266 232 136 21 betänkande
414 232 4 20 i
431 232 116 28 anledning
563 232 23 21 af
599 233 34 20 vid
646 232 70 21 denna
730 232 102 26 landtdag
846 232 63 20 väckt
920 232 110 27 petitions-

208 260 80 28 förslag
303 268 33 13 om
353 261 147 27 upprensning
515 262 23 20 af
553 261 105 21 särskilda
674 261 93 21 farleder
783 261 5 20 i
805 261 36 20 det
857 262 46 19 inre
918 262 23 19 af
952 260 79 21 landet.

277 317 121 28 Föredrogs
414 318 201 27 sjölagsutskottets
632 318 31 20 till
680 318 87 20 ståndet
783 318 101 20 inkomna
897 318 134 20 betänkande

208 346 5 19 i
230 346 114 27 anledning
360 347 23 20 af
398 346 26 21 H.
442 346 25 21 K.
485 346 72 28 Maj:ts
574 346 78 27 nådiga
668 347 133 27 proposition
818 346 111 27 angående
946 353 27 20 ny
989 346 42 27 sjö-

209 373 34 28 lag
258 374 32 20 för
306 374 97 21 Finland.
430 375 160 27 Ridderskapet
607 375 39 21 och
663 375 61 20 adeln
743 375 68 20 beslöt
825 377 32 18 att
869 374 115 27 bordlägga
996 375 34 19 be-

208 402 118 21 tänkandet
343 403 29 20 till
390 403 169 22 sammanträdet
575 403 102 28 lördagen
695 403 40 21 den
754 404 23 20 11
798 403 48 28 Maj.

279 459 59 21 Efter
354 460 72 21 derom
447 461 67 20 skedd
534 461 98 20 anmälan
652 461 123 20 företrädde
792 467 24 14 en
834 460 125 27 deputation
976 459 54 21 ifrån

209 488 166 27 presteståndet,
392 489 75 21 anförd
484 489 23 20 af
521 492 87 24 prosten
625 489 67 27 Hjelt,
710 489 86 20 hvilken
813 487 124 22 meddelade
951 488 79 21 ridder-

208 517 77 26 skapet
301 517 39 20 och
357 517 70 26 adeln,
443 520 33 18 att
492 518 161 26 presteständet
675 519 72 19 ansett
764 517 32 27 sig
811 517 134 20 förhindradt
957 519 30 18 att
1001 517 29 20 till

208 545 159 27 handläggning
383 549 95 24 upptaga
493 546 233 21 ekonomieutskottets
744 545 135 21 betänkande
895 546 6 19 i
917 545 114 26 anledning

208 572 23 21 af
247 573 26 20 11.
291 573 26 21 K.
336 574 71 26 Maj:ts
423 574 76 28 nådiga
516 574 140 28 proposition,
672 574 112 27 angående
800 574 91 26 ändring
902 573 23 21 af
933 573 96 28 grunden

208 601 33 20 för
257 602 172 28 tolagsafgiftens
453 603 144 24 beräknande,
614 603 53 20 intill
684 602 48 21 dess
748 609 78 20 genom
845 602 103 20 förstärkt
967 604 64 18 stats-

208 630 83 20 utskott
308 630 69 21 blifvit
393 631 100 28 afgjordt,
507 631 102 21 huruvida
622 632 47 20 icke
682 638 26 14 en
720 632 34 20 del
766 631 22 20 af
798 638 80 13 samma
891 630 58 28 tolag
961 630 70 20 kunde

208 659 109 20 användas
334 659 31 20 till
382 660 91 27 lindring
484 660 22 20 af
520 660 25 20 de
562 660 83 20 städers
662 662 73 25 tunga,
752 666 46 14 som
816 662 55 18 mest
887 661 36 19 äro
940 659 47 21 med
999 659 31 19 in-

209 687 124 27 qvartering
349 688 128 27 betungade.

278 715 71 21 Sedan
371 716 48 20 herr
443 716 195 21 landtmarskalken
656 718 10 19 å
683 716 97 21 ständets
806 718 81 24 vägnar
912 716 71 20 tackat
999 716 32 19 för

208 743 36 20 det
260 743 75 28 gjorda
360 744 149 21 meddelandet
528 745 40 20 och
587 745 33 20 för
639 745 153 26 deputationen
810 743 172 28 tillkännagifvit,
999 746 32 18 att

210 771 148 28 ridderskapet
379 773 38 20 och
433 773 62 21 adeln
516 773 63 21 redan
600 773 83 27 antagit
702 773 233 20 ekonomicutskottets
954 772 77 27 ifråga-

210 801 91 20 varande
319 801 143 27 betänkande,
479 801 96 21 afträdde
592 801 160 28 deputationen.

278 857 104 28 Slutligen
405 858 111 27 föredrogs
540 859 39 20 och
604 859 114 20 bordlades
738 858 29 20 till
785 858 170 27 morgondagens
976 865 54 12 sam-

209 885 110 21 manträde
343 886 231 21 riddarhusutskottets
599 887 135 20 betänkande
750 887 5 20 i
773 886 116 27 anledning
909 886 24 20 af
950 886 81 21 riddar-

209 913 189 22 husdirektionens
417 915 80 28 förslag
513 915 30 20 till
562 915 132 27 reglemente
713 915 33 20 för
766 915 70 27 adliga
852 915 177 27 jungfrustiftsin-

210 942 121 27 rättningen
348 943 5 20 i
371 943 98 27 Finland,
485 944 127 27 sälydande:

266 993 76 28 Förslag
357 995 26 20 till
399 995 114 26 Reglemente
528 995 29 22 för
566 995 35 21 Ad-
694 995 75 27 Förslag
783 995 27 21 till
821 995 48 27 nytt
879 995 113 27 Reglemente
1004 995 29 21 för

208 1022 37 27 liga
263 1022 252 29 Jungfvustiftsinrättningen
534 1024 5 20 i
559 1024 42 21 Fin-

208 1051 50 25 land,
271 1051 57 26 gifvet
338 1051 21 21 af
367 1051 70 21 landets
447 1052 111 27 Ridderskap
569 1052 32 21 och

208 1079 43 20 Adel
267 1079 5 20 i
288 1079 111 31 Helsingfors
415 1080 32 21 den
550 1080 51 21 1872.

238 1113 11 26 8
270 1114 15 18 1.
316 1112 130 22 Andamälet
466 1114 47 20 med
532 1113 70 28 adliga

206 1140 303 29 jungfrustiftsinrättningen,
536 1142 65 21 sädan

209 1169 125 20 densamma
345 1170 32 20 för
390 1171 131 20 närvarande
534 1171 68 20 finnes

209 1197 145 27 organiserad,
371 1200 23 19 är
408 1200 31 19 att
456 1199 78 20 bereda
547 1200 55 19 oför-

210 1225 72 28 sörjda
301 1227 83 19 döttrar
399 1227 23 20 af
437 1227 39 20 den
494 1228 11 19 &
521 1227 81 21 riddar-

209 1253 63 21 huset
295 1254 6 20 i
325 1254 91 21 Finland
439 1255 163 21 introducerade

209 1282 61 20 adeln
294 1282 83 21 tillfälle
397 1283 30 20 till
444 1283 121 22 erhållande
582 1284 22 20 af

210 1311 52 20 visst
279 1311 63 26 årligt
356 1311 117 21 understöd
489 1313 51 20 eller
552 1320 50 19 pen-

209 1339 53 20 sion.
279 1339 108 27 Medgifva
397 1340 156 28 inrättningens
563 1341 40 20 till-

208 1368 81 26 gångar
317 1368 114 20 tramdeles
459 1369 49 20 dess
533 1369 69 20 utvid-

208 1395 77 28 gande,
306 1396 33 20 mä
355 1395 40 21 den
412 1397 68 20 tillika
497 1397 63 21 blifva
576 1404 26 14 en

208 1424 158 27 uppfostrings-
390 1425 38 20 och
452 1425 150 28 försörjnings-

208 1452 81 21 anstalt
297 1452 33 20 för
336 1452 116 22 medellösa
461 1453 70 28 adliga
539 1454 63 27 jung-

208 1480 51 20 frur.

237 1509 11 26 8
273 1510 19 19 2.
325 1508 78 28 Adliga
424 1510 178 27 jungfrustiftsin-

208 1537 122 27 rättningen
345 1538 45 19 stär
401 1538 68 21 under
481 1538 121 21 riddarhus-

636 1023 63 27 Adliga
710 1023 251 27 Jungfrustiftsinrättningen
973 1024 5 20 i
989 1024 42 21 Fin-

639 1052 48 24 land,
699 1052 57 26 gifvet
767 1052 22 21 af
797 1052 70 20 landets
876 1052 112 27 Ridderskap
999 1052 32 20 och

637 1080 42 21 Adel
695 1080 6 20 i
716 1080 112 27 Helsingfors
844 1080 32 21 den
980 1080 51 21 1872.

667 1114 12 26 8
696 1115 18 20 1.
736 1114 54 20 Lika
808 1113 47 21 med
867 1114 133 21 motstäende
1012 1114 19 27 8.

668 1512 12 25 8
705 1512 18 19 2.
756 1510 75 27 Adliga
853 1509 178 28 jungfrustiftsin-

640 1540 121 26 rättningen
775 1540 45 19 stär
832 1538 67 21 under
911 1538 120 21 riddarhus-
