<?xml version="1.0" encoding="UTF-8"?>
<alto xmlns="http://www.loc.gov/standards/alto/ns-v3#" xmlns:xlink="http://www.w3.org/1999/xlink" xmlns:xsi="http://www.w3.org/2001/XMLSchema-instance" xsi:schemaLocation="http://www.loc.gov/standards/alto/ns-v3# http://www.loc.gov/alto/v3/alto-3-0.xsd">
	<Description>
		<MeasurementUnit>pixel</MeasurementUnit>
		<sourceImageInformation>
			<fileName>/tmp/tess_2asmot40_input.PNG</fileName>
		</sourceImageInformation>
		<OCRProcessing ID="OCR_0">
			<ocrProcessingStep>
				<processingSoftware>
					<softwareName>tesseract 5.3.4</softwareName>
				</processingSoftware>
			</ocrProcessingStep>
		</OCRProcessing>
	</Description>
	<Layout>
		<Page WIDTH="1123" HEIGHT="1817" PHYSICAL_IMG_NR="0" ID="page_0">
			<PrintSpace HPOS="0" VPOS="0" WIDTH="1123" HEIGHT="1817">
				<ComposedBlock ID="cblock_0" HPOS="424" VPOS="146" WIDTH="461" HEIGHT="28">
					<TextBlock ID="block_0" HPOS="424" VPOS="146" WIDTH="461" HEIGHT="28">
						<TextLine ID="line_0" HPOS="424" VPOS="146" WIDTH="461" HEIGHT="28">
							<String ID="string_0" HPOS="424" VPOS="152" WIDTH="27" HEIGHT="17" WC="0.95" CONTENT="30"/><SP WIDTH="12" VPOS="152" HPOS="451"/>
							<String ID="string_1" HPOS="463" VPOS="157" WIDTH="19" HEIGHT="17" WC="0.93" CONTENT="p."/><SP WIDTH="12" VPOS="157" HPOS="482"/>
							<String ID="string_2" HPOS="494" VPOS="152" WIDTH="84" HEIGHT="18" WC="0.91" CONTENT="Huhtik."/><SP WIDTH="264" VPOS="152" HPOS="578"/>
							<String ID="string_3" HPOS="842" VPOS="146" WIDTH="43" HEIGHT="22" WC="0.96" CONTENT="529"/>
						</TextLine>
					</TextBlock>
				</ComposedBlock>
				<ComposedBlock ID="cblock_1" HPOS="91" VPOS="211" WIDTH="827" HEIGHT="1316">
					<TextBlock ID="block_1" HPOS="91" VPOS="211" WIDTH="823" HEIGHT="164">
						<TextLine ID="line_1" HPOS="91" VPOS="211" WIDTH="821" HEIGHT="28">
							<String ID="string_4" HPOS="91" VPOS="211" WIDTH="50" HEIGHT="22" WC="0.93" CONTENT="dess"/><SP WIDTH="15" VPOS="211" HPOS="141"/>
							<String ID="string_5" HPOS="156" VPOS="212" WIDTH="110" HEIGHT="26" WC="0.90" CONTENT="pluralitet"/><SP WIDTH="14" VPOS="212" HPOS="266"/>
							<String ID="string_6" HPOS="280" VPOS="212" WIDTH="95" HEIGHT="21" WC="0.96" CONTENT="kommer"/><SP WIDTH="15" VPOS="212" HPOS="375"/>
							<String ID="string_7" HPOS="390" VPOS="214" WIDTH="31" HEIGHT="19" WC="0.96" CONTENT="att"/><SP WIDTH="15" VPOS="214" HPOS="421"/>
							<String ID="string_8" HPOS="436" VPOS="212" WIDTH="27" HEIGHT="27" WC="0.96" CONTENT="pä"/><SP WIDTH="14" VPOS="212" HPOS="463"/>
							<String ID="string_9" HPOS="477" VPOS="212" WIDTH="94" HEIGHT="27" WC="0.93" CONTENT="kyrkans"/><SP WIDTH="14" VPOS="212" HPOS="571"/>
							<String ID="string_10" HPOS="585" VPOS="214" WIDTH="78" HEIGHT="25" WC="0.93" CONTENT="vägnar"/><SP WIDTH="15" VPOS="214" HPOS="663"/>
							<String ID="string_11" HPOS="678" VPOS="212" WIDTH="53" HEIGHT="26" WC="0.92" CONTENT="hysa"/><SP WIDTH="14" VPOS="212" HPOS="731"/>
							<String ID="string_12" HPOS="745" VPOS="212" WIDTH="48" HEIGHT="22" WC="0.93" CONTENT="äträ"/><SP WIDTH="14" VPOS="212" HPOS="793"/>
							<String ID="string_13" HPOS="807" VPOS="212" WIDTH="54" HEIGHT="22" WC="0.93" CONTENT="efter"/><SP WIDTH="15" VPOS="212" HPOS="861"/>
							<String ID="string_14" HPOS="876" VPOS="219" WIDTH="36" HEIGHT="14" WC="0.93" CONTENT="ex-"/>
						</TextLine>
						<TextLine ID="line_2" HPOS="92" VPOS="240" WIDTH="821" HEIGHT="27">
							<String ID="string_15" HPOS="92" VPOS="240" WIDTH="245" HEIGHT="27" WC="0.90" CONTENT="kommunikationsrätt,"/><SP WIDTH="23" VPOS="240" HPOS="337"/>
							<String ID="string_16" HPOS="360" VPOS="241" WIDTH="24" HEIGHT="21" WC="0.95" CONTENT="sä"/><SP WIDTH="22" VPOS="241" HPOS="384"/>
							<String ID="string_17" HPOS="406" VPOS="240" WIDTH="66" HEIGHT="22" WC="0.92" CONTENT="borde"/><SP WIDTH="23" VPOS="240" HPOS="472"/>
							<String ID="string_18" HPOS="495" VPOS="241" WIDTH="116" HEIGHT="22" WC="0.94" CONTENT="detsamma"/><SP WIDTH="19" VPOS="241" HPOS="611"/>
							<String ID="string_19" HPOS="630" VPOS="241" WIDTH="47" HEIGHT="21" WC="0.96" CONTENT="icke"/><SP WIDTH="15" VPOS="241" HPOS="677"/>
							<String ID="string_20" HPOS="692" VPOS="240" WIDTH="23" HEIGHT="22" WC="0.95" CONTENT="få"/><SP WIDTH="14" VPOS="240" HPOS="715"/>
							<String ID="string_21" HPOS="729" VPOS="240" WIDTH="59" HEIGHT="22" WC="0.93" CONTENT="stifta"/><SP WIDTH="14" VPOS="240" HPOS="788"/>
							<String ID="string_22" HPOS="802" VPOS="240" WIDTH="111" HEIGHT="27" WC="0.96" CONTENT="kyrkolag."/>
						</TextLine>
						<TextLine ID="line_3" HPOS="91" VPOS="268" WIDTH="823" HEIGHT="28">
							<String ID="string_23" HPOS="91" VPOS="268" WIDTH="31" HEIGHT="26" WC="0.93" CONTENT="Ty"/><SP WIDTH="16" VPOS="268" HPOS="122"/>
							<String ID="string_24" HPOS="138" VPOS="269" WIDTH="78" HEIGHT="21" WC="0.92" CONTENT="bannet"/><SP WIDTH="13" VPOS="269" HPOS="216"/>
							<String ID="string_25" HPOS="229" VPOS="270" WIDTH="57" HEIGHT="20" WC="0.96" CONTENT="inom"/><SP WIDTH="16" VPOS="270" HPOS="286"/>
							<String ID="string_26" HPOS="302" VPOS="275" WIDTH="26" HEIGHT="15" WC="0.93" CONTENT="en"/><SP WIDTH="15" VPOS="275" HPOS="328"/>
							<String ID="string_27" HPOS="343" VPOS="269" WIDTH="127" HEIGHT="27" WC="0.91" CONTENT="statskyrka,"/><SP WIDTH="20" VPOS="269" HPOS="470"/>
							<String ID="string_28" HPOS="490" VPOS="270" WIDTH="80" HEIGHT="21" WC="0.92" CONTENT="bannet"/><SP WIDTH="15" VPOS="270" HPOS="570"/>
							<String ID="string_29" HPOS="585" VPOS="270" WIDTH="38" HEIGHT="20" WC="0.96" CONTENT="der"/><SP WIDTH="18" VPOS="270" HPOS="623"/>
							<String ID="string_30" HPOS="641" VPOS="270" WIDTH="63" HEIGHT="26" WC="0.96" CONTENT="ingen"/><SP WIDTH="15" VPOS="270" HPOS="704"/>
							<String ID="string_31" HPOS="719" VPOS="269" WIDTH="65" HEIGHT="21" WC="0.93" CONTENT="frihet"/><SP WIDTH="14" VPOS="269" HPOS="784"/>
							<String ID="string_32" HPOS="798" VPOS="268" WIDTH="67" HEIGHT="22" WC="0.90" CONTENT="finnes"/><SP WIDTH="15" VPOS="268" HPOS="865"/>
							<String ID="string_33" HPOS="880" VPOS="271" WIDTH="34" HEIGHT="19" WC="0.96" CONTENT="att"/>
						</TextLine>
						<TextLine ID="line_4" HPOS="91" VPOS="297" WIDTH="822" HEIGHT="27">
							<String ID="string_34" HPOS="91" VPOS="297" WIDTH="60" HEIGHT="21" WC="0.95" CONTENT="stifta"/><SP WIDTH="23" VPOS="297" HPOS="151"/>
							<String ID="string_35" HPOS="174" VPOS="303" WIDTH="41" HEIGHT="20" WC="0.93" CONTENT="nya"/><SP WIDTH="21" VPOS="303" HPOS="215"/>
							<String ID="string_36" HPOS="236" VPOS="297" WIDTH="173" HEIGHT="27" WC="0.91" CONTENT="kyrkosamfund,"/><SP WIDTH="23" VPOS="297" HPOS="409"/>
							<String ID="string_37" HPOS="432" VPOS="300" WIDTH="24" HEIGHT="18" WC="0.96" CONTENT="är"/><SP WIDTH="22" VPOS="300" HPOS="456"/>
							<String ID="string_38" HPOS="478" VPOS="305" WIDTH="27" HEIGHT="14" WC="0.93" CONTENT="en"/><SP WIDTH="15" VPOS="305" HPOS="505"/>
							<String ID="string_39" HPOS="520" VPOS="298" WIDTH="124" HEIGHT="26" WC="0.93" CONTENT="förkastelig"/><SP WIDTH="15" VPOS="298" HPOS="644"/>
							<String ID="string_40" HPOS="659" VPOS="298" WIDTH="108" HEIGHT="26" WC="0.90" CONTENT="gvarlefva"/><SP WIDTH="14" VPOS="298" HPOS="767"/>
							<String ID="string_41" HPOS="781" VPOS="297" WIDTH="47" HEIGHT="22" WC="0.92" CONTENT="frän"/><SP WIDTH="15" VPOS="297" HPOS="828"/>
							<String ID="string_42" HPOS="843" VPOS="298" WIDTH="70" HEIGHT="26" WC="0.96" CONTENT="gamla"/>
						</TextLine>
						<TextLine ID="line_5" HPOS="92" VPOS="325" WIDTH="821" HEIGHT="29">
							<String ID="string_43" HPOS="92" VPOS="326" WIDTH="66" HEIGHT="21" WC="0.92" CONTENT="tiders"/><SP WIDTH="22" VPOS="326" HPOS="158"/>
							<String ID="string_44" HPOS="180" VPOS="325" WIDTH="99" HEIGHT="27" WC="0.91" CONTENT="religiösa"/><SP WIDTH="24" VPOS="325" HPOS="279"/>
							<String ID="string_45" HPOS="303" VPOS="326" WIDTH="182" HEIGHT="26" WC="0.91" CONTENT="ofördragsamhet"/><SP WIDTH="22" VPOS="326" HPOS="485"/>
							<String ID="string_46" HPOS="507" VPOS="326" WIDTH="39" HEIGHT="22" WC="0.93" CONTENT="och"/><SP WIDTH="19" VPOS="326" HPOS="546"/>
							<String ID="string_47" HPOS="565" VPOS="326" WIDTH="124" HEIGHT="28" WC="0.91" CONTENT="magtbegär"/><SP WIDTH="15" VPOS="326" HPOS="689"/>
							<String ID="string_48" HPOS="704" VPOS="326" WIDTH="67" HEIGHT="22" WC="0.93" CONTENT="under"/><SP WIDTH="15" VPOS="326" HPOS="771"/>
							<String ID="string_49" HPOS="786" VPOS="326" WIDTH="127" HEIGHT="27" WC="0.93" CONTENT="religionens"/>
						</TextLine>
						<TextLine ID="line_6" HPOS="93" VPOS="354" WIDTH="136" HEIGHT="21">
							<String ID="string_50" HPOS="93" VPOS="354" WIDTH="136" HEIGHT="21" WC="0.96" CONTENT="täckmantel."/>
						</TextLine>
					</TextBlock>
					<TextBlock ID="block_2" HPOS="91" VPOS="382" WIDTH="823" HEIGHT="200">
						<TextLine ID="line_7" HPOS="160" VPOS="382" WIDTH="753" HEIGHT="28">
							<String ID="string_51" HPOS="160" VPOS="382" WIDTH="67" HEIGHT="22" WC="0.92" CONTENT="Sannt"/><SP WIDTH="14" VPOS="382" HPOS="227"/>
							<String ID="string_52" HPOS="241" VPOS="384" WIDTH="25" HEIGHT="20" WC="0.96" CONTENT="är"/><SP WIDTH="14" VPOS="384" HPOS="266"/>
							<String ID="string_53" HPOS="280" VPOS="384" WIDTH="32" HEIGHT="20" WC="0.96" CONTENT="att"/><SP WIDTH="15" VPOS="384" HPOS="312"/>
							<String ID="string_54" HPOS="327" VPOS="383" WIDTH="63" HEIGHT="27" WC="0.96" CONTENT="ingen"/><SP WIDTH="14" VPOS="383" HPOS="390"/>
							<String ID="string_55" HPOS="404" VPOS="385" WIDTH="56" HEIGHT="19" WC="0.96" CONTENT="ännu"/><SP WIDTH="15" VPOS="385" HPOS="460"/>
							<String ID="string_56" HPOS="475" VPOS="383" WIDTH="42" HEIGHT="22" WC="0.96" CONTENT="kan"/><SP WIDTH="15" VPOS="383" HPOS="517"/>
							<String ID="string_57" HPOS="532" VPOS="386" WIDTH="51" HEIGHT="24" WC="0.96" CONTENT="säga"/><SP WIDTH="14" VPOS="386" HPOS="583"/>
							<String ID="string_58" HPOS="597" VPOS="383" WIDTH="54" HEIGHT="21" WC="0.93" CONTENT="huru"/><SP WIDTH="15" VPOS="383" HPOS="651"/>
							<String ID="string_59" HPOS="666" VPOS="382" WIDTH="120" HEIGHT="23" WC="0.92" CONTENT="beskaffadt"/><SP WIDTH="15" VPOS="382" HPOS="786"/>
							<String ID="string_60" HPOS="801" VPOS="383" WIDTH="112" HEIGHT="27" WC="0.92" CONTENT="kyrkomö-"/>
						</TextLine>
						<TextLine ID="line_8" HPOS="91" VPOS="412" WIDTH="822" HEIGHT="27">
							<String ID="string_61" HPOS="91" VPOS="413" WIDTH="32" HEIGHT="20" WC="0.95" CONTENT="tet"/><SP WIDTH="21" VPOS="413" HPOS="123"/>
							<String ID="string_62" HPOS="144" VPOS="412" WIDTH="96" HEIGHT="21" WC="0.95" CONTENT="kommer"/><SP WIDTH="22" VPOS="412" HPOS="240"/>
							<String ID="string_63" HPOS="262" VPOS="413" WIDTH="31" HEIGHT="20" WC="0.96" CONTENT="att"/><SP WIDTH="21" VPOS="413" HPOS="293"/>
							<String ID="string_64" HPOS="314" VPOS="412" WIDTH="72" HEIGHT="21" WC="0.91" CONTENT="blifva."/><SP WIDTH="30" VPOS="412" HPOS="386"/>
							<String ID="string_65" HPOS="416" VPOS="412" WIDTH="49" HEIGHT="21" WC="0.96" CONTENT="Men"/><SP WIDTH="23" VPOS="412" HPOS="465"/>
							<String ID="string_66" HPOS="488" VPOS="413" WIDTH="24" HEIGHT="21" WC="0.96" CONTENT="så"/><SP WIDTH="22" VPOS="413" HPOS="512"/>
							<String ID="string_67" HPOS="534" VPOS="412" WIDTH="85" HEIGHT="27" WC="0.96" CONTENT="mycket"/><SP WIDTH="14" VPOS="412" HPOS="619"/>
							<String ID="string_68" HPOS="633" VPOS="412" WIDTH="81" HEIGHT="22" WC="0.96" CONTENT="mindre"/><SP WIDTH="15" VPOS="412" HPOS="714"/>
							<String ID="string_69" HPOS="729" VPOS="412" WIDTH="46" HEIGHT="22" WC="0.96" CONTENT="skäl"/><SP WIDTH="15" VPOS="412" HPOS="775"/>
							<String ID="string_70" HPOS="790" VPOS="412" WIDTH="68" HEIGHT="21" WC="0.96" CONTENT="finnes"/><SP WIDTH="22" VPOS="412" HPOS="858"/>
							<String ID="string_71" HPOS="880" VPOS="413" WIDTH="33" HEIGHT="20" WC="0.96" CONTENT="att"/>
						</TextLine>
						<TextLine ID="line_9" HPOS="92" VPOS="440" WIDTH="820" HEIGHT="28">
							<String ID="string_72" HPOS="92" VPOS="441" WIDTH="95" HEIGHT="21" WC="0.92" CONTENT="anförtro"/><SP WIDTH="24" VPOS="441" HPOS="187"/>
							<String ID="string_73" HPOS="211" VPOS="441" WIDTH="36" HEIGHT="21" WC="0.95" CONTENT="det"/><SP WIDTH="23" VPOS="441" HPOS="247"/>
							<String ID="string_74" HPOS="270" VPOS="447" WIDTH="25" HEIGHT="15" WC="0.93" CONTENT="en"/><SP WIDTH="23" VPOS="447" HPOS="295"/>
							<String ID="string_75" HPOS="318" VPOS="440" WIDTH="106" HEIGHT="27" WC="0.93" CONTENT="rättighet,"/><SP WIDTH="24" VPOS="440" HPOS="424"/>
							<String ID="string_76" HPOS="448" VPOS="446" WIDTH="45" HEIGHT="16" WC="0.93" CONTENT="som"/><SP WIDTH="16" VPOS="446" HPOS="493"/>
							<String ID="string_77" HPOS="509" VPOS="440" WIDTH="182" HEIGHT="28" WC="0.89" CONTENT="grundlagsenligt"/><SP WIDTH="15" VPOS="440" HPOS="691"/>
							<String ID="string_78" HPOS="706" VPOS="441" WIDTH="129" HEIGHT="21" WC="0.92" CONTENT="tillkommer"/><SP WIDTH="15" VPOS="441" HPOS="835"/>
							<String ID="string_79" HPOS="850" VPOS="442" WIDTH="62" HEIGHT="20" WC="0.91" CONTENT="stats-"/>
						</TextLine>
						<TextLine ID="line_10" HPOS="92" VPOS="469" WIDTH="822" HEIGHT="27">
							<String ID="string_80" HPOS="92" VPOS="471" WIDTH="116" HEIGHT="25" WC="0.89" CONTENT="magterna."/><SP WIDTH="30" VPOS="471" HPOS="208"/>
							<String ID="string_81" HPOS="238" VPOS="469" WIDTH="43" HEIGHT="21" WC="0.95" CONTENT="Det"/><SP WIDTH="15" VPOS="469" HPOS="281"/>
							<String ID="string_82" HPOS="296" VPOS="469" WIDTH="67" HEIGHT="21" WC="0.96" CONTENT="finnes"/><SP WIDTH="15" VPOS="469" HPOS="363"/>
							<String ID="string_83" HPOS="378" VPOS="470" WIDTH="24" HEIGHT="21" WC="0.96" CONTENT="så"/><SP WIDTH="14" VPOS="470" HPOS="402"/>
							<String ID="string_84" HPOS="416" VPOS="469" WIDTH="83" HEIGHT="27" WC="0.96" CONTENT="mycket"/><SP WIDTH="15" VPOS="469" HPOS="499"/>
							<String ID="string_85" HPOS="514" VPOS="470" WIDTH="81" HEIGHT="21" WC="0.96" CONTENT="mindre"/><SP WIDTH="15" VPOS="470" HPOS="595"/>
							<String ID="string_86" HPOS="610" VPOS="470" WIDTH="46" HEIGHT="21" WC="0.96" CONTENT="skäl"/><SP WIDTH="15" VPOS="470" HPOS="656"/>
							<String ID="string_87" HPOS="671" VPOS="471" WIDTH="32" HEIGHT="20" WC="0.96" CONTENT="att"/><SP WIDTH="14" VPOS="471" HPOS="703"/>
							<String ID="string_88" HPOS="717" VPOS="470" WIDTH="32" HEIGHT="20" WC="0.96" CONTENT="till"/><SP WIDTH="16" VPOS="470" HPOS="749"/>
							<String ID="string_89" HPOS="765" VPOS="476" WIDTH="26" HEIGHT="15" WC="0.96" CONTENT="en"/><SP WIDTH="10" VPOS="476" HPOS="791"/>
							<String ID="string_90" HPOS="801" VPOS="469" WIDTH="113" HEIGHT="21" WC="0.96" CONTENT="inskränkt"/>
						</TextLine>
						<TextLine ID="line_11" HPOS="91" VPOS="497" WIDTH="823" HEIGHT="28">
							<String ID="string_91" HPOS="91" VPOS="498" WIDTH="125" HEIGHT="27" WC="0.93" CONTENT="församling"/><SP WIDTH="15" VPOS="498" HPOS="216"/>
							<String ID="string_92" HPOS="231" VPOS="497" WIDTH="56" HEIGHT="22" WC="0.92" CONTENT="afstå"/><SP WIDTH="15" VPOS="497" HPOS="287"/>
							<String ID="string_93" HPOS="302" VPOS="498" WIDTH="69" HEIGHT="21" WC="0.96" CONTENT="denna"/><SP WIDTH="15" VPOS="498" HPOS="371"/>
							<String ID="string_94" HPOS="386" VPOS="498" WIDTH="92" HEIGHT="27" WC="0.96" CONTENT="dyrbara"/><SP WIDTH="14" VPOS="498" HPOS="478"/>
							<String ID="string_95" HPOS="492" VPOS="498" WIDTH="108" HEIGHT="27" WC="0.96" CONTENT="rättighet,"/><SP WIDTH="16" VPOS="498" HPOS="600"/>
							<String ID="string_96" HPOS="616" VPOS="505" WIDTH="45" HEIGHT="15" WC="0.95" CONTENT="som"/><SP WIDTH="16" VPOS="505" HPOS="661"/>
							<String ID="string_97" HPOS="677" VPOS="499" WIDTH="122" HEIGHT="21" WC="0.96" CONTENT="densamma"/><SP WIDTH="14" VPOS="499" HPOS="799"/>
							<String ID="string_98" HPOS="813" VPOS="498" WIDTH="23" HEIGHT="21" WC="0.93" CONTENT="af"/><SP WIDTH="14" VPOS="498" HPOS="836"/>
							<String ID="string_99" HPOS="850" VPOS="499" WIDTH="64" HEIGHT="21" WC="0.91" CONTENT="stats-"/>
						</TextLine>
						<TextLine ID="line_12" HPOS="92" VPOS="526" WIDTH="821" HEIGHT="28">
							<String ID="string_100" HPOS="92" VPOS="528" WIDTH="110" HEIGHT="25" WC="0.91" CONTENT="magterna"/><SP WIDTH="23" VPOS="528" HPOS="202"/>
							<String ID="string_101" HPOS="225" VPOS="528" WIDTH="71" HEIGHT="20" WC="0.95" CONTENT="senast"/><SP WIDTH="15" VPOS="528" HPOS="296"/>
							<String ID="string_102" HPOS="311" VPOS="526" WIDTH="69" HEIGHT="22" WC="0.93" CONTENT="blifvit"/><SP WIDTH="15" VPOS="526" HPOS="380"/>
							<String ID="string_103" HPOS="395" VPOS="526" WIDTH="108" HEIGHT="22" WC="0.91" CONTENT="handhafd"/><SP WIDTH="15" VPOS="526" HPOS="503"/>
							<String ID="string_104" HPOS="518" VPOS="527" WIDTH="32" HEIGHT="21" WC="0.96" CONTENT="till"/><SP WIDTH="15" VPOS="527" HPOS="550"/>
							<String ID="string_105" HPOS="565" VPOS="528" WIDTH="114" HEIGHT="21" WC="0.96" CONTENT="nationens"/><SP WIDTH="15" VPOS="528" HPOS="679"/>
							<String ID="string_106" HPOS="694" VPOS="527" WIDTH="95" HEIGHT="27" WC="0.93" CONTENT="verkliga"/><SP WIDTH="14" VPOS="527" HPOS="789"/>
							<String ID="string_107" HPOS="803" VPOS="526" WIDTH="110" HEIGHT="22" WC="0.91" CONTENT="förkofran"/>
						</TextLine>
						<TextLine ID="line_13" HPOS="92" VPOS="555" WIDTH="361" HEIGHT="27">
							<String ID="string_108" HPOS="92" VPOS="556" WIDTH="7" HEIGHT="20" WC="0.96" CONTENT="i"/><SP WIDTH="15" VPOS="556" HPOS="99"/>
							<String ID="string_109" HPOS="114" VPOS="555" WIDTH="84" HEIGHT="27" WC="0.96" CONTENT="kristlig"/><SP WIDTH="14" VPOS="555" HPOS="198"/>
							<String ID="string_110" HPOS="212" VPOS="555" WIDTH="128" HEIGHT="27" WC="0.96" CONTENT="upplysning"/><SP WIDTH="15" VPOS="555" HPOS="340"/>
							<String ID="string_111" HPOS="355" VPOS="556" WIDTH="40" HEIGHT="20" WC="0.96" CONTENT="och"/><SP WIDTH="15" VPOS="556" HPOS="395"/>
							<String ID="string_112" HPOS="410" VPOS="556" WIDTH="43" HEIGHT="21" WC="0.95" CONTENT="sed."/>
						</TextLine>
					</TextBlock>
					<TextBlock ID="block_3" HPOS="92" VPOS="583" WIDTH="824" HEIGHT="372">
						<TextLine ID="line_14" HPOS="160" VPOS="583" WIDTH="754" HEIGHT="28">
							<String ID="string_113" HPOS="160" VPOS="584" WIDTH="31" HEIGHT="27" WC="0.95" CONTENT="Ty"/><SP WIDTH="22" VPOS="584" HPOS="191"/>
							<String ID="string_114" HPOS="213" VPOS="584" WIDTH="35" HEIGHT="21" WC="0.95" CONTENT="det"/><SP WIDTH="15" VPOS="584" HPOS="248"/>
							<String ID="string_115" HPOS="263" VPOS="584" WIDTH="7" HEIGHT="21" WC="0.96" CONTENT="i"/><SP WIDTH="15" VPOS="584" HPOS="270"/>
							<String ID="string_116" HPOS="285" VPOS="583" WIDTH="67" HEIGHT="22" WC="0.96" CONTENT="nåder"/><SP WIDTH="14" VPOS="583" HPOS="352"/>
							<String ID="string_117" HPOS="366" VPOS="584" WIDTH="119" HEIGHT="27" WC="0.96" CONTENT="framlagda"/><SP WIDTH="16" VPOS="584" HPOS="485"/>
							<String ID="string_118" HPOS="501" VPOS="584" WIDTH="38" HEIGHT="22" WC="0.95" CONTENT="och"/><SP WIDTH="16" VPOS="584" HPOS="539"/>
							<String ID="string_119" HPOS="555" VPOS="584" WIDTH="22" HEIGHT="22" WC="0.96" CONTENT="af"/><SP WIDTH="14" VPOS="584" HPOS="577"/>
							<String ID="string_120" HPOS="591" VPOS="584" WIDTH="82" HEIGHT="22" WC="0.93" CONTENT="landets"/><SP WIDTH="16" VPOS="584" HPOS="673"/>
							<String ID="string_121" HPOS="689" VPOS="584" WIDTH="91" HEIGHT="22" WC="0.91" CONTENT="Ständer"/><SP WIDTH="16" VPOS="584" HPOS="780"/>
							<String ID="string_122" HPOS="796" VPOS="586" WIDTH="54" HEIGHT="19" WC="0.93" CONTENT="nära"/><SP WIDTH="14" VPOS="586" HPOS="850"/>
							<String ID="string_123" HPOS="864" VPOS="584" WIDTH="50" HEIGHT="21" WC="0.88" CONTENT="full-"/>
						</TextLine>
						<TextLine ID="line_15" HPOS="92" VPOS="612" WIDTH="822" HEIGHT="28">
							<String ID="string_124" HPOS="92" VPOS="612" WIDTH="94" HEIGHT="28" WC="0.96" CONTENT="ständigt"/><SP WIDTH="22" VPOS="612" HPOS="186"/>
							<String ID="string_125" HPOS="208" VPOS="614" WIDTH="93" HEIGHT="26" WC="0.93" CONTENT="antagna"/><SP WIDTH="22" VPOS="614" HPOS="301"/>
							<String ID="string_126" HPOS="323" VPOS="612" WIDTH="217" HEIGHT="28" WC="0.92" CONTENT="kyrkolagsförslaget"/><SP WIDTH="23" VPOS="612" HPOS="540"/>
							<String ID="string_127" HPOS="563" VPOS="616" WIDTH="24" HEIGHT="18" WC="0.96" CONTENT="är"/><SP WIDTH="15" VPOS="616" HPOS="587"/>
							<String ID="string_128" HPOS="602" VPOS="614" WIDTH="6" HEIGHT="20" WC="0.96" CONTENT="i"/><SP WIDTH="17" VPOS="614" HPOS="608"/>
							<String ID="string_129" HPOS="625" VPOS="613" WIDTH="31" HEIGHT="26" WC="0.96" CONTENT="sig"/><SP WIDTH="15" VPOS="613" HPOS="656"/>
							<String ID="string_130" HPOS="671" VPOS="613" WIDTH="48" HEIGHT="26" WC="0.96" CONTENT="sjelf"/><SP WIDTH="14" VPOS="613" HPOS="719"/>
							<String ID="string_131" HPOS="733" VPOS="615" WIDTH="31" HEIGHT="19" WC="0.96" CONTENT="ett"/><SP WIDTH="15" VPOS="615" HPOS="764"/>
							<String ID="string_132" HPOS="779" VPOS="612" WIDTH="88" HEIGHT="22" WC="0.93" CONTENT="vackert"/><SP WIDTH="15" VPOS="612" HPOS="867"/>
							<String ID="string_133" HPOS="882" VPOS="613" WIDTH="32" HEIGHT="21" WC="0.92" CONTENT="in-"/>
						</TextLine>
						<TextLine ID="line_16" HPOS="92" VPOS="640" WIDTH="822" HEIGHT="28">
							<String ID="string_134" HPOS="92" VPOS="644" WIDTH="43" HEIGHT="24" WC="0.95" CONTENT="tyg,"/><SP WIDTH="23" VPOS="644" HPOS="135"/>
							<String ID="string_135" HPOS="158" VPOS="643" WIDTH="33" HEIGHT="19" WC="0.95" CONTENT="att"/><SP WIDTH="23" VPOS="643" HPOS="191"/>
							<String ID="string_136" HPOS="214" VPOS="642" WIDTH="40" HEIGHT="20" WC="0.96" CONTENT="den"/><SP WIDTH="22" VPOS="642" HPOS="254"/>
							<String ID="string_137" HPOS="276" VPOS="642" WIDTH="24" HEIGHT="20" WC="0.96" CONTENT="så"/><SP WIDTH="22" VPOS="642" HPOS="300"/>
							<String ID="string_138" HPOS="322" VPOS="641" WIDTH="70" HEIGHT="22" WC="0.93" CONTENT="blifvit"/><SP WIDTH="22" VPOS="641" HPOS="392"/>
							<String ID="string_139" HPOS="414" VPOS="642" WIDTH="114" HEIGHT="21" WC="0.91" CONTENT="handhafd."/><SP WIDTH="16" VPOS="642" HPOS="528"/>
							<String ID="string_140" HPOS="544" VPOS="654" WIDTH="26" HEIGHT="2" WC="0.91" CONTENT="—"/><SP WIDTH="16" VPOS="654" HPOS="570"/>
							<String ID="string_141" HPOS="586" VPOS="642" WIDTH="40" HEIGHT="21" WC="0.96" CONTENT="Låt"/><SP WIDTH="23" VPOS="642" HPOS="626"/>
							<String ID="string_142" HPOS="649" VPOS="648" WIDTH="50" HEIGHT="14" WC="0.95" CONTENT="vara"/><SP WIDTH="15" VPOS="648" HPOS="699"/>
							<String ID="string_143" HPOS="714" VPOS="644" WIDTH="31" HEIGHT="19" WC="0.96" CONTENT="att"/><SP WIDTH="16" VPOS="644" HPOS="745"/>
							<String ID="string_144" HPOS="761" VPOS="642" WIDTH="58" HEIGHT="21" WC="0.96" CONTENT="detta"/><SP WIDTH="15" VPOS="642" HPOS="819"/>
							<String ID="string_145" HPOS="834" VPOS="640" WIDTH="80" HEIGHT="28" WC="0.96" CONTENT="förslag"/>
						</TextLine>
						<TextLine ID="line_17" HPOS="92" VPOS="670" WIDTH="823" HEIGHT="27">
							<String ID="string_146" HPOS="92" VPOS="672" WIDTH="56" HEIGHT="19" WC="0.96" CONTENT="ännu"/><SP WIDTH="22" VPOS="672" HPOS="148"/>
							<String ID="string_147" HPOS="170" VPOS="670" WIDTH="64" HEIGHT="26" WC="0.95" CONTENT="hyser"/><SP WIDTH="22" VPOS="670" HPOS="234"/>
							<String ID="string_148" HPOS="256" VPOS="671" WIDTH="46" HEIGHT="21" WC="0.96" CONTENT="sina"/><SP WIDTH="22" VPOS="671" HPOS="302"/>
							<String ID="string_149" HPOS="324" VPOS="670" WIDTH="84" HEIGHT="27" WC="0.95" CONTENT="brister,"/><SP WIDTH="21" VPOS="670" HPOS="408"/>
							<String ID="string_150" HPOS="429" VPOS="670" WIDTH="36" HEIGHT="22" WC="0.96" CONTENT="det"/><SP WIDTH="19" VPOS="670" HPOS="465"/>
							<String ID="string_151" HPOS="484" VPOS="672" WIDTH="24" HEIGHT="19" WC="0.97" CONTENT="är"/><SP WIDTH="13" VPOS="672" HPOS="508"/>
							<String ID="string_152" HPOS="521" VPOS="671" WIDTH="24" HEIGHT="26" WC="0.93" CONTENT="ju"/><SP WIDTH="15" VPOS="671" HPOS="545"/>
							<String ID="string_153" HPOS="560" VPOS="670" WIDTH="161" HEIGHT="22" WC="0.90" CONTENT="menniskoverk"/><SP WIDTH="16" VPOS="670" HPOS="721"/>
							<String ID="string_154" HPOS="737" VPOS="670" WIDTH="39" HEIGHT="22" WC="0.93" CONTENT="och"/><SP WIDTH="15" VPOS="670" HPOS="776"/>
							<String ID="string_155" HPOS="791" VPOS="670" WIDTH="124" HEIGHT="21" WC="0.91" CONTENT="menniskor"/>
						</TextLine>
						<TextLine ID="line_18" HPOS="92" VPOS="698" WIDTH="822" HEIGHT="28">
							<String ID="string_156" HPOS="92" VPOS="700" WIDTH="73" HEIGHT="20" WC="0.96" CONTENT="kunna"/><SP WIDTH="22" VPOS="700" HPOS="165"/>
							<String ID="string_157" HPOS="187" VPOS="698" WIDTH="75" HEIGHT="27" WC="0.96" CONTENT="finnas,"/><SP WIDTH="23" VPOS="698" HPOS="262"/>
							<String ID="string_158" HPOS="285" VPOS="704" WIDTH="45" HEIGHT="16" WC="0.96" CONTENT="som"/><SP WIDTH="22" VPOS="704" HPOS="330"/>
							<String ID="string_159" HPOS="352" VPOS="705" WIDTH="66" HEIGHT="21" WC="0.93" CONTENT="gerna"/><SP WIDTH="22" VPOS="705" HPOS="418"/>
							<String ID="string_160" HPOS="440" VPOS="699" WIDTH="50" HEIGHT="27" WC="0.92" CONTENT="såge"/><SP WIDTH="16" VPOS="699" HPOS="490"/>
							<String ID="string_161" HPOS="506" VPOS="701" WIDTH="56" HEIGHT="19" WC="0.96" CONTENT="ännu"/><SP WIDTH="15" VPOS="701" HPOS="562"/>
							<String ID="string_162" HPOS="577" VPOS="700" WIDTH="69" HEIGHT="20" WC="0.96" CONTENT="större"/><SP WIDTH="14" VPOS="700" HPOS="646"/>
							<String ID="string_163" HPOS="660" VPOS="699" WIDTH="77" HEIGHT="21" WC="0.93" CONTENT="brister"/><SP WIDTH="16" VPOS="699" HPOS="737"/>
							<String ID="string_164" HPOS="753" VPOS="699" WIDTH="51" HEIGHT="21" WC="0.91" CONTENT="deri."/><SP WIDTH="30" VPOS="699" HPOS="804"/>
							<String ID="string_165" HPOS="834" VPOS="698" WIDTH="42" HEIGHT="22" WC="0.96" CONTENT="Det"/><SP WIDTH="15" VPOS="698" HPOS="876"/>
							<String ID="string_166" HPOS="891" VPOS="700" WIDTH="23" HEIGHT="19" WC="0.96" CONTENT="är"/>
						</TextLine>
						<TextLine ID="line_19" HPOS="92" VPOS="727" WIDTH="823" HEIGHT="27">
							<String ID="string_167" HPOS="92" VPOS="728" WIDTH="65" HEIGHT="21" WC="0.96" CONTENT="likväl"/><SP WIDTH="22" VPOS="728" HPOS="157"/>
							<String ID="string_168" HPOS="179" VPOS="728" WIDTH="24" HEIGHT="21" WC="0.93" CONTENT="så"/><SP WIDTH="21" VPOS="728" HPOS="203"/>
							<String ID="string_169" HPOS="224" VPOS="727" WIDTH="99" HEIGHT="27" WC="0.90" CONTENT="uppfyldt"/><SP WIDTH="21" VPOS="727" HPOS="323"/>
							<String ID="string_170" HPOS="344" VPOS="728" WIDTH="24" HEIGHT="21" WC="0.95" CONTENT="af"/><SP WIDTH="20" VPOS="728" HPOS="368"/>
							<String ID="string_171" HPOS="388" VPOS="729" WIDTH="31" HEIGHT="20" WC="0.96" CONTENT="ett"/><SP WIDTH="23" VPOS="729" HPOS="419"/>
							<String ID="string_172" HPOS="442" VPOS="728" WIDTH="90" HEIGHT="26" WC="0.93" CONTENT="upplyst,"/><SP WIDTH="23" VPOS="728" HPOS="532"/>
							<String ID="string_173" HPOS="555" VPOS="727" WIDTH="111" HEIGHT="27" WC="0.92" CONTENT="försonligt"/><SP WIDTH="23" VPOS="727" HPOS="666"/>
							<String ID="string_174" HPOS="689" VPOS="728" WIDTH="40" HEIGHT="20" WC="0.92" CONTENT="och"/><SP WIDTH="15" VPOS="728" HPOS="729"/>
							<String ID="string_175" HPOS="744" VPOS="729" WIDTH="63" HEIGHT="20" WC="0.92" CONTENT="sannt"/><SP WIDTH="14" VPOS="729" HPOS="807"/>
							<String ID="string_176" HPOS="821" VPOS="728" WIDTH="94" HEIGHT="26" WC="0.91" CONTENT="kristligt"/>
						</TextLine>
						<TextLine ID="line_20" HPOS="92" VPOS="756" WIDTH="824" HEIGHT="26">
							<String ID="string_177" HPOS="92" VPOS="757" WIDTH="116" HEIGHT="25" WC="0.96" CONTENT="tänkesätt,"/><SP WIDTH="23" VPOS="757" HPOS="208"/>
							<String ID="string_178" HPOS="231" VPOS="759" WIDTH="32" HEIGHT="18" WC="0.96" CONTENT="att"/><SP WIDTH="23" VPOS="759" HPOS="263"/>
							<String ID="string_179" HPOS="286" VPOS="756" WIDTH="35" HEIGHT="22" WC="0.96" CONTENT="det"/><SP WIDTH="22" VPOS="756" HPOS="321"/>
							<String ID="string_180" HPOS="343" VPOS="756" WIDTH="47" HEIGHT="22" WC="0.96" CONTENT="icke"/><SP WIDTH="22" VPOS="756" HPOS="390"/>
							<String ID="string_181" HPOS="412" VPOS="756" WIDTH="56" HEIGHT="22" WC="0.96" CONTENT="blott"/><SP WIDTH="17" VPOS="756" HPOS="468"/>
							<String ID="string_182" HPOS="485" VPOS="756" WIDTH="95" HEIGHT="22" WC="0.95" CONTENT="kommer"/><SP WIDTH="15" VPOS="756" HPOS="580"/>
							<String ID="string_183" HPOS="595" VPOS="758" WIDTH="32" HEIGHT="20" WC="0.96" CONTENT="att"/><SP WIDTH="15" VPOS="758" HPOS="627"/>
							<String ID="string_184" HPOS="642" VPOS="756" WIDTH="81" HEIGHT="22" WC="0.96" CONTENT="skänka"/><SP WIDTH="15" VPOS="756" HPOS="723"/>
							<String ID="string_185" HPOS="738" VPOS="756" WIDTH="87" HEIGHT="26" WC="0.96" CONTENT="odödlig"/><SP WIDTH="15" VPOS="756" HPOS="825"/>
							<String ID="string_186" HPOS="840" VPOS="758" WIDTH="37" HEIGHT="19" WC="0.96" CONTENT="ära"/><SP WIDTH="16" VPOS="758" HPOS="877"/>
							<String ID="string_187" HPOS="893" VPOS="756" WIDTH="23" HEIGHT="20" WC="0.96" CONTENT="åt"/>
						</TextLine>
						<TextLine ID="line_21" HPOS="93" VPOS="784" WIDTH="822" HEIGHT="28">
							<String ID="string_188" HPOS="93" VPOS="785" WIDTH="26" HEIGHT="21" WC="0.93" CONTENT="de"/><SP WIDTH="15" VPOS="785" HPOS="119"/>
							<String ID="string_189" HPOS="134" VPOS="785" WIDTH="96" HEIGHT="27" WC="0.92" CONTENT="högsinte"/><SP WIDTH="16" VPOS="785" HPOS="230"/>
							<String ID="string_190" HPOS="246" VPOS="787" WIDTH="54" HEIGHT="24" WC="0.96" CONTENT="män,"/><SP WIDTH="17" VPOS="787" HPOS="300"/>
							<String ID="string_191" HPOS="317" VPOS="785" WIDTH="63" HEIGHT="21" WC="0.96" CONTENT="hvars"/><SP WIDTH="15" VPOS="785" HPOS="380"/>
							<String ID="string_192" HPOS="395" VPOS="784" WIDTH="52" HEIGHT="22" WC="0.96" CONTENT="verk"/><SP WIDTH="15" VPOS="784" HPOS="447"/>
							<String ID="string_193" HPOS="462" VPOS="785" WIDTH="36" HEIGHT="21" WC="0.93" CONTENT="det"/><SP WIDTH="14" VPOS="785" HPOS="498"/>
							<String ID="string_194" HPOS="512" VPOS="785" WIDTH="185" HEIGHT="26" WC="0.92" CONTENT="hufvudsakligast"/><SP WIDTH="15" VPOS="785" HPOS="697"/>
							<String ID="string_195" HPOS="712" VPOS="787" WIDTH="29" HEIGHT="24" WC="0.96" CONTENT="är,"/><SP WIDTH="20" VPOS="787" HPOS="741"/>
							<String ID="string_196" HPOS="761" VPOS="786" WIDTH="50" HEIGHT="20" WC="0.96" CONTENT="utan"/><SP WIDTH="17" VPOS="786" HPOS="811"/>
							<String ID="string_197" HPOS="828" VPOS="784" WIDTH="39" HEIGHT="22" WC="0.96" CONTENT="ock"/><SP WIDTH="14" VPOS="784" HPOS="867"/>
							<String ID="string_198" HPOS="881" VPOS="784" WIDTH="34" HEIGHT="21" WC="0.96" CONTENT="för"/>
						</TextLine>
						<TextLine ID="line_22" HPOS="94" VPOS="812" WIDTH="821" HEIGHT="28">
							<String ID="string_199" HPOS="94" VPOS="814" WIDTH="35" HEIGHT="20" WC="0.96" CONTENT="det"/><SP WIDTH="15" VPOS="814" HPOS="129"/>
							<String ID="string_200" HPOS="144" VPOS="813" WIDTH="68" HEIGHT="21" WC="0.96" CONTENT="finska"/><SP WIDTH="15" VPOS="813" HPOS="212"/>
							<String ID="string_201" HPOS="227" VPOS="813" WIDTH="75" HEIGHT="27" WC="0.96" CONTENT="folket,"/><SP WIDTH="24" VPOS="813" HPOS="302"/>
							<String ID="string_202" HPOS="326" VPOS="820" WIDTH="44" HEIGHT="15" WC="0.96" CONTENT="som"/><SP WIDTH="16" VPOS="820" HPOS="370"/>
							<String ID="string_203" HPOS="386" VPOS="820" WIDTH="74" HEIGHT="20" WC="0.96" CONTENT="genom"/><SP WIDTH="16" VPOS="820" HPOS="460"/>
							<String ID="string_204" HPOS="476" VPOS="814" WIDTH="46" HEIGHT="20" WC="0.95" CONTENT="sina"/><SP WIDTH="16" VPOS="814" HPOS="522"/>
							<String ID="string_205" HPOS="538" VPOS="814" WIDTH="79" HEIGHT="21" WC="0.95" CONTENT="ombud"/><SP WIDTH="16" VPOS="814" HPOS="617"/>
							<String ID="string_206" HPOS="633" VPOS="814" WIDTH="65" HEIGHT="20" WC="0.95" CONTENT="redan"/><SP WIDTH="15" VPOS="814" HPOS="698"/>
							<String ID="string_207" HPOS="713" VPOS="813" WIDTH="104" HEIGHT="21" WC="0.96" CONTENT="förklarat"/><SP WIDTH="14" VPOS="813" HPOS="817"/>
							<String ID="string_208" HPOS="831" VPOS="814" WIDTH="32" HEIGHT="26" WC="0.93" CONTENT="sig"/><SP WIDTH="14" VPOS="814" HPOS="863"/>
							<String ID="string_209" HPOS="877" VPOS="812" WIDTH="38" HEIGHT="22" WC="0.92" CONTENT="vil-"/>
						</TextLine>
						<TextLine ID="line_23" HPOS="93" VPOS="842" WIDTH="822" HEIGHT="27">
							<String ID="string_210" HPOS="93" VPOS="842" WIDTH="39" HEIGHT="26" WC="0.96" CONTENT="ligt"/><SP WIDTH="17" VPOS="842" HPOS="132"/>
							<String ID="string_211" HPOS="149" VPOS="844" WIDTH="31" HEIGHT="19" WC="0.93" CONTENT="att"/><SP WIDTH="14" VPOS="844" HPOS="180"/>
							<String ID="string_212" HPOS="194" VPOS="842" WIDTH="88" HEIGHT="26" WC="0.92" CONTENT="tillegna"/><SP WIDTH="16" VPOS="842" HPOS="282"/>
							<String ID="string_213" HPOS="298" VPOS="842" WIDTH="32" HEIGHT="26" WC="0.96" CONTENT="sig"/><SP WIDTH="15" VPOS="842" HPOS="330"/>
							<String ID="string_214" HPOS="345" VPOS="843" WIDTH="48" HEIGHT="21" WC="0.96" CONTENT="dess"/><SP WIDTH="16" VPOS="843" HPOS="393"/>
							<String ID="string_215" HPOS="409" VPOS="842" WIDTH="55" HEIGHT="21" WC="0.96" CONTENT="anda"/><SP WIDTH="15" VPOS="842" HPOS="464"/>
							<String ID="string_216" HPOS="479" VPOS="842" WIDTH="39" HEIGHT="21" WC="0.96" CONTENT="och"/><SP WIDTH="15" VPOS="842" HPOS="518"/>
							<String ID="string_217" HPOS="533" VPOS="842" WIDTH="100" HEIGHT="25" WC="0.96" CONTENT="innehåll,"/><SP WIDTH="16" VPOS="842" HPOS="633"/>
							<String ID="string_218" HPOS="649" VPOS="844" WIDTH="62" HEIGHT="25" WC="0.96" CONTENT="utgör"/><SP WIDTH="16" VPOS="844" HPOS="711"/>
							<String ID="string_219" HPOS="727" VPOS="843" WIDTH="58" HEIGHT="21" WC="0.96" CONTENT="detta"/><SP WIDTH="15" VPOS="843" HPOS="785"/>
							<String ID="string_220" HPOS="800" VPOS="842" WIDTH="115" HEIGHT="26" WC="0.96" CONTENT="lagförslag"/>
						</TextLine>
						<TextLine ID="line_24" HPOS="92" VPOS="870" WIDTH="823" HEIGHT="28">
							<String ID="string_221" HPOS="92" VPOS="873" WIDTH="32" HEIGHT="19" WC="0.96" CONTENT="ett"/><SP WIDTH="15" VPOS="873" HPOS="124"/>
							<String ID="string_222" HPOS="139" VPOS="871" WIDTH="109" HEIGHT="26" WC="0.88" CONTENT="verkligen"/><SP WIDTH="22" VPOS="871" HPOS="248"/>
							<String ID="string_223" HPOS="270" VPOS="870" WIDTH="132" HEIGHT="22" WC="0.88" CONTENT="fullbordadt"/><SP WIDTH="14" VPOS="870" HPOS="402"/>
							<String ID="string_224" HPOS="416" VPOS="871" WIDTH="39" HEIGHT="21" WC="0.96" CONTENT="och"/><SP WIDTH="21" VPOS="871" HPOS="455"/>
							<String ID="string_225" HPOS="476" VPOS="870" WIDTH="157" HEIGHT="27" WC="0.95" CONTENT="betydelsefullt"/><SP WIDTH="14" VPOS="870" HPOS="633"/>
							<String ID="string_226" HPOS="647" VPOS="870" WIDTH="101" HEIGHT="28" WC="0.96" CONTENT="framsteg"/><SP WIDTH="15" VPOS="870" HPOS="748"/>
							<String ID="string_227" HPOS="763" VPOS="870" WIDTH="27" HEIGHT="27" WC="0.93" CONTENT="på"/><SP WIDTH="16" VPOS="870" HPOS="790"/>
							<String ID="string_228" HPOS="806" VPOS="871" WIDTH="109" HEIGHT="26" WC="0.91" CONTENT="odlingens"/>
						</TextLine>
						<TextLine ID="line_25" HPOS="93" VPOS="898" WIDTH="822" HEIGHT="28">
							<String ID="string_229" HPOS="93" VPOS="899" WIDTH="39" HEIGHT="21" WC="0.95" CONTENT="och"/><SP WIDTH="15" VPOS="899" HPOS="132"/>
							<String ID="string_230" HPOS="147" VPOS="899" WIDTH="103" HEIGHT="21" WC="0.96" CONTENT="frihetens"/><SP WIDTH="15" VPOS="899" HPOS="250"/>
							<String ID="string_231" HPOS="265" VPOS="901" WIDTH="45" HEIGHT="25" WC="0.92" CONTENT="väg."/><SP WIDTH="31" VPOS="901" HPOS="310"/>
							<String ID="string_232" HPOS="341" VPOS="899" WIDTH="75" HEIGHT="21" WC="0.88" CONTENT="Låtom"/><SP WIDTH="16" VPOS="899" HPOS="416"/>
							<String ID="string_233" HPOS="432" VPOS="905" WIDTH="33" HEIGHT="15" WC="0.96" CONTENT="oss"/><SP WIDTH="16" VPOS="905" HPOS="465"/>
							<String ID="string_234" HPOS="481" VPOS="900" WIDTH="76" HEIGHT="20" WC="0.96" CONTENT="endast"/><SP WIDTH="14" VPOS="900" HPOS="557"/>
							<String ID="string_235" HPOS="571" VPOS="899" WIDTH="64" HEIGHT="22" WC="0.96" CONTENT="vakta"/><SP WIDTH="15" VPOS="899" HPOS="635"/>
							<String ID="string_236" HPOS="650" VPOS="905" WIDTH="33" HEIGHT="15" WC="0.96" CONTENT="oss"/><SP WIDTH="16" VPOS="905" HPOS="683"/>
							<String ID="string_237" HPOS="699" VPOS="899" WIDTH="33" HEIGHT="21" WC="0.96" CONTENT="för"/><SP WIDTH="15" VPOS="899" HPOS="732"/>
							<String ID="string_238" HPOS="747" VPOS="900" WIDTH="32" HEIGHT="20" WC="0.96" CONTENT="att"/><SP WIDTH="14" VPOS="900" HPOS="779"/>
							<String ID="string_239" HPOS="793" VPOS="905" WIDTH="75" HEIGHT="21" WC="0.93" CONTENT="genom"/><SP WIDTH="10" VPOS="905" HPOS="868"/>
							<String ID="string_240" HPOS="878" VPOS="898" WIDTH="37" HEIGHT="22" WC="0.90" CONTENT="nå-"/>
						</TextLine>
						<TextLine ID="line_26" HPOS="93" VPOS="928" WIDTH="823" HEIGHT="27">
							<String ID="string_241" HPOS="93" VPOS="930" WIDTH="37" HEIGHT="25" WC="0.92" CONTENT="got"/><SP WIDTH="11" VPOS="930" HPOS="130"/>
							<String ID="string_242" HPOS="141" VPOS="928" WIDTH="120" HEIGHT="21" WC="0.92" CONTENT="förhastadt"/><SP WIDTH="13" VPOS="928" HPOS="261"/>
							<String ID="string_243" HPOS="274" VPOS="929" WIDTH="46" HEIGHT="25" WC="0.96" CONTENT="steg"/><SP WIDTH="11" VPOS="929" HPOS="320"/>
							<String ID="string_244" HPOS="331" VPOS="928" WIDTH="7" HEIGHT="21" WC="0.96" CONTENT="i"/><SP WIDTH="11" VPOS="928" HPOS="338"/>
							<String ID="string_245" HPOS="349" VPOS="929" WIDTH="86" HEIGHT="20" WC="0.96" CONTENT="motsatt"/><SP WIDTH="10" VPOS="929" HPOS="435"/>
							<String ID="string_246" HPOS="445" VPOS="928" WIDTH="93" HEIGHT="26" WC="0.96" CONTENT="riktning"/><SP WIDTH="13" VPOS="928" HPOS="538"/>
							<String ID="string_247" HPOS="551" VPOS="929" WIDTH="56" HEIGHT="20" WC="0.96" CONTENT="sätta"/><SP WIDTH="13" VPOS="929" HPOS="607"/>
							<String ID="string_248" HPOS="620" VPOS="934" WIDTH="25" HEIGHT="15" WC="0.96" CONTENT="en"/><SP WIDTH="13" VPOS="934" HPOS="645"/>
							<String ID="string_249" HPOS="658" VPOS="928" WIDTH="55" HEIGHT="20" WC="0.91" CONTENT="fläck"/><SP WIDTH="13" VPOS="928" HPOS="713"/>
							<String ID="string_250" HPOS="726" VPOS="928" WIDTH="29" HEIGHT="27" WC="0.96" CONTENT="på"/><SP WIDTH="10" VPOS="928" HPOS="755"/>
							<String ID="string_251" HPOS="765" VPOS="928" WIDTH="68" HEIGHT="21" WC="0.96" CONTENT="denna"/><SP WIDTH="10" VPOS="928" HPOS="833"/>
							<String ID="string_252" HPOS="843" VPOS="928" WIDTH="73" HEIGHT="20" WC="0.96" CONTENT="heder."/>
						</TextLine>
					</TextBlock>
					<TextBlock ID="block_4" HPOS="92" VPOS="955" WIDTH="824" HEIGHT="229">
						<TextLine ID="line_27" HPOS="162" VPOS="955" WIDTH="754" HEIGHT="29">
							<String ID="string_253" HPOS="162" VPOS="956" WIDTH="50" HEIGHT="21" WC="0.96" CONTENT="Men"/><SP WIDTH="16" VPOS="956" HPOS="212"/>
							<String ID="string_254" HPOS="228" VPOS="962" WIDTH="34" HEIGHT="15" WC="0.95" CONTENT="om"/><SP WIDTH="14" VPOS="962" HPOS="262"/>
							<String ID="string_255" HPOS="276" VPOS="962" WIDTH="29" HEIGHT="16" WC="0.93" CONTENT="nu"/><SP WIDTH="15" VPOS="962" HPOS="305"/>
							<String ID="string_256" HPOS="320" VPOS="958" WIDTH="164" HEIGHT="26" WC="0.91" CONTENT="statsmagterna"/><SP WIDTH="14" VPOS="958" HPOS="484"/>
							<String ID="string_257" HPOS="498" VPOS="958" WIDTH="46" HEIGHT="20" WC="0.96" CONTENT="visa"/><SP WIDTH="14" VPOS="958" HPOS="544"/>
							<String ID="string_258" HPOS="558" VPOS="957" WIDTH="32" HEIGHT="26" WC="0.96" CONTENT="sig"/><SP WIDTH="15" VPOS="957" HPOS="590"/>
							<String ID="string_259" HPOS="605" VPOS="957" WIDTH="8" HEIGHT="21" WC="0.93" CONTENT="i"/><SP WIDTH="14" VPOS="957" HPOS="613"/>
							<String ID="string_260" HPOS="627" VPOS="956" WIDTH="42" HEIGHT="22" WC="0.93" CONTENT="allo"/><SP WIDTH="15" VPOS="956" HPOS="669"/>
							<String ID="string_261" HPOS="684" VPOS="956" WIDTH="104" HEIGHT="27" WC="0.96" CONTENT="befogade"/><SP WIDTH="15" VPOS="956" HPOS="788"/>
							<String ID="string_262" HPOS="803" VPOS="959" WIDTH="31" HEIGHT="19" WC="0.93" CONTENT="att"/><SP WIDTH="16" VPOS="959" HPOS="834"/>
							<String ID="string_263" HPOS="850" VPOS="955" WIDTH="66" HEIGHT="22" WC="0.92" CONTENT="hand-"/>
						</TextLine>
						<TextLine ID="line_28" HPOS="93" VPOS="985" WIDTH="821" HEIGHT="27">
							<String ID="string_264" HPOS="93" VPOS="985" WIDTH="63" HEIGHT="22" WC="0.96" CONTENT="hafva"/><SP WIDTH="22" VPOS="985" HPOS="156"/>
							<String ID="string_265" HPOS="178" VPOS="986" WIDTH="94" HEIGHT="25" WC="0.93" CONTENT="kyrkans"/><SP WIDTH="22" VPOS="986" HPOS="272"/>
							<String ID="string_266" HPOS="294" VPOS="985" WIDTH="139" HEIGHT="27" WC="0.92" CONTENT="lagstiftning,"/><SP WIDTH="19" VPOS="985" HPOS="433"/>
							<String ID="string_267" HPOS="452" VPOS="996" WIDTH="24" HEIGHT="3" WC="0.91" CONTENT="—"/><SP WIDTH="18" VPOS="996" HPOS="476"/>
							<String ID="string_268" HPOS="494" VPOS="986" WIDTH="39" HEIGHT="20" WC="0.96" CONTENT="och"/><SP WIDTH="21" VPOS="986" HPOS="533"/>
							<String ID="string_269" HPOS="554" VPOS="985" WIDTH="24" HEIGHT="21" WC="0.96" CONTENT="så"/><SP WIDTH="22" VPOS="985" HPOS="578"/>
							<String ID="string_270" HPOS="600" VPOS="985" WIDTH="61" HEIGHT="27" WC="0.96" CONTENT="länge"/><SP WIDTH="15" VPOS="985" HPOS="661"/>
							<String ID="string_271" HPOS="676" VPOS="985" WIDTH="81" HEIGHT="27" WC="0.96" CONTENT="kyrkan"/><SP WIDTH="16" VPOS="985" HPOS="757"/>
							<String ID="string_272" HPOS="773" VPOS="986" WIDTH="24" HEIGHT="20" WC="0.96" CONTENT="är"/><SP WIDTH="15" VPOS="986" HPOS="797"/>
							<String ID="string_273" HPOS="812" VPOS="992" WIDTH="26" HEIGHT="14" WC="0.93" CONTENT="en"/><SP WIDTH="15" VPOS="992" HPOS="838"/>
							<String ID="string_274" HPOS="853" VPOS="986" WIDTH="61" HEIGHT="20" WC="0.91" CONTENT="stats-"/>
						</TextLine>
						<TextLine ID="line_29" HPOS="93" VPOS="1013" WIDTH="823" HEIGHT="28">
							<String ID="string_275" HPOS="93" VPOS="1014" WIDTH="74" HEIGHT="27" WC="0.96" CONTENT="kyrka,"/><SP WIDTH="23" VPOS="1014" HPOS="167"/>
							<String ID="string_276" HPOS="190" VPOS="1014" WIDTH="43" HEIGHT="21" WC="0.96" CONTENT="kan"/><SP WIDTH="23" VPOS="1014" HPOS="233"/>
							<String ID="string_277" HPOS="256" VPOS="1014" WIDTH="69" HEIGHT="22" WC="0.96" CONTENT="denna"/><SP WIDTH="15" VPOS="1014" HPOS="325"/>
							<String ID="string_278" HPOS="340" VPOS="1013" WIDTH="127" HEIGHT="27" WC="0.96" CONTENT="befogenhet"/><SP WIDTH="15" VPOS="1013" HPOS="467"/>
							<String ID="string_279" HPOS="482" VPOS="1014" WIDTH="18" HEIGHT="26" WC="0.95" CONTENT="ej"/><SP WIDTH="16" VPOS="1014" HPOS="500"/>
							<String ID="string_280" HPOS="516" VPOS="1015" WIDTH="67" HEIGHT="21" WC="0.96" CONTENT="sättas"/><SP WIDTH="15" VPOS="1015" HPOS="583"/>
							<String ID="string_281" HPOS="598" VPOS="1014" WIDTH="8" HEIGHT="21" WC="0.96" CONTENT="i"/><SP WIDTH="14" VPOS="1014" HPOS="606"/>
							<String ID="string_282" HPOS="620" VPOS="1014" WIDTH="61" HEIGHT="26" WC="0.93" CONTENT="fråga"/><SP WIDTH="15" VPOS="1014" HPOS="681"/>
							<String ID="string_283" HPOS="696" VPOS="1026" WIDTH="27" HEIGHT="3" WC="0.91" CONTENT="—"/><SP WIDTH="16" VPOS="1026" HPOS="723"/>
							<String ID="string_284" HPOS="739" VPOS="1014" WIDTH="23" HEIGHT="21" WC="0.97" CONTENT="så"/><SP WIDTH="15" VPOS="1014" HPOS="762"/>
							<String ID="string_285" HPOS="777" VPOS="1014" WIDTH="41" HEIGHT="21" WC="0.95" CONTENT="blir"/><SP WIDTH="15" VPOS="1014" HPOS="818"/>
							<String ID="string_286" HPOS="833" VPOS="1020" WIDTH="26" HEIGHT="14" WC="0.93" CONTENT="en"/><SP WIDTH="15" VPOS="1020" HPOS="859"/>
							<String ID="string_287" HPOS="874" VPOS="1015" WIDTH="42" HEIGHT="20" WC="0.92" CONTENT="rät-"/>
						</TextLine>
						<TextLine ID="line_30" HPOS="92" VPOS="1042" WIDTH="824" HEIGHT="28">
							<String ID="string_288" HPOS="92" VPOS="1043" WIDTH="69" HEIGHT="27" WC="0.92" CONTENT="tighet"/><SP WIDTH="23" VPOS="1043" HPOS="161"/>
							<String ID="string_289" HPOS="184" VPOS="1045" WIDTH="33" HEIGHT="19" WC="0.96" CONTENT="att"/><SP WIDTH="21" VPOS="1045" HPOS="217"/>
							<String ID="string_290" HPOS="238" VPOS="1042" WIDTH="60" HEIGHT="22" WC="0.95" CONTENT="stifta"/><SP WIDTH="14" VPOS="1042" HPOS="298"/>
							<String ID="string_291" HPOS="312" VPOS="1044" WIDTH="35" HEIGHT="25" WC="0.96" CONTENT="lag"/><SP WIDTH="15" VPOS="1044" HPOS="347"/>
							<String ID="string_292" HPOS="362" VPOS="1042" WIDTH="46" HEIGHT="22" WC="0.96" CONTENT="icke"/><SP WIDTH="15" VPOS="1042" HPOS="408"/>
							<String ID="string_293" HPOS="423" VPOS="1042" WIDTH="56" HEIGHT="22" WC="0.93" CONTENT="blott"/><SP WIDTH="14" VPOS="1042" HPOS="479"/>
							<String ID="string_294" HPOS="493" VPOS="1043" WIDTH="71" HEIGHT="27" WC="0.92" CONTENT="vådlig"/><SP WIDTH="15" VPOS="1043" HPOS="564"/>
							<String ID="string_295" HPOS="579" VPOS="1044" WIDTH="51" HEIGHT="20" WC="0.95" CONTENT="utan"/><SP WIDTH="15" VPOS="1044" HPOS="630"/>
							<String ID="string_296" HPOS="645" VPOS="1042" WIDTH="40" HEIGHT="22" WC="0.96" CONTENT="ock"/><SP WIDTH="16" VPOS="1042" HPOS="685"/>
							<String ID="string_297" HPOS="701" VPOS="1043" WIDTH="80" HEIGHT="27" WC="0.94" CONTENT="onödig."/><SP WIDTH="32" VPOS="1043" HPOS="781"/>
							<String ID="string_298" HPOS="813" VPOS="1043" WIDTH="46" HEIGHT="21" WC="0.92" CONTENT="Den"/><SP WIDTH="16" VPOS="1043" HPOS="859"/>
							<String ID="string_299" HPOS="875" VPOS="1042" WIDTH="41" HEIGHT="22" WC="0.96" CONTENT="blir"/>
						</TextLine>
						<TextLine ID="line_31" HPOS="94" VPOS="1071" WIDTH="821" HEIGHT="27">
							<String ID="string_300" HPOS="94" VPOS="1072" WIDTH="24" HEIGHT="21" WC="0.96" CONTENT="så"/><SP WIDTH="14" VPOS="1072" HPOS="118"/>
							<String ID="string_301" HPOS="132" VPOS="1072" WIDTH="85" HEIGHT="26" WC="0.96" CONTENT="mycket"/><SP WIDTH="14" VPOS="1072" HPOS="217"/>
							<String ID="string_302" HPOS="231" VPOS="1078" WIDTH="59" HEIGHT="15" WC="0.93" CONTENT="mera"/><SP WIDTH="15" VPOS="1078" HPOS="290"/>
							<String ID="string_303" HPOS="305" VPOS="1071" WIDTH="125" HEIGHT="27" WC="0.92" CONTENT="öfverflödig"/><SP WIDTH="15" VPOS="1071" HPOS="430"/>
							<String ID="string_304" HPOS="445" VPOS="1076" WIDTH="44" HEIGHT="16" WC="0.96" CONTENT="som"/><SP WIDTH="16" VPOS="1076" HPOS="489"/>
							<String ID="string_305" HPOS="505" VPOS="1078" WIDTH="94" HEIGHT="20" WC="0.95" CONTENT="numera,"/><SP WIDTH="16" VPOS="1078" HPOS="599"/>
							<String ID="string_306" HPOS="615" VPOS="1078" WIDTH="76" HEIGHT="20" WC="0.95" CONTENT="genom"/><SP WIDTH="10" VPOS="1078" HPOS="691"/>
							<String ID="string_307" HPOS="701" VPOS="1072" WIDTH="77" HEIGHT="26" WC="0.93" CONTENT="nådiga"/><SP WIDTH="10" VPOS="1072" HPOS="778"/>
							<String ID="string_308" HPOS="788" VPOS="1071" WIDTH="127" HEIGHT="27" WC="0.91" CONTENT="propositio-"/>
						</TextLine>
						<TextLine ID="line_32" HPOS="95" VPOS="1099" WIDTH="821" HEIGHT="28">
							<String ID="string_309" HPOS="95" VPOS="1107" WIDTH="40" HEIGHT="15" WC="0.96" CONTENT="nen"/><SP WIDTH="16" VPOS="1107" HPOS="135"/>
							<String ID="string_310" HPOS="151" VPOS="1099" WIDTH="109" HEIGHT="27" WC="0.96" CONTENT="angående"/><SP WIDTH="15" VPOS="1099" HPOS="260"/>
							<String ID="string_311" HPOS="275" VPOS="1106" WIDTH="28" HEIGHT="20" WC="0.93" CONTENT="ny"/><SP WIDTH="15" VPOS="1106" HPOS="303"/>
							<String ID="string_312" HPOS="318" VPOS="1100" WIDTH="209" HEIGHT="27" WC="0.92" CONTENT="landtdagsordning,"/><SP WIDTH="17" VPOS="1100" HPOS="527"/>
							<String ID="string_313" HPOS="544" VPOS="1100" WIDTH="39" HEIGHT="21" WC="0.93" CONTENT="den"/><SP WIDTH="17" VPOS="1100" HPOS="583"/>
							<String ID="string_314" HPOS="600" VPOS="1100" WIDTH="62" HEIGHT="22" WC="0.92" CONTENT="50:de"/><SP WIDTH="15" VPOS="1100" HPOS="662"/>
							<String ID="string_315" HPOS="677" VPOS="1100" WIDTH="20" HEIGHT="27" WC="0.76" CONTENT="$,"/><SP WIDTH="15" VPOS="1100" HPOS="697"/>
							<String ID="string_316" HPOS="712" VPOS="1101" WIDTH="7" HEIGHT="20" WC="0.96" CONTENT="i"/><SP WIDTH="10" VPOS="1101" HPOS="719"/>
							<String ID="string_317" HPOS="729" VPOS="1100" WIDTH="72" HEIGHT="26" WC="0.96" CONTENT="frågor"/><SP WIDTH="10" VPOS="1100" HPOS="801"/>
							<String ID="string_318" HPOS="811" VPOS="1106" WIDTH="44" HEIGHT="15" WC="0.96" CONTENT="som"/><SP WIDTH="12" VPOS="1106" HPOS="855"/>
							<String ID="string_319" HPOS="867" VPOS="1101" WIDTH="49" HEIGHT="20" WC="0.96" CONTENT="röra"/>
						</TextLine>
						<TextLine ID="line_33" HPOS="94" VPOS="1128" WIDTH="821" HEIGHT="28">
							<String ID="string_320" HPOS="94" VPOS="1129" WIDTH="104" HEIGHT="27" WC="0.96" CONTENT="kyrkolag"/><SP WIDTH="15" VPOS="1129" HPOS="198"/>
							<String ID="string_321" HPOS="213" VPOS="1128" WIDTH="34" HEIGHT="22" WC="0.96" CONTENT="för"/><SP WIDTH="15" VPOS="1128" HPOS="247"/>
							<String ID="string_322" HPOS="262" VPOS="1129" WIDTH="110" HEIGHT="21" WC="0.96" CONTENT="lutherska"/><SP WIDTH="14" VPOS="1129" HPOS="372"/>
							<String ID="string_323" HPOS="386" VPOS="1128" WIDTH="176" HEIGHT="28" WC="0.95" CONTENT="församlingarna"/><SP WIDTH="14" VPOS="1128" HPOS="562"/>
							<String ID="string_324" HPOS="576" VPOS="1129" WIDTH="8" HEIGHT="21" WC="0.96" CONTENT="i"/><SP WIDTH="15" VPOS="1129" HPOS="584"/>
							<String ID="string_325" HPOS="599" VPOS="1129" WIDTH="78" HEIGHT="25" WC="0.92" CONTENT="landet,"/><SP WIDTH="16" VPOS="1129" HPOS="677"/>
							<String ID="string_326" HPOS="693" VPOS="1128" WIDTH="106" HEIGHT="28" WC="0.87" CONTENT="aflägsnar"/><SP WIDTH="14" VPOS="1128" HPOS="799"/>
							<String ID="string_327" HPOS="813" VPOS="1129" WIDTH="53" HEIGHT="21" WC="0.96" CONTENT="hvar"/><SP WIDTH="10" VPOS="1129" HPOS="866"/>
							<String ID="string_328" HPOS="876" VPOS="1128" WIDTH="39" HEIGHT="22" WC="0.96" CONTENT="och"/>
						</TextLine>
						<TextLine ID="line_34" HPOS="95" VPOS="1157" WIDTH="703" HEIGHT="27">
							<String ID="string_329" HPOS="95" VPOS="1164" WIDTH="25" HEIGHT="15" WC="0.96" CONTENT="en"/><SP WIDTH="16" VPOS="1164" HPOS="120"/>
							<String ID="string_330" HPOS="136" VPOS="1164" WIDTH="45" HEIGHT="15" WC="0.96" CONTENT="som"/><SP WIDTH="15" VPOS="1164" HPOS="181"/>
							<String ID="string_331" HPOS="196" VPOS="1158" WIDTH="46" HEIGHT="21" WC="0.96" CONTENT="icke"/><SP WIDTH="16" VPOS="1158" HPOS="242"/>
							<String ID="string_332" HPOS="258" VPOS="1157" WIDTH="73" HEIGHT="21" WC="0.93" CONTENT="tillhör"/><SP WIDTH="15" VPOS="1157" HPOS="331"/>
							<String ID="string_333" HPOS="346" VPOS="1157" WIDTH="243" HEIGHT="27" WC="0.91" CONTENT="evangelisk-lutherska"/><SP WIDTH="14" VPOS="1157" HPOS="589"/>
							<String ID="string_334" HPOS="603" VPOS="1157" WIDTH="195" HEIGHT="22" WC="0.96" CONTENT="trosbekännelsen."/>
						</TextLine>
					</TextBlock>
					<TextBlock ID="block_5" HPOS="94" VPOS="1186" WIDTH="824" HEIGHT="341">
						<TextLine ID="line_35" HPOS="163" VPOS="1186" WIDTH="754" HEIGHT="27">
							<String ID="string_335" HPOS="163" VPOS="1186" WIDTH="51" HEIGHT="22" WC="0.96" CONTENT="Man"/><SP WIDTH="21" VPOS="1186" HPOS="214"/>
							<String ID="string_336" HPOS="235" VPOS="1186" WIDTH="39" HEIGHT="21" WC="0.95" CONTENT="har"/><SP WIDTH="15" VPOS="1186" HPOS="274"/>
							<String ID="string_337" HPOS="289" VPOS="1187" WIDTH="7" HEIGHT="21" WC="0.95" CONTENT="i"/><SP WIDTH="16" VPOS="1187" HPOS="296"/>
							<String ID="string_338" HPOS="312" VPOS="1186" WIDTH="62" HEIGHT="21" WC="0.96" CONTENT="dessa"/><SP WIDTH="21" VPOS="1186" HPOS="374"/>
							<String ID="string_339" HPOS="395" VPOS="1186" WIDTH="56" HEIGHT="21" WC="0.96" CONTENT="tider"/><SP WIDTH="21" VPOS="1186" HPOS="451"/>
							<String ID="string_340" HPOS="472" VPOS="1186" WIDTH="50" HEIGHT="21" WC="0.96" CONTENT="hört"/><SP WIDTH="19" VPOS="1186" HPOS="522"/>
							<String ID="string_341" HPOS="541" VPOS="1186" WIDTH="103" HEIGHT="27" WC="0.96" CONTENT="åtskilligt"/><SP WIDTH="14" VPOS="1186" HPOS="644"/>
							<String ID="string_342" HPOS="658" VPOS="1186" WIDTH="30" HEIGHT="21" WC="0.95" CONTENT="tal"/><SP WIDTH="17" VPOS="1186" HPOS="688"/>
							<String ID="string_343" HPOS="705" VPOS="1192" WIDTH="33" HEIGHT="15" WC="0.96" CONTENT="om"/><SP WIDTH="15" VPOS="1192" HPOS="738"/>
							<String ID="string_344" HPOS="753" VPOS="1186" WIDTH="92" HEIGHT="27" WC="0.96" CONTENT="kyrkans"/><SP WIDTH="16" VPOS="1186" HPOS="845"/>
							<String ID="string_345" HPOS="861" VPOS="1186" WIDTH="56" HEIGHT="26" WC="0.96" CONTENT="goda"/>
						</TextLine>
						<TextLine ID="line_36" HPOS="94" VPOS="1214" WIDTH="823" HEIGHT="27">
							<String ID="string_346" HPOS="94" VPOS="1216" WIDTH="44" HEIGHT="20" WC="0.96" CONTENT="rätt"/><SP WIDTH="14" VPOS="1216" HPOS="138"/>
							<String ID="string_347" HPOS="152" VPOS="1216" WIDTH="33" HEIGHT="20" WC="0.96" CONTENT="att"/><SP WIDTH="15" VPOS="1216" HPOS="185"/>
							<String ID="string_348" HPOS="200" VPOS="1215" WIDTH="58" HEIGHT="21" WC="0.96" CONTENT="stifta"/><SP WIDTH="16" VPOS="1215" HPOS="258"/>
							<String ID="string_349" HPOS="274" VPOS="1216" WIDTH="46" HEIGHT="20" WC="0.96" CONTENT="sina"/><SP WIDTH="15" VPOS="1216" HPOS="320"/>
							<String ID="string_350" HPOS="335" VPOS="1220" WIDTH="55" HEIGHT="21" WC="0.96" CONTENT="egna"/><SP WIDTH="14" VPOS="1220" HPOS="390"/>
							<String ID="string_351" HPOS="404" VPOS="1215" WIDTH="66" HEIGHT="26" WC="0.95" CONTENT="lagar,"/><SP WIDTH="19" VPOS="1215" HPOS="470"/>
							<String ID="string_352" HPOS="489" VPOS="1215" WIDTH="39" HEIGHT="21" WC="0.96" CONTENT="och"/><SP WIDTH="15" VPOS="1215" HPOS="528"/>
							<String ID="string_353" HPOS="543" VPOS="1221" WIDTH="48" HEIGHT="15" WC="0.95" CONTENT="man"/><SP WIDTH="16" VPOS="1221" HPOS="591"/>
							<String ID="string_354" HPOS="607" VPOS="1214" WIDTH="60" HEIGHT="22" WC="0.96" CONTENT="anför"/><SP WIDTH="15" VPOS="1214" HPOS="667"/>
							<String ID="string_355" HPOS="682" VPOS="1215" WIDTH="49" HEIGHT="21" WC="0.95" CONTENT="med"/><SP WIDTH="14" VPOS="1215" HPOS="731"/>
							<String ID="string_356" HPOS="745" VPOS="1215" WIDTH="53" HEIGHT="26" WC="0.96" CONTENT="skäl,"/><SP WIDTH="23" VPOS="1215" HPOS="798"/>
							<String ID="string_357" HPOS="821" VPOS="1216" WIDTH="32" HEIGHT="19" WC="0.93" CONTENT="att"/><SP WIDTH="15" VPOS="1216" HPOS="853"/>
							<String ID="string_358" HPOS="868" VPOS="1214" WIDTH="49" HEIGHT="22" WC="0.92" CONTENT="reli-"/>
						</TextLine>
						<TextLine ID="line_37" HPOS="94" VPOS="1243" WIDTH="823" HEIGHT="28">
							<String ID="string_359" HPOS="94" VPOS="1243" WIDTH="152" HEIGHT="28" WC="0.91" CONTENT="gionsfriheten"/><SP WIDTH="24" VPOS="1243" HPOS="246"/>
							<String ID="string_360" HPOS="270" VPOS="1245" WIDTH="23" HEIGHT="20" WC="0.95" CONTENT="är"/><SP WIDTH="22" VPOS="1245" HPOS="293"/>
							<String ID="string_361" HPOS="315" VPOS="1244" WIDTH="110" HEIGHT="21" WC="0.95" CONTENT="inskränkt"/><SP WIDTH="16" VPOS="1244" HPOS="425"/>
							<String ID="string_362" HPOS="441" VPOS="1243" WIDTH="24" HEIGHT="22" WC="0.96" CONTENT="så"/><SP WIDTH="14" VPOS="1243" HPOS="465"/>
							<String ID="string_363" HPOS="479" VPOS="1244" WIDTH="61" HEIGHT="26" WC="0.96" CONTENT="länge"/><SP WIDTH="16" VPOS="1244" HPOS="540"/>
							<String ID="string_364" HPOS="556" VPOS="1244" WIDTH="81" HEIGHT="27" WC="0.97" CONTENT="kyrkan"/><SP WIDTH="16" VPOS="1244" HPOS="637"/>
							<String ID="string_365" HPOS="653" VPOS="1246" WIDTH="24" HEIGHT="18" WC="0.96" CONTENT="är"/><SP WIDTH="15" VPOS="1246" HPOS="677"/>
							<String ID="string_366" HPOS="692" VPOS="1244" WIDTH="7" HEIGHT="20" WC="0.96" CONTENT="i"/><SP WIDTH="15" VPOS="1244" HPOS="699"/>
							<String ID="string_367" HPOS="714" VPOS="1244" WIDTH="81" HEIGHT="21" WC="0.96" CONTENT="saknad"/><SP WIDTH="16" VPOS="1244" HPOS="795"/>
							<String ID="string_368" HPOS="811" VPOS="1243" WIDTH="23" HEIGHT="21" WC="0.96" CONTENT="af"/><SP WIDTH="13" VPOS="1243" HPOS="834"/>
							<String ID="string_369" HPOS="847" VPOS="1244" WIDTH="70" HEIGHT="20" WC="0.96" CONTENT="denna"/>
						</TextLine>
						<TextLine ID="line_38" HPOS="94" VPOS="1272" WIDTH="822" HEIGHT="28">
							<String ID="string_370" HPOS="94" VPOS="1273" WIDTH="50" HEIGHT="21" WC="0.96" CONTENT="rätt."/><SP WIDTH="30" VPOS="1273" HPOS="144"/>
							<String ID="string_371" HPOS="174" VPOS="1273" WIDTH="40" HEIGHT="26" WC="0.96" CONTENT="Jag"/><SP WIDTH="22" VPOS="1273" HPOS="214"/>
							<String ID="string_372" HPOS="236" VPOS="1272" WIDTH="37" HEIGHT="21" WC="0.95" CONTENT="vill"/><SP WIDTH="22" VPOS="1272" HPOS="273"/>
							<String ID="string_373" HPOS="295" VPOS="1272" WIDTH="136" HEIGHT="27" WC="0.95" CONTENT="naturligtvis"/><SP WIDTH="23" VPOS="1272" HPOS="431"/>
							<String ID="string_374" HPOS="454" VPOS="1272" WIDTH="18" HEIGHT="27" WC="0.96" CONTENT="ej"/><SP WIDTH="23" VPOS="1272" HPOS="472"/>
							<String ID="string_375" HPOS="495" VPOS="1273" WIDTH="95" HEIGHT="21" WC="0.95" CONTENT="bestrida"/><SP WIDTH="15" VPOS="1273" HPOS="590"/>
							<String ID="string_376" HPOS="605" VPOS="1273" WIDTH="70" HEIGHT="21" WC="0.95" CONTENT="denna"/><SP WIDTH="15" VPOS="1273" HPOS="675"/>
							<String ID="string_377" HPOS="690" VPOS="1272" WIDTH="95" HEIGHT="28" WC="0.95" CONTENT="sanning."/><SP WIDTH="30" VPOS="1272" HPOS="785"/>
							<String ID="string_378" HPOS="815" VPOS="1272" WIDTH="50" HEIGHT="21" WC="0.96" CONTENT="Men"/><SP WIDTH="15" VPOS="1272" HPOS="865"/>
							<String ID="string_379" HPOS="880" VPOS="1272" WIDTH="36" HEIGHT="26" WC="0.96" CONTENT="jag"/>
						</TextLine>
						<TextLine ID="line_39" HPOS="94" VPOS="1300" WIDTH="822" HEIGHT="28">
							<String ID="string_380" HPOS="94" VPOS="1301" WIDTH="39" HEIGHT="21" WC="0.96" CONTENT="ber"/><SP WIDTH="21" VPOS="1301" HPOS="133"/>
							<String ID="string_381" HPOS="154" VPOS="1303" WIDTH="32" HEIGHT="19" WC="0.95" CONTENT="att"/><SP WIDTH="21" VPOS="1303" HPOS="186"/>
							<String ID="string_382" HPOS="207" VPOS="1301" WIDTH="22" HEIGHT="21" WC="0.96" CONTENT="få"/><SP WIDTH="19" VPOS="1301" HPOS="229"/>
							<String ID="string_383" HPOS="248" VPOS="1300" WIDTH="56" HEIGHT="23" WC="0.96" CONTENT="fästa"/><SP WIDTH="22" VPOS="1300" HPOS="304"/>
							<String ID="string_384" HPOS="326" VPOS="1301" WIDTH="37" HEIGHT="21" WC="0.96" CONTENT="det"/><SP WIDTH="21" VPOS="1301" HPOS="363"/>
							<String ID="string_385" HPOS="384" VPOS="1301" WIDTH="131" HEIGHT="21" WC="0.93" CONTENT="hedervärda"/><SP WIDTH="15" VPOS="1301" HPOS="515"/>
							<String ID="string_386" HPOS="530" VPOS="1301" WIDTH="97" HEIGHT="21" WC="0.91" CONTENT="ståndets"/><SP WIDTH="15" VPOS="1301" HPOS="627"/>
							<String ID="string_387" HPOS="642" VPOS="1301" WIDTH="187" HEIGHT="27" WC="0.93" CONTENT="uppmärksamhet"/><SP WIDTH="16" VPOS="1301" HPOS="829"/>
							<String ID="string_388" HPOS="845" VPOS="1300" WIDTH="71" HEIGHT="27" WC="0.91" CONTENT="derpå,"/>
						</TextLine>
						<TextLine ID="line_40" HPOS="94" VPOS="1329" WIDTH="823" HEIGHT="27">
							<String ID="string_389" HPOS="94" VPOS="1331" WIDTH="32" HEIGHT="20" WC="0.96" CONTENT="att"/><SP WIDTH="16" VPOS="1331" HPOS="126"/>
							<String ID="string_390" HPOS="142" VPOS="1330" WIDTH="40" HEIGHT="21" WC="0.96" CONTENT="den"/><SP WIDTH="15" VPOS="1330" HPOS="182"/>
							<String ID="string_391" HPOS="197" VPOS="1329" WIDTH="67" HEIGHT="27" WC="0.95" CONTENT="fråga,"/><SP WIDTH="10" VPOS="1329" HPOS="264"/>
							<String ID="string_392" HPOS="274" VPOS="1336" WIDTH="45" HEIGHT="15" WC="0.95" CONTENT="som"/><SP WIDTH="15" VPOS="1336" HPOS="319"/>
							<String ID="string_393" HPOS="334" VPOS="1336" WIDTH="28" HEIGHT="14" WC="0.95" CONTENT="nu"/><SP WIDTH="15" VPOS="1336" HPOS="362"/>
							<String ID="string_394" HPOS="377" VPOS="1332" WIDTH="24" HEIGHT="19" WC="0.95" CONTENT="är"/><SP WIDTH="15" VPOS="1332" HPOS="401"/>
							<String ID="string_395" HPOS="416" VPOS="1335" WIDTH="34" HEIGHT="16" WC="0.93" CONTENT="oss"/><SP WIDTH="16" VPOS="1335" HPOS="450"/>
							<String ID="string_396" HPOS="466" VPOS="1329" WIDTH="179" HEIGHT="27" WC="0.92" CONTENT="förelagd"/><SP WIDTH="-67" VPOS="1329" HPOS="645"/>
							<String ID="string_397" HPOS="578" VPOS="1325" WIDTH="16" HEIGHT="36" WC="0.92" CONTENT="—"/><SP WIDTH="13" VPOS="1325" HPOS="594"/>
							<String ID="string_398" HPOS="607" VPOS="1325" WIDTH="39" HEIGHT="36" WC="0.96" CONTENT="och"/><SP WIDTH="15" VPOS="1325" HPOS="646"/>
							<String ID="string_399" HPOS="661" VPOS="1336" WIDTH="45" HEIGHT="15" WC="0.96" CONTENT="som"/><SP WIDTH="15" VPOS="1336" HPOS="706"/>
							<String ID="string_400" HPOS="721" VPOS="1329" WIDTH="66" HEIGHT="27" WC="0.96" CONTENT="enligt"/><SP WIDTH="15" VPOS="1329" HPOS="787"/>
							<String ID="string_401" HPOS="802" VPOS="1330" WIDTH="44" HEIGHT="20" WC="0.93" CONTENT="min"/><SP WIDTH="16" VPOS="1330" HPOS="846"/>
							<String ID="string_402" HPOS="862" VPOS="1330" WIDTH="55" HEIGHT="26" WC="0.91" CONTENT="åsigt"/>
						</TextLine>
						<TextLine ID="line_41" HPOS="95" VPOS="1358" WIDTH="821" HEIGHT="27">
							<String ID="string_403" HPOS="95" VPOS="1358" WIDTH="77" HEIGHT="27" WC="0.93" CONTENT="alldrig"/><SP WIDTH="14" VPOS="1358" HPOS="172"/>
							<String ID="string_404" HPOS="186" VPOS="1359" WIDTH="64" HEIGHT="21" WC="0.93" CONTENT="bordt"/><SP WIDTH="16" VPOS="1359" HPOS="250"/>
							<String ID="string_405" HPOS="266" VPOS="1364" WIDTH="33" HEIGHT="16" WC="0.93" CONTENT="oss"/><SP WIDTH="16" VPOS="1364" HPOS="299"/>
							<String ID="string_406" HPOS="315" VPOS="1358" WIDTH="119" HEIGHT="27" WC="0.92" CONTENT="föreläggas"/><SP WIDTH="9" VPOS="1358" HPOS="434"/>
							<String ID="string_407" HPOS="443" VPOS="1370" WIDTH="35" HEIGHT="15" WC="0.89" CONTENT="—,"/><SP WIDTH="8" VPOS="1370" HPOS="478"/>
							<String ID="string_408" HPOS="486" VPOS="1358" WIDTH="89" HEIGHT="22" WC="0.96" CONTENT="alldeles"/><SP WIDTH="15" VPOS="1358" HPOS="575"/>
							<String ID="string_409" HPOS="590" VPOS="1358" WIDTH="45" HEIGHT="22" WC="0.96" CONTENT="icke"/><SP WIDTH="15" VPOS="1358" HPOS="635"/>
							<String ID="string_410" HPOS="650" VPOS="1358" WIDTH="63" HEIGHT="22" WC="0.96" CONTENT="berör"/><SP WIDTH="15" VPOS="1358" HPOS="713"/>
							<String ID="string_411" HPOS="728" VPOS="1358" WIDTH="74" HEIGHT="27" WC="0.96" CONTENT="frågan"/><SP WIDTH="16" VPOS="1358" HPOS="802"/>
							<String ID="string_412" HPOS="818" VPOS="1364" WIDTH="33" HEIGHT="15" WC="0.93" CONTENT="om"/><SP WIDTH="15" VPOS="1364" HPOS="851"/>
							<String ID="string_413" HPOS="866" VPOS="1359" WIDTH="50" HEIGHT="25" WC="0.93" CONTENT="kyr-"/>
						</TextLine>
						<TextLine ID="line_42" HPOS="95" VPOS="1387" WIDTH="822" HEIGHT="27">
							<String ID="string_414" HPOS="95" VPOS="1388" WIDTH="53" HEIGHT="20" WC="0.88" CONTENT="kans"/><SP WIDTH="23" VPOS="1388" HPOS="148"/>
							<String ID="string_415" HPOS="171" VPOS="1387" WIDTH="193" HEIGHT="27" WC="0.88" CONTENT="lagstiftningsrätt."/><SP WIDTH="30" VPOS="1387" HPOS="364"/>
							<String ID="string_416" HPOS="394" VPOS="1387" WIDTH="83" HEIGHT="26" WC="0.95" CONTENT="Frågan"/><SP WIDTH="22" VPOS="1387" HPOS="477"/>
							<String ID="string_417" HPOS="499" VPOS="1387" WIDTH="66" HEIGHT="27" WC="0.95" CONTENT="gäller"/><SP WIDTH="15" VPOS="1387" HPOS="565"/>
							<String ID="string_418" HPOS="580" VPOS="1394" WIDTH="27" HEIGHT="14" WC="0.96" CONTENT="en"/><SP WIDTH="15" VPOS="1394" HPOS="607"/>
							<String ID="string_419" HPOS="622" VPOS="1389" WIDTH="42" HEIGHT="19" WC="0.96" CONTENT="rätt"/><SP WIDTH="14" VPOS="1389" HPOS="664"/>
							<String ID="string_420" HPOS="678" VPOS="1387" WIDTH="33" HEIGHT="21" WC="0.96" CONTENT="för"/><SP WIDTH="15" VPOS="1387" HPOS="711"/>
							<String ID="string_421" HPOS="726" VPOS="1387" WIDTH="141" HEIGHT="27" WC="0.95" CONTENT="kyrkomötet,"/><SP WIDTH="24" VPOS="1387" HPOS="867"/>
							<String ID="string_422" HPOS="891" VPOS="1392" WIDTH="26" HEIGHT="15" WC="0.95" CONTENT="en"/>
						</TextLine>
						<TextLine ID="line_43" HPOS="96" VPOS="1415" WIDTH="821" HEIGHT="27">
							<String ID="string_423" HPOS="96" VPOS="1422" WIDTH="34" HEIGHT="15" WC="0.90" CONTENT="oss"/><SP WIDTH="16" VPOS="1422" HPOS="130"/>
							<String ID="string_424" HPOS="146" VPOS="1418" WIDTH="56" HEIGHT="19" WC="0.96" CONTENT="ännu"/><SP WIDTH="16" VPOS="1418" HPOS="202"/>
							<String ID="string_425" HPOS="218" VPOS="1416" WIDTH="70" HEIGHT="21" WC="0.95" CONTENT="okänd"/><SP WIDTH="15" VPOS="1416" HPOS="288"/>
							<String ID="string_426" HPOS="303" VPOS="1416" WIDTH="89" HEIGHT="21" WC="0.95" CONTENT="storhet."/><SP WIDTH="29" VPOS="1416" HPOS="392"/>
							<String ID="string_427" HPOS="421" VPOS="1415" WIDTH="141" HEIGHT="27" WC="0.96" CONTENT="Kyrkomötet"/><SP WIDTH="15" VPOS="1415" HPOS="562"/>
							<String ID="string_428" HPOS="577" VPOS="1418" WIDTH="24" HEIGHT="19" WC="0.96" CONTENT="är"/><SP WIDTH="15" VPOS="1418" HPOS="601"/>
							<String ID="string_429" HPOS="616" VPOS="1415" WIDTH="46" HEIGHT="22" WC="0.96" CONTENT="icke"/><SP WIDTH="16" VPOS="1415" HPOS="662"/>
							<String ID="string_430" HPOS="678" VPOS="1416" WIDTH="89" HEIGHT="26" WC="0.96" CONTENT="kyrkan."/><SP WIDTH="20" VPOS="1416" HPOS="767"/>
							<String ID="string_431" HPOS="787" VPOS="1416" WIDTH="46" HEIGHT="20" WC="0.96" CONTENT="Den"/><SP WIDTH="16" VPOS="1416" HPOS="833"/>
							<String ID="string_432" HPOS="849" VPOS="1415" WIDTH="68" HEIGHT="21" WC="0.95" CONTENT="finska"/>
						</TextLine>
						<TextLine ID="line_44" HPOS="95" VPOS="1443" WIDTH="823" HEIGHT="27">
							<String ID="string_433" HPOS="95" VPOS="1444" WIDTH="82" HEIGHT="26" WC="0.96" CONTENT="kyrkan"/><SP WIDTH="23" VPOS="1444" HPOS="177"/>
							<String ID="string_434" HPOS="200" VPOS="1446" WIDTH="24" HEIGHT="18" WC="0.96" CONTENT="är"/><SP WIDTH="23" VPOS="1446" HPOS="224"/>
							<String ID="string_435" HPOS="247" VPOS="1445" WIDTH="37" HEIGHT="19" WC="0.96" CONTENT="det"/><SP WIDTH="22" VPOS="1445" HPOS="284"/>
							<String ID="string_436" HPOS="306" VPOS="1444" WIDTH="69" HEIGHT="20" WC="0.96" CONTENT="finska"/><SP WIDTH="15" VPOS="1444" HPOS="375"/>
							<String ID="string_437" HPOS="390" VPOS="1444" WIDTH="73" HEIGHT="25" WC="0.93" CONTENT="folket,"/><SP WIDTH="19" VPOS="1444" HPOS="463"/>
							<String ID="string_438" HPOS="482" VPOS="1444" WIDTH="98" HEIGHT="20" WC="0.92" CONTENT="förenadt"/><SP WIDTH="15" VPOS="1444" HPOS="580"/>
							<String ID="string_439" HPOS="595" VPOS="1444" WIDTH="69" HEIGHT="20" WC="0.96" CONTENT="såsom"/><SP WIDTH="16" VPOS="1444" HPOS="664"/>
							<String ID="string_440" HPOS="680" VPOS="1444" WIDTH="37" HEIGHT="20" WC="0.96" CONTENT="det"/><SP WIDTH="14" VPOS="1444" HPOS="717"/>
							<String ID="string_441" HPOS="731" VPOS="1446" WIDTH="24" HEIGHT="18" WC="0.96" CONTENT="är"/><SP WIDTH="14" VPOS="1446" HPOS="755"/>
							<String ID="string_442" HPOS="769" VPOS="1444" WIDTH="33" HEIGHT="20" WC="0.96" CONTENT="till"/><SP WIDTH="15" VPOS="1444" HPOS="802"/>
							<String ID="string_443" HPOS="817" VPOS="1446" WIDTH="31" HEIGHT="18" WC="0.96" CONTENT="ett"/><SP WIDTH="15" VPOS="1446" HPOS="848"/>
							<String ID="string_444" HPOS="863" VPOS="1443" WIDTH="55" HEIGHT="20" WC="0.96" CONTENT="enda"/>
						</TextLine>
						<TextLine ID="line_45" HPOS="97" VPOS="1470" WIDTH="820" HEIGHT="28">
							<String ID="string_445" HPOS="97" VPOS="1472" WIDTH="95" HEIGHT="26" WC="0.96" CONTENT="religiöst"/><SP WIDTH="15" VPOS="1472" HPOS="192"/>
							<String ID="string_446" HPOS="207" VPOS="1472" WIDTH="105" HEIGHT="20" WC="0.95" CONTENT="samfund."/><SP WIDTH="32" VPOS="1472" HPOS="312"/>
							<String ID="string_447" HPOS="344" VPOS="1472" WIDTH="43" HEIGHT="20" WC="0.96" CONTENT="Det"/><SP WIDTH="15" VPOS="1472" HPOS="387"/>
							<String ID="string_448" HPOS="402" VPOS="1474" WIDTH="24" HEIGHT="18" WC="0.96" CONTENT="är"/><SP WIDTH="15" VPOS="1474" HPOS="426"/>
							<String ID="string_449" HPOS="441" VPOS="1478" WIDTH="80" HEIGHT="14" WC="0.96" CONTENT="samma"/><SP WIDTH="15" VPOS="1478" HPOS="521"/>
							<String ID="string_450" HPOS="536" VPOS="1472" WIDTH="51" HEIGHT="26" WC="0.95" CONTENT="folk,"/><SP WIDTH="24" VPOS="1472" HPOS="587"/>
							<String ID="string_451" HPOS="611" VPOS="1477" WIDTH="44" HEIGHT="15" WC="0.96" CONTENT="som"/><SP WIDTH="16" VPOS="1477" HPOS="655"/>
							<String ID="string_452" HPOS="671" VPOS="1471" WIDTH="116" HEIGHT="21" WC="0.96" CONTENT="tillsvidare"/><SP WIDTH="15" VPOS="1471" HPOS="787"/>
							<String ID="string_453" HPOS="802" VPOS="1470" WIDTH="68" HEIGHT="22" WC="0.96" CONTENT="finner"/><SP WIDTH="15" VPOS="1470" HPOS="870"/>
							<String ID="string_454" HPOS="885" VPOS="1471" WIDTH="32" HEIGHT="20" WC="0.96" CONTENT="sin"/>
						</TextLine>
						<TextLine ID="line_46" HPOS="100" VPOS="1498" WIDTH="465" HEIGHT="29">
							<String ID="string_455" HPOS="100" VPOS="1499" WIDTH="61" HEIGHT="23" WC="0.96" CONTENT="bästa"/><SP WIDTH="15" VPOS="1499" HPOS="161"/>
							<String ID="string_456" HPOS="176" VPOS="1500" WIDTH="169" HEIGHT="27" WC="0.96" CONTENT="representation"/><SP WIDTH="16" VPOS="1500" HPOS="345"/>
							<String ID="string_457" HPOS="361" VPOS="1500" WIDTH="33" HEIGHT="21" WC="0.96" CONTENT="uti"/><SP WIDTH="14" VPOS="1500" HPOS="394"/>
							<String ID="string_458" HPOS="408" VPOS="1500" WIDTH="46" HEIGHT="21" WC="0.92" CONTENT="sina"/><SP WIDTH="16" VPOS="1500" HPOS="454"/>
							<String ID="string_459" HPOS="470" VPOS="1498" WIDTH="95" HEIGHT="23" WC="0.89" CONTENT="Ständer."/>
						</TextLine>
					</TextBlock>
				</ComposedBlock>
				<ComposedBlock ID="cblock_2" HPOS="827" VPOS="1542" WIDTH="22" HEIGHT="17">
					<TextBlock ID="block_6" HPOS="827" VPOS="1542" WIDTH="22" HEIGHT="17">
						<TextLine ID="line_47" HPOS="827" VPOS="1542" WIDTH="22" HEIGHT="17">
							<String ID="string_460" HPOS="827" VPOS="1542" WIDTH="22" HEIGHT="17" WC="0.95" CONTENT="34"/>
						</TextLine>
					</TextBlock>
				</ComposedBlock>
			</PrintSpace>
		</Page>
	</Layout>
</alto>
