1114 1811
447 132 14 17 4
473 137 19 16 p.
504 131 90 18 Toukok.
859 125 42 21 583

177 191 111 22 Edusmies
314 191 80 22 Akola
421 191 65 22 selitti
508 192 19 21 ei
547 192 141 21 tahtoneensa
712 191 112 28 pahoittaa
846 191 84 21 Slotten

108 221 73 21 mieltä
200 227 54 15 vaan
269 221 115 20 tehneensä
399 220 179 22 muistutuksensa
593 221 123 21 ainoastaan
732 221 58 20 asian
806 220 124 26 tärkeyteen

108 249 90 26 nähden,
206 249 22 26 ja
243 249 67 21 koska
325 249 74 26 Slotte,
408 255 78 15 suunsa
501 249 114 26 puhtaaksi
629 249 142 26 puhuttuaan,
782 248 69 21 tahtoi
866 248 66 21 saada

109 277 63 22 toisia
195 278 94 20 olemaan
312 277 77 21 ääneti.
418 276 83 27 Puhuja
522 277 69 22 tahtoi
605 279 37 24 nyt
657 277 51 20 kuin
724 277 48 20 aina
792 276 139 27 edeskinpäin

108 306 115 21 sulkeutua
238 305 81 21 Slotten
332 305 24 26 ja
370 305 89 21 muitten
475 305 159 27 säätyveljeinsä
644 306 136 25 ystävyyteen
792 305 22 26 ja
825 305 106 21 suosioon.

177 368 214 27 Landtdagsmannen
413 367 63 22 Keto
492 368 54 22 utlät
561 368 38 26 sig,
623 369 32 20 att
674 368 67 21 ehuru
756 368 83 21 talaren
854 366 78 28 tydligt

109 396 56 24 fann,
187 396 85 22 hvilken
286 397 55 27 äsigt
356 397 85 21 komme
456 398 31 20 att
502 403 67 21 segra,
589 397 82 21 talaren
687 396 54 22 dock
756 396 48 22 ville
820 395 112 22 framhälla

109 426 72 26 vigten
203 425 23 21 af
244 425 25 22 de
290 425 120 28 föreslagna
431 426 146 27 ändringarne.
607 425 40 22 Om
670 424 53 22 skon
745 425 109 25 klämmer,
878 424 55 21 skall

109 460 48 15 man
182 454 27 21 dä
232 455 67 26 nyttja
322 454 39 21 den
377 454 85 27 sålänge
478 454 40 21 den
533 454 74 27 håller,
629 455 52 20 utan
697 455 31 20 att
742 453 88 22 försöka
846 452 87 27 utvidga

111 483 129 21 densamma.
264 483 69 21 Sädan
348 489 50 15 vore
414 483 41 21 den
470 489 28 14 nu
513 483 97 26 gällande
621 477 260 37 bränvinsförfattningen,
893 481 39 22 och

111 511 66 21 borde
189 511 40 21 den
240 511 83 22 derföre
337 512 83 26 ändras,
429 512 27 20 dä
464 511 82 22 tillfälle
555 511 70 22 dertill
633 511 61 22 fanns
702 511 35 21 vid
746 511 68 22 denna
825 510 107 26 landtdag.

109 539 102 22 Skattens
226 540 135 27 nedsättning
377 540 38 21 och
431 540 191 27 minimibeloppets
637 540 121 26 minskning
773 545 51 15 voro
840 539 26 21 de
878 537 56 28 äsyf-

110 569 50 20 tade
183 568 227 28 hufvudändringarne.
442 568 39 21 Om
505 569 35 21 det
561 569 90 21 sednare
666 568 87 24 skedde,
769 568 23 21 sä
808 568 68 21 skulle
891 567 42 21 för-

110 597 141 26 samlingarne
273 597 72 21 kunna
367 597 74 21 förena
461 597 32 26 sig
509 604 33 14 om
557 599 31 20 ett
603 597 107 21 bränneri.
740 596 90 26 Sälänge
844 596 90 21 minimi-

112 625 100 27 beloppet
228 632 37 15 var
280 626 24 21 sä
319 626 51 26 högt
384 632 45 15 som
444 626 34 21 för
493 626 138 26 närvarande,
647 626 72 21 kunde
733 626 67 26 nägra
811 624 123 22 brännerier

111 654 47 22 icke
173 655 90 21 inrättas
279 654 27 27 pä
321 655 78 21 landet.
429 654 157 22 Landsorterne
601 656 52 20 nära
669 654 97 21 städerne
782 653 55 27 finge
852 654 33 20 väl
896 653 38 21 sitt

111 683 67 21 behof
191 683 46 22 frän
254 683 81 28 staden,
345 690 47 15 men
408 684 25 21 de
449 683 72 27 längre
536 683 49 22 bort
599 683 90 27 belägna
704 683 67 21 mäste
786 684 50 25 taga
851 683 37 21 sitt
898 682 36 21 be-

110 712 40 21 hof
170 712 47 21 frän
241 712 113 27 skogarne.
383 712 45 22 Här
446 718 50 16 vore
511 712 61 27 fräga
587 718 34 16 om
636 715 31 19 att
682 711 90 22 afskaffa
787 712 41 20 den
843 711 92 27 olagliga

111 740 231 28 bränvinsbränningen
366 742 40 20 och
428 740 69 23 införa
520 741 41 22 den
580 741 84 27 lagliga.
693 740 145 28 Depravation
852 746 38 15 var
905 746 29 15 nu

112 771 70 20 större
198 772 26 19 än
239 770 67 21 under
321 770 320 26 husbehofsbränningstiderne,
658 770 38 20 och
711 772 66 19 sattes
788 769 108 27 ingenting
905 774 30 16 nu

112 800 58 20 emot
186 799 128 27 densamma,
330 799 68 21 skulle
413 798 80 27 följden
515 798 65 22 blifva
595 799 78 27 gräslig
689 798 39 22 och
742 798 83 22 landets
840 796 95 23 tillstånd

113 823 187 35 beklagansvärdt.
616 827 1 3 i

180 890 113 22 Puhemies
315 890 45 21 luki
382 892 36 25 nyt
440 891 80 26 säädyn
543 890 178 22 suostumuksella
736 889 104 27 Ilmajoen
854 889 80 27 pitäjän

112 919 257 22 kunnallishallituksessa
383 919 80 27 tehdyn
479 919 212 27 pöytäkirjanotteen,
716 918 100 22 sisältävä
831 917 104 22 ehdotuk-

113 948 33 21 sia
161 947 119 28 salapolton
296 948 165 21 hävittämiseen.

173 1010 221 29 ”Landtdagsmannen
409 1011 128 26 Lindgren
552 1011 110 27 förmälde,
679 1011 37 26 att,
733 1010 27 22 då
770 1009 60 28 fråga
840 1009 96 28 uppstått

115 1047 35 14 om
164 1039 254 28 husbehofsbränningen,
440 1040 81 21 talaren
536 1040 65 27 ansåg
615 1041 32 25 sig
662 1040 53 21 böra
729 1039 92 25 anmäla,
837 1040 31 20 att
882 1038 54 21 tala-

113 1075 49 15 rens
178 1069 149 21 kommitenter
345 1069 118 26 innerligen
478 1069 66 22 önska
559 1071 30 19 att
605 1069 21 21 få
641 1068 65 27 sagde
721 1068 105 27 bränning
840 1067 95 22 tillbaka.

114 1097 43 22 För
172 1104 52 20 egen
240 1097 34 22 del
289 1097 71 22 kunde
374 1097 83 22 talaren
473 1097 64 22 likväl
551 1097 47 22 icke
614 1096 83 23 biträda
713 1097 69 21 denna
797 1097 90 26 mening.

183 1162 113 21 Puhemies
312 1161 92 22 mainitsi
421 1163 45 19 että
479 1159 326 28 neljästäkymmenestäyhdestä
815 1159 121 26 puhujasta,

112 1190 62 26 jotka
189 1192 49 18 ovat
252 1191 81 20 asiassa
347 1191 118 24 lausuneet,
474 1190 123 20 ainoastaan
612 1189 71 20 kolme
699 1190 49 19 ovat
763 1189 109 20 mietintöä
886 1193 51 20 puo-

116 1218 106 21 lustaneet
244 1218 22 27 ja
289 1218 59 27 kysyi
370 1224 38 14 sen
423 1217 82 27 vuoksi,
529 1217 47 21 eikö
592 1219 60 25 sääty
667 1216 157 27 äänestyksettä
838 1215 100 27 julistaisi

116 1246 128 22 tahtovansa
258 1248 65 26 pysyä
338 1246 122 27 nykyisessä
475 1246 138 22 asetuksessa.

183 1310 217 26 Landtdagsmannnn
423 1309 63 21 Keto
505 1309 64 27 ansäg
585 1308 131 26 omröstning
732 1307 138 27 ovilkorligen
886 1306 52 22 böra

115 1339 99 27 försiggä.

184 1396 112 22 Puhemies
310 1396 45 21 teki
370 1397 37 25 nyt
422 1401 117 16 seuraavan
554 1393 242 28 äänestysehdotuksen:

185 1452 56 22 Joka
256 1452 107 27 hyväksyy
381 1452 121 22 armollisen
518 1451 105 27 esityksen
637 1450 51 27 joko
704 1450 235 30 kokonaisuudessansa

117 1481 44 21 tahi
178 1480 142 22 valiokunnan
335 1480 167 21 ehdottelemilla
516 1478 142 25 muutoksilla,
673 1478 97 26 vastaapi
787 1478 66 26 ,jaa*.
883 1476 57 22 Joka
