1117 1792
217 134 43 21 644
513 138 21 16 16
547 142 17 16 p.
577 136 90 18 Toukok.

194 198 133 27 salapolttoa.
361 198 83 26 Puhuja
466 197 129 21 kuitenkaan
617 198 20 20 ei
658 196 99 20 tahtonut
783 196 109 30 vastustaa
914 193 95 27 puheena

192 224 89 24 olevien
297 226 216 22 anomusehdotusten
534 225 143 21 lähettämistä
699 223 229 22 valitusvaliokuntaan
943 222 68 26 puhu-

191 257 36 26 jau
243 256 138 21 viittaamalla
397 254 166 22 tarkoituksella.

258 313 214 27 Landtdagsmannen
487 312 103 27 Nygärd
605 311 83 27 yttrade
704 311 31 26 sig
750 309 118 27 skriftligen
884 308 98 22 sälunda:

260 370 55 28 För
338 371 42 21 min
404 370 33 20 del
459 370 41 20 kan
513 370 38 26 jag
565 368 18 27 ej
600 368 57 22 sätt:
669 368 94 20 hvarken
779 367 32 21 till
833 366 53 21 eller
901 366 54 22 ifrån.
978 365 34 21 för

192 399 189 27 lönnbränningen,
397 401 21 24 ty
434 405 25 14 en
473 398 63 26 fattig
552 398 67 20 bonde
630 399 23 19 är
663 398 94 24 tvungen
767 398 32 19 att
808 394 102 22 förskaffa
920 396 32 26 sig
962 401 50 21 pen-

194 428 74 27 ningar
283 428 32 21 till
331 428 46 21 sina
392 427 115 27 utskylder,
523 426 28 21 dä
565 426 94 21 deremot
674 432 25 14 en
715 425 34 21 rik
764 425 39 21 och
817 424 109 26 förmögen
943 424 68 21 bonde

194 457 69 27 aldrig
273 456 101 22 behöfver
384 456 63 27 klaga
457 455 59 21 öfver
527 456 67 20 denna
609 455 60 21 brist.
684 454 60 21 Huru
760 453 54 22 skall
829 459 29 15 nu
873 459 27 15 en
912 453 100 27 jordbru-

192 486 52 20 kare
266 485 51 21 eller
341 485 25 21 de
389 484 80 22 mindre
487 484 149 26 lägenheterna
651 483 71 21 kunna
737 482 31 21 slä
783 482 31 26 sig
829 483 31 24 ut,
882 482 65 21 sedan
963 482 48 21 hus-

192 514 207 26 behofsbränningen
414 512 45 22 blef
471 512 153 27 jordbrukaren
640 511 116 27 fräntagen,
771 511 81 21 hvilket
860 510 37 28 jag
907 513 45 19 tror
962 517 51 15 vara

193 544 31 20 ett
247 542 23 21 af
291 542 26 22 de
339 544 79 19 största
440 542 96 26 misstag;
555 544 21 24 ty
592 546 33 16 om
640 540 21 21 vi
677 539 98 22 betrakta
787 539 163 27 jordbrukaren,
974 540 39 20 och

192 572 124 26 isynnerhet
331 571 26 21 de
372 570 81 22 mindre
469 570 158 27 lägenheterna,
643 569 23 21 sä
681 568 62 22 hafva
758 569 20 20 vi
793 574 42 20 nog
851 568 63 22 orsak
929 571 33 19 att
976 569 37 21 be-

192 599 63 27 klaga
278 600 59 21 dem:
360 600 139 25 utskyldernä
521 599 78 26 päökas
623 598 24 20 är
670 598 53 20 ifrån
746 597 29 26 är,
793 598 39 20 och
854 597 43 21 alla
919 597 36 22 fri-
974 598 39 21 och

193 628 128 27 rättigheter
345 630 37 19 äro
408 628 101 26 indragna
534 628 33 20 till
593 627 62 21 deras
683 626 88 26 förmån,
795 632 44 15 som
862 628 37 18 äro
923 626 25 22 de
971 626 58 22 för-"

193 658 110 26 mögnaste
317 656 8 22 i
339 656 79 22 landet.
447 656 41 26 Jag
510 656 33 21 för
566 656 42 21 min
629 655 33 21 del
685 655 81 21 lemnar
788 655 33 21 till
843 655 63 21 hvars
922 655 39 21 och
976 661 37 15 ens

192 686 123 26 pröfvande,
337 690 34 15 om
386 685 42 21 han
444 685 67 21 skulle
526 684 56 22 finna
597 684 32 26 sig
643 683 50 26 nöjd
707 684 49 20 med
771 690 26 14 en
812 683 62 27 fattig
886 684 128 26 jordbruka-

192 720 34 15 res
248 714 111 26 betryckta
382 714 105 25 ställning,
509 715 23 25 ty
555 714 63 26 ingen
641 714 23 19 är
681 713 7 20 i
704 712 85 21 svårare
804 712 126 26 belägenhet
945 714 27 20 än
988 719 25 15 en

192 742 63 27 fattig
277 742 76 22 bonde.
383 742 40 26 Jag
444 742 34 21 för
493 743 42 19 min
551 742 33 20 del
599 741 78 21 önskar
693 741 18 26 ej
726 742 32 20 att
773 740 29 21 bli
817 741 70 27 nägon
902 740 110 22 kommun-

192 771 69 26 fiskal,
270 771 19 27 ej
299 771 68 21 heller
381 773 46 19 tror
436 770 37 28 jag
487 772 32 19 att
532 770 68 27 någon
615 770 106 21 förhastar
736 770 31 26 sig
783 770 70 20 dertill
868 769 48 21 med
932 770 81 21 mindre

194 800 41 20 han
258 800 53 21 först
326 800 103 20 betänker
443 800 36 26 sig.
510 798 41 28 Jag
565 800 81 20 lemnar
665 798 35 21 det
716 798 74 21 dervid
805 798 40 21 och
860 800 44 20 tror
926 801 32 19 att
973 799 40 21 Re-

193 829 99 26 geringen
315 834 42 21 nog
379 828 106 27 afhjelper
504 828 67 21 denna
587 833 84 20 omsorg
685 827 34 21 för
735 827 35 21 det
785 826 131 22 hedervärda
932 827 82 22 Bonde-

194 857 89 27 ständet,
297 857 40 21 och
352 862 63 16 anser
429 858 32 20 att
476 858 62 20 dessa
553 856 80 27 förslag
647 856 66 20 borde
729 856 126 21 förkastas.*

260 914 112 21 Edusmies
395 914 142 27 Varpenius
559 914 28 21 oli
610 919 72 16 samaa
704 914 72 21 mieltä
799 914 52 21 kuin
874 914 68 21 Slotte
964 914 51 21 sekä

192 943 61 25 luuli,
269 943 51 21 ettei
335 943 65 26 sopisi
415 943 84 26 ketään,
515 942 106 21 vähintäin
637 942 254 21 kunnallislautakunnan
907 943 107 21 esimiestä

194 972 101 26 pakottaa
317 971 157 28 viinajuttuihin
492 971 132 26 ryhtymään,
646 970 47 22 sillä
709 971 103 26 tapahtua
826 971 60 26 voisi,
902 973 45 20 että
962 971 52 22 kun-

194 1007 62 14 nassa
275 1000 46 21 olisi
336 1001 57 20 moni
409 1000 133 21 esimieheksi
559 1000 104 27 kelpaava
680 1000 58 26 mies,
755 1000 66 26 jonka
839 999 73 22 luonto
930 1001 84 20 kuiten-

195 1029 55 21 kaan
266 1029 19 20 ei
307 1031 86 24 myöten
415 1029 76 21 antaisi
513 1029 68 21 hänen
600 1031 73 18 ruveta
689 1028 110 22 sellaiseen
815 1031 80 24 sotaan,
919 1029 47 22 sillä
981 1035 32 14 so-

195 1058 62 21 daksi
273 1057 61 22 aivan
352 1058 62 26 hyvin
430 1057 90 22 voidaan
535 1057 40 22 sitä
590 1057 83 26 kutsua,
689 1057 51 21 kuin
756 1063 26 15 on
799 1058 129 25 täytyminen
944 1058 71 21 lähteä

193 1086 47 21 ulos
255 1087 83 20 monien
354 1086 73 21 aseilla
441 1086 154 26 varustettujen
610 1085 91 22 miehien
716 1092 105 15 seurassa.
837 1085 72 22 Tähän
917 1086 56 22 vielä
982 1089 32 18 tu-

195 1115 41 26 lisi,
244 1117 44 19 että
299 1115 253 22 kunnallislautakunnan
562 1115 83 21 esimies
655 1115 134 21 tämmöisten
800 1115 129 21 askareitten
940 1116 75 21 kautta

196 1143 119 22 menettäisi
330 1150 96 15 arvonsa.
450 1143 52 22 Mitä
517 1143 108 28 Nygärdin
641 1143 109 21 lauseesen
765 1143 45 26 tuli,
827 1144 43 21 niin
886 1144 28 21 oli
929 1144 86 27 Nygärd

192 1173 23 25 jo
238 1173 40 20 itse
301 1173 143 20 tunnustunut
466 1178 36 15 sen
525 1173 19 20 ei
564 1173 67 20 asiata
647 1172 107 21 koskevan
767 1173 23 26 ja
805 1173 55 21 siten
876 1175 140 24 vapauttanut

196 1201 94 26 puhujan
313 1207 37 15 sen
372 1201 190 22 vastustamisesta.
592 1201 123 21 Toivottava
737 1201 58 26 kyllä
817 1201 54 26 olisi,
894 1204 44 19 että
961 1202 55 22 sala-

195 1230 69 26 poltto
276 1229 58 22 tulisi
349 1229 132 27 poistetuksi,
493 1235 52 16 vaan
560 1230 79 26 puhuja
655 1229 80 26 pelkäsi
751 1229 146 27 ehdottelijain
907 1231 108 26 puolusta-

196 1259 56 20 mien
267 1258 98 27 keinojen
382 1259 50 20 siksi
448 1258 19 21 ei
483 1259 98 20 riittävän
598 1258 48 21 eikä
661 1259 75 20 olevan
751 1259 102 21 soveliaat
869 1271 25 2 —
908 1259 23 26 ja
946 1259 69 22 tahtoi

194 1293 38 14 sen
247 1287 75 22 vuoksi
337 1287 138 26 puolestansa
489 1287 72 26 hylätä
575 1287 96 26 puheena
686 1287 69 21 olevat
771 1287 221 22 anomusehdotukset.

271 1344 112 21 Puhemies
409 1344 88 20 kehoitti
511 1343 84 26 säätyä
620 1344 128 21 ääntämällä
773 1345 156 20 ratkaisemaan
954 1345 61 26 kysy-

196 1372 94 26 myksen.

263 1429 213 27 Landtdagsmannen
493 1429 86 23 Slotte
594 1431 65 27 ansäg
671 1431 74 26 frägan
760 1437 51 16 vara
826 1431 23 21 af
863 1432 41 21 den
918 1432 50 27 vigt,
984 1434 32 20 att

195 1459 37 20 det
254 1458 74 22 kräfde
350 1457 53 34 flera
419 1458 45 22 ord.
493 1458 89 23 Talaren
598 1459 65 28 ansäg
678 1459 118 28 Varpenius
812 1460 63 22 hafva
890 1461 75 28 riktigt
979 1468 36 15 an-

196 1487 75 27 märkt,
286 1489 32 20 att
333 1493 48 15 man
397 1488 46 21 icke
459 1487 70 22 kunde
545 1489 96 22 ähvälfva
657 1489 278 28 kommunalförvaltningen
950 1491 66 27 nägra
