1117 1817
236 152 42 34 530
530 162 26 16 30
568 166 19 16 p.
599 161 85 17 Huhtik.

277 220 49 22 Men
349 220 62 22 äfven
434 226 34 16 om
490 221 70 26 någon
579 220 50 22 ville
644 220 109 22 föreställa
768 220 31 27 sig
815 227 25 14 en
856 220 116 26 möjlighet,
994 220 32 20 att

208 250 36 21 det
258 249 108 22 blifvande
389 249 133 27 kyrkomötet
541 252 15 18 t.
572 255 31 15 ex.
619 249 7 21 i
641 249 52 26 följd
708 249 23 21 af
744 248 170 27 presterskapets
929 248 98 21 framträ-

208 278 68 22 dande
299 278 33 21 nit
346 278 7 20 i
368 278 93 26 kyrkans
483 278 177 26 angelägenheter
681 278 46 20 icke
746 277 56 21 blott
816 277 33 21 till
870 276 88 24 hälften,
976 278 51 20 utan

208 307 39 22 ock
270 306 32 22 till
325 306 161 28 trefjerdedelar
507 306 39 22 och
568 312 59 16 mera
649 306 41 21 blir
712 307 138 20 sammansatt
868 306 24 20 af
905 305 123 27 presterligt

208 336 87 22 sinnade
318 337 55 24 män,
399 335 45 21 icke
467 335 63 27 följer
552 335 60 21 deraf
626 336 31 20 att
671 334 136 27 kyrkomötet
822 335 46 21 med
885 336 57 20 rätta
956 340 70 20 repre-

208 367 97 19 senterar
319 364 89 27 kyrkan.
438 364 30 27 Ty
483 364 46 21 icke
544 364 66 21 heller
624 364 159 27 presterskapet
798 366 24 18 är
836 363 88 27 kyrkan.

276 393 42 21 Det
339 392 61 22 fanns
414 392 123 27 visserligen
552 399 26 15 en
593 392 31 22 tid
639 392 62 21 äfven
716 392 7 21 i
738 392 47 21 vårt
800 392 56 26 land,
880 398 26 16 en
922 392 105 20 mörkrets

207 422 38 27 tid,
269 422 27 21 då
311 421 29 22 all
356 422 40 20 den
412 422 131 26 upplysning,
566 427 45 15 som
626 421 143 27 framträngde
783 421 33 21 till
831 420 74 27 folket,
921 420 106 21 meddela-

208 451 38 22 des
262 450 118 22 detsamma
399 456 75 21 genom
490 450 162 27 presterskapet.
682 449 113 22 Presterna
810 449 175 27 representerade
1000 449 28 21 då

207 479 81 28 kyrkan
304 480 7 21 i
326 479 76 27 sjelfva
416 479 84 26 verket;
521 479 23 26 ja
558 479 106 27 praktiskt
686 478 85 21 stiftade
788 478 26 21 de
836 480 82 19 ensamt
934 478 47 21 dess
996 478 30 21 la-

208 515 44 20 gar.
282 507 45 22 Och
349 507 47 22 från
418 508 68 21 denna
509 508 31 21 tid
560 507 75 22 härrör
650 509 57 19 ännu
722 507 6 21 i
743 507 132 21 närvarande
891 507 63 22 stund
969 506 58 21 mån-

208 543 51 21 gens
274 537 146 26 föreställning
435 538 31 19 att
480 537 159 26 presterskapet
653 538 24 19 är
692 536 88 27 kyrkan.

276 565 47 22 Den
338 565 58 21 tiden
412 567 24 19 är
451 565 55 21 dock
520 571 88 15 numera
622 564 97 22 förliden.
741 564 67 21 Äfven
824 564 124 21 lekmännen
964 563 64 22 hafva

207 595 43 20 lärt
272 595 32 26 sig
326 594 45 21 läsa
390 594 38 21 och
443 593 68 22 förstå
526 593 67 22 skrift.
623 593 33 21 De
671 593 63 21 hafva
749 593 42 21 lärt
806 593 32 26 sig
852 593 67 20 vörda
934 593 46 21 sina
994 599 34 14 re-

207 623 153 27 ligionslärare,
383 628 48 15 men
456 623 64 20 också
541 624 32 19 att
588 622 46 21 icke
648 622 7 21 i
671 622 46 21 dem
733 622 93 21 erkänna
842 622 46 21 sina
902 621 125 27 lagstiftare.

209 651 44 22 Och
276 651 26 22 de
324 652 32 20 tre
372 650 100 22 ståndens
487 651 110 27 enhälliga,
621 651 64 20 redan
701 650 95 21 uttalade
810 650 92 27 gillande
918 649 24 22 af
956 650 25 21 de
996 657 32 14 se-

209 680 96 21 dermera
320 679 23 22 af
356 679 159 22 Prestaståndet
530 679 124 27 ifrågasatta
668 679 27 26 $$
710 679 23 21 af
746 679 216 26 kyrkolagsförslaget
984 679 44 21 må-

208 711 33 19 ste
256 708 120 27 påtagligen
392 709 110 20 betraktas
517 709 69 20 såsom
602 709 31 20 ett
648 708 74 21 tecken
738 708 32 21 till
786 709 30 19 ett
831 707 95 22 vaknadt
940 707 88 22 allmänt

209 737 139 21 medvetande
364 743 33 15 om
414 737 68 21 denna
498 737 98 26 ställning
611 737 89 20 emellan
716 739 111 24 presterna
842 737 40 20 och
896 736 76 21 folket.
987 736 41 27 Jag

209 766 68 21 slutar
300 765 84 22 derföre
406 766 49 21 mitt
477 765 135 27 andragande
633 765 45 20 med
695 767 31 19 att
741 765 68 21 uttala
824 765 40 20 den
880 765 147 26 förhoppning,

208 797 32 18 att
263 794 36 21 det
320 794 132 21 hedervärda
474 794 157 21 Bondeståndet
654 793 84 21 förenar
760 794 32 26 sig
811 799 34 15 om
861 793 35 21 det
911 793 71 22 beslut
997 795 31 20 att

209 823 151 26 inbjudningen
376 822 80 21 lemnas
471 825 50 18 utan
537 822 119 21 afseende".

276 891 112 21 Puhemies
411 890 83 27 lykkäsi
516 891 79 26 säädyn
616 890 164 27 päätettäväksi,
795 891 49 20 eikö
859 892 60 25 sääty
934 891 92 26 tahtoisi,

208 920 68 21 koska
297 919 145 27 Papissäädyn
458 919 59 22 esillä
533 920 60 21 oleva
608 919 112 21 kutsumus
734 919 78 21 koskee
827 919 65 21 kahta
907 920 31 20 eri
953 920 74 25 asiata,

209 949 59 21 ensin
283 950 59 20 ottaa
357 948 224 22 keskusteltavakseen
594 948 140 27 kysymyksen
745 948 148 21 seurakunnan
903 948 125 21 kokouksen

208 977 236 22 lainsäädäntävallasta
455 977 23 26 ja
494 978 48 20 sitte
556 977 141 27 kysymyksen
712 976 165 22 kirkkokurista.

276 1046 112 21 Edusmies
410 1045 126 22 Nikkarla
550 1045 45 22 luki
610 1045 130 28 kirjallisesti
754 1046 79 26 tehdyn
844 1046 124 26 lausunnon,
977 1046 52 27 joka

208 1075 75 21 kuului
298 1075 59 21 näin:

277 1138 58 28 nKen
350 1138 132 21 kirkollisille
497 1138 80 22 asioille
593 1140 64 20 antaa
671 1139 78 25 täyden
765 1144 96 21 arvonsa,
876 1139 69 20 hänen
956 1139 72 25 täytyy

208 1169 122 25 tunnustaa,
353 1169 44 19 että
420 1167 64 26 niillä,
500 1167 144 22 taitaaksensa
666 1167 53 21 tulla
740 1167 148 22 tarkoituksen
904 1166 124 22 mukaisesti

208 1196 105 27 ajetuiksi,
328 1196 59 27 pitää
402 1196 82 21 oleman
500 1198 62 23 omat,
583 1197 46 20 tätä
643 1196 128 21 tarkoitusta
786 1198 73 19 varten
874 1196 78 21 valitut
968 1195 60 21 edus-

208 1225 114 26 miehensä,
344 1224 67 21 kutka
434 1225 55 20 eivät
503 1225 90 20 ainoasti
608 1225 33 20 ole
656 1225 88 20 taitavia
759 1225 65 20 niissä
845 1231 54 14 vaan
921 1225 59 25 myös
996 1230 32 20 sy-

209 1254 95 21 dämestä
318 1255 139 25 ymmärtävät
470 1253 22 26 ja
507 1253 88 21 kalliina
609 1253 82 27 pitävät
706 1253 70 21 niiden
792 1259 66 15 arvon
870 1253 23 27 ja
906 1252 61 28 jotka
981 1258 47 15 seu-

208 1283 92 20 rakunta
316 1288 26 15 on
356 1282 57 26 juuri
428 1282 71 21 näihin
515 1282 173 21 ominaisuuksiin
703 1282 89 21 katsoen
807 1282 95 21 valinnut
917 1282 52 21 niitä
984 1281 43 26 aja-

208 1317 69 15 maan.
306 1310 82 21 Näiden
409 1311 66 20 asiain
491 1311 129 21 soveliaasen
635 1311 153 26 käyttämiseen
805 1311 103 20 tarvitaan
924 1311 58 26 myös
998 1310 31 21 eri

208 1339 78 26 paikka
299 1339 23 26 ja
338 1339 53 25 aika,
416 1339 92 26 etteivät,
530 1339 143 22 sekoitettuna
688 1339 80 21 muihin
784 1339 96 25 asioihin,
900 1338 54 27 joita
969 1339 58 20 moni

208 1368 58 25 pitää
288 1367 71 26 paljon
374 1367 152 25 tärkeämpänä
541 1368 49 20 kuin
606 1367 118 21 kirkollisia
738 1368 83 24 asioita,
842 1367 48 26 jäisi
905 1367 84 26 syrjään
1002 1367 23 25 ja

208 1396 201 25 leväperäisyyteen.
424 1394 27 21 Ja
462 1395 41 20 kun
514 1394 104 27 nykyinen
628 1395 186 25 eduskuntamme,
820 1401 37 15 sen
868 1395 130 26 alkuperään
1005 1395 23 25 ja

208 1424 160 21 rakennukseen
383 1423 95 25 katsoen,
488 1429 27 15 on
529 1423 108 27 pidettävä
652 1424 78 20 valtion
746 1424 48 20 eikä
808 1424 148 21 seurakunnan
968 1422 60 22 edus-

208 1452 132 26 miehistönä,
363 1452 72 21 näihin
458 1452 83 21 nähden
559 1452 63 26 pidän
638 1452 56 21 minä
716 1452 172 27 päätäntövallan
912 1452 116 22 seurakun-

209 1481 105 22 nallisissa
329 1481 88 21 asioissa
427 1481 70 26 paljon
510 1482 168 26 mukavampana
686 1482 105 26 jätettynä
801 1481 227 22 seurakuntakokouk-

209 1510 50 22 selle
281 1510 52 21 kuin
356 1510 78 21 valtion
456 1510 188 26 edusmiehistölle;
664 1510 58 27 josta
737 1512 71 25 syystä
823 1511 67 21 esitän
906 1510 121 22 armollisen
