1114 1786
196 128 42 21 546
505 135 9 15 1
527 139 18 15 p.
559 135 90 16 Toukok.

168 193 111 26 emottagit
301 194 25 20 de
349 193 71 26 heliga
442 194 100 26 rätterne,
569 194 54 21 skall
638 194 41 20 han
695 195 59 19 snart
770 192 162 22 öfverantvarda
947 193 43 27 mig

167 222 7 20 i
189 222 57 20 mina
261 220 91 22 fienders
366 221 67 21 våld".
449 221 68 21 Häraf
530 224 24 19 är
569 222 83 21 således
667 221 63 27 klart,
746 224 31 19 att
787 222 67 20 Judas
870 221 61 21 äfven
947 221 43 21 blef

167 249 95 27 delaktig
284 250 7 21 i
313 250 41 21 den
373 250 71 26 heliga
466 250 132 22 nattvarden.
627 250 38 21 Ett
679 250 57 20 klart
750 250 66 26 bevis,
841 252 31 19 att
888 249 102 27 ovärdiga

166 280 71 24 gäster
260 278 46 22 icke
329 278 60 22 skola
411 278 93 22 afhällas
529 278 54 22 ifrån
606 279 69 21 denna
689 278 55 27 höga
759 278 95 22 måltid”.
885 278 28 21 Sä
933 278 56 22 talar

167 307 68 20 denne
258 307 83 26 andlige
363 313 47 14 man
426 307 33 20 för
474 313 46 15 mer
534 309 26 19 än
576 307 82 21 hundra
674 307 24 20 är
713 307 73 22 sedan.
817 307 44 20 Och
877 307 73 21 säkert
964 309 25 19 är

166 336 33 20 att
213 335 55 22 hade
284 335 54 26 Han,
355 335 40 21 den
414 335 119 22 allvetande
547 335 208 22 nattvardsstiftaren
771 336 57 21 velat
843 335 93 22 utesluta
950 335 38 22 nä-

166 369 41 21 gon
223 363 47 22 frän
286 364 67 21 denne
369 364 70 26 heliga
455 364 80 27 mältid,
551 364 24 21 sä
590 364 55 21 hade
660 364 42 21 han
718 365 72 21 säkert
805 364 98 21 uteslutit
912 363 76 27 Judas,

166 398 45 15 som
226 392 48 21 Han
289 393 7 21 i
312 393 32 20 sin
359 393 98 20 allvishet
472 393 44 26 säg,
539 395 31 19 att
585 393 36 20 det
636 393 19 26 ej
676 399 59 15 mera
750 399 38 15 var
802 393 68 26 nägon
886 392 101 27 förhopp-

165 421 51 26 ning
238 427 34 15 om
293 421 7 21 i
317 420 120 21 nädetiden.
468 421 49 21 Men
533 421 27 21 dä
575 421 47 21 Han
639 421 35 20 det
690 421 19 26 ej
725 421 27 22 dä
767 421 82 27 gjorde,
871 421 39 20 bör
925 422 63 25 ingen

165 450 59 25 prest
247 450 7 21 i
276 449 50 22 vära
348 449 66 27 dagar
436 451 40 25 äga
499 450 101 26 rättighet
616 449 71 22 dertill
702 452 45 19 mot
762 456 25 15 en
803 450 117 25 menniska,
943 455 46 16 som

165 477 113 27 möjligtvis
294 478 7 21 i
316 479 31 20 ett
370 478 51 20 eller
437 479 65 20 annat
516 477 100 22 afseende
631 478 42 21 kan
689 479 27 20 ha
731 478 52 21 felat
799 480 45 19 mot
858 481 86 23 presten
960 478 29 21 el-

165 506 31 21 ler
210 507 70 26 nägon
295 513 77 19 annan,
389 513 48 14 men
451 507 63 20 hvars
530 509 94 19 samvete
638 507 86 25 vittnar,
736 508 31 20 att
780 507 35 20 det
825 507 94 21 ansedda
930 506 59 21 brot-

164 536 32 20 tet
218 535 18 26 ej
252 537 24 19 är
294 535 64 26 något
374 534 65 26 brott,
457 535 39 21 och
510 535 63 21 hvars
588 535 69 27 hjerta
671 535 95 22 hvarken
782 536 85 25 presten
883 535 52 21 eller
950 535 37 21 nä-

164 568 42 21 gon
221 570 69 14 annan
305 563 43 21 kan
362 563 88 21 känna”.

242 619 91 22 Talaren
359 619 73 22 tillade
459 619 132 27 mundtligen
619 622 32 19 att
673 620 104 27 andraget
804 620 119 27 egentligen
952 620 36 21 be-

164 648 106 21 handlade
284 647 74 28 frägan
374 655 34 14 om
424 648 148 27 kyrkotukten,
588 648 88 21 emedan
692 648 83 21 talaren
791 649 35 20 vid
841 649 146 21 nedskrifvan-

165 677 36 21 det
217 676 61 22 deraf
292 677 81 26 trodde,
389 679 32 19 att
436 676 161 27 ifrägavarande
612 677 125 27 inbjudning
752 677 70 21 skulle
837 679 6 20 i
858 677 70 27 vanlig
939 677 48 21 ord-

164 706 50 26 ning
236 705 107 26 företagas
366 706 39 21 och
427 706 54 25 icke,
504 705 69 21 säsom
595 712 28 14 nu
643 705 65 26 skett,
724 711 80 16 samma
820 706 90 27 ordning
925 705 62 27 följas

164 740 45 15 som
231 734 35 21 vid
286 734 83 26 läsning
392 734 23 21 af
433 733 121 22 hebraiska.
584 734 42 21 För
641 733 65 27 öfrigt
721 734 49 21 ville
786 734 82 21 talaren
883 734 103 26 meddela,

164 765 32 18 att
218 763 42 20 han
281 762 55 21 hade
358 763 32 26 sig
404 762 87 26 bekant,
507 764 31 19 att
553 762 157 27 Ridderskapet
726 763 39 21 och
780 763 69 21 Adeln
864 765 56 19 samt
934 762 52 21 Bor-

163 791 137 27 gareständet
314 791 106 22 förkastat
434 791 170 22 Prestaständets
619 791 162 27 ifrägavarande
796 792 132 27 inbjudning.

232 848 112 22 Puhemies
364 849 65 21 selitti
445 848 81 21 Slotten
541 849 155 21 muistutuksen
710 849 102 26 johdosta
828 849 96 26 puheena
941 849 43 21 ole-

163 883 41 15 van
219 878 59 20 asian
293 877 78 21 tulleen
384 877 116 27 esitellyksi
515 878 53 21 siinä
581 877 168 27 järjestyksessä,
758 878 66 21 missä
839 877 146 27 Papissäädyn

163 906 105 26 lähetystö
283 906 86 22 toimitti
384 906 160 21 kutsumuksen.

231 964 111 22 Edusmies
357 963 131 22 Vitikkala
507 964 82 21 virkkoi
604 963 118 22 Riihimäen
737 963 119 27 polkeneen
872 963 112 22 edellisten

163 992 107 27 puhujien,
285 993 90 21 muitten
390 999 73 15 seassa
478 992 143 22 Aschaninkin
638 992 90 21 lauseita
744 992 48 21 sillä
807 992 177 26 muistutuksella,

162 1021 96 21 ett'eivät
273 1021 116 21 koskeneet
404 1022 68 20 asiata
487 1027 53 15 vaan
556 1021 134 26 poikkesivat
705 1021 55 21 siitä.
786 1020 50 21 Niin
852 1020 132 22 kuitenkaan

163 1050 19 20 ei
198 1050 32 20 ole
246 1050 136 26 tapahtunut.
411 1049 52 21 Päin
478 1050 82 21 vastoin
576 1055 27 15 on
623 1048 85 22 Aschan
723 1050 89 25 pysynyt
827 1049 86 26 asiassa,
930 1055 55 15 vaan

162 1077 115 22 Riihimäki
298 1077 118 28 poikennut
438 1078 55 26 siitä,
516 1079 43 20 kun
581 1078 42 21 hän
646 1079 70 24 syyttä
738 1083 26 15 on
784 1077 112 21 koettanut
912 1079 72 20 sortaa

162 1107 89 21 muitten
267 1107 92 26 puheita.

231 1135 82 26 Puhuja
324 1135 59 20 sanoi
395 1135 156 21 havainneensa
561 1134 126 21 muittenkin
697 1134 186 27 vastapuolueesta
893 1135 90 20 tekevän

161 1163 79 22 itsensä
263 1163 66 22 siihen
345 1163 122 26 vikapääksi
483 1164 60 25 siten,
567 1163 94 21 ett'eivät
676 1163 49 20 edes
741 1163 33 20 ole
789 1162 110 21 tahtoneet
915 1163 68 20 kuun-

161 1191 57 21 nella
232 1191 164 27 vastustajiensa
410 1192 93 25 puheita.
519 1191 82 27 Puhuja
616 1191 19 21 ei
649 1192 73 20 voinut
738 1191 108 26 hyväksyä
861 1191 122 21 semmoista

161 1220 105 26 käytöstä.
305 1220 49 21 Asia
377 1220 29 20 oli
428 1220 44 21 niin
495 1220 82 26 tärkeä,
607 1221 45 19 että
679 1219 97 27 jokaisen
798 1218 79 27 puheet
900 1219 84 21 olisivat

161 1248 105 21 tarkkaan
280 1248 161 21 kuunneltavat.
463 1248 141 21 Puolestansa
619 1248 57 21 aikoi
690 1247 82 27 puhuja
787 1249 85 19 seurata
887 1248 43 20 niin
946 1248 37 26 hy-

161 1277 35 21 vin
217 1277 70 26 yhden
309 1276 51 21 kuin
382 1276 104 22 toisenkin
504 1276 104 27 puolueen
623 1276 94 27 puheita.
746 1275 125 27 Rosenberg
886 1276 29 20 oli
930 1276 53 20 kun-

161 1306 160 20 nioitettavassa
342 1305 22 26 ja
386 1304 145 22 kristillisessä
553 1304 159 22 aikomuksessa
730 1304 74 26 tehnyt
820 1304 162 26 ehdotuksensa,

161 1339 53 15 vaan
234 1333 80 26 puhuja
329 1334 19 19 ei
363 1332 150 21 kumminkaan
529 1334 74 19 voinut
617 1334 42 19 sitä
673 1333 121 25 puolustaa.
824 1332 27 21 Se
866 1333 47 20 olisi
929 1332 54 21 ollut

161 1361 86 21 tehtävä
269 1361 60 21 asian
352 1361 44 21 ensi
418 1360 77 22 kerran
511 1360 60 22 esillä
586 1360 84 22 ollessa.
700 1360 26 21 Ja
742 1360 57 21 lisäsi
815 1360 81 26 puhuja
910 1362 73 19 tämän

158 1390 84 26 jälkeen
258 1389 140 27 kirjallisesti:

230 1447 98 27 nAsiasta
350 1448 89 20 olemme
451 1447 22 27 jo
489 1447 70 27 paljon
575 1446 106 22 väitelleet
691 1446 69 22 silloin
772 1446 51 22 kuin
834 1447 48 21 siitä
893 1446 88 22 olemme

159 1478 99 25 päätöstä
274 1476 120 27 tehneet,
374 1471 24 36 ja
408 1476 78 21 kaiken
502 1482 36 15 sen
549 1476 81 21 sivussa
640 1476 129 20 onnistuikin
780 1476 50 24 niin,
842 1477 43 19 että
896 1475 85 21 olimme

159 1506 51 26 yhtä
224 1505 80 27 pitävät
318 1505 86 22 kahden
419 1511 64 15 muun
495 1504 78 27 säädyn
588 1505 51 21 kuin
661 1505 59 26 myös
736 1504 121 22 armollisen
873 1504 107 27 esityksen
