1123 1811
444 130 29 18 28
486 134 20 18 p.
518 130 90 18 Toukok.
861 125 41 21 807

498 220 8 25 g
520 219 25 26 6.

174 274 69 31 Sääty
259 274 102 27 hyväksyi
375 274 199 24 kieltämättömällä
582 276 156 22 enemmistöllä
747 274 185 23 sovitusehdotuk-

110 307 46 22 sen,
169 302 66 26 johon
257 303 132 26 päätökseen
407 303 132 22 edusmiehet
553 303 82 22 Määttä
647 304 23 27 ja
685 303 137 22 Ahvenainen
837 303 96 22 ilmoitti-

109 331 38 20 vat
161 330 136 27 epäyksensä.

453 399 24 28 8$
491 401 14 21 9
517 400 23 27 ja
556 401 33 21 10.

179 456 218 27 Landtdagsmannen
412 457 139 27 Lindgren
566 457 72 22 kunde
657 457 19 27 ej
691 457 72 27 undgä
777 458 33 21 att
824 457 57 22 finna
897 456 36 21 det

111 484 149 28 besynnerligt,
283 487 32 20 att
338 485 106 22 utskottet
462 485 91 28 inbjudit
568 489 32 18 tre
616 485 69 27 ständ,
700 491 45 16 som
760 486 55 21 varit
829 491 56 20 ense,
901 486 33 21 att

111 513 48 22 med
174 513 129 27 frängäende
319 514 23 21 af
355 514 47 21 sina
416 514 7 21 i
438 513 65 23 saken
518 514 82 22 fattade
614 514 71 22 beslut
699 513 76 23 förena
789 515 33 26 sig
836 514 49 22 med
897 514 36 21 det

109 541 75 28 fjerde.
214 541 90 23 Talaren
320 542 93 23 önskade
428 542 84 23 derföre
533 545 33 20 att
579 542 162 28 ifrågavarande
755 542 26 28 8$
796 543 66 21 måtte
876 542 57 21 bibe-

111 570 67 22 hällas
193 571 81 22 sädana
289 571 26 21 de
330 571 66 22 redan
411 571 24 21 af
448 573 33 19 tre
496 571 61 22 ständ
572 572 93 26 antagits
685 571 39 22 och
739 571 70 22 säsom
823 571 62 22 äfven
900 573 33 19 ut-

110 599 83 49 Skottet
215 599 8 21 i
244 599 38 22 sitt
304 599 58 22 öfver
383 599 48 22 nåd.
454 600 158 27 propositionen
635 599 80 28 afgifna
729 599 135 23 betänkande
879 599 55 22 före-

109 628 69 26 slagit.

180 690 215 28 Landtdagsmannen
417 691 106 23 Aschan
546 693 85 26 yttrade
654 693 32 21 att
708 692 36 22 det
766 692 35 22 vid
815 691 68 21 första
897 690 37 28 på-

111 720 77 20 seende
209 720 53 21 visst
285 720 70 21 kunde
377 726 64 20 synas
460 720 113 28 underligt,
588 722 33 20 att
635 721 106 21 utskottet
755 720 91 28 inbjudit
861 720 25 21 de
901 722 32 18 tre

109 746 81 24 ofrälse
210 748 90 22 stånden
322 750 32 20 att
376 748 74 28 frångå
473 748 61 23 deras
555 750 8 20 i
586 749 65 22 saken
672 749 88 27 fattade,
775 750 159 21 sammanstäm-

111 777 77 20 mande
211 776 71 22 beslut
305 777 40 20 och
367 777 73 22 förena
462 778 33 25 sig
509 778 47 21 med
571 774 158 31 Ridderskapet
743 778 40 21 och
797 777 74 26 Adeln,
886 782 48 16 men

111 805 33 21 vid
168 807 97 19 närmare
290 805 134 22 betänkande
438 805 66 22 funne
522 813 48 15 man
586 806 54 22 dock
655 808 32 20 att
701 807 60 21 detta
776 812 49 16 vore
841 805 36 22 det
891 805 43 22 för-

110 833 149 28 delaktigaste,
275 834 89 21 emedan
385 834 26 22 de
433 835 35 21 vid
490 835 149 22 brännerierne
654 834 97 23 använda
765 834 124 23 mekaniska
903 833 31 22 in-

111 863 146 26 rättningarne
272 863 47 22 med
336 863 73 27 hvarje
423 863 24 21 år
462 863 142 23 förbättrades
619 864 40 21 och
674 863 145 27 förändrades,
835 862 98 22 hvarföre

111 891 83 21 talaren
209 891 66 27 ansåg
290 893 33 19 att
337 892 88 21 ståndet
439 891 66 22 borde
519 892 75 22 bifalla
608 892 33 22 till
656 893 115 21 utskottets
785 891 87 27 förslag.

180 954 215 28 Landtdagsmannen
411 954 90 23 Slotte
520 954 103 24 förmälde
638 955 33 27 sig
684 954 64 23 hafva
763 954 46 22 haft
823 955 34 21 för
871 954 64 28 afsigt

109 984 34 21 att
156 982 119 23 framställa
290 984 118 22 detsamma
422 989 46 17 som
483 984 84 22 Aschan
590 984 39 21 och
644 983 50 22 ville
708 983 125 28 ytterligare
847 983 87 28 tillägga

109 1013 35 20 att
165 1012 62 22 äfven
249 1012 106 22 utskottet
378 1012 70 22 funnit
470 1012 36 22 det
521 1012 118 28 oegentliga
653 1013 8 21 i
675 1014 32 20 att
722 1012 88 27 inbjuda
824 1014 33 20 tre
872 1012 62 22 stånd

110 1041 34 21 till
166 1040 128 28 deltagande
317 1042 7 21 i
347 1041 36 22 det
405 1041 78 28 fjerdes
505 1041 77 28 beslut,
601 1041 100 22 hvarföre
715 1041 106 22 utskottet
835 1041 18 27 ej
869 1040 66 22 heller

111 1072 48 24 sagt
174 1071 32 19 att
221 1070 72 26 saken,
309 1070 8 21 i
332 1069 39 22 fall
383 1070 153 28 inbjudningen
545 1070 48 22 icke
603 1071 94 26 antoges,
707 1070 85 22 komme
802 1071 32 20 att
843 1069 91 22 förfalla.

180 1132 215 28 Landtdagsmannen
411 1133 69 22 Keto
495 1140 38 15 var
548 1134 23 21 af
584 1138 81 17 samma
680 1132 55 28 åsigt
749 1132 48 22 med
812 1132 68 22 Slotte
895 1133 40 21 och

111 1161 85 21 Aschan
211 1162 56 21 samt
283 1162 98 27 upplyste
396 1163 33 20 att
443 1161 157 28 Ridderskapet
615 1162 40 21 och
669 1161 68 22 Adeln
753 1161 89 28 vidtagit
851 1162 38 21 sitt
898 1160 37 22 be-

110 1189 44 22 slut
169 1190 7 21 i
192 1190 66 21 saken
273 1190 28 27 på
315 1190 158 27 framställning
487 1190 24 22 af
524 1190 50 22 herr
592 1190 114 26 Snellman,
721 1195 46 16 som
781 1190 108 21 meddelat
903 1192 33 19 att

110 1217 163 28 ifrågavarande
288 1218 34 27 88,
337 1218 81 22 sådana
433 1218 109 22 desamma
559 1219 24 22 af
597 1219 26 22 de
639 1218 78 22 ofrälse
732 1218 89 22 stånden
836 1219 99 26 antagits,

110 1246 47 22 icke
172 1253 38 15 ens
225 1246 106 23 härintills
345 1247 82 22 kunnat
441 1246 127 23 efterlefvas.

179 1309 112 22 Edusmies
306 1309 156 28 Varpenius
484 1311 93 26 puolusti
592 1309 112 23 edellisten
719 1309 102 28 puhujain
836 1309 99 27 ajatusta,

110 1338 48 21 sillä
180 1337 82 28 puhuja
284 1338 40 27 piti
346 1338 176 22 luonnottomana
544 1338 132 23 edeltäkäsin
691 1337 135 23 asetuksessa
840 1339 96 20 määrätä

110 1366 89 23 kaikkia
222 1367 165 25 erikoisasioita,
407 1367 47 26 jota
476 1369 83 20 vastoin
580 1367 95 26 hallitus,
695 1367 34 27 jos
751 1367 20 21 ei
784 1366 44 22 niin
843 1366 92 26 tehtäisi,

112 1395 58 27 voipi
185 1396 96 26 vapaasti
296 1395 115 22 menetellä
425 1395 97 22 niinkuin
537 1396 45 22 asia
596 1396 50 22 aina
659 1395 72 22 vaatii.

179 1452 214 26 Landtdagsmannen
408 1451 132 27 Lindgren
555 1451 102 22 förmälde
673 1452 32 26 sig
719 1457 36 19 nu,
771 1451 55 21 efter
841 1450 95 22 erhällen

113 1480 127 27 upplysning
262 1479 7 21 i
283 1478 73 28 saken,
371 1479 51 27 vilja
436 1485 66 21 gerna
516 1480 27 26 gå
556 1480 22 21 in
593 1480 58 28 uppå
665 1480 116 21 utskottets
795 1478 86 28 förslag.
897 1478 40 21 Ta-
