1125 1814
440 151 26 16 25
480 155 18 17 p.
511 150 89 18 Toukok.
870 145 40 21 767

115 210 57 26 täjän
197 210 76 25 välillä,
297 210 19 21 ei
331 210 141 22 tarkoittanut
487 211 115 21 rautatietä
617 210 140 27 nimitettyjen
772 210 167 27 paikkakuntain

115 238 79 26 välillä,
209 244 54 14 vaan
279 238 113 26 Pielisjoen
408 239 192 21 kanavoittamista.

184 294 112 22 Edusmies
318 295 141 21 Hartonen
482 296 69 21 lausui
573 296 58 26 kyllä
653 296 81 22 vastoin
757 295 100 21 mieltään
872 297 68 24 täyty-

114 325 65 19 vänsä
202 322 72 27 hylätä
296 324 122 20 armollisen
440 324 113 26 esityksen,
568 330 55 15 vaan
638 325 45 20 että
697 324 85 26 puhuja,
798 323 67 21 koska
881 324 58 20 Rita-

114 351 52 22 risto
180 352 23 26 ja
218 352 70 21 Aateli
304 352 50 21 sekä
369 352 138 27 Pappissääty
523 354 55 20 eivät
593 353 34 20 ole
637 354 124 20 suostuneet
771 358 51 15 osaa
832 354 107 19 ottamaan

114 380 44 21 tien
175 383 70 18 teossa
257 381 23 27 ja
295 381 79 21 muissa
389 380 241 22 kunnallis-ulosteoissa
643 382 22 25 ja
680 380 144 22 niinmuodoin
840 381 56 20 eivät
906 380 33 21 ole

115 409 140 21 vähentäneet
269 408 230 28 Talonpoikaissäädyn
516 410 108 25 kuormaa,
639 409 110 21 kuitenkin
760 409 59 26 luuli,
830 409 60 21 ett'ei
900 409 39 21 Ta-

115 438 235 26 lonpoikaissäätykään
366 439 57 20 tässä
438 439 81 21 asiassa
535 438 52 21 ollut
601 438 124 21 velvollinen
741 444 138 14 seuraamaan
890 438 51 20 mai-

116 466 75 21 nittuin
215 467 82 26 säätyin
321 466 79 22 mieltä.
430 466 52 22 Mitä
504 467 65 21 täällä
592 473 26 15 on
645 467 92 27 puhuttu
760 467 107 26 yrityksen
890 466 51 27 hyö-

115 495 61 26 dystä
189 495 23 26 ja
228 495 89 26 eduista,
335 495 27 21 oli
378 495 94 27 puhujan
488 496 96 21 mielestä
599 496 92 26 pelkkää
706 496 102 26 pimeyttä
820 495 23 27 ja
859 501 80 20 sumua,

116 524 65 20 missä
196 524 19 20 ei
231 523 106 27 yhtäkään
352 524 93 21 valoisaa
460 524 80 21 kohtaa
555 524 58 21 voitu
628 524 106 21 huomata.

184 580 214 27 Landtdagsmannen
414 581 136 22 Punderus
565 581 84 27 yttrade
665 582 31 26 sig
711 581 119 26 skriftligen
840 581 99 21 sälunda:

187 656 9 11 »
200 638 49 22 Med
269 639 92 22 särdeles
376 639 114 22 förundran
500 639 66 21 hörde
572 639 37 27 jag
617 639 67 21 under
693 638 136 27 gäraftonens
837 644 103 16 samman-

116 668 61 21 träde
199 667 62 22 äfven
283 668 80 21 sädana
385 668 197 26 ständsledamöter,
606 674 44 15 som
671 669 51 25 göra
737 667 93 27 anspräk
844 667 55 21 bäde
914 666 27 27 pä

115 696 96 26 bildning
227 697 38 20 och
281 696 130 27 öfverlägsen
427 697 119 21 kännedom
562 703 33 15 om
604 696 82 21 landets
694 696 120 21 nödställda
822 695 53 27 läge,
884 696 57 25 yttra

116 727 32 19 att
161 725 44 26 just
220 725 61 21 desse
297 727 36 19 äro
350 727 58 19 emot
423 726 40 20 den
478 725 77 27 nädiga
573 725 158 27 propositionen
747 724 107 27 angäende
864 725 40 20 den
912 729 29 15 nu

116 753 123 26 ifrägasatte
252 753 121 27 jernvägen.
405 754 42 21 Det
462 760 34 15 ser
511 756 30 24 ut,
557 760 45 15 som
618 754 19 20 vi
653 754 7 21 i
675 753 159 21 Bondeständet
849 759 50 14 vore
914 752 26 21 de

116 782 55 21 enda
195 782 110 26 klarsynta
328 783 6 20 i
357 781 71 28 frägor
443 782 23 21 af
480 782 137 21 förevarande
631 781 155 26 beskaffenhet,
803 781 27 21 dä
845 781 96 21 deremot

119 810 41 21 alla
176 810 32 21 uti
224 810 25 21 de
266 810 66 27 öfrige
348 810 89 21 stånden
452 817 50 14 vore
518 811 23 21 sä
557 811 51 26 godt
623 816 44 15 som
683 810 73 21 blinda
767 809 39 22 och
817 809 124 26 oförmögna

117 840 31 19 att
163 838 54 21 fatta
232 839 123 26 betydelsen
371 839 23 20 af
406 839 72 21 saken.
497 851 21 3 —
537 839 41 21 För
593 839 42 21 min
652 839 34 20 del
701 840 24 19 är
737 839 37 26 jag
789 837 54 22 dock
858 837 23 21 af
887 839 54 19 mot-

117 869 43 19 satt
182 867 54 26 äsigt
259 867 38 20 och
314 867 39 21 har
368 867 95 27 omöjligt
478 867 48 21 låtit
542 867 108 26 öfvertyga
665 867 42 26 mig
723 873 33 14 om
772 866 39 21 den
828 866 52 25 fara,
896 871 45 15 som

117 901 25 16 en
163 895 228 27 jernvägsanläggning
413 895 69 22 skulle
505 896 76 26 bringa
603 895 96 22 Finland.
729 895 85 21 Samma
842 894 99 27 farhägor

118 924 38 21 och
173 924 112 24 motständ,
301 930 45 15 som
362 931 29 14 nu
406 924 38 21 här
459 924 57 21 velat
530 926 52 25 göra
597 925 32 26 sig
643 923 104 28 gällande,
759 923 111 21 inträftade
880 923 61 21 äfven

117 953 7 20 i
146 952 91 27 Sverige,
261 953 27 20 dä
303 952 60 27 fråga
378 953 85 21 väcktes
478 959 35 15 om
528 953 142 27 anläggandet
685 952 23 21 af
721 952 41 21 den
778 951 66 22 första
857 951 84 27 jernvä-

117 988 40 20 gen
181 981 119 26 derstädes;
323 988 47 14 men
386 981 98 27 slutligen
500 982 88 26 segrade
604 980 54 22 dock
673 981 74 26 frägan
763 980 39 21 och
818 981 40 20 den
874 980 67 21 första

115 1009 254 28 jernvägsanläggningen
394 1010 86 21 beslöts.
510 1010 27 21 Sä
561 1011 58 20 snart
643 1010 40 21 den
706 1009 45 21 blef
771 1009 70 26 färdig
856 1009 85 20 väcktes

117 1038 34 21 vid
167 1038 93 27 följande
275 1038 87 27 riksdag
378 1039 80 20 motion
474 1045 34 14 om
524 1045 26 14 en
565 1044 70 16 annan
645 1038 38 21 och
692 1039 23 20 sä
723 1038 39 21 har
771 1037 36 21 det
814 1037 65 22 sedan
894 1037 47 27 gätt

118 1067 77 21 framåt
217 1067 47 21 med
284 1067 231 27 jernvägsbyggnaden,
537 1069 32 19 att
591 1067 33 21 för
638 1067 35 21 det
689 1066 129 22 närvarande
834 1066 108 21 mellersta

119 1096 38 21 och
181 1096 64 21 södra
268 1095 85 27 Sverige
377 1098 37 19 äro
437 1096 106 22 omslutna
565 1096 23 22 af
601 1097 30 20 ett
644 1096 143 26 jernvägsnät.
818 1095 47 21 Alla
880 1094 62 22 dessa

118 1126 36 20 äro
178 1124 84 27 byggda
277 1124 27 27 pä
319 1124 62 21 skuld
397 1124 51 22 eller
464 1125 48 21 med
528 1125 57 21 länta
599 1124 111 27 kapitaler.
741 1124 73 21 Skulle
829 1130 28 14 nu
873 1122 68 28 nägon

118 1152 107 27 uppkasta
241 1153 40 21 den
297 1152 81 28 frägan,
395 1160 34 14 om
444 1153 127 21 svenskarne
587 1153 50 21 ville
652 1152 65 22 blifva
732 1152 23 22 af
769 1152 47 21 med
832 1152 45 21 sina
885 1152 58 26 jern-

118 1183 65 25 vägar
205 1183 57 19 emot
283 1181 36 21 det
341 1183 32 19 att
395 1182 62 21 deras
472 1181 34 21 län
523 1181 33 21 till
571 1182 97 20 utlandet
683 1181 69 21 blefve
768 1180 97 28 gvittadt,
881 1180 23 22 sä
919 1182 24 19 är

116 1210 37 26 jag
166 1209 147 27 fullkomljgen
329 1210 125 26 öfvertygad
470 1210 79 26 derom,
563 1212 33 20 att
611 1212 71 20 svaret
696 1210 69 21 skulle
780 1209 29 22 bli
819 1210 31 20 ett
859 1209 33 27 nej
903 1209 40 21 och

119 1240 31 20 ett
166 1238 137 22 hundrafaldt
318 1238 41 28 nej.

188 1297 34 21 Då
237 1303 29 15 nu
278 1296 114 27 jernvägar
407 1296 71 22 kunna
492 1297 53 21 bära
560 1297 31 27 sig
607 1297 6 21 i
629 1296 92 27 Sverige,
737 1302 46 15 som
798 1298 24 19 är
837 1296 48 21 vida
893 1297 50 25 väg-

119 1331 38 15 nar
173 1332 57 15 mera
243 1325 102 23 omfluten
361 1324 23 22 af
398 1325 38 21 haf
448 1328 26 18 än
490 1325 89 21 Finland
595 1325 39 21 och
650 1325 69 21 dertill
734 1325 24 21 sä
773 1324 80 26 ställdt,
868 1325 33 20 att
908 1324 36 20 det

120 1354 75 22 endast
217 1354 59 21 öfver
296 1354 90 21 Finland
409 1354 70 21 kunde
494 1354 89 22 medelst
596 1354 89 27 jernväg
699 1353 85 22 komma
799 1353 7 21 i
822 1352 121 22 omedelbar

120 1382 96 27 förening
231 1383 48 21 med
293 1382 93 27 Europa,
403 1382 22 22 sä
440 1382 40 21 bör
495 1382 37 22 det
547 1389 50 15 vara
611 1382 64 25 klart,
689 1384 31 19 att
735 1389 26 14 en
770 1382 111 21 stambana
888 1380 55 22 skall

120 1411 53 21 bära
188 1412 32 26 sig
235 1411 38 21 hos
289 1417 41 20 oss,
346 1411 55 21 blott
416 1411 40 21 den
472 1411 77 27 bygges
565 1411 54 21 ifrän
635 1417 24 15 en
675 1410 65 22 redan
754 1410 70 26 färdig
832 1410 112 26 europeisk

118 1440 88 25 jernväg
221 1440 39 19 och
275 1440 46 20 icke
337 1439 70 20 såsom
422 1439 106 25 ätskillige
543 1440 67 19 talare
625 1439 62 25 yrkat
702 1439 102 25 stumpvis
819 1438 22 20 in
850 1438 6 20 i
864 1438 79 20 landet.

121 1466 39 21 Om
183 1468 20 20 vi
225 1473 29 14 nu
273 1473 22 15 se
310 1466 65 22 saken
392 1466 53 22 ifrån
460 1472 26 15 en
501 1473 69 15 annan
586 1466 46 21 sida
654 1466 52 21 eller
721 1466 62 21 kasta
797 1466 51 20 våra
862 1465 82 21 blickar

120 1495 27 27 på
168 1495 25 21 de
209 1497 82 19 senaste
307 1494 153 22 missväxtåren
475 1494 40 22 och
531 1495 26 21 de
573 1494 83 28 följder,
671 1500 46 15 som
732 1494 26 21 de
774 1493 46 22 haft
834 1493 27 27 på
876 1494 68 20 större
