1078 1728
416 95 41 17 Den
470 95 10 16 7
493 94 95 18 Februari.
855 96 24 19 T1

91 159 44 27 ket,
150 161 52 21 enär
217 160 90 27 muntlig
322 159 136 29 förhandling
472 160 98 27 vanligen
586 160 31 22 als
633 161 48 21 icke
696 166 50 21 eger
760 166 47 16 rum
823 160 4 21 i
840 159 68 23 öfver-

90 190 97 21 rätterna
206 189 51 22 eller
272 189 113 22 derstädes
401 189 72 27 spelar
488 195 27 16 en
533 189 56 22 blott
604 189 149 22 underordnad
771 189 45 25 roll,
832 191 77 19 nästan

92 218 136 21 uteslutande
244 217 95 24 kommer
355 220 32 19 att
397 219 77 25 utgöra
484 218 102 27 grundval
597 217 33 22 för
639 217 133 22 bedömande
783 217 23 22 af
816 218 36 21 det
862 217 49 22 utaf

89 247 101 26 parterna
204 246 6 21 i
225 246 141 22 underrätten
380 245 117 28 framlagda
512 247 187 21 bevismaterialet.
715 247 49 20 Men
780 246 28 21 dä
818 246 90 21 sälunda

90 275 66 20 redan
176 274 22 22 af
216 275 139 21 underrätten
369 287 29 2 —
413 275 38 20 och
471 275 100 27 antingen
590 275 66 21 mälet
676 275 76 26 drages
769 275 72 21 vidare
858 275 51 21 eller

89 302 46 22 icke
151 313 27 4 —
193 303 68 21 mäste
277 303 112 22 utarbetas
405 309 26 15 en
446 305 81 24 trogen,
542 304 8 20 i
564 303 63 21 skrift
641 303 119 27 uppfattad,
775 303 45 26 bild
835 303 22 20 af
865 303 43 21 för-

90 331 135 27 handlingen,
249 331 26 21 dä
297 331 7 21 i
327 331 130 22 öfverrätten
479 332 40 20 och
540 331 78 27 högsta
633 331 119 22 domstolen
767 331 141 27 rättegängen

91 361 76 20 nästan
185 360 138 21 uteslutande
343 360 50 21 sker
408 366 76 20 genom
500 360 146 26 skriftvexling
661 360 39 22 och
716 360 107 26 skriftliga
838 359 69 22 affatt-

91 388 73 27 ningar
179 388 46 22 från
245 388 131 22 domstolens
397 388 52 26 sida,
466 391 55 19 samt
536 390 81 20 största
632 388 60 22 delen
709 388 22 22 af
744 388 39 22 allt
799 389 60 21 detta
874 395 33 14 re-

65 441 2 3 .
91 417 209 27 daktionssysslande
317 417 51 22 eller
384 417 127 22 åtminstone
527 418 26 21 de
568 417 106 27 skriftliga
686 417 220 26 framställningarnas

89 445 109 22 ordaande
213 445 40 22 och
268 445 117 27 bringande
401 445 33 22 till
449 447 32 20 ett
496 446 152 27 öfverskädligt
658 446 39 21 och
708 446 85 21 koncist
801 451 105 16 samman-

89 474 54 27 hang
160 475 123 21 ankommer
298 475 13 20 &
326 475 102 21 domaren
442 475 52 21 eller
510 475 237 26 domstolspersonalen,
756 475 26 21 sä
792 475 56 21 inses
859 475 47 24 lätt,

90 505 34 20 att
144 503 60 22 detta
226 504 146 21 mödosamma
393 504 73 21 arbete
481 504 69 21 mäste
565 503 28 22 ha
608 504 33 21 sin
656 503 34 22 del
705 503 49 22 med
768 504 8 21 i
792 504 115 21 orsakerna

90 531 83 23 hvarför
195 533 145 21 domstolarna
361 531 64 22 hafva
444 532 58 21 svårt
524 534 32 20 att
578 533 64 21 hinna
656 532 49 22 med
720 530 187 29 handläggningen

90 560 23 23 af
127 561 34 22 det
175 561 74 22 städse
264 561 97 22 växande
375 561 82 22 antalet
471 562 48 21 mål.

155 591 49 21 Men
219 591 142 26 procedyrens
377 590 130 27 skriftlighet
522 590 76 22 verkar
612 589 48 23 icke
675 590 55 21 blott
746 591 71 21 såsom
830 590 75 21 hinder

88 620 46 20 mot
147 620 36 21 det
198 619 149 28 skyndsamma
361 619 40 21 och
418 619 158 28 eftertryckliga
590 618 135 28 afhjelpande
736 619 23 21 af
770 619 76 26 målen,
860 625 45 14 som

86 649 50 20 näst
155 648 63 22 deras
241 647 150 28 omsorgsfulla
413 648 129 27 behandling
564 649 63 26 utgör
645 650 31 19 ett
698 648 77 27 vigtigt
790 647 114 22 moment
893 643 15 37 i

87 677 72 27 hvarje
173 677 42 27 god
232 677 142 27 lagskipning.
404 677 129 21 Densamma
547 677 107 26 påbördar
669 677 6 21 i
690 677 100 21 nutidens
805 682 98 22 process-

87 706 46 21 lära
155 708 24 19 an
202 706 86 21 svårare
309 706 65 27 lyten.
412 706 49 21 Man
476 712 62 15 anser
553 705 106 27 nämligen
675 705 157 27 skriftligheten
848 705 34 21 stä
897 705 7 21 i

87 736 69 26 vägen
169 734 30 22 för
215 735 41 21 den
271 734 99 22 lefvande
384 734 106 22 konkreta
504 734 136 27 uppfattning
656 734 22 22 af
692 734 41 21 den
748 734 46 26 sak,
811 740 46 16 som
871 734 32 21 fö-

86 763 90 27 religger
191 763 40 22 den
244 764 29 26 pä
287 764 70 21 blotta
371 762 90 23 skriften
477 763 110 26 dömande,
604 765 56 19 samt
668 762 23 22 af
697 763 150 26 bevismedlen,
857 769 46 15 som

87 792 39 22 hos
150 798 35 14 oss
205 792 66 22 oftast
286 792 62 22 bestä
362 792 7 21 i
384 794 89 24 utsagor
488 792 22 21 af
524 792 70 22 säsom
610 792 80 21 vittnen
707 792 56 22 blott
778 792 32 21 till
825 791 78 22 under-

88 820 117 22 domstolen
219 821 108 22 inkallade
342 827 108 21 personer,
468 821 84 21 hvilken
567 820 134 28 uppfattning
716 821 55 21 dock
786 822 24 20 är
818 821 24 21 sä
850 821 53 21 nöd-

88 850 78 26 vändig
189 848 28 23 för
236 850 193 22 sakförhällandets
444 850 78 21 liksom
537 850 67 22 sedan
618 849 34 21 för
666 849 143 27 rättsfrägaus
825 849 78 27 riktiga

88 878 134 22 bedömand2.
260 879 50 21 Man
333 884 62 16 anser
418 878 71 22 derför
510 878 156 27 skriftligheten
685 878 52 22 bära
754 878 70 28 någon
840 878 63 21 andel

87 908 51 21 med
157 907 7 21 i
183 907 85 22 skiden
287 908 33 22 för
335 913 26 16 en
377 907 116 22 vacklande
509 908 40 21 och
564 907 78 22 osäker
656 907 150 27 rättskipning.
836 906 46 22 Och
895 906 8 21 i

88 936 77 28 sjelfva
179 935 70 23 verket
263 938 64 26 utgör
339 936 46 28 just
399 936 81 22 bristen
494 937 28 27 pä
537 936 65 22 enhet
617 936 39 21 och
671 935 175 28 följdriktighet
834 931 14 38 i
861 935 42 22 till-

87 965 136 27 lämpningen
235 965 21 21 af
269 965 59 22 såväl
343 964 126 28 processens
485 971 46 15 som
546 965 41 21 den
602 964 118 22 materiella
730 966 82 21 rättens
823 965 80 26 grund-

89 996 70 20 satser
181 994 36 21 det
238 995 63 21 andra
320 994 164 27 hufvudsakliga
499 996 71 20 ämnet
584 993 33 22 för
632 993 135 27 klagomälen
782 993 59 22 öfver
856 994 47 20 värt

87 1022 132 22 närvarande
238 1022 221 28 rättegängsväsende.
489 1023 56 21 Utan
561 1022 71 21 tvifvel
647 1022 68 27 ligger
730 1022 88 27 mycken
834 1021 68 22 öfver-

89 1051 50 22 drift
153 1051 7 20 i
177 1051 37 21 det
229 1051 112 28 utalande,
358 1057 46 16 som
419 1057 48 16 man
482 1050 22 22 af
518 1050 82 23 erfarne
615 1050 109 22 sakförare
733 1050 169 22 understundom

86 1079 35 22 fär
142 1079 59 26 höra,
222 1081 101 26 nänligen
339 1081 33 21 att
390 1080 98 22 inlätelse
507 1081 7 20 i
534 1086 26 15 en
575 1079 107 22 rättstvist
697 1079 39 21 hos
752 1085 36 16 oss
803 1085 50 15 vore
869 1081 32 19 ett

59 1110 3 1 *
91 1107 136 28 äfventyrligt
241 1107 84 29 företag,
341 1109 62 21 hvars
419 1109 80 26 utgång
509 1115 49 15 man
567 1107 60 22 äfven
637 1108 47 21 med
693 1107 88 22 alldeles
790 1107 112 22 enahanda

88 1135 157 30 precedensfall
267 1136 27 23 fir
313 1139 82 26 ögonen
415 1137 67 27 aldrig
497 1137 49 22 med
561 1137 101 21 säkerhet
676 1137 43 21 kan
733 1136 88 21 förutse.
851 1137 51 20 Men

89 1173 35 15 om
140 1165 61 23 detta
215 1171 114 21 gravanen,
345 1166 34 22 för
392 1166 81 22 hvilket
487 1167 34 20 väl
536 1166 54 21 intet
604 1165 61 22 lands
680 1165 135 27 Jagskipning
830 1165 38 27 går
879 1165 21 20 h.

89 1201 20 16 o.
125 1195 20 20 h.
161 1194 33 25 fri,
209 1193 39 22 hos
265 1200 29 15 os:
309 1201 51 16 vore
375 1201 58 16 mera
444 1195 108 26 grundadt
563 1196 27 20 än
599 1194 147 25 annorstädes,
758 1195 70 20 kunna
842 1199 58 16 orsa-

90 1224 67 21 kerna
176 1222 70 22 dertill
264 1229 45 16 van
324 1223 155 27 mängahanda.
508 1223 32 21 De
555 1223 72 22 kunna
641 1223 57 26 ligga
712 1223 58 21 såväl
786 1222 38 21 hos
841 1223 59 20 dom-

89 1251 160 22 stolsväsendet
271 1257 38 15 son
327 1253 7 20 i
357 1252 40 22 den
412 1252 119 21 materiella
546 1253 81 20 rättens
642 1250 154 23 beskaffenhet.
825 1250 10 22 I
850 1251 49 20 sist-

89 1281 93 21 nämnda
197 1279 99 22 afseende
312 1283 17 19 ir
344 1282 33 20 att
391 1281 76 25 erinra,
483 1281 36 21 det
528 1281 36 21 vär
572 1279 98 28 gällande
680 1280 106 21 allmänna
794 1279 58 22 civil-
860 1279 40 21 och

89 1309 144 22 kriminalrätt
246 1309 8 20 i
269 1308 102 28 ätskiliga
386 1309 59 22 delar
460 1309 91 22 behöfde
566 1315 26 15 en
606 1310 69 20 större
691 1308 120 27 utbildning
824 1307 34 22 för
868 1309 33 19 att

89 1339 109 20 motsvara
214 1339 31 19 ett
260 1343 59 15 mera
333 1337 155 23 ramätskridet
495 1337 89 22 rättslifs
595 1336 48 23 kraf
650 1337 40 21 och
698 1337 47 26 afge
753 1337 56 21 fasta
816 1342 84 16 normer

88 1365 35 21 för
137 1365 134 21 bedömande
285 1365 23 20 af
322 1365 43 21 dess
380 1365 131 22 företeelser.
527 1365 61 21 Hvad
598 1366 47 19 äter
656 1364 244 26 domstolsorganisatio-

90 1400 53 15 nens
159 1393 40 21 och
215 1392 26 22 de
256 1393 139 26 processwlla
409 1394 165 20 rättssatsernas
589 1394 77 24 anpart
679 1392 7 21 i
704 1392 197 21 missförhällandet

89 1422 138 26 vidkommer,
245 1421 43 21 kan
303 1420 64 22 denm
381 1422 7 21 i
403 1421 43 22 viss
461 1422 49 21 män
525 1422 65 21 redan
604 1421 63 21 bestä
681 1421 7 21 i
702 1420 104 27 felaktiga
824 1420 76 22 anord-

90 1451 76 27 ningar
180 1450 33 22 för
227 1450 123 22 utförandet
365 1450 16 22 vf
393 1452 112 26 parternas
520 1450 64 22 talan.
600 1449 31 28 Ty
643 1456 34 15 om
684 1456 78 21 genom
770 1448 132 28 okunnighet

89 1480 48 22 frän
152 1480 75 22 desses
243 1479 47 22 sida
305 1480 56 21 samt
371 1479 60 29 .följd
442 1479 23 22 af
471 1479 197 28 äklagaremaktens
679 1479 41 22 och
731 1478 170 22 advokatväsen-

92 1510 48 22 dets
156 1508 141 23 outvecklade
312 1508 126 27 ständunkt
448 1509 68 22 målen
527 1511 51 20 utan
588 1508 65 28 nödig
665 1508 114 27 utredning
791 1507 109 23 öfverlem-
