1075 1725
417 121 42 18 Den
472 122 9 16 7
494 121 96 18 Februari.
860 124 25 19 85

92 186 40 27 ligt
152 188 39 24 att,
207 186 25 28 ju
246 186 83 22 mindre
346 187 239 28 portföljinnehafvaren
601 188 127 21 absorberas
745 187 23 22 af
780 187 133 27 heterogena

92 215 241 27 förvaltningsärenden,
348 216 48 21 med
413 216 62 22 desto
491 223 59 15 mera
565 216 80 22 samlad
660 216 58 22 kraft
725 216 55 22 skall
790 216 42 22 kan
842 216 73 21 kunna

93 244 100 21 utarbeta
215 244 28 21 de
264 244 87 26 förslag,
371 244 72 22 hvilka
457 244 44 22 han
516 244 35 22 vill
567 245 76 27 bringa
656 245 69 21 under
740 245 112 25 Senatens,
868 244 47 22 Mo-

92 273 99 25 narkens,
216 272 130 22 Ständernas
364 272 105 27 pröfning.
499 273 79 21 Likaså
593 273 70 21 skulle
678 273 38 21 det
730 273 115 27 kollegiala
860 279 55 15 sam-

93 301 86 21 arbetet
200 302 53 20 röna
275 300 68 22 fördel
362 300 22 22 af
400 303 34 19 att
455 302 7 20 i
478 301 135 27 qvantitativt
629 302 124 21 hänseende
768 301 64 21 hafva
846 301 70 21 blifvit

92 329 135 26 reduceradt,
251 329 40 21 och
313 329 103 26 kollegiet
437 330 107 21 bibehölle
560 330 115 26 tillräcklig
688 330 161 26 preponderans
865 332 51 24 gent

94 360 58 19 emot
167 364 25 14 en
208 357 142 28 tilläfventyrs
365 358 159 22 framträdande
539 358 33 21 för
587 358 85 27 mycket
686 358 117 22 individuel
818 358 83 26 politik.

160 386 48 21 Den
222 386 70 21 finska
307 388 78 22 staten,
402 387 24 21 så
441 387 60 27 ringa
517 387 40 21 den
573 387 40 21 ock
629 389 24 19 är
667 387 7 21 i
688 387 69 21 bredd
773 387 49 21 med
837 386 78 27 många

92 414 74 26 andra,
189 414 40 22 har
243 415 65 21 likväl
324 414 67 22 oftast
405 415 7 21 i
428 415 32 21 sin
475 415 192 22 verksamhetssfer
681 416 45 20 lika
741 417 59 20 stora
815 415 41 21 och
870 415 44 21 lika

92 442 65 22 svåra
179 443 97 27 problem
299 445 32 19 att
345 444 54 26 lösa,
420 450 46 15 som
481 444 67 21 andra
562 444 119 27 mäktigare
696 444 67 21 riken.
795 444 119 26 Omsorgen

92 478 34 15 om
149 472 64 21 deras
235 472 84 26 lösning
341 473 124 21 ankommer
488 473 33 21 till
543 479 26 15 en
592 473 105 26 väsentlig
717 473 35 21 del
770 473 29 26 på
814 472 100 22 Senaten.

91 500 85 22 Landet
197 500 43 21 kan
256 500 18 27 ej
295 500 113 22 underlåta
423 503 33 19 att
470 501 29 27 på
514 502 69 20 denna
597 501 123 21 institution
735 501 64 21 ställa
814 503 65 24 stora,
892 501 24 27 ja

92 529 96 27 ständigt
209 529 97 22 växande
326 530 98 26 anspråk.
456 530 29 21 Så
500 530 67 21 borde
581 536 49 15 man
646 530 27 21 då
689 530 39 21 och
745 530 27 21 då
786 530 47 21 från
849 530 66 21 Sena-

92 560 47 19 tens
160 558 145 27 organisation
324 558 96 27 aflägsna
443 558 82 22 sådana
539 559 166 27 bestämningar,
726 564 47 16 som
792 559 66 22 verka
872 558 44 22 för-

92 587 105 21 svårande
215 587 28 27 på
257 587 141 27 möjligheten
412 589 34 20 att
460 590 109 19 motsvara
584 588 65 21 dessa
663 588 100 26 anspråk.

160 615 50 22 Med
226 615 61 22 ofvan
303 615 134 27 framhållna,
453 617 31 20 till
503 617 114 21 utseendet
632 616 66 27 ringa,
714 623 49 14 men
773 616 33 21 till
817 616 46 21 sina
870 615 47 28 följ-

92 644 38 22 der
148 644 55 22 dock
217 645 48 21 icke
281 645 25 21 så
321 645 129 27 obetydliga,
466 645 148 27 förändringar
628 645 72 22 kunde
715 647 32 20 ett
757 645 160 26 förfaringssätt

91 673 92 24 förenas,
206 673 77 22 hvaråt
305 674 37 21 det
361 674 47 21 icke
428 680 51 15 vore
495 674 95 21 särdeles
605 674 59 21 svårt
679 676 33 19 att
727 674 80 21 bereda
822 673 93 27 tillämp-

92 702 56 27 ning.
179 702 43 21 Det
237 702 66 22 borde
322 702 19 27 ej
357 703 82 21 mindre
454 703 6 20 i
477 703 26 21 de
519 703 169 21 administrativa
703 702 151 27 författningar
869 708 47 15 som

91 731 154 26 promulgeras,
264 733 26 19 än
310 731 42 21 ock
371 731 7 21 i
396 731 27 21 de
441 732 159 26 propositioner
615 737 46 16 som
676 731 33 22 till
726 731 121 22 Ständerna
863 731 52 21 aflå-

91 761 40 25 tas,
148 760 66 21 varda
229 760 124 21 omnämndt
367 760 28 27 på
410 760 85 21 hvilken
511 760 194 27 styrelsemedlems
716 759 81 28 förslag
806 760 110 21 desamma

91 788 128 21 tillkommit.
249 789 129 27 Konseljens
393 789 122 21 solidaritet
530 789 69 21 skulle
614 789 125 26 visserligen
755 789 97 26 gvarstä;
877 789 39 21 och

93 818 25 21 de
134 817 36 21 fall
187 817 28 21 då
229 817 195 27 expeditionschefs
440 817 81 28 förslag
535 817 69 22 blifvit
619 817 86 28 afböjda
721 817 71 22 skulle
807 818 48 21 icke
870 823 46 16 mer

93 848 27 19 än
134 845 45 22 förr
193 846 85 21 komma
292 846 32 21 till
340 846 167 27 offentligheten.
537 847 49 21 Men
602 847 37 20 det
652 846 94 28 antydda
756 846 160 27 förfaringssät-

93 876 38 25 tet,
154 875 7 21 i
180 874 97 28 förening
294 876 49 21 med
362 876 185 26 expeditionernas
565 876 116 26 utvidgade
696 876 135 26 kompetens,
847 875 69 21 skulle

93 904 65 21 likväl
174 910 51 15 vara
241 904 78 26 egnadt
334 906 33 19 att
381 904 45 22 låta
442 904 26 22 de
483 904 108 22 verkande
606 910 131 21 personerna
752 910 59 16 mera
823 904 93 21 omedel-

95 933 47 21 bart
156 932 124 26 framträda,
301 935 27 19 än
347 933 105 21 härintills
468 933 82 21 kunnat
564 940 52 14 vara
630 932 65 22 fallet.
727 932 190 33 Upphofsmännen

94 961 32 21 till
148 961 81 27 förslag
251 962 40 21 och
309 961 107 27 åtgärder,
436 968 46 15 som
497 962 69 26 prisas
587 962 52 21 eller
657 962 107 26 klandras,
781 968 50 15 vore
846 962 49 20 icke
910 962 7 20 i

94 996 81 15 samma
190 990 52 26 grad
261 996 46 15 som
322 996 29 15 nu
367 990 76 27 skylda
458 990 23 21 af
495 990 179 27 kollegialitetens
691 990 60 27 slöja.
782 990 43 21 Det
840 990 76 21 erkän-

94 1018 76 26 nande,
187 1025 46 15 som
247 1019 74 21 tillhör
336 1019 41 21 den
389 1025 40 15 ene
438 1020 40 20 och
489 1020 42 20 den
539 1019 72 26 andre,
620 1019 69 21 skulle
698 1019 28 21 då
735 1019 88 21 säkrare
831 1018 86 22 komma

94 1047 78 21 honom
195 1047 31 21 till
249 1047 41 22 del.
324 1048 45 21 Och
390 1048 42 21 den
452 1048 115 21 moraliska
586 1048 137 26 ansvarighet
738 1047 55 21 inför
807 1048 109 25 nationen,

93 1076 92 25 hvilken,
202 1075 60 22 äfven
278 1078 52 19 utan
345 1076 117 28 uttrycklig
477 1076 189 27 ansvarighetslag,
680 1076 112 27 förpligtar
800 1076 117 27 styrelsens

94 1104 144 26 medlemmar,
255 1105 69 21 skulle
340 1105 91 21 sålunda
446 1105 81 21 erhålla
543 1105 55 21 ökad
613 1105 119 27 betydelse.
747 1105 78 21 Medan
837 1111 25 15 en
873 1106 44 26 sty-

94 1133 233 22 relsemedlemmarnes
350 1134 151 26 lagbestämda
523 1134 138 27 ansvarighet
679 1133 56 22 inför
749 1133 168 27 representatio-

95 1169 39 14 nen
151 1162 79 22 saknas
246 1175 27 2 —
289 1163 39 21 och
345 1163 50 21 dess
410 1162 111 23 införande
536 1163 61 22 torde
613 1164 59 20 möta
687 1163 109 26 åtskilliga
805 1162 114 27 praktiska

95 1191 140 26 svårigheter,
251 1191 25 21 så
291 1191 62 27 länge
369 1192 198 27 representationen
583 1194 24 19 är
615 1191 63 22 delad
688 1191 7 21 i
706 1191 46 27 fyra
760 1191 63 22 stånd
831 1203 28 2 —
867 1197 51 15 vore

95 1219 139 22 omförmälda
255 1219 125 27 förändring
398 1220 55 21 dock
470 1222 32 19 ett
523 1223 48 24 steg
586 1221 6 20 i
608 1220 122 27 riktningen
746 1220 22 21 åt
783 1219 67 22 sådan
865 1219 53 21 kon-

96 1248 120 21 stitutionel
233 1249 90 26 garanti.

163 1277 39 20 Att
215 1277 104 21 Senatens
329 1277 86 26 plenum
431 1276 100 22 omfattar
539 1277 60 21 äfven
608 1277 259 26 justitiedepartementet
875 1276 42 21 kan

97 1305 7 20 i
119 1305 52 20 våra
185 1304 146 23 förhållanden
347 1305 78 21 endast
438 1305 64 22 lända
516 1305 33 22 till
565 1311 55 21 gagn
635 1305 34 21 för
679 1305 27 21 de
715 1304 101 25 ärenden,
825 1304 94 21 hvilka
909 1300 15 37 å

94 1333 58 27 pleni
167 1333 160 27 handläggning
342 1334 119 21 ankomma.
494 1333 272 27 Justitiedepartementets
783 1332 84 28 uppgift
882 1332 35 21 så-

96 1367 45 15 som
163 1361 78 26 högsta
259 1362 139 26 lagskipande
418 1362 124 26 myndighet
562 1363 62 20 torde
643 1362 47 21 icke
705 1362 45 20 lida
764 1361 68 26 något
847 1363 72 18 nämn-

94 1389 64 22 värdt
175 1389 84 27 intrång
278 1390 65 25 deraf,
364 1391 32 20 att
410 1390 50 21 dess
475 1390 119 21 ledamöter
609 1389 83 22 utöfver
707 1390 71 21 denna
793 1389 62 21 deras
871 1388 47 21 huf-

94 1418 129 27 vudsakliga
237 1417 99 23 funktion
352 1420 37 20 äro
402 1418 130 22 Monarkens
547 1417 96 28 lagfarne
657 1417 120 28 rådgifvare
792 1419 7 20 i
814 1417 105 27 vigtigare

96 1447 244 27 statsangelägenheter.
356 1447 50 22 Men
422 1447 69 22 denna
506 1447 147 22 kombination
668 1453 63 21 synes
746 1447 48 21 icke
807 1446 54 22 böra
871 1447 47 20 ute-

95 1476 58 21 sluta
168 1476 138 27 möjligheten
322 1475 27 28 af,
366 1478 32 19 att
406 1476 183 27 departementets
599 1476 119 22 ledamöter
728 1475 141 22 tillerkändes
877 1475 42 22 den

97 1505 130 22 inamonibla
249 1505 108 28 ställning,
377 1511 45 16 som
438 1505 98 28 samtlige
554 1505 86 22 domare
655 1505 8 21 i
677 1505 48 22 vårt
738 1504 51 22 land
804 1504 115 27 rätteligen

96 1535 52 21 böra
162 1534 119 22 innehafva.
