1078 1728
423 107 41 18 Den
478 108 20 16 18
510 106 57 19 Mars.
830 111 39 20 351

149 171 57 23 Herr
215 171 218 30 Standertskjöld,
444 173 54 22 Karl
504 173 88 22 Gustaf:
603 173 43 28 Jag
653 174 94 27 begärde
753 174 61 22 ordet
822 177 74 25 egent-

82 201 55 28 ligen
160 200 34 23 för
215 203 33 20 att
266 201 87 23 bemöta
368 203 32 21 ett
415 202 23 22 af
450 203 26 22 de
492 203 52 26 skäl,
561 209 46 16 som
622 203 49 22 herr
686 203 78 22 Munck
780 203 71 22 anfört
865 203 33 23 för

83 229 40 22 den
147 230 151 27 obligatoriska
320 231 173 22 vaccinationens
516 231 116 27 införande,
651 233 104 26 nämligen
768 232 41 28 det
824 234 33 20 att
871 235 27 19 en

82 259 150 28 koppepidemi
253 259 33 22 för
308 259 132 22 närvarande
462 260 70 22 skulle
554 267 50 15 vara
619 261 95 22 rådande
729 261 6 21 i
751 261 147 22 Österbotten.

81 287 67 22 Afven
171 293 34 16 om
223 288 160 22 vaccinationen
399 288 85 28 gjordes
500 289 144 27 obligatorisk,
661 289 24 22 sä.
700 289 62 22 torde
777 290 48 21 icke
841 290 57 21 ändå

82 316 41 22 den
139 316 106 28 epidemin
260 323 58 16 mera
333 317 71 22 kunna
419 317 150 27 förekommas,
586 318 39 21 och
641 318 6 21 i
663 318 42 21 alla
720 318 115 22 händelser
843 318 55 21 skall

82 351 26 16 en
124 345 57 28 dylik
197 345 75 27 åtgärd
288 346 86 22 komma
388 345 34 23 för
436 348 54 24 sent,
506 347 25 21 så
546 348 32 20 att
593 347 60 21 detta
668 347 48 21 skäl
731 347 18 27 ej
765 348 24 20 är
797 346 99 27 tillfylles.

81 374 180 28 Koppepidemier
275 375 62 22 torde
352 374 63 23 äfven
429 374 113 24 framdeles
557 375 77 23 liksom
649 375 136 22 härförinnan
791 376 107 21 förekom-

81 410 40 20 ma,
145 402 61 24 äfven
228 409 34 16 om
285 403 160 23 vaccinationen
467 405 63 25 göres
546 404 146 27 obligatorisk.
721 404 63 22 Hvad
800 404 46 22 åter
861 405 37 21 det

81 431 102 23 beträffar
198 434 32 20 att
246 433 36 21 det
297 433 63 22 beror
374 432 28 28 på
418 433 105 27 styrelsen
538 434 32 21 att
585 433 68 22 införa
667 434 130 26 densamma,
814 433 27 21 då
855 433 42 22 till-

80 461 91 28 räckligt
186 461 73 23 vacein
274 462 76 22 hunnit
365 461 106 23 anskaffas
486 462 39 22 och
540 462 124 27 tillräckligt
679 462 58 22 antal
753 462 146 22 vaccinatörer

81 491 82 21 kunnat
185 490 99 27 utbildas,
307 490 25 22 så
354 496 63 22 synes
440 491 38 21 det
498 491 49 27 mig,
564 492 32 20 att
611 491 37 21 det
661 498 50 14 vore
724 491 125 27 lämpligare
864 493 33 19 att

81 519 117 28 uppskjuta
213 520 48 22 med
276 519 122 23 införandet
413 519 22 22 af
448 520 41 22 den
505 520 152 27 obligatoriska
672 520 167 26 vaccinationen,
854 520 43 21 tills

81 555 48 15 man
145 550 44 20 sett
204 550 32 20 att
252 549 124 27 tillräckligt
391 548 58 22 antal
464 549 146 22 vaccinatörer
620 549 39 22 och
670 549 151 22 vaccinatriser
828 549 68 21 finnes

81 579 33 20 att
128 577 67 28 tillgå.
225 577 26 22 Vi
265 577 64 23 hafva
342 578 129 26 landtdagar
486 578 54 22 efter
555 578 75 26 denna,
647 578 27 22 då
688 584 49 15 man
747 578 71 22 kunde
829 577 68 23 införa

81 606 215 28 vaccinationstvång,
313 613 34 16 om
363 612 48 17 man
426 606 68 22 finner
508 609 31 20 att
555 607 26 22 de
596 606 156 23 förberedande
768 607 129 27 åtgärderna

82 637 37 20 äro
134 635 119 28 fullgjorda.

149 664 98 22 Friherre
262 664 99 27 Wrede,
378 664 51 22 Otto
445 664 84 22 Albert:
551 664 42 28 Jag
608 664 59 22 delar
681 664 128 27 fullkomligt
825 664 40 22 den
876 664 22 22 af

82 693 49 22 herr
153 693 151 28 Pippingsköld
324 693 97 22 uttalade
441 693 89 28 äsigten,
546 695 33 20 att
595 693 37 22 det
646 693 48 22 icke
709 695 24 20 är
747 693 29 28 på
790 693 59 22 tiden
864 694 34 20 att

81 721 68 23 införa
164 722 210 27 vaccinationstväng
388 722 6 21 i
410 722 48 22 vårt
471 722 57 27 land,
544 722 39 22 och
597 722 37 27 jag
649 728 68 19 anser,
733 724 32 20 att
780 722 62 22 innan
852 723 44 20 sta-

81 753 36 19 ten
133 751 104 28 tillgriper
252 751 40 22 den
307 753 93 25 utvägen
415 751 72 21 såsom
504 751 40 22 den
560 751 60 26 sista,
636 751 38 22 allt
689 753 66 20 annat
769 751 6 21 i
787 751 108 27 organisa-

81 780 98 27 tionsväg
201 780 39 22 bör
261 780 63 22 hafva
345 779 69 22 blifvit
432 779 90 22 försökt.
552 780 75 21 Såsom
642 780 40 21 här
696 779 6 22 i
718 781 42 26 dag
776 779 38 22 har
829 779 69 22 blifvit

81 808 126 27 framhället,
224 808 113 22 förefinnas
355 809 59 21 stora
429 808 79 22 brister
520 809 7 20 i
542 808 115 22 allmänhet
671 808 57 22 inom
742 808 155 22 vaccinations-

81 837 179 28 organisationen,
276 837 40 22 och
330 837 64 22 innan
410 837 64 22 dessa
489 837 69 22 blifvit
572 836 109 28 afhjelpta,
697 843 62 16 anser
772 837 37 27 jag
825 838 71 21 staten

81 865 48 23 icke
151 866 54 22 böra
227 866 73 22 skrida
322 865 31 22 till
373 866 60 22 detta
448 866 53 21 sista
516 867 54 26 steg,
586 866 64 22 dessa
665 866 230 27 stränghetsätgärder.

81 894 113 23 Utskottet
215 895 39 22 har
270 895 137 22 konstaterat
423 895 36 22 det
473 895 88 27 faktum,
578 896 32 20 att
624 895 70 27 nägon
709 895 78 22 allmän
801 894 96 28 motvilja

81 927 46 19 mot
141 924 159 23 vaccinationen
314 924 49 23 icke
378 923 109 28 existerar,
504 926 51 20 utan:
572 925 32 20 att
619 924 101 22 intresset
733 923 34 22 för
774 924 124 22 densamma

81 955 26 20 är
124 953 86 28 mycket
229 953 93 27 allmänt,
339 953 41 22 och
394 955 34 19 att
443 953 37 22 det
494 953 39 22 bör
547 953 79 22 räknas
640 953 32 21 till
687 952 97 23 enskilda
799 953 98 27 sällsynt-

81 981 68 28 heter,
165 982 28 22 dä
207 983 70 26 någon
296 982 101 22 kommun
415 981 57 22 visar
486 982 95 27 motvilja
596 983 44 20 mot
655 982 129 21 densamma.
813 981 34 22 Då
862 981 34 22 sä-

82 1011 59 22 ledes
163 1011 48 22 icke
226 1011 94 28 motvilja
342 1011 52 22 eller
409 1011 88 22 tredska
511 1011 46 22 från
572 1011 164 22 kommunernas
751 1011 48 22 sida
813 1010 84 22 förefin-

81 1046 45 20 nes,
143 1040 24 21 sä
183 1046 62 16 anser
257 1041 38 27 jag
313 1039 124 28 opäkalladt
452 1040 40 21 och
506 1039 33 23 för
554 1039 63 27 tidigt
632 1040 32 21 att
678 1039 73 21 skrida
766 1039 32 21 till
813 1039 41 21 den
868 1039 29 21 si-

82 1070 34 20 sta
131 1070 98 26 utvägen,
252 1068 173 23 vaccinationens
443 1068 153 27 obligatoriska
610 1068 116 22 införande.
756 1068 41 27 Jag
812 1067 84 23 förenar

81 1097 43 28 mig
147 1097 71 23 derför
238 1098 50 21 med
309 1097 57 22 herr:
381 1097 53 22 Rein
452 1097 6 21 i
474 1097 53 22 hans
542 1097 87 27 förslag,
645 1098 31 20 att
691 1097 48 22 hela
755 1097 60 22 detta
829 1096 69 23 första

81 1128 95 20 moment
190 1126 68 23 mätte
273 1126 59 27 utgä,
349 1126 87 23 emedan
450 1126 38 27 jag
502 1126 89 27 fruktar,
607 1127 33 21 att
655 1126 36 21 det
705 1126 48 21 icke
769 1128 24 19 är
803 1131 48 22 nog,
863 1132 34 15 om

81 1162 49 15 man
152 1155 87 28 utbyter
260 1156 63 21 ordet
342 1155 106 27 ,äligger*
472 1157 45 20 mot
532 1155 62 22 ordet
610 1155 71 26 ',bör*,
697 1156 22 26 ty
735 1155 60 22 detta
809 1155 89 22 innebär

81 1185 48 21 icke
145 1184 125 28 tillräckligt
284 1184 84 28 tydligt,
383 1185 33 21 att
430 1183 140 28 obligatorisk
584 1183 134 23 vaccination
732 1184 67 21 mätte
809 1183 87 22 införas.

83 1214 42 27 Jag
139 1213 87 22 förenar
239 1213 43 27 mig
297 1213 85 22 säledes
397 1218 34 17 om
446 1213 50 21 herr
511 1213 65 22 Reins
591 1213 86 26 förslag.

149 1242 98 22 Friherre
262 1242 101 27 Wrede,
384 1241 81 23 Henrik
480 1242 93 27 August:
596 1241 41 27 Jag
651 1241 49 22 ville
715 1240 62 23 äfven
793 1240 105 28 offentligt

81 1271 76 27 uttala,
173 1273 32 20 att
217 1271 38 28 jag
269 1271 64 28 hyser
347 1271 48 22 icke
411 1271 76 22 endast
502 1270 172 27 betänkligheter
688 1272 53 20 utan
755 1271 50 21 rent
814 1269 23 23 af
843 1272 54 19 mot-

81 1300 50 27 vilja
146 1302 45 20 mot
206 1302 32 20 ett
252 1300 215 26 vaccinationstväng,
484 1300 47 21 icke
538 1301 46 20 mot
591 1299 75 28 sjelfva
673 1299 167 27 vaccinationen,
849 1305 48 15 men

81 1331 45 20 mot
141 1329 93 27 tvänget,
250 1329 34 22 för
298 1329 140 22 närvarande.
468 1329 40 26 Jag
523 1328 83 22 fruktar
621 1329 32 21 att
668 1328 114 27 tillräcklig
797 1327 101 23 säkerhet

81 1357 33 21 för
128 1358 112 21 vaccinens
255 1357 149 21 beskaffenhet
419 1357 39 20 och
474 1357 171 20 vaccinationens
664 1356 161 21 handhafvande
841 1358 57 19 ännu

81 1385 48 21 icke
150 1385 43 21 kan
215 1385 22 21 af
250 1386 105 26 styrelsen
370 1384 107 27 erbjudas.
508 1384 72 22 Ocksä
594 1384 39 21 har
645 1384 38 26 jag
698 1384 69 21 blifvit
782 1383 94 22 stadfäst
890 1383 7 21 i

82 1413 69 22 denna
171 1413 43 22 min
233 1412 142 29 öfvertygelse
397 1412 22 22 af
440 1412 38 22 det
499 1412 87 22 sakrika
602 1412 40 21 och
656 1412 95 22 särdeles
766 1412 132 22 intressanta

82 1442 135 28 andragande
232 1442 7 22 i
253 1442 69 27 fägan,
339 1447 45 17 som
399 1441 50 22 herr
463 1441 155 27 Pippingsköld
632 1441 85 22 lemnat.
733 1442 44 20 Det
783 1440 40 23 har
830 1440 69 22 händt

82 1472 129 22 åtminstone
226 1471 7 21 i
248 1471 38 23 vär
300 1471 107 26 kommun,
423 1472 32 20 att
470 1471 20 22 vi
505 1470 63 22 hafva
582 1469 42 23 fått
638 1470 74 22 vaccin
726 1469 47 23 från
786 1470 112 22 vaceinde-

81 1502 72 26 poten,
171 1500 34 29 jag
219 1502 45 20 tror
278 1500 40 22 här
332 1500 7 22 i
353 1499 142 27 Helsingfors,
511 1505 46 16 som
572 1498 69 23 måste
655 1498 63 23 hafva
733 1498 55 24 varit
802 1498 96 28 förlegad

82 1530 53 23 eller
151 1507 28 51 oå
193 1530 66 28 något
278 1531 66 21 annat
362 1530 44 22 sätt
421 1528 93 29 oduglig,
530 1528 128 23 åtminstone
673 1528 47 22 icke
735 1528 25 22 så
775 1528 124 28 tillräckligt
