1075 1717
430 99 41 18 Den
485 100 21 17 18
517 99 56 18 Mars.
836 101 40 20 357

90 164 167 28 propositionen.
287 165 43 22 Det
345 170 66 24 synes
424 166 44 26 mig
482 166 106 26 nämligen
603 166 72 22 såsom
691 171 34 16 om
740 165 27 22 de
777 164 128 28 väsentliga-

90 195 34 20 ste
140 193 52 27 skäl,
209 199 46 16 som
269 193 97 23 bestämt
381 194 107 28 åtskillige
504 194 67 22 talare
587 197 33 19 att
634 194 47 23 icke
696 194 74 22 bifalla
784 194 32 21 till
830 194 76 22 betän-

89 222 88 26 kandet,
199 228 58 17 vore,
279 223 49 22 icke
350 224 33 21 att
405 224 71 21 staten
500 223 68 22 skulle
589 230 52 15 vara
663 223 136 26 oberättigad
814 224 33 20 att
860 223 46 21 vid-

88 253 51 25 taga
155 251 26 21 de
196 251 122 27 föreslagna
333 251 134 27 åtgärderna,
484 252 51 22 eller
550 254 31 20 att
596 252 27 22 de
643 251 200 27 öfverhufvudtaget
857 252 48 21 icke

88 280 104 26 någonsin
215 280 66 21 borde
304 280 23 22 af
347 281 72 21 staten
434 280 103 28 vidtagas,
558 283 51 19 utan
625 282 33 20 att
674 280 26 21 de
714 280 139 27 erforderliga
869 287 36 14 an-

89 308 104 22 stalterna
207 308 34 22 för
255 308 141 28 ätgärdernas
411 309 166 27 genomförande
591 310 8 20 i
613 309 73 21 landet
700 315 51 15 vore
762 309 25 21 sä
795 308 110 22 ofallstän-

90 336 55 27 diga,
169 337 32 21 att
220 336 59 23 tiden
294 337 47 22 icke
357 339 57 20 ännu
429 344 51 15 vore
495 338 54 21 inne.
571 337 38 27 Sä
624 343 63 21 synes
702 338 50 26 mig,
768 338 33 20 att
814 337 27 22 de
856 337 49 21 sak-

88 365 94 27 kunnige
205 365 74 27 talare,
300 372 46 15 som
361 365 40 21 här
417 366 113 22 framträdt
544 368 58 20 emot
616 366 153 26 betänkandet,
785 366 64 21 hafva
862 366 44 21 for-

88 394 93 22 mulerat
197 394 32 21 sin
238 394 61 28 äsigt.
317 394 76 22 Denna
400 394 135 28 uppfattning
542 396 42 20 kan
590 396 37 26 jag
635 401 28 15 nu
671 395 49 21 icke
728 395 59 25 dela;
803 394 26 22 de
841 395 64 27 prak-

88 422 59 22 tiska
162 422 148 27 anordningar,
330 428 42 16 som
384 418 71 36 finnas
467 429 35 20 nu,
519 425 36 20 äro
570 424 35 20 väl
619 422 47 23 icke
681 426 70 19 sämre
768 425 26 19 än
810 423 33 26 de,
859 429 46 15 som

87 450 81 23 funnits
183 450 69 22 under
265 452 64 26 långa
343 451 57 22 tider
414 452 96 21 tillbaka.
539 452 42 27 Jag
596 454 44 19 tror
655 453 38 24 att,
708 451 57 22 hvad
774 457 48 16 man
835 453 27 19 än
870 451 35 21 mä

88 481 54 25 säga
157 486 34 15 om
207 480 129 26 statistiken,
352 477 70 25 siffror
436 483 38 18 äro
489 481 64 21 bland
568 481 27 21 de
609 481 63 21 bästa
687 480 41 22 och
743 484 57 17 mest
819 480 86 22 talande

88 508 54 27 skäl,
164 515 49 15 men
237 509 36 22 det
295 514 63 22 synes
382 509 43 27 mig
447 515 45 15 som
508 514 33 17 om
561 509 26 22 de
603 508 75 27 siffror,
694 514 47 16 som
755 508 87 27 anförts,
858 509 47 21 icke

88 537 70 22 skulle
170 537 58 28 jäfva
250 539 38 24 att,
305 537 25 22 sä
345 536 153 29 ofullständiga
512 538 132 21 anstalterna
659 540 26 19 än
699 537 83 22 kunnat
796 543 56 20 vara,
869 537 37 22 det

87 567 57 21 visat
165 566 33 27 sig
221 569 32 19 att
275 566 164 27 koppepidemin
455 567 82 22 mindre
551 567 77 28 härjat,
645 568 32 20 att
690 567 74 21 landet
778 566 55 22 varit
847 572 59 15 mera

88 595 113 27 skyddadt,
218 595 27 22 dä
259 601 50 15 man
323 595 108 27 begagnat
450 596 33 26 sig
498 595 64 27 deraf,
579 597 26 20 än
621 595 28 22 dä
663 602 48 15 man
726 595 80 22 lemnat
821 595 37 22 det
873 601 32 15 er-

88 624 80 27 bjudna
190 623 161 28 skyddsmedlet
370 624 13 22 &
398 624 52 21 sido.
480 625 65 21 Detta
559 623 140 28 förhållande,
715 630 46 15 som
774 625 40 27 jag
830 624 75 21 ätmin-

87 655 68 24 stone,
172 652 70 23 sävidt
254 653 38 28 jag
306 653 43 21 kan
364 652 54 22 fatta
434 653 26 21 de
474 652 67 28 fakta,
556 659 47 16 som
617 652 40 22 här
671 655 37 19 äro
723 653 133 25 meddelade,
866 652 39 22 fin-

87 687 38 16 ner
140 681 156 27 konstateradt,
313 682 40 26 gör
366 683 34 20 att
412 681 37 28 jag
465 682 70 21 måste
549 685 58 23 anse,
623 683 32 20 att
671 682 36 21 det
721 683 24 20 är
759 682 62 21 klokt
831 681 73 27 aflag-

88 709 97 22 stiftaren
208 712 33 19 att
261 716 30 15 nu
312 710 97 23 inskrida
430 709 40 22 och
485 710 100 27 förklara,
601 712 32 19 att
648 710 128 27 tidpunkten
792 710 66 21 redan
872 710 32 21 in-

88 739 59 20 trädt
161 738 32 21 för
209 738 149 27 skyldigheten
373 740 33 19 att
420 738 45 21 låta
479 738 112 22 vaccinera
604 739 47 21 sina
666 739 60 21 barn.
756 739 35 21 All
806 739 41 20 den
862 737 42 23 för-

88 767 108 27 sigtighet,
221 773 46 15 som
286 766 134 28 lagstiftaren
436 769 24 19 är
475 767 82 28 skyldig
573 769 32 20 att
620 768 7 20 i
643 769 32 20 ett
689 767 78 22 sådant
782 769 62 20 ämne
859 773 46 15 som

88 795 60 22 detta
162 795 103 27 iakttaga,
283 801 62 22 synes
360 795 44 28 mig
422 796 65 21 redan
502 803 51 14 vara
567 801 83 16 vunnen
667 796 40 21 och
720 795 23 22 af
755 796 109 21 utskottet
873 795 31 22 fö-

86 824 97 27 reslagen
199 824 7 21 i
222 824 150 22 slutklämmen
387 823 23 22 af
428 824 48 22 dess
493 824 141 27 betänkande,
651 825 37 21 der
703 824 37 22 det
753 825 75 26 lägges
843 830 61 21 rege-

86 853 75 27 ringen
175 853 29 27 pä
218 853 81 27 hjertat
314 855 33 20 att
360 852 48 23 icke
422 853 137 27 promulgera
573 853 68 27 lagen,
651 853 71 22 förrän
734 853 171 26 anordningarna

87 883 37 20 äro
139 881 48 23 fullt
201 881 206 27 tillfredsställande,
424 882 19 21 d.
459 889 19 15 v.
494 888 16 16 s.
523 882 118 22 bestämma
651 882 129 27 tidpunkten
788 881 32 22 för
832 881 72 28 lagens

86 910 105 23 trädande
205 911 7 20 i
228 910 98 27 gällande
341 909 63 26 kraft.
420 910 43 22 Det
477 911 42 21 kan
534 911 35 21 väl
583 911 48 21 icke
647 912 69 20 sättas
732 911 7 20 i
753 911 61 25 fräga
838 922 15 4 —
864 910 40 21 och

86 939 28 27 pä
129 940 66 21 andra
210 938 103 23 omräden
331 940 69 21 sättes
416 939 38 22 det
467 940 47 21 icke
530 940 7 21 i
551 939 60 28 fräga
626 950 27 4 —
669 941 38 24 att,
723 939 134 22 beträffande
872 941 32 20 ett

87 967 77 22 sädant
179 968 52 21 ondt
245 973 45 16 som
307 967 67 26 detta,
390 969 72 20 staten
477 968 42 21 kan
534 968 87 27 vidtaga
635 967 166 28 politianstalter
814 968 40 21 och
868 967 36 22 vid

88 995 101 29 äfventyr,
206 1003 46 15 som
267 997 41 21 här
322 995 98 28 föresläs,
436 997 77 26 älägga
528 997 25 21 de
569 996 97 22 enskilde
681 999 33 19 att
729 997 47 21 icke
785 1002 76 21 genom
872 996 32 21 sin

87 1025 143 26 vårdslöshet,
247 1025 31 21 sin
294 1025 94 25 tredska,
400 1025 38 21 sin
457 1025 67 27 lojhet
539 1025 82 22 riskera
635 1025 38 21 sitt
689 1025 39 22 och
745 1025 46 21 sina
805 1025 98 21 medbor-

88 1059 62 20 gares
167 1053 44 26 väl;
228 1053 40 22 och
284 1054 26 21 de
325 1053 22 21 fä
362 1053 42 26 fall,
420 1054 7 21 i
442 1053 71 22 hvilka
522 1054 184 27 koppympningen
714 1053 69 22 skulle
791 1053 63 22 hafva
861 1053 43 21 för-

86 1081 73 23 anledt
180 1083 67 26 nägot
269 1082 57 27 slags
348 1088 55 20 men,
419 1094 28 3 —
461 1082 35 27 jag
518 1083 34 21 mä
567 1085 59 24 säga,
642 1084 33 19 att
688 1083 67 26 nägot
770 1082 133 27 allvarligare

86 1117 49 15 men
150 1111 47 21 icke
213 1117 36 15 ens
265 1111 87 26 antydts
362 1120 25 6 —
396 1116 65 22 synas
476 1111 43 27 mig
530 1112 48 21 icke
585 1117 51 15 vara
645 1111 82 27 egnade
735 1112 33 20 att
776 1111 128 21 afskrämma

86 1139 136 28 lagstiftaren
237 1140 28 27 pä
279 1139 137 28 ifrägavande
432 1139 93 22 omräde.
555 1139 107 23 Särskildt
677 1139 67 22 finner
751 1140 39 27 jag
799 1140 43 21 min
850 1145 53 21 upp-

85 1168 93 28 fattning
199 1168 113 22 bekräftad
335 1167 22 22 af
378 1169 40 21 den
434 1168 121 22 erfarenhet
569 1169 8 21 i
591 1168 104 27 utlandet,
712 1174 46 16 som
774 1169 33 21 till
821 1168 83 22 försvar

85 1196 33 23 för
140 1197 119 22 utskottets
281 1197 58 26 äsigt
353 1196 122 28 äberopats,
491 1197 67 22 ehuru
573 1197 125 27 visserligen
715 1197 66 22 ocksä
795 1197 29 27 pä
838 1197 67 21 andra

87 1226 62 21 sidan
171 1225 81 22 anförts
275 1225 173 22 beaktansvärda
467 1226 188 27 omständigheter.
685 1226 57 21 Utan
758 1227 32 20 att
806 1226 53 21 söka
873 1225 31 21 in-

86 1255 66 21 verka
166 1254 29 27 pä
209 1254 70 27 nägon
294 1260 81 15 annans
391 1254 149 27 öfvertygelse,
555 1256 23 26 ty
597 1254 71 21 dertill
683 1255 79 21 saknar
774 1255 38 27 jag
828 1254 28 21 all
872 1260 33 14 er-

86 1283 102 26 forderlig
210 1283 123 25 auktoritet,
355 1284 25 19 är
398 1283 37 21 det
450 1283 42 20 min
508 1283 63 25 afsigt
587 1284 32 20 att
634 1283 6 21 i
657 1283 70 21 denna
742 1283 80 27 vigtiga
836 1282 69 26 punkt

86 1311 86 21 biträda
185 1311 41 21 den
242 1310 63 27 äsigt,
321 1316 47 16 som
382 1311 39 21 har
435 1310 34 22 till
484 1311 49 21 stöd
547 1311 34 21 för
596 1311 33 27 sig
644 1310 149 22 erfarenheten
809 1311 39 21 hos
861 1316 43 15 me-

87 1339 277 21 dicinaladministrationen
379 1339 7 20 i
400 1339 73 20 landet
489 1340 39 20 och
543 1339 156 26 öfvertygelsen
714 1339 40 21 hos
764 1341 32 19 ett
804 1341 55 18 stort
867 1345 37 14 an-

85 1367 30 21 tal
138 1367 140 27 specialister,
302 1372 34 15 om
360 1366 40 21 ock
416 1366 12 21 å
444 1366 66 22 andra
525 1367 60 21 sidan
601 1367 53 20 stält
669 1367 33 25 sig
717 1366 140 27 sakkunnige,
872 1366 33 22 för

84 1395 73 21 hvilka
176 1395 37 27 jag
227 1394 64 28 hyser
313 1394 42 22 den
371 1396 81 20 största
470 1395 95 26 aktning.
594 1394 34 22 Då
643 1401 28 15 nu
687 1394 72 22 härtill
773 1395 75 26 lägges
864 1394 41 22 den

85 1423 118 27 beredelse,
227 1429 45 15 som
294 1422 116 28 försiggått
425 1423 7 21 i
447 1423 114 27 utskottet,
577 1423 39 22 och
632 1423 119 22 utskottets
767 1424 34 21 väl
816 1423 89 22 motive-

85 1453 53 25 rade
152 1452 129 28 tillstyrkan,
297 1452 41 21 kan
351 1452 42 28 jag
403 1452 47 22 icke
466 1452 85 22 komma
566 1452 32 22 till
615 1454 65 20 annat
687 1452 93 22 resultat
791 1454 26 20 än
829 1454 32 20 att
871 1454 34 20 rö-

86 1484 34 20 sta
134 1481 34 23 för
182 1482 118 22 utskottets
316 1480 143 23 betänkande.
