1081 1725
214 115 27 20 44
507 112 41 18 Den
561 113 11 17 4
583 112 94 19 Februari.

185 184 48 21 nan,
239 174 93 32 jemlikt
345 178 84 28 Nädiga
443 178 160 28 Förordningen
618 178 30 22 af
650 176 46 24 den
713 180 26 19 10
754 178 102 22 Februari
873 180 61 24 1868,
950 177 56 23 ifrån

185 206 41 22 och
241 206 48 22 med
305 206 25 22 år
344 208 57 20 1870
416 206 93 28 aflyftats
524 207 40 21 och
579 207 71 27 Nådig
664 206 134 27 proposition
808 206 110 27 angående
927 212 77 21 qvarn-

185 235 80 21 tullens
280 234 151 28 upphäfvande
446 235 103 27 förelagts
564 242 29 15 nu
608 235 201 22 sammanträdande
820 234 99 28 Ständer,
928 235 77 27 skulle,

184 263 47 22 ifall
253 264 143 27 exporttullen
412 264 13 22 &
439 265 98 21 trävaror
551 264 48 22 icke
614 264 64 27 afses,
694 264 93 27 koppar-
802 264 40 21 och
857 252 148 33 tenntillverk-

185 293 78 26 ningen
285 293 65 21 blifva
370 293 27 21 de
412 293 56 21 enda
482 293 23 21 af
518 293 85 22 landets
617 293 177 26 industrigrenar,
811 299 46 15 som
872 292 134 23 fortfarande

184 321 85 22 komme
292 323 33 20 att
346 321 113 22 beskattas
482 322 48 21 med
550 322 70 21 direkt
638 321 47 22 från
701 321 66 28 årliga
782 321 223 27 tillverkningsbelop-

185 356 41 21 pen
246 350 107 27 utgående
372 350 149 27 beskattning;
544 357 48 15 men
616 356 34 15 om
670 350 69 27 någon
760 350 22 21 af
800 350 85 22 landets
904 350 103 26 näringar

185 379 42 21 kan
246 378 63 22 hafva
327 378 126 27 rättmätiga
472 379 93 26 anspråk
583 379 29 26 på
631 379 118 27 utjemning
769 378 23 22 af
805 379 159 26 skattebördor,
981 378 25 21 så

186 409 24 19 är
232 407 37 22 det
290 407 35 21 väl
344 407 41 21 den
405 407 24 21 är
448 407 55 21 efter
523 408 24 21 är
566 407 115 28 aftynande
695 407 93 27 koppar-
804 407 40 22 och
863 407 143 22 tennhandte-

185 436 81 26 ringen,
288 435 86 22 hvilken
389 435 118 26 dessutom,
529 436 7 21 i
551 436 69 21 likhet
633 436 50 21 med
697 435 68 28 öfriga
779 435 56 22 bruk
850 436 41 21 oeh
905 435 101 27 fabriker,

185 465 70 21 mäste
270 466 76 25 utgöra
361 464 59 22 säväl
435 465 116 26 bevillning
566 471 45 15 som
627 464 111 27 utskylder
751 464 32 22 till
798 465 102 21 kommun
909 465 41 21 och
957 471 49 21 pre-

186 493 105 26 sterskap,
307 493 113 22 hvarutom
435 493 168 27 kopparverken,
618 493 90 22 likasom
721 493 200 28 jernsmältverken,
937 494 7 21 i
951 495 56 20 mot-

186 524 45 19 sats
253 522 32 21 till
308 521 69 27 öfriga
396 521 135 22 industriella
550 522 142 27 inrättningar
706 524 37 23 äro
759 522 122 27 betungade
897 522 49 22 med
961 524 46 20 sär-

186 551 56 21 skild
261 550 62 28 afgift
338 551 34 21 till
388 551 93 26 domare,
498 551 51 22 eller
564 551 50 22 med
629 551 41 21 den
686 551 111 21 såkallade
812 551 195 27 bergstings-gäst-

185 580 84 27 ningen.
300 580 145 27 Utskylderna
466 580 31 21 til!
517 580 163 26 församlingens
695 582 75 24 pastor
784 581 78 26 utgöra
877 580 129 27 exempelvis

185 608 34 22 för
240 608 125 22 Pitkäranta
387 608 138 27 kopparbruk
540 609 6 21 i
564 609 101 27 Impilaks
681 609 81 21 socken
778 608 80 28 årligen
876 609 53 26 16?/;
946 608 61 22 rubel

185 636 74 22 silfver
272 636 33 22 för
319 637 74 27 hvarje
410 637 52 21 Sulu
477 644 51 19 ugn,
543 644 46 15 som
604 637 72 21 hållits
692 637 7 21 i
714 637 56 27 gång
785 638 68 21 under
868 638 47 21 året
931 638 39 21 och
981 639 26 19 16

185 665 62 22 rubel
261 665 8 21 i
284 667 33 19 ett
330 665 34 22 för
379 665 38 22 allt
433 666 32 20 till
478 665 164 28 församlingens
657 666 106 27 kapellan.

253 694 96 27 Koppar-
365 694 39 22 och
420 694 138 22 tennafraden
574 695 60 27 utgår
644 694 34 22 för
685 695 132 21 närvarande
825 695 49 21 med
883 695 25 26 '/y
917 696 91 26 procent

181 708 40 36 vid
235 722 86 22 Fiskars
337 723 135 27 kopparverk
487 723 41 21 och
542 724 48 21 med
609 726 8 18 1
634 726 90 24 procent
739 724 34 20 vid
781 724 126 21 Pitkäranta
914 724 93 26 koppar-

185 752 41 21 och
248 752 103 21 tennverk
375 751 22 22 af
411 752 67 27 ärliga
498 752 255 27 tillverkningsbeloppen
774 752 41 21 och
834 752 39 22 har
892 752 7 21 i
914 752 93 27 koppar-

185 780 41 22 och
248 780 194 23 tennafradsmedel
464 781 68 21 under
554 781 145 27 tidsperioden
716 782 140 20 1809—1880
872 781 52 22 eller
939 780 70 22 under

185 810 28 20 72
236 808 23 22 år
280 809 79 21 influtit
381 810 7 20 i
405 810 102 21 medeltal
523 810 96 26 omkring
636 811 55 20 1000
706 810 35 21 mk
758 810 87 27 årligen,
862 810 52 22 eller
931 810 78 22 endast

184 838 36 22 vid
242 844 50 21 pass
308 840 12 18 6
335 840 91 25 procent
441 838 23 22 af
476 839 68 21 under
559 838 147 28 tidsperioden
723 840 140 28 1809—1870
879 839 82 27 ärligen
976 839 31 21 in-

184 867 69 22 flutna
266 867 190 27 masugnstionden
472 868 40 21 och
528 868 243 21 hammarskattsmedel.
791 862 30 27 Är
838 870 54 20 1880
908 868 100 27 utgjorde

184 896 94 27 koppar-
294 897 41 20 och
349 895 139 23 tennafraden
504 897 56 21 blott
576 898 40 20 306
632 897 37 20 mk
685 899 26 18 57
726 897 71 26 penni.

254 925 108 21 Fästande
384 925 114 27 höglofiiga
519 925 26 22 R.
565 931 19 16 o.
605 925 37 21 A:s
658 925 103 27 gunstiga
775 925 191 28 uppmärksamhet
980 925 30 27 pä

185 953 62 22 ofvan
269 953 94 26 anförda,
387 953 87 27 obilliga
494 953 154 28 olikställighet
662 954 7 20 i
685 954 150 27 beskattnings
852 954 108 25 afseende,
975 953 34 22 får

183 982 38 27 jag
235 981 156 22 vördsammast
406 982 120 27 hemställa,
542 989 34 15 om
591 982 48 22 icke
654 982 115 27 höglofliga
784 983 25 21 R.
826 989 19 15 o.
860 983 25 21 A.
901 983 50 21 ville
966 982 42 21 för-

186 1017 41 15 ena
249 1010 32 27 sig
296 1011 35 21 om
350 1017 26 15 en
392 995 134 47 underdänig
539 1011 89 27 petition
644 1017 34 15 om
693 1011 92 28 koppar-
801 1011 41 22 och
857 1011 152 22 tennafradens

184 1038 138 27 afskaffande,
339 1039 109 22 äfvensom
464 1039 88 28 inbjuda
567 1039 141 22 medständen
723 1042 34 19 att
767 1040 70 22 deruti
849 1040 92 27 deltaga.
957 1039 52 22 Hel-

184 1063 92 36 singfors
292 1056 41 33 den
349 1069 12 19 4
375 1067 105 22 Februari
497 1070 61 20 1882.

695 1097 77 27 Alfred
786 1097 153 28 Rosenbröijer.

250 1129 87 27 Hyvilket
359 1130 117 30 memorial,
491 1131 29 27 pä
538 1112 81 46 förslag
634 1130 23 22 af
669 1131 50 22 herr
734 1131 143 27 Molander,
894 1131 114 23 bordlades

182 1158 33 22 till
229 1158 69 22 första
312 1159 87 27 plenum
413 1159 7 21 i
435 1155 63 25 nästa
516 1160 67 21 vecka
592 1173 17 16 g

251 1205 44 23 6:0)
307 1204 80 27 jemväl
402 1203 23 22 af
438 1204 50 21 herr
502 1204 74 22 Alfred
592 1204 199 28 Rosenbröijer,
808 1204 25 22 sä
847 1205 102 27 lydande:

250 1238 40 21 Till
304 1236 121 28 Höglofliga
441 1238 158 27 Ridderskapet
613 1238 40 21 och
668 1234 77 26 Adeln.

250 1266 41 20 Vid
308 1266 52 20 vära
372 1265 110 32 fängelser
496 1266 40 20 har
550 1272 49 15 man
614 1266 66 20 infört
695 1266 40 21 den
752 1267 146 26 anordningen
914 1269 32 18 att
960 1267 46 20 läta

181 1293 102 27 fängarne
298 1294 47 20 lära
359 1293 34 27 sig
407 1294 66 26 nägot
488 1293 120 22 handtverk
623 1294 41 20 och
680 1294 88 21 dermed
783 1294 130 28 sysselsätta
924 1295 34 26 sig
965 1301 39 15 un-

181 1322 39 21 der
235 1322 40 21 den
290 1322 33 21 tid
338 1322 27 21 de
380 1322 53 20 sitta
447 1321 133 27 inspärrade,
600 1321 110 23 äfvensom
725 1322 75 22 tillätit
815 1322 48 22 dem
879 1324 33 20 att
927 1322 79 28 afyttra

181 1350 47 22 sina
242 1350 118 28 produkter
375 1350 41 22 och
431 1350 85 22 behälla
530 1351 121 21 inkomsten
667 1351 65 27 deraf,
748 1352 50 21 med
814 1351 73 28 afdrag
903 1352 21 22 af
933 1352 72 26 nägon

181 1379 41 27 del,
246 1385 45 16 som
313 1379 94 22 tillfaller
428 1379 152 27 inrättningen.
610 1380 67 21 Detta
696 1368 51 34 sker
761 1381 8 21 i
785 1380 41 22 den
841 1381 57 27 goda
913 1380 91 28 afsigten

180 1410 34 20 att
236 1408 86 22 dermed
337 1408 81 22 bereda
440 1408 48 22 dem
510 1408 112 28 möjlighet
648 1411 39 24 att,
703 1409 68 22 sedan
787 1410 26 21 de
830 1409 67 23 blifvit
912 1409 91 28 frigifna,

179 1436 101 23 försedda
295 1437 48 22 med
360 1439 31 20 ett
405 1437 49 22 litet
468 1434 171 41 rörelsekapital,
654 1426 33 39 pä
699 1438 64 28 ärligt
772 1440 45 21 sätt
831 1439 72 22 kunna
913 1439 92 28 försörja

179 1467 40 27 sig.
249 1467 33 21 Dä
304 1466 118 23 emellertid
444 1466 77 28 fängen
544 1467 18 28 ej
579 1467 39 22 har
634 1469 33 20 att
683 1467 87 28 erlägga
785 1468 43 22 alla
843 1469 26 21 de
885 1468 118 28 utskylder,

179 1500 47 17 som
249 1495 42 22 den
312 1495 40 22 frie
373 1495 114 22 arbetaren
508 1495 34 22 fär
555 1496 119 22 vidkännas
690 1497 39 21 och
746 1497 115 22 samhället
875 1497 34 22 till
923 1499 83 20 största

179 1524 63 23 delen
264 1524 136 22 underhäller
422 1524 78 22 honom
519 1525 49 22 med
589 1525 98 26 husrum,
706 1525 76 22 kläder
797 1525 40 22 och
851 1525 57 28 föda,
924 1528 80 25 värme,
