1086 1717
434 118 41 18 Den
488 120 20 16 31
521 118 57 18 Mars,
653 107 2 2 |
844 115 42 21 437

166 178 39 22 och
227 178 28 21 då
277 178 159 28 omröstningen
456 185 33 15 om
510 180 68 20 denna
598 179 133 27 proposition
745 179 63 22 utföll
822 179 50 22 med
887 181 26 20 24

95 207 23 26 ja
138 206 39 22 och
195 208 27 20 27
243 207 40 27 nej,
305 207 126 27 uppstäldes
451 213 28 16 nu
503 208 32 21 till
549 208 135 21 besvarande
698 208 93 27 följande
807 207 108 22 definitiva

98 235 286 27 omröstningsproposition:

81 277 4 1 E
165 263 47 21 Den
232 269 46 15 som
298 263 36 22 vill
353 263 48 27 ingå
414 264 7 20 i
438 270 25 15 en
479 264 118 32 detaljerad
612 264 131 27 granskning
758 263 23 22 af
794 264 119 22 utskottets

97 291 138 22 förevarande
251 292 136 21 betänkande
402 293 71 20 röstar
485 293 32 26 ja;

164 320 75 21 vinner
257 321 42 26 nej,
320 320 106 21 förklarar
440 321 25 20 R.
482 327 19 14 o.
517 321 31 26 A.,
566 321 49 21 med
630 320 138 22 förkastande
783 320 23 22 af
820 321 40 21 den
876 321 37 21 nä-

98 349 48 26 diga
170 349 162 26 propositionen
357 349 39 21 och
421 349 117 22 utskottets
562 349 136 22 betänkande
720 349 7 21 i
750 349 70 27 öfrigt,
842 349 71 27 nägon

97 377 72 21 vidare
185 377 90 27 ändring
291 377 6 21 i
313 384 29 14 nu
356 377 99 27 gällande
470 377 124 28 förordning
609 377 23 22 af
646 378 40 21 den
703 379 25 20 10
744 378 103 21 Februari
859 380 54 19 1868

97 406 47 21 icke
159 412 51 15 vara
226 405 22 22 af
261 407 71 20 nöden
347 408 27 19 än
390 408 33 19 att
438 406 47 21 9:de
502 407 40 21 och
554 407 62 21 10:de
626 406 23 27 $$
660 406 45 21 deri
715 407 67 21 borde
793 407 120 21 omarbetas

97 434 6 21 i
125 435 36 20 det
180 434 55 28 syfte
255 436 32 20 att
301 435 164 21 kommunernas
481 435 121 27 skyldighet
618 437 32 19 att
665 435 95 21 anordna
775 435 138 27 rofdjursjagt

97 463 69 22 blefve
187 463 94 26 lagligen
304 463 106 26 bestämd,
434 465 56 20 samt
511 463 147 22 försummelse
682 465 33 20 att
731 463 93 28 fullgöra
844 464 69 21 denna

97 491 122 28 skyldighet
239 492 78 26 belagd
332 492 48 21 med
396 498 82 21 ansvar,
493 493 8 20 i
516 492 81 22 hvilket
612 492 102 22 afseende
729 493 89 21 ärendet
832 492 32 21 till
880 494 33 19 ut-

97 521 82 28 skottet
194 521 175 21 äterremitteras.

164 549 67 22 Afven
251 555 33 16 om
304 549 69 22 denna
392 549 133 27 proposition
545 549 110 22 anstäldes
679 549 102 27 votering,
797 555 46 16 som
860 549 53 22 efter

97 579 42 20 den
154 577 84 28 aflagda
253 578 85 22 sedelns
354 579 137 26 upptagande
507 577 61 23 utföll
583 578 49 21 med
648 579 26 20 33
688 578 23 27 ja
726 578 39 21 och
782 579 26 20 32
824 578 41 27 nej,
881 578 33 21 till

97 607 52 27 följd
165 606 76 22 hvaraf
254 607 87 22 ständet
356 613 29 16 nu
400 607 109 27 öfvergick
523 607 33 21 till
572 613 26 16 en
614 607 118 27 detaljerad
747 607 130 27 granskning
893 606 22 22 af

96 635 142 27 lagförslaget.

166 664 80 21 Härvid
261 664 45 21 blef
319 663 11 28 $
347 666 9 18 1
375 663 22 22 af
410 664 87 21 ståndet
512 665 52 20 utan
579 663 73 22 vidare
668 663 122 22 diskussion
806 664 106 26 godkänd.

164 692 10 22 I
189 692 101 22 afseende
305 693 13 21 å
333 692 11 27 $
359 694 13 20 2
387 694 116 20 momentet
519 694 20 24 a)
553 692 95 28 yttrade:

164 721 98 21 Friherre
279 720 101 28 Wrede,
396 721 95 27 August:
502 721 74 21 Ehuru
590 721 67 21 haren
666 720 110 28 onekligen
786 722 24 20 är
818 722 32 20 ett
857 722 55 20 mat-

97 749 77 27 nyttigt
188 750 110 26 villebråd,
315 752 24 18 är
353 750 66 21 haren
435 750 103 27 derjämte
553 751 32 20 ett
600 749 25 22 så
640 751 55 19 stort
710 749 116 27 skadedjur
835 749 41 22 och
887 756 25 14 en

97 778 24 21 så
143 778 82 28 afgjord
247 778 70 22 fiende
339 778 32 22 till
391 778 28 22 all
438 778 136 27 fruktodling,
592 779 32 20 att
643 778 38 27 jag
695 778 81 27 nödgas
792 778 119 26 hemställa,

97 807 103 21 huruvida
215 807 46 21 icke
277 807 66 21 haren
358 807 66 21 borde
439 807 113 27 nedflyttas
568 806 46 22 från
629 812 80 21 rangen
725 806 22 22 af
760 806 79 28 nyttigt
853 806 59 22 ville-

97 835 52 21 bråd
164 835 31 21 till
211 836 120 26 skadedjur,
348 836 48 21 med
410 835 105 22 förbehåll
529 835 64 22 likväl
609 836 32 20 att
655 835 67 22 haren
731 835 47 21 icke
788 836 51 20 utan
853 835 59 27 jord-

97 870 88 21 egarens
201 864 98 21 tillstånd
314 864 35 21 må
361 864 61 28 jagas
437 864 28 27 på
480 870 79 16 annans
574 864 65 21 mark.

164 892 56 22 Herr
242 892 158 27 Grotenfelt,
423 893 56 21 Nils:
502 893 44 27 Jag
566 893 39 21 ber
627 892 21 22 få
670 892 132 22 understöda
824 891 88 23 friherre

97 922 84 21 Wrede.
211 921 41 27 Jag
275 921 39 22 har
336 922 32 21 uti
390 910 110 33 mellersta
523 921 39 22 och
585 922 60 20 östra
664 920 85 22 delarne
765 920 23 22 af
801 920 47 22 vårt
863 920 50 22 land

98 950 107 27 åtskilliga
220 950 79 27 gånger
314 950 56 22 varit
384 950 6 21 i
406 950 83 22 tillfälle
505 952 32 20 att
552 949 76 27 erfara,
644 951 33 20 att
691 949 65 21 haren
772 950 48 21 icke
835 950 78 21 endast

98 979 6 20 i
125 978 186 26 fruktträdgårdar
332 979 56 27 gjort
406 978 74 27 skada,
500 980 52 20 utan
574 978 62 22 äfven
651 978 13 21 å
679 977 109 22 sädesfält.
818 977 41 27 Jag
873 978 39 21 har

98 1007 105 27 nämligen
225 1008 44 20 sett
291 1007 148 27 svedjeländer
461 1008 32 20 uti
512 1007 129 21 ödemarken
660 1006 128 27 fullkomligt
805 1006 107 22 förstörda

98 1035 47 21 utaf
166 1036 57 20 hare.
253 1035 42 27 Jag
316 1036 81 21 känner
418 1036 54 21 dock
494 1036 33 21 för
544 1035 35 21 väl
594 1037 33 19 att
644 1034 60 22 detta
720 1034 48 28 djur
782 1034 39 22 har
835 1035 77 26 många

98 1066 78 19 vänner
198 1064 63 21 bland
283 1064 84 21 landets
388 1064 80 27 jägare,
492 1064 24 21 så
534 1065 32 20 att
578 1064 37 26 jag
630 1063 32 22 för
677 1064 43 20 min
735 1063 34 21 del
784 1063 48 21 icke
847 1063 65 26 vågar

98 1091 78 22 föreslå
196 1093 49 20 dess
265 1092 144 28 nedflyttande
425 1093 66 20 under
507 1093 117 20 momentet
638 1091 21 27 b,
672 1093 55 20 utan
742 1093 62 25 tager
817 1091 44 27 mig
875 1091 36 22 fri-

98 1121 64 22 heten
176 1120 81 22 föreslå
272 1121 49 21 dess
337 1120 140 29 nedflyttning
491 1121 31 20 till
538 1108 121 34 momentet
671 1126 16 15 c.

165 1149 56 22 Herr
242 1155 40 16 von
305 1149 107 28 Wright:
433 1145 66 30 Äfven
519 1149 42 27 mig
581 1155 70 26 synes,
672 1149 32 21 att
718 1148 77 21 harens
810 1147 102 23 fredande

98 1184 49 15 vore
169 1178 79 27 egnadt
271 1180 32 19 att
325 1184 42 21 nog
386 1179 87 32 mycket
491 1178 112 26 tillgodose
620 1177 179 27 jägareintresset
813 1177 28 26 på
853 1177 59 27 jord-

97 1207 88 20 brukets
201 1207 127 26 bekostnad,
345 1209 21 25 ty
381 1207 65 21 haren
464 1208 23 19 är
502 1206 90 21 faktiskt
603 1207 32 20 ett
646 1205 122 28 skadedjur,
780 1205 80 32 hvilket
870 1205 42 22 för-

97 1235 88 21 orsakar
199 1223 152 34 landtmannen
367 1237 46 19 stor
427 1235 84 26 förlust,
527 1235 6 20 i
541 1234 116 28 synnerhet
665 1234 165 27 svedjeegarene
843 1233 7 22 i
861 1234 50 21 öde-

97 1263 160 22 markstrakter.
287 1264 42 27 Jag
348 1264 38 21 har
404 1264 48 21 icke
471 1252 81 33 kunnat
566 1263 59 22 finna
639 1263 70 26 nägon
724 1263 94 26 egentlig
833 1262 78 22 förkla-

97 1292 132 27 ringsgrund,
245 1292 87 22 hvarför
346 1299 48 14 man
410 1292 69 21 skulle
494 1292 89 21 hänföra
598 1292 41 21 den
654 1292 68 21 under
737 1291 26 21 de
778 1291 6 21 i
795 1293 117 20 momentet

97 1327 12 14 a
128 1324 108 24 upptagna
257 1321 80 28 djuren.
367 1321 101 27 Möjligen
487 1321 40 21 har
544 1321 24 20 sä
587 1321 35 20 väl
642 1320 40 21 den
698 1319 79 22 komit6
792 1326 46 15 som
853 1322 58 19 utar-

97 1350 60 20 betat
179 1350 40 20 den
241 1350 78 31 nädiga
341 1350 161 26 propositionen
525 1355 44 15 som
590 1349 66 20 ocksä
671 1349 107 20 utskottet
793 1350 72 19 ansett
880 1350 32 19 att

97 1384 48 15 man
168 1377 39 21 hos
227 1384 35 15 oss
281 1378 6 20 i
307 1377 68 21 likhet
394 1377 49 21 med
462 1377 56 21 hvad
533 1377 6 20 i
555 1377 66 21 andra
636 1377 75 20 länder
726 1378 23 19 är
764 1376 65 26 fallet,
845 1376 67 21 borde

97 1406 81 28 skydda
198 1406 70 21 haren.
294 1406 169 21 Förhällandena
478 1406 39 21 hos
533 1411 35 16 oss
584 1407 36 20 äro
637 1405 55 22 dock
707 1405 133 26 väsentligen
856 1405 57 22 olika

97 1437 44 20 mot
164 1435 47 22 dem
235 1435 6 21 i
265 1435 66 22 andra
349 1435 80 27 länder,
446 1435 102 22 särskildt
563 1434 56 21 hvad
635 1433 69 22 denna
720 1434 39 21 sak
774 1433 137 23 vidkommer.

97 1465 49 21 Man
168 1464 33 22 fär
215 1464 46 22 icke
283 1465 91 26 glömma
394 1452 35 34 att
442 1463 96 27 Finland,
554 1463 55 22 hvad
625 1463 231 27 odlingsförhällanden
872 1463 40 22 och

97 1493 122 27 folkmängd
238 1493 136 27 vidkommer,
394 1493 45 22 stär
457 1481 137 33 hundrafaldt
612 1492 68 21 under
695 1499 26 15 en
737 1494 45 20 stor
798 1492 34 21 del
848 1491 23 23 af
885 1492 26 22 de

98 1521 127 29 europeiska
239 1522 108 22 länderna.
371 1522 72 22 Under
459 1522 38 22 det
511 1524 33 19 att
560 1524 13 18 t.
590 1528 31 15 ex.
632 1521 108 22 mellersta
751 1521 96 27 Europas
859 1521 53 21 allra
