1064 1723
434 93 41 19 Den
488 96 9 16 3
510 95 58 23 April.
837 97 39 21 559

155 158 106 28 Slutligen
284 160 72 22 beslöt
377 160 88 22 ståndet
490 162 33 21 att
538 161 80 22 medels
633 168 27 15 en
677 162 125 27 deputation
817 162 88 26 inbjuda

86 187 140 22 medstånden
249 190 33 19 att
296 188 77 23 förena
388 189 34 27 sig
436 196 35 15 om
486 189 98 23 ståndets
600 190 8 21 i
622 190 74 27 frågan
711 190 83 22 fattade
809 190 74 22 beslut
897 190 8 21 i

85 215 27 21 de
128 215 59 21 delar
203 216 109 22 desamma
326 217 64 28 skilja
405 218 33 26 sig
455 218 47 21 från
522 218 213 22 medständens
685 211 53 39 deri
750 220 101 25 vidtagna
867 219 37 21 be-

85 243 49 26 slut,
150 244 118 27 hvarjämte
283 246 33 20 till
332 246 68 21 denna
416 246 126 27 deputation
556 246 104 27 enhälligt
668 248 89 26 utsågos
768 247 137 27 Landtdags-

84 274 92 19 männen
199 273 94 27 Avellan,
318 273 128 23 Costiander
469 275 39 21 och
532 275 106 21 Duncker.
696 282 10 14 r
724 275 41 21 och
781 275 41 27 dag
836 275 69 21 förut-

84 300 87 22 skrifne.

700 331 21 18 In
733 330 64 18 fidem:

660 358 22 22 J.
699 359 26 21 G.
741 359 92 22 Boman.

151 415 11 21 I
179 415 114 28 anledning
307 416 64 22 häraf
383 416 85 27 yttrade

152 443 50 22 herr
217 444 139 22 Mechelin:
373 445 45 22 Den
434 445 56 22 enda
506 444 159 27 omständighet
680 445 31 21 uti
730 445 171 21 bondeståndets

83 472 134 27 inbjudning,
238 479 46 15 som
303 473 73 22 kunde
396 473 112 24 framkalla
521 475 70 26 någon
606 474 85 25 tvekan,
707 479 63 22 synes
786 479 51 16 vara
852 473 48 26 den,

82 502 33 20 att
130 501 173 27 statsutgifterna
324 501 34 22 för
377 503 161 21 vaccinationen
552 503 85 20 komme
653 504 32 19 att
700 502 123 26 derigenom
839 502 60 21 ökas.

81 529 11 21 I
115 529 42 22 den
179 529 79 27 nådiga
279 531 161 26 propositionen
462 537 38 15 var
523 531 119 22 beräknadt
665 532 31 20 ett
711 530 64 27 årligt
790 530 75 27 anslag
880 530 23 21 af

82 559 78 25 28,000
175 559 61 20 mark
252 558 72 22 såsom
338 559 76 27 bidrag
430 559 32 22 till
472 559 152 22 kommunerna
635 559 32 21 för
678 559 133 21 bekostande
823 558 20 21 af
853 564 48 16 vac-

83 587 253 26 cinationsinrättningar.
366 588 73 27 Enligt
453 587 119 28 ungefärlig
587 588 118 25 beräkning
721 587 68 22 skulle
805 587 96 26 omkring

82 617 78 24 40,000
183 615 60 22 mark
266 616 63 22 blifva
352 616 23 21 af
393 616 76 26 nöden,
490 617 74 21 derest
576 616 98 27 grunden
688 616 33 21 för
736 617 164 20 kommunernas

82 644 156 22 subsiderande
252 644 118 23 fastställes
385 646 29 27 på
427 645 78 22 sådant
520 646 44 21 sätt
579 644 170 23 bondeständets
769 644 84 22 fattade
864 645 37 21 be-

82 673 44 22 slut
147 673 125 22 innehäller.
309 674 75 21 Likväl
407 680 62 21 synes
487 675 43 26 mig
553 674 69 21 denna
638 673 83 22 skilnad
735 674 7 21 i
757 673 145 22 kostnaderna

81 702 50 21 icke
152 702 53 21 böra
226 703 78 25 ntgöra
327 704 32 20 ett
380 703 75 21 hinder
477 702 33 22 för
525 702 155 27 godkännande
695 702 23 22 af
731 702 170 22 bondeständets

81 730 86 27 förslag.
205 730 79 27 Sjelfva
307 731 96 26 grunden
424 731 35 22 för
480 731 166 26 statsbidragets
664 731 119 27 fördelning
799 737 62 21 synes
876 731 25 27 ju

81 766 52 15 vara
156 759 81 27 ganska
258 759 71 27 riktig,
354 760 27 21 dä
395 759 162 27 befolkninpgens
572 761 99 20 numerär
685 760 7 21 i
708 759 77 22 sådant
800 759 101 22 afseende

81 788 137 26 bestämmer,
241 790 22 25 -ty
285 788 300 27 vaccinationsförrättningen
608 789 70 20 måste
692 788 35 22 väl
743 789 34 20 stä
791 788 8 21 i
814 794 26 15 en
857 787 43 22 viss

82 817 125 26 proportion
230 817 31 20 till
284 817 152 27 befolkningen
458 817 7 21 i
487 817 73 27 hvarje
575 817 107 22 kommun.
712 817 33 21 Då
760 823 28 15 nu
803 817 7 21 i
826 816 75 28 sjelfva

81 845 76 23 verket
172 846 33 21 ett
218 846 47 26 nytt
280 845 112 27 äliggande
408 852 76 21 genom
499 845 297 27 vaccinationsförordningen
812 845 88 27 stadgas

81 873 34 22 för
129 874 27 21 de
171 874 136 22 kommunala
322 874 176 28 myndigheterna
513 874 28 28 pä
555 874 75 22 landet
644 874 41 22 och
701 874 27 22 dä
739 874 37 21 det
786 876 24 19 är
821 874 21 21 af
848 874 51 26 vigt,

81 904 33 20 att
129 902 28 22 de
171 902 35 22 mä
221 903 48 21 med
284 903 112 27 tillbörligt
415 904 92 20 intresse
522 903 91 22 omfatta
628 903 61 21 detta
703 909 41 21 nya
759 902 51 26 värf,
826 902 25 22 sä
866 908 33 21 sy-

81 937 39 15 nes
142 931 37 21 det
202 937 28 15 nu
252 931 48 22 icke
323 938 51 15 vara
396 932 142 21 omoötiveradt
560 933 32 19 att
614 932 110 26 samtycka
739 931 32 21 till
787 933 32 18 ett
834 931 66 26 något

81 960 67 26 högre
163 959 74 27 anslag
252 959 22 22 af
288 959 126 22 statsmedel
432 960 33 21 för
480 960 122 21 ändamålet
617 963 27 18 än
659 960 125 27 regeringen
800 959 6 21 i
821 965 78 21 propo-

81 989 92 21 sitionen
187 987 117 28 föreslagit.
333 989 149 26 Förmodligen
498 989 70 21 skulle
583 988 72 26 också,
667 988 27 21 dä
704 987 123 27 förordning
837 988 8 21 i
854 989 44 20 äm-

80 1019 38 19 net
133 1017 95 21 utfärdas
242 1017 67 27 jämte
325 1019 45 20 stat
384 1018 32 21 till
432 1017 297 26 vaccinationsinrättningen,
749 1017 59 21 detta
824 1017 75 26 anslag

79 1045 125 27 förslagsvis
221 1046 39 21 och
277 1046 116 22 tillsvidare
409 1046 65 21 blifva
488 1046 106 27 gällande.
624 1046 42 21 Det
681 1046 42 21 kan
734 1045 34 22 väl
778 1045 85 21 komma
872 1051 27 15 en

80 1074 38 26 tid,
142 1074 27 21 dä
191 1073 148 28 förändringar
360 1075 128 21 härutinnan
504 1075 72 21 kunna
590 1074 104 27 vidtagas,
711 1080 48 15 men
774 1073 33 22 för
821 1075 33 20 att
870 1080 29 14 nu

80 1103 75 26 bringa
170 1102 152 27 författningen
338 1103 32 22 till
379 1103 63 22 stånd
453 1115 23 4 —
489 1104 40 21 och
540 1103 41 22 den
592 1103 82 21 önskan
684 1103 68 21 måtte
763 1103 34 20 väl
811 1102 88 21 allmänt

80 1131 65 27 hysas
168 1131 23 21 af
203 1131 53 22 hvar
276 1132 40 21 och
332 1138 27 15 en
373 1132 7 21 i
396 1132 60 21 detta
472 1132 70 26 stånd,
558 1131 61 21 äfven
636 1131 23 21 af
672 1132 54 25 dem,
743 1137 46 15 som
804 1131 47 21 icke
866 1130 33 21 bi-

80 1159 71 27 dragit
166 1160 32 20 till
214 1160 36 21 det
264 1160 7 21 i
287 1160 70 21 denna
371 1159 61 28 fråga
446 1159 82 23 fattade
543 1160 184 26 beslutet,
668 1155 12 37 —
691 1155 35 37 ber
739 1159 37 27 jag
784 1159 21 22 få
813 1159 86 22 förorda

78 1188 164 27 inbjudningens
258 1188 121 27 intagande.

148 1215 56 22 Herr
226 1216 153 26 Schauman,
403 1216 91 27 August,
516 1216 114 22 förordade
653 1215 63 23 äfven
731 1216 132 27 antagandet
878 1215 23 22 af

78 1244 171 23 bondeståndets
265 1245 125 27 inbjudning
405 1245 7 21 i
428 1245 70 22 denna
512 1245 42 22 del.

148 1273 56 22 Herr
218 1273 198 28 Pippingsköld:
433 1274 66 21 Detta
513 1273 81 26 förslag
608 1273 42 21 kan
661 1272 22 22 få
693 1273 33 21 sin
737 1272 106 22 särskilda
851 1272 47 27 tyd-

80 1301 57 26 ning,
153 1302 39 21 allt
207 1301 53 23 efter
276 1308 45 15 som
336 1308 49 15 man
401 1302 111 21 betraktar
526 1304 84 19 statens
626 1300 83 29 uppgift
725 1304 32 18 att
767 1301 91 22 bekosta
867 1303 32 18 ett

78 1330 90 21 allmänt
183 1330 74 27 skydd,
274 1331 78 21 sådant
366 1337 47 14 som
428 1337 28 15 nu
472 1333 24 19 är
510 1331 7 20 i
532 1330 66 27 fråga.
628 1330 10 21 1
654 1330 95 27 Sverige,
765 1330 38 21 der
814 1336 25 15 en
850 1329 48 21 full-

79 1357 90 26 komligt
192 1358 93 21 likartad
306 1358 36 26 lag
365 1364 46 15 som
431 1359 75 25 denna,
522 1359 29 26 på
566 1358 46 21 små
627 1358 172 27 skiljaktigheter
813 1360 44 23 när,
875 1359 24 19 är

79 1387 93 26 antagen
194 1386 66 21 redan
280 1386 35 22 för
332 1388 99 20 närmare
447 1389 26 19 30
489 1387 23 20 är
528 1386 73 26 sedan,
618 1386 38 21 har
671 1385 116 27 tillgängen
802 1385 55 22 varit
873 1391 26 15 en

78 1415 47 21 helt
140 1421 75 15 annan.
246 1415 34 22 Då
294 1415 154 22 kommunerna
463 1415 39 22 der
515 1414 111 27 öfvertogo
642 1414 167 26 vaccinationen,
823 1413 76 27 bidrog

79 1445 72 21 staten
166 1443 29 27 pä
209 1444 55 21 intet
278 1444 34 21 vis
326 1444 32 20 till
374 1444 40 21 den
429 1443 100 26 kostnad,
546 1449 45 15 som
607 1443 48 21 dem
671 1443 119 26 ähvälfdes;
806 1444 93 20 tvärtom

79 1473 84 21 statens
187 1472 83 22 direkta
292 1472 64 27 utgift
377 1472 33 22 för
433 1472 69 22 denna
517 1472 80 27 vigtiga
613 1471 82 27 uppgift
709 1471 143 22 reducerades
868 1470 33 22 till

79 1501 56 22 hvad
160 1502 40 21 den
223 1507 28 16 nu
276 1503 23 19 är
322 1502 55 20 7700
395 1501 80 21 kronor
489 1500 33 22 för
536 1501 50 21 hela
601 1500 98 27 Sveriges
715 1500 51 26 rike,
783 1500 40 22 och
839 1500 61 21 detta
