1081 1723
187 108 42 20 404
495 109 43 18 Den
550 110 21 17 23
584 109 58 18 Mars.

158 171 49 22 icke
229 171 92 26 rubbas;
344 176 49 15 man
416 170 70 21 skulle
501 169 56 22 blott
571 169 61 27 börja
647 169 104 21 arbetena
765 168 36 21 vid
817 168 46 21 öfra
877 168 71 22 ändan
963 167 23 22 af

160 200 38 21 det
211 199 124 26 föreslagna
349 198 169 27 kanalsystemet
532 198 8 20 i
556 197 74 22 stället
644 197 34 21 för
691 197 37 21 vid
743 197 41 21 den
800 196 72 22 nedra.

229 227 56 22 Herr
307 227 80 21 Rein:
410 227 41 26 Jag
472 227 39 20 ber
526 228 32 19 att
572 225 22 22 få
608 225 133 22 understöda
755 225 50 21 herr
821 225 163 27 Standerskjöld

159 256 33 21 uti
211 256 41 21 den
271 255 24 22 af
307 255 78 22 honom
400 255 98 21 uttalade
513 254 83 27 åsigten
613 256 32 19 att
660 254 66 26 något
741 253 104 22 definitivt
860 253 73 22 beslut
949 259 35 16 om

159 284 172 27 kanaliseringen
354 284 47 21 icke
424 284 66 21 borde
514 283 22 22 af
556 283 120 22 Ständerna
695 282 72 26 fattas,
783 283 64 21 innan
863 282 121 22 Ständerna

158 313 58 22 varit
237 313 8 22 i
266 312 84 22 tillfälle
373 315 33 19 att
428 312 107 21 behandla
554 311 76 28 frågan
646 318 34 15 om
696 311 27 22 de
737 311 122 27 föreslagna
872 311 112 27 jernvägs-

159 342 96 21 linierna.
285 342 61 21 Inom
366 341 212 28 jernvägsutskottet
599 341 38 21 har
656 340 56 22 varit
730 341 71 21 starkt
817 339 116 28 ifrågasatt
952 341 33 21 att

161 371 41 21 den
223 371 110 22 mellersta
355 370 127 22 stambanan
504 370 68 22 borde
594 369 79 22 mellan
695 369 33 22 S:t
749 369 80 22 Michel
844 369 40 22 och
899 369 85 28 Kuopio

161 399 78 28 dragas
261 400 8 21 i
292 405 26 16 en
333 399 67 27 något
415 399 101 26 ostligare
532 398 94 27 riktning
641 400 27 19 än
683 398 166 21 kommissionen
865 397 119 28 föreslagit,

161 428 20 21 d.
196 434 19 15 v.
233 434 17 15 s.
266 429 34 20 att
315 427 42 22 den
373 427 69 22 skulle
458 428 28 26 gå
501 433 76 21 genom
592 427 90 26 Jokkas,
697 426 79 27 Jorois,
791 427 138 27 Leppävirta,
937 427 49 22 icke

161 462 77 21 genom
254 457 137 27 Suonenjoki,
406 456 138 27 hvarigenom
560 455 50 22 dess
627 455 85 22 afstånd
727 455 48 22 från
785 456 27 21 de
822 455 164 27 ifrågavarande

161 485 87 27 sjöarna
263 485 85 22 komme
363 487 33 19 att
411 484 65 22 blifva
490 485 74 26 längre
579 487 26 18 än
621 484 56 21 hvad
692 484 166 22 kommissionen
874 485 39 20 har
923 484 63 22 tänkt

161 514 38 26 sig.
235 513 144 27 Naturligtvis
401 514 96 21 kommer
520 513 132 22 Ständernas
675 513 73 22 beslut
770 513 111 27 angående
903 513 82 22 banans

161 542 105 27 dragning
289 543 101 26 antingen
413 548 76 21 genom
506 541 131 28 Suonenjoki
654 541 52 22 eller
720 541 71 22 Jorois
807 543 33 20 att
853 542 90 21 inverka
958 542 28 27 pä

160 571 77 26 frågan
259 577 35 15 om
317 571 64 21 dessa
399 571 69 26 sjöars
488 571 150 25 kanalisering.
668 570 42 27 Jag
733 570 95 22 biträder
850 569 71 23 derför
936 571 51 21 herr

161 599 186 28 Standertskjölds
363 599 87 28 förslag.

229 628 56 21 Herr
307 628 144 21 Mechelin:
470 628 42 27 Jag
526 628 64 22 utber
604 627 44 28 mig
662 628 57 21 blott
734 629 33 20 att
781 627 22 22 fä
817 628 78 22 föreslä
911 629 32 21 att
959 629 26 22 de

161 657 49 21 med
233 657 114 26 anledning
370 657 23 21 af
413 657 64 21 dessa
499 657 159 27 propositioner
680 657 79 26 afgifna
781 658 113 26 yttranden
917 657 69 22 mätte

161 685 75 27 ätfölja
250 686 105 21 remissen
370 685 32 21 till
418 685 171 22 statsutskottet.

231 714 33 21 Dä
286 714 63 27 ingen
371 714 73 21 vidare
468 714 81 21 anmält
570 715 32 26 sig
624 714 34 21 till
681 714 72 21 ordets
769 714 130 27 erhällande,
914 715 73 21 beslöt

163 742 87 22 ständet
264 743 29 27 pä
308 743 50 21 herr
373 743 218 21 Landtmarskalkens
601 743 158 27 framställning
770 744 33 20 att
813 744 110 21 remittera
930 743 56 22 före-

162 772 95 20 varande
280 772 79 26 nädiga
381 772 134 26 proposition
537 772 40 21 N:o
601 774 26 18 41
647 771 32 21 till
695 772 170 26 statsutskottet,
883 774 56 20 samt
954 774 32 20 att

161 800 45 21 låta
228 800 104 22 remissen
355 800 129 27 beledsagas
508 800 22 21 af
551 800 108 27 protokoll
678 800 60 22 öfver
753 801 26 21 de
795 800 6 21 i
817 800 74 28 frågan
907 800 79 28 afgifna

161 829 135 26 yttrandena.

231 891 41 22 Till
287 891 131 28 behandling
432 891 112 28 föredrogs
559 892 53 21 härä
626 891 179 22 bankutskottets
821 891 118 28 bordlagda
949 892 37 22 be-

163 919 109 23 tänkande
287 921 110 26 angäende
413 921 102 21 Finlands
530 921 70 21 banks
616 920 156 27 odisponerade
788 920 133 23 vinstmedel.

231 949 56 22 Herr
309 949 133 22 Mechelin
464 949 85 28 yttrade
572 949 111 27 angäende
705 949 60 21 detta
780 949 145 22 betänkande:
941 949 45 28 Mig

161 983 64 22 synes
245 977 127 28 visserligen
390 979 33 20 att
442 979 36 20 det
492 979 55 20 hade
564 979 55 20 varit
633 977 109 27 riktigare,
759 984 34 15 om
809 978 107 21 utskottet
930 979 57 21 hade

161 1007 105 21 hemstält
285 1007 80 26 derom,
384 1007 33 21 att
432 1007 22 20 ät
470 1007 164 21 statsutskottet
649 1007 67 20 mätte
732 1006 141 23 öfverlemnas
889 1009 33 20 att
936 1009 51 25 taga

160 1035 8 21 i
183 1034 156 28 öfvervägande
355 1037 57 20 samt
426 1035 40 22 hos
483 1035 121 22 Ständerna
618 1034 86 27 föreslä,
721 1035 56 21 huru
788 1037 45 20 stor
844 1035 35 22 del
891 1035 22 22 af
923 1036 64 21 dessa

160 1063 128 22 vinstmede]
307 1064 70 21 skulle
393 1066 61 24 tagas
471 1064 7 21 i
494 1063 100 28 anspråk,
611 1064 101 21 eftersom
727 1063 36 22 vid
779 1065 88 20 senaste
881 1064 106 27 landtdag

160 1093 166 21 statsutskottet
340 1093 90 26 inslagit
445 1093 41 21 den
501 1095 69 24 vägen
586 1094 32 20 att
632 1092 49 22 icke
695 1092 74 22 anvisa
784 1093 57 21 vissa
857 1093 47 26 slag
919 1093 22 22 af
954 1093 32 22 in-

160 1121 98 21 konster
273 1121 32 21 till
321 1121 58 21 vissa
395 1122 47 26 slag
458 1121 23 21 af
494 1121 94 27 utgifter,
605 1127 49 15 men
668 1121 27 21 dä
710 1121 79 21 tanken
805 1121 42 21 kan
860 1127 64 16 anses
935 1127 52 16 vara

161 1149 130 27 densamma,
311 1149 67 22 afstär
393 1150 38 27 jag
451 1149 46 22 frän
521 1150 66 27 nägot
608 1150 95 26 yrkande
719 1149 42 21 och
775 1149 120 28 tillstyrker
909 1150 77 22 betän-

160 1178 93 21 kandets
268 1178 164 27 godkännande.

229 1207 58 21 Utan
302 1207 73 21 vidare
392 1207 140 26 anmärkning
547 1207 84 22 beslöts
646 1206 55 21 härä
717 1207 32 20 att
764 1207 115 26 godkänna
894 1207 91 22 bankut-

161 1235 94 22 skottets
271 1235 143 22 betänkande.

230 1297 122 26 Föredrogs
375 1297 40 21 och
438 1297 116 22 bordlades
575 1297 32 21 till
626 1298 65 19 nästa
705 1297 160 21 sammanträde
880 1297 107 22 allmänna

161 1325 211 22 besvärsutskottets
395 1325 137 22 betänkande
553 1325 42 22 N:o
618 1327 13 20 8
649 1325 7 21 i
672 1325 115 26 anledning
803 1325 22 21 af
838 1327 77 20 tvenne
929 1325 57 22 inom

160 1354 160 22 bondeständet
335 1354 79 22 väckta
430 1353 184 28 petitionsförslag
630 1359 33 16 om
680 1353 85 28 delning
781 1353 22 22 af
816 1353 119 28 Uleäborgs
946 1355 40 22 och

161 1383 86 23 Torneä
260 1383 169 23 läkaredistrikt.

231 1446 174 24 Sammanträdet
420 1446 76 24 afslöts
511 1447 93 23 klockan
619 1446 46 23 half
679 1447 41 22 tolf
733 1448 45 22 före
794 1448 121 28 middagen.

745 1488 22 18 In
779 1488 64 18 fidem:

650 1516 70 22 Victor
738 1517 25 21 de
778 1516 19 22 la
816 1516 102 28 Chapelle.
