1073 1723
384 99 41 18 Den
439 100 20 16 17
471 100 94 18 Februari.
816 104 39 20 169

70 165 115 28 olägenbet
204 165 33 23 för
257 166 167 28 vederbörande,
444 168 32 20 att
495 167 62 23 deras
577 167 39 23 sak
634 168 123 22 debatteras
772 168 7 22 i
795 170 31 20 ett
841 168 48 22 litet

70 194 86 23 utskott
178 195 52 22 eller
244 195 56 23 inom
316 202 27 16 en
358 196 70 22 större
442 195 129 29 församling.
601 196 40 22 Om
657 203 26 16 en
698 197 57 27 gång
768 197 119 28 partilidel-

70 230 39 16 sen
128 224 133 27 bemäktigat
280 225 33 27 sig
332 231 25 15 en
372 224 178 28 representation,
566 225 25 22 så
606 228 24 19 är
644 226 38 22 det
696 226 61 29 visst,
772 228 33 20 att
820 227 69 21 denna

70 252 81 28 lidelse,
172 253 7 21 i
202 253 115 28 synnerhet
338 253 57 22 inom
417 254 72 21 slutna
512 254 73 22 dörrar
603 254 56 22 skall
678 254 63 23 hafva
759 255 78 22 lättare
855 256 33 21 att

69 281 97 22 medföra
184 282 205 26 rättskränkningar,
411 284 27 20 än
456 282 28 22 då
498 283 67 21 saken
580 283 117 22 behandlas
712 282 55 23 inför
782 283 105 27 offentlig-

70 310 64 22 heten
153 310 57 22 inom
229 310 46 28 fyra
294 311 70 26 stånd,
384 311 38 21 der
442 311 36 21 det
497 314 24 18 är
539 311 82 28 möjligt
636 311 33 22 för
684 318 25 15 en
725 312 53 22 hvar
792 312 24 22 af
828 312 59 22 Hans

69 339 114 28 Majestäts
202 339 119 27 rådgifvare
340 341 34 20 att
393 338 57 24 finna
469 346 108 21 personer,
592 340 72 22 hvilka
682 340 50 28 vilja
752 341 40 21 och
816 341 73 22 kunna

70 367 106 23 frambära
198 368 52 22 hans
271 368 83 22 tankar.
389 369 43 21 Det
446 368 93 22 återstår
554 369 117 22 dessutom
680 369 121 23 Ständerna
815 372 72 20 rätten

70 398 33 20 att
116 396 8 23 i
136 397 86 26 plenum
232 397 112 27 plenorum
358 398 159 22 sammanträda
531 398 29 27 på
575 398 60 22 detta
649 404 54 20 rum,
719 398 28 22 då
761 398 61 22 Hans
842 398 46 22 Ma-

71 427 68 20 estäts
152 425 130 28 jrådgifvare
297 425 64 23 hafva
376 426 173 28 grundlagsenlig
563 428 45 20 rätt
623 428 33 21 att
665 429 90 20 närvara
766 428 40 22 och
818 427 70 22 uttala

70 455 38 26 sig.
139 455 64 21 Såväl
215 455 57 22 inom
286 455 104 22 historien
401 461 47 16 som
458 455 201 28 rättsvetenskapen
669 458 24 19 är
703 456 37 22 det
751 458 32 19 ett
794 455 92 23 erkändt

70 483 88 27 faktum,
175 485 32 20 att
222 490 48 15 man
285 484 7 21 i
308 483 87 28 Sverige
409 485 49 21 med
474 485 129 26 stadgandet
618 484 22 22 af
654 485 26 21 de
695 485 142 26 grundsatser
855 485 33 22 för

71 513 169 26 ansvarigheten,
260 519 47 15 som
325 513 51 28 ingå
390 513 6 21 i
414 514 53 21 1809
483 513 35 22 års
532 513 171 28 regeringsform,
718 514 48 21 icke
782 514 48 27 gått
846 513 42 22 till-

70 541 57 22 baka
149 542 32 21 till
199 541 143 22 frihetstiden.
378 541 43 23 Det
443 544 24 19 är
481 542 47 22 icke
551 541 60 23 fallet
633 542 67 27 enligt
720 543 27 22 de
766 543 122 27 åberopade

71 570 269 28 grundlagsstadgandena,
356 572 33 21 att
404 577 80 16 samma
499 570 130 29 myndighet,
645 577 46 16 som
706 571 97 22 besluter
816 571 73 22 ankla-

72 599 80 28 gelsen,
173 599 61 22 äfven
252 599 103 22 tillsätter
375 600 87 21 domare
482 600 51 21 eller
548 599 50 28 sjelf
615 599 62 22 fäller
693 600 84 22 domen.
806 601 44 21 Det
866 603 24 19 är

72 627 48 23 icke
135 627 65 27 fallet,
217 630 33 20 att
264 627 70 23 denna
348 628 124 27 myndighet
482 629 61 21 sitter
553 629 79 21 bakom
643 628 72 23 slutna
725 629 80 26 dörrar,
817 629 72 22 såsom

71 657 68 21 under
154 656 142 27 frihetstiden,
312 657 52 22 eller
379 657 80 22 saknar
473 656 163 29 tryckfrihetens
651 657 99 22 kontroll.
775 658 67 21 Detta
852 657 38 22 allt

71 685 67 22 borde
161 685 56 22 dock
238 686 102 21 innebära
362 685 115 28 tillräcklig
498 686 85 27 garanti
602 685 33 22 för
655 687 32 20 att
702 686 19 27 ej
737 686 67 27 något
818 685 72 28 farligt

71 714 167 22 maktmissbruk
254 715 55 21 skall
322 714 52 28 följa
386 714 40 23 den
437 721 28 15 nu
476 714 22 22 af
506 714 33 22 för
549 714 48 22 vårt
605 715 51 21 land
665 714 127 28 ifrågasatta
799 715 90 26 gransk-

73 743 199 27 ningsrättigheten.
297 744 43 21 Det
354 744 42 21 kan
411 743 18 28 ej
445 749 42 21 nog
497 743 44 22 ofta
551 749 115 22 upprepas,
681 745 32 20 att
727 743 165 22 konstitutions-

73 771 108 22 utskottet
203 772 18 27 ej
245 772 122 27 egentligen
389 774 24 19 är
435 778 25 15 en
483 772 140 27 anklagande,
642 773 52 21 utan
717 778 25 15 en
757 772 135 27 granskande

73 800 130 29 myndighet.
232 801 40 22 Att
289 801 108 22 utskottet
412 801 64 22 äskar
490 800 129 23 statsrådets
634 801 108 27 protokoll
756 803 24 20 är
794 801 48 22 icke
856 801 38 22 nå-

73 835 41 22 gon
129 829 164 28 inkrimination,
309 830 37 21 det
360 832 24 19 är
399 829 47 22 icke
462 830 87 21 dermed
563 829 109 27 förutsatt,
688 831 33 20 att
738 830 70 27 någon
824 830 69 27 grund

73 858 67 22 finnes
163 858 33 22 för
217 859 144 27 anklagelsen,
380 858 52 23 eller
451 857 110 29 förutsatt,
580 861 33 19 att
631 858 188 28 undersökningen
838 858 55 22 skall

72 888 50 22 leda
140 887 33 22 till
192 894 140 21 en:process.
365 887 29 22 Af
412 888 41 22 den
472 888 8 21 i
499 888 173 27 grundlagsenlig
688 888 90 27 ordning
792 888 100 22 fordrade

72 916 164 28 redovisningen
250 916 62 28 följer
327 917 18 27 ej
361 916 49 22 med
424 916 167 28 nödvändighet,
607 918 32 20 att
654 917 164 27 ansvarigheten
837 916 55 23 skall

73 946 119 26 tillämpas;
207 946 157 26 granskningen
379 946 42 21 kan
436 945 49 22 fullt
499 947 25 20 ut
539 946 60 21 såväl
614 945 81 27 skydda
711 952 47 16 som
772 945 56 22 fälla.
853 945 39 22 Sä-

74 974 52 22 dant
134 974 84 22 bevisas
230 974 66 22 redan
306 974 24 22 af
338 974 42 22 den
388 974 193 27 omständigheten,
590 976 33 20 att
630 974 264 22 konstitutionsutskottet

73 1003 7 21 i
103 1003 87 27 Sverige
213 1003 90 27 mången
325 1003 57 27 gång
402 1003 39 21 har
462 1002 108 23 framstält
589 1003 48 21 sina
656 1003 150 22 betänkanden
824 1003 7 21 i
852 1002 41 22 den

74 1031 60 27 form,
158 1033 33 20 att
214 1049 5 9 ,
220 1032 120 27 anledning
359 1032 33 21 till
412 1032 138 27 anmärkning
573 1032 19 27 ej
607 1032 156 22 förekommit".
793 1032 67 21 Detta
870 1032 25 20 är

74 1061 34 21 väl
128 1061 37 21 det
184 1061 63 21 bästa
265 1061 90 27 intyget,
374 1066 34 16 om
423 1060 81 22 hvilket
520 1061 49 21 stöd
584 1067 26 15 en
625 1060 67 22 sådan
707 1060 188 27 granskningsrätt

74 1089 43 22 kan
140 1089 102 22 innebära
264 1089 33 23 för
316 1090 41 21 den
376 1089 125 27 rådgifvare,
521 1095 46 16 som
586 1088 40 29 fylt
645 1089 33 21 sin
693 1089 59 27 pligt.
783 1088 112 28 Ingenting

76 1120 24 20 är
118 1118 35 22 väl
172 1118 57 22 inom
249 1118 37 22 det
304 1118 103 27 politiska
426 1118 59 22 lifvet
502 1118 98 28 farligare
623 1120 26 20 än
673 1118 64 22 dolda
758 1118 137 26 misstankar,

76 1153 46 16 som
136 1147 95 22 hvarken
247 1147 71 22 kunna
333 1147 83 22 bevisas
433 1147 51 21 eller
499 1147 147 27 vederläggas.
671 1147 44 21 Det
727 1147 39 21 har
776 1147 59 27 gladt
846 1146 48 27 mig,

76 1178 32 20 att
123 1182 26 16 en
164 1176 91 22 medlem
271 1176 22 22 af
306 1176 84 22 landets
406 1176 122 22 nuvarande
544 1178 62 20 senat
619 1175 61 23 äfven
694 1176 77 22 erkänt
784 1176 67 26 detta,
863 1177 34 20 att

76 1205 42 21 han
136 1205 45 21 från
200 1206 33 20 sin
252 1205 108 27 synpunkt
374 1204 70 22 funnit
459 1205 37 21 det
510 1205 101 27 önskligt,
628 1206 32 20 att
675 1211 27 15 en
717 1204 68 22 sådan
800 1204 96 27 offentlig

76 1234 137 26 redovisning
229 1240 50 21 eger
294 1240 53 16 rum.

144 1262 73 22 Andra
233 1262 66 22 talare
310 1262 63 22 hafva
383 1261 97 22 deremot
492 1262 7 20 i
514 1262 26 21 de
551 1263 56 21 mest
617 1262 107 21 drastiska
735 1262 88 26 ordalag
832 1261 64 22 fram-

77 1291 61 21 hållit
158 1292 40 21 den
218 1292 99 26 ständiga
334 1291 52 25 fara,
405 1296 45 16 som
466 1290 69 22 skulle
551 1290 52 22 hota
618 1290 73 27 hvarje
706 1290 91 22 medlem
812 1289 23 23 af
848 1290 49 21 Fin-

77 1320 61 21 lands
154 1320 72 26 Senat,
245 1320 73 21 derest
333 1320 40 21 den
388 1319 108 27 påyrkade
511 1318 137 23 föreskriften
663 1318 70 22 skulle
749 1319 63 21 vinna
827 1318 71 27 giltig-

78 1349 43 20 het.
155 1348 41 27 Jag
215 1349 69 20 måste
303 1348 74 24 tillstå,
398 1349 33 19 att
448 1348 43 26 mig
506 1354 62 20 synes
585 1348 64 20 dessa
663 1347 100 26 farhågor
777 1347 63 21 hafva
855 1352 43 20 nog

79 1376 59 22 stark
160 1376 83 21 bismak
265 1376 23 21 af
308 1376 41 21 den
368 1375 148 27 byråkratiska
535 1374 250 28 maktfullkomligheten.
822 1374 76 22 Denna

79 1404 99 28 ständiga
192 1404 47 22 fara
254 1406 32 20 att
301 1404 27 28 gå
344 1404 62 21 miste
422 1410 34 15 om
471 1404 46 21 sina
527 1404 98 22 embeten
637 1405 23 19 är
671 1403 124 27 oundviklig
807 1403 7 21 i
826 1403 73 27 hvarje

78 1434 50 22 land
144 1434 48 22 med
208 1432 188 29 parlamentariskt
411 1432 171 26 samhällsskick,
598 1432 41 22 och
651 1434 115 25 regentens
777 1430 121 29 rådgifvare

78 1463 70 23 måste
163 1463 131 22 underkasta
309 1462 33 27 sig
356 1462 129 26 densamma,
503 1474 25 3 —
543 1462 49 22 med
607 1463 60 21 stora
681 1461 106 23 förmåner
803 1461 40 22 och
853 1463 45 20 rät-

80 1492 93 28 tigheter
182 1492 62 28 följer
252 1491 62 23 äfven
324 1493 56 20 stort
390 1497 81 15 ansvar.
489 1490 50 23 Man
549 1490 39 23 har
597 1491 62 21 bållit
668 1491 28 27 på
707 1491 40 22 den
755 1490 143 28 synpunkten,

80 1523 33 21 att
136 1522 37 22 det
193 1527 51 17 vore
265 1521 88 27 obilligt,
373 1521 32 21 att
425 1520 120 22 Ständerna
564 1520 84 22 således
668 1520 69 22 skulle
756 1520 72 22 kunna
843 1518 56 24 inför
