<?xml version="1.0" encoding="UTF-8"?>
<alto xmlns="http://www.loc.gov/standards/alto/ns-v3#" xmlns:xlink="http://www.w3.org/1999/xlink" xmlns:xsi="http://www.w3.org/2001/XMLSchema-instance" xsi:schemaLocation="http://www.loc.gov/standards/alto/ns-v3# http://www.loc.gov/alto/v3/alto-3-0.xsd">
	<Description>
		<MeasurementUnit>pixel</MeasurementUnit>
		<sourceImageInformation>
			<fileName>/tmp/tess_rd2za69l_input.PNG</fileName>
		</sourceImageInformation>
		<OCRProcessing ID="OCR_0">
			<ocrProcessingStep>
				<processingSoftware>
					<softwareName>tesseract 5.3.4</softwareName>
				</processingSoftware>
			</ocrProcessingStep>
		</OCRProcessing>
	</Description>
	<Layout>
		<Page WIDTH="1081" HEIGHT="1720" PHYSICAL_IMG_NR="0" ID="page_0">
			<PrintSpace HPOS="0" VPOS="0" WIDTH="1081" HEIGHT="1720">
				<ComposedBlock ID="cblock_0" HPOS="194" VPOS="114" WIDTH="465" HEIGHT="26">
					<TextBlock ID="block_0" HPOS="194" VPOS="114" WIDTH="465" HEIGHT="26">
						<TextLine ID="line_0" HPOS="194" VPOS="114" WIDTH="465" HEIGHT="26">
							<String ID="string_0" HPOS="194" VPOS="120" WIDTH="27" HEIGHT="20" WC="0.96" CONTENT="54"/><SP WIDTH="266" VPOS="120" HPOS="221"/>
							<String ID="string_1" HPOS="487" VPOS="116" WIDTH="42" HEIGHT="18" WC="0.96" CONTENT="Den"/><SP WIDTH="13" VPOS="116" HPOS="529"/>
							<String ID="string_2" HPOS="542" VPOS="116" WIDTH="10" HEIGHT="16" WC="0.95" CONTENT="4"/><SP WIDTH="11" VPOS="116" HPOS="552"/>
							<String ID="string_3" HPOS="563" VPOS="114" WIDTH="96" HEIGHT="20" WC="0.95" CONTENT="Februari:"/>
						</TextLine>
					</TextBlock>
				</ComposedBlock>
				<ComposedBlock ID="cblock_1" HPOS="154" VPOS="180" WIDTH="835" HEIGHT="1373">
					<TextBlock ID="block_1" HPOS="159" VPOS="180" WIDTH="829" HEIGHT="917">
						<TextLine ID="line_1" HPOS="165" VPOS="180" WIDTH="822" HEIGHT="29">
							<String ID="string_4" HPOS="165" VPOS="183" WIDTH="68" HEIGHT="26" WC="0.81" CONTENT="öfriga"/><SP WIDTH="14" VPOS="183" HPOS="233"/>
							<String ID="string_5" HPOS="247" VPOS="182" WIDTH="109" HEIGHT="27" WC="0.94" CONTENT="allmänna"/><SP WIDTH="12" VPOS="182" HPOS="356"/>
							<String ID="string_6" HPOS="368" VPOS="182" WIDTH="120" HEIGHT="26" WC="0.95" CONTENT="utskotten;"/><SP WIDTH="12" VPOS="182" HPOS="488"/>
							<String ID="string_7" HPOS="500" VPOS="183" WIDTH="55" HEIGHT="20" WC="0.96" CONTENT="utan"/><SP WIDTH="15" VPOS="183" HPOS="555"/>
							<String ID="string_8" HPOS="570" VPOS="181" WIDTH="85" HEIGHT="24" WC="0.94" CONTENT="således"/><SP WIDTH="15" VPOS="181" HPOS="655"/>
							<String ID="string_9" HPOS="670" VPOS="181" WIDTH="40" HEIGHT="21" WC="0.94" CONTENT="bör"/><SP WIDTH="14" VPOS="181" HPOS="710"/>
							<String ID="string_10" HPOS="724" VPOS="181" WIDTH="87" HEIGHT="22" WC="0.96" CONTENT="komma"/><SP WIDTH="14" VPOS="181" HPOS="811"/>
							<String ID="string_11" HPOS="825" VPOS="180" WIDTH="32" HEIGHT="22" WC="0.95" CONTENT="till"/><SP WIDTH="14" VPOS="180" HPOS="857"/>
							<String ID="string_12" HPOS="871" VPOS="181" WIDTH="60" HEIGHT="22" WC="0.93" CONTENT="detta"/><SP WIDTH="10" VPOS="181" HPOS="931"/>
							<String ID="string_13" HPOS="941" VPOS="182" WIDTH="46" HEIGHT="19" WC="0.92" CONTENT="sär-"/>
						</TextLine>
						<TextLine ID="line_2" HPOS="165" VPOS="208" WIDTH="821" HEIGHT="30">
							<String ID="string_14" HPOS="165" VPOS="211" WIDTH="71" HEIGHT="22" WC="0.96" CONTENT="skilda"/><SP WIDTH="13" VPOS="211" HPOS="236"/>
							<String ID="string_15" HPOS="249" VPOS="212" WIDTH="94" HEIGHT="25" WC="0.96" CONTENT="utskott,"/><SP WIDTH="14" VPOS="212" HPOS="343"/>
							<String ID="string_16" HPOS="357" VPOS="211" WIDTH="65" HEIGHT="23" WC="0.93" CONTENT="hvars"/><SP WIDTH="15" VPOS="211" HPOS="422"/>
							<String ID="string_17" HPOS="437" VPOS="210" WIDTH="94" HEIGHT="28" WC="0.91" CONTENT="speciela"/><SP WIDTH="13" VPOS="210" HPOS="531"/>
							<String ID="string_18" HPOS="544" VPOS="210" WIDTH="104" HEIGHT="23" WC="0.96" CONTENT="karaktär"/><SP WIDTH="12" VPOS="210" HPOS="648"/>
							<String ID="string_19" HPOS="660" VPOS="210" WIDTH="48" HEIGHT="26" WC="0.96" CONTENT="just"/><SP WIDTH="6" VPOS="210" HPOS="708"/>
							<String ID="string_20" HPOS="714" VPOS="211" WIDTH="28" HEIGHT="20" WC="0.96" CONTENT="är"/><SP WIDTH="8" VPOS="211" HPOS="742"/>
							<String ID="string_21" HPOS="750" VPOS="210" WIDTH="36" HEIGHT="22" WC="0.93" CONTENT="att"/><SP WIDTH="7" VPOS="210" HPOS="786"/>
							<String ID="string_22" HPOS="793" VPOS="210" WIDTH="96" HEIGHT="26" WC="0.92" CONTENT="upptaga"/><SP WIDTH="15" VPOS="210" HPOS="889"/>
							<String ID="string_23" HPOS="904" VPOS="208" WIDTH="82" HEIGHT="23" WC="0.96" CONTENT="sådana"/>
						</TextLine>
						<TextLine ID="line_3" HPOS="163" VPOS="237" WIDTH="824" HEIGHT="30">
							<String ID="string_24" HPOS="163" VPOS="240" WIDTH="203" HEIGHT="27" WC="0.57" CONTENT="petitionsförslag,"/><SP WIDTH="1" VPOS="240" HPOS="366"/>
							<String ID="string_25" HPOS="367" VPOS="233" WIDTH="11" HEIGHT="38" WC="0.89" CONTENT=":"/><SP WIDTH="-1" VPOS="233" HPOS="378"/>
							<String ID="string_26" HPOS="377" VPOS="246" WIDTH="48" HEIGHT="16" WC="0.96" CONTENT="som"/><SP WIDTH="14" VPOS="246" HPOS="425"/>
							<String ID="string_27" HPOS="439" VPOS="240" WIDTH="20" HEIGHT="26" WC="0.96" CONTENT="ej"/><SP WIDTH="15" VPOS="240" HPOS="459"/>
							<String ID="string_28" HPOS="474" VPOS="239" WIDTH="72" HEIGHT="23" WC="0.96" CONTENT="kunna"/><SP WIDTH="11" VPOS="239" HPOS="546"/>
							<String ID="string_29" HPOS="557" VPOS="239" WIDTH="40" HEIGHT="22" WC="0.84" CONTENT="till"/><SP WIDTH="18" VPOS="239" HPOS="597"/>
							<String ID="string_30" HPOS="615" VPOS="238" WIDTH="73" HEIGHT="25" WC="0.96" CONTENT="andra,"/><SP WIDTH="20" VPOS="238" HPOS="688"/>
							<String ID="string_31" HPOS="708" VPOS="233" WIDTH="75" HEIGHT="38" WC="0.20" CONTENT="säsom&#39;"/><SP WIDTH="6" VPOS="233" HPOS="783"/>
							<String ID="string_32" HPOS="789" VPOS="237" WIDTH="53" HEIGHT="26" WC="0.20" CONTENT="L.-,"/><SP WIDTH="15" VPOS="237" HPOS="842"/>
							<String ID="string_33" HPOS="857" VPOS="238" WIDTH="56" HEIGHT="26" WC="0.88" CONTENT="Ek.-,"/><SP WIDTH="21" VPOS="238" HPOS="913"/>
							<String ID="string_34" HPOS="934" VPOS="237" WIDTH="53" HEIGHT="24" WC="0.92" CONTENT="eller"/>
						</TextLine>
						<TextLine ID="line_4" HPOS="165" VPOS="266" WIDTH="821" HEIGHT="28">
							<String ID="string_35" HPOS="165" VPOS="268" WIDTH="31" HEIGHT="22" WC="0.92" CONTENT="St."/><SP WIDTH="12" VPOS="268" HPOS="196"/>
							<String ID="string_36" HPOS="208" VPOS="268" WIDTH="25" HEIGHT="22" WC="0.71" CONTENT="U:"/><SP WIDTH="9" VPOS="268" HPOS="233"/>
							<String ID="string_37" HPOS="242" VPOS="268" WIDTH="101" HEIGHT="23" WC="0.85" CONTENT="förvisas."/><SP WIDTH="24" VPOS="268" HPOS="343"/>
							<String ID="string_38" HPOS="367" VPOS="268" WIDTH="39" HEIGHT="22" WC="0.96" CONTENT="Att"/><SP WIDTH="14" VPOS="268" HPOS="406"/>
							<String ID="string_39" HPOS="420" VPOS="274" WIDTH="36" HEIGHT="20" WC="0.96" CONTENT="nu,"/><SP WIDTH="15" VPOS="274" HPOS="456"/>
							<String ID="string_40" HPOS="471" VPOS="268" WIDTH="65" HEIGHT="22" WC="0.93" CONTENT="innan"/><SP WIDTH="14" VPOS="268" HPOS="536"/>
							<String ID="string_41" HPOS="550" VPOS="268" WIDTH="26" HEIGHT="21" WC="0.95" CONTENT="R."/><SP WIDTH="15" VPOS="268" HPOS="576"/>
							<String ID="string_42" HPOS="591" VPOS="274" WIDTH="19" HEIGHT="15" WC="0.86" CONTENT="o."/><SP WIDTH="16" VPOS="274" HPOS="610"/>
							<String ID="string_43" HPOS="626" VPOS="268" WIDTH="25" HEIGHT="21" WC="0.93" CONTENT="A."/><SP WIDTH="16" VPOS="268" HPOS="651"/>
							<String ID="string_44" HPOS="667" VPOS="266" WIDTH="82" HEIGHT="22" WC="0.96" CONTENT="känner"/><SP WIDTH="15" VPOS="266" HPOS="749"/>
							<String ID="string_45" HPOS="764" VPOS="266" WIDTH="7" HEIGHT="22" WC="0.96" CONTENT="i"/><SP WIDTH="14" VPOS="266" HPOS="771"/>
							<String ID="string_46" HPOS="785" VPOS="266" WIDTH="57" HEIGHT="22" WC="0.95" CONTENT="hvad"/><SP WIDTH="14" VPOS="266" HPOS="842"/>
							<String ID="string_47" HPOS="856" VPOS="266" WIDTH="50" HEIGHT="23" WC="0.94" CONTENT="mån"/><SP WIDTH="14" VPOS="266" HPOS="906"/>
							<String ID="string_48" HPOS="920" VPOS="266" WIDTH="66" HEIGHT="22" WC="0.96" CONTENT="dessa"/>
						</TextLine>
						<TextLine ID="line_5" HPOS="165" VPOS="294" WIDTH="820" HEIGHT="30">
							<String ID="string_49" HPOS="165" VPOS="296" WIDTH="299" HEIGHT="28" WC="0.49" CONTENT="genom:-protokollsutdrag"/><SP WIDTH="24" VPOS="296" HPOS="464"/>
							<String ID="string_50" HPOS="488" VPOS="296" WIDTH="127" HEIGHT="24" WC="0.90" CONTENT="meddelade"/><SP WIDTH="14" VPOS="296" HPOS="615"/>
							<String ID="string_51" HPOS="629" VPOS="295" WIDTH="167" HEIGHT="27" WC="0.26" CONTENT=";inbjudningar."/><SP WIDTH="18" VPOS="295" HPOS="796"/>
							<String ID="string_52" HPOS="814" VPOS="295" WIDTH="42" HEIGHT="25" WC="0.86" CONTENT="till;"/><SP WIDTH="12" VPOS="295" HPOS="856"/>
							<String ID="string_53" HPOS="868" VPOS="295" WIDTH="28" HEIGHT="25" WC="0.93" CONTENT="de"/><SP WIDTH="22" VPOS="295" HPOS="896"/>
							<String ID="string_54" HPOS="918" VPOS="294" WIDTH="67" HEIGHT="28" WC="0.93" CONTENT="öfriga"/>
						</TextLine>
						<TextLine ID="line_6" HPOS="164" VPOS="324" WIDTH="821" HEIGHT="28">
							<String ID="string_55" HPOS="164" VPOS="326" WIDTH="92" HEIGHT="22" WC="0.93" CONTENT="stånden"/><SP WIDTH="14" VPOS="326" HPOS="256"/>
							<String ID="string_56" HPOS="270" VPOS="326" WIDTH="188" HEIGHT="26" WC="0.80" CONTENT="kunnat:-bidraga"/><SP WIDTH="14" VPOS="326" HPOS="458"/>
							<String ID="string_57" HPOS="472" VPOS="325" WIDTH="33" HEIGHT="21" WC="0.93" CONTENT="till"/><SP WIDTH="15" VPOS="325" HPOS="505"/>
							<String ID="string_58" HPOS="520" VPOS="324" WIDTH="224" HEIGHT="24" WC="0.90" CONTENT="öfverensstämmelse"/><SP WIDTH="10" VPOS="324" HPOS="744"/>
							<String ID="string_59" HPOS="754" VPOS="324" WIDTH="7" HEIGHT="21" WC="0.96" CONTENT="i"/><SP WIDTH="10" VPOS="324" HPOS="761"/>
							<String ID="string_60" HPOS="771" VPOS="324" WIDTH="68" HEIGHT="22" WC="0.91" CONTENT="saken"/><SP WIDTH="13" VPOS="324" HPOS="839"/>
							<String ID="string_61" HPOS="852" VPOS="326" WIDTH="59" HEIGHT="21" WC="0.85" CONTENT="samt"/><SP WIDTH="9" VPOS="326" HPOS="911"/>
							<String ID="string_62" HPOS="920" VPOS="324" WIDTH="65" HEIGHT="22" WC="0.96" CONTENT="innan"/>
						</TextLine>
						<TextLine ID="line_7" HPOS="164" VPOS="352" WIDTH="822" HEIGHT="27">
							<String ID="string_63" HPOS="164" VPOS="355" WIDTH="25" HEIGHT="21" WC="0.77" CONTENT="R."/><SP WIDTH="15" VPOS="355" HPOS="189"/>
							<String ID="string_64" HPOS="204" VPOS="361" WIDTH="20" HEIGHT="15" WC="0.78" CONTENT="0."/><SP WIDTH="16" VPOS="361" HPOS="224"/>
							<String ID="string_65" HPOS="240" VPOS="355" WIDTH="30" HEIGHT="21" WC="0.60" CONTENT="A;"/><SP WIDTH="11" VPOS="355" HPOS="270"/>
							<String ID="string_66" HPOS="281" VPOS="355" WIDTH="82" HEIGHT="22" WC="0.95" CONTENT="känner"/><SP WIDTH="14" VPOS="355" HPOS="363"/>
							<String ID="string_67" HPOS="377" VPOS="354" WIDTH="57" HEIGHT="23" WC="0.96" CONTENT="hvad"/><SP WIDTH="13" VPOS="354" HPOS="434"/>
							<String ID="string_68" HPOS="447" VPOS="354" WIDTH="72" HEIGHT="21" WC="0.93" CONTENT="beslut"/><SP WIDTH="10" VPOS="354" HPOS="519"/>
							<String ID="string_69" HPOS="529" VPOS="354" WIDTH="49" HEIGHT="21" WC="0.92" CONTENT="B:re"/><SP WIDTH="12" VPOS="354" HPOS="578"/>
							<String ID="string_70" HPOS="590" VPOS="353" WIDTH="31" HEIGHT="22" WC="0.94" CONTENT="St."/><SP WIDTH="15" VPOS="353" HPOS="621"/>
							<String ID="string_71" HPOS="636" VPOS="352" WIDTH="7" HEIGHT="22" WC="0.96" CONTENT="i"/><SP WIDTH="16" VPOS="352" HPOS="643"/>
							<String ID="string_72" HPOS="659" VPOS="352" WIDTH="92" HEIGHT="23" WC="0.96" CONTENT="ärendet"/><SP WIDTH="13" VPOS="352" HPOS="751"/>
							<String ID="string_73" HPOS="764" VPOS="352" WIDTH="73" HEIGHT="27" WC="0.96" CONTENT="fattat;"/><SP WIDTH="12" VPOS="352" HPOS="837"/>
							<String ID="string_74" HPOS="849" VPOS="352" WIDTH="137" HEIGHT="25" WC="0.96" CONTENT="omedelbart"/>
						</TextLine>
						<TextLine ID="line_8" HPOS="164" VPOS="380" WIDTH="821" HEIGHT="30">
							<String ID="string_75" HPOS="164" VPOS="376" WIDTH="85" HEIGHT="38" WC="0.71" CONTENT="Ofvergä"/><SP WIDTH="17" VPOS="376" HPOS="249"/>
							<String ID="string_76" HPOS="266" VPOS="376" WIDTH="54" HEIGHT="38" WC="0.94" CONTENT="från:"/><SP WIDTH="10" VPOS="376" HPOS="320"/>
							<String ID="string_77" HPOS="330" VPOS="376" WIDTH="54" HEIGHT="38" WC="0.95" CONTENT="dess,"/><SP WIDTH="16" VPOS="376" HPOS="384"/>
							<String ID="string_78" HPOS="400" VPOS="382" WIDTH="49" HEIGHT="23" WC="0.96" CONTENT="med"/><SP WIDTH="14" VPOS="382" HPOS="449"/>
							<String ID="string_79" HPOS="463" VPOS="382" WIDTH="96" HEIGHT="23" WC="0.96" CONTENT="normala"/><SP WIDTH="13" VPOS="382" HPOS="559"/>
							<String ID="string_80" HPOS="572" VPOS="382" WIDTH="80" HEIGHT="24" WC="0.96" CONTENT="former"/><SP WIDTH="15" VPOS="382" HPOS="652"/>
							<String ID="string_81" HPOS="667" VPOS="382" WIDTH="64" HEIGHT="26" WC="0.95" CONTENT="enligt"/><SP WIDTH="16" VPOS="382" HPOS="731"/>
							<String ID="string_82" HPOS="747" VPOS="381" WIDTH="23" HEIGHT="23" WC="0.95" CONTENT="L."/><SP WIDTH="11" VPOS="381" HPOS="770"/>
							<String ID="string_83" HPOS="781" VPOS="380" WIDTH="26" HEIGHT="22" WC="0.85" CONTENT="O."/><SP WIDTH="11" VPOS="380" HPOS="807"/>
							<String ID="string_84" HPOS="818" VPOS="380" WIDTH="167" HEIGHT="23" WC="0.92" CONTENT="öfverensstäm-"/>
						</TextLine>
						<TextLine ID="line_9" HPOS="163" VPOS="410" WIDTH="822" HEIGHT="27">
							<String ID="string_85" HPOS="163" VPOS="412" WIDTH="83" HEIGHT="25" WC="0.63" CONTENT="mande,"/><SP WIDTH="7" VPOS="412" HPOS="246"/>
							<String ID="string_86" HPOS="253" VPOS="406" WIDTH="10" HEIGHT="36" WC="0.87" CONTENT=":"/><SP WIDTH="3" VPOS="406" HPOS="263"/>
							<String ID="string_87" HPOS="266" VPOS="412" WIDTH="73" HEIGHT="22" WC="0.96" CONTENT="beslut"/><SP WIDTH="14" VPOS="412" HPOS="339"/>
							<String ID="string_88" HPOS="353" VPOS="412" WIDTH="8" HEIGHT="20" WC="0.96" CONTENT="i"/><SP WIDTH="15" VPOS="412" HPOS="361"/>
							<String ID="string_89" HPOS="376" VPOS="412" WIDTH="70" HEIGHT="22" WC="0.96" CONTENT="denna"/><SP WIDTH="17" VPOS="412" HPOS="446"/>
							<String ID="string_90" HPOS="463" VPOS="411" WIDTH="39" HEIGHT="21" WC="0.96" CONTENT="sak"/><SP WIDTH="16" VPOS="411" HPOS="502"/>
							<String ID="string_91" HPOS="518" VPOS="411" WIDTH="41" HEIGHT="22" WC="0.93" CONTENT="och"/><SP WIDTH="17" VPOS="411" HPOS="559"/>
							<String ID="string_92" HPOS="576" VPOS="410" WIDTH="91" HEIGHT="23" WC="0.96" CONTENT="omfatta"/><SP WIDTH="15" VPOS="410" HPOS="667"/>
							<String ID="string_93" HPOS="682" VPOS="412" WIDTH="33" HEIGHT="19" WC="0.96" CONTENT="ett"/><SP WIDTH="12" VPOS="412" HPOS="715"/>
							<String ID="string_94" HPOS="727" VPOS="412" WIDTH="72" HEIGHT="23" WC="0.63" CONTENT="annat;"/><SP WIDTH="14" VPOS="412" HPOS="799"/>
							<String ID="string_95" HPOS="813" VPOS="416" WIDTH="52" HEIGHT="17" WC="0.80" CONTENT="som"/><SP WIDTH="16" VPOS="416" HPOS="865"/>
							<String ID="string_96" HPOS="881" VPOS="412" WIDTH="25" HEIGHT="21" WC="0.88" CONTENT="är"/><SP WIDTH="15" VPOS="412" HPOS="906"/>
							<String ID="string_97" HPOS="921" VPOS="416" WIDTH="64" HEIGHT="16" WC="0.88" CONTENT="ovan-"/>
						</TextLine>
						<TextLine ID="line_10" HPOS="163" VPOS="437" WIDTH="823" HEIGHT="30">
							<String ID="string_98" HPOS="163" VPOS="440" WIDTH="44" HEIGHT="27" WC="0.65" CONTENT="ligt."/><SP WIDTH="12" VPOS="440" HPOS="207"/>
							<String ID="string_99" HPOS="219" VPOS="440" WIDTH="33" HEIGHT="22" WC="0.93" CONTENT="till"/><SP WIDTH="14" VPOS="440" HPOS="252"/>
							<String ID="string_100" HPOS="266" VPOS="440" WIDTH="89" HEIGHT="26" WC="0.96" CONTENT="formen,"/><SP WIDTH="17" VPOS="440" HPOS="355"/>
							<String ID="string_101" HPOS="372" VPOS="440" WIDTH="61" HEIGHT="22" WC="0.96" CONTENT="detta"/><SP WIDTH="15" VPOS="440" HPOS="433"/>
							<String ID="string_102" HPOS="448" VPOS="439" WIDTH="42" HEIGHT="22" WC="0.96" CONTENT="kan"/><SP WIDTH="12" VPOS="439" HPOS="490"/>
							<String ID="string_103" HPOS="502" VPOS="439" WIDTH="45" HEIGHT="28" WC="0.93" CONTENT="jag"/><SP WIDTH="9" VPOS="439" HPOS="547"/>
							<String ID="string_104" HPOS="556" VPOS="439" WIDTH="19" HEIGHT="27" WC="0.96" CONTENT="ej"/><SP WIDTH="15" VPOS="439" HPOS="575"/>
							<String ID="string_105" HPOS="590" VPOS="438" WIDTH="58" HEIGHT="22" WC="0.93" CONTENT="finna"/><SP WIDTH="12" VPOS="438" HPOS="648"/>
							<String ID="string_106" HPOS="660" VPOS="437" WIDTH="49" HEIGHT="24" WC="0.93" CONTENT="fullt"/><SP WIDTH="10" VPOS="437" HPOS="709"/>
							<String ID="string_107" HPOS="719" VPOS="438" WIDTH="145" HEIGHT="24" WC="0.59" CONTENT="motiveradt.:"/><SP WIDTH="13" VPOS="438" HPOS="864"/>
							<String ID="string_108" HPOS="877" VPOS="438" WIDTH="51" HEIGHT="23" WC="0.96" CONTENT="Med"/><SP WIDTH="10" VPOS="438" HPOS="928"/>
							<String ID="string_109" HPOS="938" VPOS="439" WIDTH="48" HEIGHT="22" WC="0.96" CONTENT="skäl"/>
						</TextLine>
						<TextLine ID="line_11" HPOS="164" VPOS="466" WIDTH="824" HEIGHT="29">
							<String ID="string_110" HPOS="164" VPOS="469" WIDTH="39" HEIGHT="22" WC="0.95" CONTENT="har"/><SP WIDTH="15" VPOS="469" HPOS="203"/>
							<String ID="string_111" HPOS="218" VPOS="475" WIDTH="27" HEIGHT="16" WC="0.93" CONTENT="en"/><SP WIDTH="12" VPOS="475" HPOS="245"/>
							<String ID="string_112" HPOS="257" VPOS="469" WIDTH="76" HEIGHT="26" WC="0.41" CONTENT="talarö,"/><SP WIDTH="18" VPOS="469" HPOS="333"/>
							<String ID="string_113" HPOS="351" VPOS="469" WIDTH="51" HEIGHT="22" WC="0.93" CONTENT="herr"/><SP WIDTH="15" VPOS="469" HPOS="402"/>
							<String ID="string_114" HPOS="417" VPOS="468" WIDTH="147" HEIGHT="27" WC="0.86" CONTENT="Godenhjelm,"/><SP WIDTH="18" VPOS="468" HPOS="564"/>
							<String ID="string_115" HPOS="582" VPOS="467" WIDTH="123" HEIGHT="26" WC="0.91" CONTENT="framhällit,"/><SP WIDTH="16" VPOS="467" HPOS="705"/>
							<String ID="string_116" HPOS="721" VPOS="468" WIDTH="33" HEIGHT="20" WC="0.93" CONTENT="att"/><SP WIDTH="15" VPOS="468" HPOS="754"/>
							<String ID="string_117" HPOS="769" VPOS="466" WIDTH="181" HEIGHT="27" WC="0.95" CONTENT="framställningar"/><SP WIDTH="15" VPOS="466" HPOS="950"/>
							<String ID="string_118" HPOS="965" VPOS="467" WIDTH="23" HEIGHT="22" WC="0.96" CONTENT="af"/>
						</TextLine>
						<TextLine ID="line_12" HPOS="164" VPOS="495" WIDTH="821" HEIGHT="29">
							<String ID="string_119" HPOS="164" VPOS="497" WIDTH="37" HEIGHT="22" WC="0.94" CONTENT="det"/><SP WIDTH="14" VPOS="497" HPOS="201"/>
							<String ID="string_120" HPOS="215" VPOS="497" WIDTH="54" HEIGHT="27" WC="0.7" CONTENT="slag,"/><SP WIDTH="9" VPOS="497" HPOS="269"/>
							<String ID="string_121" HPOS="278" VPOS="497" WIDTH="99" HEIGHT="26" WC="0.19" CONTENT="”bvarom"/><SP WIDTH="15" VPOS="497" HPOS="377"/>
							<String ID="string_122" HPOS="392" VPOS="497" WIDTH="40" HEIGHT="22" WC="0.96" CONTENT="här"/><SP WIDTH="14" VPOS="497" HPOS="432"/>
							<String ID="string_123" HPOS="446" VPOS="496" WIDTH="56" HEIGHT="22" WC="0.93" CONTENT="varit"/><SP WIDTH="14" VPOS="496" HPOS="502"/>
							<String ID="string_124" HPOS="516" VPOS="497" WIDTH="67" HEIGHT="26" WC="0.96" CONTENT="fråga,"/><SP WIDTH="21" VPOS="497" HPOS="583"/>
							<String ID="string_125" HPOS="604" VPOS="495" WIDTH="67" HEIGHT="23" WC="0.96" CONTENT="hellre"/><SP WIDTH="19" VPOS="495" HPOS="671"/>
							<String ID="string_126" HPOS="690" VPOS="495" WIDTH="53" HEIGHT="22" WC="0.96" CONTENT="böra"/><SP WIDTH="13" VPOS="495" HPOS="743"/>
							<String ID="string_127" HPOS="756" VPOS="495" WIDTH="8" HEIGHT="21" WC="0.93" CONTENT="i"/><SP WIDTH="13" VPOS="495" HPOS="764"/>
							<String ID="string_128" HPOS="777" VPOS="495" WIDTH="148" HEIGHT="26" WC="0.83" CONTENT="landtdagens"/><SP WIDTH="11" VPOS="495" HPOS="925"/>
							<String ID="string_129" HPOS="936" VPOS="496" WIDTH="49" HEIGHT="22" WC="0.92" CONTENT="bör-"/>
						</TextLine>
						<TextLine ID="line_13" HPOS="161" VPOS="523" WIDTH="825" HEIGHT="29">
							<String ID="string_130" HPOS="161" VPOS="526" WIDTH="37" HEIGHT="26" WC="0.85" CONTENT="jan"/><SP WIDTH="15" VPOS="526" HPOS="198"/>
							<String ID="string_131" HPOS="213" VPOS="524" WIDTH="82" HEIGHT="28" WC="0.41" CONTENT="göras.:"/><SP WIDTH="16" VPOS="524" HPOS="295"/>
							<String ID="string_132" HPOS="311" VPOS="525" WIDTH="44" HEIGHT="27" WC="0.96" CONTENT="Jag"/><SP WIDTH="14" VPOS="525" HPOS="355"/>
							<String ID="string_133" HPOS="369" VPOS="527" WIDTH="24" HEIGHT="21" WC="0.96" CONTENT="är"/><SP WIDTH="15" VPOS="527" HPOS="393"/>
							<String ID="string_134" HPOS="408" VPOS="525" WIDTH="89" HEIGHT="23" WC="0.93" CONTENT="alldeles"/><SP WIDTH="16" VPOS="525" HPOS="497"/>
							<String ID="string_135" HPOS="513" VPOS="531" WIDTH="52" HEIGHT="15" WC="0.96" CONTENT="ense"/><SP WIDTH="15" VPOS="531" HPOS="565"/>
							<String ID="string_136" HPOS="580" VPOS="524" WIDTH="79" HEIGHT="26" WC="0.96" CONTENT="derom,"/><SP WIDTH="16" VPOS="524" HPOS="659"/>
							<String ID="string_137" HPOS="675" VPOS="530" WIDTH="49" HEIGHT="16" WC="0.96" CONTENT="men"/><SP WIDTH="12" VPOS="530" HPOS="724"/>
							<String ID="string_138" HPOS="736" VPOS="524" WIDTH="39" HEIGHT="27" WC="0.90" CONTENT="jag"/><SP WIDTH="15" VPOS="524" HPOS="775"/>
							<String ID="string_139" HPOS="790" VPOS="523" WIDTH="69" HEIGHT="23" WC="0.87" CONTENT="tviflar"/><SP WIDTH="15" VPOS="523" HPOS="859"/>
							<String ID="string_140" HPOS="874" VPOS="524" WIDTH="21" HEIGHT="26" WC="0.96" CONTENT="ej"/><SP WIDTH="14" VPOS="524" HPOS="895"/>
							<String ID="string_141" HPOS="909" VPOS="525" WIDTH="30" HEIGHT="26" WC="0.96" CONTENT="pä"/><SP WIDTH="15" VPOS="525" HPOS="939"/>
							<String ID="string_142" HPOS="954" VPOS="526" WIDTH="32" HEIGHT="20" WC="0.96" CONTENT="att"/>
						</TextLine>
						<TextLine ID="line_14" HPOS="163" VPOS="552" WIDTH="822" HEIGHT="27">
							<String ID="string_143" HPOS="163" VPOS="554" WIDTH="63" HEIGHT="22" WC="0.94" CONTENT="Allm."/><SP WIDTH="15" VPOS="554" HPOS="226"/>
							<String ID="string_144" HPOS="241" VPOS="554" WIDTH="46" HEIGHT="23" WC="0.72" CONTENT="Pet."/><SP WIDTH="16" VPOS="554" HPOS="287"/>
							<String ID="string_145" HPOS="303" VPOS="554" WIDTH="26" HEIGHT="22" WC="0.95" CONTENT="U."/><SP WIDTH="13" VPOS="554" HPOS="329"/>
							<String ID="string_146" HPOS="342" VPOS="554" WIDTH="59" HEIGHT="22" WC="0.93" CONTENT="skall"/><SP WIDTH="21" VPOS="554" HPOS="401"/>
							<String ID="string_147" HPOS="422" VPOS="553" WIDTH="63" HEIGHT="22" WC="0.96" CONTENT="hafva"/><SP WIDTH="19" VPOS="553" HPOS="485"/>
							<String ID="string_148" HPOS="504" VPOS="553" WIDTH="44" HEIGHT="23" WC="0.96" CONTENT="lika"/><SP WIDTH="19" VPOS="553" HPOS="548"/>
							<String ID="string_149" HPOS="567" VPOS="555" WIDTH="48" HEIGHT="20" WC="0.78" CONTENT="stor"/><SP WIDTH="12" VPOS="555" HPOS="615"/>
							<String ID="string_150" HPOS="627" VPOS="548" WIDTH="100" HEIGHT="36" WC="0.65" CONTENT="förmåga"/><SP WIDTH="17" VPOS="548" HPOS="727"/>
							<String ID="string_151" HPOS="744" VPOS="554" WIDTH="34" HEIGHT="19" WC="0.88" CONTENT="att"/><SP WIDTH="8" VPOS="554" HPOS="778"/>
							<String ID="string_152" HPOS="786" VPOS="552" WIDTH="199" HEIGHT="23" WC="0.89" CONTENT="omedelbart"/><SP WIDTH="-43" VPOS="552" HPOS="985"/>
							<String ID="string_153" HPOS="942" VPOS="548" WIDTH="45" HEIGHT="36" WC="0.92" CONTENT="vid-"/>
						</TextLine>
						<TextLine ID="line_15" HPOS="163" VPOS="580" WIDTH="822" HEIGHT="28">
							<String ID="string_154" HPOS="163" VPOS="584" WIDTH="51" HEIGHT="24" WC="0.92" CONTENT="taga"/><SP WIDTH="11" VPOS="584" HPOS="214"/>
							<String ID="string_155" HPOS="225" VPOS="576" WIDTH="39" HEIGHT="36" WC="0.96" CONTENT="med"/><SP WIDTH="12" VPOS="576" HPOS="264"/>
							<String ID="string_156" HPOS="276" VPOS="576" WIDTH="60" HEIGHT="36" WC="0.93" CONTENT="detta"/><SP WIDTH="10" VPOS="576" HPOS="336"/>
							<String ID="string_157" HPOS="346" VPOS="582" WIDTH="81" HEIGHT="22" WC="0.93" CONTENT="ärende"/><SP WIDTH="10" VPOS="582" HPOS="427"/>
							<String ID="string_158" HPOS="437" VPOS="588" WIDTH="47" HEIGHT="16" WC="0.96" CONTENT="som"/><SP WIDTH="10" VPOS="588" HPOS="484"/>
							<String ID="string_159" HPOS="494" VPOS="584" WIDTH="33" HEIGHT="20" WC="0.93" CONTENT="ett"/><SP WIDTH="10" VPOS="584" HPOS="527"/>
							<String ID="string_160" HPOS="537" VPOS="580" WIDTH="104" HEIGHT="23" WC="0.93" CONTENT="särskildt"/><SP WIDTH="6" VPOS="580" HPOS="641"/>
							<String ID="string_161" HPOS="647" VPOS="580" WIDTH="34" HEIGHT="23" WC="0.93" CONTENT="för"/><SP WIDTH="8" VPOS="580" HPOS="681"/>
							<String ID="string_162" HPOS="689" VPOS="580" WIDTH="123" HEIGHT="23" WC="0.92" CONTENT="ändamälet"/><SP WIDTH="9" VPOS="580" HPOS="812"/>
							<String ID="string_163" HPOS="821" VPOS="580" WIDTH="79" HEIGHT="24" WC="0.93" CONTENT="tillsatt"/><SP WIDTH="7" VPOS="580" HPOS="900"/>
							<String ID="string_164" HPOS="907" VPOS="581" WIDTH="78" HEIGHT="22" WC="0.93" CONTENT="redak-"/>
						</TextLine>
						<TextLine ID="line_16" HPOS="163" VPOS="609" WIDTH="822" HEIGHT="27">
							<String ID="string_165" HPOS="163" VPOS="611" WIDTH="149" HEIGHT="24" WC="0.89" CONTENT="tionsutskott."/><SP WIDTH="29" VPOS="611" HPOS="312"/>
							<String ID="string_166" HPOS="341" VPOS="611" WIDTH="118" HEIGHT="22" WC="0.95" CONTENT="Dessutom"/><SP WIDTH="16" VPOS="611" HPOS="459"/>
							<String ID="string_167" HPOS="475" VPOS="612" WIDTH="23" HEIGHT="20" WC="0.96" CONTENT="är"/><SP WIDTH="15" VPOS="612" HPOS="498"/>
							<String ID="string_168" HPOS="513" VPOS="611" WIDTH="38" HEIGHT="21" WC="0.96" CONTENT="det"/><SP WIDTH="14" VPOS="611" HPOS="551"/>
							<String ID="string_169" HPOS="565" VPOS="616" WIDTH="27" HEIGHT="16" WC="0.93" CONTENT="en"/><SP WIDTH="15" VPOS="616" HPOS="592"/>
							<String ID="string_170" HPOS="607" VPOS="609" WIDTH="167" HEIGHT="27" WC="0.92" CONTENT="omständighet,"/><SP WIDTH="16" VPOS="609" HPOS="774"/>
							<String ID="string_171" HPOS="790" VPOS="616" WIDTH="46" HEIGHT="16" WC="0.96" CONTENT="som"/><SP WIDTH="13" VPOS="616" HPOS="836"/>
							<String ID="string_172" HPOS="849" VPOS="610" WIDTH="38" HEIGHT="26" WC="0.96" CONTENT="jag"/><SP WIDTH="14" VPOS="610" HPOS="887"/>
							<String ID="string_173" HPOS="901" VPOS="610" WIDTH="40" HEIGHT="21" WC="0.96" CONTENT="ber"/><SP WIDTH="12" VPOS="610" HPOS="941"/>
							<String ID="string_174" HPOS="953" VPOS="612" WIDTH="32" HEIGHT="19" WC="0.96" CONTENT="att"/>
						</TextLine>
						<TextLine ID="line_17" HPOS="162" VPOS="638" WIDTH="824" HEIGHT="29">
							<String ID="string_175" HPOS="162" VPOS="639" WIDTH="22" HEIGHT="23" WC="0.96" CONTENT="få"/><SP WIDTH="11" VPOS="639" HPOS="184"/>
							<String ID="string_176" HPOS="195" VPOS="640" WIDTH="94" HEIGHT="27" WC="0.95" CONTENT="påpeka;"/><SP WIDTH="15" VPOS="640" HPOS="289"/>
							<String ID="string_177" HPOS="304" VPOS="640" WIDTH="107" HEIGHT="26" WC="0.93" CONTENT="nämligen"/><SP WIDTH="17" VPOS="640" HPOS="411"/>
							<String ID="string_178" HPOS="428" VPOS="641" WIDTH="33" HEIGHT="21" WC="0.94" CONTENT="att"/><SP WIDTH="14" VPOS="641" HPOS="461"/>
							<String ID="string_179" HPOS="475" VPOS="639" WIDTH="7" HEIGHT="21" WC="0.93" CONTENT="i"/><SP WIDTH="15" VPOS="639" HPOS="482"/>
							<String ID="string_180" HPOS="497" VPOS="639" WIDTH="11" HEIGHT="27" WC="0.87" CONTENT="$"/><SP WIDTH="16" VPOS="639" HPOS="508"/>
							<String ID="string_181" HPOS="524" VPOS="641" WIDTH="26" HEIGHT="19" WC="0.96" CONTENT="77"/><SP WIDTH="14" VPOS="641" HPOS="550"/>
							<String ID="string_182" HPOS="564" VPOS="638" WIDTH="33" HEIGHT="22" WC="0.92" CONTENT="uti"/><SP WIDTH="14" VPOS="638" HPOS="597"/>
							<String ID="string_183" HPOS="611" VPOS="638" WIDTH="24" HEIGHT="22" WC="0.95" CONTENT="L."/><SP WIDTH="11" VPOS="638" HPOS="635"/>
							<String ID="string_184" HPOS="646" VPOS="638" WIDTH="25" HEIGHT="22" WC="0.96" CONTENT="O."/><SP WIDTH="11" VPOS="638" HPOS="671"/>
							<String ID="string_185" HPOS="682" VPOS="638" WIDTH="143" HEIGHT="27" WC="0.92" CONTENT="uttryckligen"/><SP WIDTH="17" VPOS="638" HPOS="825"/>
							<String ID="string_186" HPOS="842" VPOS="638" WIDTH="94" HEIGHT="27" WC="0.83" CONTENT=":stadgas,"/><SP WIDTH="17" VPOS="638" HPOS="936"/>
							<String ID="string_187" HPOS="953" VPOS="640" WIDTH="33" HEIGHT="20" WC="0.96" CONTENT="att"/>
						</TextLine>
						<TextLine ID="line_18" HPOS="162" VPOS="666" WIDTH="822" HEIGHT="30">
							<String ID="string_188" HPOS="162" VPOS="668" WIDTH="33" HEIGHT="22" WC="0.65" CONTENT="för"/><SP WIDTH="15" VPOS="668" HPOS="195"/>
							<String ID="string_189" HPOS="210" VPOS="668" WIDTH="100" HEIGHT="28" WC="0.65" CONTENT="samtliga"/><SP WIDTH="17" VPOS="668" HPOS="310"/>
							<String ID="string_190" HPOS="327" VPOS="668" WIDTH="65" HEIGHT="22" WC="0.95" CONTENT="stånd"/><SP WIDTH="16" VPOS="668" HPOS="392"/>
							<String ID="string_191" HPOS="408" VPOS="674" WIDTH="158" HEIGHT="21" WC="0.93" CONTENT="gemensamma"/><SP WIDTH="18" VPOS="674" HPOS="566"/>
							<String ID="string_192" HPOS="584" VPOS="666" WIDTH="130" HEIGHT="27" WC="0.90" CONTENT="skrifvelser,"/><SP WIDTH="21" VPOS="666" HPOS="714"/>
							<String ID="string_193" HPOS="735" VPOS="666" WIDTH="109" HEIGHT="23" WC="0.80" CONTENT="äfvensom:"/><SP WIDTH="11" VPOS="666" HPOS="844"/>
							<String ID="string_194" HPOS="855" VPOS="667" WIDTH="129" HEIGHT="27" WC="0.29" CONTENT="landtdags-"/>
						</TextLine>
						<TextLine ID="line_19" HPOS="161" VPOS="694" WIDTH="822" HEIGHT="30">
							<String ID="string_195" HPOS="161" VPOS="696" WIDTH="97" HEIGHT="24" WC="0.95" CONTENT="beslutet"/><SP WIDTH="18" VPOS="696" HPOS="258"/>
							<String ID="string_196" HPOS="276" VPOS="697" WIDTH="53" HEIGHT="22" WC="0.68" CONTENT="böra"/><SP WIDTH="19" VPOS="697" HPOS="329"/>
							<String ID="string_197" HPOS="348" VPOS="698" WIDTH="114" HEIGHT="26" WC="0.92" CONTENT="uppsättas"/><SP WIDTH="21" VPOS="698" HPOS="462"/>
							<String ID="string_198" HPOS="483" VPOS="696" WIDTH="40" HEIGHT="22" WC="0.87" CONTENT="och"/><SP WIDTH="20" VPOS="696" HPOS="523"/>
							<String ID="string_199" HPOS="543" VPOS="696" WIDTH="124" HEIGHT="27" WC="0.96" CONTENT="expedieras"/><SP WIDTH="17" VPOS="696" HPOS="667"/>
							<String ID="string_200" HPOS="684" VPOS="694" WIDTH="23" HEIGHT="23" WC="0.96" CONTENT="af"/><SP WIDTH="16" VPOS="694" HPOS="707"/>
							<String ID="string_201" HPOS="723" VPOS="697" WIDTH="32" HEIGHT="20" WC="0.96" CONTENT="ett"/><SP WIDTH="16" VPOS="697" HPOS="755"/>
							<String ID="string_202" HPOS="771" VPOS="695" WIDTH="104" HEIGHT="24" WC="0.24" CONTENT="särskildt"/><SP WIDTH="14" VPOS="695" HPOS="875"/>
							<String ID="string_203" HPOS="889" VPOS="696" WIDTH="53" HEIGHT="27" WC="0.95" CONTENT="Exp."/><SP WIDTH="16" VPOS="696" HPOS="942"/>
							<String ID="string_204" HPOS="958" VPOS="696" WIDTH="25" HEIGHT="22" WC="0.96" CONTENT="U."/>
						</TextLine>
						<TextLine ID="line_20" HPOS="163" VPOS="724" WIDTH="821" HEIGHT="29">
							<String ID="string_205" HPOS="163" VPOS="725" WIDTH="74" HEIGHT="23" WC="0.95" CONTENT="Skulle"/><SP WIDTH="10" VPOS="725" HPOS="237"/>
							<String ID="string_206" HPOS="247" VPOS="727" WIDTH="37" HEIGHT="21" WC="0.92" CONTENT="ett"/><SP WIDTH="6" VPOS="727" HPOS="284"/>
							<String ID="string_207" HPOS="290" VPOS="726" WIDTH="103" HEIGHT="22" WC="0.92" CONTENT="särskildt"/><SP WIDTH="10" VPOS="726" HPOS="393"/>
							<String ID="string_208" HPOS="403" VPOS="725" WIDTH="212" HEIGHT="22" WC="0.92" CONTENT="redaktionsutskott"/><SP WIDTH="10" VPOS="725" HPOS="615"/>
							<String ID="string_209" HPOS="625" VPOS="725" WIDTH="110" HEIGHT="25" WC="0.96" CONTENT="tillsättas,"/><SP WIDTH="10" VPOS="725" HPOS="735"/>
							<String ID="string_210" HPOS="745" VPOS="724" WIDTH="24" HEIGHT="22" WC="0.85" CONTENT="så"/><SP WIDTH="10" VPOS="724" HPOS="769"/>
							<String ID="string_211" HPOS="779" VPOS="724" WIDTH="70" HEIGHT="23" WC="0.90" CONTENT="skulle."/><SP WIDTH="11" VPOS="724" HPOS="849"/>
							<String ID="string_212" HPOS="860" VPOS="724" WIDTH="49" HEIGHT="23" WC="0.93" CONTENT="dess"/><SP WIDTH="7" VPOS="724" HPOS="909"/>
							<String ID="string_213" HPOS="916" VPOS="724" WIDTH="68" HEIGHT="29" WC="0.92" CONTENT="fram-"/>
						</TextLine>
						<TextLine ID="line_21" HPOS="162" VPOS="753" WIDTH="823" HEIGHT="29">
							<String ID="string_214" HPOS="162" VPOS="754" WIDTH="105" HEIGHT="27" WC="0.92" CONTENT="ställning"/><SP WIDTH="6" VPOS="754" HPOS="267"/>
							<String ID="string_215" HPOS="273" VPOS="754" WIDTH="58" HEIGHT="23" WC="0.57" CONTENT="eller"/><SP WIDTH="15" VPOS="754" HPOS="331"/>
							<String ID="string_216" HPOS="346" VPOS="754" WIDTH="113" HEIGHT="26" WC="0.91" CONTENT="affattning"/><SP WIDTH="15" VPOS="754" HPOS="459"/>
							<String ID="string_217" HPOS="474" VPOS="754" WIDTH="65" HEIGHT="21" WC="0.93" CONTENT="likväl"/><SP WIDTH="15" VPOS="754" HPOS="539"/>
							<String ID="string_218" HPOS="554" VPOS="754" WIDTH="52" HEIGHT="22" WC="0.96" CONTENT="böra"/><SP WIDTH="16" VPOS="754" HPOS="606"/>
							<String ID="string_219" HPOS="622" VPOS="753" WIDTH="38" HEIGHT="29" WC="0.96" CONTENT="till"/><SP WIDTH="9" VPOS="753" HPOS="660"/>
							<String ID="string_220" HPOS="669" VPOS="753" WIDTH="54" HEIGHT="27" WC="0.96" CONTENT="Exp."/><SP WIDTH="10" VPOS="753" HPOS="723"/>
							<String ID="string_221" HPOS="733" VPOS="753" WIDTH="26" HEIGHT="22" WC="0.93" CONTENT="U."/><SP WIDTH="11" VPOS="753" HPOS="759"/>
							<String ID="string_222" HPOS="770" VPOS="753" WIDTH="117" HEIGHT="26" WC="0.92" CONTENT="befordras,"/><SP WIDTH="16" VPOS="753" HPOS="887"/>
							<String ID="string_223" HPOS="903" VPOS="753" WIDTH="34" HEIGHT="22" WC="0.96" CONTENT="för"/><SP WIDTH="14" VPOS="753" HPOS="937"/>
							<String ID="string_224" HPOS="951" VPOS="755" WIDTH="34" HEIGHT="20" WC="0.96" CONTENT="att"/>
						</TextLine>
						<TextLine ID="line_22" HPOS="161" VPOS="781" WIDTH="823" HEIGHT="29">
							<String ID="string_225" HPOS="161" VPOS="782" WIDTH="30" HEIGHT="28" WC="0.95" CONTENT="pä"/><SP WIDTH="15" VPOS="782" HPOS="191"/>
							<String ID="string_226" HPOS="206" VPOS="784" WIDTH="42" HEIGHT="20" WC="0.81" CONTENT="den"/><SP WIDTH="9" VPOS="784" HPOS="248"/>
							<String ID="string_227" HPOS="257" VPOS="785" WIDTH="68" HEIGHT="25" WC="0.81" CONTENT="vägen"/><SP WIDTH="16" VPOS="785" HPOS="325"/>
							<String ID="string_228" HPOS="341" VPOS="783" WIDTH="85" HEIGHT="22" WC="0.96" CONTENT="komma"/><SP WIDTH="15" VPOS="783" HPOS="426"/>
							<String ID="string_229" HPOS="441" VPOS="782" WIDTH="32" HEIGHT="22" WC="0.93" CONTENT="till"/><SP WIDTH="15" VPOS="782" HPOS="473"/>
							<String ID="string_230" HPOS="488" VPOS="782" WIDTH="133" HEIGHT="27" WC="0.92" CONTENT="afsändning."/><SP WIDTH="25" VPOS="782" HPOS="621"/>
							<String ID="string_231" HPOS="646" VPOS="782" WIDTH="63" HEIGHT="23" WC="0.51" CONTENT="Annu"/><SP WIDTH="15" VPOS="782" HPOS="709"/>
							<String ID="string_232" HPOS="724" VPOS="783" WIDTH="33" HEIGHT="20" WC="0.97" CONTENT="ett"/><SP WIDTH="15" VPOS="783" HPOS="757"/>
							<String ID="string_233" HPOS="772" VPOS="782" WIDTH="54" HEIGHT="26" WC="0.93" CONTENT="skäl,"/><SP WIDTH="16" VPOS="782" HPOS="826"/>
							<String ID="string_234" HPOS="842" VPOS="781" WIDTH="87" HEIGHT="23" WC="0.94" CONTENT="hvarför"/><SP WIDTH="11" VPOS="781" HPOS="929"/>
							<String ID="string_235" HPOS="940" VPOS="782" WIDTH="44" HEIGHT="26" WC="0.94" CONTENT="mig"/>
						</TextLine>
						<TextLine ID="line_23" HPOS="161" VPOS="810" WIDTH="823" HEIGHT="28">
							<String ID="string_236" HPOS="161" VPOS="813" WIDTH="110" HEIGHT="25" WC="0.59" CONTENT="synes-att"/><SP WIDTH="11" VPOS="813" HPOS="271"/>
							<String ID="string_237" HPOS="282" VPOS="812" WIDTH="25" HEIGHT="21" WC="0.93" CONTENT="R."/><SP WIDTH="11" VPOS="812" HPOS="307"/>
							<String ID="string_238" HPOS="318" VPOS="818" WIDTH="20" HEIGHT="15" WC="0.93" CONTENT="o."/><SP WIDTH="11" VPOS="818" HPOS="338"/>
							<String ID="string_239" HPOS="349" VPOS="812" WIDTH="32" HEIGHT="25" WC="0.90" CONTENT="A.,"/><SP WIDTH="15" VPOS="812" HPOS="381"/>
							<String ID="string_240" HPOS="396" VPOS="811" WIDTH="130" HEIGHT="22" WC="0.96" CONTENT="åtminstone"/><SP WIDTH="10" VPOS="811" HPOS="526"/>
							<String ID="string_241" HPOS="536" VPOS="812" WIDTH="8" HEIGHT="20" WC="0.93" CONTENT="i"/><SP WIDTH="9" VPOS="812" HPOS="544"/>
							<String ID="string_242" HPOS="553" VPOS="810" WIDTH="86" HEIGHT="28" WC="0.93" CONTENT="frågans"/><SP WIDTH="15" VPOS="810" HPOS="639"/>
							<String ID="string_243" HPOS="654" VPOS="810" WIDTH="133" HEIGHT="23" WC="0.86" CONTENT="närvarande"/><SP WIDTH="11" VPOS="810" HPOS="787"/>
							<String ID="string_244" HPOS="798" VPOS="810" WIDTH="103" HEIGHT="27" WC="0.86" CONTENT="stadium,"/><SP WIDTH="14" VPOS="810" HPOS="901"/>
							<String ID="string_245" HPOS="915" VPOS="810" WIDTH="69" HEIGHT="22" WC="0.96" CONTENT="borde"/>
						</TextLine>
						<TextLine ID="line_24" HPOS="161" VPOS="839" WIDTH="821" HEIGHT="27">
							<String ID="string_246" HPOS="161" VPOS="840" WIDTH="94" HEIGHT="22" WC="0.95" CONTENT="vidhålla"/><SP WIDTH="9" VPOS="840" HPOS="255"/>
							<String ID="string_247" HPOS="264" VPOS="840" WIDTH="49" HEIGHT="22" WC="0.82" CONTENT="sitt"/><SP WIDTH="15" VPOS="840" HPOS="313"/>
							<String ID="string_248" HPOS="328" VPOS="840" WIDTH="78" HEIGHT="26" WC="0.96" CONTENT="beslut,"/><SP WIDTH="17" VPOS="840" HPOS="406"/>
							<String ID="string_249" HPOS="423" VPOS="842" WIDTH="25" HEIGHT="18" WC="0.96" CONTENT="är"/><SP WIDTH="13" VPOS="842" HPOS="448"/>
							<String ID="string_250" HPOS="461" VPOS="840" WIDTH="37" HEIGHT="21" WC="0.96" CONTENT="det"/><SP WIDTH="15" VPOS="840" HPOS="498"/>
							<String ID="string_251" HPOS="513" VPOS="841" WIDTH="33" HEIGHT="19" WC="0.95" CONTENT="att"/><SP WIDTH="15" VPOS="841" HPOS="546"/>
							<String ID="string_252" HPOS="561" VPOS="839" WIDTH="27" HEIGHT="23" WC="0.96" CONTENT="de"/><SP WIDTH="14" VPOS="839" HPOS="588"/>
							<String ID="string_253" HPOS="602" VPOS="839" WIDTH="87" HEIGHT="26" WC="0.96" CONTENT="förslag,"/><SP WIDTH="15" VPOS="839" HPOS="689"/>
							<String ID="string_254" HPOS="704" VPOS="845" WIDTH="35" HEIGHT="15" WC="0.93" CONTENT="om"/><SP WIDTH="15" VPOS="845" HPOS="739"/>
							<String ID="string_255" HPOS="754" VPOS="839" WIDTH="74" HEIGHT="21" WC="0.94" CONTENT="hvilka"/><SP WIDTH="12" VPOS="839" HPOS="828"/>
							<String ID="string_256" HPOS="840" VPOS="839" WIDTH="62" HEIGHT="27" WC="0.94" CONTENT="fråga"/><SP WIDTH="13" VPOS="839" HPOS="902"/>
							<String ID="string_257" HPOS="915" VPOS="842" WIDTH="32" HEIGHT="23" WC="0.93" CONTENT="är,"/><SP WIDTH="17" VPOS="842" HPOS="947"/>
							<String ID="string_258" HPOS="964" VPOS="840" WIDTH="18" HEIGHT="26" WC="0.96" CONTENT="ej"/>
						</TextLine>
						<TextLine ID="line_25" HPOS="161" VPOS="867" WIDTH="823" HEIGHT="30">
							<String ID="string_259" HPOS="161" VPOS="868" WIDTH="88" HEIGHT="23" WC="0.60" CONTENT="erhällit"/><SP WIDTH="18" VPOS="868" HPOS="249"/>
							<String ID="string_260" HPOS="267" VPOS="868" WIDTH="136" HEIGHT="27" WC="0.60" CONTENT="fullständigt"/><SP WIDTH="13" VPOS="868" HPOS="403"/>
							<String ID="string_261" HPOS="416" VPOS="868" WIDTH="46" HEIGHT="22" WC="0.93" CONTENT="lika"/><SP WIDTH="14" VPOS="868" HPOS="462"/>
							<String ID="string_262" HPOS="476" VPOS="868" WIDTH="102" HEIGHT="22" WC="0.95" CONTENT="karaktär"/><SP WIDTH="14" VPOS="868" HPOS="578"/>
							<String ID="string_263" HPOS="592" VPOS="868" WIDTH="7" HEIGHT="21" WC="0.95" CONTENT="i"/><SP WIDTH="15" VPOS="868" HPOS="599"/>
							<String ID="string_264" HPOS="614" VPOS="867" WIDTH="42" HEIGHT="22" WC="0.93" CONTENT="alla"/><SP WIDTH="15" VPOS="867" HPOS="656"/>
							<String ID="string_265" HPOS="671" VPOS="867" WIDTH="64" HEIGHT="24" WC="0.96" CONTENT="stånd"/><SP WIDTH="15" VPOS="867" HPOS="735"/>
							<String ID="string_266" HPOS="750" VPOS="867" WIDTH="40" HEIGHT="22" WC="0.97" CONTENT="och"/><SP WIDTH="15" VPOS="867" HPOS="790"/>
							<String ID="string_267" HPOS="805" VPOS="869" WIDTH="33" HEIGHT="28" WC="0.93" CONTENT="att"/><SP WIDTH="15" VPOS="869" HPOS="838"/>
							<String ID="string_268" HPOS="853" VPOS="867" WIDTH="84" HEIGHT="24" WC="0.91" CONTENT="derföre"/><SP WIDTH="15" VPOS="867" HPOS="937"/>
							<String ID="string_269" HPOS="952" VPOS="869" WIDTH="32" HEIGHT="20" WC="0.97" CONTENT="ett"/>
						</TextLine>
						<TextLine ID="line_26" HPOS="162" VPOS="896" WIDTH="821" HEIGHT="29">
							<String ID="string_270" HPOS="162" VPOS="897" WIDTH="210" HEIGHT="28" WC="0.92" CONTENT="sammanjemkande"/><SP WIDTH="10" VPOS="897" HPOS="372"/>
							<String ID="string_271" HPOS="382" VPOS="896" WIDTH="23" HEIGHT="22" WC="0.96" CONTENT="af"/><SP WIDTH="14" VPOS="896" HPOS="405"/>
							<String ID="string_272" HPOS="419" VPOS="897" WIDTH="41" HEIGHT="22" WC="0.96" CONTENT="den"/><SP WIDTH="10" VPOS="897" HPOS="460"/>
							<String ID="string_273" HPOS="470" VPOS="897" WIDTH="8" HEIGHT="21" WC="0.93" CONTENT="i"/><SP WIDTH="10" VPOS="897" HPOS="478"/>
							<String ID="string_274" HPOS="488" VPOS="897" WIDTH="70" HEIGHT="26" WC="0.92" CONTENT="nägon"/><SP WIDTH="11" VPOS="897" HPOS="558"/>
							<String ID="string_275" HPOS="569" VPOS="897" WIDTH="48" HEIGHT="21" WC="0.96" CONTENT="män"/><SP WIDTH="11" VPOS="897" HPOS="617"/>
							<String ID="string_276" HPOS="628" VPOS="896" WIDTH="59" HEIGHT="22" WC="0.93" CONTENT="olika"/><SP WIDTH="9" VPOS="896" HPOS="687"/>
							<String ID="string_277" HPOS="696" VPOS="896" WIDTH="167" HEIGHT="27" WC="0.92" CONTENT="uppfattningen"/><SP WIDTH="9" VPOS="896" HPOS="863"/>
							<String ID="string_278" HPOS="872" VPOS="896" WIDTH="111" HEIGHT="27" WC="0.91" CONTENT="angäende"/>
						</TextLine>
						<TextLine ID="line_27" HPOS="160" VPOS="925" WIDTH="824" HEIGHT="27">
							<String ID="string_279" HPOS="160" VPOS="925" WIDTH="88" HEIGHT="27" WC="0.64" CONTENT="frågans"/><SP WIDTH="15" VPOS="925" HPOS="248"/>
							<String ID="string_280" HPOS="263" VPOS="925" WIDTH="89" HEIGHT="24" WC="0.64" CONTENT="formela"/><SP WIDTH="15" VPOS="925" HPOS="352"/>
							<String ID="string_281" HPOS="367" VPOS="927" WIDTH="35" HEIGHT="20" WC="0.96" CONTENT="art"/><SP WIDTH="14" VPOS="927" HPOS="402"/>
							<String ID="string_282" HPOS="416" VPOS="925" WIDTH="43" HEIGHT="23" WC="0.93" CONTENT="kan"/><SP WIDTH="16" VPOS="925" HPOS="459"/>
							<String ID="string_283" HPOS="475" VPOS="925" WIDTH="113" HEIGHT="26" WC="0.96" CONTENT="erfordras,"/><SP WIDTH="15" VPOS="925" HPOS="588"/>
							<String ID="string_284" HPOS="603" VPOS="931" WIDTH="27" HEIGHT="16" WC="0.92" CONTENT="en"/><SP WIDTH="16" VPOS="931" HPOS="630"/>
							<String ID="string_285" HPOS="646" VPOS="925" WIDTH="210" HEIGHT="27" WC="0.89" CONTENT="sammanjemkning,"/><SP WIDTH="16" VPOS="925" HPOS="856"/>
							<String ID="string_286" HPOS="872" VPOS="930" WIDTH="49" HEIGHT="17" WC="0.93" CONTENT="som"/><SP WIDTH="13" VPOS="930" HPOS="921"/>
							<String ID="string_287" HPOS="934" VPOS="931" WIDTH="50" HEIGHT="18" WC="0.86" CONTENT="sna-"/>
						</TextLine>
						<TextLine ID="line_28" HPOS="160" VPOS="953" WIDTH="822" HEIGHT="28">
							<String ID="string_288" HPOS="160" VPOS="960" WIDTH="48" HEIGHT="17" WC="0.93" CONTENT="rare"/><SP WIDTH="19" VPOS="960" HPOS="208"/>
							<String ID="string_289" HPOS="227" VPOS="954" WIDTH="64" HEIGHT="23" WC="0.95" CONTENT="torde"/><SP WIDTH="15" VPOS="954" HPOS="291"/>
							<String ID="string_290" HPOS="306" VPOS="955" WIDTH="77" HEIGHT="22" WC="0.64" CONTENT="kunna"/><SP WIDTH="18" VPOS="955" HPOS="383"/>
							<String ID="string_291" HPOS="401" VPOS="954" WIDTH="75" HEIGHT="23" WC="0.96" CONTENT="vinnas"/><SP WIDTH="22" VPOS="954" HPOS="476"/>
							<String ID="string_292" HPOS="498" VPOS="960" WIDTH="76" HEIGHT="21" WC="0.96" CONTENT="genom"/><SP WIDTH="18" VPOS="960" HPOS="574"/>
							<String ID="string_293" HPOS="592" VPOS="955" WIDTH="33" HEIGHT="21" WC="0.93" CONTENT="ett"/><SP WIDTH="19" VPOS="955" HPOS="625"/>
							<String ID="string_294" HPOS="644" VPOS="954" WIDTH="121" HEIGHT="22" WC="0.92" CONTENT="manstarkt"/><SP WIDTH="18" VPOS="954" HPOS="765"/>
							<String ID="string_295" HPOS="783" VPOS="953" WIDTH="199" HEIGHT="28" WC="0.91" CONTENT="petitionsutskotts"/>
						</TextLine>
						<TextLine ID="line_29" HPOS="161" VPOS="982" WIDTH="823" HEIGHT="28">
							<String ID="string_296" HPOS="161" VPOS="983" WIDTH="178" HEIGHT="27" WC="0.23" CONTENT="tillgörande;;än"/><SP WIDTH="16" VPOS="983" HPOS="339"/>
							<String ID="string_297" HPOS="355" VPOS="989" WIDTH="78" HEIGHT="21" WC="0.96" CONTENT="genom"/><SP WIDTH="16" VPOS="989" HPOS="433"/>
							<String ID="string_298" HPOS="449" VPOS="985" WIDTH="32" HEIGHT="19" WC="0.93" CONTENT="ett"/><SP WIDTH="14" VPOS="985" HPOS="481"/>
							<String ID="string_299" HPOS="495" VPOS="983" WIDTH="105" HEIGHT="22" WC="0.93" CONTENT="särskildt"/><SP WIDTH="9" VPOS="983" HPOS="600"/>
							<String ID="string_300" HPOS="609" VPOS="982" WIDTH="217" HEIGHT="24" WC="0.92" CONTENT="redaktionsutskott."/><SP WIDTH="25" VPOS="982" HPOS="826"/>
							<String ID="string_301" HPOS="851" VPOS="983" WIDTH="42" HEIGHT="26" WC="0.92" CONTENT="Jag"/><SP WIDTH="10" VPOS="983" HPOS="893"/>
							<String ID="string_302" HPOS="903" VPOS="983" WIDTH="81" HEIGHT="22" WC="0.96" CONTENT="tillåter"/>
						</TextLine>
						<TextLine ID="line_30" HPOS="160" VPOS="1010" WIDTH="822" HEIGHT="28">
							<String ID="string_303" HPOS="160" VPOS="1012" WIDTH="46" HEIGHT="26" WC="0.62" CONTENT="mig"/><SP WIDTH="12" VPOS="1012" HPOS="206"/>
							<String ID="string_304" HPOS="218" VPOS="1011" WIDTH="89" HEIGHT="23" WC="0.62" CONTENT="derföre"/><SP WIDTH="17" VPOS="1011" HPOS="307"/>
							<String ID="string_305" HPOS="324" VPOS="1011" WIDTH="113" HEIGHT="24" WC="0.42" CONTENT="vördsamt"/><SP WIDTH="19" VPOS="1011" HPOS="437"/>
							<String ID="string_306" HPOS="456" VPOS="1011" WIDTH="86" HEIGHT="25" WC="0.96" CONTENT="föreslå,"/><SP WIDTH="20" VPOS="1011" HPOS="542"/>
							<String ID="string_307" HPOS="562" VPOS="1013" WIDTH="32" HEIGHT="20" WC="0.93" CONTENT="att"/><SP WIDTH="19" VPOS="1013" HPOS="594"/>
							<String ID="string_308" HPOS="613" VPOS="1011" WIDTH="25" HEIGHT="21" WC="0.96" CONTENT="R."/><SP WIDTH="16" VPOS="1011" HPOS="638"/>
							<String ID="string_309" HPOS="654" VPOS="1016" WIDTH="19" HEIGHT="16" WC="0.78" CONTENT="0."/><SP WIDTH="17" VPOS="1016" HPOS="673"/>
							<String ID="string_310" HPOS="690" VPOS="1012" WIDTH="24" HEIGHT="20" WC="0.96" CONTENT="A."/><SP WIDTH="16" VPOS="1012" HPOS="714"/>
							<String ID="string_311" HPOS="730" VPOS="1011" WIDTH="49" HEIGHT="21" WC="0.96" CONTENT="ville"/><SP WIDTH="15" VPOS="1011" HPOS="779"/>
							<String ID="string_312" HPOS="794" VPOS="1011" WIDTH="6" HEIGHT="21" WC="0.93" CONTENT="i"/><SP WIDTH="15" VPOS="1011" HPOS="800"/>
							<String ID="string_313" HPOS="815" VPOS="1010" WIDTH="86" HEIGHT="28" WC="0.79" CONTENT="frågans"/><SP WIDTH="16" VPOS="1010" HPOS="901"/>
							<String ID="string_314" HPOS="917" VPOS="1018" WIDTH="65" HEIGHT="15" WC="0.92" CONTENT="nuva-"/>
						</TextLine>
						<TextLine ID="line_31" HPOS="159" VPOS="1039" WIDTH="823" HEIGHT="28">
							<String ID="string_315" HPOS="159" VPOS="1040" WIDTH="70" HEIGHT="22" WC="0.83" CONTENT="rande"/><SP WIDTH="3" VPOS="1040" HPOS="229"/>
							<String ID="string_316" HPOS="232" VPOS="1035" WIDTH="71" HEIGHT="37" WC="0.69" CONTENT=":skick"/><SP WIDTH="12" VPOS="1035" HPOS="303"/>
							<String ID="string_317" HPOS="315" VPOS="1040" WIDTH="48" HEIGHT="22" WC="0.86" CONTENT="läta"/><SP WIDTH="15" VPOS="1040" HPOS="363"/>
							<String ID="string_318" HPOS="378" VPOS="1040" WIDTH="49" HEIGHT="22" WC="0.95" CONTENT="med"/><SP WIDTH="15" VPOS="1040" HPOS="427"/>
							<String ID="string_319" HPOS="442" VPOS="1040" WIDTH="74" HEIGHT="22" WC="0.93" CONTENT="vidare"/><SP WIDTH="15" VPOS="1040" HPOS="516"/>
							<String ID="string_320" HPOS="531" VPOS="1040" WIDTH="115" HEIGHT="27" WC="0.92" CONTENT="afgörande"/><SP WIDTH="16" VPOS="1040" HPOS="646"/>
							<String ID="string_321" HPOS="662" VPOS="1039" WIDTH="65" HEIGHT="22" WC="0.95" CONTENT="blifva"/><SP WIDTH="16" VPOS="1039" HPOS="727"/>
							<String ID="string_322" HPOS="743" VPOS="1040" WIDTH="108" HEIGHT="24" WC="0.80" CONTENT="beroende"/><SP WIDTH="15" VPOS="1040" HPOS="851"/>
							<String ID="string_323" HPOS="866" VPOS="1040" WIDTH="53" HEIGHT="22" WC="0.94" CONTENT="eller"/><SP WIDTH="14" VPOS="1040" HPOS="919"/>
							<String ID="string_324" HPOS="933" VPOS="1040" WIDTH="49" HEIGHT="22" WC="0.94" CONTENT="med"/>
						</TextLine>
						<TextLine ID="line_32" HPOS="159" VPOS="1069" WIDTH="608" HEIGHT="28">
							<String ID="string_325" HPOS="159" VPOS="1069" WIDTH="125" HEIGHT="23" WC="0.24" CONTENT="andra--ord:"/><SP WIDTH="17" VPOS="1069" HPOS="284"/>
							<String ID="string_326" HPOS="301" VPOS="1065" WIDTH="110" HEIGHT="35" WC="0.96" CONTENT="bordlägga"/><SP WIDTH="15" VPOS="1065" HPOS="411"/>
							<String ID="string_327" HPOS="426" VPOS="1069" WIDTH="99" HEIGHT="21" WC="0.59" CONTENT="ärendet."/><SP WIDTH="218" VPOS="1069" HPOS="525"/>
							<String ID="string_328" HPOS="743" VPOS="1085" WIDTH="24" HEIGHT="12" WC="0.22" CONTENT="8"/>
						</TextLine>
					</TextBlock>
					<TextBlock ID="block_2" HPOS="154" VPOS="1097" WIDTH="829" HEIGHT="280">
						<TextLine ID="line_33" HPOS="227" VPOS="1097" WIDTH="756" HEIGHT="27">
							<String ID="string_329" HPOS="227" VPOS="1097" WIDTH="227" HEIGHT="26" WC="0.73" CONTENT="Hert:Schauman,"/><SP WIDTH="20" VPOS="1097" HPOS="454"/>
							<String ID="string_330" HPOS="474" VPOS="1098" WIDTH="92" HEIGHT="26" WC="0.57" CONTENT="August:"/><SP WIDTH="16" VPOS="1098" HPOS="566"/>
							<String ID="string_331" HPOS="582" VPOS="1098" WIDTH="34" HEIGHT="22" WC="0.96" CONTENT="Då"/><SP WIDTH="15" VPOS="1098" HPOS="616"/>
							<String ID="string_332" HPOS="631" VPOS="1097" WIDTH="24" HEIGHT="21" WC="0.96" CONTENT="R."/><SP WIDTH="17" VPOS="1097" HPOS="655"/>
							<String ID="string_333" HPOS="672" VPOS="1103" WIDTH="19" HEIGHT="15" WC="0.96" CONTENT="o."/><SP WIDTH="16" VPOS="1103" HPOS="691"/>
							<String ID="string_334" HPOS="707" VPOS="1097" WIDTH="24" HEIGHT="22" WC="0.96" CONTENT="A."/><SP WIDTH="16" VPOS="1097" HPOS="731"/>
							<String ID="string_335" HPOS="747" VPOS="1097" WIDTH="71" HEIGHT="22" WC="0.96" CONTENT="denna"/><SP WIDTH="15" VPOS="1097" HPOS="818"/>
							<String ID="string_336" HPOS="833" VPOS="1097" WIDTH="42" HEIGHT="27" WC="0.96" CONTENT="dag"/><SP WIDTH="15" VPOS="1097" HPOS="875"/>
							<String ID="string_337" HPOS="890" VPOS="1097" WIDTH="40" HEIGHT="22" WC="0.93" CONTENT="har"/><SP WIDTH="15" VPOS="1097" HPOS="930"/>
							<String ID="string_338" HPOS="945" VPOS="1097" WIDTH="38" HEIGHT="23" WC="0.91" CONTENT="be-"/>
						</TextLine>
						<TextLine ID="line_34" HPOS="159" VPOS="1125" WIDTH="823" HEIGHT="28">
							<String ID="string_339" HPOS="159" VPOS="1125" WIDTH="62" HEIGHT="22" WC="0.96" CONTENT="slutit"/><SP WIDTH="19" VPOS="1125" HPOS="221"/>
							<String ID="string_340" HPOS="240" VPOS="1128" WIDTH="33" HEIGHT="19" WC="0.93" CONTENT="att"/><SP WIDTH="18" VPOS="1128" HPOS="273"/>
							<String ID="string_341" HPOS="291" VPOS="1126" WIDTH="89" HEIGHT="27" WC="0.96" CONTENT="inbjuda"/><SP WIDTH="15" VPOS="1126" HPOS="380"/>
							<String ID="string_342" HPOS="395" VPOS="1126" WIDTH="27" HEIGHT="21" WC="0.93" CONTENT="de"/><SP WIDTH="16" VPOS="1126" HPOS="422"/>
							<String ID="string_343" HPOS="438" VPOS="1125" WIDTH="68" HEIGHT="27" WC="0.96" CONTENT="öfriga"/><SP WIDTH="19" VPOS="1125" HPOS="506"/>
							<String ID="string_344" HPOS="525" VPOS="1126" WIDTH="91" HEIGHT="22" WC="0.95" CONTENT="stånden"/><SP WIDTH="18" VPOS="1126" HPOS="616"/>
							<String ID="string_345" HPOS="634" VPOS="1126" WIDTH="34" HEIGHT="20" WC="0.93" CONTENT="att"/><SP WIDTH="17" VPOS="1126" HPOS="668"/>
							<String ID="string_346" HPOS="685" VPOS="1125" WIDTH="75" HEIGHT="22" WC="0.96" CONTENT="förena"/><SP WIDTH="15" VPOS="1125" HPOS="760"/>
							<String ID="string_347" HPOS="775" VPOS="1125" WIDTH="33" HEIGHT="27" WC="0.96" CONTENT="sig"/><SP WIDTH="14" VPOS="1125" HPOS="808"/>
							<String ID="string_348" HPOS="822" VPOS="1126" WIDTH="7" HEIGHT="21" WC="0.96" CONTENT="i"/><SP WIDTH="15" VPOS="1126" HPOS="829"/>
							<String ID="string_349" HPOS="844" VPOS="1126" WIDTH="51" HEIGHT="22" WC="0.96" CONTENT="dess"/><SP WIDTH="15" VPOS="1126" HPOS="895"/>
							<String ID="string_350" HPOS="910" VPOS="1126" WIDTH="72" HEIGHT="25" WC="0.96" CONTENT="beslut"/>
						</TextLine>
						<TextLine ID="line_35" HPOS="159" VPOS="1154" WIDTH="823" HEIGHT="28">
							<String ID="string_351" HPOS="159" VPOS="1150" WIDTH="89" HEIGHT="36" WC="0.74" CONTENT="rörande"/><SP WIDTH="8" VPOS="1150" HPOS="248"/>
							<String ID="string_352" HPOS="256" VPOS="1150" WIDTH="83" HEIGHT="36" WC="0.80" CONTENT=":frågan"/><SP WIDTH="15" VPOS="1150" HPOS="339"/>
							<String ID="string_353" HPOS="354" VPOS="1160" WIDTH="35" HEIGHT="16" WC="0.96" CONTENT="om"/><SP WIDTH="15" VPOS="1160" HPOS="389"/>
							<String ID="string_354" HPOS="404" VPOS="1160" WIDTH="27" HEIGHT="15" WC="0.48" CONTENT="en"/><SP WIDTH="14" VPOS="1160" HPOS="431"/>
							<String ID="string_355" HPOS="445" VPOS="1154" WIDTH="91" HEIGHT="27" WC="0.81" CONTENT="petition."/><SP WIDTH="12" VPOS="1154" HPOS="536"/>
							<String ID="string_356" HPOS="548" VPOS="1156" WIDTH="34" HEIGHT="20" WC="0.93" CONTENT="att"/><SP WIDTH="12" VPOS="1156" HPOS="582"/>
							<String ID="string_357" HPOS="594" VPOS="1154" WIDTH="22" HEIGHT="22" WC="0.93" CONTENT="få"/><SP WIDTH="11" VPOS="1154" HPOS="616"/>
							<String ID="string_358" HPOS="627" VPOS="1160" WIDTH="94" HEIGHT="20" WC="0.92" CONTENT="uppresa"/><SP WIDTH="10" VPOS="1160" HPOS="721"/>
							<String ID="string_359" HPOS="731" VPOS="1160" WIDTH="27" HEIGHT="16" WC="0.93" CONTENT="en"/><SP WIDTH="10" VPOS="1160" HPOS="758"/>
							<String ID="string_360" HPOS="768" VPOS="1154" WIDTH="214" HEIGHT="28" WC="0.85" CONTENT="monumental:staty"/>
						</TextLine>
						<TextLine ID="line_36" HPOS="159" VPOS="1182" WIDTH="823" HEIGHT="28">
							<String ID="string_361" HPOS="159" VPOS="1183" WIDTH="26" HEIGHT="21" WC="0.96" CONTENT="åt"/><SP WIDTH="5" VPOS="1183" HPOS="185"/>
							<String ID="string_362" HPOS="190" VPOS="1182" WIDTH="79" HEIGHT="27" WC="0.96" CONTENT="Kejsar"/><SP WIDTH="10" VPOS="1182" HPOS="269"/>
							<String ID="string_363" HPOS="279" VPOS="1182" WIDTH="122" HEIGHT="23" WC="0.96" CONTENT="Alexander"/><SP WIDTH="13" VPOS="1182" HPOS="401"/>
							<String ID="string_364" HPOS="414" VPOS="1182" WIDTH="28" HEIGHT="27" WC="0.95" CONTENT="II,"/><SP WIDTH="17" VPOS="1182" HPOS="442"/>
							<String ID="string_365" HPOS="459" VPOS="1182" WIDTH="25" HEIGHT="22" WC="0.96" CONTENT="sä"/><SP WIDTH="14" VPOS="1182" HPOS="484"/>
							<String ID="string_366" HPOS="498" VPOS="1182" WIDTH="45" HEIGHT="23" WC="0.96" CONTENT="kan"/><SP WIDTH="10" VPOS="1182" HPOS="543"/>
							<String ID="string_367" HPOS="553" VPOS="1183" WIDTH="37" HEIGHT="27" WC="0.93" CONTENT="jag"/><SP WIDTH="13" VPOS="1183" HPOS="590"/>
							<String ID="string_368" HPOS="603" VPOS="1182" WIDTH="18" HEIGHT="28" WC="0.96" CONTENT="ej"/><SP WIDTH="11" VPOS="1182" HPOS="621"/>
							<String ID="string_369" HPOS="632" VPOS="1182" WIDTH="58" HEIGHT="22" WC="0.96" CONTENT="finna"/><SP WIDTH="11" VPOS="1182" HPOS="690"/>
							<String ID="string_370" HPOS="701" VPOS="1183" WIDTH="37" HEIGHT="21" WC="0.93" CONTENT="det"/><SP WIDTH="10" VPOS="1183" HPOS="738"/>
							<String ID="string_371" HPOS="748" VPOS="1182" WIDTH="234" HEIGHT="23" WC="0.74" CONTENT="öfverensstämmande"/>
						</TextLine>
						<TextLine ID="line_37" HPOS="159" VPOS="1211" WIDTH="823" HEIGHT="27">
							<String ID="string_372" HPOS="159" VPOS="1217" WIDTH="38" HEIGHT="16" WC="0.94" CONTENT="ens"/><SP WIDTH="15" VPOS="1217" HPOS="197"/>
							<String ID="string_373" HPOS="212" VPOS="1212" WIDTH="51" HEIGHT="21" WC="0.91" CONTENT="med"/><SP WIDTH="10" VPOS="1212" HPOS="263"/>
							<String ID="string_374" HPOS="273" VPOS="1211" WIDTH="74" HEIGHT="27" WC="0.77" CONTENT="vanlig"/><SP WIDTH="16" VPOS="1211" HPOS="347"/>
							<String ID="string_375" HPOS="363" VPOS="1212" WIDTH="90" HEIGHT="26" WC="0.96" CONTENT="ordning"/><SP WIDTH="15" VPOS="1212" HPOS="453"/>
							<String ID="string_376" HPOS="468" VPOS="1211" WIDTH="40" HEIGHT="21" WC="0.96" CONTENT="och"/><SP WIDTH="16" VPOS="1211" HPOS="508"/>
							<String ID="string_377" HPOS="524" VPOS="1212" WIDTH="38" HEIGHT="21" WC="0.96" CONTENT="sed"/><SP WIDTH="16" VPOS="1212" HPOS="562"/>
							<String ID="string_378" HPOS="578" VPOS="1213" WIDTH="32" HEIGHT="23" WC="0.96" CONTENT="att"/><SP WIDTH="16" VPOS="1213" HPOS="610"/>
							<String ID="string_379" HPOS="626" VPOS="1211" WIDTH="24" HEIGHT="21" WC="0.96" CONTENT="R."/><SP WIDTH="16" VPOS="1211" HPOS="650"/>
							<String ID="string_380" HPOS="666" VPOS="1217" WIDTH="20" HEIGHT="15" WC="0.91" CONTENT="o."/><SP WIDTH="11" VPOS="1217" HPOS="686"/>
							<String ID="string_381" HPOS="697" VPOS="1211" WIDTH="24" HEIGHT="21" WC="0.94" CONTENT="A."/><SP WIDTH="16" VPOS="1211" HPOS="721"/>
							<String ID="string_382" HPOS="737" VPOS="1217" WIDTH="30" HEIGHT="15" WC="0.91" CONTENT="nu"/><SP WIDTH="14" VPOS="1217" HPOS="767"/>
							<String ID="string_383" HPOS="781" VPOS="1213" WIDTH="83" HEIGHT="25" WC="0.73" CONTENT="genast;"/><SP WIDTH="17" VPOS="1213" HPOS="864"/>
							<String ID="string_384" HPOS="881" VPOS="1214" WIDTH="52" HEIGHT="20" WC="0.95" CONTENT="utan"/><SP WIDTH="17" VPOS="1214" HPOS="933"/>
							<String ID="string_385" HPOS="950" VPOS="1214" WIDTH="32" HEIGHT="19" WC="0.96" CONTENT="att"/>
						</TextLine>
						<TextLine ID="line_38" HPOS="157" VPOS="1239" WIDTH="824" HEIGHT="29">
							<String ID="string_386" HPOS="157" VPOS="1240" WIDTH="54" HEIGHT="21" WC="0.93" CONTENT="höra"/><SP WIDTH="15" VPOS="1240" HPOS="211"/>
							<String ID="string_387" HPOS="226" VPOS="1239" WIDTH="23" HEIGHT="23" WC="0.70" CONTENT="de"/><SP WIDTH="11" VPOS="1239" HPOS="249"/>
							<String ID="string_388" HPOS="260" VPOS="1239" WIDTH="77" HEIGHT="28" WC="0.44" CONTENT="jöfriga"/><SP WIDTH="18" VPOS="1239" HPOS="337"/>
							<String ID="string_389" HPOS="355" VPOS="1240" WIDTH="103" HEIGHT="22" WC="0.92" CONTENT="ständens"/><SP WIDTH="20" VPOS="1240" HPOS="458"/>
							<String ID="string_390" HPOS="478" VPOS="1240" WIDTH="72" HEIGHT="22" WC="0.96" CONTENT="beslut"/><SP WIDTH="19" VPOS="1240" HPOS="550"/>
							<String ID="string_391" HPOS="569" VPOS="1239" WIDTH="49" HEIGHT="22" WC="0.93" CONTENT="med"/><SP WIDTH="19" VPOS="1239" HPOS="618"/>
							<String ID="string_392" HPOS="637" VPOS="1240" WIDTH="116" HEIGHT="26" WC="0.95" CONTENT="anledning"/><SP WIDTH="13" VPOS="1240" HPOS="753"/>
							<String ID="string_393" HPOS="766" VPOS="1240" WIDTH="25" HEIGHT="21" WC="0.96" CONTENT="af"/><SP WIDTH="18" VPOS="1240" HPOS="791"/>
							<String ID="string_394" HPOS="809" VPOS="1240" WIDTH="69" HEIGHT="22" WC="0.93" CONTENT="denna"/><SP WIDTH="19" VPOS="1240" HPOS="878"/>
							<String ID="string_395" HPOS="897" VPOS="1240" WIDTH="84" HEIGHT="28" WC="0.90" CONTENT="inbjud-"/>
						</TextLine>
						<TextLine ID="line_39" HPOS="157" VPOS="1267" WIDTH="823" HEIGHT="28">
							<String ID="string_396" HPOS="157" VPOS="1267" WIDTH="57" HEIGHT="26" WC="0.3" CONTENT="ning,"/><SP WIDTH="16" VPOS="1267" HPOS="214"/>
							<String ID="string_397" HPOS="230" VPOS="1268" WIDTH="124" HEIGHT="27" WC="0.3" CONTENT="skulle,"/><SP WIDTH="-27" VPOS="1268" HPOS="354"/>
							<String ID="string_398" HPOS="327" VPOS="1263" WIDTH="33" HEIGHT="36" WC="0.74" CONTENT="pä."/><SP WIDTH="6" VPOS="1263" HPOS="360"/>
							<String ID="string_399" HPOS="366" VPOS="1268" WIDTH="70" HEIGHT="26" WC="0.95" CONTENT="grund"/><SP WIDTH="15" VPOS="1268" HPOS="436"/>
							<String ID="string_400" HPOS="451" VPOS="1267" WIDTH="22" HEIGHT="21" WC="0.93" CONTENT="af"/><SP WIDTH="12" VPOS="1267" HPOS="473"/>
							<String ID="string_401" HPOS="485" VPOS="1268" WIDTH="47" HEIGHT="21" WC="0.96" CONTENT="från"/><SP WIDTH="16" VPOS="1268" HPOS="532"/>
							<String ID="string_402" HPOS="548" VPOS="1268" WIDTH="37" HEIGHT="21" WC="0.92" CONTENT="två"/><SP WIDTH="14" VPOS="1268" HPOS="585"/>
							<String ID="string_403" HPOS="599" VPOS="1268" WIDTH="66" HEIGHT="23" WC="0.93" CONTENT="andra"/><SP WIDTH="10" VPOS="1268" HPOS="665"/>
							<String ID="string_404" HPOS="675" VPOS="1268" WIDTH="64" HEIGHT="20" WC="0.96" CONTENT="stånd"/><SP WIDTH="10" VPOS="1268" HPOS="739"/>
							<String ID="string_405" HPOS="749" VPOS="1268" WIDTH="101" HEIGHT="23" WC="0.93" CONTENT="inkomna"/><SP WIDTH="9" VPOS="1268" HPOS="850"/>
							<String ID="string_406" HPOS="859" VPOS="1268" WIDTH="121" HEIGHT="27" WC="0.90" CONTENT="inbjudnin-"/>
						</TextLine>
						<TextLine ID="line_40" HPOS="157" VPOS="1295" WIDTH="825" HEIGHT="27">
							<String ID="string_407" HPOS="157" VPOS="1301" WIDTH="39" HEIGHT="20" WC="0.87" CONTENT="gar"/><SP WIDTH="14" VPOS="1301" HPOS="196"/>
							<String ID="string_408" HPOS="210" VPOS="1295" WIDTH="7" HEIGHT="22" WC="0.87" CONTENT="i"/><SP WIDTH="15" VPOS="1295" HPOS="217"/>
							<String ID="string_409" HPOS="232" VPOS="1301" WIDTH="84" HEIGHT="17" WC="0.77" CONTENT="samma"/><SP WIDTH="12" VPOS="1301" HPOS="316"/>
							<String ID="string_410" HPOS="328" VPOS="1298" WIDTH="84" HEIGHT="23" WC="0.77" CONTENT="&#39;ämne,"/><SP WIDTH="13" VPOS="1298" HPOS="412"/>
							<String ID="string_411" HPOS="425" VPOS="1295" WIDTH="67" HEIGHT="22" WC="0.36" CONTENT="ändra"/><SP WIDTH="20" VPOS="1295" HPOS="492"/>
							<String ID="string_412" HPOS="512" VPOS="1296" WIDTH="45" HEIGHT="21" WC="0.96" CONTENT="sitt."/><SP WIDTH="10" VPOS="1296" HPOS="557"/>
							<String ID="string_413" HPOS="567" VPOS="1296" WIDTH="67" HEIGHT="22" WC="0.96" CONTENT="redan"/><SP WIDTH="18" VPOS="1296" HPOS="634"/>
							<String ID="string_414" HPOS="652" VPOS="1295" WIDTH="84" HEIGHT="22" WC="0.96" CONTENT="fattade"/><SP WIDTH="20" VPOS="1295" HPOS="736"/>
							<String ID="string_415" HPOS="756" VPOS="1296" WIDTH="81" HEIGHT="26" WC="0.94" CONTENT="beslut;"/><SP WIDTH="24" VPOS="1296" HPOS="837"/>
							<String ID="string_416" HPOS="861" VPOS="1296" WIDTH="41" HEIGHT="21" WC="0.96" CONTENT="och"/><SP WIDTH="15" VPOS="1296" HPOS="902"/>
							<String ID="string_417" HPOS="917" VPOS="1302" WIDTH="65" HEIGHT="15" WC="0.96" CONTENT="anser"/>
						</TextLine>
						<TextLine ID="line_41" HPOS="154" VPOS="1324" WIDTH="827" HEIGHT="28">
							<String ID="string_418" HPOS="154" VPOS="1324" WIDTH="38" HEIGHT="27" WC="0.91" CONTENT="jag"/><SP WIDTH="23" VPOS="1324" HPOS="192"/>
							<String ID="string_419" HPOS="215" VPOS="1324" WIDTH="91" HEIGHT="27" WC="0.89" CONTENT="derföre,"/><SP WIDTH="23" VPOS="1324" HPOS="306"/>
							<String ID="string_420" HPOS="329" VPOS="1326" WIDTH="42" HEIGHT="21" WC="0.12" CONTENT="att:"/><SP WIDTH="13" VPOS="1326" HPOS="371"/>
							<String ID="string_421" HPOS="384" VPOS="1324" WIDTH="66" HEIGHT="27" WC="0.93" CONTENT="något"/><SP WIDTH="22" VPOS="1324" HPOS="450"/>
							<String ID="string_422" HPOS="472" VPOS="1324" WIDTH="116" HEIGHT="27" WC="0.92" CONTENT="afgörande"/><SP WIDTH="15" VPOS="1324" HPOS="588"/>
							<String ID="string_423" HPOS="603" VPOS="1324" WIDTH="7" HEIGHT="21" WC="0.96" CONTENT="i"/><SP WIDTH="15" VPOS="1324" HPOS="610"/>
							<String ID="string_424" HPOS="625" VPOS="1324" WIDTH="68" HEIGHT="22" WC="0.96" CONTENT="saken"/><SP WIDTH="18" VPOS="1324" HPOS="693"/>
							<String ID="string_425" HPOS="711" VPOS="1330" WIDTH="29" HEIGHT="15" WC="0.93" CONTENT="nu"/><SP WIDTH="16" VPOS="1330" HPOS="740"/>
							<String ID="string_426" HPOS="756" VPOS="1324" WIDTH="42" HEIGHT="23" WC="0.94" CONTENT="alls"/><SP WIDTH="14" VPOS="1324" HPOS="798"/>
							<String ID="string_427" HPOS="812" VPOS="1325" WIDTH="19" HEIGHT="27" WC="0.96" CONTENT="ej"/><SP WIDTH="17" VPOS="1325" HPOS="831"/>
							<String ID="string_428" HPOS="848" VPOS="1325" WIDTH="39" HEIGHT="23" WC="0.92" CONTENT="bör"/><SP WIDTH="14" VPOS="1325" HPOS="887"/>
							<String ID="string_429" HPOS="901" VPOS="1324" WIDTH="80" HEIGHT="28" WC="0.92" CONTENT="ifräga-"/>
						</TextLine>
						<TextLine ID="line_42" HPOS="156" VPOS="1353" WIDTH="768" HEIGHT="24">
							<String ID="string_430" HPOS="156" VPOS="1353" WIDTH="93" HEIGHT="22" WC="0.91" CONTENT="komma."/><SP WIDTH="50" VPOS="1353" HPOS="249"/>
							<String ID="string_431" HPOS="299" VPOS="1371" WIDTH="1" HEIGHT="3" WC="0.25" CONTENT="&lt;"/><SP WIDTH="53" VPOS="1371" HPOS="300"/>
							<String ID="string_432" HPOS="353" VPOS="1357" WIDTH="58" HEIGHT="18" WC="0.26" CONTENT="ast"/><SP WIDTH="151" VPOS="1357" HPOS="411"/>
							<String ID="string_433" HPOS="562" VPOS="1365" WIDTH="50" HEIGHT="6" WC="0.0" CONTENT="HE"/><SP WIDTH="276" VPOS="1365" HPOS="612"/>
							<String ID="string_434" HPOS="888" VPOS="1366" WIDTH="36" HEIGHT="11" WC="0.23" CONTENT="[575"/>
						</TextLine>
					</TextBlock>
					<TextBlock ID="block_3" HPOS="225" VPOS="1381" WIDTH="683" HEIGHT="28">
						<TextLine ID="line_43" HPOS="225" VPOS="1381" WIDTH="683" HEIGHT="28">
							<String ID="string_435" HPOS="225" VPOS="1381" WIDTH="56" HEIGHT="24" WC="0.93" CONTENT="Herr."/><SP WIDTH="18" VPOS="1381" HPOS="281"/>
							<String ID="string_436" HPOS="299" VPOS="1385" WIDTH="39" HEIGHT="19" WC="0.78" CONTENT="von"/><SP WIDTH="6" VPOS="1385" HPOS="338"/>
							<String ID="string_437" HPOS="344" VPOS="1381" WIDTH="194" HEIGHT="28" WC="0.77" CONTENT="Weissenberg"/><SP WIDTH="8" VPOS="1381" HPOS="538"/>
							<String ID="string_438" HPOS="546" VPOS="1388" WIDTH="38" HEIGHT="17" WC="0.50" CONTENT="var:"/><SP WIDTH="15" VPOS="1388" HPOS="584"/>
							<String ID="string_439" HPOS="599" VPOS="1387" WIDTH="51" HEIGHT="18" WC="0.50" CONTENT="ense"/><SP WIDTH="15" VPOS="1387" HPOS="650"/>
							<String ID="string_440" HPOS="665" VPOS="1381" WIDTH="49" HEIGHT="23" WC="0.92" CONTENT="med"/><SP WIDTH="17" VPOS="1381" HPOS="714"/>
							<String ID="string_441" HPOS="731" VPOS="1381" WIDTH="50" HEIGHT="23" WC="0.86" CONTENT="herr"/><SP WIDTH="15" VPOS="1381" HPOS="781"/>
							<String ID="string_442" HPOS="796" VPOS="1382" WIDTH="112" HEIGHT="23" WC="0.84" CONTENT="Mechelin."/>
						</TextLine>
					</TextBlock>
					<TextBlock ID="block_4" HPOS="158" VPOS="1410" WIDTH="821" HEIGHT="57">
						<TextLine ID="line_44" HPOS="226" VPOS="1410" WIDTH="753" HEIGHT="28">
							<String ID="string_443" HPOS="226" VPOS="1411" WIDTH="72" HEIGHT="22" WC="0.30" CONTENT="Sedan"/><SP WIDTH="19" VPOS="1411" HPOS="298"/>
							<String ID="string_444" HPOS="317" VPOS="1411" WIDTH="151" HEIGHT="22" WC="0.92" CONTENT="diskussionen"/><SP WIDTH="20" VPOS="1411" HPOS="468"/>
							<String ID="string_445" HPOS="488" VPOS="1411" WIDTH="114" HEIGHT="22" WC="0.93" CONTENT="förklarats"/><SP WIDTH="20" VPOS="1411" HPOS="602"/>
							<String ID="string_446" HPOS="622" VPOS="1410" WIDTH="265" HEIGHT="28" WC="0.65" CONTENT="afslutad,:framställdes"/><SP WIDTH="18" VPOS="1410" HPOS="887"/>
							<String ID="string_447" HPOS="905" VPOS="1412" WIDTH="34" HEIGHT="24" WC="0.96" CONTENT="för"/><SP WIDTH="14" VPOS="1412" HPOS="939"/>
							<String ID="string_448" HPOS="953" VPOS="1413" WIDTH="26" HEIGHT="22" WC="0.96" CONTENT="R."/>
						</TextLine>
						<TextLine ID="line_45" HPOS="158" VPOS="1439" WIDTH="817" HEIGHT="28">
							<String ID="string_449" HPOS="158" VPOS="1445" WIDTH="18" HEIGHT="16" WC="0.90" CONTENT="0."/><SP WIDTH="17" VPOS="1445" HPOS="176"/>
							<String ID="string_450" HPOS="193" VPOS="1440" WIDTH="24" HEIGHT="22" WC="0.95" CONTENT="A."/><SP WIDTH="15" VPOS="1440" HPOS="217"/>
							<String ID="string_451" HPOS="232" VPOS="1439" WIDTH="95" HEIGHT="28" WC="0.96" CONTENT="följande"/><SP WIDTH="15" VPOS="1439" HPOS="327"/>
							<String ID="string_452" HPOS="342" VPOS="1439" WIDTH="141" HEIGHT="28" WC="0.96" CONTENT="proposition:"/><SP WIDTH="257" VPOS="1439" HPOS="483"/>
							<String ID="string_453" HPOS="740" VPOS="1458" WIDTH="3" HEIGHT="1" WC="0.76" CONTENT="i"/><SP WIDTH="78" VPOS="1458" HPOS="743"/>
							<String ID="string_454" HPOS="821" VPOS="1461" WIDTH="2" HEIGHT="2" WC="0.89" CONTENT="N"/><SP WIDTH="84" VPOS="1461" HPOS="823"/>
							<String ID="string_455" HPOS="907" VPOS="1446" WIDTH="68" HEIGHT="17" WC="0.44" CONTENT="ide"/>
						</TextLine>
					</TextBlock>
					<TextBlock ID="block_5" HPOS="173" VPOS="1468" WIDTH="810" HEIGHT="28">
						<TextLine ID="line_46" HPOS="173" VPOS="1468" WIDTH="810" HEIGHT="28">
							<String ID="string_456" HPOS="173" VPOS="1488" WIDTH="2" HEIGHT="2" WC="0.65" CONTENT="+"/><SP WIDTH="51" VPOS="1488" HPOS="175"/>
							<String ID="string_457" HPOS="226" VPOS="1469" WIDTH="61" HEIGHT="25" WC="0.86" CONTENT="yDen"/><SP WIDTH="16" VPOS="1469" HPOS="287"/>
							<String ID="string_458" HPOS="303" VPOS="1468" WIDTH="22" HEIGHT="22" WC="0.96" CONTENT="af"/><SP WIDTH="13" VPOS="1468" HPOS="325"/>
							<String ID="string_459" HPOS="338" VPOS="1469" WIDTH="25" HEIGHT="22" WC="0.61" CONTENT="R."/><SP WIDTH="12" VPOS="1469" HPOS="363"/>
							<String ID="string_460" HPOS="375" VPOS="1475" WIDTH="20" HEIGHT="15" WC="0.61" CONTENT="o."/><SP WIDTH="11" VPOS="1475" HPOS="395"/>
							<String ID="string_461" HPOS="406" VPOS="1469" WIDTH="32" HEIGHT="24" WC="0.85" CONTENT="A.,"/><SP WIDTH="16" VPOS="1469" HPOS="438"/>
							<String ID="string_462" HPOS="454" VPOS="1474" WIDTH="46" HEIGHT="16" WC="0.89" CONTENT="som"/><SP WIDTH="10" VPOS="1474" HPOS="500"/>
							<String ID="string_463" HPOS="510" VPOS="1468" WIDTH="36" HEIGHT="21" WC="0.94" CONTENT="vill"/><SP WIDTH="18" VPOS="1468" HPOS="546"/>
							<String ID="string_464" HPOS="564" VPOS="1473" WIDTH="26" HEIGHT="19" WC="0.91" CONTENT="nu"/><SP WIDTH="14" VPOS="1473" HPOS="590"/>
							<String ID="string_465" HPOS="604" VPOS="1470" WIDTH="78" HEIGHT="26" WC="0.94" CONTENT="genast"/><SP WIDTH="14" VPOS="1470" HPOS="682"/>
							<String ID="string_466" HPOS="696" VPOS="1468" WIDTH="51" HEIGHT="26" WC="0.96" CONTENT="ingå"/><SP WIDTH="10" VPOS="1468" HPOS="747"/>
							<String ID="string_467" HPOS="757" VPOS="1469" WIDTH="7" HEIGHT="21" WC="0.93" CONTENT="i"/><SP WIDTH="10" VPOS="1469" HPOS="764"/>
							<String ID="string_468" HPOS="774" VPOS="1468" WIDTH="100" HEIGHT="28" WC="0.92" CONTENT="pröfning"/><SP WIDTH="14" VPOS="1468" HPOS="874"/>
							<String ID="string_469" HPOS="888" VPOS="1469" WIDTH="23" HEIGHT="22" WC="0.93" CONTENT="af"/><SP WIDTH="12" VPOS="1469" HPOS="911"/>
							<String ID="string_470" HPOS="923" VPOS="1469" WIDTH="60" HEIGHT="24" WC="0.68" CONTENT="före,"/>
						</TextLine>
					</TextBlock>
					<TextBlock ID="block_6" HPOS="156" VPOS="1496" WIDTH="833" HEIGHT="57">
						<TextLine ID="line_47" HPOS="156" VPOS="1496" WIDTH="833" HEIGHT="29">
							<String ID="string_471" HPOS="156" VPOS="1492" WIDTH="99" HEIGHT="37" WC="0.76" CONTENT="varande."/><SP WIDTH="14" VPOS="1492" HPOS="255"/>
							<String ID="string_472" HPOS="269" VPOS="1496" WIDTH="151" HEIGHT="28" WC="0.94" CONTENT="inbjudningar"/><SP WIDTH="18" VPOS="1496" HPOS="420"/>
							<String ID="string_473" HPOS="438" VPOS="1496" WIDTH="47" HEIGHT="23" WC="0.96" CONTENT="från"/><SP WIDTH="18" VPOS="1496" HPOS="485"/>
							<String ID="string_474" HPOS="503" VPOS="1496" WIDTH="34" HEIGHT="22" WC="0.95" CONTENT="Pr."/><SP WIDTH="17" VPOS="1496" HPOS="537"/>
							<String ID="string_475" HPOS="554" VPOS="1496" WIDTH="43" HEIGHT="22" WC="0.71" CONTENT="och"/><SP WIDTH="12" VPOS="1496" HPOS="597"/>
							<String ID="string_476" HPOS="609" VPOS="1496" WIDTH="54" HEIGHT="23" WC="0.75" CONTENT="Bide"/><SP WIDTH="15" VPOS="1496" HPOS="663"/>
							<String ID="string_477" HPOS="678" VPOS="1496" WIDTH="71" HEIGHT="28" WC="0.91" CONTENT="S:den,"/><SP WIDTH="20" VPOS="1496" HPOS="749"/>
							<String ID="string_478" HPOS="769" VPOS="1503" WIDTH="74" HEIGHT="19" WC="0.96" CONTENT="svarar"/><SP WIDTH="12" VPOS="1503" HPOS="843"/>
							<String ID="string_479" HPOS="855" VPOS="1497" WIDTH="33" HEIGHT="28" WC="0.93" CONTENT="ja;"/><SP WIDTH="17" VPOS="1497" HPOS="888"/>
							<String ID="string_480" HPOS="905" VPOS="1498" WIDTH="84" HEIGHT="24" WC="0.96" CONTENT="vinner:"/>
						</TextLine>
						<TextLine ID="line_48" HPOS="156" VPOS="1524" WIDTH="573" HEIGHT="29">
							<String ID="string_481" HPOS="156" VPOS="1526" WIDTH="41" HEIGHT="27" WC="0.93" CONTENT="nej,"/><SP WIDTH="17" VPOS="1526" HPOS="197"/>
							<String ID="string_482" HPOS="214" VPOS="1524" WIDTH="74" HEIGHT="23" WC="0.90" CONTENT="anstår"/><SP WIDTH="13" VPOS="1524" HPOS="288"/>
							<String ID="string_483" HPOS="301" VPOS="1526" WIDTH="50" HEIGHT="22" WC="0.96" CONTENT="med"/><SP WIDTH="16" VPOS="1526" HPOS="351"/>
							<String ID="string_484" HPOS="367" VPOS="1525" WIDTH="92" HEIGHT="22" WC="0.93" CONTENT="nämnda"/><SP WIDTH="15" VPOS="1525" HPOS="459"/>
							<String ID="string_485" HPOS="474" VPOS="1524" WIDTH="100" HEIGHT="28" WC="0.90" CONTENT="pröfning"/><SP WIDTH="16" VPOS="1524" HPOS="574"/>
							<String ID="string_486" HPOS="590" VPOS="1525" WIDTH="139" HEIGHT="28" WC="0.75" CONTENT="tillsvidare&quot;,"/>
						</TextLine>
					</TextBlock>
				</ComposedBlock>
			</PrintSpace>
		</Page>
	</Layout>
</alto>
