1073 1723
212 110 39 21 124
510 109 39 18 Den
564 110 19 16 14
595 109 94 18 Februari.

183 176 32 21 ett
229 175 88 21 stående
333 175 74 27 anslag
423 175 21 21 af
459 177 75 24 30,000
551 176 62 27 tyska
628 175 66 25 mark,
710 176 32 20 ett
758 175 59 20 extra
832 174 74 26 anslag
918 173 22 22 af
953 173 44 21 lika

182 204 85 32 belopp,
283 204 38 21 allt
329 210 38 21 per
376 204 28 21 år.
414 216 26 2 —
449 204 10 21 I
467 188 86 46 norden,
564 205 36 20 der
608 192 159 33 förhållandena
777 205 36 19 äro
821 209 58 15 mera
888 202 44 21 lika
940 202 56 26 våra,

182 232 57 21 finna
249 232 27 25 vi,
295 233 32 20 att
338 232 126 27 exempelvis
473 222 80 37 Upsala
562 232 136 21 universitets
707 232 102 20 bibliotek
818 231 38 21 har
866 232 74 21 12.000
949 231 48 20 kro-

183 267 39 15 nor
237 261 7 21 i
260 260 116 27 årsanslag,
393 261 38 21 och
445 261 101 27 kungliga
561 261 126 27 biblioteket
700 260 7 21 i
724 260 123 22 Stockholm
865 260 75 25 18,000
948 259 48 21 kro-

183 296 44 15 nor.
245 301 12 3 —
269 290 41 26 Jag
325 290 35 20 vill
376 290 101 20 särskildt
488 290 69 21 erinra
572 296 40 19 om,
629 290 71 20 derest
715 290 60 20 detta
791 289 17 26 ej
818 288 68 22 skulle
894 294 51 15 vara
960 288 37 21 all-

183 320 59 20 mänt
256 318 86 27 bekant,
359 320 32 19 att
398 318 79 27 vigtiga
489 318 118 22 brancheri
618 318 60 21 detta
687 318 98 26 Sveriges
794 317 93 21 national
896 316 101 22 bibliotek

183 347 39 21 alls
237 347 47 22 icke
300 349 37 19 äro
353 347 184 27 representerade;
549 347 212 26 naturvetenskaplig
769 346 38 22 och
816 346 116 21 medicinsk
941 346 57 20 litte-

183 378 60 20 ratur
256 376 89 26 inköpes
361 376 46 21 icke
424 376 31 21 till
471 376 67 26 sagda
551 376 100 27 kungliga
662 376 112 25 bibliotek;
790 374 208 27 vetenskapsakade-

183 405 41 21 min
241 405 40 22 och
300 404 125 22 Carolinska
439 404 108 22 institutet
562 407 145 25 representera
722 404 92 21 nämnda
828 404 170 20 litteraturbran-

183 434 58 26 cher;
263 434 62 21 dessa
347 436 33 19 tre
403 434 101 21 bibliotek
526 434 139 21 tillsammans
681 434 71 20 kunna
771 433 83 21 således
871 438 63 15 anses
950 438 50 15 vara

183 463 133 26 eqvivalenta
330 462 49 21 med
398 462 46 21 vårt
459 462 245 22 universitetsbibliotek.
713 474 27 3 —
755 462 9 21 I
775 461 121 26 Kristiania,
906 461 38 21 der
958 461 41 21 för-

182 491 127 22 hållandena
328 493 37 19 äro
381 491 92 21 snarlika
496 491 47 22 dem
566 497 46 16 som
635 491 52 21 råda
705 491 7 20 i
728 491 47 20 vårt
790 491 56 25 land,
862 492 51 19 enär
928 490 72 21 landet

182 520 39 21 har
236 520 55 21 blott
306 526 25 15 en
345 521 69 20 större
431 519 93 28 offentlig
543 519 138 27 boksamling,
697 525 46 16 som
758 519 29 27 på
803 525 25 15 en
844 519 55 26 gång
916 520 23 19 är
954 518 46 21 uni-

182 549 109 21 versitets-
308 548 38 22 och
368 548 205 25 nationalbibliotek,
594 549 38 21 har
646 548 29 27 på
690 549 116 20 detsamma
822 548 64 21 sedan
901 547 100 26 gammalt

183 579 77 24 24,000
272 577 82 22 kronor
369 577 79 27 årligen
465 577 72 22 offrats
552 577 32 22 för
599 577 64 26 inköp
680 577 22 21 af
711 577 107 20 litteratur
828 577 40 20 och
880 578 31 19 ett
921 575 80 27 förslag

183 608 24 19 är
229 606 83 27 nyligen
332 606 71 33 väckt,
417 606 67 21 ehuru
500 606 18 27 ej
543 609 55 18 ännu
615 605 97 28 afgjordt,
732 607 32 20 att
783 606 59 21 detta
857 605 73 26 anslag
946 605 54 21 skall

183 635 60 27 höjas
259 635 31 21 till
306 637 77 23 30,000
399 635 78 21 kronor
492 635 85 32 årligen.

252 663 41 22 För
315 652 41 33 den
379 669 88 20 summa,
484 669 45 16 som
545 664 6 20 i
571 663 146 32 föreliggande
733 662 229 33 petititionsmemorial
977 664 24 19 är

183 691 118 28 föreslagen
318 693 53 20 eller
386 693 77 23 20,000
477 693 66 24 mark,
560 693 41 20 kan
617 692 6 21 i
639 692 90 27 sanning
744 692 18 26 ej
774 691 84 27 mycket
869 691 69 21 ernås.
954 691 46 21 Den

183 721 186 26 omständigheten
392 722 23 19 är
436 721 72 20 härvid
524 709 75 33 främst
615 722 31 19 att
662 720 119 25 observera,
798 726 45 15 som
859 720 65 21 redan
940 719 23 22 af
976 720 24 21 hr

184 749 70 27 Lagus
270 749 115 26 framhölls,
401 751 33 19 att
449 751 58 19 stora
522 749 75 22 luckor
611 749 48 21 med
675 749 100 21 afseende
791 749 12 20 å
819 749 57 20 äldre
892 749 109 20 litteratur

183 777 68 22 finnas
269 780 32 19 att
322 777 55 28 fylla.
411 778 31 21 En
459 785 68 14 annan
542 778 105 26 väsentlig
661 777 159 27 omständighet
835 780 23 18 är
873 777 79 26 vidare,
968 779 33 19 att

183 807 160 21 universitetets
359 807 160 26 vetenskapliga
534 807 141 26 inrättningar
691 809 36 18 äro
743 807 25 20 sä
779 812 49 21 pass
837 806 45 27 lågt
891 806 109 25 doterade,

184 836 32 20 att
237 835 58 22 vissa
317 835 86 26 sådana,
423 837 14 19 t.
455 841 29 15 ex.
501 836 41 20 den
557 835 137 28 fysiologiska
709 835 39 21 och
765 835 39 20 den
821 835 118 25 botaniska,
955 834 45 21 fak-

184 864 53 21 tiskt
259 864 69 22 måste
346 870 76 20 genom
437 864 262 22 universitetsbiblioteket
714 864 108 26 reqvirera
837 864 54 21 hvad
907 864 26 21 de
949 863 51 21 nöd-

184 893 86 27 vändigt
291 892 97 22 behöfva.
427 892 61 22 Stora
511 894 40 20 och
574 893 90 27 dyrbara
686 893 51 21 verk
753 892 51 22 höra
820 892 89 22 sålunda
925 892 77 22 endast

184 921 103 22 skenbart
301 922 32 21 till
348 922 271 26 universitetsbiblioteket,
636 921 88 21 emedan
740 922 25 20 de
782 922 94 26 ständigt
892 924 36 18 äro
946 920 54 22 utlå-

184 950 54 22 nade
253 950 32 22 till
301 950 64 22 dessa
379 951 146 26 inrättningar.
541 962 28 3 —
584 950 33 22 Då
633 950 71 21 härtill
719 950 101 26 kommer,
830 952 32 19 att
870 950 41 21 den
919 956 81 15 summa

184 985 46 15 som
252 979 39 21 här
313 981 24 19 är
351 980 7 20 i
373 979 66 27 fråga,
456 980 53 20 skall
525 980 59 21 delas
600 979 27 27 på
643 979 41 21 alla
699 980 140 26 vetenskaper
854 980 51 20 utan
920 978 81 22 undan-

184 1009 42 26 tag,
243 1008 57 22 inses
315 1008 42 22 lätt
372 1010 32 19 att
419 1008 18 27 ej
455 1008 37 21 allt
506 1008 33 21 för
555 1008 84 27 mycket
653 1008 42 21 kan
711 1008 61 21 ernås
788 1007 32 22 för
828 1008 40 21 den
881 1007 120 27 föreslagna

185 1043 102 15 summan.
303 1049 28 3 —
346 1037 10 21 I
371 1036 138 28 Köpenhamn
525 1037 71 21 kunde
612 1037 49 21 åren
673 1038 137 21 1878—1879
820 1036 76 22 endast
905 1036 97 26 omkring

186 1067 61 25 1,800
269 1066 56 21 band
345 1065 106 21 anskaffas
466 1065 32 22 för
514 1072 25 15 en
555 1072 82 15 summa
653 1065 21 22 af
687 1066 81 21 inemot
783 1067 76 25 20,000
874 1066 84 21 kronor.
974 1077 27 3 —

184 1094 43 21 Det
243 1096 23 20 är
289 1094 18 27 ej
332 1094 51 26 högt
404 1095 124 25 beräknadt,
546 1101 33 15 om
595 1101 47 15 man
658 1097 88 24 antager
761 1096 32 19 att
810 1096 23 19 10
850 1094 12 22 a
880 1096 23 20 15
920 1094 60 21 mark
996 1094 6 21 i

184 1122 100 22 medeltal
300 1123 101 21 behöfvas
417 1122 32 22 för
464 1124 87 26 inköpet
567 1123 20 21 af
601 1123 73 27 hvarje
689 1124 58 25 verk,
763 1124 40 20 och
818 1124 36 20 det
870 1125 24 19 är
902 1124 48 20 med
958 1123 44 21 led-

184 1152 51 26 ning
249 1151 23 21 af
284 1151 81 21 sådana
381 1151 69 21 siffror
465 1152 41 20 lätt
520 1153 33 20 att
567 1152 46 20 inse
629 1152 54 20 huru
698 1152 45 26 lågt
759 1152 36 20 det
810 1152 79 26 anslag,
905 1157 45 15 som
964 1152 39 20 här

184 1180 129 27 föreslagits,
329 1180 6 21 i
359 1180 74 27 sjelfva
456 1180 74 22 verket
545 1183 30 19 är.
591 1192 26 3 —
633 1180 31 21 En
688 1180 164 27 omständighet,
868 1186 46 16 som
928 1180 74 21 härvid

183 1208 122 28 ytterligare
329 1211 23 19 är
367 1209 52 21 värd
434 1210 33 20 att
481 1209 96 26 beaktas,
595 1211 23 19 är
633 1210 32 20 att
680 1210 46 20 vårt
742 1209 102 21 bibliotek
860 1209 60 21 äfven
936 1209 66 21 borde

184 1239 52 25 göra
251 1238 81 26 ganska
348 1240 59 18 stora
421 1238 144 26 uppoffringar
580 1237 31 22 för
627 1240 32 19 att
670 1238 57 21 hålla
737 1238 212 26 nationalsamlingen
958 1238 44 20 fen-

184 1266 47 20 nica
253 1266 6 20 i
282 1266 113 25 tillbörligt
412 1266 66 20 skick.
496 1278 23 2 —
536 1266 31 20 På
587 1266 68 26 grund
672 1266 21 20 af
708 1273 53 19 egen
776 1266 120 20 erfarenhet
911 1266 41 20 kan
966 1266 37 26 jag

184 1300 34 15 om
234 1294 69 21 denna
319 1293 108 26 afdelmng
442 1294 22 20 af
477 1294 126 21 biblioteket
619 1294 98 24 förklara,
734 1296 32 19 att
777 1295 40 20 den
828 1294 32 21 för
872 1295 131 20 närvarande

183 1322 115 27 ingalunda
313 1324 120 19 motsvarar
448 1322 71 27 billiga
534 1322 99 27 anspråk.
650 1334 25 2 —
692 1322 219 33 Fennica-samlingen
922 1322 40 22 har
973 1322 30 22 öf-

185 1350 117 22 verhufvud
325 1351 47 21 icke
391 1351 171 35 kompletterats
577 1357 75 21 genom
668 1345 93 34 uppköp,
778 1353 50 20 utan
844 1352 7 20 i
866 1352 48 21 stöd
931 1351 22 22 af
968 1352 36 21 det

185 1380 69 26 gamla
273 1380 135 27 stadgandet,
425 1386 45 15 som
487 1382 55 19 ännu
557 1380 7 22 i
579 1380 38 22 vär
631 1380 98 26 gällande
745 1380 196 28 pressförordnings
958 1380 45 28 228

184 1408 148 26 förekommer,
356 1411 33 19 att
411 1409 187 28 boktryckerierna
622 1416 39 20 ega
684 1411 31 20 att
734 1409 23 22 af
769 1410 72 27 hvarje
857 1410 42 21 bok
914 1410 90 21 insända

185 1438 109 26 exemplar
309 1438 32 21 till
356 1438 154 28 presstyrelsen
526 1438 33 22 för
574 1440 31 20 att
621 1439 122 21 sedermera
758 1439 125 21 biblioteket
893 1439 112 22 tillhanda-

184 1467 75 21 hållas.
276 1479 28 3 —
319 1467 49 21 Man
391 1467 68 22 skulle
482 1467 69 27 tycka,
575 1469 32 19 att
624 1467 88 22 härmed
730 1474 50 15 vore
799 1468 124 27 tillräckligt
937 1468 68 27 sörjdt

183 1496 34 22 för
232 1496 161 21 universitetets
409 1496 109 22 bibliotek.
534 1508 27 3 —
576 1496 48 22 Men
641 1496 25 22 sä
681 1498 24 20 är
719 1496 114 27 ingalunda
847 1496 66 23 fallet.
929 1508 27 4 —
972 1497 33 21 Dä

188 1526 15 20 t.
221 1531 30 15 ex.
275 1524 102 28 plancher
396 1525 32 21 till
444 1527 31 20 ett
490 1526 73 21 arbete
580 1525 84 28 tryckas
679 1526 121 21 utomlands
816 1526 40 21 och
870 1527 72 20 texten
957 1526 49 21 här-
