1064 1723
202 125 43 21 462
513 124 41 18 Den
567 124 10 17 3
589 123 58 22 April.

176 189 27 26 af
210 188 141 26 parcellernas
367 188 62 26 areal,
445 188 7 21 i
468 188 100 22 afseende
583 189 13 20 å
610 190 118 20 momentet
744 190 12 19 2
772 188 71 21 anslöt
858 188 33 26 sig
899 188 33 21 till
939 187 58 22 förra

175 217 61 21 delen
260 216 22 21 af
301 217 37 21 hrr
356 216 130 22 Rönnbäcks
511 217 39 21 och
567 216 125 27 Stjernvalls
708 216 132 22 reservation
856 216 41 21 och
912 216 61 28 förty,
989 216 8 21 i

174 244 70 22 likhet
266 246 48 20 med
337 244 98 22 bemälde
458 247 135 27 reservanter
612 245 67 27 ansäg
695 245 26 21 de
736 247 34 19 tre
784 244 70 22 första
869 244 92 23 raderna
976 244 23 22 af

176 273 66 26 sagde
257 274 95 20 moment
367 273 53 21 böra
434 274 59 26 utgä.
523 274 111 26 Derjämte
647 273 89 26 beslöts,
752 274 33 20 att
800 273 77 21 mellan
891 275 54 19 1:sta
956 273 40 21 och

176 302 60 21 2:dra
251 303 119 20 momentet
384 302 33 21 uti
432 301 6 21 i
454 302 60 26 fråga
529 302 92 22 varande
637 301 11 28 $
663 302 67 21 borde
746 302 107 27 inskjutas
869 303 32 20 ett
918 300 23 23 af
947 308 48 20 pro-

174 330 71 22 fessor
259 330 111 22 Koskinen
384 330 123 22 framstäldt
522 331 40 21 och
577 330 56 22 bäde
648 331 28 26 pä
686 331 93 21 svenska
789 330 40 22 och
839 329 70 23 finska
924 330 73 22 skrift-

175 358 57 27 ligen
255 358 100 22 affattadt
376 358 82 28 förslag
480 360 22 21 af
522 359 94 27 följande
630 359 82 27 lydelse
728 358 106 27 nämligen
850 359 28 27 pä
893 359 103 21 svenska:

177 388 91 26 yDerest
292 387 56 22 dock
363 393 25 15 en
403 388 164 22 landskommun
582 387 49 22 ville
647 387 110 27 öfvertaga
771 388 8 21 i
794 387 79 21 mantal
889 389 45 19 satt
947 387 50 27 jord

175 417 57 20 inom
254 417 140 21 kommunens
416 422 54 21 egna
485 419 89 23 gränser
589 416 41 22 och
644 416 132 21 fortfarande
792 422 90 15 ansvara
897 416 33 21 för
945 416 51 21 dess

175 445 83 21 skatter
281 444 40 22 och
344 444 91 27 utlagor,
457 445 52 21 söke
530 445 71 21 dertill
617 444 95 22 tillständ
728 444 24 21 af
764 444 116 27 kejserliga
895 446 101 19 senatens

175 473 111 22 ekonomie
310 471 150 29 departement
483 473 39 22 och
544 479 51 21 vare
618 473 66 21 sedan
705 473 121 26 berättigad
846 474 32 20 att
893 472 45 22 från
955 472 41 22 slik

175 501 160 28 stomlägenhet
354 501 89 27 stycken
467 502 142 21 obehindradt
631 501 102 22 afsöndra
752 504 52 19 utan
820 501 101 22 afseende
937 501 13 21 å
964 501 31 21 lä-

175 531 117 26 genhetens
308 530 163 27 sjelfbeständ;*
488 531 28 26 på
531 530 70 22 finska
615 530 24 21 så
653 530 102 28 lydande:
771 530 38 22 Jos
824 529 112 22 kuitenkin
942 530 54 27 joku

175 559 158 21 maalaiskunta
347 559 75 21 tahtoo
438 559 117 22 haltuunsa
565 560 60 20 ottaa
633 559 130 21 mantaalille
772 560 80 26 pantua
862 560 72 19 maata
941 559 54 20 kun-

175 593 42 16 nan
233 588 68 21 omien
318 587 80 28 rajojen
412 587 81 22 sisässa
507 588 22 27 ja
545 587 95 22 edelleen
655 589 87 20 vastata
757 593 39 16 sen
805 587 125 26 veroista
906 583 21 36 ja
937 587 58 22 ulos-

174 616 98 26 tevoista,
297 616 112 21 hakekoon
428 616 68 21 siihen
518 617 65 26 lupaa
604 615 142 28 kejsarillisen
765 616 84 21 senatin
865 615 131 22 talous-osa-

175 645 66 22 stolta
253 645 23 27 ja
292 645 95 21 saakoon
403 645 65 21 sitten
484 645 149 21 semmoisesta
645 645 120 21 emätilasta
776 644 161 28 palkintoveroa
948 650 47 16 vas-

175 675 50 20 taan
241 673 97 28 vapaasti
355 673 78 21 eroitta
448 673 93 27 tiluksia,
557 673 128 22 huolimatta
700 674 54 21 tilan
763 673 232 22 itsekannattavaisuu-

176 702 84 26 desta;*
278 702 40 22 och
334 701 68 22 skulle
417 703 123 26 respektive
554 702 140 22 medständen
711 708 77 21 genom
797 702 200 27 protokollsutdrag

175 731 99 27 inbjudas
291 731 33 21 att
339 736 34 16 om
389 731 37 20 det
441 731 91 21 sålunda
546 731 122 26 föreslagna
684 731 97 26 tillägget
796 731 73 21 förena
884 731 53 26 sig."

243 759 31 21 Pä
288 759 93 26 begäran
397 758 110 23 lemnades
524 760 61 21 ordet
601 759 23 21 ät

243 787 56 22 Herr
320 793 42 16 von
384 787 113 27 Zansen,
513 794 47 15 som
575 787 59 28 afgaf
647 787 93 28 följande
756 788 122 21 sedermera
893 787 103 27 skriftligt

176 817 103 27 uppsatta
294 816 111 27 yttrande:

243 845 41 21 Vid
299 844 68 22 första
381 845 119 27 päseendet
515 845 13 21 å
543 845 37 22 det
595 844 76 28 tillägg
686 845 32 21 till
734 844 48 22 8:de
797 844 127 28 paragrafen
939 845 8 21 i
957 844 38 22 nä-

175 873 50 27 diga
247 873 162 27 prupositionen
431 874 92 20 rörande
545 874 155 27 egostyckning
723 873 41 22 och
786 872 174 28 jordafsöndring
975 872 24 23 af

173 901 75 22 frälse-
264 902 41 21 och
320 902 205 26 skattelägenheter,
541 908 34 16 om
591 902 81 21 hvilket
688 902 23 21 R.
728 908 18 16 o.
764 902 23 21 A.
799 902 69 21 blifvit
879 901 23 22 af
910 903 84 26 preste-

175 930 87 21 ständet
277 930 98 27 inbjudet
390 933 33 18 att
437 930 74 21 förena
526 932 38 25 sig,
581 930 69 22 skulle
666 936 64 21 synas
746 929 151 28 allanledning
904 937 52 15 vara
963 930 33 21 för

174 958 84 22 handen
274 960 32 20 att
322 959 77 23 sädant
414 958 78 26 bifalla,
508 961 22 24 ty
547 959 28 21 dä
591 965 25 15 en
626 959 36 21 hel
680 954 78 36 kommun
784 954 120 36 garanterar
918 959 77 26 fullgö-

174 987 76 22 randet
265 987 21 21 af
300 987 48 21 frän
364 993 26 16 en
405 987 68 22 sädan
489 987 31 21 till
536 987 142 27 parcellering
692 987 76 27 inköpt
776 987 102 27 lägenhet
886 988 109 26 utgäende

175 1021 71 21 onera,
266 1016 24 20 sä
305 1021 51 16 vore
368 1016 25 27 ju
409 1015 38 22 allt
461 1015 116 22 befarande
592 1016 91 21 rörande
699 1016 60 21 sådan
774 1016 112 26 lägenhets
899 1015 96 22 ödesmä!

174 1044 135 26 undanröjdt,
328 1050 48 15 men
392 1044 39 21 har
445 1044 46 21 häri
511 1045 58 20 såväl
584 1044 197 26 förslagsställaren
797 1050 46 15 som
858 1044 135 27 prestestän-

175 1072 37 21 det
234 1072 101 21 förbisett
358 1079 26 14 en
400 1079 69 14 annan
493 1073 17 26 ej
527 1073 81 21 mindre
624 1073 68 26 vigtig
707 1073 165 26 omständighet,
888 1072 107 27 nämligen

175 1101 33 21 att
225 1100 163 27 periferiräerna
402 1101 63 26 kring
481 1107 25 15 en
521 1101 8 21 i
543 1101 88 22 berördt
646 1101 102 21 afseende
763 1101 76 26 inköpt
855 1101 105 26 lägenhet
975 1101 21 27 ej

175 1131 37 19 äro
228 1129 25 21 sä
268 1129 89 22 alldeles
373 1129 207 27 oomkullkasteliga,
596 1132 22 25 ty
633 1129 35 21 vid
684 1129 53 21 först
746 1129 120 27 päfallande
876 1128 119 23 storskifts-

174 1157 107 26 reglering
296 1159 38 20 äro
351 1157 26 21 de
393 1157 90 27 ändring
498 1157 165 22 underkastade.
675 1169 27 3 —
714 1159 25 20 15
755 1157 126 28 paragrafen
896 1158 7 20 i
914 1158 82 21 samma

174 1185 78 27 nädiga
266 1186 133 27 proposition
415 1186 70 27 lyder:
503 1187 57 24 ,Har
575 1186 124 27 afsöndring
712 1186 95 27 lagligen
822 1187 65 25 skett,
899 1186 35 22 mä
943 1187 52 20 den-

174 1220 81 15 samma
278 1214 18 26 ej
314 1219 76 20 genom
407 1213 231 28 storskiftesreglering
653 1214 57 22 inom
726 1214 173 27 samfälligheten
915 1215 79 21 rubbas

173 1242 80 26 vidare,
270 1245 26 18 än
313 1244 33 19 att
359 1243 133 26 rättigheten
507 1243 32 22 till
555 1243 70 26 afgäld
639 1243 48 21 från
703 1243 40 22 och
760 1243 108 21 äterlösen
883 1243 23 20 af
915 1244 41 20 den
965 1243 29 20 af-

174 1271 106 20 söndrade
296 1271 88 20 marken
399 1271 41 20 kan
456 1271 28 26 pä
499 1277 69 14 annan
583 1271 159 26 stomlägenhet
757 1271 107 26 öfvergä.*"
884 1283 19 2 —
914 1271 81 26 Hvarje

173 1297 48 22 frän
236 1298 185 26 stomlägenheten
441 1298 115 22 afsöndrad
571 1299 86 26 parcell,
675 1300 63 25 utgör
754 1305 26 16 en
794 1299 151 27 integrerande
961 1299 34 22 del

174 1326 24 21 af
210 1327 192 26 stomlägenheten,
419 1327 39 22 och
475 1326 98 28 afgälden
588 1327 54 22 frän'
651 1327 125 22 densamma
790 1328 40 21 bör
841 1328 50 21 stä
882 1322 10 37 i
904 1329 31 20 ett
945 1333 49 22 pro-

173 1355 151 28 portionerligt
342 1355 133 22 förhällande
488 1356 34 21 til
537 1357 26 20 de
579 1356 54 22 ifrän
648 1356 129 27 lägenheten
792 1357 108 26 utgäende
920 1363 75 20 onera;

174 1384 196 27 stomlägenhetens
392 1385 153 27 sjelfheständs
564 1384 152 29 äfventyrande
732 1386 61 21 torde
810 1386 18 27 ej
844 1393 50 15 vara
910 1388 33 19 att
957 1386 37 22 be-

173 1413 52 25 fara,
250 1413 38 22 då"
302 1413 75 22 sådant
392 1413 115 28 iakttages,
524 1414 129 23 åtminstone
668 1415 40 22 bör
722 1415 7 21 i
745 1415 72 28 hvarje
832 1414 36 23 fall
885 1421 25 16 en
926 1415 69 22 sådan

174 1441 71 27 afgäld
260 1443 48 21 icke
323 1443 129 27 uppskattas
467 1443 34 21 för
515 1443 56 28 lågt,
588 1444 35 27 och
639 1443 90 22 sålunda
744 1451 26 14 en
790 1445 111 26 preventiv
916 1444 78 22 under-

174 1471 90 27 sökning
280 1471 62 21 häraf
354 1478 52 15 vara
421 1471 22 21 af
457 1472 77 22 nöden.
564 1472 66 22 Afven
645 1473 40 21 har
701 1472 157 23 landtmätarne
873 1472 76 22 hittills
958 1473 35 21 vid

172 1500 163 27 tillämpningen
352 1500 23 21 af
397 1502 53 19 1864
467 1501 34 21 års
514 1500 186 28 jordafsöndrings
714 1501 126 27 förordning
853 1502 48 21 icke
916 1501 79 21 under-

172 1527 50 23 låtit
238 1530 32 20 att
285 1528 7 22 i
308 1528 38 22 sitt
360 1530 101 26 yttrande
477 1532 112 19 omnämna
604 1530 107 22 huruvida
721 1530 87 22 afraden
818 1530 33 22 till
864 1530 129 28 stomlägen-
