<?xml version="1.0" encoding="UTF-8"?>
<alto xmlns="http://www.loc.gov/standards/alto/ns-v3#" xmlns:xlink="http://www.w3.org/1999/xlink" xmlns:xsi="http://www.w3.org/2001/XMLSchema-instance" xsi:schemaLocation="http://www.loc.gov/standards/alto/ns-v3# http://www.loc.gov/alto/v3/alto-3-0.xsd">
	<Description>
		<MeasurementUnit>pixel</MeasurementUnit>
		<sourceImageInformation>
			<fileName>/tmp/tess_b5d1y39t_input.PNG</fileName>
		</sourceImageInformation>
		<OCRProcessing ID="OCR_0">
			<ocrProcessingStep>
				<processingSoftware>
					<softwareName>tesseract 5.3.4</softwareName>
				</processingSoftware>
			</ocrProcessingStep>
		</OCRProcessing>
	</Description>
	<Layout>
		<Page WIDTH="1081" HEIGHT="1723" PHYSICAL_IMG_NR="0" ID="page_0">
			<PrintSpace HPOS="0" VPOS="0" WIDTH="1081" HEIGHT="1723">
				<ComposedBlock ID="cblock_0" HPOS="419" VPOS="119" WIDTH="447" HEIGHT="23">
					<TextBlock ID="block_0" HPOS="419" VPOS="119" WIDTH="447" HEIGHT="23">
						<TextLine ID="line_0" HPOS="419" VPOS="119" WIDTH="447" HEIGHT="23">
							<String ID="string_0" HPOS="419" VPOS="122" WIDTH="40" HEIGHT="19" WC="0.96" CONTENT="Den"/><SP WIDTH="14" VPOS="122" HPOS="459"/>
							<String ID="string_1" HPOS="473" VPOS="125" WIDTH="22" HEIGHT="16" WC="0.96" CONTENT="28"/><SP WIDTH="12" VPOS="125" HPOS="495"/>
							<String ID="string_2" HPOS="507" VPOS="123" WIDTH="56" HEIGHT="19" WC="0.87" CONTENT="Mars."/><SP WIDTH="263" VPOS="123" HPOS="563"/>
							<String ID="string_3" HPOS="826" VPOS="119" WIDTH="40" HEIGHT="20" WC="0.96" CONTENT="419"/>
						</TextLine>
					</TextBlock>
				</ComposedBlock>
				<ComposedBlock ID="cblock_1" HPOS="81" VPOS="183" WIDTH="820" HEIGHT="1379">
					<TextBlock ID="block_1" HPOS="82" VPOS="183" WIDTH="819" HEIGHT="826">
						<TextLine ID="line_1" HPOS="84" VPOS="183" WIDTH="814" HEIGHT="29">
							<String ID="string_4" HPOS="84" VPOS="183" WIDTH="131" HEIGHT="22" WC="0.96" CONTENT="medicinske"/><SP WIDTH="15" VPOS="183" HPOS="215"/>
							<String ID="string_5" HPOS="230" VPOS="184" WIDTH="74" HEIGHT="21" WC="0.96" CONTENT="läkare"/><SP WIDTH="15" VPOS="184" HPOS="304"/>
							<String ID="string_6" HPOS="319" VPOS="185" WIDTH="35" HEIGHT="20" WC="0.93" CONTENT="stä"/><SP WIDTH="15" VPOS="185" HPOS="354"/>
							<String ID="string_7" HPOS="369" VPOS="184" WIDTH="161" HEIGHT="27" WC="0.92" CONTENT="lagskipningen"/><SP WIDTH="16" VPOS="184" HPOS="530"/>
							<String ID="string_8" HPOS="546" VPOS="185" WIDTH="31" HEIGHT="21" WC="0.92" CONTENT="till"/><SP WIDTH="8" VPOS="185" HPOS="577"/>
							<String ID="string_9" HPOS="585" VPOS="185" WIDTH="66" HEIGHT="27" WC="0.92" CONTENT="tjenst"/><SP WIDTH="9" VPOS="185" HPOS="651"/>
							<String ID="string_10" HPOS="660" VPOS="184" WIDTH="39" HEIGHT="21" WC="0.93" CONTENT="och"/><SP WIDTH="9" VPOS="184" HPOS="699"/>
							<String ID="string_11" HPOS="708" VPOS="184" WIDTH="103" HEIGHT="28" WC="0.93" CONTENT="derjämte"/><SP WIDTH="9" VPOS="184" HPOS="811"/>
							<String ID="string_12" HPOS="820" VPOS="183" WIDTH="78" HEIGHT="29" WC="0.92" CONTENT="syssel-"/>
						</TextLine>
						<TextLine ID="line_2" HPOS="84" VPOS="212" WIDTH="815" HEIGHT="27">
							<String ID="string_13" HPOS="84" VPOS="214" WIDTH="57" HEIGHT="19" WC="0.95" CONTENT="sätta"/><SP WIDTH="15" VPOS="214" HPOS="141"/>
							<String ID="string_14" HPOS="156" VPOS="213" WIDTH="33" HEIGHT="26" WC="0.96" CONTENT="sig"/><SP WIDTH="15" VPOS="213" HPOS="189"/>
							<String ID="string_15" HPOS="204" VPOS="212" WIDTH="49" HEIGHT="21" WC="0.96" CONTENT="med"/><SP WIDTH="15" VPOS="212" HPOS="253"/>
							<String ID="string_16" HPOS="268" VPOS="215" WIDTH="33" HEIGHT="18" WC="0.96" CONTENT="att"/><SP WIDTH="14" VPOS="215" HPOS="301"/>
							<String ID="string_17" HPOS="315" VPOS="213" WIDTH="123" HEIGHT="22" WC="0.96" CONTENT="undersöka"/><SP WIDTH="15" VPOS="213" HPOS="438"/>
							<String ID="string_18" HPOS="453" VPOS="213" WIDTH="26" HEIGHT="22" WC="0.96" CONTENT="de"/><SP WIDTH="9" VPOS="213" HPOS="479"/>
							<String ID="string_19" HPOS="488" VPOS="213" WIDTH="247" HEIGHT="26" WC="0.96" CONTENT="förhållanden"/><SP WIDTH="-97" VPOS="213" HPOS="735"/>
							<String ID="string_20" HPOS="638" VPOS="208" WIDTH="10" HEIGHT="37" WC="0.96" CONTENT="i"/><SP WIDTH="11" VPOS="208" HPOS="648"/>
							<String ID="string_21" HPOS="659" VPOS="213" WIDTH="76" HEIGHT="26" WC="0.93" CONTENT="landet,"/><SP WIDTH="9" VPOS="213" HPOS="735"/>
							<String ID="string_22" HPOS="744" VPOS="213" WIDTH="72" HEIGHT="21" WC="0.96" CONTENT="hvilka"/><SP WIDTH="10" VPOS="213" HPOS="816"/>
							<String ID="string_23" HPOS="826" VPOS="213" WIDTH="73" HEIGHT="21" WC="0.96" CONTENT="kunna"/>
						</TextLine>
						<TextLine ID="line_3" HPOS="84" VPOS="240" WIDTH="816" HEIGHT="28">
							<String ID="string_24" HPOS="84" VPOS="240" WIDTH="56" HEIGHT="27" WC="0.94" CONTENT="gifva"/><SP WIDTH="23" VPOS="240" HPOS="140"/>
							<String ID="string_25" HPOS="163" VPOS="241" WIDTH="115" HEIGHT="27" WC="0.96" CONTENT="uppkomst"/><SP WIDTH="24" VPOS="241" HPOS="278"/>
							<String ID="string_26" HPOS="302" VPOS="241" WIDTH="22" HEIGHT="22" WC="0.96" CONTENT="åt"/><SP WIDTH="21" VPOS="241" HPOS="324"/>
							<String ID="string_27" HPOS="345" VPOS="241" WIDTH="116" HEIGHT="27" WC="0.96" CONTENT="epidemier"/><SP WIDTH="22" VPOS="241" HPOS="461"/>
							<String ID="string_28" HPOS="483" VPOS="242" WIDTH="38" HEIGHT="21" WC="0.96" CONTENT="och"/><SP WIDTH="16" VPOS="242" HPOS="521"/>
							<String ID="string_29" HPOS="537" VPOS="241" WIDTH="62" HEIGHT="22" WC="0.96" CONTENT="hafva"/><SP WIDTH="18" VPOS="241" HPOS="599"/>
							<String ID="string_30" HPOS="617" VPOS="241" WIDTH="100" HEIGHT="22" WC="0.96" CONTENT="inverkan"/><SP WIDTH="15" VPOS="241" HPOS="717"/>
							<String ID="string_31" HPOS="732" VPOS="241" WIDTH="28" HEIGHT="27" WC="0.93" CONTENT="på"/><SP WIDTH="15" VPOS="241" HPOS="760"/>
							<String ID="string_32" HPOS="775" VPOS="241" WIDTH="125" HEIGHT="22" WC="0.92" CONTENT="innevånar-"/>
						</TextLine>
						<TextLine ID="line_4" HPOS="83" VPOS="269" WIDTH="817" HEIGHT="28">
							<String ID="string_33" HPOS="83" VPOS="276" WIDTH="38" HEIGHT="15" WC="0.92" CONTENT="nes"/><SP WIDTH="23" VPOS="276" HPOS="121"/>
							<String ID="string_34" HPOS="144" VPOS="269" WIDTH="167" HEIGHT="22" WC="0.90" CONTENT="helsotillstånd."/><SP WIDTH="30" VPOS="269" HPOS="311"/>
							<String ID="string_35" HPOS="341" VPOS="271" WIDTH="78" HEIGHT="20" WC="0.93" CONTENT="Kunna"/><SP WIDTH="19" VPOS="271" HPOS="419"/>
							<String ID="string_36" HPOS="438" VPOS="270" WIDTH="62" HEIGHT="21" WC="0.92" CONTENT="desse"/><SP WIDTH="23" VPOS="270" HPOS="500"/>
							<String ID="string_37" HPOS="523" VPOS="271" WIDTH="103" HEIGHT="26" WC="0.91" CONTENT="derjämte"/><SP WIDTH="19" VPOS="271" HPOS="626"/>
							<String ID="string_38" HPOS="645" VPOS="269" WIDTH="85" HEIGHT="27" WC="0.93" CONTENT="betjena"/><SP WIDTH="16" VPOS="269" HPOS="730"/>
							<String ID="string_39" HPOS="746" VPOS="270" WIDTH="40" HEIGHT="21" WC="0.96" CONTENT="den"/><SP WIDTH="17" VPOS="270" HPOS="786"/>
							<String ID="string_40" HPOS="803" VPOS="270" WIDTH="97" HEIGHT="21" WC="0.95" CONTENT="enskilde"/>
						</TextLine>
						<TextLine ID="line_5" HPOS="83" VPOS="298" WIDTH="817" HEIGHT="27">
							<String ID="string_41" HPOS="83" VPOS="298" WIDTH="34" HEIGHT="21" WC="0.96" CONTENT="vid"/><SP WIDTH="16" VPOS="298" HPOS="117"/>
							<String ID="string_42" HPOS="133" VPOS="298" WIDTH="53" HEIGHT="21" WC="0.93" CONTENT="hans"/><SP WIDTH="16" VPOS="298" HPOS="186"/>
							<String ID="string_43" HPOS="202" VPOS="298" WIDTH="113" HEIGHT="27" WC="0.92" CONTENT="sjukbädd,"/><SP WIDTH="17" VPOS="298" HPOS="315"/>
							<String ID="string_44" HPOS="332" VPOS="301" WIDTH="23" HEIGHT="18" WC="0.96" CONTENT="är"/><SP WIDTH="16" VPOS="301" HPOS="355"/>
							<String ID="string_45" HPOS="371" VPOS="299" WIDTH="36" HEIGHT="20" WC="0.96" CONTENT="det"/><SP WIDTH="15" VPOS="299" HPOS="407"/>
							<String ID="string_46" HPOS="422" VPOS="298" WIDTH="60" HEIGHT="21" WC="0.96" CONTENT="äfven"/><SP WIDTH="17" VPOS="298" HPOS="482"/>
							<String ID="string_47" HPOS="499" VPOS="305" WIDTH="25" HEIGHT="15" WC="0.93" CONTENT="en"/><SP WIDTH="15" VPOS="305" HPOS="524"/>
							<String ID="string_48" HPOS="539" VPOS="299" WIDTH="66" HEIGHT="26" WC="0.91" CONTENT="vigtig"/><SP WIDTH="16" VPOS="299" HPOS="605"/>
							<String ID="string_49" HPOS="621" VPOS="299" WIDTH="47" HEIGHT="26" WC="0.96" CONTENT="sak;"/><SP WIDTH="15" VPOS="299" HPOS="668"/>
							<String ID="string_50" HPOS="683" VPOS="304" WIDTH="47" HEIGHT="15" WC="0.96" CONTENT="men"/><SP WIDTH="16" VPOS="304" HPOS="730"/>
							<String ID="string_51" HPOS="746" VPOS="298" WIDTH="28" HEIGHT="21" WC="0.96" CONTENT="då"/><SP WIDTH="15" VPOS="298" HPOS="774"/>
							<String ID="string_52" HPOS="789" VPOS="300" WIDTH="67" HEIGHT="20" WC="0.96" CONTENT="staten"/><SP WIDTH="11" VPOS="300" HPOS="856"/>
							<String ID="string_53" HPOS="867" VPOS="299" WIDTH="33" HEIGHT="21" WC="0.96" CONTENT="för"/>
						</TextLine>
						<TextLine ID="line_6" HPOS="84" VPOS="326" WIDTH="814" HEIGHT="28">
							<String ID="string_54" HPOS="84" VPOS="328" WIDTH="32" HEIGHT="19" WC="0.92" CONTENT="att"/><SP WIDTH="23" VPOS="328" HPOS="116"/>
							<String ID="string_55" HPOS="139" VPOS="326" WIDTH="71" HEIGHT="27" WC="0.92" CONTENT="hjelpa"/><SP WIDTH="23" VPOS="326" HPOS="210"/>
							<String ID="string_56" HPOS="233" VPOS="327" WIDTH="97" HEIGHT="20" WC="0.96" CONTENT="enskilda"/><SP WIDTH="22" VPOS="327" HPOS="330"/>
							<String ID="string_57" HPOS="352" VPOS="327" WIDTH="104" HEIGHT="22" WC="0.95" CONTENT="individer"/><SP WIDTH="19" VPOS="327" HPOS="456"/>
							<String ID="string_58" HPOS="475" VPOS="327" WIDTH="6" HEIGHT="21" WC="0.96" CONTENT="i"/><SP WIDTH="24" VPOS="327" HPOS="481"/>
							<String ID="string_59" HPOS="505" VPOS="327" WIDTH="61" HEIGHT="22" WC="0.96" CONTENT="deras"/><SP WIDTH="20" VPOS="327" HPOS="566"/>
							<String ID="string_60" HPOS="586" VPOS="327" WIDTH="99" HEIGHT="27" WC="0.96" CONTENT="sjukvård"/><SP WIDTH="16" VPOS="327" HPOS="685"/>
							<String ID="string_61" HPOS="701" VPOS="327" WIDTH="103" HEIGHT="21" WC="0.96" CONTENT="anställer"/><SP WIDTH="15" VPOS="327" HPOS="804"/>
							<String ID="string_62" HPOS="819" VPOS="327" WIDTH="79" HEIGHT="27" WC="0.96" CONTENT="läkare,"/>
						</TextLine>
						<TextLine ID="line_7" HPOS="84" VPOS="355" WIDTH="815" HEIGHT="28">
							<String ID="string_63" HPOS="84" VPOS="357" WIDTH="44" HEIGHT="19" WC="0.96" CONTENT="tror"/><SP WIDTH="13" VPOS="357" HPOS="128"/>
							<String ID="string_64" HPOS="141" VPOS="355" WIDTH="37" HEIGHT="27" WC="0.96" CONTENT="jag"/><SP WIDTH="16" VPOS="355" HPOS="178"/>
							<String ID="string_65" HPOS="194" VPOS="356" WIDTH="40" HEIGHT="21" WC="0.96" CONTENT="den"/><SP WIDTH="16" VPOS="356" HPOS="234"/>
							<String ID="string_66" HPOS="250" VPOS="355" WIDTH="55" HEIGHT="21" WC="0.96" CONTENT="låter"/><SP WIDTH="15" VPOS="355" HPOS="305"/>
							<String ID="string_67" HPOS="320" VPOS="356" WIDTH="42" HEIGHT="21" WC="0.96" CONTENT="nåd"/><SP WIDTH="15" VPOS="356" HPOS="362"/>
							<String ID="string_68" HPOS="377" VPOS="355" WIDTH="28" HEIGHT="27" WC="0.96" CONTENT="gå"/><SP WIDTH="13" VPOS="355" HPOS="405"/>
							<String ID="string_69" HPOS="418" VPOS="355" WIDTH="33" HEIGHT="22" WC="0.96" CONTENT="för"/><SP WIDTH="15" VPOS="355" HPOS="451"/>
							<String ID="string_70" HPOS="466" VPOS="357" WIDTH="49" HEIGHT="20" WC="0.96" CONTENT="rätt."/><SP WIDTH="16" VPOS="357" HPOS="515"/>
							<String ID="string_71" HPOS="531" VPOS="356" WIDTH="43" HEIGHT="21" WC="0.96" CONTENT="Det"/><SP WIDTH="15" VPOS="356" HPOS="574"/>
							<String ID="string_72" HPOS="589" VPOS="358" WIDTH="30" HEIGHT="23" WC="0.96" CONTENT="är,"/><SP WIDTH="16" VPOS="358" HPOS="619"/>
							<String ID="string_73" HPOS="635" VPOS="355" WIDTH="70" HEIGHT="22" WC="0.96" CONTENT="skulle"/><SP WIDTH="12" VPOS="355" HPOS="705"/>
							<String ID="string_74" HPOS="717" VPOS="355" WIDTH="38" HEIGHT="28" WC="0.96" CONTENT="jag"/><SP WIDTH="15" VPOS="355" HPOS="755"/>
							<String ID="string_75" HPOS="770" VPOS="362" WIDTH="58" HEIGHT="20" WC="0.93" CONTENT="anse,"/><SP WIDTH="12" VPOS="362" HPOS="828"/>
							<String ID="string_76" HPOS="840" VPOS="362" WIDTH="59" HEIGHT="15" WC="0.92" CONTENT="orsa-"/>
						</TextLine>
						<TextLine ID="line_8" HPOS="82" VPOS="383" WIDTH="816" HEIGHT="28">
							<String ID="string_77" HPOS="82" VPOS="384" WIDTH="41" HEIGHT="20" WC="0.96" CONTENT="ken"/><SP WIDTH="24" VPOS="384" HPOS="123"/>
							<String ID="string_78" HPOS="147" VPOS="383" WIDTH="85" HEIGHT="22" WC="0.93" CONTENT="hvarför"/><SP WIDTH="22" VPOS="383" HPOS="232"/>
							<String ID="string_79" HPOS="254" VPOS="384" WIDTH="203" HEIGHT="22" WC="0.92" CONTENT="Rovaniemibornas"/><SP WIDTH="26" VPOS="384" HPOS="457"/>
							<String ID="string_80" HPOS="483" VPOS="384" WIDTH="91" HEIGHT="27" WC="0.96" CONTENT="petition"/><SP WIDTH="21" VPOS="384" HPOS="574"/>
							<String ID="string_81" HPOS="595" VPOS="385" WIDTH="48" HEIGHT="21" WC="0.96" CONTENT="icke"/><SP WIDTH="22" VPOS="385" HPOS="643"/>
							<String ID="string_82" HPOS="665" VPOS="385" WIDTH="74" HEIGHT="21" WC="0.96" CONTENT="vunnit"/><SP WIDTH="22" VPOS="385" HPOS="739"/>
							<String ID="string_83" HPOS="761" VPOS="384" WIDTH="65" HEIGHT="22" WC="0.94" CONTENT="bifall:"/><SP WIDTH="38" VPOS="384" HPOS="826"/>
							<String ID="string_84" HPOS="864" VPOS="385" WIDTH="34" HEIGHT="21" WC="0.95" CONTENT="Då"/>
						</TextLine>
						<TextLine ID="line_9" HPOS="84" VPOS="412" WIDTH="814" HEIGHT="29">
							<String ID="string_85" HPOS="84" VPOS="412" WIDTH="217" HEIGHT="28" WC="0.91" CONTENT="medicinalstyrelsen"/><SP WIDTH="17" VPOS="412" HPOS="301"/>
							<String ID="string_86" HPOS="318" VPOS="413" WIDTH="55" HEIGHT="21" WC="0.96" CONTENT="dock"/><SP WIDTH="14" VPOS="413" HPOS="373"/>
							<String ID="string_87" HPOS="387" VPOS="420" WIDTH="26" HEIGHT="14" WC="0.96" CONTENT="ur"/><SP WIDTH="14" VPOS="420" HPOS="413"/>
							<String ID="string_88" HPOS="427" VPOS="413" WIDTH="118" HEIGHT="22" WC="0.96" CONTENT="medicinsk"/><SP WIDTH="16" VPOS="413" HPOS="545"/>
							<String ID="string_89" HPOS="561" VPOS="413" WIDTH="107" HEIGHT="28" WC="0.96" CONTENT="synpunkt"/><SP WIDTH="15" VPOS="413" HPOS="668"/>
							<String ID="string_90" HPOS="683" VPOS="413" WIDTH="102" HEIGHT="27" WC="0.93" CONTENT="tillstyrkt"/><SP WIDTH="10" VPOS="413" HPOS="785"/>
							<String ID="string_91" HPOS="795" VPOS="413" WIDTH="103" HEIGHT="22" WC="0.91" CONTENT="inrättan-"/>
						</TextLine>
						<TextLine ID="line_10" HPOS="84" VPOS="441" WIDTH="815" HEIGHT="27">
							<String ID="string_92" HPOS="84" VPOS="441" WIDTH="37" HEIGHT="21" WC="0.96" CONTENT="det"/><SP WIDTH="15" VPOS="441" HPOS="121"/>
							<String ID="string_93" HPOS="136" VPOS="441" WIDTH="22" HEIGHT="22" WC="0.96" CONTENT="af"/><SP WIDTH="14" VPOS="441" HPOS="158"/>
							<String ID="string_94" HPOS="172" VPOS="443" WIDTH="32" HEIGHT="20" WC="0.96" CONTENT="ett"/><SP WIDTH="15" VPOS="443" HPOS="204"/>
							<String ID="string_95" HPOS="219" VPOS="441" WIDTH="102" HEIGHT="22" WC="0.93" CONTENT="särskildt"/><SP WIDTH="17" VPOS="441" HPOS="321"/>
							<String ID="string_96" HPOS="338" VPOS="442" WIDTH="277" HEIGHT="26" WC="0.91" CONTENT="provincialläkaredistrikt"/><SP WIDTH="14" VPOS="442" HPOS="615"/>
							<String ID="string_97" HPOS="629" VPOS="443" WIDTH="48" HEIGHT="21" WC="0.91" CONTENT="med"/><SP WIDTH="15" VPOS="443" HPOS="677"/>
							<String ID="string_98" HPOS="692" VPOS="443" WIDTH="128" HEIGHT="20" WC="0.91" CONTENT="stationsort"/><SP WIDTH="14" VPOS="443" HPOS="820"/>
							<String ID="string_99" HPOS="834" VPOS="442" WIDTH="7" HEIGHT="21" WC="0.93" CONTENT="i"/><SP WIDTH="15" VPOS="442" HPOS="841"/>
							<String ID="string_100" HPOS="856" VPOS="443" WIDTH="43" HEIGHT="20" WC="0.90" CONTENT="Ro-"/>
						</TextLine>
						<TextLine ID="line_11" HPOS="82" VPOS="470" WIDTH="816" HEIGHT="27">
							<String ID="string_101" HPOS="82" VPOS="470" WIDTH="97" HEIGHT="25" WC="0.91" CONTENT="vaniemi,"/><SP WIDTH="24" VPOS="470" HPOS="179"/>
							<String ID="string_102" HPOS="203" VPOS="471" WIDTH="69" HEIGHT="21" WC="0.96" CONTENT="skulle"/><SP WIDTH="20" VPOS="471" HPOS="272"/>
							<String ID="string_103" HPOS="292" VPOS="470" WIDTH="37" HEIGHT="27" WC="0.96" CONTENT="jag"/><SP WIDTH="22" VPOS="470" HPOS="329"/>
							<String ID="string_104" HPOS="351" VPOS="470" WIDTH="32" HEIGHT="21" WC="0.96" CONTENT="för"/><SP WIDTH="26" VPOS="470" HPOS="383"/>
							<String ID="string_105" HPOS="409" VPOS="471" WIDTH="42" HEIGHT="21" WC="0.95" CONTENT="min"/><SP WIDTH="24" VPOS="471" HPOS="451"/>
							<String ID="string_106" HPOS="475" VPOS="471" WIDTH="33" HEIGHT="21" WC="0.95" CONTENT="del"/><SP WIDTH="23" VPOS="471" HPOS="508"/>
							<String ID="string_107" HPOS="531" VPOS="477" WIDTH="51" HEIGHT="15" WC="0.95" CONTENT="anse"/><SP WIDTH="23" VPOS="477" HPOS="582"/>
							<String ID="string_108" HPOS="605" VPOS="471" WIDTH="36" HEIGHT="22" WC="0.96" CONTENT="det"/><SP WIDTH="22" VPOS="471" HPOS="641"/>
							<String ID="string_109" HPOS="663" VPOS="477" WIDTH="51" HEIGHT="15" WC="0.96" CONTENT="vara"/><SP WIDTH="22" VPOS="477" HPOS="714"/>
							<String ID="string_110" HPOS="736" VPOS="471" WIDTH="40" HEIGHT="26" WC="0.96" CONTENT="väl,"/><SP WIDTH="24" VPOS="471" HPOS="776"/>
							<String ID="string_111" HPOS="800" VPOS="477" WIDTH="34" HEIGHT="15" WC="0.91" CONTENT="om"/><SP WIDTH="18" VPOS="477" HPOS="834"/>
							<String ID="string_112" HPOS="852" VPOS="471" WIDTH="46" HEIGHT="21" WC="0.88" CONTENT="lan-"/>
						</TextLine>
						<TextLine ID="line_12" HPOS="85" VPOS="499" WIDTH="816" HEIGHT="27">
							<String ID="string_113" HPOS="85" VPOS="499" WIDTH="47" HEIGHT="21" WC="0.96" CONTENT="dets"/><SP WIDTH="17" VPOS="499" HPOS="132"/>
							<String ID="string_114" HPOS="149" VPOS="499" WIDTH="113" HEIGHT="27" WC="0.94" CONTENT="tillgångar"/><SP WIDTH="16" VPOS="499" HPOS="262"/>
							<String ID="string_115" HPOS="278" VPOS="499" WIDTH="69" HEIGHT="21" WC="0.93" CONTENT="skulle"/><SP WIDTH="16" VPOS="499" HPOS="347"/>
							<String ID="string_116" HPOS="363" VPOS="499" WIDTH="106" HEIGHT="26" WC="0.92" CONTENT="medgifva"/><SP WIDTH="14" VPOS="499" HPOS="469"/>
							<String ID="string_117" HPOS="483" VPOS="499" WIDTH="132" HEIGHT="22" WC="0.96" CONTENT="inrättandet"/><SP WIDTH="12" VPOS="499" HPOS="615"/>
							<String ID="string_118" HPOS="627" VPOS="499" WIDTH="23" HEIGHT="22" WC="0.96" CONTENT="af"/><SP WIDTH="14" VPOS="499" HPOS="650"/>
							<String ID="string_119" HPOS="664" VPOS="502" WIDTH="31" HEIGHT="19" WC="0.96" CONTENT="ett"/><SP WIDTH="8" VPOS="502" HPOS="695"/>
							<String ID="string_120" HPOS="703" VPOS="499" WIDTH="102" HEIGHT="22" WC="0.96" CONTENT="särskildt"/><SP WIDTH="8" VPOS="499" HPOS="805"/>
							<String ID="string_121" HPOS="813" VPOS="499" WIDTH="88" HEIGHT="22" WC="0.96" CONTENT="distrikt"/>
						</TextLine>
						<TextLine ID="line_13" HPOS="84" VPOS="527" WIDTH="816" HEIGHT="28">
							<String ID="string_122" HPOS="84" VPOS="528" WIDTH="48" HEIGHT="21" WC="0.93" CONTENT="med"/><SP WIDTH="16" VPOS="528" HPOS="132"/>
							<String ID="string_123" HPOS="148" VPOS="529" WIDTH="128" HEIGHT="20" WC="0.91" CONTENT="stationsort"/><SP WIDTH="15" VPOS="529" HPOS="276"/>
							<String ID="string_124" HPOS="291" VPOS="527" WIDTH="6" HEIGHT="22" WC="0.96" CONTENT="i"/><SP WIDTH="16" VPOS="527" HPOS="297"/>
							<String ID="string_125" HPOS="313" VPOS="528" WIDTH="129" HEIGHT="21" WC="0.95" CONTENT="Rovaniemi."/><SP WIDTH="30" VPOS="528" HPOS="442"/>
							<String ID="string_126" HPOS="472" VPOS="529" WIDTH="62" HEIGHT="21" WC="0.95" CONTENT="Hvad"/><SP WIDTH="15" VPOS="529" HPOS="534"/>
							<String ID="string_127" HPOS="549" VPOS="528" WIDTH="102" HEIGHT="21" WC="0.95" CONTENT="särskildt"/><SP WIDTH="14" VPOS="528" HPOS="651"/>
							<String ID="string_128" HPOS="665" VPOS="528" WIDTH="126" HEIGHT="27" WC="0.96" CONTENT="Pudasjärvi"/><SP WIDTH="16" VPOS="528" HPOS="791"/>
							<String ID="string_129" HPOS="807" VPOS="528" WIDTH="39" HEIGHT="21" WC="0.93" CONTENT="och"/><SP WIDTH="17" VPOS="528" HPOS="846"/>
							<String ID="string_130" HPOS="863" VPOS="529" WIDTH="37" HEIGHT="20" WC="0.92" CONTENT="Jo-"/>
						</TextLine>
						<TextLine ID="line_14" HPOS="84" VPOS="556" WIDTH="816" HEIGHT="28">
							<String ID="string_131" HPOS="84" VPOS="556" WIDTH="75" HEIGHT="27" WC="0.91" CONTENT="kijärvi"/><SP WIDTH="16" VPOS="556" HPOS="159"/>
							<String ID="string_132" HPOS="175" VPOS="557" WIDTH="137" HEIGHT="26" WC="0.89" CONTENT="vidkommer,"/><SP WIDTH="16" VPOS="557" HPOS="312"/>
							<String ID="string_133" HPOS="328" VPOS="557" WIDTH="87" HEIGHT="26" WC="0.96" CONTENT="medger"/><SP WIDTH="12" VPOS="557" HPOS="415"/>
							<String ID="string_134" HPOS="427" VPOS="557" WIDTH="38" HEIGHT="27" WC="0.96" CONTENT="jag"/><SP WIDTH="14" VPOS="557" HPOS="465"/>
							<String ID="string_135" HPOS="479" VPOS="558" WIDTH="53" HEIGHT="21" WC="0.96" CONTENT="visst"/><SP WIDTH="15" VPOS="558" HPOS="532"/>
							<String ID="string_136" HPOS="547" VPOS="559" WIDTH="32" HEIGHT="19" WC="0.96" CONTENT="att"/><SP WIDTH="15" VPOS="559" HPOS="579"/>
							<String ID="string_137" HPOS="594" VPOS="557" WIDTH="89" HEIGHT="27" WC="0.96" CONTENT="tillgång"/><SP WIDTH="16" VPOS="557" HPOS="683"/>
							<String ID="string_138" HPOS="699" VPOS="557" WIDTH="30" HEIGHT="21" WC="0.96" CONTENT="till"/><SP WIDTH="14" VPOS="557" HPOS="729"/>
							<String ID="string_139" HPOS="743" VPOS="557" WIDTH="74" HEIGHT="21" WC="0.96" CONTENT="läkare"/><SP WIDTH="18" VPOS="557" HPOS="817"/>
							<String ID="string_140" HPOS="835" VPOS="557" WIDTH="6" HEIGHT="21" WC="0.96" CONTENT="i"/><SP WIDTH="11" VPOS="557" HPOS="841"/>
							<String ID="string_141" HPOS="852" VPOS="557" WIDTH="48" HEIGHT="21" WC="0.96" CONTENT="dem"/>
						</TextLine>
						<TextLine ID="line_15" HPOS="84" VPOS="585" WIDTH="816" HEIGHT="28">
							<String ID="string_142" HPOS="84" VPOS="585" WIDTH="42" HEIGHT="20" WC="0.96" CONTENT="kan"/><SP WIDTH="22" VPOS="585" HPOS="126"/>
							<String ID="string_143" HPOS="148" VPOS="591" WIDTH="52" HEIGHT="15" WC="0.96" CONTENT="vara"/><SP WIDTH="15" VPOS="591" HPOS="200"/>
							<String ID="string_144" HPOS="215" VPOS="585" WIDTH="53" HEIGHT="26" WC="0.95" CONTENT="svår,"/><SP WIDTH="18" VPOS="585" HPOS="268"/>
							<String ID="string_145" HPOS="286" VPOS="591" WIDTH="46" HEIGHT="16" WC="0.96" CONTENT="men"/><SP WIDTH="21" VPOS="591" HPOS="332"/>
							<String ID="string_146" HPOS="353" VPOS="587" WIDTH="45" HEIGHT="19" WC="0.96" CONTENT="tror"/><SP WIDTH="16" VPOS="587" HPOS="398"/>
							<String ID="string_147" HPOS="414" VPOS="586" WIDTH="54" HEIGHT="21" WC="0.97" CONTENT="dock"/><SP WIDTH="16" VPOS="586" HPOS="468"/>
							<String ID="string_148" HPOS="484" VPOS="588" WIDTH="32" HEIGHT="19" WC="0.96" CONTENT="att"/><SP WIDTH="15" VPOS="588" HPOS="516"/>
							<String ID="string_149" HPOS="531" VPOS="585" WIDTH="63" HEIGHT="22" WC="0.93" CONTENT="dessa"/><SP WIDTH="16" VPOS="585" HPOS="594"/>
							<String ID="string_150" HPOS="610" VPOS="585" WIDTH="135" HEIGHT="28" WC="0.92" CONTENT="ouppodlade"/><SP WIDTH="16" VPOS="585" HPOS="745"/>
							<String ID="string_151" HPOS="761" VPOS="585" WIDTH="40" HEIGHT="22" WC="0.97" CONTENT="och"/><SP WIDTH="16" VPOS="585" HPOS="801"/>
							<String ID="string_152" HPOS="817" VPOS="586" WIDTH="83" HEIGHT="26" WC="0.96" CONTENT="ödsliga"/>
						</TextLine>
						<TextLine ID="line_16" HPOS="84" VPOS="613" WIDTH="816" HEIGHT="23">
							<String ID="string_153" HPOS="84" VPOS="613" WIDTH="82" HEIGHT="21" WC="0.96" CONTENT="trakter"/><SP WIDTH="21" VPOS="613" HPOS="166"/>
							<String ID="string_154" HPOS="187" VPOS="614" WIDTH="48" HEIGHT="21" WC="0.96" CONTENT="icke"/><SP WIDTH="15" VPOS="614" HPOS="235"/>
							<String ID="string_155" HPOS="250" VPOS="614" WIDTH="48" HEIGHT="21" WC="0.96" CONTENT="med"/><SP WIDTH="21" VPOS="614" HPOS="298"/>
							<String ID="string_156" HPOS="319" VPOS="614" WIDTH="46" HEIGHT="21" WC="0.96" CONTENT="skäl"/><SP WIDTH="16" VPOS="614" HPOS="365"/>
							<String ID="string_157" HPOS="381" VPOS="614" WIDTH="65" HEIGHT="21" WC="0.96" CONTENT="borde"/><SP WIDTH="17" VPOS="614" HPOS="446"/>
							<String ID="string_158" HPOS="463" VPOS="615" WIDTH="92" HEIGHT="20" WC="0.96" CONTENT="utbildas"/><SP WIDTH="15" VPOS="615" HPOS="555"/>
							<String ID="string_159" HPOS="570" VPOS="614" WIDTH="32" HEIGHT="21" WC="0.96" CONTENT="till"/><SP WIDTH="17" VPOS="614" HPOS="602"/>
							<String ID="string_160" HPOS="619" VPOS="614" WIDTH="101" HEIGHT="21" WC="0.96" CONTENT="särskildt"/><SP WIDTH="15" VPOS="614" HPOS="720"/>
							<String ID="string_161" HPOS="735" VPOS="614" WIDTH="92" HEIGHT="21" WC="0.96" CONTENT="distrikt."/><SP WIDTH="31" VPOS="614" HPOS="827"/>
							<String ID="string_162" HPOS="858" VPOS="614" WIDTH="42" HEIGHT="22" WC="0.96" CONTENT="För"/>
						</TextLine>
						<TextLine ID="line_17" HPOS="84" VPOS="642" WIDTH="814" HEIGHT="27">
							<String ID="string_163" HPOS="84" VPOS="642" WIDTH="219" HEIGHT="27" WC="0.90" CONTENT="medicinalstyrelsen"/><SP WIDTH="15" VPOS="642" HPOS="303"/>
							<String ID="string_164" HPOS="318" VPOS="642" WIDTH="128" HEIGHT="21" WC="0.96" CONTENT="framställer"/><SP WIDTH="15" VPOS="642" HPOS="446"/>
							<String ID="string_165" HPOS="461" VPOS="643" WIDTH="34" HEIGHT="26" WC="0.96" CONTENT="sig"/><SP WIDTH="15" VPOS="643" HPOS="495"/>
							<String ID="string_166" HPOS="510" VPOS="643" WIDTH="127" HEIGHT="21" WC="0.96" CONTENT="åtminstone"/><SP WIDTH="16" VPOS="643" HPOS="637"/>
							<String ID="string_167" HPOS="653" VPOS="649" WIDTH="25" HEIGHT="15" WC="0.96" CONTENT="en"/><SP WIDTH="11" VPOS="649" HPOS="678"/>
							<String ID="string_168" HPOS="689" VPOS="649" WIDTH="69" HEIGHT="15" WC="0.96" CONTENT="annan"/><SP WIDTH="11" VPOS="649" HPOS="758"/>
							<String ID="string_169" HPOS="769" VPOS="643" WIDTH="67" HEIGHT="26" WC="0.96" CONTENT="fråga."/><SP WIDTH="16" VPOS="643" HPOS="836"/>
							<String ID="string_170" HPOS="852" VPOS="643" WIDTH="46" HEIGHT="21" WC="0.96" CONTENT="Den"/>
						</TextLine>
						<TextLine ID="line_18" HPOS="85" VPOS="671" WIDTH="814" HEIGHT="27">
							<String ID="string_171" HPOS="85" VPOS="673" WIDTH="23" HEIGHT="18" WC="0.95" CONTENT="är"/><SP WIDTH="21" VPOS="673" HPOS="108"/>
							<String ID="string_172" HPOS="129" VPOS="671" WIDTH="84" HEIGHT="26" WC="0.96" CONTENT="skyldig"/><SP WIDTH="23" VPOS="671" HPOS="213"/>
							<String ID="string_173" HPOS="236" VPOS="673" WIDTH="32" HEIGHT="18" WC="0.96" CONTENT="att"/><SP WIDTH="15" VPOS="673" HPOS="268"/>
							<String ID="string_174" HPOS="283" VPOS="671" WIDTH="47" HEIGHT="21" WC="0.96" CONTENT="icke"/><SP WIDTH="19" VPOS="671" HPOS="330"/>
							<String ID="string_175" HPOS="349" VPOS="671" WIDTH="56" HEIGHT="21" WC="0.96" CONTENT="blott"/><SP WIDTH="15" VPOS="671" HPOS="405"/>
							<String ID="string_176" HPOS="420" VPOS="671" WIDTH="65" HEIGHT="21" WC="0.96" CONTENT="tänka"/><SP WIDTH="15" VPOS="671" HPOS="485"/>
							<String ID="string_177" HPOS="500" VPOS="671" WIDTH="28" HEIGHT="27" WC="0.97" CONTENT="på"/><SP WIDTH="15" VPOS="671" HPOS="528"/>
							<String ID="string_178" HPOS="543" VPOS="672" WIDTH="69" HEIGHT="21" WC="0.96" CONTENT="denna"/><SP WIDTH="15" VPOS="672" HPOS="612"/>
							<String ID="string_179" HPOS="627" VPOS="671" WIDTH="127" HEIGHT="27" WC="0.96" CONTENT="befolkning,"/><SP WIDTH="16" VPOS="671" HPOS="754"/>
							<String ID="string_180" HPOS="770" VPOS="675" WIDTH="52" HEIGHT="18" WC="0.96" CONTENT="utan"/><SP WIDTH="16" VPOS="675" HPOS="822"/>
							<String ID="string_181" HPOS="838" VPOS="671" WIDTH="61" HEIGHT="21" WC="0.96" CONTENT="äfven"/>
						</TextLine>
						<TextLine ID="line_19" HPOS="84" VPOS="699" WIDTH="814" HEIGHT="28">
							<String ID="string_182" HPOS="84" VPOS="699" WIDTH="28" HEIGHT="28" WC="0.96" CONTENT="på"/><SP WIDTH="16" VPOS="699" HPOS="112"/>
							<String ID="string_183" HPOS="128" VPOS="699" WIDTH="26" HEIGHT="22" WC="0.96" CONTENT="de"/><SP WIDTH="16" VPOS="699" HPOS="154"/>
							<String ID="string_184" HPOS="170" VPOS="705" WIDTH="58" HEIGHT="15" WC="0.96" CONTENT="arma"/><SP WIDTH="19" VPOS="705" HPOS="228"/>
							<String ID="string_185" HPOS="247" VPOS="699" WIDTH="74" HEIGHT="22" WC="0.96" CONTENT="läkare"/><SP WIDTH="20" VPOS="699" HPOS="321"/>
							<String ID="string_186" HPOS="341" VPOS="705" WIDTH="46" HEIGHT="16" WC="0.93" CONTENT="som"/><SP WIDTH="15" VPOS="705" HPOS="387"/>
							<String ID="string_187" HPOS="402" VPOS="699" WIDTH="69" HEIGHT="22" WC="0.91" CONTENT="blefve"/><SP WIDTH="16" VPOS="699" HPOS="471"/>
							<String ID="string_188" HPOS="487" VPOS="700" WIDTH="38" HEIGHT="21" WC="0.96" CONTENT="der"/><SP WIDTH="15" VPOS="700" HPOS="525"/>
							<String ID="string_189" HPOS="540" VPOS="700" WIDTH="152" HEIGHT="22" WC="0.94" CONTENT="stationerade."/><SP WIDTH="31" VPOS="700" HPOS="692"/>
							<String ID="string_190" HPOS="723" VPOS="700" WIDTH="43" HEIGHT="21" WC="0.96" CONTENT="Der"/><SP WIDTH="14" VPOS="700" HPOS="766"/>
							<String ID="string_191" HPOS="780" VPOS="700" WIDTH="68" HEIGHT="21" WC="0.96" CONTENT="finnes"/><SP WIDTH="16" VPOS="700" HPOS="848"/>
							<String ID="string_192" HPOS="864" VPOS="700" WIDTH="34" HEIGHT="21" WC="0.96" CONTENT="väl"/>
						</TextLine>
						<TextLine ID="line_20" HPOS="83" VPOS="728" WIDTH="815" HEIGHT="27">
							<String ID="string_193" HPOS="83" VPOS="729" WIDTH="60" HEIGHT="26" WC="0.92" CONTENT="prest"/><SP WIDTH="22" VPOS="729" HPOS="143"/>
							<String ID="string_194" HPOS="165" VPOS="728" WIDTH="41" HEIGHT="21" WC="0.96" CONTENT="och"/><SP WIDTH="22" VPOS="728" HPOS="206"/>
							<String ID="string_195" HPOS="228" VPOS="729" WIDTH="93" HEIGHT="26" WC="0.96" CONTENT="domare,"/><SP WIDTH="23" VPOS="729" HPOS="321"/>
							<String ID="string_196" HPOS="344" VPOS="734" WIDTH="48" HEIGHT="16" WC="0.96" CONTENT="men"/><SP WIDTH="19" VPOS="734" HPOS="392"/>
							<String ID="string_197" HPOS="411" VPOS="729" WIDTH="26" HEIGHT="20" WC="0.96" CONTENT="de"/><SP WIDTH="15" VPOS="729" HPOS="437"/>
							<String ID="string_198" HPOS="452" VPOS="729" WIDTH="62" HEIGHT="21" WC="0.96" CONTENT="hafva"/><SP WIDTH="15" VPOS="729" HPOS="514"/>
							<String ID="string_199" HPOS="529" VPOS="729" WIDTH="33" HEIGHT="21" WC="0.96" CONTENT="sin"/><SP WIDTH="15" VPOS="729" HPOS="562"/>
							<String ID="string_200" HPOS="577" VPOS="729" WIDTH="62" HEIGHT="26" WC="0.96" CONTENT="bibel,"/><SP WIDTH="18" VPOS="729" HPOS="639"/>
							<String ID="string_201" HPOS="657" VPOS="729" WIDTH="32" HEIGHT="21" WC="0.96" CONTENT="sin"/><SP WIDTH="15" VPOS="729" HPOS="689"/>
							<String ID="string_202" HPOS="704" VPOS="729" WIDTH="89" HEIGHT="22" WC="0.96" CONTENT="katekes"/><SP WIDTH="17" VPOS="729" HPOS="793"/>
							<String ID="string_203" HPOS="810" VPOS="729" WIDTH="40" HEIGHT="22" WC="0.95" CONTENT="och"/><SP WIDTH="15" VPOS="729" HPOS="850"/>
							<String ID="string_204" HPOS="865" VPOS="729" WIDTH="33" HEIGHT="21" WC="0.95" CONTENT="sin"/>
						</TextLine>
						<TextLine ID="line_21" HPOS="83" VPOS="757" WIDTH="815" HEIGHT="28">
							<String ID="string_205" HPOS="83" VPOS="757" WIDTH="85" HEIGHT="26" WC="0.96" CONTENT="lagbok,"/><SP WIDTH="16" VPOS="757" HPOS="168"/>
							<String ID="string_206" HPOS="184" VPOS="758" WIDTH="40" HEIGHT="20" WC="0.96" CONTENT="och"/><SP WIDTH="16" VPOS="758" HPOS="224"/>
							<String ID="string_207" HPOS="240" VPOS="757" WIDTH="64" HEIGHT="22" WC="0.96" CONTENT="dessa"/><SP WIDTH="14" VPOS="757" HPOS="304"/>
							<String ID="string_208" HPOS="318" VPOS="757" WIDTH="111" HEIGHT="22" WC="0.96" CONTENT="förändras"/><SP WIDTH="16" VPOS="757" HPOS="429"/>
							<String ID="string_209" HPOS="445" VPOS="757" WIDTH="52" HEIGHT="27" WC="0.96" CONTENT="icke,"/><SP WIDTH="12" VPOS="757" HPOS="497"/>
							<String ID="string_210" HPOS="509" VPOS="764" WIDTH="48" HEIGHT="15" WC="0.93" CONTENT="men"/><SP WIDTH="8" VPOS="764" HPOS="557"/>
							<String ID="string_211" HPOS="565" VPOS="758" WIDTH="219" HEIGHT="27" WC="0.91" CONTENT="läkarevetenskapen"/><SP WIDTH="8" VPOS="758" HPOS="784"/>
							<String ID="string_212" HPOS="792" VPOS="760" WIDTH="19" HEIGHT="20" WC="0.96" CONTENT="är"/><SP WIDTH="13" VPOS="760" HPOS="811"/>
							<String ID="string_213" HPOS="824" VPOS="758" WIDTH="6" HEIGHT="21" WC="0.92" CONTENT="i"/><SP WIDTH="10" VPOS="758" HPOS="830"/>
							<String ID="string_214" HPOS="840" VPOS="760" WIDTH="58" HEIGHT="19" WC="0.92" CONTENT="stän-"/>
						</TextLine>
						<TextLine ID="line_22" HPOS="85" VPOS="786" WIDTH="813" HEIGHT="28">
							<String ID="string_215" HPOS="85" VPOS="786" WIDTH="35" HEIGHT="27" WC="0.96" CONTENT="dig"/><SP WIDTH="15" VPOS="786" HPOS="120"/>
							<String ID="string_216" HPOS="135" VPOS="786" WIDTH="132" HEIGHT="26" WC="0.96" CONTENT="utveckling;"/><SP WIDTH="22" VPOS="786" HPOS="267"/>
							<String ID="string_217" HPOS="289" VPOS="786" WIDTH="40" HEIGHT="22" WC="0.96" CONTENT="den"/><SP WIDTH="20" VPOS="786" HPOS="329"/>
							<String ID="string_218" HPOS="349" VPOS="786" WIDTH="73" HEIGHT="22" WC="0.96" CONTENT="läkare"/><SP WIDTH="16" VPOS="786" HPOS="422"/>
							<String ID="string_219" HPOS="438" VPOS="792" WIDTH="45" HEIGHT="16" WC="0.96" CONTENT="som"/><SP WIDTH="16" VPOS="792" HPOS="483"/>
							<String ID="string_220" HPOS="499" VPOS="789" WIDTH="32" HEIGHT="19" WC="0.96" CONTENT="ett"/><SP WIDTH="14" VPOS="789" HPOS="531"/>
							<String ID="string_221" HPOS="545" VPOS="793" WIDTH="38" HEIGHT="21" WC="0.96" CONTENT="par"/><SP WIDTH="16" VPOS="793" HPOS="583"/>
							<String ID="string_222" HPOS="599" VPOS="787" WIDTH="23" HEIGHT="21" WC="0.94" CONTENT="år"/><SP WIDTH="15" VPOS="787" HPOS="622"/>
							<String ID="string_223" HPOS="637" VPOS="787" WIDTH="53" HEIGHT="21" WC="0.96" CONTENT="varit"/><SP WIDTH="15" VPOS="787" HPOS="690"/>
							<String ID="string_224" HPOS="705" VPOS="787" WIDTH="63" HEIGHT="21" WC="0.96" CONTENT="borta"/><SP WIDTH="15" VPOS="787" HPOS="768"/>
							<String ID="string_225" HPOS="783" VPOS="786" WIDTH="46" HEIGHT="22" WC="0.93" CONTENT="från"/><SP WIDTH="16" VPOS="786" HPOS="829"/>
							<String ID="string_226" HPOS="845" VPOS="787" WIDTH="53" HEIGHT="27" WC="0.92" CONTENT="möj-"/>
						</TextLine>
						<TextLine ID="line_23" HPOS="84" VPOS="814" WIDTH="814" HEIGHT="28">
							<String ID="string_227" HPOS="84" VPOS="815" WIDTH="93" HEIGHT="27" WC="0.96" CONTENT="ligheten"/><SP WIDTH="16" VPOS="815" HPOS="177"/>
							<String ID="string_228" HPOS="193" VPOS="817" WIDTH="32" HEIGHT="19" WC="0.96" CONTENT="att"/><SP WIDTH="15" VPOS="817" HPOS="225"/>
							<String ID="string_229" HPOS="240" VPOS="814" WIDTH="50" HEIGHT="28" WC="0.95" CONTENT="följa"/><SP WIDTH="15" VPOS="814" HPOS="290"/>
							<String ID="string_230" HPOS="305" VPOS="816" WIDTH="48" HEIGHT="21" WC="0.96" CONTENT="med"/><SP WIDTH="16" VPOS="816" HPOS="353"/>
							<String ID="string_231" HPOS="369" VPOS="815" WIDTH="150" HEIGHT="27" WC="0.96" CONTENT="vetenskapen,"/><SP WIDTH="17" VPOS="815" HPOS="519"/>
							<String ID="string_232" HPOS="536" VPOS="818" WIDTH="23" HEIGHT="19" WC="0.96" CONTENT="är"/><SP WIDTH="15" VPOS="818" HPOS="559"/>
							<String ID="string_233" HPOS="574" VPOS="818" WIDTH="53" HEIGHT="19" WC="0.96" CONTENT="nära"/><SP WIDTH="13" VPOS="818" HPOS="627"/>
							<String ID="string_234" HPOS="640" VPOS="821" WIDTH="43" HEIGHT="21" WC="0.95" CONTENT="nog"/><SP WIDTH="15" VPOS="821" HPOS="683"/>
							<String ID="string_235" HPOS="698" VPOS="814" WIDTH="99" HEIGHT="24" WC="0.96" CONTENT="förlorad."/><SP WIDTH="22" VPOS="814" HPOS="797"/>
							<String ID="string_236" HPOS="819" VPOS="816" WIDTH="41" HEIGHT="21" WC="0.96" CONTENT="Det"/><SP WIDTH="14" VPOS="816" HPOS="860"/>
							<String ID="string_237" HPOS="874" VPOS="818" WIDTH="24" HEIGHT="18" WC="0.96" CONTENT="är"/>
						</TextLine>
						<TextLine ID="line_24" HPOS="83" VPOS="843" WIDTH="815" HEIGHT="28">
							<String ID="string_238" HPOS="83" VPOS="844" WIDTH="47" HEIGHT="21" WC="0.96" CONTENT="icke"/><SP WIDTH="16" VPOS="844" HPOS="130"/>
							<String ID="string_239" HPOS="146" VPOS="843" WIDTH="52" HEIGHT="28" WC="0.96" CONTENT="godt"/><SP WIDTH="15" VPOS="843" HPOS="198"/>
							<String ID="string_240" HPOS="213" VPOS="845" WIDTH="32" HEIGHT="20" WC="0.93" CONTENT="att"/><SP WIDTH="15" VPOS="845" HPOS="245"/>
							<String ID="string_241" HPOS="260" VPOS="844" WIDTH="97" HEIGHT="27" WC="0.92" CONTENT="uppoffra"/><SP WIDTH="16" VPOS="844" HPOS="357"/>
							<String ID="string_242" HPOS="373" VPOS="844" WIDTH="39" HEIGHT="24" WC="0.96" CONTENT="den"/><SP WIDTH="17" VPOS="844" HPOS="412"/>
							<String ID="string_243" HPOS="429" VPOS="850" WIDTH="38" HEIGHT="15" WC="0.96" CONTENT="ene"/><SP WIDTH="16" VPOS="850" HPOS="467"/>
							<String ID="string_244" HPOS="483" VPOS="844" WIDTH="88" HEIGHT="22" WC="0.96" CONTENT="läkaren"/><SP WIDTH="8" VPOS="844" HPOS="571"/>
							<String ID="string_245" HPOS="579" VPOS="844" WIDTH="54" HEIGHT="22" WC="0.96" CONTENT="efter"/><SP WIDTH="8" VPOS="844" HPOS="633"/>
							<String ID="string_246" HPOS="641" VPOS="844" WIDTH="40" HEIGHT="22" WC="0.96" CONTENT="den"/><SP WIDTH="10" VPOS="844" HPOS="681"/>
							<String ID="string_247" HPOS="691" VPOS="844" WIDTH="72" HEIGHT="27" WC="0.96" CONTENT="andra,"/><SP WIDTH="9" VPOS="844" HPOS="763"/>
							<String ID="string_248" HPOS="772" VPOS="844" WIDTH="85" HEIGHT="23" WC="0.96" CONTENT="hvilken"/><SP WIDTH="9" VPOS="844" HPOS="857"/>
							<String ID="string_249" HPOS="866" VPOS="844" WIDTH="32" HEIGHT="22" WC="0.96" CONTENT="för"/>
						</TextLine>
						<TextLine ID="line_25" HPOS="84" VPOS="873" WIDTH="814" HEIGHT="28">
							<String ID="string_250" HPOS="84" VPOS="873" WIDTH="133" HEIGHT="22" WC="0.91" CONTENT="utkomstens"/><SP WIDTH="17" VPOS="873" HPOS="217"/>
							<String ID="string_251" HPOS="234" VPOS="873" WIDTH="56" HEIGHT="21" WC="0.95" CONTENT="skull"/><SP WIDTH="15" VPOS="873" HPOS="290"/>
							<String ID="string_252" HPOS="305" VPOS="873" WIDTH="82" HEIGHT="22" WC="0.96" CONTENT="lockats"/><SP WIDTH="16" VPOS="873" HPOS="387"/>
							<String ID="string_253" HPOS="403" VPOS="874" WIDTH="32" HEIGHT="20" WC="0.96" CONTENT="att"/><SP WIDTH="16" VPOS="874" HPOS="435"/>
							<String ID="string_254" HPOS="451" VPOS="873" WIDTH="32" HEIGHT="21" WC="0.96" CONTENT="slå"/><SP WIDTH="15" VPOS="873" HPOS="483"/>
							<String ID="string_255" HPOS="498" VPOS="874" WIDTH="33" HEIGHT="27" WC="0.96" CONTENT="sig"/><SP WIDTH="14" VPOS="874" HPOS="531"/>
							<String ID="string_256" HPOS="545" VPOS="873" WIDTH="41" HEIGHT="22" WC="0.96" CONTENT="ned"/><SP WIDTH="14" VPOS="873" HPOS="586"/>
							<String ID="string_257" HPOS="600" VPOS="873" WIDTH="29" HEIGHT="27" WC="0.96" CONTENT="på"/><SP WIDTH="15" VPOS="873" HPOS="629"/>
							<String ID="string_258" HPOS="644" VPOS="873" WIDTH="39" HEIGHT="21" WC="0.96" CONTENT="öde"/><SP WIDTH="16" VPOS="873" HPOS="683"/>
							<String ID="string_259" HPOS="699" VPOS="873" WIDTH="88" HEIGHT="27" WC="0.96" CONTENT="trakter,"/><SP WIDTH="18" VPOS="873" HPOS="787"/>
							<String ID="string_260" HPOS="805" VPOS="874" WIDTH="37" HEIGHT="21" WC="0.96" CONTENT="der"/><SP WIDTH="14" VPOS="874" HPOS="842"/>
							<String ID="string_261" HPOS="856" VPOS="873" WIDTH="42" HEIGHT="22" WC="0.96" CONTENT="han"/>
						</TextLine>
						<TextLine ID="line_26" HPOS="83" VPOS="901" WIDTH="815" HEIGHT="29">
							<String ID="string_262" HPOS="83" VPOS="901" WIDTH="62" HEIGHT="28" WC="0.96" CONTENT="ingen"/><SP WIDTH="15" VPOS="901" HPOS="145"/>
							<String ID="string_263" HPOS="160" VPOS="901" WIDTH="182" HEIGHT="22" WC="0.96" CONTENT="kommunikation"/><SP WIDTH="15" VPOS="901" HPOS="342"/>
							<String ID="string_264" HPOS="357" VPOS="902" WIDTH="40" HEIGHT="21" WC="0.96" CONTENT="har"/><SP WIDTH="14" VPOS="902" HPOS="397"/>
							<String ID="string_265" HPOS="411" VPOS="901" WIDTH="50" HEIGHT="22" WC="0.96" CONTENT="med"/><SP WIDTH="15" VPOS="901" HPOS="461"/>
							<String ID="string_266" HPOS="476" VPOS="902" WIDTH="85" HEIGHT="22" WC="0.93" CONTENT="bildade"/><SP WIDTH="10" VPOS="902" HPOS="561"/>
							<String ID="string_267" HPOS="571" VPOS="902" WIDTH="127" HEIGHT="21" WC="0.90" CONTENT="menniskor."/><SP WIDTH="18" VPOS="902" HPOS="698"/>
							<String ID="string_268" HPOS="716" VPOS="902" WIDTH="54" HEIGHT="21" WC="0.96" CONTENT="Utan"/><SP WIDTH="12" VPOS="902" HPOS="770"/>
							<String ID="string_269" HPOS="782" VPOS="905" WIDTH="32" HEIGHT="19" WC="0.96" CONTENT="att"/><SP WIDTH="11" VPOS="905" HPOS="814"/>
							<String ID="string_270" HPOS="825" VPOS="903" WIDTH="73" HEIGHT="27" WC="0.96" CONTENT="längre"/>
						</TextLine>
						<TextLine ID="line_27" HPOS="82" VPOS="930" WIDTH="816" HEIGHT="28">
							<String ID="string_271" HPOS="82" VPOS="931" WIDTH="50" HEIGHT="26" WC="0.93" CONTENT="vilja"/><SP WIDTH="16" VPOS="931" HPOS="132"/>
							<String ID="string_272" HPOS="148" VPOS="932" WIDTH="93" HEIGHT="25" WC="0.92" CONTENT="upptaga"/><SP WIDTH="15" VPOS="932" HPOS="241"/>
							<String ID="string_273" HPOS="256" VPOS="930" WIDTH="98" HEIGHT="22" WC="0.92" CONTENT="ståndets"/><SP WIDTH="17" VPOS="930" HPOS="354"/>
							<String ID="string_274" HPOS="371" VPOS="931" WIDTH="30" HEIGHT="21" WC="0.96" CONTENT="tid"/><SP WIDTH="15" VPOS="931" HPOS="401"/>
							<String ID="string_275" HPOS="416" VPOS="931" WIDTH="38" HEIGHT="21" WC="0.96" CONTENT="ber"/><SP WIDTH="13" VPOS="931" HPOS="454"/>
							<String ID="string_276" HPOS="467" VPOS="931" WIDTH="38" HEIGHT="26" WC="0.96" CONTENT="jag"/><SP WIDTH="16" VPOS="931" HPOS="505"/>
							<String ID="string_277" HPOS="521" VPOS="931" WIDTH="53" HEIGHT="21" WC="0.96" CONTENT="blott"/><SP WIDTH="16" VPOS="931" HPOS="574"/>
							<String ID="string_278" HPOS="590" VPOS="933" WIDTH="33" HEIGHT="19" WC="0.96" CONTENT="att"/><SP WIDTH="14" VPOS="933" HPOS="623"/>
							<String ID="string_279" HPOS="637" VPOS="931" WIDTH="123" HEIGHT="27" WC="0.95" CONTENT="ytterligare"/><SP WIDTH="15" VPOS="931" HPOS="760"/>
							<String ID="string_280" HPOS="775" VPOS="931" WIDTH="21" HEIGHT="22" WC="0.96" CONTENT="få"/><SP WIDTH="15" VPOS="931" HPOS="796"/>
							<String ID="string_281" HPOS="811" VPOS="931" WIDTH="87" HEIGHT="22" WC="0.95" CONTENT="förorda"/>
						</TextLine>
						<TextLine ID="line_28" HPOS="82" VPOS="958" WIDTH="816" HEIGHT="29">
							<String ID="string_282" HPOS="82" VPOS="959" WIDTH="132" HEIGHT="22" WC="0.96" CONTENT="inrättandet"/><SP WIDTH="16" VPOS="959" HPOS="214"/>
							<String ID="string_283" HPOS="230" VPOS="958" WIDTH="22" HEIGHT="22" WC="0.96" CONTENT="af"/><SP WIDTH="13" VPOS="958" HPOS="252"/>
							<String ID="string_284" HPOS="265" VPOS="959" WIDTH="55" HEIGHT="22" WC="0.96" CONTENT="blott"/><SP WIDTH="16" VPOS="959" HPOS="320"/>
							<String ID="string_285" HPOS="336" VPOS="961" WIDTH="31" HEIGHT="20" WC="0.96" CONTENT="ett"/><SP WIDTH="15" VPOS="961" HPOS="367"/>
							<String ID="string_286" HPOS="382" VPOS="961" WIDTH="47" HEIGHT="26" WC="0.93" CONTENT="nytt"/><SP WIDTH="18" VPOS="961" HPOS="429"/>
							<String ID="string_287" HPOS="447" VPOS="959" WIDTH="276" HEIGHT="27" WC="0.91" CONTENT="provincialläkaredistrikt"/><SP WIDTH="15" VPOS="959" HPOS="723"/>
							<String ID="string_288" HPOS="738" VPOS="960" WIDTH="7" HEIGHT="21" WC="0.96" CONTENT="i"/><SP WIDTH="16" VPOS="960" HPOS="745"/>
							<String ID="string_289" HPOS="761" VPOS="960" WIDTH="63" HEIGHT="21" WC="0.93" CONTENT="dessa"/><SP WIDTH="15" VPOS="960" HPOS="824"/>
							<String ID="string_290" HPOS="839" VPOS="961" WIDTH="59" HEIGHT="20" WC="0.91" CONTENT="trak-"/>
						</TextLine>
						<TextLine ID="line_29" HPOS="82" VPOS="988" WIDTH="405" HEIGHT="21">
							<String ID="string_291" HPOS="82" VPOS="990" WIDTH="34" HEIGHT="19" WC="0.96" CONTENT="ter"/><SP WIDTH="14" VPOS="990" HPOS="116"/>
							<String ID="string_292" HPOS="130" VPOS="989" WIDTH="49" HEIGHT="20" WC="0.93" CONTENT="med"/><SP WIDTH="15" VPOS="989" HPOS="179"/>
							<String ID="string_293" HPOS="194" VPOS="988" WIDTH="148" HEIGHT="21" WC="0.75" CONTENT="stationsort.i"/><SP WIDTH="15" VPOS="988" HPOS="342"/>
							<String ID="string_294" HPOS="357" VPOS="988" WIDTH="130" HEIGHT="21" WC="0.96" CONTENT="Rovaniemi."/>
						</TextLine>
					</TextBlock>
					<TextBlock ID="block_2" HPOS="81" VPOS="1016" WIDTH="819" HEIGHT="546">
						<TextLine ID="line_30" HPOS="150" VPOS="1016" WIDTH="747" HEIGHT="28">
							<String ID="string_295" HPOS="150" VPOS="1017" WIDTH="56" HEIGHT="21" WC="0.92" CONTENT="Herr"/><SP WIDTH="14" VPOS="1017" HPOS="206"/>
							<String ID="string_296" HPOS="220" VPOS="1023" WIDTH="40" HEIGHT="15" WC="0.96" CONTENT="von"/><SP WIDTH="16" VPOS="1023" HPOS="260"/>
							<String ID="string_297" HPOS="276" VPOS="1016" WIDTH="117" HEIGHT="22" WC="0.93" CONTENT="Alfthan:"/><SP WIDTH="28" VPOS="1016" HPOS="393"/>
							<String ID="string_298" HPOS="421" VPOS="1017" WIDTH="33" HEIGHT="21" WC="0.92" CONTENT="Dä"/><SP WIDTH="15" VPOS="1017" HPOS="454"/>
							<String ID="string_299" HPOS="469" VPOS="1017" WIDTH="49" HEIGHT="21" WC="0.92" CONTENT="herr"/><SP WIDTH="14" VPOS="1017" HPOS="518"/>
							<String ID="string_300" HPOS="532" VPOS="1016" WIDTH="153" HEIGHT="28" WC="0.92" CONTENT="Pippingsköld"/><SP WIDTH="16" VPOS="1016" HPOS="685"/>
							<String ID="string_301" HPOS="701" VPOS="1017" WIDTH="104" HEIGHT="27" WC="0.92" CONTENT="äberopat"/><SP WIDTH="16" VPOS="1017" HPOS="805"/>
							<String ID="string_302" HPOS="821" VPOS="1024" WIDTH="26" HEIGHT="15" WC="0.93" CONTENT="en"/><SP WIDTH="16" VPOS="1024" HPOS="847"/>
							<String ID="string_303" HPOS="863" VPOS="1017" WIDTH="34" HEIGHT="22" WC="0.92" CONTENT="sä-"/>
						</TextLine>
						<TextLine ID="line_31" HPOS="84" VPOS="1045" WIDTH="814" HEIGHT="28">
							<String ID="string_304" HPOS="84" VPOS="1046" WIDTH="39" HEIGHT="21" WC="0.91" CONTENT="dan"/><SP WIDTH="25" VPOS="1046" HPOS="123"/>
							<String ID="string_305" HPOS="148" VPOS="1046" WIDTH="118" HEIGHT="21" WC="0.95" CONTENT="auktoritet"/><SP WIDTH="19" VPOS="1046" HPOS="266"/>
							<String ID="string_306" HPOS="285" VPOS="1052" WIDTH="46" HEIGHT="15" WC="0.96" CONTENT="som"/><SP WIDTH="22" VPOS="1052" HPOS="331"/>
							<String ID="string_307" HPOS="353" VPOS="1045" WIDTH="108" HEIGHT="28" WC="0.94" CONTENT="professor"/><SP WIDTH="22" VPOS="1045" HPOS="461"/>
							<String ID="string_308" HPOS="483" VPOS="1046" WIDTH="124" HEIGHT="27" WC="0.96" CONTENT="Malmgren,"/><SP WIDTH="15" VPOS="1046" HPOS="607"/>
							<String ID="string_309" HPOS="622" VPOS="1045" WIDTH="33" HEIGHT="22" WC="0.96" CONTENT="för"/><SP WIDTH="16" VPOS="1045" HPOS="655"/>
							<String ID="string_310" HPOS="671" VPOS="1047" WIDTH="32" HEIGHT="20" WC="0.93" CONTENT="att"/><SP WIDTH="15" VPOS="1047" HPOS="703"/>
							<String ID="string_311" HPOS="718" VPOS="1046" WIDTH="133" HEIGHT="27" WC="0.91" CONTENT="ädagalägga"/><SP WIDTH="15" VPOS="1046" HPOS="851"/>
							<String ID="string_312" HPOS="866" VPOS="1049" WIDTH="32" HEIGHT="19" WC="0.97" CONTENT="att"/>
						</TextLine>
						<TextLine ID="line_32" HPOS="84" VPOS="1074" WIDTH="815" HEIGHT="28">
							<String ID="string_313" HPOS="84" VPOS="1075" WIDTH="209" HEIGHT="21" WC="0.90" CONTENT="kommunikationen"/><SP WIDTH="17" VPOS="1075" HPOS="293"/>
							<String ID="string_314" HPOS="310" VPOS="1075" WIDTH="89" HEIGHT="21" WC="0.90" CONTENT="emellan"/><SP WIDTH="15" VPOS="1075" HPOS="399"/>
							<String ID="string_315" HPOS="414" VPOS="1074" WIDTH="110" HEIGHT="22" WC="0.96" CONTENT="Kuusamo"/><SP WIDTH="16" VPOS="1074" HPOS="524"/>
							<String ID="string_316" HPOS="540" VPOS="1075" WIDTH="41" HEIGHT="21" WC="0.96" CONTENT="och"/><SP WIDTH="10" VPOS="1075" HPOS="581"/>
							<String ID="string_317" HPOS="591" VPOS="1074" WIDTH="123" HEIGHT="28" WC="0.96" CONTENT="Kuolajärvi"/><SP WIDTH="11" VPOS="1074" HPOS="714"/>
							<String ID="string_318" HPOS="725" VPOS="1075" WIDTH="70" HEIGHT="21" WC="0.96" CONTENT="skulle"/><SP WIDTH="8" VPOS="1075" HPOS="795"/>
							<String ID="string_319" HPOS="803" VPOS="1082" WIDTH="51" HEIGHT="15" WC="0.93" CONTENT="vara"/><SP WIDTH="10" VPOS="1082" HPOS="854"/>
							<String ID="string_320" HPOS="864" VPOS="1076" WIDTH="35" HEIGHT="21" WC="0.90" CONTENT="be-"/>
						</TextLine>
						<TextLine ID="line_33" HPOS="83" VPOS="1103" WIDTH="817" HEIGHT="28">
							<String ID="string_321" HPOS="83" VPOS="1105" WIDTH="99" HEIGHT="25" WC="0.87" CONTENT="gvämare"/><SP WIDTH="23" VPOS="1105" HPOS="182"/>
							<String ID="string_322" HPOS="205" VPOS="1105" WIDTH="27" HEIGHT="20" WC="0.93" CONTENT="än"/><SP WIDTH="22" VPOS="1105" HPOS="232"/>
							<String ID="string_323" HPOS="254" VPOS="1103" WIDTH="89" HEIGHT="22" WC="0.91" CONTENT="emellan"/><SP WIDTH="21" VPOS="1103" HPOS="343"/>
							<String ID="string_324" HPOS="364" VPOS="1103" WIDTH="122" HEIGHT="28" WC="0.96" CONTENT="Kuolajärvi"/><SP WIDTH="19" VPOS="1103" HPOS="486"/>
							<String ID="string_325" HPOS="505" VPOS="1103" WIDTH="39" HEIGHT="22" WC="0.93" CONTENT="och"/><SP WIDTH="23" VPOS="1103" HPOS="544"/>
							<String ID="string_326" HPOS="567" VPOS="1103" WIDTH="128" HEIGHT="28" WC="0.92" CONTENT="Kemiträsk,"/><SP WIDTH="27" VPOS="1103" HPOS="695"/>
							<String ID="string_327" HPOS="722" VPOS="1103" WIDTH="38" HEIGHT="22" WC="0.95" CONTENT="ber"/><SP WIDTH="18" VPOS="1103" HPOS="760"/>
							<String ID="string_328" HPOS="778" VPOS="1104" WIDTH="38" HEIGHT="27" WC="0.96" CONTENT="jag"/><SP WIDTH="16" VPOS="1104" HPOS="816"/>
							<String ID="string_329" HPOS="832" VPOS="1106" WIDTH="32" HEIGHT="19" WC="0.93" CONTENT="att"/><SP WIDTH="15" VPOS="1106" HPOS="864"/>
							<String ID="string_330" HPOS="879" VPOS="1104" WIDTH="21" HEIGHT="22" WC="0.92" CONTENT="fä"/>
						</TextLine>
						<TextLine ID="line_34" HPOS="83" VPOS="1131" WIDTH="817" HEIGHT="29">
							<String ID="string_331" HPOS="83" VPOS="1131" WIDTH="80" HEIGHT="28" WC="0.96" CONTENT="anföra,"/><SP WIDTH="17" VPOS="1131" HPOS="163"/>
							<String ID="string_332" HPOS="180" VPOS="1134" WIDTH="33" HEIGHT="19" WC="0.96" CONTENT="att"/><SP WIDTH="14" VPOS="1134" HPOS="213"/>
							<String ID="string_333" HPOS="227" VPOS="1133" WIDTH="43" HEIGHT="27" WC="0.93" CONTENT="mig"/><SP WIDTH="15" VPOS="1133" HPOS="270"/>
							<String ID="string_334" HPOS="285" VPOS="1132" WIDTH="117" HEIGHT="27" WC="0.92" CONTENT="veterligen"/><SP WIDTH="15" VPOS="1132" HPOS="402"/>
							<String ID="string_335" HPOS="417" VPOS="1133" WIDTH="69" HEIGHT="26" WC="0.92" CONTENT="nägon"/><SP WIDTH="16" VPOS="1133" HPOS="486"/>
							<String ID="string_336" HPOS="502" VPOS="1132" WIDTH="187" HEIGHT="27" WC="0.93" CONTENT="kommunikation,"/><SP WIDTH="17" VPOS="1132" HPOS="689"/>
							<String ID="string_337" HPOS="706" VPOS="1132" WIDTH="71" HEIGHT="22" WC="0.93" CONTENT="säsom"/><SP WIDTH="9" VPOS="1132" HPOS="777"/>
							<String ID="string_338" HPOS="786" VPOS="1133" WIDTH="38" HEIGHT="27" WC="0.96" CONTENT="jag"/><SP WIDTH="10" VPOS="1133" HPOS="824"/>
							<String ID="string_339" HPOS="834" VPOS="1133" WIDTH="66" HEIGHT="22" WC="0.97" CONTENT="redan"/>
						</TextLine>
						<TextLine ID="line_35" HPOS="82" VPOS="1161" WIDTH="816" HEIGHT="28">
							<String ID="string_340" HPOS="82" VPOS="1161" WIDTH="56" HEIGHT="22" WC="0.93" CONTENT="hade"/><SP WIDTH="23" VPOS="1161" HPOS="138"/>
							<String ID="string_341" HPOS="161" VPOS="1163" WIDTH="51" HEIGHT="20" WC="0.90" CONTENT="äran"/><SP WIDTH="22" VPOS="1163" HPOS="212"/>
							<String ID="string_342" HPOS="234" VPOS="1163" WIDTH="64" HEIGHT="26" WC="0.88" CONTENT="yttra,"/><SP WIDTH="23" VPOS="1163" HPOS="298"/>
							<String ID="string_343" HPOS="321" VPOS="1161" WIDTH="151" HEIGHT="22" WC="0.92" CONTENT="sommartiden"/><SP WIDTH="17" VPOS="1161" HPOS="472"/>
							<String ID="string_344" HPOS="489" VPOS="1161" WIDTH="88" HEIGHT="22" WC="0.92" CONTENT="emellan"/><SP WIDTH="18" VPOS="1161" HPOS="577"/>
							<String ID="string_345" HPOS="595" VPOS="1161" WIDTH="123" HEIGHT="28" WC="0.96" CONTENT="Kuolajärvi"/><SP WIDTH="15" VPOS="1161" HPOS="718"/>
							<String ID="string_346" HPOS="733" VPOS="1161" WIDTH="40" HEIGHT="22" WC="0.96" CONTENT="och"/><SP WIDTH="15" VPOS="1161" HPOS="773"/>
							<String ID="string_347" HPOS="788" VPOS="1161" WIDTH="110" HEIGHT="22" WC="0.96" CONTENT="Kuusamo"/>
						</TextLine>
						<TextLine ID="line_36" HPOS="81" VPOS="1189" WIDTH="818" HEIGHT="29">
							<String ID="string_348" HPOS="81" VPOS="1189" WIDTH="48" HEIGHT="22" WC="0.90" CONTENT="icke"/><SP WIDTH="23" VPOS="1189" HPOS="129"/>
							<String ID="string_349" HPOS="152" VPOS="1190" WIDTH="108" HEIGHT="21" WC="0.90" CONTENT="existerat."/><SP WIDTH="35" VPOS="1190" HPOS="260"/>
							<String ID="string_350" HPOS="295" VPOS="1190" WIDTH="102" HEIGHT="21" WC="0.89" CONTENT="Deremot"/><SP WIDTH="15" VPOS="1190" HPOS="397"/>
							<String ID="string_351" HPOS="412" VPOS="1190" WIDTH="38" HEIGHT="21" WC="0.96" CONTENT="har"/><SP WIDTH="13" VPOS="1190" HPOS="450"/>
							<String ID="string_352" HPOS="463" VPOS="1191" WIDTH="37" HEIGHT="26" WC="0.93" CONTENT="jag"/><SP WIDTH="15" VPOS="1191" HPOS="500"/>
							<String ID="string_353" HPOS="515" VPOS="1190" WIDTH="49" HEIGHT="27" WC="0.92" CONTENT="sjelf"/><SP WIDTH="13" VPOS="1190" HPOS="564"/>
							<String ID="string_354" HPOS="577" VPOS="1196" WIDTH="45" HEIGHT="15" WC="0.96" CONTENT="mer"/><SP WIDTH="14" VPOS="1196" HPOS="622"/>
							<String ID="string_355" HPOS="636" VPOS="1192" WIDTH="26" HEIGHT="19" WC="0.95" CONTENT="än"/><SP WIDTH="16" VPOS="1192" HPOS="662"/>
							<String ID="string_356" HPOS="678" VPOS="1197" WIDTH="26" HEIGHT="14" WC="0.93" CONTENT="en"/><SP WIDTH="15" VPOS="1197" HPOS="704"/>
							<String ID="string_357" HPOS="719" VPOS="1190" WIDTH="56" HEIGHT="27" WC="0.92" CONTENT="gäng"/><SP WIDTH="15" VPOS="1190" HPOS="775"/>
							<String ID="string_358" HPOS="790" VPOS="1191" WIDTH="109" HEIGHT="27" WC="0.88" CONTENT="tillrygga-"/>
						</TextLine>
						<TextLine ID="line_37" HPOS="81" VPOS="1218" WIDTH="817" HEIGHT="27">
							<String ID="string_359" HPOS="81" VPOS="1218" WIDTH="45" HEIGHT="27" WC="0.92" CONTENT="lagt"/><SP WIDTH="21" VPOS="1218" HPOS="126"/>
							<String ID="string_360" HPOS="147" VPOS="1221" WIDTH="67" HEIGHT="24" WC="0.93" CONTENT="vägen"/><SP WIDTH="24" VPOS="1221" HPOS="214"/>
							<String ID="string_361" HPOS="238" VPOS="1218" WIDTH="89" HEIGHT="22" WC="0.90" CONTENT="emellan"/><SP WIDTH="16" VPOS="1218" HPOS="327"/>
							<String ID="string_362" HPOS="343" VPOS="1218" WIDTH="121" HEIGHT="21" WC="0.92" CONTENT="Kemiträsk"/><SP WIDTH="17" VPOS="1218" HPOS="464"/>
							<String ID="string_363" HPOS="481" VPOS="1219" WIDTH="39" HEIGHT="21" WC="0.96" CONTENT="och"/><SP WIDTH="15" VPOS="1219" HPOS="520"/>
							<String ID="string_364" HPOS="535" VPOS="1218" WIDTH="124" HEIGHT="27" WC="0.93" CONTENT="Kuolajärvi"/><SP WIDTH="14" VPOS="1218" HPOS="659"/>
							<String ID="string_365" HPOS="673" VPOS="1218" WIDTH="173" HEIGHT="27" WC="0.91" CONTENT="förhällningsvis"/><SP WIDTH="16" VPOS="1218" HPOS="846"/>
							<String ID="string_366" HPOS="862" VPOS="1220" WIDTH="36" HEIGHT="21" WC="0.92" CONTENT="be-"/>
						</TextLine>
						<TextLine ID="line_38" HPOS="83" VPOS="1247" WIDTH="816" HEIGHT="27">
							<String ID="string_367" HPOS="83" VPOS="1249" WIDTH="71" HEIGHT="24" WC="0.93" CONTENT="gvämt"/><SP WIDTH="22" VPOS="1249" HPOS="154"/>
							<String ID="string_368" HPOS="176" VPOS="1247" WIDTH="40" HEIGHT="21" WC="0.93" CONTENT="och"/><SP WIDTH="22" VPOS="1247" HPOS="216"/>
							<String ID="string_369" HPOS="238" VPOS="1247" WIDTH="81" HEIGHT="26" WC="0.92" CONTENT="hastigt"/><SP WIDTH="22" VPOS="1247" HPOS="319"/>
							<String ID="string_370" HPOS="341" VPOS="1247" WIDTH="28" HEIGHT="26" WC="0.96" CONTENT="pä"/><SP WIDTH="16" VPOS="1247" HPOS="369"/>
							<String ID="string_371" HPOS="385" VPOS="1253" WIDTH="25" HEIGHT="15" WC="0.96" CONTENT="en"/><SP WIDTH="15" VPOS="1253" HPOS="410"/>
							<String ID="string_372" HPOS="425" VPOS="1253" WIDTH="45" HEIGHT="20" WC="0.96" CONTENT="par,"/><SP WIDTH="16" VPOS="1253" HPOS="470"/>
							<String ID="string_373" HPOS="486" VPOS="1250" WIDTH="33" HEIGHT="19" WC="0.96" CONTENT="tre"/><SP WIDTH="16" VPOS="1250" HPOS="519"/>
							<String ID="string_374" HPOS="535" VPOS="1247" WIDTH="64" HEIGHT="27" WC="0.96" CONTENT="dagar"/><SP WIDTH="16" VPOS="1247" HPOS="599"/>
							<String ID="string_375" HPOS="615" VPOS="1247" WIDTH="42" HEIGHT="21" WC="0.93" CONTENT="och"/><SP WIDTH="16" VPOS="1247" HPOS="657"/>
							<String ID="string_376" HPOS="673" VPOS="1247" WIDTH="136" HEIGHT="22" WC="0.93" CONTENT="äterkommit"/><SP WIDTH="15" VPOS="1247" HPOS="809"/>
							<String ID="string_377" HPOS="824" VPOS="1248" WIDTH="28" HEIGHT="26" WC="0.97" CONTENT="pä"/><SP WIDTH="15" VPOS="1248" HPOS="852"/>
							<String ID="string_378" HPOS="867" VPOS="1249" WIDTH="32" HEIGHT="20" WC="0.96" CONTENT="ett"/>
						</TextLine>
						<TextLine ID="line_39" HPOS="82" VPOS="1274" WIDTH="816" HEIGHT="29">
							<String ID="string_379" HPOS="82" VPOS="1275" WIDTH="61" HEIGHT="27" WC="0.93" CONTENT="dygn,"/><SP WIDTH="21" VPOS="1275" HPOS="143"/>
							<String ID="string_380" HPOS="164" VPOS="1275" WIDTH="89" HEIGHT="22" WC="0.92" CONTENT="emedan"/><SP WIDTH="21" VPOS="1275" HPOS="253"/>
							<String ID="string_381" HPOS="274" VPOS="1276" WIDTH="37" HEIGHT="21" WC="0.93" CONTENT="der"/><SP WIDTH="15" VPOS="1276" HPOS="311"/>
							<String ID="string_382" HPOS="326" VPOS="1274" WIDTH="67" HEIGHT="22" WC="0.92" CONTENT="finnes"/><SP WIDTH="16" VPOS="1274" HPOS="393"/>
							<String ID="string_383" HPOS="409" VPOS="1277" WIDTH="59" HEIGHT="20" WC="0.93" CONTENT="stora"/><SP WIDTH="14" VPOS="1277" HPOS="468"/>
							<String ID="string_384" HPOS="482" VPOS="1275" WIDTH="74" HEIGHT="26" WC="0.92" CONTENT="forsar,"/><SP WIDTH="16" VPOS="1275" HPOS="556"/>
							<String ID="string_385" HPOS="572" VPOS="1275" WIDTH="76" HEIGHT="22" WC="0.92" CONTENT="nedför"/><SP WIDTH="15" VPOS="1275" HPOS="648"/>
							<String ID="string_386" HPOS="663" VPOS="1275" WIDTH="71" HEIGHT="22" WC="0.90" CONTENT="hvilka"/><SP WIDTH="15" VPOS="1275" HPOS="734"/>
							<String ID="string_387" HPOS="749" VPOS="1282" WIDTH="48" HEIGHT="16" WC="0.96" CONTENT="man"/><SP WIDTH="16" VPOS="1282" HPOS="797"/>
							<String ID="string_388" HPOS="813" VPOS="1277" WIDTH="85" HEIGHT="26" WC="0.96" CONTENT="mycket"/>
						</TextLine>
						<TextLine ID="line_40" HPOS="81" VPOS="1304" WIDTH="816" HEIGHT="27">
							<String ID="string_389" HPOS="81" VPOS="1305" WIDTH="81" HEIGHT="26" WC="0.92" CONTENT="hastigt"/><SP WIDTH="16" VPOS="1305" HPOS="162"/>
							<String ID="string_390" HPOS="178" VPOS="1304" WIDTH="39" HEIGHT="21" WC="0.93" CONTENT="och"/><SP WIDTH="15" VPOS="1304" HPOS="217"/>
							<String ID="string_391" HPOS="232" VPOS="1304" WIDTH="102" HEIGHT="27" WC="0.92" CONTENT="begvämt"/><SP WIDTH="15" VPOS="1304" HPOS="334"/>
							<String ID="string_392" HPOS="349" VPOS="1304" WIDTH="41" HEIGHT="21" WC="0.96" CONTENT="kan"/><SP WIDTH="16" VPOS="1304" HPOS="390"/>
							<String ID="string_393" HPOS="406" VPOS="1304" WIDTH="90" HEIGHT="21" WC="0.96" CONTENT="komma."/><SP WIDTH="30" VPOS="1304" HPOS="496"/>
							<String ID="string_394" HPOS="526" VPOS="1305" WIDTH="110" HEIGHT="20" WC="0.96" CONTENT="Kuusamo"/><SP WIDTH="15" VPOS="1305" HPOS="636"/>
							<String ID="string_395" HPOS="651" VPOS="1304" WIDTH="68" HEIGHT="27" WC="0.96" CONTENT="ligger"/><SP WIDTH="15" VPOS="1304" HPOS="719"/>
							<String ID="string_396" HPOS="734" VPOS="1311" WIDTH="45" HEIGHT="15" WC="0.93" CONTENT="som"/><SP WIDTH="16" VPOS="1311" HPOS="779"/>
							<String ID="string_397" HPOS="795" VPOS="1305" WIDTH="81" HEIGHT="21" WC="0.92" CONTENT="bekant"/><SP WIDTH="14" VPOS="1305" HPOS="876"/>
							<String ID="string_398" HPOS="890" VPOS="1305" WIDTH="7" HEIGHT="21" WC="0.96" CONTENT="i"/>
						</TextLine>
						<TextLine ID="line_41" HPOS="82" VPOS="1333" WIDTH="816" HEIGHT="26">
							<String ID="string_399" HPOS="82" VPOS="1339" WIDTH="26" HEIGHT="15" WC="0.95" CONTENT="en"/><SP WIDTH="22" VPOS="1339" HPOS="108"/>
							<String ID="string_400" HPOS="130" VPOS="1333" WIDTH="88" HEIGHT="21" WC="0.95" CONTENT="alldeles"/><SP WIDTH="23" VPOS="1333" HPOS="218"/>
							<String ID="string_401" HPOS="241" VPOS="1339" WIDTH="53" HEIGHT="20" WC="0.91" CONTENT="egen"/><SP WIDTH="22" VPOS="1339" HPOS="294"/>
							<String ID="string_402" HPOS="316" VPOS="1333" WIDTH="148" HEIGHT="22" WC="0.91" CONTENT="vattenbassin"/><SP WIDTH="20" VPOS="1333" HPOS="464"/>
							<String ID="string_403" HPOS="484" VPOS="1339" WIDTH="45" HEIGHT="16" WC="0.96" CONTENT="som"/><SP WIDTH="23" VPOS="1339" HPOS="529"/>
							<String ID="string_404" HPOS="552" VPOS="1333" WIDTH="39" HEIGHT="22" WC="0.8" CONTENT="har"/><SP WIDTH="14" VPOS="1333" HPOS="591"/>
							<String ID="string_405" HPOS="605" VPOS="1333" WIDTH="39" HEIGHT="21" WC="0.84" CONTENT="sitt"/><SP WIDTH="15" VPOS="1333" HPOS="644"/>
							<String ID="string_406" HPOS="659" VPOS="1333" WIDTH="80" HEIGHT="22" WC="0.91" CONTENT="utflöde"/><SP WIDTH="15" VPOS="1333" HPOS="739"/>
							<String ID="string_407" HPOS="754" VPOS="1333" WIDTH="33" HEIGHT="22" WC="0.93" CONTENT="till"/><SP WIDTH="14" VPOS="1333" HPOS="787"/>
							<String ID="string_408" HPOS="801" VPOS="1333" WIDTH="97" HEIGHT="22" WC="0.93" CONTENT="Ishafvet"/>
						</TextLine>
						<TextLine ID="line_42" HPOS="82" VPOS="1360" WIDTH="815" HEIGHT="27">
							<String ID="string_409" HPOS="82" VPOS="1360" WIDTH="39" HEIGHT="22" WC="0.96" CONTENT="och"/><SP WIDTH="16" VPOS="1360" HPOS="121"/>
							<String ID="string_410" HPOS="137" VPOS="1363" WIDTH="23" HEIGHT="18" WC="0.95" CONTENT="är"/><SP WIDTH="15" VPOS="1363" HPOS="160"/>
							<String ID="string_411" HPOS="175" VPOS="1361" WIDTH="28" HEIGHT="26" WC="0.96" CONTENT="pä"/><SP WIDTH="15" VPOS="1361" HPOS="203"/>
							<String ID="string_412" HPOS="218" VPOS="1361" WIDTH="42" HEIGHT="20" WC="0.96" CONTENT="alla"/><SP WIDTH="15" VPOS="1361" HPOS="260"/>
							<String ID="string_413" HPOS="275" VPOS="1361" WIDTH="58" HEIGHT="21" WC="0.93" CONTENT="sidor"/><SP WIDTH="16" VPOS="1361" HPOS="333"/>
							<String ID="string_414" HPOS="349" VPOS="1361" WIDTH="105" HEIGHT="26" WC="0.90" CONTENT="omgifven"/><SP WIDTH="16" VPOS="1361" HPOS="454"/>
							<String ID="string_415" HPOS="470" VPOS="1361" WIDTH="45" HEIGHT="21" WC="0.96" CONTENT="dels"/><SP WIDTH="16" VPOS="1361" HPOS="515"/>
							<String ID="string_416" HPOS="531" VPOS="1361" WIDTH="22" HEIGHT="21" WC="0.96" CONTENT="af"/><SP WIDTH="13" VPOS="1361" HPOS="553"/>
							<String ID="string_417" HPOS="566" VPOS="1361" WIDTH="51" HEIGHT="26" WC="0.96" CONTENT="berg"/><SP WIDTH="16" VPOS="1361" HPOS="617"/>
							<String ID="string_418" HPOS="633" VPOS="1361" WIDTH="45" HEIGHT="20" WC="0.96" CONTENT="dels"/><SP WIDTH="12" VPOS="1361" HPOS="678"/>
							<String ID="string_419" HPOS="690" VPOS="1361" WIDTH="22" HEIGHT="21" WC="0.93" CONTENT="af"/><SP WIDTH="9" VPOS="1361" HPOS="712"/>
							<String ID="string_420" HPOS="721" VPOS="1362" WIDTH="133" HEIGHT="25" WC="0.93" CONTENT="högmossar,"/><SP WIDTH="12" VPOS="1362" HPOS="854"/>
							<String ID="string_421" HPOS="866" VPOS="1361" WIDTH="31" HEIGHT="22" WC="0.86" CONTENT="öf-"/>
						</TextLine>
						<TextLine ID="line_43" HPOS="81" VPOS="1388" WIDTH="816" HEIGHT="28">
							<String ID="string_422" HPOS="81" VPOS="1395" WIDTH="37" HEIGHT="16" WC="0.89" CONTENT="ver"/><SP WIDTH="21" VPOS="1395" HPOS="118"/>
							<String ID="string_423" HPOS="139" VPOS="1389" WIDTH="73" HEIGHT="21" WC="0.89" CONTENT="hvilka"/><SP WIDTH="22" VPOS="1389" HPOS="212"/>
							<String ID="string_424" HPOS="234" VPOS="1389" WIDTH="66" HEIGHT="27" WC="0.92" CONTENT="nägra"/><SP WIDTH="15" VPOS="1389" HPOS="300"/>
							<String ID="string_425" HPOS="315" VPOS="1392" WIDTH="65" HEIGHT="24" WC="0.92" CONTENT="vägar"/><SP WIDTH="14" VPOS="1392" HPOS="380"/>
							<String ID="string_426" HPOS="394" VPOS="1389" WIDTH="48" HEIGHT="21" WC="0.93" CONTENT="icke"/><SP WIDTH="15" VPOS="1389" HPOS="442"/>
							<String ID="string_427" HPOS="457" VPOS="1388" WIDTH="75" HEIGHT="22" WC="0.92" CONTENT="finnas."/><SP WIDTH="30" VPOS="1388" HPOS="532"/>
							<String ID="string_428" HPOS="562" VPOS="1388" WIDTH="89" HEIGHT="22" WC="0.91" CONTENT="Säledes"/><SP WIDTH="16" VPOS="1388" HPOS="651"/>
							<String ID="string_429" HPOS="667" VPOS="1389" WIDTH="41" HEIGHT="22" WC="0.96" CONTENT="kan"/><SP WIDTH="17" VPOS="1389" HPOS="708"/>
							<String ID="string_430" HPOS="725" VPOS="1389" WIDTH="70" HEIGHT="22" WC="0.93" CONTENT="denna"/><SP WIDTH="14" VPOS="1389" HPOS="795"/>
							<String ID="string_431" HPOS="809" VPOS="1389" WIDTH="88" HEIGHT="22" WC="0.92" CONTENT="invänd-"/>
						</TextLine>
						<TextLine ID="line_44" HPOS="81" VPOS="1417" WIDTH="816" HEIGHT="29">
							<String ID="string_432" HPOS="81" VPOS="1418" WIDTH="49" HEIGHT="28" WC="0.93" CONTENT="ning"/><SP WIDTH="22" VPOS="1418" HPOS="130"/>
							<String ID="string_433" HPOS="152" VPOS="1418" WIDTH="48" HEIGHT="22" WC="0.96" CONTENT="icke"/><SP WIDTH="19" VPOS="1418" HPOS="200"/>
							<String ID="string_434" HPOS="219" VPOS="1418" WIDTH="59" HEIGHT="21" WC="0.96" CONTENT="hålla"/><SP WIDTH="20" VPOS="1418" HPOS="278"/>
							<String ID="string_435" HPOS="298" VPOS="1418" WIDTH="79" HEIGHT="22" WC="0.94" CONTENT="streck."/><SP WIDTH="30" VPOS="1418" HPOS="377"/>
							<String ID="string_436" HPOS="407" VPOS="1417" WIDTH="111" HEIGHT="22" WC="0.96" CONTENT="Professor"/><SP WIDTH="14" VPOS="1417" HPOS="518"/>
							<String ID="string_437" HPOS="532" VPOS="1418" WIDTH="117" HEIGHT="26" WC="0.96" CONTENT="Malmgren"/><SP WIDTH="17" VPOS="1418" HPOS="649"/>
							<String ID="string_438" HPOS="666" VPOS="1420" WIDTH="23" HEIGHT="19" WC="0.97" CONTENT="är"/><SP WIDTH="16" VPOS="1420" HPOS="689"/>
							<String ID="string_439" HPOS="705" VPOS="1424" WIDTH="25" HEIGHT="16" WC="0.96" CONTENT="en"/><SP WIDTH="16" VPOS="1424" HPOS="730"/>
							<String ID="string_440" HPOS="746" VPOS="1419" WIDTH="42" HEIGHT="27" WC="0.93" CONTENT="god"/><SP WIDTH="14" VPOS="1419" HPOS="788"/>
							<String ID="string_441" HPOS="802" VPOS="1419" WIDTH="95" HEIGHT="21" WC="0.96" CONTENT="kännare"/>
						</TextLine>
						<TextLine ID="line_45" HPOS="81" VPOS="1446" WIDTH="817" HEIGHT="28">
							<String ID="string_442" HPOS="81" VPOS="1447" WIDTH="22" HEIGHT="22" WC="0.93" CONTENT="af"/><SP WIDTH="13" VPOS="1447" HPOS="103"/>
							<String ID="string_443" HPOS="116" VPOS="1447" WIDTH="119" HEIGHT="27" WC="0.91" CONTENT="Uleäborgs"/><SP WIDTH="16" VPOS="1447" HPOS="235"/>
							<String ID="string_444" HPOS="251" VPOS="1447" WIDTH="34" HEIGHT="21" WC="0.96" CONTENT="län"/><SP WIDTH="16" VPOS="1447" HPOS="285"/>
							<String ID="string_445" HPOS="301" VPOS="1447" WIDTH="40" HEIGHT="22" WC="0.96" CONTENT="och"/><SP WIDTH="15" VPOS="1447" HPOS="341"/>
							<String ID="string_446" HPOS="356" VPOS="1448" WIDTH="39" HEIGHT="20" WC="0.96" CONTENT="har"/><SP WIDTH="14" VPOS="1448" HPOS="395"/>
							<String ID="string_447" HPOS="409" VPOS="1447" WIDTH="57" HEIGHT="27" WC="0.96" CONTENT="gjort"/><SP WIDTH="15" VPOS="1447" HPOS="466"/>
							<String ID="string_448" HPOS="481" VPOS="1447" WIDTH="32" HEIGHT="21" WC="0.96" CONTENT="till"/><SP WIDTH="16" VPOS="1447" HPOS="513"/>
							<String ID="string_449" HPOS="529" VPOS="1448" WIDTH="31" HEIGHT="20" WC="0.93" CONTENT="sin"/><SP WIDTH="15" VPOS="1448" HPOS="560"/>
							<String ID="string_450" HPOS="575" VPOS="1446" WIDTH="84" HEIGHT="28" WC="0.93" CONTENT="uppgift"/><SP WIDTH="16" VPOS="1446" HPOS="659"/>
							<String ID="string_451" HPOS="675" VPOS="1448" WIDTH="32" HEIGHT="20" WC="0.93" CONTENT="att"/><SP WIDTH="14" VPOS="1448" HPOS="707"/>
							<String ID="string_452" HPOS="721" VPOS="1448" WIDTH="99" HEIGHT="26" WC="0.91" CONTENT="uppsöka"/><SP WIDTH="10" VPOS="1448" HPOS="820"/>
							<String ID="string_453" HPOS="830" VPOS="1448" WIDTH="68" HEIGHT="21" WC="0.91" CONTENT="laxar-"/>
						</TextLine>
						<TextLine ID="line_46" HPOS="81" VPOS="1476" WIDTH="817" HEIGHT="28">
							<String ID="string_454" HPOS="81" VPOS="1483" WIDTH="38" HEIGHT="15" WC="0.92" CONTENT="nas"/><SP WIDTH="23" VPOS="1483" HPOS="119"/>
							<String ID="string_455" HPOS="142" VPOS="1476" WIDTH="117" HEIGHT="28" WC="0.91" CONTENT="lekplatser"/><SP WIDTH="23" VPOS="1476" HPOS="259"/>
							<String ID="string_456" HPOS="282" VPOS="1477" WIDTH="55" HEIGHT="21" WC="0.91" CONTENT="ända"/><SP WIDTH="22" VPOS="1477" HPOS="337"/>
							<String ID="string_457" HPOS="359" VPOS="1476" WIDTH="31" HEIGHT="22" WC="0.93" CONTENT="till"/><SP WIDTH="24" VPOS="1476" HPOS="390"/>
							<String ID="string_458" HPOS="414" VPOS="1476" WIDTH="103" HEIGHT="22" WC="0.92" CONTENT="elfvarnes"/><SP WIDTH="20" VPOS="1476" HPOS="517"/>
							<String ID="string_459" HPOS="537" VPOS="1482" WIDTH="107" HEIGHT="22" WC="0.92" CONTENT="ursprung"/><SP WIDTH="15" VPOS="1482" HPOS="644"/>
							<String ID="string_460" HPOS="659" VPOS="1476" WIDTH="40" HEIGHT="22" WC="0.96" CONTENT="och"/><SP WIDTH="14" VPOS="1476" HPOS="699"/>
							<String ID="string_461" HPOS="713" VPOS="1476" WIDTH="40" HEIGHT="22" WC="0.93" CONTENT="har"/><SP WIDTH="16" VPOS="1476" HPOS="753"/>
							<String ID="string_462" HPOS="769" VPOS="1476" WIDTH="71" HEIGHT="23" WC="0.92" CONTENT="derför"/><SP WIDTH="15" VPOS="1476" HPOS="840"/>
							<String ID="string_463" HPOS="855" VPOS="1477" WIDTH="43" HEIGHT="27" WC="0.96" CONTENT="mig"/>
						</TextLine>
						<TextLine ID="line_47" HPOS="81" VPOS="1504" WIDTH="817" HEIGHT="29">
							<String ID="string_464" HPOS="81" VPOS="1506" WIDTH="116" HEIGHT="27" WC="0.93" CONTENT="veterligen"/><SP WIDTH="17" VPOS="1506" HPOS="197"/>
							<String ID="string_465" HPOS="214" VPOS="1507" WIDTH="46" HEIGHT="20" WC="0.96" CONTENT="rest"/><SP WIDTH="15" VPOS="1507" HPOS="260"/>
							<String ID="string_466" HPOS="275" VPOS="1512" WIDTH="43" HEIGHT="21" WC="0.96" CONTENT="upp"/><SP WIDTH="16" VPOS="1512" HPOS="318"/>
							<String ID="string_467" HPOS="334" VPOS="1505" WIDTH="32" HEIGHT="22" WC="0.93" CONTENT="för"/><SP WIDTH="16" VPOS="1505" HPOS="366"/>
							<String ID="string_468" HPOS="382" VPOS="1504" WIDTH="117" HEIGHT="28" WC="0.92" CONTENT="Ounasjoki"/><SP WIDTH="16" VPOS="1504" HPOS="499"/>
							<String ID="string_469" HPOS="515" VPOS="1505" WIDTH="40" HEIGHT="22" WC="0.96" CONTENT="och"/><SP WIDTH="15" VPOS="1505" HPOS="555"/>
							<String ID="string_470" HPOS="570" VPOS="1506" WIDTH="27" HEIGHT="21" WC="0.96" CONTENT="de"/><SP WIDTH="15" VPOS="1506" HPOS="597"/>
							<String ID="string_471" HPOS="612" VPOS="1505" WIDTH="128" HEIGHT="28" WC="0.96" CONTENT="vattendrag"/><SP WIDTH="15" VPOS="1505" HPOS="740"/>
							<String ID="string_472" HPOS="755" VPOS="1512" WIDTH="46" HEIGHT="15" WC="0.93" CONTENT="som"/><SP WIDTH="15" VPOS="1512" HPOS="801"/>
							<String ID="string_473" HPOS="816" VPOS="1506" WIDTH="28" HEIGHT="27" WC="0.90" CONTENT="gä"/><SP WIDTH="17" VPOS="1506" HPOS="844"/>
							<String ID="string_474" HPOS="861" VPOS="1512" WIDTH="37" HEIGHT="20" WC="0.92" CONTENT="ge-"/>
						</TextLine>
						<TextLine ID="line_48" HPOS="81" VPOS="1533" WIDTH="816" HEIGHT="29">
							<String ID="string_475" HPOS="81" VPOS="1541" WIDTH="49" HEIGHT="15" WC="0.96" CONTENT="nom"/><SP WIDTH="22" VPOS="1541" HPOS="130"/>
							<String ID="string_476" HPOS="152" VPOS="1534" WIDTH="128" HEIGHT="28" WC="0.96" CONTENT="Sodankylä,"/><SP WIDTH="17" VPOS="1534" HPOS="280"/>
							<String ID="string_477" HPOS="297" VPOS="1541" WIDTH="46" HEIGHT="15" WC="0.96" CONTENT="men"/><SP WIDTH="19" VPOS="1541" HPOS="343"/>
							<String ID="string_478" HPOS="362" VPOS="1534" WIDTH="42" HEIGHT="22" WC="0.93" CONTENT="han"/><SP WIDTH="15" VPOS="1534" HPOS="404"/>
							<String ID="string_479" HPOS="419" VPOS="1534" WIDTH="68" HEIGHT="22" WC="0.92" CONTENT="mäste"/><SP WIDTH="16" VPOS="1534" HPOS="487"/>
							<String ID="string_480" HPOS="503" VPOS="1534" WIDTH="68" HEIGHT="27" WC="0.93" CONTENT="aldrig"/><SP WIDTH="14" VPOS="1534" HPOS="571"/>
							<String ID="string_481" HPOS="585" VPOS="1533" WIDTH="63" HEIGHT="23" WC="0.87" CONTENT="hafva"/><SP WIDTH="15" VPOS="1533" HPOS="648"/>
							<String ID="string_482" HPOS="663" VPOS="1536" WIDTH="44" HEIGHT="20" WC="0.93" CONTENT="rest"/><SP WIDTH="17" VPOS="1536" HPOS="707"/>
							<String ID="string_483" HPOS="724" VPOS="1534" WIDTH="77" HEIGHT="28" WC="0.92" CONTENT="uppför"/><SP WIDTH="16" VPOS="1534" HPOS="801"/>
							<String ID="string_484" HPOS="817" VPOS="1535" WIDTH="80" HEIGHT="22" WC="0.92" CONTENT="Tenniö"/>
						</TextLine>
					</TextBlock>
				</ComposedBlock>
			</PrintSpace>
		</Page>
	</Layout>
</alto>
