1073 1720
408 112 41 18 Den
463 113 20 16 17
496 112 97 18 Februari.
839 115 40 20 173

91 179 33 20 att
138 178 129 21 remitteras.
297 178 41 27 Jag
352 180 45 20 tror
413 180 32 20 att
460 178 37 22 det
512 179 40 22 fins
567 179 58 22 vissa
641 179 124 22 essentiella
775 179 133 27 hörnstenar,

91 207 168 26 grundelement,
283 213 47 15 som
350 207 53 22 böra
420 207 23 21 få
457 208 56 26 plats
529 208 7 22 i
551 208 72 27 hvarje
639 208 172 22 konstitutionelt
825 214 84 15 monar-

89 236 59 20 kiskt
167 235 125 22 statsskick.
323 236 49 21 Man
391 236 40 22 har
449 236 89 27 specielt
557 239 73 19 nämnt
649 236 132 28 pressfrihet.
811 237 42 26 Jag
872 236 38 22 vill

89 264 86 22 framför
190 264 152 26 pressfriheten
358 265 63 21 ställa
435 265 200 27 religionsfriheten,
653 266 86 21 dernäst
755 264 154 35 pressfriheten

90 293 39 21 och
150 292 93 22 derefter
262 293 238 27 ministeransvarighet.
530 294 44 21 Det
591 293 67 23 finnes
674 295 56 19 ännu
744 293 79 27 många
838 293 72 27 dylika

89 321 135 25 hörnstenar,
240 321 215 27 undervisningfrihet
471 322 39 21 och
526 322 206 27 församlingsfrihet,
743 329 27 14 m.
781 322 28 26 fl.,
821 322 38 21 allt
868 322 41 21 lik-

90 350 53 21 visst
166 350 5 21 i
195 338 123 39 lagbundna
339 350 84 27 former,
446 350 48 22 icke
510 351 146 21 oinskränkta.
685 350 42 28 Jag
741 351 40 21 har
795 339 69 33 funnit
877 352 32 20 att

89 378 49 22 herr
153 378 54 22 Rein
223 379 49 21 sökt
287 379 7 21 i
310 379 38 21 sitt
363 379 109 22 memorial
488 380 24 21 så
527 380 52 26 godt
594 380 78 27 görligt
685 381 24 20 är
726 380 47 21 lösa
790 380 41 21 den
848 380 61 21 verk-

89 407 58 27 ligen
162 408 63 21 svåra
239 407 74 27 frågan
329 409 33 20 att
376 408 21 21 få
412 408 82 27 inrymd
509 409 6 21 i
531 409 48 21 vårt
593 408 116 22 statsskick
725 408 138 27 ansvarighet
876 408 34 22 för

89 437 128 20 monarkens
237 436 127 27 -rådgifvare.
394 436 47 22 Han
465 437 38 21 har
525 437 29 27 på
576 437 56 27 goda
650 437 47 21 skäl
716 439 131 22 utmönstrat
869 437 41 21 den

88 465 120 22 kriminella
223 465 266 33 ministeransvarigheten.
519 466 61 21 Dock
595 466 39 21 har
647 465 38 22 här
699 466 48 21 med
763 465 84 33 mycket
862 465 48 22 skäl

89 493 106 28 påpekats
217 500 27 15 en
266 493 55 22 brist
343 494 6 21 i
364 494 138 26 memorialet,
524 501 45 15 som
585 495 43 26 jag,
648 495 24 20 så
689 494 85 27 mycket
786 494 38 28 jag
838 494 72 22 skulle

90 522 68 22 önska
173 524 33 20 att
221 521 102 27 förslaget
337 523 120 21 remitteras
473 512 33 32 till
521 523 150 27 lagutskottet,
685 523 65 21 likväl
765 522 84 23 befarar
864 523 46 26 läg-

91 558 37 20 ger
151 550 76 22 hinder
247 551 7 21 i
274 553 69 25 vägen
357 551 33 21 för
404 551 87 27 frågans
507 552 87 26 slutliga
609 552 89 26 lösning,
715 551 40 21 och
771 552 70 21 denna
855 551 56 21 brist

90 582 30 24 är,
136 581 33 20 att
183 579 143 28 petitionären
342 580 54 21 varit
411 582 93 24 tvungen
519 582 34 20 att
567 580 138 27 undandraga
720 586 26 15 en
762 580 35 22 del
812 580 21 21 af
849 580 61 21 Hans

91 609 113 27 Majestäts
219 608 120 27 rådgifvare
354 609 40 21 den
410 609 137 27 ansvarighet
563 609 42 21 han
620 609 40 21 har
669 609 72 27 påfört
751 615 26 15 en
789 615 69 15 annan
869 608 41 22 del.

89 638 49 21 Men
158 637 37 27 jag
210 637 82 27 hoppas
308 637 90 27 ändock,
414 639 33 20 att
462 644 54 20 man,
533 638 25 22 så
572 638 64 21 framt
653 638 76 21 remiss
749 637 91 27 bifalles,
859 638 52 26 möj-

91 666 57 28 ligen
167 666 55 22 skall
241 666 73 21 kunna
329 666 6 21 i
350 666 144 27 lagutskottet
508 666 22 22 få
545 673 49 15 svar
608 667 28 27 på
651 666 70 22 denna
735 666 66 28 fråga,
817 666 93 26 hvilken,

90 695 76 21 liksom
183 695 40 21 den
239 701 34 15 om
287 695 127 27 pressfrihet
429 696 40 20 och
484 695 172 27 religionsfrihet,
672 695 39 22 har
727 695 40 21 den
783 695 127 27 lifaktighet,

92 726 32 19 att
139 724 41 21 den
196 724 74 21 städse
285 724 69 21 måste
370 724 137 26 återkomma,
523 724 72 22 såsom
611 724 22 21 af
641 724 38 21 vår
689 726 87 20 senaste
786 724 125 27 landtdags-

90 752 90 22 historia
197 752 57 22 klart
267 752 99 27 framgår.

158 781 33 21 De
203 781 64 21 ärade
277 780 219 27 ståndsmedlemmar,
509 788 46 14 som
565 781 110 21 bestämdt
684 782 91 20 motsatt
785 781 33 27 sig
828 781 83 26 remiss,

90 809 64 22 hafva
170 809 61 22 äfven
247 810 49 20 sökt
311 809 118 27 framlägga
444 810 47 21 skäl
506 810 33 21 för
554 810 33 21 sin
602 810 66 26 åsigt;
685 816 32 20 en,
729 810 38 27 jag
781 810 37 20 vill
828 810 82 21 minnas

91 838 42 22 den
148 837 67 23 förste
230 838 89 26 talaren,
331 838 68 26 ansåg
409 838 37 21 det
455 838 122 27 föreslagna
588 838 250 27 granskningsutskottet
847 838 65 21 blifva

92 868 32 19 ett
144 865 76 27 forum,
241 867 38 20 der
297 867 60 21 Hans
373 866 112 27 Majestäts
501 866 120 27 rådgifvare
637 867 75 25 skulle,
729 873 34 14 om
777 867 37 26 jag
829 866 82 21 minnes

91 897 49 24 rätt,
165 895 80 24 dömas,
268 901 26 15 en
314 895 99 27 domstol,
432 895 38 22 der
489 897 31 20 ett
535 895 111 22 uttalande
661 895 70 22 skulle
746 895 39 22 ske
800 897 52 19 nära
867 901 43 20 nog

90 923 111 22 definitivt.
231 924 32 21 En
278 930 70 15 annan
362 924 91 21 nämnde
469 923 52 27 åter,
538 925 32 20 att
585 924 40 21 den
636 923 69 28 gamla
715 925 130 20 rättssatsen
859 930 53 20 ,au-

91 953 71 21 diatur
177 954 23 19 et
215 953 68 21 altera
297 953 63 26 pars"
377 953 100 27 möjligen
493 953 84 21 komme
591 954 32 19 att
633 953 73 21 trädas
717 952 32 22 för
759 954 58 20 nära.
840 953 71 21 Dessa

91 981 114 28 yttranden
225 983 36 20 äro
281 982 73 26 redan,
375 982 66 27 enligt
459 982 42 21 min
517 982 71 25 tanke,
607 981 93 28 tillfylles
716 981 97 22 bemötta
827 981 23 22 af
863 981 50 22 herr

91 1010 61 21 Rein.
182 1011 41 25 Jag
241 1010 35 21 vill
295 1011 55 20 blott
372 1012 117 24 omnämna,
513 1012 32 19 att
568 1011 36 20 det
623 1009 122 27 föreslagna
760 1010 152 27 gransknings-

92 1039 107 21 utskottet
215 1038 107 22 sannolikt
336 1039 84 21 komme
436 1040 33 20 att
479 1040 59 25 taga
557 1038 91 22 initiativ
663 1038 47 22 icke
726 1038 92 22 allenast
832 1038 32 22 till
880 1040 32 19 ett

91 1067 223 26 misstroendevotum,
337 1067 38 22 der
390 1068 77 20 sädant
485 1068 43 20 kan
547 1067 104 27 päkallas,
671 1070 50 18 utan
741 1068 40 20 ock
801 1068 48 20 med
867 1066 45 22 lika

92 1096 46 21 skäl
159 1096 32 21 till
210 1097 31 20 ett
256 1096 195 21 förtroendevotum
466 1095 33 22 för
514 1097 114 25 regentens
642 1095 127 28 rädgifvare.
799 1096 55 20 Dess
869 1095 43 21 för-

92 1124 46 27 slag
160 1124 69 22 skulle
249 1124 122 22 sedermera
390 1124 104 27 granskas
515 1124 23 22 af
556 1124 126 26 Ständerna,
699 1124 100 27 möjligen
815 1124 60 21 äfven
891 1123 23 22 af

93 1153 47 22 dem
160 1153 132 27 godkännas,
311 1153 86 22 likvisst
411 1154 47 21 icke
474 1154 50 20 utan
542 1154 31 20 att
587 1153 60 21 Hans
662 1153 113 28 Majestäts
790 1152 120 28 rädgifvare

92 1182 72 21 kunde
188 1182 69 22 under
277 1181 52 22 flere
349 1182 79 22 former
449 1182 63 21 hafva
533 1182 83 21 tillfälle
638 1183 34 20 att
689 1182 97 21 deröfver
801 1182 33 26 sig
848 1183 64 26 yttra.

93 1210 49 22 Men
158 1213 107 24 antagom,
281 1212 33 20 att
328 1211 115 21 resultatet
452 1210 40 22 hos
503 1210 122 22 Ständerna
634 1210 42 22 blir
685 1210 226 26 misstroendevotum;

92 1239 60 27 längt
170 1240 54 20 ifrän
241 1241 32 20 att
287 1240 60 21 detta
362 1239 69 22 skulle
446 1239 23 22 af
482 1246 26 14 en
523 1239 88 27 upplyst
625 1239 116 21 allmänhet
756 1239 53 22 eller
825 1239 88 28 upplyst

92 1268 89 21 monark
197 1268 127 27 obetingadt
339 1268 130 27 godkännas.
491 1268 50 21 Men
557 1270 99 25 antagom
671 1268 72 25 också,
754 1270 33 19 att
795 1268 118 21 monarken

94 1297 68 21 skulle
178 1297 113 26 godkänna
307 1297 42 26 det,
365 1297 25 21 sä
400 1297 69 21 blefve
481 1296 79 27 följden
572 1297 77 21 endast
659 1297 41 20 den
711 1297 7 20 i
727 1296 186 22 konstitutionella

94 1327 67 20 stater
181 1325 44 22 ofta
245 1332 42 21 nog
306 1325 179 26 förekommande,
505 1327 33 20 att
552 1325 46 21 häri
613 1325 81 27 föreläg
709 1331 26 16 en
751 1325 114 26 anledning
879 1325 34 21 för

93 1354 60 20 Hans
168 1354 113 26 Majestäts
296 1354 119 26 rädgifvare
431 1356 32 19 att
478 1354 160 21 demissionera.
667 1354 43 20 Det
725 1353 68 21 finnes
809 1354 66 20 ocksä
886 1359 26 15 en

94 1387 69 16 annan
179 1383 66 25 utväg
259 1382 7 20 i
281 1382 73 25 saken,
372 1382 106 26 nämligen
497 1383 33 19 att
545 1381 54 22 efter
615 1387 83 16 vunnen
715 1381 115 26 utredning
846 1383 66 19 stats-

94 1409 75 23 chefen
185 1410 139 22 underkände
336 1411 141 25 kammarens,
490 1409 19 22 d.
519 1416 19 15 v.
550 1416 16 16 s.
578 1409 39 22 här
627 1409 147 28 landtdagens,
787 1410 62 25 äsigt.
873 1409 39 22 Ut-

95 1439 82 27 gången
193 1441 24 19 är
232 1439 43 22 lika
291 1438 131 27 tvifvelaktig
437 1438 33 22 för
480 1438 105 22 hvardera
595 1437 71 24 fallen.
688 1438 11 21 I
709 1439 78 21 sådant
795 1437 37 23 fall
843 1438 70 22 skulle

94 1468 130 27 landtdagen
240 1469 80 21 erhålla
335 1474 26 15 en
377 1469 100 25 dementi,
493 1467 96 28 uttryckt
603 1467 28 27 pä
647 1467 77 22 sådant
739 1469 50 24 sätt,
807 1469 32 19 att
853 1467 60 21 kam-

94 1504 73 15 maren
187 1497 41 21 blir
243 1497 93 27 upplöst.
366 1497 43 21 Vår
423 1497 23 21 L.
464 1497 24 21 O.
504 1496 118 22 innehåller
637 1497 6 21 i
659 1496 49 22 dess
725 1499 11 19 5
753 1496 19 27 &,
789 1497 71 21 såsom
873 1496 40 28 jag

94 1526 36 22 vill
150 1526 89 28 minnas,
260 1529 32 19 att
311 1526 60 22 Hans
390 1526 109 28 Majestät,
518 1532 34 16 om
568 1526 41 22 han
625 1526 24 22 sä
659 1525 32 23 för
705 1526 52 27 godt
771 1525 74 28 finner,
861 1532 53 21 eger
