1073 1723
402 101 41 18 Den
456 103 20 15 21
489 102 96 18 Februari.
851 104 39 19 199

166 166 56 22 Herr
236 167 249 22 Landtmarskalken
500 167 141 27 tillkännagaf
654 169 33 20 att
702 168 42 24 det,
754 168 48 20 med
818 166 100 22 afseende

97 195 14 21 å
126 195 71 27 vigten
212 194 22 22 af
248 197 32 20 att
296 196 26 21 de
337 196 79 27 nådiga
424 197 197 26 propositionernas
632 196 76 21 remiss
717 196 32 21 till
758 196 84 21 utskott
849 195 69 22 blefve

97 224 26 21 så
136 222 87 29 mycket
237 230 45 16 som
297 225 83 27 möjligt
395 225 124 27 påskyndad
534 225 57 21 inom
600 224 238 23 talmanskonferensen,
850 224 67 21 öfver-

98 252 140 22 enskommits
260 254 32 20 att
315 253 26 21 de
359 254 57 20 inom
431 253 91 21 stånden
537 253 82 21 fattade
635 253 98 21 besluten
748 259 35 15 om
798 252 72 27 dylika
885 259 33 15 re-

97 280 77 22 misser
189 283 77 24 genast
280 281 66 21 borde
359 282 106 26 justeras;
480 282 39 21 och
536 282 134 26 uppmanade
685 281 49 21 herr
744 280 174 22 Landtmarskal-

97 309 40 21 ken
161 310 48 20 med
224 309 115 27 anledning
354 310 63 22 häraf
432 310 263 22 riddarhussekreteraren
711 312 33 19 att
759 316 27 14 nu
803 309 32 21 till
848 310 70 26 juste-

97 339 46 25 ring
158 338 92 27 uppläsa
264 328 196 42 protokolisutdrag
475 340 58 20 Ötver
549 340 26 20 de
591 338 34 22 vid
644 339 61 21 detta
719 339 85 27 plenum
819 338 7 21 i
840 338 78 21 sädant

95 366 101 22 afseende
218 366 82 23 fattade
323 367 105 26 besluten,
452 368 51 21 derä
522 368 26 21 de
563 366 115 23 omordade
693 367 224 28 protokollsutdragen

96 394 70 23 blefvo
181 395 100 27 upplästa
296 396 40 21 och
351 396 33 21 till
400 396 40 22 alla
455 396 58 22 delar
524 396 119 27 godkända.

164 452 120 27 Föredrogs
300 453 260 22 riddarhusdirektionens
576 453 32 21 till
625 453 60 21 detta
699 453 86 26 plenum
800 453 118 26 bordlagda

95 481 119 22 berättelse
235 481 59 22 öfver
314 482 50 21 dess
379 482 138 21 verksamhet
532 482 66 21 sedan
614 484 87 19 senaste
716 481 110 26 landtdag.
855 481 62 27 Uppä

94 510 100 21 anhällan
210 509 23 22 af
245 510 75 21 herrar
334 511 73 21 Taube
422 511 40 21 och
478 510 105 21 Mechelin
602 510 81 22 beslöts
699 512 32 19 att
745 509 125 28 ytterligare
885 509 32 22 till

95 541 63 19 nästa
172 539 86 26 plenum
273 538 118 28 bordlägga
405 539 67 27 sagda
486 539 122 21 berättelse.

163 595 57 22 Herr
241 595 206 23 Landtmarskalken
463 596 119 22 hemstälde
597 595 104 22 huruvida
716 595 55 26 icke,
789 597 51 20 enär
854 597 64 19 nästa

96 625 86 26 plenum
196 625 85 21 komme
300 627 32 19 att
350 631 40 21 ega
404 632 46 15 rum
466 632 34 15 om
516 625 79 27 fredag,
613 625 40 21 och
668 624 27 21 dä
711 625 96 20 ständets
823 623 94 22 ledamö-

93 656 35 18 ter
150 653 54 22 intill
227 653 50 22 dess
293 654 61 21 torde
370 653 62 22 hafva
446 654 82 22 tillfälle
544 656 32 19 att
591 655 50 25 taga
656 653 120 21 kännedom
791 659 34 14 om
841 653 27 21 de
882 653 34 21 vid

95 682 61 21 detta
171 682 158 22 sammanträde
340 682 156 22 öfverlemnade
504 685 77 19 tvenne
590 689 40 20 nya
639 682 77 25 nådiga
723 681 193 27 propositionerna,

94 711 72 20 hvilka
182 710 122 27 antagligen
320 711 69 21 denna
404 712 52 20 eller
471 711 93 27 följande
580 711 41 26 dag
635 711 84 21 komme
735 712 33 19 att
782 710 40 21 hos
830 709 86 22 ståndet

96 739 92 26 utdelas,
205 739 24 21 R.
246 745 18 15 o.
280 740 25 20 A.
321 739 48 22 ville
387 746 34 19 nu,
437 740 32 21 till
485 739 105 22 vinnande
613 739 24 21 af
649 739 37 25 tid,
703 739 84 21 besluta
803 745 34 14 om
853 739 63 21 dessa

95 767 79 27 nådiga
188 768 168 27 propositioners
372 768 160 27 bordläggande
547 768 31 21 till
593 769 64 20 nästa
675 767 92 27 plenum.

163 796 51 21 Med
229 795 59 22 bifall
303 796 72 22 härtill
390 797 70 22 beslöt
476 798 24 20 R.
517 803 18 15 o.
552 798 23 20 A.
593 798 32 19 att
636 796 31 21 till
682 797 62 20 nästa
755 796 87 27 plenum
853 796 63 21 bord-

94 825 64 26 lägga
172 825 78 26 nädiga
264 825 184 27 propositionerna
463 826 56 21 N:ris
536 827 26 20 38
578 825 40 21 och
635 826 33 20 29.

163 882 63 27 Uppä
240 882 94 27 begäran
348 882 110 22 lemnades
474 884 61 20 ordet
551 884 22 20 ät

164 911 56 21 Herr
236 911 186 28 Montgomery,
438 918 46 15 som
493 912 29 27 pä
530 912 97 27 uppdrag
635 910 22 22 af
666 910 49 22 herr
725 910 123 26 Lagerborg
858 911 58 21 med-

95 940 83 26 delade,
195 942 33 19 att
243 939 68 23 denne
327 940 66 26 nägra
408 941 65 26 dagar
488 940 55 22 efter
557 940 140 26 landtdagens
706 939 114 27 öppnande
830 939 39 21 och
879 939 37 22 det

94 968 75 22 dervid
192 968 82 22 skedda
294 969 151 22 elektorsvalet
466 969 83 21 träffats
565 968 23 22 af
601 975 26 15 en
643 968 104 25 äkomma,
763 974 46 15 som
824 968 91 26 antagli-

95 1004 41 20 gen
160 999 56 19 ännu
238 996 51 23 flere
304 998 80 20 veckor
398 998 69 21 skulle
483 998 56 21 hålla
554 998 77 21 honom
647 997 28 27 pä
690 996 124 28 sjuklägret,
830 996 86 22 hvarför

95 1026 50 21 herr
168 1026 122 27 Lagerborg
310 1026 71 22 anhöll
396 1028 32 20 att
442 1026 66 22 blifva
523 1026 82 22 befriad
620 1025 47 22 frän
683 1026 121 26 uppdraget
818 1027 32 19 att
864 1032 51 14 vara

95 1061 26 15 en
137 1054 23 22 af
173 1054 97 22 ständets
286 1055 112 21 elektorer.

162 1083 100 22 Friherre
284 1083 72 27 Boije
378 1084 116 27 tillstyrkte
509 1084 59 21 bifall
583 1083 32 21 till
631 1084 69 20 denna
715 1082 50 22 herr
780 1082 134 27 Lagerborgs

93 1112 107 22 anhällan.

162 1140 31 22 Pä
215 1140 50 22 herr
287 1141 217 21 Landtmarskalkens
520 1140 155 26 framställning
690 1140 70 22 beslöt
775 1140 88 21 ständet
878 1140 36 21 be-

93 1169 42 21 fria
149 1169 50 21 herr
214 1169 124 27 Lagerborg
352 1170 47 21 frän
414 1170 120 27 uppdraget
550 1172 33 19 att
598 1175 50 16 vara
657 1169 97 21 ständets
766 1168 92 26 elektor;
875 1168 39 21 med

94 1198 114 27 anledning
224 1198 75 22 hvaraf
311 1198 51 22 herr
375 1198 207 22 Landtmarskalken
597 1198 135 27 uppmanade
747 1197 98 21 ständets
856 1197 58 21 med-

92 1227 90 21 lemmar
203 1228 33 20 att
257 1226 81 22 bereda
356 1227 32 27 sig
403 1227 57 27 uppä
475 1229 32 19 att
522 1227 35 21 vid
572 1228 64 20 nästa
650 1226 159 22 sammanträde
824 1227 49 20 utse
888 1232 27 20 ny

93 1255 84 21 valman
192 1256 7 20 i
214 1255 74 22 stället
302 1255 33 21 för
350 1256 48 20 herr
413 1256 129 26 Lagerborg.

161 1312 55 21 Herr
231 1312 128 21 Mechelin
375 1312 67 22 erhöll
457 1312 52 22 härä
524 1313 62 21 ordet
601 1312 40 22 och
657 1312 42 21 bad
710 1313 38 24 att,
758 1312 89 21 emedan
856 1311 58 21 stän-

93 1340 47 20 dets
156 1340 84 21 valmän
263 1342 68 19 utsett
348 1340 79 22 honom
442 1341 32 21 till
488 1341 95 21 ledamot
599 1340 58 22 säväl
672 1341 7 20 i
693 1340 107 21 allmänna
815 1340 99 21 besvärs-

92 1368 108 21 utskottet
209 1374 46 15 som
263 1368 170 26 statsutskottet,
441 1370 56 20 samt
505 1369 132 21 sistnämnda
645 1368 85 21 utskott
744 1368 44 20 valt
796 1367 77 21 honom
882 1367 32 21 till

93 1396 49 21 dess
158 1395 134 27 ordförande,
307 1396 22 21 få
344 1396 64 21 blifva
422 1396 82 22 befriad
515 1397 46 21 från
569 1397 172 26 ledamotskapet
750 1396 7 20 i
767 1396 147 21 förstnämnda

92 1426 90 25 utskott,
195 1427 51 19 enär
257 1425 37 21 det
308 1425 56 21 visat
373 1425 33 27 sig
414 1427 31 19 att
454 1426 26 21 de
488 1425 48 22 med
546 1424 218 28 ordförandeskapet
755 1420 10 38 i
773 1424 141 21 statsutskot-

92 1456 32 19 tet
134 1453 102 23 förenade
250 1454 124 27 göromålen
389 1454 47 22 icke
444 1454 34 22 väl
489 1454 73 22 kunde
573 1453 132 23 sammanstå
712 1454 49 21 med
769 1453 144 21 ledamotska-

91 1485 39 25 pet
143 1482 8 22 i
165 1482 107 22 allmänna
288 1483 198 22 besvärsutskottet
501 1483 39 22 och
556 1484 66 22 redan
637 1489 29 15 nu
680 1482 141 22 kollisioner
815 1478 12 37 i
837 1482 77 21 sådant

92 1511 101 23 afseende
209 1511 99 23 inträffat.
