1073 1717
385 102 40 18 Den
440 102 21 18 17
472 102 101 19 Februari.
826 105 38 20 137

76 166 105 22 särskilda
195 167 56 22 tider
266 170 109 19 emanerat
390 168 107 27 åtskilliga
512 169 76 27 nådiga
603 169 157 22 förordnanden
771 169 6 21 i
789 170 36 20 det
833 169 61 27 syfte,

75 197 32 20 att
127 196 26 22 de
168 196 7 21 i
191 197 88 21 senaten
295 196 172 22 förekommande
483 197 94 23 ärenden
592 198 67 22 måtte
674 198 73 21 kunna
761 198 49 21 med
825 199 69 20 större

76 224 155 27 skyndsamhet
244 224 92 22 beredas
352 226 40 20 och
405 225 33 21 för
452 226 105 21 vinnande
572 226 22 21 af
608 227 60 21 detta
678 226 98 22 ändamål
784 226 39 21 har
830 226 65 21 bland

75 255 65 19 annat
155 252 22 22 åt
192 253 122 27 respektive
329 254 145 26 expeditioner
489 255 6 21 i
507 254 92 22 'senaten
616 254 68 21 blifvit
700 254 153 22 öfverlemnadt
863 256 33 19 att

74 281 122 27 handlägga
212 282 39 21 och
266 281 74 27 afgöra
355 282 106 21 särskilda
476 282 100 22 ärenden.
596 282 52 22 Men
660 284 58 20 utom
734 284 69 20 denna
818 282 76 27 åtgärd

74 310 38 21 har
128 309 61 22 äfven
208 316 27 15 en
250 316 70 15 annan
336 310 188 22 decentralisation
539 310 23 22 af
575 312 107 20 ärendena
697 311 69 21 blifvit
780 311 114 27 påbjuden.

74 338 10 22 1
100 338 26 22 de
140 338 29 28 på
184 344 75 16 senare
279 339 56 21 tider
350 338 111 23 utfärdade
476 340 145 26 reglementen
636 339 33 23 för
684 340 27 21 de
727 340 95 22 centrala
836 346 58 20 myn-

76 367 125 27 digheterna
216 367 52 22 eller
290 367 188 27 öfverstyrelserna
493 368 32 22 för
541 368 26 22 de
583 368 105 22 särskilda
703 368 191 22 administrations-

74 402 105 22 grenarna
193 396 8 21 i
215 396 75 22 landet
303 396 40 22 har
358 396 23 21 åt
396 397 63 21 dessa
474 398 142 21 auktoriteter
625 397 69 22 blifvit
705 392 75 37 inrymd
791 403 26 15 en
826 398 70 21 större

75 425 123 26 myndighet
213 426 32 20 att
260 425 121 27 handlägga
396 426 39 21 och
451 426 73 26 afgöra
539 426 106 21 särskilda
660 426 99 21 ärenden.
771 437 27 4 —
808 426 42 26 Jag
858 426 38 21 ber

75 455 33 20 att
130 453 76 22 endast
228 453 21 22 få
270 453 85 28 påpeka
370 453 67 27 några
451 454 81 22 sådana
547 455 151 26 reglementen,
715 460 45 15 som
776 454 28 27 på
819 460 76 16 senare

74 481 57 22 tider
144 481 70 23 blifvit
232 481 120 28 utfärdade,
368 483 106 27 nämligen
489 483 33 22 för
536 483 167 27 forststyrelsen,
718 482 178 28 jernvägsstyrel-

75 517 38 15 sen
128 511 40 21 och
182 511 163 27 poststyrelsen.
371 511 42 22 Det
428 514 24 19 är
466 512 45 21 helt
526 512 104 27 naturligt
645 513 39 25 att,
699 512 29 27 på
743 517 81 16 samma
839 512 56 27 gång

76 539 74 22 landet
165 539 110 22 utvecklas
290 540 7 21 i
313 539 81 28 andligt
410 541 40 21 och
457 541 108 22 materielt
576 540 107 27 afseende,
692 541 118 21 ärendenas
818 540 78 27 mängd

75 568 54 23 skall
150 569 52 21 ökas
218 569 40 22 och
274 569 62 22 deras
353 569 149 27 skyndsamma
519 570 39 21 och
574 569 148 28 omsorgsfulla
738 569 159 28 handläggning

76 597 86 28 påkalla
184 598 106 27 åtgärder,
314 604 46 16 som
380 598 44 22 afse
444 598 65 22 bland
524 600 71 25 annat,
611 601 33 19 att
659 598 84 22 landets
760 599 77 26 högsta
852 600 44 25 sty-

76 627 110 21 relseverk
200 626 48 22 icke
262 627 67 22 måtte
345 627 126 27 öfverhopas
487 627 48 22 med
550 628 80 21 sådana
645 628 99 25 ärenden,
761 633 47 16 som
820 627 76 27 jemfö-

76 655 89 22 relsevis
189 657 37 20 äro
246 655 21 22 af
282 656 148 22 underordnad
446 657 50 26 vigt.
527 657 48 21 Men
592 657 67 20 tillika
676 658 23 19 är
715 655 37 22 det
767 656 131 27 nödvändigt

77 686 33 20 att
124 690 24 16 se
164 684 38 27 till,
218 685 33 20 att
266 685 34 21 vid
316 685 118 22 ärendenas
450 685 158 28 handläggning
622 686 8 20 i
641 685 26 21 de
679 687 89 19 senaten
780 685 117 21 underord-

76 713 55 22 nade
147 713 163 22 embetsverken
325 716 83 20 statens
423 714 108 22 intressen
544 714 117 27 behörigen
677 713 125 28 tillgodoses
814 713 39 22 och
865 715 33 19 att

78 742 65 27 nödig
158 742 136 27 sparsamhet
309 743 39 21 och
364 742 135 27 hushållning
514 743 49 21 med
578 743 83 21 landets
670 742 68 22 medel
746 742 152 27 iakttages.
884 738 18 36 —

76 771 76 21 Denna
174 771 156 26 angelägenhet
352 771 39 21 har
412 771 47 22 icke
479 772 91 26 undgått
585 773 101 20 senatens
701 770 196 28 uppmärksamhet.

77 799 41 21 Vid
133 799 107 22 särskilda
259 800 97 21 tillfällen
372 799 39 22 och
428 800 61 21 äfven
505 801 28 26 på
548 801 86 20 senaste
650 799 56 22 tider
720 800 40 21 har
775 800 123 21 densamma

77 828 82 27 utgjort
176 827 89 22 föremål
284 828 33 22 för
336 829 155 22 förberedande
507 829 185 26 öfverläggningar
706 828 57 22 inom
785 828 113 27 styrelsen.

76 857 42 26 Jag
133 857 39 21 har
182 857 58 22 velat
250 857 159 22 meddeladetta
419 857 33 22 för
463 860 32 19 att
504 857 118 25 framhålla,
634 859 32 20 att
675 857 37 21 det
722 857 22 22 af
754 857 144 27 petitionären

76 885 113 28 påpekade
212 885 39 22 och
267 885 23 22 af
307 886 43 27 mig
364 892 51 22 nyss
431 886 91 22 berörda
537 886 133 22 förhållande
684 886 48 21 icke
748 885 91 28 undgått
854 887 44 25 sty-

77 915 83 21 relsens
174 915 196 27 uppmärksamhet.
386 915 62 22 Hvad
463 915 207 27 petitionsförslaget
677 913 32 23 för
721 914 63 27 öfrigt
792 914 73 27 angår,
874 914 26 21 så

78 943 39 22 har
129 943 38 28 jag
182 943 47 22 icke
245 944 57 21 velat
317 944 35 22 vid
368 944 59 21 detta
443 944 82 22 tillfälle
540 944 50 27 ingå
604 944 8 21 i
622 944 70 26 någon
704 943 131 27 granskning
847 943 52 21 eller

76 972 135 22 bedömande
226 972 23 22 af
262 973 50 21 dess
327 973 98 21 innehåll.

145 1001 56 21 Herr
216 1007 41 16 von
273 1001 152 22 Haartman:
449 1001 45 22 Den
511 1002 65 21 ärade
591 1001 143 28 petitionären
748 1000 40 22 har
803 1001 7 20 i
824 1000 37 21 det
870 1006 30 15 nu

77 1029 147 27 föreliggande
247 1030 103 27 förslaget
372 1030 65 22 bland
456 1031 66 21 andra
540 1031 80 26 vigtiga
634 1029 72 27 frågor
719 1029 86 26 bringat
820 1029 31 21 till
868 1028 30 22 öf-

78 1058 139 27 verläggning
236 1059 56 21 inom
314 1060 24 20 R.
358 1065 20 15 o.
394 1059 23 21 A.
435 1058 60 22 äfven
512 1059 40 21 den
569 1065 33 15 om
618 1065 26 14 en
659 1057 115 22 förändrad
790 1057 108 26 organisa-

78 1087 46 21 tion
139 1087 22 21 af
179 1086 78 27 högsta
272 1087 172 28 styrelseverket.
475 1087 41 22 Om
530 1087 101 22 behofvet
646 1086 22 21 af
682 1086 68 21 denna
765 1085 134 28 reorganisa-

78 1115 46 22 tion
138 1115 67 22 redan
220 1117 39 26 gör
274 1116 34 27 sig
322 1116 99 27 gällande
436 1116 39 21 hos
491 1117 55 24 dem,
562 1122 46 15 som
624 1115 35 21 stä
674 1117 58 19 utom
748 1114 80 25 verket,
845 1115 54 20 huru

78 1144 85 28 mycket
177 1150 59 16 mera
258 1144 55 22 skall
330 1145 49 22 icke
395 1145 60 22 detta
468 1144 67 23 behof
548 1145 57 21 inses
622 1143 21 22 af
658 1144 53 25 dem,
729 1143 77 25 hvilka,
822 1143 77 21 liksom

76 1173 44 28 jag,
136 1173 69 22 under
220 1179 26 16 en
261 1174 73 26 längre
349 1173 51 28 följd
416 1173 23 22 af
452 1174 24 21 är
490 1173 56 22 varit
560 1173 122 22 nödsakade
698 1173 33 20 att
746 1172 87 26 deltaga
847 1172 7 21 i
870 1171 30 22 af-

79 1202 104 27 görandet
198 1201 24 22 af
235 1203 26 20 12
277 1202 13 21 3
306 1204 76 25 13,000
398 1203 92 21 ärenden
506 1208 34 16 om
556 1202 52 21 året.
637 1201 43 21 Det
694 1201 68 22 borde
772 1201 129 21 åtminstone

78 1231 48 22 icke
150 1237 50 16 vara
222 1232 33 20 att
276 1232 70 21 undra
365 1231 64 26 öfver,
450 1237 34 15 om
500 1231 60 22 detta
575 1230 96 27 ständigt
686 1229 124 27 fortgående
826 1229 74 22 arbete

78 1260 91 26 mängen
192 1259 57 27 gäng
271 1260 70 21 skulla
363 1259 111 22 framkalla
492 1262 31 19 ett
543 1259 108 25 missmod,
667 1259 91 20 alstradt
773 1258 23 21 af
809 1258 92 26 insigten

80 1288 79 26 derom,
176 1290 32 19 att
223 1288 61 22 äfven
300 1289 48 21 med
364 1288 39 22 den
418 1288 63 21 bästa
496 1288 50 27 vilja
560 1294 49 15 man
622 1287 48 21 icke
685 1287 42 21 kan
743 1288 109 20 motsvara
859 1286 42 21 alla

80 1316 27 22 de
121 1316 126 28 fordringar,
264 1323 45 15 som
325 1318 29 26 pä
368 1317 52 21 hvar
436 1316 38 22 och
491 1323 26 15 en
529 1316 23 22 af
560 1316 116 28 styrelsens
685 1315 137 22 medlemmar
829 1314 72 22 kunna

80 1344 82 22 ställas.
196 1346 32 20 De
252 1345 22 21 af
286 1346 144 26 petitionären
445 1345 121 27 föreslagna
581 1344 129 26 ätgärderna
724 1343 33 21 för
772 1346 34 18 att
820 1343 81 20 undan-

79 1373 62 27 rödja
157 1373 27 21 de
199 1373 150 27 öfverklagade
365 1373 166 27 olägenheterna
546 1372 52 22 eller
614 1378 25 15 en
656 1372 102 26 utvidgad
772 1370 130 27 befogenhet

80 1401 33 22 för
128 1403 102 20 senatens
246 1402 146 27 expeditioner
407 1401 40 22 och
463 1402 32 20 ett
510 1400 146 23 öfverförande
671 1400 45 22 frän
732 1402 89 19 senaten
834 1399 31 21 till
874 1399 26 22 de

80 1430 161 28 underlydande
262 1431 78 21 verken
363 1430 23 22 af
405 1430 107 27 åtskilliga
528 1430 92 22 ärenden
636 1428 22 23 af
672 1429 81 21 mindre
768 1428 51 28 vigt,
836 1434 64 22 Synas

80 1460 44 27 mig
139 1459 62 23 äfven
220 1466 52 16 vara
290 1460 48 22 fullt
353 1460 101 28 lämpliga
468 1459 33 22 för
516 1459 105 22 vinnande
636 1458 22 22 af
673 1458 36 22 det
724 1457 98 28 åsyftade
836 1457 65 22 ända-

82 1489 71 23 målet.
168 1502 28 3 —
211 1489 10 22 I
236 1489 69 23 likhet
322 1490 50 22 med
385 1489 143 28 petitionären
544 1494 63 17 anser
619 1488 39 28 jag
674 1488 36 21 det
724 1486 63 23 hafva
800 1486 46 23 ledt
861 1486 40 22 och

82 1519 50 23 leda
146 1518 38 23 till.
201 1518 91 30 verkligt
308 1525 62 23 gagn,
387 1520 31 22 att
433 1519 101 23 senatens
548 1517 220 30 justitiedeparments
784 1516 118 22 ledamöter
