1067 1723
206 134 42 21 450
516 131 41 18 Den
570 131 9 18 3
591 131 58 22 April

180 198 123 22 anstaltade
311 191 10 37 -
324 197 68 27 några
413 197 86 27 mycket
520 195 37 23 illa
572 197 95 21 ordnade
680 196 142 26 skallgängar,
839 202 48 15 man
902 195 52 22 kom
967 195 34 27 sig

179 227 33 21 till
236 226 39 22 och
298 226 50 21 med
370 225 33 21 till
422 225 41 21 den
483 225 181 27 ansträngningen
679 227 32 18 att
727 225 66 26 något
808 225 50 26 höja
873 224 126 27 premierna;

178 255 127 22 Resultatet
323 260 40 15 var
381 254 86 27 mycket
485 253 73 27 dåligt.
593 253 33 21 Då
645 253 48 21 fann
709 253 101 26 slutligen
826 253 126 26 regeringen
966 252 35 27 sig

179 283 122 22 föranlåten
323 284 33 20 att
376 281 51 28 höja
448 282 119 27 premierna
590 281 32 22 till
645 283 31 20 ett
698 281 86 27 mycket
798 281 53 27 högt
866 281 78 27 belopp
959 281 41 21 och

180 312 78 22 trodde
274 312 34 27 sig
322 311 87 22 dermed
423 311 64 21 vinna
501 310 72 22 målet.
603 310 43 21 Det
660 310 74 21 visade
750 310 133 27 sig-likvisst
893 310 47 21 icke
951 309 49 22 leda

181 341 87 21 derhän.
307 340 98 21 Orsaken
426 339 73 21 härtill
520 342 24 18 är
558 339 67 26 enligt
640 339 42 20 min
698 339 56 26 äsigt
769 339 48 25 den,
833 340 33 19 att
880 338 57 27 höga
951 344 49 21 pre-

180 369 54 22 mier
248 369 8 21 i
271 369 40 21 och
326 368 33 21 för
369 368 38 27 sig
421 368 49 21 icke
486 369 83 21 ensamt
584 367 73 21 kunna
671 367 50 21 leda
735 367 32 20 till
779 369 32 19 ett
821 367 109 21 verksamt
940 368 60 20 utro-

181 398 65 21 tande
269 397 23 21 af
305 397 87 27 rofdjur.
426 396 43 21 Det
483 396 84 21 fordras
583 402 26 15 en
625 396 148 27 systematiskt
788 396 87 25 ordnad,
892 395 64 21 redan
972 395 29 27 på

181 426 92 21 förhand
287 425 115 22 förberedd
414 425 127 26 jagtstadga
557 424 52 21 eller
620 424 140 27 jagtordning
770 424 39 21 och
820 424 38 21 det
865 423 83 22 fordras
958 423 42 21 till-

180 454 131 26 rustningar,
327 459 48 16 som
389 453 47 21 icke
451 453 29 26 på
495 453 66 26 några
580 452 67 27 dagar
665 452 105 27 iordning
779 452 81 21 ställas.
876 452 126 21 Resultatet

181 482 46 22 blef
240 482 67 22 också
321 481 131 22 fortfarande
468 481 71 27 dåligt,
556 481 32 21 till
604 481 50 21 dess
669 481 100 26 slutligen
785 481 127 26 regeringen
922 480 28 27 på
958 479 43 22 för-

182 511 47 27 slag
244 510 22 22 af
281 517 27 15 en
322 509 81 22 komité
417 510 73 26 vidtog
506 509 67 28 några
587 509 116 26 kraftigare
719 509 107 26 åtgärder.
856 509 34 21 Då
900 509 102 27 lyckades

181 546 49 15 man
246 539 108 26 slutligen,
370 539 129 20 :åtminstone
515 538 33 22 för
563 544 26 15 en
605 538 37 26 tid,
658 537 65 22 blifva
735 538 63 21 herre
814 537 59 22 öfver
886 537 114 28 rofdjuren.

182 568 161 21 Allmänhetens
359 567 93 27 anspråk
466 567 29 27 på
509 566 92 27 kraftiga
616 567 101 26 åtgärder
731 572 51 15 voro
799 567 85 21 således
895 565 32 22 för
935 567 66 25 ögon-

182 597 81 21 blicket
285 595 170 22 tillfredsstälda.
491 596 42 21 Det
553 597 24 20 är
591 595 48 21 icke
654 601 42 20 nog
711 595 49 21 med
776 597 32 19 att
823 601 48 15 man
887 594 33 22 för
935 596 66 25 ögon-

182 625 82 22 blicket
278 624 77 22 blifver
369 624 63 21 herre
447 623 59 22 öfver
521 624 37 21 det
573 623 62 26 onda,
651 629 49 15 man
710 623 70 21 måste
789 623 137 26 ovilkorligen
936 623 66 21 tänka

182 654 29 27 på
234 655 32 20 att
289 653 67 21 ordna
375 653 68 20 saken
458 653 24 20 så
497 654 32 19 att
544 652 106 21 likartade
665 651 126 22 företeelser
806 652 6 20 i
827 653 47 20 vårt
889 651 50 22 land
954 651 49 22 icke

182 682 36 21 må
233 681 48 22 åter
295 681 86 22 komma
395 681 34 20 till
444 681 70 21 stånd.
547 681 43 21 Det
604 682 24 19 är
643 680 71 21 derför
731 680 38 27 jag
785 686 69 19 anser,
870 682 33 19 att
918 679 84 22 landets

184 711 88 21 ständer
293 716 29 15 nu
334 709 150 26 ovilkorligen
507 709 69 21 måste
599 709 108 21 verksamt
730 709 82 26 ingripa
829 709 7 20 i
856 709 40 20 den
912 708 48 21 män
976 708 28 21 de

183 739 79 27 kunna,
278 738 33 22 för
326 739 33 21 att
372 737 96 28 afhjelpa
486 737 27 23 de
530 737 86 27 brister,
633 743 46 15 som
693 737 7 21 i
715 737 188 27 lagstiftningsväg
918 736 85 22 förefin-

183 774 46 15 nas.
259 767 136 26 Regeringen
409 766 40 21 har
464 767 56 26 gjort
535 766 37 21 allt
587 766 56 21 hvad
658 766 27 26 på
701 766 40 21 den
757 766 129 26 ankommer,
898 772 28 14 nu
935 768 24 18 är
967 766 37 20 det

184 796 144 21 allmänheten
349 795 50 27 sjelf
412 801 47 15 som
474 801 75 21 genom
565 795 46 21 sina
626 796 174 25 representanter
814 795 40 21 bör
869 794 54 22 söka
938 794 66 21 verka

184 824 33 22 för
238 824 73 21 målet.
340 824 83 20 Brister
445 824 7 20 i
471 823 186 27 lagstiftningsväg
672 822 63 22 hafva
749 823 87 21 funnits.
867 823 50 21 Man
933 822 71 21 kunde

184 853 48 22 icke
255 853 68 21 ordna
339 852 76 27 jagten
432 852 56 21 inom
505 852 131 26 kommuner,
653 858 45 15 som
713 857 51 16 voro
780 851 90 28 härjade
884 851 24 22 af
921 857 82 21 vargar,

184 882 29 27 på
228 882 42 21 den
285 881 68 27 grund
369 883 32 19 att
416 887 49 14 man
480 881 47 21 icke
543 880 78 22 trodde
637 881 32 24 sig
685 887 39 20 ega
739 882 60 25 magt
813 881 33 20 att
861 880 71 26 tvinga
944 880 60 21 kom-

184 916 105 16 munerna
303 910 33 21 till
350 911 33 26 att
391 911 70 22 .t.:ex.
477 909 64 22 hafva
553 909 85 27 jagttyg
653 909 39 21 och
707 911 91 25 vargnät
812 915 20 16 o.
848 915 17 15 s.
876 915 18 15 v.
911 909 45 20 Här
965 909 40 21 har

185 939 70 22 blifvit
277 938 122 21 framhället
419 938 36 21 vid
475 939 40 20 den
532 938 105 21 allmänna
653 937 156 26 diskussionen,
826 939 32 20 att
873 937 131 22 bestämnin-

186 973 66 21 garna
274 967 7 21 i
304 968 27 20 23
351 966 92 27 käpitlet
462 966 24 21 B.
507 967 24 20 B.
548 969 56 18 ännu
619 966 87 27 gvarstä
720 966 33 21 för
768 967 27 20 de
810 967 132 24 kommuner,
958 971 47 16 som

186 996 48 21 icke
248 995 71 22 funnit
333 995 97 26 lämpligt
443 996 33 19 att
490 995 28 26 pä
534 997 65 19 annat
614 996 45 20 sätt
674 995 66 20 ordna
751 990 38 35 sina
785 994 219 27 jagtförhällanden.

186 1024 127 22 Emellertid
334 1023 67 22 Jefver
423 1023 145 22 allmänheten
590 1023 7 21 i
620 1023 131 26 okunnighet
771 1029 35 15 om
821 1023 103 21 huruvida
942 1023 64 21 dessa

187 1052 135 27 stadganden
337 1052 87 27 gvarstä
440 1052 51 21 eller
506 1052 54 21 icke.
590 1052 43 21 Det
649 1053 23 20 är
686 1052 28 27 pä
730 1052 64 21 dessa
805 1052 98 26 grunder,
915 1057 36 16 som
967 1051 38 27 jag

188 1081 69 22 skulle
273 1080 85 23 anhålla
373 1087 40 19 om,
429 1082 32 19 att
476 1081 119 21 utskottets
611 1080 135 21 betänkande
762 1080 66 21 måtte
837 1080 168 21 äterremitteras

187 1110 33 22 till
235 1110 109 27 utskottet
358 1109 33 21 för
405 1110 34 20 att
455 1109 122 21 omarbetas
592 1109 7 20 i
615 1109 36 20 det
666 1108 61 27 syfte,
745 1111 32 18 att
793 1109 99 26 gällande
904 1108 102 27 stadgan-

188 1139 41 21 den
244 1138 7 21 i
266 1137 79 27 nädiga
358 1137 151 27 förordningen
525 1137 41 22 den
583 1139 26 19 10
624 1137 102 21 Februari
743 1139 53 19 1868
812 1137 67 21 mätte
894 1136 111 22 förändras

187 1167 32 26 sä,
242 1168 33 20 att
297 1166 164 21 kommunernas
481 1165 122 28 skyldighet
618 1167 32 19 att
667 1165 66 22 ordna
747 1165 166 27 rofdjursjagten
930 1165 76 21 ätmin-

188 1197 62 20 stone
264 1195 8 21 i
287 1194 134 27 hufvuddrag
435 1195 68 20 mätte
518 1194 91 27 lagligen
624 1194 131 21 bestämmas
771 1195 40 20 och
825 1194 149 21 försummelse
985 1193 24 22 af

188 1225 69 21 denna
273 1222 121 28 skyldighet
408 1223 50 20 med
472 1223 49 26 laga
536 1229 78 15 ansvar
628 1222 109 27 beläggas.

256 1252 57 21 Herr
334 1257 42 16 "von
398 1250 118 22 Alfthan:
538 1251 41 26 Jag
594 1251 45 26 har,
661 1251 27 20 dä
711 1251 69 21 denna
788 1246 13 35 8
823 1251 84 21 förevar
921 1251 32 20 till
968 1251 38 21 be-

188 1279 102 27 handling
309 1279 57 21 inom
379 1279 119 25 utskottet,
515 1279 62 26 yrkat
592 1279 28 26 pä
635 1278 88 27 ungefär
739 1285 80 15 samma
834 1279 45 25 sak,
896 1284 46 16 som
958 1279 48 25 den,

188 1309 86 21 hvilken
289 1307 89 22 friherre
392 1307 79 21 Wrede
485 1307 122 26 frambällit,
622 1307 105 26 nämligen
736 1309 33 18 ätt
776 1307 153 21 kommunerna
937 1307 69 21 skulle

189 1336 166 29 skyldigkännas
371 1337 32 20 att
417 1335 50 28 ingä
481 1335 108 22 särskilda
604 1334 226 23 öfverenskommelser
845 1336 49 21 med
905 1335 101 22 afseende

189 1366 13 22 &
216 1365 93 28 rofdjurs
325 1364 130 27 utdödande,
471 1364 99 22 liknande
587 1364 54 27 dem,
658 1370 45 16 som
719 1365 153 21 kommunerna
886 1363 72 22 träffat
969 1371 37 14 an-

190 1393 83 29 gående
294 1393 182 28 fiskerinäringen,
500 1400 47 15 men
571 1393 59 22 detta
651 1393 81 27 förslag
754 1400 55 15 vann
824 1393 47 22 icke
886 1393 120 22 utskottets

189 1423 156 28 godkännande
368 1422 184 27 hufvudsakligast
575 1422 28 28 på
623 1422 41 22 den
679 1422 75 28 grund,
771 1424 32 20 att
818 1422 108 22 utskottet
940 1422 67 27 ansåg

190 1453 37 21 det
241 1458 52 16 vara
307 1453 60 21 utom
381 1452 38 21 allt
435 1451 77 27 tvifvel,
529 1453 33 20 att
577 1452 188 26 bestämningarna
779 1452 7 21 i
802 1453 26 20 23
844 1451 92 28 kapitlet
947 1451 57 21 B.B.

190 1484 56 20 ännu
262 1483 37 20 äro
315 1480 104 28 gällande,
436 1480 28 27 pä
480 1482 44 20 sätt
540 1481 38 27 jag
597 1481 68 21 under
679 1482 87 20 senaste
781 1481 87 26 plenum
883 1480 55 22 hade
955 1482 52 19 äran

188 1510 118 22 framhälla.
337 1509 41 27 Jag
392 1515 50 15 vore
458 1509 125 27 visserligen
599 1516 28 14 nu
642 1508 71 28 hugad
729 1511 32 19 att
776 1508 132 22 understöda
918 1508 88 22 friherre

183 1539 95 22 ”Wredes
295 1537 84 27 förslag,
396 1544 49 16 men
461 1538 26 22 dä
504 1538 36 22 det
555 1540 24 19 är
593 1538 74 26 kändt,
683 1540 32 19 att
730 1533 85 36 frägani
824 1538 33 21 sin
868 1537 74 22 helhet
950 1538 57 21 inom
