1073 1723
195 121 41 21 200
478 117 40 18 Den
531 118 20 16 21
565 116 95 18 Februari.

196 134 11 7 På

235 184 71 22 Sedan
320 184 52 21 herr
386 183 100 26 Munck,
502 185 24 20 R.
542 183 22 21 F.
581 182 96 22 förordat
691 181 59 22 bifall
766 181 31 21 till
807 181 49 20 herr
867 179 119 22 Mechelins

167 213 104 25 anhållan,
295 212 72 22 beslöt
388 212 25 21 R.
432 219 18 14 o.
472 212 24 21 A.
512 214 33 19 att
560 211 108 26 entlediga
681 211 51 21 herr
745 209 104 32 Mechelin
865 209 45 21 från
926 207 60 22 leda-

167 242 134 26 motsskapet
314 241 9 21 i
338 241 105 21 allmänna
456 240 204 25 besvärsutskottet,
671 239 49 21 med
730 238 113 26 anledning
853 236 74 22 hvaraf
938 237 51 32 herr

167 270 205 22 Landtmarskalken
388 269 118 22 anmodade
521 269 97 22 ständets
634 268 84 21 valmän
733 269 33 20 att
780 267 25 21 sä
819 266 43 21 fort
876 271 46 16 som
935 266 52 26 möj-

167 300 40 26 ligt
230 302 49 19 utse
299 305 68 15 annan
382 298 115 22 ledamot
488 291 10 39 i
513 298 107 21 allmänna
633 296 197 22 besvärsutskottet
844 295 6 21 i
867 295 73 21 stället
954 293 36 22 för

167 329 50 20 herr
231 327 113 26 Mechelin,
361 333 44 15 som
422 327 61 25 dock,
499 326 54 22 intill
570 326 48 21 dess
635 326 59 21 detta
709 325 33 21 val
758 326 36 25 egt
805 326 51 19 rum
864 323 40 22 och
914 324 73 31 proto-

167 356 134 26 kollsutdrag
316 356 74 21 derom
406 355 83 22 kunnat
504 355 104 26 utfärdas,
624 354 67 21 borde
705 353 101 22 fortsätta
821 353 33 20 att
868 353 120 26 tjenstgöra

167 386 6 20 i
190 384 133 22 sistnämnda
338 384 89 22 utskott.

236 441 89 22 Plenum
340 440 75 22 afslöts
430 441 53 20 härå
497 441 29 20 kl.
544 443 9 18 1
570 440 28 27 på
613 440 73 26 dagen.

254 491 2 2 ,
743 467 21 18 In
775 466 64 18 fidem:

651 496 69 22 Victor
738 497 25 20 de
780 496 21 21 la
818 494 101 28 Chapelle.

388 583 45 22 Den
449 583 32 22 24
497 582 107 23 Februari
621 581 29 23 kl.
666 581 13 23 II
695 581 17 22 f.
730 587 25 16 m.

236 634 56 21 Herr
307 633 205 22 Landtmarskalken
529 633 98 28 öppnade
641 633 167 21 sammanträdet
818 632 48 21 med
878 632 111 21 tillkänna-

169 662 99 27 gifvande
283 664 33 19 att
330 663 77 26 pollett
421 663 91 26 uttagits
528 662 32 22 för
576 662 70 25 adliga
658 664 58 19 ätten
726 661 39 30 N:o
774 663 26 19 97
812 661 146 26 Adlercreutz,
967 659 24 23 af

170 691 48 22 herr
233 691 146 26 Adlercreutz,
394 691 100 26 Thomas,
515 691 58 26 Erik,
589 691 87 24 Robert,
692 689 70 25 Adolf,
777 690 154 27 possessionat.

237 776 40 22 Till
290 776 107 27 justering
412 776 111 27 upplästes
539 776 197 27 protokollsutdrag
752 775 59 22 öfver
826 776 26 21 de
868 774 23 22 af
900 775 89 21 ständet

168 805 36 21 vid
220 807 85 19 senaste
320 805 86 27 plenum
421 805 81 21 fattade
518 805 77 26 beslut,
611 805 72 21 hvilka
697 804 108 28 protokoll
820 804 28 21 dä
859 804 49 22 ieke
919 804 70 22 blefvo

166 834 117 26 justerade.

237 891 55 21 Från
315 891 139 21 medständen
475 891 55 22 hade
545 891 94 27 följande
654 891 197 27 protokollsutdrag
866 890 124 27 ankommit,

169 919 114 28 nämligen:

383 948 45 21 frän
444 949 170 25 Presteständet,
630 948 147 25 meddelande,

238 979 32 18 att
286 977 88 20 ståndet
393 977 32 21 till
447 977 145 26 lagutskottet
609 977 119 21 remitterat
743 978 33 19 ett
791 977 13 20 å
818 976 173 27 presterskapets

170 1005 7 20 i
192 1005 71 27 Borgä
278 1005 48 21 stift
340 1007 79 24 vägnar
434 1006 23 20 af
471 1006 48 21 dess
534 1008 173 25 representanter
722 1005 34 22 vid
766 1005 69 22 denna
845 1005 103 26 landtdag
956 1011 36 20 ge-

168 1036 106 19 mensamt
294 1033 86 26 afgifvet
399 1034 39 21 och
454 1035 6 20 i
476 1035 132 26 protokollet
622 1034 32 21 för
670 1035 40 20 den
727 1036 11 19 7
754 1034 143 21 innevarande
913 1033 77 22 mänad

168 1063 82 26 intaget
270 1063 213 26 petitionsmemoria!
502 1063 90 22 rörande
609 1062 125 22 efterlefnad
750 1062 22 22 af
784 1062 186 27 lagstadgandena
984 1062 7 21 i

169 1093 25 18 57
210 1091 92 27 kapitlet
316 1091 28 22 M.
360 1091 24 21 B.

237 1121 32 20 att
284 1120 174 21 Presteständets
471 1120 106 22 elektorer
587 1121 32 20 till
629 1120 135 21 ledamöter
758 1116 9 36 i
778 1120 212 27 bevillningsutskot-

168 1150 38 25 tet,
231 1148 7 20 i
260 1148 73 22 stället
354 1148 34 21 för
406 1148 77 22 aflidne
499 1149 77 22 doktor
591 1148 100 27 Lampön,
706 1150 69 20 utsett
788 1149 203 26 kontraktsprosten

168 1176 115 27 Wegelius,
300 1179 56 19 samt
370 1177 33 21 för
417 1179 33 19 att
464 1177 51 27 fylla
531 1179 40 20 den
587 1177 188 27 suppleantplats
771 1172 10 37 i
790 1177 98 22 bemälda
898 1177 92 26 utskott,

168 1205 85 21 hvilken
268 1205 101 22 beklädts
385 1205 22 21 ai
420 1206 50 21 herr
485 1206 115 26 Wegelius,
617 1206 32 21 till
659 1206 113 27 suppleant
782 1206 149 26 kyrkoherden
940 1206 52 21 Fro-

169 1235 79 24 sterus,
264 1233 109 22 äfvensom
388 1234 32 21 till
439 1234 119 22 ledamöter
573 1235 5 20 i
592 1234 228 27 justeringsutskottet
835 1234 156 21 öfverlärarene

169 1261 78 21 Geitlin
264 1262 40 21 och
320 1262 105 25 Kihlman,
442 1263 40 20 och
497 1263 32 20 till
546 1263 137 26 suppleanter
697 1264 6 19 i
720 1269 80 14 samma
815 1263 85 20 utskott
910 1262 81 27 profes-

168 1295 36 15 sor
218 1290 87 21 Donner
320 1290 39 21 och
375 1290 147 27 kyrkoherden
539 1291 63 26 Lyra;

239 1319 33 20 att
286 1318 163 21 Presteständet
464 1319 33 20 till
512 1319 165 21 statsutskottet
687 1319 120 21 remitterat
817 1319 132 21 berättelsen
958 1324 34 16 om

166 1346 230 28 jernvägsbyggnaden
411 1347 89 21 emellan
516 1347 141 22 Tammerfors
674 1347 40 22 och
728 1347 76 26 Wasa;

237 1377 32 19 att
284 1375 163 22 Presteständet
462 1376 31 21 till
508 1376 145 27 lagutskottet
660 1377 121 21 remitterat
791 1377 154 27 prokuratorns
954 1376 36 22 be-

167 1404 90 22 rättelse
273 1410 34 16 om
322 1404 163 28 lagskipningen
502 1405 40 21 och
557 1406 100 26 lagarnas
672 1405 162 23 handhafvande
850 1406 7 21 i
871 1406 83 26 landet;

379 1444 47 22 frän
441 1445 184 27 Borgareständet
640 1445 22 22 af
675 1446 100 27 innehäll,

236 1480 32 20 att
283 1480 88 21 ståndet
385 1480 31 20 till
432 1480 164 22 statsutskottet
615 1480 119 22 remitterat
750 1481 41 21 den
810 1481 22 21 af
846 1481 96 21 komit&n
956 1481 34 21 för

166 1506 66 22 Wasa
244 1508 199 27 jernvägsbyggnad
459 1508 79 26 afgifna
554 1509 142 26 berättelsen;
