1081 1723
406 106 42 19 Den
463 108 9 17 7
486 106 95 19 Februari.
843 109 30 21 59

76 171 112 27 larhafvet,
211 172 73 22 hvilka
303 172 142 24 hafva-ställt
460 173 32 28 sig
507 173 158 28 i:spetsen:för
679 174 61 21 detta
753 173 94 28 företag;
862 180 38 15 un-

76 202 44 23 der
131 201 37 22 det;
185 203 34 19 att
232 200 50 22 idén
297 201 40 22 har
351 201 110 24 omfattats
477 202 49 22 med
535 203 62 26 stort
610 202 94 22 intresse
718 203 9 21 i
741 203 78 25 många
829 203 73 20 andra

76 229 83 26 länder,
180 230 71 22 såsom
275 224 135 37 Frankrike,;
420 224 94 37 Holland,
529 224 119 37 Österrike,
664 230 48 22 icke
726 232 33 20 ätt
772 230 128 27 förglömma

76 253 81 37 Norge:
170 257 40 22 och
232 258 95 26 Sverige,
341 258 24 27 ja.
381 257 63 24 äfven
459 259 109 26 Tyskland
583 259 41 21 sist
638 259 163 26 och-slutligen.
824 258 75 22 Wisst

75 287 152 25 och..sant-är,
242 288 34 20 att
289 286 97 23 Finland
394 287 7 21 i
410 286 76 30 denna
499 289 61 20 stora
575 287 164 23 internationela
752 288 90 22 konsert
850 293 49 20 spe-

75 315 34 21 lar
123 321 26 15 en
158 315 95 26 ganska.
266 315 61 27 ringa
341 317 98 24 stämmay
455 321 50 16 men
519 316 7 21 i
540 311 43 37 alla
595 315 40 22 fall
649 315 36 22 stä
699 316 20 21 vi
734 316 65 27 polen
814 315 86 28 mycket

75 346 54 20 nära:
143 343 41 22 och
194 344 78 22 kunna
284 343 47 28 just.
345 350 82 21 genom:
436 344 70 22 denna
521 344 82 27 närhet,
619 347 53 19 utan
687 345 38 21 allt
739 345 34 21 för
787 347 111 25 stor-upp-

75 372 84 27 offring,
175 373 150 22 åstadkomma
339 379 27 16 en
381 373 50 24 länk
446 373 7 21 i
468 373 226 22 observationsserien.
713 373 26 22 Vi
754 373 64 22 hafva
825 373 75 22 dervid

75 401 43 24 den
139 401 96 23 fördelen
255 403 32 20 att
301 402 8 21 i
324 402 48 22 vårt
387 403 50 26 eget
450 401 57 27 land,
523 402 24 22 af
559 402 48 21 vårt
621 404 51 25 eget
685 402 67 27 virke,
766 404 56 20 utan
834 402 64 27 långa

75 432 142 26 transporter,
244 430 73 23 kunna.
343 431 70 27 bygga
427 430 51 21 hus
500 431 33 22 för
555 430 51 22 våra
628 431 167 26 observatorier;
818 433 21 20 vi:
862 431 35 21 be-

74 459 63 30 höfva
146 455 79 38 idertill
240 461 56 21 ännu
311 459 70 27 lägga
391 459 76 23 endast
483 460 182 25 observatorerne;
680 460 43 21 lätt
735 459 67 22 funna
816 460 8 21 i
838 459 60 22 hem-

75 490 45 22 met
134 483 47 36 och.
191 488 66 27 nägra
272 488 253 27 precisionsinstrument,
541 488 103 22 hämtade
657 488 48 23 från
717 488 111 22 utlandet.
848 488 50 22 Den

75 512 88 36 summa,
182 519 39 20 som
242 517 46 21 står
302 517 6 21 i
313 516 78 27 fråga,
407 522 65 22 synes
486 517 36 22 vid
537 517 68 22 första
620 517 128 26 ögonkastet
758 520 52 23 stor,
819 518 78 25 40,000

75 545 107 26 3:50,000
194 545 69 27 mark,
281 545 52 23 eller
347 546 66 26 något
427 551 65 21 mera,
507 552 48 16 men
571 545 57 22 hvad
643 546 90 27 betyder
746 546 35 21 väl
792 545 63 22 detta
861 545 37 22 be-

74 574 58 27 lopp,
145 573 104 29 jemfördt
263 575 50 22 med
327 574 109 23 förmånen
452 576 33 19 att
499 575 72 21 kunna
586 581 51 15 vara
652 575 49 21 med
715 580 35 16 om
765 576 32 19 ett
808 575 26 21 sä
840 576 58 20 stort

75 603 161 21 internationelt
257 602 171 27 företag?:;.bvad.
443 603 91 27 betyder
546 603 38 21 väl
597 603 44 24 det,
657 603 28 22 dä
699 603 94 27 man:pä
806 603 96 22 förhand'

75 631 43 25 kan
140 638 51 15 vara
213 631 65 22 säker
301 632 131 26 deromjy-att
446 632 37 21 det
496 631 163 28 vetenskapliga
673 633 114 21 resultatet.
801 632 97 21 kommer

74 662 33 19 att
129 660 66 25 blifva
212 660 159 27 jnflytelserikt,
387 661 28 21 dä
429 667 50 15 man
494 661 69 21 tillika
575 661 45 22 kan
635 667 51 15 vara
701 661 69 25 säker,
787 662 33 20 att
834 661 63 21 arbe-

74 689 54 22 tet;.i
143 689 93 25 Finland
249 689 71 22 måste
335 689 108 23 blifva:en
459 690 85 27 -mycket
558 690 66 27 vigtig
639 696 35 15 om
689 690 40 22 ock
744 689 49 22 icke
807 689 89 22 alldeles

74 719 88 24 absolut
176 718 125 27 nödvändig
314 718 51 23 länk
380 718 63 22 i:den
459 718 64 27 kedja
538 718 21 22 af
573 719 166 26 observationer,
755 724 48 16 som
812 718 86 21 komma

74 749 33 20 att.
129 747 111 22 anställas.
270 747 185 27 Företaget,.som
470 753 63 21 synes
549 747 46 22 afse
609 747 147 27 vetenskapen
771 747 7 21 i
791 747 53 21 dess
860 747 37 21 ab-

74 776 115 26 strakthet,
209 776 74 21 ställer
306 776 55 21 dock
379 775 166 28 förhoppningar
562 776 29 27 pä
605 776 115 22 framtiden
732 776 26 22 af
771 777 46 20 stor
830 776 46 26 vigt
890 776 7 20 i

73 805 313 25 internationelt-ekonomiskt-:
400 804 130 24 hänseende,
548 805 23 26 ja
587 804 25 22 sä
627 806 52 24 stor,
695 806 33 19 att
742 805 20 20 vi
778 806 57 19 ännu
849 804 48 22 icke:
920 811 2 2 -

73 834 72 20 kunna
167 840 42 14 ana
227 833 50 22 hela
295 834 50 20 dess
361 833 118 27 betydelse.
510 833 47 21 Den
571 833 67 21 ärade
655 833 138 21 motionären:
809 829 88 35 omhäm-

74 869 44 18 ner,
140 862 56 21 huru
219 861 104 27 ofantliga
342 861 104 27 framsteg
464 862 154 26 meteorologin
633 861 66 22 redan
714 862 59 27 gjort
785 861 71 22 under
871 861 26 21 de

74 893 88 22 senaste
180 891 151 25 decennierna,
354 891 25 23 sä
394 892 65 24 stora,
476 892 33 20 att
523 897 47 14 man
587 890 32 22 för
634 891 50 20 kort
698 890 32 21 tid
745 890 70 21 sedan
827 889 70 22 skulle

74 921 73 21 ansett
162 919 49 24 dem
226 919 33 22 för
275 919 134 28 otroliga;
387 914 26 37 ja
423 919 108 27 omöjliga.
560 919 49 21 Alla
624 921 49 20 veta
687 919 26 26 vi,
729 921 33 19 att
777 918 47 23 frän
833 918 64 21 nord-

74 948 75 28 polens
165 950 60 21 stora
239 948 131 22 iskammar&
383 947 97 27 mäktiga
494 947 132 28 inflytanden
641 947 92 23 utbreda
746 947 41 27 sig,
800 943 57 37 icke.
865 947 32 21 al-

73 978 71 21 lenast
160 977 59 23 öfver
234 977 41 21 den
291 976 144 27 subarktiska,
451 978 52 20 utan
519 976 40 22 ock
571 976 62 23 öfver
649 977 41 21 den
704 976 149 27 tempererade
860 982 37 15 zo-

74 1012 41 15 nen
138 1006 41 21 och.
201 1008 57 19 ännu
280 1005 81 28 längre.
391 1005 86 27 Mycket
499 1005 82 28 möjligt
596 1007 30 24 är,
647 1007 32 20 att
695 1005 156 22 icke:allenast
865 1004 33 21 för

73 1035 103 28 sjöfarten
197 1041 78 20 genom
297 1034 82 23 studiet
401 1033 22 23 af
436 1033 182 24 isförhällandena.
639 1040 28 15 m.
682 1040 27 15 m.
725 1033 107 23 oväntade
848 1033 50 22 data

73 1064 73 24 kunna
167 1063 75 23 vinnas
264 1069 77 21 genom
352 1063 79 23 denna
446 1063 210 26 observationsserie,
671 1064 53 20 utan
740 1064 32 20 att
787 1062 62 22 äfven
864 1068 33 15 re-

73 1093 95 23 sultaten
184 1092 62 23 deraf
262 1093 87 22 komme
360 1093 32 21 att
407 1092 88 22 sträcka
503 1086 46 37 sitt
555 1091 122 27 inflytande
693 1091 31 21 till
739 1091 79 27 många
830 1090 68 22 andra

73 1120 150 25 förhållanden
238 1120 61 22 äfven
315 1120 102 23 särskildt
432 1120 80 27 vigtiga
526 1120 34 23 för
574 1120 47 21 vårt
636 1119 77 28 fattiga
727 1119 57 22 land.
803 1119 43 27 Jag
855 1125 42 15 an-

73 1154 38 18 ser.
132 1149 72 24 derför
218 1150 48 22 "den
287 1148 22 23 af
322 1149 143 26 petitionären
480 1149 95 26 begärda
589 1154 97 16 summan
701 1148 68 22 hellre
783 1147 35 22 för
831 1147 67 27 ringa,

75 1179 40 20 och
131 1180 33 22 att
176 1172 78 36 landet
267 1177 68 22 borde
349 1177 100 25 befordra
464 1177 113 27 företaget,
592 1176 63 23 äfven
670 1183 35 16 om
720 1177 37 21 det
770 1176 78 22 dubbla
861 1176 38 21 be-

74 1207 74 27 loppet
170 1206 111 27 'begärdes.
312 1207 39 21 Att
372 1206 37 22 det
426 1205 123 27 höglofliga
562 1205 87 23 ståndet.
665 1201 76 37 derför:
751 1205 55 22 skall
821 1205 77 22 :under-

74 1235 72 28 stödja
160 1234 273 27 motionären.lider.
374 1229 60 38 intet
447 1234 82 27 tvifvel;
549 1240 91 16 menen
656 1234 52 22 ärad
723 1233 70 22 talare
805 1233 43 22 har
859 1239 39 15 un-

74 1264 38 24 der'
134 1263 140 28 föregäende.
286 1262 83 24 session
392 1264 79 23 nämnt,
494 1265 33 19 att
545 1263 36 22 :till
595 1263 86 22 landets
696 1262 92 28 styrelse
809 1268 29 15 en
847 1264 52 20 -sär-

75 1293 57 21 skild
138 1287 7 37 .
148 1293 91 27 petition
259 1287 43 37 med
313 1287 107 37 utvidgad
435 1292 49 27 plan
499 1291 34 22 för
547 1292 41 22 den
597 1291 243 23 observationsstation;
852 1296 46 16 som

75 1321 78 24 skulle:
167 1321 101 27 anläggas
290 1321 17 22 i:
317 1320 122 27 Lappland,
461 1320 103 27 antingen
582 1321 7 20 i
601 1320 81 22 Kittilä
695 1320 54 21 eller
771 1319 127 28 Sodankylä,

74 1350 54 23 ellet
149 1350 67 23 -hellre
239 1349 13 21 &
272 1350 64 21 båda:
350 1344 99 35 orterna,
459 1349 124 22 inlemnats..
611 1348 102 21 Summan
728 1348 69 26 gälde
812 1348 47 24 här,
874 1348 25 20 sä

74 1379 46 23 vidt
138 1378 39 27 jag
189 1377 75 23 hörde
284 1377 177 27 vätt,::70,000:%
475 1378 77 25 80,000
566 1376 67 25 mark,
650 1376 43 22 och
705 1375 108 23 framhölls
829 1375 69 25 äfven,

70 1400 51 38 att:
133 1400 112 38 parallel.
250 1406 51 21 med
319 1408 15 19 t.
352 1410 40 18 ex.
402 1404 257 24 observationsstationen
673 1404 9 21 i
697 1404 132 28 Sodankylä;
841 1400 27 38 på
881 1405 16 20 ;?

75 1436 49 24 38
137 1436 49 23 mil.
195 1434 99 27 derifrän,
311 1434 74 22 skulle:
396 1434 101 27 anläggas
514 1440 26 15 en
554 1433 103 24 bistation
673 1433 22 21 af
708 1432 84 24 mindre
803 1433 95 27 omfång,

76 1466 13 21 3
104 1465 49 23 dem
175 1464 73 24 andra
263 1464 94 23 nämnda
372 1464 74 25 orten,
467 1469 53 19 som,
540 1468 36 16 om
591 1462 41 24 ock
647 1461 22 22 af
682 1462 217 27 underordnad:
846 1457 57 36 viet,

76 1494 55 22 dock
144 1486 81 38 skulle:
235 1499 65 21 gagna
316 1492 118 25 studiat:af
448 1492 41 22 den
504 1491 262 27 lokala-meteorologin:i
781 1490 118 28 Lappland,

77 1523 39 23 allt
129 1523 19 21 i;
166 1522 155 27 sammanhang
342 1521 49 23 med
413 1521 42 21 den
474 1523 59 20 stora
552 1520 75 28 frågan
643 1526 34 16 om
693 1520 26 22 de
734 1520 168 23 internationela
