1078 1723
425 103 41 18 Den
479 103 10 17 ?
502 103 55 19 Mars.
831 104 39 21 251

86 169 103 22 renheten
204 169 60 26 visat,
283 171 33 20 att
335 170 60 21 detta
410 170 47 21 icke
472 172 24 19 är
511 170 102 27 lämpligt,
630 171 32 20 att
676 169 58 22 valet
749 169 44 22 ofta
808 170 93 22 bestäm-

86 205 45 16 mes
147 198 22 22 af
182 197 68 22 andra
264 198 208 28 bevekelsegrunder
483 201 26 20 än
519 198 101 23 afseende
631 198 13 22 å
653 205 142 21 personernas
812 198 89 28 special-

86 227 72 26 insigt,
175 226 120 23 erfarenhet
314 227 40 22 och
375 228 110 27 duglighet
499 227 33 22 för
547 228 36 21 det
598 227 162 28 ifrågavarande
776 229 125 26 uppdraget,

87 255 48 22 med
151 257 32 20 ett
198 255 38 21 ord
251 257 34 19 att
299 256 115 21 resultatet
428 257 47 20 icke
490 256 84 22 komme
589 258 33 19 att
629 255 103 22 innefatta
741 263 25 14 en
775 256 128 26 förbättring

87 284 22 21 af
122 284 57 21 hvad
194 290 28 15 nu
238 285 29 20 är.
297 284 44 21 Min
357 285 140 27 öfvertygelse
513 287 29 23 är,
558 287 33 19 att
605 287 39 19 när
658 291 47 14 man
720 285 39 20 har
769 291 26 14 en
805 285 98 21 ständer-

87 313 64 26 bank,
167 312 63 21 hvars
245 311 128 28 förvaltning
387 313 46 21 står
448 313 67 22 under
530 314 209 26 representationens
755 313 94 21 öfversta
859 313 44 22 led-

87 341 56 27 ning,
161 341 37 22 det
213 343 24 19 är
251 341 71 22 bättre
337 343 38 25 att,
391 342 72 21 såsom
478 341 39 22 hos
533 348 34 15 oss
584 341 73 28 gäller,
673 341 47 22 från
731 342 50 21 dess
792 342 47 21 sida
847 348 57 15 ome-

88 370 84 21 delbart
187 372 59 19 utses
261 369 56 22 blott
333 370 26 22 de
373 377 109 20 personer,
499 377 45 15 som
559 371 131 21 kontrollera
700 370 155 27 förvaltningen
864 370 40 22 och

88 399 47 21 icke
151 399 87 26 sådana,
254 405 45 15 som
315 399 121 22 handhafva
451 399 117 28 detaljerna
584 399 64 22 deraf.
679 399 74 22 Skulle
765 399 88 22 friherre
864 406 39 15 von

88 427 70 22 Troils
178 427 79 27 förslag
276 427 113 28 tillämpas,
410 429 45 20 tror
469 429 36 26 jag
521 430 32 19 att
569 429 40 20 den
624 428 123 21 nuvarande
763 428 141 27 ställningens

89 462 65 21 svaga
169 456 92 27 punkter
276 456 56 21 blott
347 456 68 22 blefve
430 457 109 21 förökade.
569 457 42 21 Det
626 457 70 21 kunde
712 457 99 27 möjligen
826 468 27 3 ---
864 457 40 21 och

89 485 61 21 detta
172 484 79 28 förslag
266 485 45 26 har,
334 485 72 22 såsom
425 485 6 21 i
446 485 87 22 korthet
548 485 97 27 erinrats,
661 485 39 22 hos
715 485 189 27 bankfullmäktige

89 513 107 26 förevarit,
212 525 27 4 —
254 513 83 26 tänkas,
353 515 33 20 att
399 514 70 27 någon
485 515 51 21 eller
551 514 66 27 några
632 513 23 23 af
668 515 26 21 de
710 514 22 22 af
741 514 121 22 Ständerna
872 516 33 19 ut-

89 542 67 22 sedde
172 541 213 23 förtroendemännen
407 543 85 27 deltaga
507 543 48 22 med
571 543 139 26 direktionen,
726 543 26 22 så
767 544 140 20 sammansatt

91 571 39 22 och
146 572 103 21 utnämnd
268 577 46 16 som
334 571 42 22 den
394 578 28 15 nu
442 574 29 23 är,
492 572 7 21 i
516 571 162 28 förvaltningen,
694 573 100 26 antingen
810 571 96 26 sålunda,

91 601 32 20 att
145 600 27 21 de
195 606 25 15 en
241 601 55 26 gång
315 599 32 23 för
367 601 42 20 alla
424 601 87 26 utsåges
527 601 51 22 eller
593 601 41 21 ock
650 600 139 28 delegerades
805 600 23 21 af
841 600 66 27 öfrige

91 629 133 27 fullmäktige
243 629 32 21 för
293 629 120 27 begränsad
429 629 86 22 kortare
531 630 36 21 tid.
597 629 101 27 Möjligen
714 630 69 21 skulle
799 635 26 16 en
840 629 66 21 sådan

92 657 117 28 anordning
223 657 72 22 kunna
310 657 89 28 erbjuda
415 664 81 16 samma
511 658 97 26 fördelar,
625 664 45 15 som
683 658 37 22 det
728 665 27 14 nu
764 658 144 27 föreliggande

91 686 109 27 förslaget.
230 687 48 21 Men
294 686 61 23 deraf
369 687 64 27 följde
449 687 28 21 då
492 687 111 28 sjelffallet,
621 689 32 19 att
663 687 190 26 bankfullmäktige
860 687 48 21 icke

91 716 73 22 vidare
179 715 72 22 kunna
265 715 64 22 hafva
344 715 108 27 åtskilliga
467 715 22 22 af
503 717 26 21 de
544 715 152 28 befogenheter
711 716 7 21 i
726 716 101 22 afseende
836 716 12 21 å
857 716 51 21 ban-

93 746 49 26 ken,
158 751 46 15 som
219 744 32 22 för
269 745 131 22 närvarande
416 745 117 29 tillkomma
548 746 53 22 dem.
631 745 43 22 Det
688 745 69 22 blefve
773 745 28 22 då
816 751 26 15 en
858 745 51 21 nöd-

95 774 115 27 vändighet
230 776 32 20 att
279 774 128 22 öfverlemna
425 780 26 16 en
467 774 33 22 del
516 774 22 22 af
552 775 74 21 desses
641 774 127 27 åligganden
782 775 22 21 åt
819 774 91 22 bankut-

95 804 88 21 skottet.
215 802 161 28 Otvifvelaktigt
397 803 43 22 läte
463 803 59 22 detta
544 804 32 26 sig
599 804 58 26 göra.
690 803 62 21 Enda
769 803 141 27 olägenheten

96 831 60 23 deraf
170 831 75 27 blefve,
261 833 33 21 att
309 832 124 27 afgörandet
449 831 21 23 af
484 832 58 22 vissa
556 832 72 26 frågor
643 832 55 26 finge
713 834 65 20 vänta
793 838 42 21 nog
842 832 68 26 länge,

95 863 15 19 t.
125 867 31 16 ex.
174 860 143 23 direktionens
333 861 111 28 decharge.
461 861 46 22 Den
523 861 106 27 ställning,
645 860 190 28 bankfullmäktige
846 860 66 27 enligt

95 889 151 28 författningen
266 890 22 21 af
307 890 54 22 1867
376 892 56 20 samt
448 891 145 26 reglementet
603 890 22 22 af
641 891 51 20 1875
710 890 40 22 och
768 892 53 20 1878
837 889 73 26 erhöll,

95 919 96 22 berodde
204 919 46 27 just
265 919 33 27 pä,
315 921 32 20 att
362 919 102 22 särskildt
479 919 115 28 afgörande
609 925 33 16 om
654 919 105 27 decharge
769 918 33 23 för
811 918 101 23 direktio-

96 955 40 16 nen
152 948 109 22 lemnades
281 949 22 21 ät
323 949 54 21 dem.
411 948 128 27 Derigenom
555 949 85 20 komma
655 948 26 21 de
697 949 32 20 att
744 947 64 22 blifva
824 947 88 28 egentli-

96 984 41 21 gen
152 977 57 22 blott
223 977 117 26 granskare
355 977 40 22 och
410 977 115 22 bedömare
541 977 23 22 af
577 977 144 22 direktionens
734 977 107 26 ätgärder.
871 977 43 20 Det

97 1009 23 20 är
143 1007 70 22 denna
234 1005 67 28 fråga,
324 1006 187 28 dechargefrägan,
535 1006 84 21 hvilken
640 1005 144 28 omöjliggjort
799 1007 32 20 att
845 1004 69 23 införa

97 1035 190 27 bankfullmäktige
303 1035 72 22 säsom
391 1035 119 28 egentligen
525 1035 161 22 bestämmande
702 1035 31 20 uti
745 1036 64 20 annat
820 1036 26 19 än
857 1034 56 27 prin-

98 1064 112 28 cipfrägor.

165 1093 42 27 Jag
222 1093 38 22 ber
275 1093 32 21 att
321 1092 21 22 få
357 1092 33 23 för
404 1092 93 22 tillfället
513 1092 38 22 och
569 1092 30 21 till
616 1092 49 22 dess
680 1091 176 22 bankutskottets
871 1093 42 26 ytt-

98 1121 66 23 rande
179 1121 116 26 inkommit,
314 1121 116 22 inskränka
445 1122 48 21 mitt
508 1121 109 22 uttalande
633 1121 6 21 i
655 1122 71 20 ämnet
741 1120 32 21 till
789 1121 37 21 det
841 1120 72 26 sagda.

98 1151 42 26 Jag
156 1151 54 22 skall
228 1151 56 21 blott
303 1151 8 20 i
325 1150 61 27 fräga
401 1157 33 15 om
451 1152 31 19 ett
497 1152 65 19 annat
577 1149 22 22 af
612 1149 200 27 bankfullmäktiges
828 1149 85 26 förslag,

98 1185 46 16 som
159 1179 39 22 här
213 1179 69 22 blifvit
296 1178 89 22 föremäl
399 1179 32 22 för
446 1179 71 26 kritik,
535 1178 105 27 nämligen
656 1177 110 27 angäende
774 1177 59 22 tiden
841 1177 31 22 för
880 1183 34 15 se-

98 1207 211 27 mesterledigheten,
325 1209 83 25 nämna,
424 1209 33 20 att
473 1208 35 21 det
524 1207 83 21 ändock
614 1207 39 20 har
663 1207 56 21 visat
729 1206 38 27 sig,
779 1208 32 19 att
820 1206 37 21 det
865 1212 50 15 vore

98 1237 39 24 väl,
154 1243 33 15 om
202 1237 69 26 nägon
287 1237 135 26 bestämning
438 1236 74 21 härom
529 1235 67 22 skulle
611 1235 50 26 ingä
676 1235 6 20 i
697 1235 147 26 reglementet.
874 1234 42 27 Jag

98 1265 43 22 kan
164 1265 47 22 icke
233 1265 61 26 neka,
315 1265 32 21 att
367 1265 88 21 friherre
471 1271 39 15 von
526 1263 68 22 Troils
610 1263 139 26 anmärkning
764 1263 7 20 i
787 1262 100 22 afseende
904 1263 12 20 å

99 1294 146 27 föreliggande
260 1293 80 28 förslag
354 1295 25 20 är
392 1293 7 21 i
415 1293 54 22 visst
485 1293 100 22 afseende
599 1291 92 28 befogad
707 1292 40 21 och
763 1293 33 20 att
811 1291 27 21 då
849 1291 67 21 under

100 1323 227 26 sommarmånaderna,
350 1322 124 27 isynnerhet
495 1322 7 21 i
524 1321 74 28 början
617 1321 40 21 och
672 1320 66 22 slutet
754 1320 22 21 af
789 1326 125 19 sommaren,

100 1358 25 15 en
141 1352 134 27 synnerligen
294 1351 52 26 liflig
364 1351 75 26 period
455 1351 7 19 i
477 1349 94 22 bankens
587 1349 137 20 verksamhet
739 1349 96 25 vanligen
851 1349 64 19 inträ-

100 1381 43 25 der,
168 1379 37 22 det
222 1385 50 16 vore
293 1379 40 27 väl,
350 1384 34 15 om
407 1378 26 21 de
456 1378 105 21 ordinarie
578 1377 89 22 embets-
684 1377 39 21 och
746 1377 170 27 tjenstemännen

101 1409 27 22 då
150 1408 75 28 sjelfva
247 1408 72 22 skötte
343 1407 46 23 sina
408 1407 86 27 sysslor,
510 1413 47 15 men
573 1406 13 22 å
601 1405 67 22 andra
683 1405 61 22 sidan
760 1408 24 19 är
799 1405 60 22 detta
871 1404 47 28 just

101 1438 41 22 den
157 1437 39 26 tid,
212 1437 28 22 då
254 1436 53 22 hvar
322 1436 40 23 och
377 1442 26 16 en
419 1436 79 22 önskar
513 1435 95 28 ledighet
623 1434 39 22 och
678 1434 44 22 ofta
737 1440 42 21 nog
795 1436 23 20 är
832 1434 8 21 i
855 1433 65 22 behof

101 1466 62 24 deraf
175 1466 33 22 för
223 1466 32 22 sin
270 1466 71 22 helsas
357 1465 62 23 skull.
449 1465 43 22 Det
507 1465 61 21 torde
584 1463 70 23 derför
669 1470 51 15 vara
735 1463 60 23 svårt
810 1464 31 21 att
855 1462 63 22 ställa

101 1495 230 28 semesterledigheten
345 1495 29 28 på
393 1494 70 27 någon
478 1500 69 16 annan
561 1493 37 27 tid,
616 1492 130 22 åtminstone
761 1492 6 22 i
782 1491 80 28 regeln,
878 1491 40 22 och

102 1527 37 21 det
154 1526 39 22 har
206 1525 24 29 ju
245 1524 56 24 ändå
316 1524 56 23 visat
387 1524 38 28 sig,
441 1525 34 20 att
489 1522 147 29 ledigheterna
650 1522 82 22 kunnat
749 1522 66 22 under
825 1522 40 22 den
875 1520 43 23 för-
