1073 1720
378 99 41 18 Den
432 99 21 18 10
464 99 97 18 Februari.
837 102 24 19 93

237 164 115 29 Fredagen
369 165 43 22 den
428 165 23 23 10
468 164 107 24 Februari
591 165 28 23 kl.
635 164 14 23 II
665 164 17 23 f.
698 171 28 17 m.

138 204 117 28 Upplästes
273 204 7 21 i
295 204 102 22 afseende
412 205 13 21 å
437 205 108 27 justering
560 205 77 27 utdrag
651 211 26 15 ur
691 205 26 22 R.
733 211 19 15 o.
767 205 38 22 A:s
819 206 74 26 proto-

69 233 46 21 koll
136 232 34 22 för
185 233 41 21 den
242 234 12 20 7
271 233 91 26 denres;
381 233 67 21 hvarå
462 234 25 21 R.
503 239 19 16 o.
538 233 25 22 A.
579 233 6 22 i
600 233 73 27 frågan
689 239 35 15 om
738 233 99 27 borgare-
852 233 41 22 och

69 261 176 22 bondeståndens
260 261 156 27 inbjudningar,
432 262 111 27 angående
558 261 135 28 uppresande
704 261 22 22 af
734 268 27 15 en
768 268 124 15 monumen-

71 290 30 21 tal
117 291 58 26 staty
190 289 32 22 till
237 289 71 22 minne
323 290 24 21 af
358 290 59 21 Hans
433 290 122 27 Kejserliga
569 290 102 27 Majestät
684 290 121 21 Alexander
819 290 20 21 II
852 290 41 21 och

71 317 107 22 aflåtande
195 317 22 22 af
231 323 25 16 en
271 318 213 27 tacksägelseadress
500 318 32 21 till
540 318 60 21 Hans
609 318 102 27 Majestät
719 318 76 27 Kejsar
802 318 91 21 Alexan-

69 347 39 21 der
129 346 38 26 III,
183 346 29 27 på
226 345 81 28 förslag
321 346 23 21 af
356 347 50 20 herr
421 347 127 25 Schauman,
564 347 89 27 August,
669 347 76 25 beslöt,
762 348 33 19 att
809 347 32 21 uti
856 347 38 21 det

69 375 200 27 protokollsutdrag
291 381 46 15 som
359 375 84 21 komme
466 377 33 20 att
517 375 32 22 till
567 375 242 28 expeditionsutskottet
824 375 68 22 öfver-

71 405 77 26 styras,
162 403 81 28 jemväl
261 404 66 21 borde
344 403 51 28 ingå
409 405 112 26 anmodan,
538 406 33 19 att
585 404 32 21 till
633 404 92 26 ståndet,
741 404 8 21 i
764 403 101 22 afseende
881 404 13 21 å

69 432 113 27 justering,
197 432 92 21 insända
304 432 118 22 utskottets
438 432 107 22 blifvande
560 432 80 28 förslag
647 432 33 22 till
691 432 131 27 underdånig
830 431 63 22 skrif-

68 460 60 22 velse
142 460 8 22 i
166 462 78 20 ämnet.

139 518 57 22 Från
211 518 142 22 medstånden
372 518 56 22 hade
443 518 94 28 följande
552 518 170 28 protollsutdrag
736 518 70 22 blifvit
820 518 33 22 till
867 518 26 21 R.

70 553 20 15 0.
106 547 24 21 Å.
146 546 97 28 insända,
260 547 115 27 nämligen:

236 586 57 22 Från
308 587 161 27 presteståndet
483 586 34 22 för
532 587 41 21 den
589 588 13 20 4
613 586 114 22 Februari:

142 620 112 26 angående
269 621 76 21 remiss
362 620 22 22 af
397 621 148 27 kyrkoherden
561 620 113 22 Törnudds
682 620 213 28 petitionsmemorial

72 656 36 15 om
123 648 144 28 sälfängstens
283 649 116 27 ordnande,
415 656 28 15 m.
458 656 27 15 m.
502 662 27 3 —
538 650 34 21 till
581 651 154 20 sammansatta
742 649 45 27 lag-
796 649 40 21 och
845 649 50 21 eko-

70 678 176 26 nomiutskottet;

139 706 112 27 angäende
273 706 76 22 remiss
368 706 23 22 af
408 708 88 26 prosten
515 707 152 21 Fredrikssons
682 706 214 27 petitionsmemorial

70 741 35 15 om
121 735 123 21 inrättande
259 735 23 21 af
295 735 89 21 svensk-
400 735 39 21 och
450 734 158 28 finskspräkiga
616 735 111 22 säkallade
735 735 102 21 abnorma
845 735 50 21 sko-

71 764 33 22 lor
118 770 27 15 m.
161 770 28 15 m.
204 775 28 3 —
247 764 32 21 till
294 764 107 21 allmänna
415 764 207 26 besvärsutskottet;

144 792 111 27 angäende
277 792 153 22 remitterande
454 792 22 22 af
492 792 149 28 kyrkoherden
657 792 112 22 Törnudds
784 792 113 27 petitions-

76 821 110 21 memorial
211 827 34 15 om
260 821 122 22 inrättande
397 821 24 21 af
436 823 32 19 ett
487 822 135 26 fullständigt
637 821 138 27 statslyceum
788 821 7 21 i
810 820 89 27 Wiborg

73 850 49 21 med
139 849 67 22 finskt
222 850 228 26 undervisningsspräk
465 862 27 3 —
503 850 31 21 till
551 850 107 21 allmänna
672 850 207 24 besvärsutskottet;

146 878 112 27 angående
273 878 76 21 remiss
365 878 23 21 af
400 878 149 27 kyrkoherden
564 878 113 21 Hirvinens
685 877 213 28 petitionsmemorial

74 913 34 15 om
130 906 151 27 upphäfvande
304 907 23 20 af
343 907 58 20 vissa
420 907 135 26 stadganden
569 907 8 21 i
594 908 53 20 1734
663 907 35 20 ärs
713 907 36 26 lag
764 913 35 14 om
815 905 81 28 ,värje-

73 935 78 21 mäls*-
168 934 40 22 och
225 935 134 26 ,vrängoed*
375 947 29 3 —
419 935 32 21 till
466 935 155 27 lagutskottet;

143 963 112 27 angäende
271 964 76 21 remiss
363 963 21 21 af
397 963 162 27 professorerne
573 963 125 22 Estlanders
715 963 40 21 och
771 963 126 27 Runebergs

74 991 187 28 petitionsförslag
279 998 34 15 om
329 992 66 21 ökadt
410 992 74 27 anslag
500 992 23 21 af
535 992 107 21 allmänna
656 992 71 21 medel
740 991 34 22 för
788 991 109 22 Universi-

74 1022 66 20 tetets
157 1020 104 22 bibliotek
278 1032 23 3 —
319 1021 33 20 till
367 1020 106 22 allmänna
487 1021 208 26 besvärsutskottet;

236 1060 28 21 Af
277 1061 42 21 den
333 1063 12 19 7
361 1060 7 22 i
383 1067 82 15 samma
479 1061 84 26 mänad,
579 1061 158 21 innehällande:

145 1096 33 20 att
193 1096 160 26 presteständet
368 1095 7 22 i
390 1095 101 22 afseende
507 1096 14 21 ä
534 1095 140 22 förenämnda
689 1097 67 26 staty-
767 1095 40 21 och
816 1095 82 21 adress-

76 1123 79 22 ärende
170 1123 85 22 förenat
270 1124 32 27 sig
318 1124 49 21 med
381 1124 160 22 bondeständet
555 1124 40 22 och
606 1124 119 27 hänskjutit
731 1124 75 27 frägan
815 1129 34 16 om
857 1123 42 21 den

75 1155 99 19 närmare
197 1151 164 28 formuleringen
385 1153 23 21 af
421 1153 37 22 det
479 1153 7 21 i
506 1155 73 20 ämnet
604 1153 128 22 utarbetade
753 1151 146 29 petitionsför-

74 1181 71 27 slaget
160 1181 33 22 till
208 1182 253 26 expeditionsutskottet
452 1177 12 35 ;

144 1210 120 25 utvisande,
281 1212 32 19 att
327 1211 160 26 presteständet
495 1211 32 20 till
537 1210 164 21 nedannämnda
711 1210 86 21 utskott
803 1209 97 22 remitte-

75 1240 35 19 rat
124 1238 93 27 följande
231 1238 191 27 petitionsförslag,
438 1239 115 26 nämligen:

144 1278 32 20 till
186 1278 106 21 allmänna
301 1279 207 21 besvärsutskottet:
517 1278 208 26 Kontraktsprosten
735 1278 118 21 Helanders
861 1283 39 21 pe-

75 1306 159 26 titionsförslag
253 1306 112 26 angäende
387 1307 180 27 omorganisation
589 1306 24 22 af
631 1306 125 27 läroplanen
770 1306 35 21 vid
819 1306 81 21 Jakob-

76 1334 61 22 stads
153 1335 71 25 skola;
243 1335 207 27 Kontraktsprosten
470 1336 105 26 Lampéns
591 1334 183 28 petitionsförslag
789 1334 111 27 angående

76 1362 123 22 inrättande
216 1362 21 22 af
241 1366 44 24 ett
299 1363 136 27 fullständigt
449 1363 82 27 lyceum
543 1364 7 20 i
560 1363 87 27 Nyslott
658 1363 49 21 med
717 1362 65 22 finskt
789 1362 111 21 undervis-

76 1391 139 27 ningsspräk;
236 1391 150 22 Ofverläraren
404 1392 91 21 Geitlins
510 1391 183 27 petitionsförslag
708 1391 111 27 angäende
833 1391 67 21 inrät-

77 1420 65 22 tande
150 1420 6 22 i
165 1420 120 28 Kejserliga
293 1420 105 22 Senatens
407 1420 260 27 ecklesiastikexpedition
675 1419 22 22 af
706 1422 33 19 ett
748 1419 153 22 refererdarie-

78 1449 222 22 sekreterareembete
315 1449 33 22 för
362 1449 122 23 beredande
500 1449 23 22 af
536 1449 152 26 skolärenden;
704 1449 32 21 till
747 1450 155 20 sammansatta

78 1479 45 26 lag-
134 1478 40 22 och
183 1478 217 22 ekonomiutskottet:
411 1478 208 28 Kontraktsprosten
628 1478 120 22 Stenbäcks
756 1477 146 28 petitionsför-

79 1508 47 27 slag
144 1508 111 27 angående
270 1508 112 28 byggande
397 1507 41 23 och
453 1508 112 22 underhåll
580 1506 23 23 af
616 1507 78 28 kyrkor
709 1507 40 21 och
763 1507 139 27 prestgärdar
