1067 1720
402 106 42 18 Den
457 107 20 17 31
490 107 57 18 Mars.
811 109 41 20 445

62 170 32 20 ett
116 170 143 27 näringsfäng.
290 171 29 21 Sä
340 171 40 21 har
402 172 65 21 också
489 172 59 21 fallet
570 172 54 21 varit
646 172 7 20 i
675 172 46 21 vårt
743 172 56 21 land.
830 172 50 21 Man

46 224 2 2 —
62 198 81 22 känner
165 200 32 20 att
219 199 7 21 i
248 205 64 16 norra
334 200 40 22 och
397 201 59 21 östra
480 200 86 23 delarne
582 200 22 22 af
617 200 74 22 landet
706 206 26 16 en
748 202 46 22 stor
810 200 34 22 del
860 200 23 22 af

62 226 151 27 befolkningen
235 228 67 22 lefver
323 228 49 22 med
392 229 53 27 jagt,
468 230 32 21 till
524 236 24 15 en
572 230 33 21 del
628 229 135 22 åtminstone.
793 229 38 21 'Att
851 236 29 14 nu

62 256 76 26 stadga
154 258 32 19 ett
200 256 77 22 förbud
293 259 45 19 mot
352 257 140 27 begagnande
508 258 23 22 af
544 264 75 16 snaror
634 258 40 21 och
690 257 67 27 fällor,
773 257 108 22 förefaller

61 284 43 26 mig
128 284 70 22 derför
220 286 65 26 högst
307 286 104 21 obetänkt
434 286 39 21 och
496 286 34 22 för
547 287 52 21 vära
614 286 148 22 förhällanden
778 286 39 21 alls
833 286 47 21 icke

61 312 103 27 lämpligt.
194 314 47 20 Den
256 314 82 26 fattige,
355 320 46 15 som
413 314 47 27 just
474 315 67 21 lefver
555 315 33 21 till
603 316 46 20 stor
664 314 34 22 del
712 315 49 21 med
774 315 52 27 jagt,
841 314 40 22 har

62 341 44 21 ofta
120 341 47 21 icke
183 341 38 21 råd
238 344 32 20 att
285 342 68 21 skaffa
368 343 33 27 sig
416 343 72 26 bössa,
503 344 51 20 krut
568 343 39 21 och
623 343 69 27 hagel,
705 344 40 20 och
756 343 66 21 också
832 343 47 21 icke

61 369 31 21 tid
116 371 32 19 att
170 370 58 27 ligga
250 372 69 20 större
342 371 62 21 delen
427 371 22 21 af
467 372 69 26 dagen
551 372 32 21 uti
598 372 88 26 skogen,
701 371 34 22 för
748 373 33 19 att
796 370 84 28 förfölja

61 398 127 22 villebrådet
202 400 80 20 medels
296 399 100 27 jagande,
410 401 52 21 utan
478 400 42 22 han
534 401 75 26 lägger
624 403 24 18 ut
662 399 63 23 fällor
739 400 40 21 och
797 406 82 20 snaror,

61 426 32 22 för
112 428 32 20 att
164 428 109 21 åtkomma
289 429 123 20 detsamma.
443 429 42 26 Jag
500 429 94 21 anhåller
610 428 83 22 derföre
708 430 33 20 att
755 428 49 21 hela
820 428 60 21 detta

61 455 53 22 sista
136 458 94 19 moment
252 456 66 22 måtte
342 457 58 26 utgå,
420 457 37 28 jag
472 459 38 25 gör
526 457 36 22 det
578 457 24 21 sä
616 457 86 27 mycket
716 463 45 15 mer
776 463 52 20 som,
845 463 35 15 om

62 485 32 20 ett
116 484 78 22 sådant
212 485 120 27 stadgande
350 485 22 22 af
390 486 116 21 ständerna
521 488 96 24 antoges,
634 487 36 20 det
685 486 69 21 skulle
770 485 109 23 föranleda

61 513 95 26 lagbrott
178 514 6 21 i
205 514 26 21 de
251 514 58 21 delar
328 513 22 22 af
362 514 80 27 landet,
458 515 38 21 der
511 517 32 19 ett
558 514 78 22 sådant
648 515 92 27 jagtsätt
756 514 83 21 utöfvas
855 515 25 20 så

62 542 52 27 godt
129 548 46 16 som
194 543 104 27 dagligen.
328 543 43 21 Det
390 545 24 20 är
432 543 145 28 lagstiftarens
594 543 39 22 sak
649 545 32 20 att
696 549 24 16 se
734 543 39 26 till,
790 544 32 20 att
837 542 42 23 han

61 571 48 21 icke
132 571 77 28 skapar
232 571 81 22 sådana
334 572 66 27 lagar,
424 578 45 16 som
492 573 72 26 tvinga
578 572 33 21 till
626 572 96 27 lagbrott
736 572 41 21 och
791 571 89 28 bidraga

63 601 32 20 att
110 600 69 22 rubba
194 601 114 26 aktningen
324 600 32 22 för
370 601 70 27 lagen.

130 629 57 21 Herr
208 629 137 22 Mechelin:
369 630 40 27 Jag
432 632 24 19 är
478 630 32 21 till
534 636 24 15 en
582 629 33 22 del
634 629 144 22 förekommen
801 629 23 22 af
837 630 41 21 den

63 659 85 20 senaste
164 658 65 21 ärade
244 658 89 21 talaren.
356 659 84 21 Tänker
455 665 47 14 man
513 659 28 27 på
549 659 48 26 jagt
606 658 57 21 blott
673 659 71 20 såsom
756 659 31 20 ett
798 659 82 26 sports-

63 693 101 15 mannens
184 687 56 27 nöje,
257 687 40 21 bör
312 693 48 15 man
375 687 105 26 begränsa
494 687 140 26 fångstsättet
649 687 39 21 och
703 687 56 21 blott
774 686 106 28 tillstyrka

60 715 48 27 jagt
126 715 50 22 med
194 717 70 25 gevär,
280 721 49 16 men
342 716 74 27 jagten
432 715 72 22 såsom
520 718 32 19 ett
564 715 140 27 näringsfång
719 714 23 22 af
755 715 125 22 ekonomisk

62 744 110 27 betydelse
187 744 33 21 för
235 744 47 21 vårt
296 744 50 21 land
360 745 41 20 kan
416 745 48 21 icke
479 745 35 21 väl
529 744 107 22 bedrifvas
652 743 23 22 af
686 744 54 26 dem,
752 750 46 15 som
808 744 72 21 kunna

63 779 55 20 egna
140 773 89 27 mycken
251 773 31 21 tid
306 773 39 22 och
368 773 81 27 ganska
472 773 84 28 mycket
578 773 118 27 penningar
718 773 23 20 åt
760 775 64 24 gevär
840 772 40 21 och

64 802 65 21 andra
142 801 148 28 jagtredskap,
306 802 83 21 hundar
403 808 27 15 m.
447 808 26 15 m.
504 801 107 22 Särskildt
626 803 24 20 är
665 803 31 20 att
712 803 51 25 taga
777 801 7 21 i
794 801 86 22 betrak-

62 831 72 26 tande,
156 832 32 19 att
210 830 7 21 i
240 830 26 21 de
286 831 130 26 nordligaste
432 831 91 26 delarne,
539 830 82 22 kanske
637 830 65 21 också
716 830 7 21 i
738 830 99 26 Karelen,
854 835 26 16 en

62 859 78 27 mängd
160 864 103 21 personer
278 859 30 21 uti
322 859 74 27 jagten
411 859 56 21 blott
480 859 57 21 finna
552 860 36 20 det
604 858 138 26 erforderliga
756 859 124 25 tillskottet,

62 888 33 21 för
110 889 32 20 att
156 887 73 21 kunna
243 886 101 23 framföra
359 888 31 20 sin
406 887 84 27 tarfliga
502 888 99 22 existens.
624 887 50 21 Man
683 887 43 21 kan
736 887 47 21 icke
793 887 87 26 begära,

63 918 32 20 att
111 922 25 15 en
152 916 154 27 kronotorpare
321 916 7 21 i
343 916 119 27 Uleåborgs
479 916 41 26 län,
538 922 44 16 som
598 918 24 19 är
638 916 40 21 den
694 916 54 21 ende
763 916 117 21 arbetande

63 945 73 21 karlen
160 944 28 28 på
208 944 136 27 lägenheten,
368 945 54 21 skall
445 944 48 22 med
512 946 79 20 bössan
606 944 28 27 på
649 944 61 22 axeln
725 944 28 27 gå
767 944 7 22 i
790 944 26 21 de
831 944 49 22 vida

63 974 105 26 skogarna
190 972 33 22 för
245 975 33 19 att
300 974 107 20 åtkomma
428 973 127 27 vildbrådet,
578 980 48 14 men
648 972 42 22 han
712 973 41 21 kan
776 978 55 20 egna
854 978 25 15 en

63 1002 66 21 stund
143 1001 33 22 för
190 1002 130 26 utläggande
336 1002 22 21 af
372 1008 74 15 snaror
461 1002 39 21 och
516 1002 67 21 andra
597 1001 172 27 fångstredskap.
799 1001 43 21 Det
857 1002 24 19 är

63 1037 26 15 en
111 1030 67 26 vigtig
199 1030 94 22 inkomst
308 1030 33 21 för
356 1030 41 22 den
412 1030 118 22 medellösa
544 1030 150 26 befolkningen
709 1030 39 21 der
762 1036 57 20 uppe
834 1035 46 15 som

62 1060 33 20 ett
114 1059 79 21 sådant
211 1057 117 29 fångstsätt
342 1059 95 21 bereder.
468 1059 28 21 Af
509 1059 64 21 dessa
588 1058 48 22 skäl
650 1058 39 22 ber
701 1058 39 27 jag
754 1060 33 19 att
801 1058 23 20 få
838 1057 42 21 för-

62 1088 58 26 orda,
137 1089 32 19 att
184 1088 54 20 sista
253 1089 117 19 momentet
385 1087 22 21 af
420 1088 70 21 denna
504 1088 12 26 &
531 1087 67 21 måtte
614 1087 175 26 äterremitteras,
804 1086 29 27 pä
843 1086 38 21 det

62 1116 108 22 utskottet
191 1116 35 21 må
250 1116 77 27 afgifva
349 1116 79 27 förslag
451 1116 32 21 till
502 1116 78 22 sådant
597 1115 124 27 stadgande,
738 1121 46 15 som
798 1115 82 21 lemnar

63 1145 37 22 det
114 1146 66 26 öppet
194 1145 33 22 för
243 1145 130 22 åtminstone
388 1145 57 21 vissa
460 1145 60 22 delar
534 1144 23 22 af
569 1144 74 22 landet
658 1146 32 20 att
704 1144 98 27 begagna
818 1143 62 21 äfven

62 1174 41 22 den
122 1174 99 27 redskap,
241 1180 46 15 som
302 1174 7 20 i
324 1173 67 27 öfriga
406 1174 61 21 delar
482 1180 62 15 anses
559 1174 53 21 böra
626 1172 116 28 förbjudas.
772 1172 108 22 Måhända

62 1209 50 15 vore
136 1202 36 21 det
193 1202 125 27 lämpligast
339 1203 33 20 att
387 1202 37 21 det
438 1202 22 21 åt
474 1202 127 27 regeringen
617 1201 167 22 öfverlemnades
801 1202 32 19 att
847 1200 33 22 för

63 1231 26 21 de
111 1231 97 26 nordliga
230 1231 40 21 och
290 1231 113 21 nordöstra
419 1231 87 21 delarna
520 1231 70 20 tillåta
610 1230 111 27 undantag
740 1230 7 21 i
767 1230 60 21 detta
849 1228 31 22 af-

62 1259 85 22 seende.
178 1260 40 26 Jag
240 1259 37 22 vill
298 1259 48 21 icke
369 1259 73 22 derom
464 1259 109 22 bestämdt
594 1259 70 21 uttala
686 1259 49 26 mig,
750 1257 72 22 förrän
837 1259 43 26 ytt-

61 1289 66 20 rande
150 1288 23 21 af
193 1288 107 21 utskottet
322 1288 82 21 kunnat
419 1288 99 26 erhållas,
535 1287 39 21 och
590 1287 69 21 måste
674 1286 85 22 således
775 1292 105 15 samman-

62 1316 54 22 fatta
138 1317 48 21 mitt
208 1316 95 28 yrkande
326 1316 87 27 derhän,
437 1318 33 20 att
491 1316 108 22 utskottet
620 1316 67 21 måtte
709 1315 107 21 inkomma
830 1314 49 22 med

62 1346 47 25 nytt
131 1345 85 25 förslag,
240 1345 28 25 på
286 1344 81 21 hvilket
382 1346 45 20 sätt
442 1345 37 20 det
494 1344 68 21 skulle
578 1346 7 19 i
600 1345 61 19 detta
676 1344 100 21 afseende
792 1344 88 25 stadgas

62 1372 32 22 för
110 1374 26 20 de
150 1372 98 27 nordliga
264 1372 38 22 och
319 1373 114 21 nordöstra
449 1372 87 22 delarna
551 1371 21 22 af
585 1372 79 21 landet.

130 1402 55 21 Herr
200 1400 174 30 Grotenfelt,
390 1401 56 21 Nils:
462 1401 42 27 Jag
520 1403 23 19 är
558 1400 7 22 i
580 1400 41 22 allo
636 1400 145 21 förekommen
796 1399 22 22 af
830 1399 51 22 herr

62 1430 111 23 Mechelin.
196 1430 68 22 Afven
278 1430 43 27 mig
336 1430 106 22 förefaller
458 1430 36 21 det
507 1429 145 28 besynnerligt
662 1430 32 20 att
704 1434 48 16 man
763 1434 25 16 ur
798 1430 82 26 sports-

62 1466 78 16 manna
162 1460 40 21 och
224 1458 148 29 filantropiska
386 1459 133 28 synpunkter
533 1458 36 23 vill
584 1458 108 24 förhindra
704 1458 48 28 jagt
768 1458 40 22 och
822 1457 58 27 djur-

62 1488 73 28 fängst
150 1489 48 28 just
213 1488 32 22 uti
261 1488 26 22 de
303 1488 59 22 delar
377 1488 22 22 af
412 1488 81 27 landet,
509 1487 37 23 der
562 1488 26 22 de
603 1488 78 26 utgöra
696 1488 32 21 ett
742 1486 139 28 näringsfäng

63 1519 40 22 och
118 1520 33 21 ett
166 1518 68 23 vilkor
248 1518 33 22 för
296 1524 26 16 en
338 1520 45 20 stor
399 1518 45 22 dels
462 1517 22 22 af
496 1517 41 23 den
552 1517 47 22 lösa
614 1516 151 28 befolkningen
776 1516 104 22 utkomst.
