1073 1720
389 99 41 18 Den
446 99 21 18 21
480 99 95 19 Februari.
834 104 38 19 185

150 165 72 21 hvilka
244 166 163 27 propositioner,
429 166 30 27 på
480 165 81 29 förslag
583 167 22 21 af
623 167 50 22 herr
686 167 215 27 Landtmarskalken,

80 193 114 23 bordlades
210 194 32 22 till
257 193 68 23 första
340 195 85 27 plenum
440 194 7 22 i
461 195 177 23 nästkommande
653 196 72 22 vecka.

149 268 105 27 Slutligen
265 268 141 28 tillkännagaf
412 268 50 22 herr
469 269 207 22 Landtmarskalken
684 271 33 21 att
724 270 104 22 likaledes
836 270 65 22 bland

80 297 25 21 R.
127 302 19 16 0.
166 296 37 22 A:s
222 297 138 21 medlemmar
380 298 94 22 utdelats
489 298 154 27 prokuratorns
658 298 7 21 i
679 298 117 28 kejserliga
812 300 89 20 senaten

80 324 33 22 för
128 324 89 22 Finland
232 325 118 22 berättelse
366 326 31 21 till
415 327 53 21 1882
484 326 34 22 års
534 326 103 28 landtdag
650 332 27 16 om
689 326 163 28 lagskipningen
860 327 39 22 och

79 353 74 27 lagens
169 353 162 23 handhafvande
346 354 7 22 i
368 355 82 25 landet;

148 382 85 22 hvilken
255 383 118 21 berättelse
396 382 68 27 äfven,
484 383 28 27 på
530 383 80 27 förslag
625 383 22 22 af
660 384 49 22 herr
724 384 176 22 Landtmarskal-

79 410 47 27 ken,
142 410 150 23 remitterades
308 412 31 21 till
354 412 149 27 lagutskottet.

147 479 33 22 Då
195 480 50 27 inga
259 481 73 22 vidare
348 481 94 23 ärenden
457 481 122 22 förefunnos
592 481 31 22 till
632 481 135 28 behandling,
779 481 117 23 afslutades

79 509 173 27 sammanträdet,
268 509 83 22 hvilket
365 510 81 22 skedde
461 511 92 22 klockan
569 512 13 20 8
598 510 54 23 efter
667 511 120 26 middagen.

659 545 21 17 In
692 544 64 19 fidem:

564 573 69 22 Victor
651 574 25 21 de
691 573 20 22 la
729 573 101 28 Chapelle.

210 653 46 23 Den
271 653 23 23 2i
312 653 105 25 Februari
434 654 94 24 klockan
544 653 14 24 II
574 653 52 24 före
643 653 124 30 middagen.

146 698 56 23 Herr
216 699 208 23 Landtmarskalken
432 700 141 27 tillkännagaf
582 701 33 21 att
624 700 77 28 pollett
710 700 69 21 blifvit
789 700 110 21 utlemnad

79 726 33 22 för
126 727 120 28 friherrliga
262 729 59 21 ätten
329 729 39 22 N:o
380 731 23 20 17
415 729 172 27 Klinkowström,
599 729 22 22 åt
630 729 89 22 friherre
727 729 171 26 Klinkowström,

79 755 80 23 Arthur
174 757 54 21 Emil
244 757 104 22 Wilhelm.

148 814 40 21 Till
205 814 106 29 justering
330 816 111 27 upplästes
458 816 39 22 och
513 816 124 27 godkändes
652 815 198 28 protokollsutdrag
868 815 30 23 öf-

78 849 38 15 ver
132 843 98 22 ståndets
246 844 34 22 vid
295 845 87 27 plenum
398 845 40 21 den
456 846 25 20 17
496 845 103 22 Februari
614 845 81 21 fattade
711 845 77 21 beslut.

146 913 71 22 Jemte
239 914 141 21 meddelande
400 915 33 20 att
452 915 77 21 tvenne
544 914 78 27 nådiga
637 913 158 28 propositioner
810 913 35 22 vid
861 913 37 21 da-

79 948 52 21 gens
154 942 87 27 plenum
263 943 69 21 skulle
352 943 84 21 komma
456 944 33 20 att
504 949 76 21 genom
596 949 26 16 en
637 943 94 21 ledamot
746 942 23 22 af
782 942 116 27 kejserliga

80 972 88 20 senaten
184 970 32 22 till
232 972 86 21 ståndet
334 971 146 27 öfverlemnas,
496 971 121 23 anmodade
632 971 49 21 herr
691 971 206 22 Landtmarskalken

80 999 73 22 herrar
169 998 139 29 Gripenberg,
324 1000 163 28 Nordenskjöld,
503 1000 46 22 Nils
566 1000 58 26 Otto,
641 1000 40 22 och
695 1000 111 22 Hackman
822 1000 32 21 att
864 1000 34 21 så-

78 1034 46 16 som
139 1028 99 22 ståndets
257 1029 125 27 deputation
396 1029 29 27 på
440 1029 121 27 sedvanligt
576 1030 45 21 sätt
635 1031 110 25 emottaga
759 1028 139 22 förenämnda

76 1057 174 22 senatsledamot.

143 1114 56 23 Från
214 1115 142 23 medstånden
370 1115 55 23 hade
440 1116 93 28 följande
541 1115 198 29 protokollsutdrag
750 1115 77 28 ingått,
838 1116 58 21 näm-

74 1144 57 27 ligen

142 1172 46 23 från
203 1173 164 22 Presteståndet
382 1172 22 23 af
415 1174 93 22 innehåll

143 1202 32 21 att
190 1201 87 22 ståndet
292 1201 32 22 till
339 1202 164 22 bankutskottet
518 1202 121 21 remitterat
650 1203 31 20 ett
691 1201 22 22 af
719 1201 110 28 professor
839 1201 57 22 Don-

74 1235 38 16 ner
134 1229 122 22 framstäldt
278 1229 80 28 förslag
381 1236 33 16 om
435 1230 121 28 beviljande
571 1230 24 21 af
607 1232 33 20 ett
654 1230 93 21 kreditiv
763 1230 22 21 åt
799 1229 96 22 komitén

74 1257 32 22 för
125 1259 135 26 uppresande
280 1258 23 21 af
320 1265 26 15 en
364 1260 133 21 minnesstod
512 1259 59 22 öfver
585 1259 70 22 Johan
671 1259 83 26 Ludvig
769 1258 126 27 Runeberg;

142 1289 32 19 att
188 1287 162 26 presteståndet
368 1287 27 27 på
411 1287 156 26 framställning
582 1287 23 21 af
618 1287 163 21 statsutskottet
795 1286 40 22 och
846 1287 49 21 med

72 1314 130 28 frångående
222 1314 22 22 af
257 1315 39 21 sitt
316 1314 58 22 förut
388 1316 7 20 i
411 1316 67 21 saken
492 1315 84 22 fattade
591 1316 72 21 beslut
678 1315 120 21 remitterat
814 1314 79 28 nådiga

72 1344 160 25 propositionen
254 1344 41 20 N:o
312 1345 33 23 24,
361 1344 110 26 angående
490 1344 73 21 vidare
575 1343 202 27 jernvägsbyggnad
791 1343 7 20 i
813 1344 81 25 landet,

73 1372 59 20 utom
148 1371 32 21 till
193 1371 211 27 jernvägsutskottet
417 1372 78 27 jemväl
512 1372 31 21 till
559 1372 174 25 statsutskottet;

142 1401 32 20 att
189 1400 153 27 presvståndet
356 1400 33 22 till
404 1400 146 27 lagutskottet
564 1400 120 22 remitterat
699 1401 32 19 ett
746 1399 23 21 af
781 1399 111 28 professor

71 1429 103 22 Forsman
182 1429 117 22 inlemnadt
306 1429 183 28 petitionsförslag
499 1429 110 27 angående
618 1428 133 23 tillsättande
760 1428 23 22 af
789 1430 32 20 ett
830 1428 63 23 Stän-

72 1458 75 22 dernas
163 1458 226 28 granskningsutskott
404 1458 68 23 under
486 1458 161 28 landtdagarna.

52 1514 4 3 N
140 1489 32 21 att
187 1488 160 27 presteständet
361 1488 28 27 pä
404 1488 126 22 hemställan
545 1487 22 23 af
575 1486 166 24 bankutskottet
753 1486 95 23 beslutat
860 1493 33 16 re-

70 1517 87 23 mittera
176 1516 78 28 nädiga
272 1517 160 28 propositionen
450 1517 40 22 N:o
508 1518 24 21 31
551 1516 112 28 angäende
679 1515 125 29 afskrifning
820 1516 22 22 af
856 1516 36 28 hy-
