1075 1725
427 100 42 18 Den
482 101 21 17 15
515 100 56 19 Mars,
835 102 40 20 313

86 165 57 22 Herr
158 164 102 24 Järvinen
274 166 36 21 vill
325 166 95 22 utlemna
434 166 47 22 från
496 166 67 23 slutet
578 166 22 23 af
608 166 128 29 paragrafen
752 167 66 21 orden
830 172 64 21 ,egor

84 194 35 22 må
132 194 65 22 likväl
211 194 48 22 icke
275 194 100 29 tilläggas
391 195 57 29 dylik
463 202 28 21 ny
506 196 102 27 lägenhet
621 196 8 21 i
643 195 51 22 flere
710 198 28 19 än
753 197 33 20 tre
797 195 106 23 särskilda

84 223 98 22 skiften."
213 223 47 22 Den
276 224 160 22 reservationen
452 224 74 26 tycker
534 225 37 27 jag
580 227 24 19 är
614 225 82 27 ganska
706 226 60 20 snart
773 224 129 26 kullhäfven,

84 252 89 22 emedan
189 251 161 28 lagstiftningen
366 254 68 20 sedan
448 253 51 26 läng
508 253 31 21 tid
550 253 91 22 sträfvat
652 253 40 21 och
702 253 131 22 fortfarande
842 252 62 22 sträf-

83 287 39 15 var
137 280 54 22 efter
207 280 91 22 enskifte
314 281 40 21 och
370 282 85 21 således
469 281 37 21 vill
521 282 93 21 undvika
628 282 139 26 mängskifte;
783 281 41 22 och
834 281 71 22 skulle

84 315 49 15 man
149 309 70 21 tillåta
234 309 179 27 egostyckningar
427 310 8 21 i
450 309 71 22 alltför
530 310 78 27 många
618 310 84 25 skiften,
714 310 71 21 skulle
795 310 41 22 den
847 310 57 26 prin-

85 337 61 27 cipen
161 337 92 27 frängäs.
288 337 42 27 Jag
347 338 97 22 förordar
458 338 70 21 likaså
542 338 11 28 $
570 340 9 20 1
596 338 23 22 af
633 339 119 21 utskottets
767 338 137 22 betänkande

84 366 32 21 till
132 366 128 26 antagande.

154 394 50 22 Som
221 395 65 25 något
300 395 127 27 uttryckligt
442 395 95 27 yrkande
551 395 29 27 pä
595 395 124 27 förändring
734 395 22 22 af
769 396 11 26 $
797 397 10 19 1
824 396 48 21 icke
883 394 23 22 af

83 422 89 23 friherre
195 423 78 22 Wrede
296 423 75 27 gjorts,
395 424 67 27 ansåg
483 424 51 22 herr
555 424 207 22 Landtmarskalken
781 424 33 26 sig
833 424 71 22 kunna

83 451 119 23 framställa
216 452 32 22 till
264 452 88 22 ståndet
372 457 34 17 om
421 452 155 28 godkännande
592 452 23 22 af
628 453 10 28 $
655 455 19 25 1,
688 453 85 22 hvilken
789 452 114 22 framställ-

83 480 51 28 ning
150 480 23 22 af
186 481 88 21 ståndet
288 481 131 22 besvarades
434 482 49 21 med
498 482 87 21 allmänt
598 482 30 27 ja.

152 509 11 28 $
179 511 13 20 2
208 510 125 26 godkändes
349 512 53 20 utan
417 510 170 28 anmärkningar.

152 538 11 22 I
178 538 114 27 anledning
315 538 23 22 af
358 539 41 21 den
419 539 60 27 långt
497 539 142 22 framskridna
659 540 59 21 tiden
733 538 108 22 afslutade
856 539 49 21 herr

84 566 207 23 Landtmarskalken
309 566 160 28 förmiddagens
488 568 86 27 plenum
594 568 40 21 och
655 568 135 27 uppmanade
806 568 98 21 ståndets

83 595 119 22 ledamöter
222 598 33 19 att
272 596 93 22 klockan
381 602 36 15 sex
437 597 47 20 åter
499 597 78 22 samlas
592 596 33 22 för
641 599 33 19 att
688 597 101 21 fortsätta
803 597 50 21 med
867 597 37 20 be-

85 624 131 22 tänkandets
231 625 73 21 vidare
322 624 166 28 handläggning.

152 653 166 28 Förmiddagens
329 654 158 21 sammanträde
498 654 74 21 afslöts
580 653 92 22 klockan
681 656 33 19 tre
723 654 54 21 efter
785 653 119 27 middagen.

244 726 90 25 Samma
350 727 42 28 dag
409 727 94 23 klockan
519 728 15 22 6
550 727 62 24 efter
628 727 125 29 middagen.

154 766 41 21 Till
210 766 88 22 fortsatt
313 767 130 27 behandling
457 767 111 28 föredrogs
584 769 157 20 sammansatta
747 767 46 27 lag-
806 767 40 22 och
857 767 50 21 eko-

86 795 176 22 nomiutskottets
279 795 137 22 betänkande
431 796 7 21 i
453 796 114 27 anledning
582 795 22 23 af
610 796 80 26 nådiga
699 796 162 27 propositionen
869 802 37 15 an-

86 825 83 26 gående
185 825 155 27 egostyckning
356 824 40 23 och
409 825 174 27 jordafsöndring
599 825 13 21 &
626 824 76 22 frälse-
718 825 40 22 och
775 825 129 22 skattehem-

86 859 48 16 man
150 854 56 21 samt
221 853 100 27 legoaftal
337 859 35 16 om
386 853 70 27 någon
473 854 33 21 del
522 854 21 21 af
557 854 71 28 dylika
643 853 132 27 lägenheter.

154 882 47 22 Och
217 882 43 21 blef
274 882 76 22 härvid
366 882 41 22 den
421 882 8 21 i
445 882 90 28 ordning
550 882 93 28 följande
659 884 12 20 3
687 882 11 28 $
713 885 53 19 utan
782 882 123 22 diskussion

85 910 108 28 godkänd.

152 940 11 20 I
178 938 102 22 afseende
296 939 12 21 ä
324 938 10 29 &
349 941 14 19 4
379 939 111 22 anmärkte

152 968 92 22 friherre
258 968 103 26 Wrede,
377 968 96 27 August:
495 968 42 22 Det
552 968 81 27 tillägg,
650 974 46 16 som
704 968 202 22 utskottet
823 964 9 36 i
843 968 63 22 denna

84 996 103 28 paragraf
200 996 56 28 gjort
271 997 32 21 till
319 997 42 21 den
376 997 78 27 nådiga
469 998 166 26 propositionen,
652 1003 63 15 anser
727 997 38 27 jag
778 1003 52 15 vara
841 997 65 21 allde-

85 1026 32 20 les
140 1025 136 27 öfverflödigt
298 1026 40 21 och
361 1026 101 26 skadligt.
493 1026 41 21 Det
549 1026 137 21 föreskrifves
702 1026 106 27 nämligen
823 1026 8 21 i
846 1026 61 21 detta

85 1054 83 26 tillägg,
185 1056 32 19 att
233 1056 111 24 sakegare,
361 1054 66 22 sedan
443 1054 112 27 delningen
566 1055 74 21 vunnit
650 1055 49 26 laga
709 1054 63 26 kraft,
785 1060 39 21 ega
833 1054 74 28 styrka

85 1083 78 21 sådant
177 1082 39 22 hos
228 1084 139 26 guvernören.
383 1083 43 21 Det
436 1083 96 21 kommer
542 1083 134 27 naturligtvis
688 1084 33 20 att
730 1082 96 22 medföra
837 1083 69 22 ökade

84 1111 118 22 kostnader
217 1111 33 22 för
268 1111 74 28 sjelfva
359 1112 207 27 jordafsöndringen,
587 1112 40 21 och
647 1112 37 22 det
699 1115 24 18 är
738 1112 28 27 på
781 1112 39 21 den
837 1112 69 27 grund

82 1140 40 28 jag
135 1140 49 23 icke
199 1140 69 22 skulle
284 1141 51 27 vilja
347 1140 108 29 tillstyrka
469 1142 60 21 detta
544 1141 81 27 tillägg.
655 1141 33 21 Då
704 1140 75 28 sjelfva
789 1140 116 22 skatteför-

86 1169 203 27 delningsåtgärden
310 1172 24 19 är
354 1169 41 22 den
411 1170 53 21 sista
480 1170 82 27 åtgärd,
578 1175 46 16 som
639 1170 7 21 i
661 1169 74 28 frågan
751 1172 24 19 är
790 1171 33 20 att
837 1169 68 22 vidta-

85 1204 38 21 gas
139 1198 41 21 och
196 1199 69 20 denna
280 1198 77 27 åtgärd
372 1199 123 21 ankommer
510 1199 13 21 å
537 1200 139 25 guvernören,
692 1199 68 21 finner
767 1199 44 26 jag,
823 1201 34 18 att
863 1198 43 21 han

84 1227 42 20 lätt
149 1227 39 21 bör
209 1227 73 21 kunna
301 1226 101 27 inhemta,
419 1227 105 22 huruvida
538 1227 54 21 hans
607 1227 72 26 utslag
694 1227 76 21 vunnit
784 1227 49 26 laga
848 1226 57 21 kraft

86 1255 52 21 eller
160 1255 8 21 i
187 1255 56 21 hvad
258 1261 49 16 mon
326 1255 37 21 det
376 1255 83 21 kunnat
473 1255 111 22 förändras
600 1255 28 26 på
644 1256 68 25 grund
729 1255 22 22 af
765 1254 88 22 anförda
868 1255 37 21 be-

86 1285 54 19 svär.
175 1283 10 21 I
207 1283 68 22 likhet
294 1283 50 22 med
359 1285 138 20 reservanten
513 1285 49 20 herr
577 1283 107 22 Fabritius
700 1284 69 21 skulle
782 1283 37 28 jag
835 1283 71 22 derför

86 1311 56 28 gifva
164 1311 107 22 företräde
292 1313 22 20 åt
336 1311 77 28 nådiga
433 1313 161 26 propositionen
609 1312 7 21 i
632 1312 69 21 denna
716 1312 34 22 del
766 1313 40 21 oeh
821 1311 32 22 får
868 1312 37 21 öd-

85 1340 95 27 mjukast
195 1340 108 27 tillstyrka
318 1340 50 22 dess
384 1341 127 27 antagande.

154 1368 56 21 Herr
224 1374 41 15 von
280 1367 124 22 Alfthan:
420 1368 68 21 Äfven
501 1369 37 26 jag
553 1368 69 21 skulle
637 1368 51 27 vilja
695 1367 132 22 understöda
835 1373 70 16 reser-

85 1397 79 21 vanten
180 1396 50 21 herr
247 1396 89 21 Fabritii
351 1395 81 28 förslag
446 1397 7 20 i
469 1397 69 20 denna
553 1396 41 26 del,
610 1396 71 21 sävidt
696 1396 37 21 det
748 1396 57 21 afser
819 1396 10 27 $
845 1398 13 19 4
872 1402 34 15 om

86 1425 162 27 egostyckning.
264 1425 48 21 Han
328 1425 39 21 har
381 1425 28 27 pä
424 1431 80 15 samma
519 1425 68 27 grund
602 1427 121 19 reserverat
737 1425 34 26 sig
785 1424 76 28 emot$
872 1426 33 25 10,

86 1460 46 16 som
152 1453 48 22 icke
215 1453 67 22 heller
297 1453 201 22 öfverensstämmer
512 1455 48 20 med
576 1454 40 21 den
631 1453 78 27 nädiga
723 1453 168 28 propositionen.

155 1482 55 22 Herr
225 1482 140 22 Mechelin:
389 1482 73 21 Ocksä
474 1482 37 27 jag
525 1483 37 21 ber
576 1482 33 22 för
624 1482 42 21 min
682 1482 35 22 del
731 1481 22 23 fä
767 1482 86 22 förorda
865 1483 41 20 den

85 1511 121 28 förenkling
228 1511 7 21 i
257 1511 120 22 utskottets
399 1511 87 27 förslag,
502 1517 44 16 som
562 1516 48 17 man
625 1511 82 27 antagit
723 1513 33 20 att
771 1511 41 22 den
827 1511 78 27 nädiga
