1081 1723
206 118 27 20 60
501 116 41 18 Den
559 118 9 15 7
581 116 95 18 Februari.

177 182 196 26 observationerna,
390 182 128 27 jemte
463 178 16 36 ::
483 182 35 27 det
540 184 32 19 att
594 182 70 21 denna
679 182 102 21 bistation
797 182 69 21 blefve
882 183 32 20 ett
928 182 72 21 medel

177 209 34 23 för.
232 210 141 27 utvidgandet
394 210 26 22 af
437 211 126 27 kunskapen
577 216 36 16 om
626 210 130 22 norrskenet
770 210 53 22 eller
837 210 38 22 det
888 210 114 22 såkallade

177 238 132 28 polarljuset.
323 258 3 2 ;
339 239 78 22 Kittilä
432 239 40 22 och
488 239 122 28 Sodankylä
624 239 59 27 ligga
697 238 106 28 nämligen
819 239 56 21 båda
889 239 57 21 inom
956 239 45 21 den

178 267 110 22 såkallade
310 268 202 27 norrskerns-zonen,
532 269 38 21 det
584 270 23 20 är
622 268 40 21 den
679 268 38 21 der
732 268 27 22 de
774 268 111 22 talrikaste
899 268 101 22 norrske-

177 302 41 17 nen
245 296 158 22 förekomma.:
417 297 88 21 Genom:
528 296 144 28 anläggandet
694 296 23 22 af
740 297 262 26 observationsstationer,

177 324 73 22 hvilka
270 325 69 22 skulle:
354 326 36 21 stä
398 326 13 21 i:
426 326 97 27 förening
536 327 49 21 med
602 326 119 21 hvarandra
736 331 77 21 genom
827 326 104 21 elektrisk:
945 326 55 21 tele-

178 353 47 27 graf
239 354 60 21 eller:
305 354 88 26 telefon;
408 354 69 22 skulle
492 356 28 26 pä
535 360 86 16 samma
630 354 78 22 latitud
723 354 54 22 med:
788 354 66 27 nägot
868 356 88 20 mer:än
966 355 34 28 3/4

177 383 64 27 grads
264 382 206 28 afständ'liktidiga
492 383 162 22 observationer
668 383 73 28 kunna
757 384 102 20 anställas
875 383 41 21 och
931 384 41 21 det
980 385 19 19 t.

178 417 68 15 0..m..
256 412 30 26 pä
302 408 74 35 samma
389 408 81 35 minut,
487 418 81 16 samma
582 412 95 22 sekund.
702 412 30 21 Är
748 412 37 21 det
799 412 29 21 dä
838 412 22 21 af
868 412 72 27 någor
947 412 54 26 vigt,

178 441 33 21 att
232 442 99 20 närmare
353 440 72 22 känna:
439 441 133 26 norrskenet,
594 441 40 21 och
649 440 44 22 kan
707 441 127 27 kunskapen
849 441 73 21 derom
932 440 70 24 hafva

177 468 68 27 något
266 468 131 28 inflytande?
416 470 53 21 eller
483 476 51 15 vore
549 470 38 20 det
601 469 82 22 kanske
697 469 58 21 blott
769 475 28 15 en
808 469 28 21 fri
852 468 150 28 vetenskaplig

179 497 173 27 sysselsättning,
367 499 32 20 ett
411 498 95 27 onyttigt
521 504 34 16 om
564 499 40 21 ock
612 497 140 28 upplyftande
760 498 102 26 studium,
870 498 55 22 eller
936 498 69 22 kunde

179 526 36 21 det
238 526 63 22 hafva
323 533 30 15 en:
364 526 68 27 högre
449 527 122 27 betydelse?
586 527 42 27 Jag
642 527 81 21 lemnar
737 527 144 21 besvarandet
895 527 21 21 af
919 527 82 22 denna

177 554 62 28 fråga
255 555 89 26 derhän;
359 561 51 16 men
422 555 67 22 redan
506 556 42 26 det,
564 558 34 19 att
612 562 26 15 en
654 554 55 23 finsk
723 562 50 15 man
789 558 65 24 egnat
864 556 47 21 sina
920 554 85 24 krafter

179 584 22 21 åt
223 584 60 22 detta
305 584 101 26 studium;
430 586 34 20 att
485 584 41 22 han
542 584 43 22 fört
600 584 119 22 detsamma
733 584 67 27 långt,
817 586 32 20 att
863 584 42 22 han
920 585 34 21 för
968 585 34 22 sin

178 613 62 21 teori:
256 619 38 15 om:
309 614 127 20 porrskemet
450 613 65 22 redan
531 614 76 21 vunnit
621 614 137 21 erkännande
773 614 6 20 i
795 614 133 21 vidsträckta
942 614 62 21 kret-

178 647 41 20 sar,
235 641 67 21 ehuru
318 642 104 22 -han:-ieke:
437 642 83 21 kunnat
532 642 137 26 fullständigt
684 642 74 22 bevisa:
774 642 138 26 densamma;
927 643 73 21 vidare

178 670 43 25 det,
247 672 32 19 att
301 670 69 22 sällan
381 666 33 36 ett
424 670 91 22 tillfälle
538 672 25 20 så
577 671 88 27 lyckligt
681 672 61 20 torde
756 670 92 27 inträffå,
865 672 28 20 dä
906 670 99 28 liktidigt.

177 698 136 22 vidsträckta
329 699 223 27 observationsserier,
569 700 25 21 så
611 699 84 27 nyttiga
710 700 62 21 äfven
783 699 33 22 för
822 699 113 21 studiet
916 694 22 37 af
941 706 60 15 norr-

178 727 83 26 skenet,
276 728 73 20 kunna
364 728 177 26 sammanställas,
559 740 21 3 —
596 728 64 21 dessa
668 728 183 27 omständigheter
859 730 58 24 göra,
927 723 30 36 att
963 728 41 27 jag

178 755 89 27 hoppas,
282 757 33 19 att
331 756 24 21 R.
372 762 19 15 o.
405 756 33 26 A.,
455 756 70 21 sävidt
539 757 28 26 pä
582 756 38 21 det
635 756 129 26 ankommer,
776 757 40 21 lätt
824 756 55 22 inser
888 756 73 27 vigten
970 758 32 20 att

178 784 50 21 med
241 784 40 21 sitt
294 784 73 21 förord
382 784 106 22 indirekte
504 785 138 27 understödja
657 785 76 27 denna,
750 791 34 15 om
800 785 39 21 ock
847 785 30 27 pä
884 787 66 19 annat
958 785 43 21 häll

178 812 120 22 inlemnade
313 812 169 28 omfängsrikare
496 814 97 26 petition.
623 814 37 21 Mä
675 814 37 21 det
727 813 81 22 tillåtas
818 814 43 26 mig
872 816 33 19 att
912 814 90 26 tillägga

179 843 35 19 att:
228 837 46 38 den
285 842 57 21 teori
357 841 33 22 för
404 842 134 27 norrskenet,
555 848 46 16 som.
616 843 40 21 hos
672 848 35 16 oss
722 842 7 21 i
744 842 91 22 Finland
848 842 70 29 blifvit
933 842 69 28 gjord,

175 866 75 36 synes:
262 866 135 36 ädagalägga,
414 873 32 19 att
462 871 59 22 detta
535 871 47 22 icke
598 873 65 20 annat
677 873 24 20 är
717 873 27 19 än
760 878 26 15 en
800 871 83 27 mäktig
897 871 104 22 elektrisk

180 899 129 27 utstrålning
323 899 46 22 från
385 900 118 27 nordpolen
512 911 25 4 —
546 901 136 26 naturligtvis
688 901 67 26 jemte
765 906 25 16 en
798 900 93 22 likartad
899 900 46 22 från
953 901 49 26 syd-

179 927 63 27 polen
257 929 34 25 +,
307 934 49 15 men
372 928 35 21 det
423 929 67 26 gäller
504 931 56 19 ännu
576 931 33 19 att
623 929 120 22 bestämma
750 929 61 21 detta
819 929 115 22 norrskens
942 929 58 28 höjd;

180 956 58 27 eller,
254 963 49 15 man
318 957 72 22 kunde
405 959 58 26 säga,
480 957 58 28 djup,
554 958 55 21 huru
624 959 45 26 lågt
683 958 35 21 vid
731 958 77 27 jorden
823 959 38 20 det
874 958 43 21 kan
927 959 74 20 obser-

180 986 70 25 veras,
261 987 26 26 ty:
301 992 50 19 man
366 987 63 25 säger
444 988 33 19 att
491 986 39 22 det
544 987 57 21 visar
613 987 33 27 sig
661 987 29 26 pä
704 986 68 27 några
786 989 69 19 meter
869 987 47 21 från
929 987 72 27 jordy-

180 1017 37 18 tan
237 1014 44 21 och
300 1014 87 21 således
405 1017 24 18 är
444 1021 28 15 en
484 1015 83 27 verklig
580 1015 132 27 utstrålning
727 1015 46 22 från
789 1015 130 26 densamma,
935 1016 66 21 allde-

178 1042 120 21 les..såsöm
312 1042 123 22 fenomenet
449 1046 33 19 ter
493 1044 37 26 sig
545 1044 45 21 från
607 1051 26 14 en
648 1044 103 21 elektrisk
766 1044 96 21 samlare.
880 1056 25 4 —
915 1044 47 21 Och
969 1044 33 21 till

179 1071 45 21 slut
239 1067 37 40 för
288 1071 39 21 den
341 1077 47 15 som
402 1071 77 22 främst
493 1072 71 31 frågar
579 1072 56 22 efter
648 1074 84 25 nyttan:
745 1072 42 21 det
801 1072 67 22 finnes
879 1072 64 26 ingen
951 1072 51 21 länk

179 1100 7 20 i
201 1099 146 27 vetenskapen
361 1111 29 4 —
405 1100 40 21 och
462 1100 42 22 dem
517 1100 161 27 ifrågavarande
693 1103 25 19 är
731 1101 48 21 icke
794 1101 65 21 bland
875 1101 27 21 de
917 1101 85 25 minsta;

179 1129 52 19 utan
247 1129 26 21 en
289 1128 23 21 af
324 1128 27 22 de
371 1130 81 20 största
469 1140 26 6 —
506 1134 50 16 som
571 1129 48 21 icke
634 1129 44 21 förr
693 1129 52 21 eller
760 1135 83 20 senare,
859 1130 27 26 pä
898 1130 36 20 ett
950 1129 52 21 eller

180 1157 66 21 annat.
260 1157 46 21 sätt
320 1156 61 22 äfven
396 1159 161 25 representerar
571 1159 75 27 nyttan
661 1158 33 21 uti
709 1158 80 21 oanadt
799 1159 56 21 stort
861 1157 141 23 förhällände.

179 1184 144 28 Exempelvis:
346 1186 67 26 något
432 1186 25 21 sä
474 1186 48 22 litet
532 1192 51 16 som
598 1187 67 26 några
680 1186 123 28 obetydliga
817 1186 131 28 färgämnen,
964 1187 37 21 ke-

179 1213 70 22 miska
258 1213 135 28 föreningar,
411 1214 73 22 hvilka
497 1215 222 27 vetenskapsmannen
734 1215 69 22 funnit
818 1216 7 20 i
838 1216 163 26 stenkolsoljan,

179 1242 145 22 hafva::sedan
339 1242 61 27 gifvit.
414 1243 121 27 anledning:
547 1244 32 21 till
587 1244 117 21 industrier
711 1244 23 21 af
739 1244 109 27 miljoners
856 1244 72 22 värde.
945 1244 56 21 Vare

180 1270 61 21 detta
255 1271 66 25 :sagdt
334 1272 79 20 endast
427 1272 72 20 såsom
514 1274 32 19 ett
561 1272 96 26 exempel
669 1272 68 21 bland
751 1273 113 21 tusenden.
881 1273 45 26 Jag
939 1272 64 21 utber

179 1298 44 26 mig.
244 1298 139 25 fördenskull,
401 1301 34 19 att
456 1300 7 20 i
486 1300 42 20 allo
542 1299 21 22 fä
578 1300 141 28 understödja
734 1300 39 22 den
786 1299 26 22 af
821 1300 94 22 friherre
929 1300 73 29 Hisin-

179 1332 38 21 ger
238 1326 119 29 framlagda
378 1328 118 28 petitionen
519 1328 40 22 och
577 1328 70 22 tillika
662 1328 86 22 anhålla
764 1335 35 15 om
813 1329 50 21 dess
877 1329 77 21 remiss
969 1328 33 22 till

179 1355 100 27 behörigt
290 1356 95 22 utskott.
404 1351 10 39 -
415 1356 62 22 Ännu
494 1356 122 22 derutöfver
630 1357 39 21 ber
682 1357 37 27 jag
734 1364 35 15 om
784 1359 32 20 att
831 1358 22 21 få
860 1358 88 28 tillägga
957 1358 45 26 det,

179 1386 33 20 att
233 1384 74 28 frågan
329 1386 26 20 äv
368 1385 127 28 :skyndsam.
530 1386 74 26 Enligt
619 1386 41 22 den
676 1388 86 20 senaste
777 1387 172 28 internätionella
963 1393 39 21 po-

179 1413 186 23 larkonferensens
379 1414 9 22 i
402 1414 34 22 S:t
445 1414 213 28 Petersburg'beslut
666 1415 69 23 skulle
744 1416 189 27 observationerna
941 1416 62 28 börja

179 1442 48 22 icke
241 1442 8 22 i
263 1443 56 26 höst,
335 1444 52 21 utan
402 1444 67 21 redan
484 1444 40 22 den
542 1446 9 19 1
568 1444 99 27 Augusti.
697 1444 47 22 Det
756 1451 50 16 vore
821 1445 133 22 nedslående
969 1444 35 23 för

179 1471 97 27 Finland,
291 1478 35 16 om
340 1472 49 22 icke
403 1473 21 21 vi
440 1473 69 21 skulle
524 1473 66 21 hafva
602 1473 38 21 vär
650 1474 231 22 observationsstation
888 1474 72 27 färdig
967 1480 35 16 re-

179 1500 50 22 dän:
239 1500 47 24 lika
308 1501 65 27 tidigt
394 1507 47 16 som
461 1502 67 21 andra
542 1502 104 26 nationer,
662 1502 73 22 hvilka
744 1504 74 22 :mäste
833 1503 54 22 söka
901 1503 48 22 sina
958 1503 44 21 -ob-

179 1529 179 23 servationsorter
375 1530 36 22 vid
429 1530 65 27 Lena,
513 1531 34 21 vid
570 1531 59 27 Lady
652 1531 111 22 Franklins
777 1532 48 28 bay,
847 1532 6 21 å
868 1532 41 22 Jan
924 1532 77 27 Mayen
