1078 1731
414 109 42 19 Den
472 111 10 16 7
494 108 95 21 Februari.
848 113 27 20 63

86 174 39 23 och
149 180 35 17 om
207 182 30 22 en
252 175 67 23 sådan
337 170 98 40 utvidgad
447 170 136 40 befogenhet
597 177 70 23 skulle
681 177 141 23 tillerkännas
837 178 68 28 sagda

84 204 87 26 komité,
186 205 71 26 måste
273 205 63 22 äfven
351 200 51 39 dess
409 207 198 28 sammansättning
621 206 63 23 blifvå
699 207 67 27 något
772 206 132 23 modifierad.

152 233 33 21 En
201 240 69 15 annan
285 235 166 26 :ömständighet,
462 235 93 22 'hvarvid
565 236 143 26 petitionären
717 236 19 27 ej
744 236 45 21 fäst
795 235 109 27 afseende,

85 264 24 19 är
127 263 33 20 att
175 263 38 21 det
226 263 41 21 blir
282 268 27 17 en
322 263 123 27 födvändig
459 263 53 28 följd
527 263 23 22 af
562 263 69 22 finska
646 264 99 27 språkets
759 265 123 21 insättände
896 265 8 21 i

84 290 43 21 lika
148 292 46 19 rätt
215 291 49 22 med
286 291 114 26 svenskan,
424 294 33 19 att
477 292 84 22 lamdets
580 293 59 21 äldre
654 293 60 25 lagar
728 293 41 21 och
783 293 121 22 författnin-

83 325 38 20 gar
144 319 63 21 skola
228 319 133 22 öfversättas
378 320 31 22 till
425 320 69 23 finska
505 321 34 26 så,
555 323 33 19 att
603 321 182 27 öfversättningen
799 321 105 28 derjemte

84 349 24 20 är
129 348 162 28 vederbörligen
314 349 141 22 -autoriserad.
492 349 33 23 De
547 349 157 28 lagsamlingar,
724 356 45 15 som
785 357 29 15 nu
828 350 76 26 finnas,

83 377 64 22 hafva
168 379 67 20 rättat
258 379 38 22 det
309 378 99 28 tidigare,
424 379 83 26 vitiösa,
523 379 89 28 språket
626 384 76 22 genom
718 381 33 20 att
765 379 57 23 inom
838 379 66 22 klam-

83 413 45 15 mer
143 406 92 22 tillsätta
250 412 65 23 nyare
331 407 40 22 och
386 412 59 17 mera
460 409 78 21 exakta
553 408 38 22 ord
605 408 35 22 för
652 408 28 22 de
696 408 59 22 äldre
771 409 40 22 och
821 408 83 23 mindre

82 435 108 28 lämpliga,
206 435 72 23 hvilka
292 437 77 27 tyvärr:
379 436 68 23 finnas
462 437 7 22 i
485 437 42 22 alla
541 437 60 22 äldre
616 437 154 28 förordningar.
801 438 42 21 Det
853 443 51 17 vore

82 464 23 22 af
117 464 49 28 vigt
178 467 33 19 att
225 467 63 20 vinna
303 471 26 16 en
344 467 134 21 autoriserad
493 467 94 27 upplaga
601 466 22 21 af
635 467 19 26 ej
671 466 55 22 blott
743 468 55 20 1734
814 467 35 21 års
861 466 42 27 lag,

83 495 51 20 utan
150 493 62 23 :äfven
227 494 27 22 de
269 494 156 29 författningar,
444 501 38 22 som
495 495 7 21 i
510 495 119 27 väsentliga
637 495 60 21 delar
704 495 69 22 ändra
780 495 124 22 densamma

82 522 41 22 och
136 522 132 23 fortfarande
288 526 37 20 äro
340 524 81 27 giltiga.
450 524 68 22 Äfven
533 524 70 22 denna
618 524 83 27 uppgift
715 530 64 21 synes
793 524 43 28 mig
851 525 52 21 värd

81 553 34 20 att
136 552 86 22 komma
240 552 7 21 i
267 552 86 27 åtanke;
367 558 36 16 om
420 559 26 15 en
462 553 67 22 sådan
543 553 80 22 komité
638 553 69 21 skulle
722 552 109 22 tillsättas.
861 552 43 28 Jag

81 580 82 22 tillåter.
177 581 43 27 mig
233 582 34 20 att
281 584 79 19 nämna
373 583 40 25 att,
426 594 28 3 —
463 582 72 21 derest
547 582 39 27 jag
594 582 18 27 ej
622 584 24 19 är
653 583 59 20 orätt
719 582 147 26 underrättad,
874 591 29 6 —

81 615 27 15 en
123 610 91 26 petition
229 609 22 21 af
265 610 78 22 sådant
357 610 93 22 innehåll
466 610 62 22 torde
542 611 7 21 i
564 611 43 27 dag
620 610 103 22 inlemnas
734 610 8 22 i
752 610 151 28 borgarestäns

83 638 42 22 det.
156 638 105 28 Slutligen
277 639 39 22 ber
328 639 38 28 jag
381 641 32 19 att
428 639 49 22 med
493 640 100 22 afseende
609 639 14 21 &
636 638 115 23 remiss:af
764 639 70 22 denna
849 639 54 28 peti-

82 667 45 21 tion
142 666 22 23 få
179 668 118 27 framhålla,
313 670 33 20 att
361 668 124 27 petitionen,
502 668 67 28 enligt
575 669 43 21 min
627 668 71 26 tanke,
706 668 123 28 lämpligast
836 668 67 22 borde

81 696 121 22 remitteras
218 696 32 22 till
265 697 150 27 lagutskottet.
445 698 42 27 Jag
501 699 39 25 gör
555 698 70 21 denna
640 698 139 26 anmärkning
793 698 49 21 med
858 700 44 19 tve-

81 725 48 27 kan,
153 726 29 21 dä
202 726 144 27 petitionären
365 726 50 28 sjelf
428 732 63 22 synes
507 726 74 28 öuska,
598 728 33 20 att
646 726 123 22 densamma
784 727 70 21 skulle
869 734 34 15 re-

82 754 97 22 mitteras
201 754 33 22 till
251 755 108 22 allmänna
374 756 98 21 besvärs-
488 756 52 21 eller
554 756 219 27 petitionsutskottet.
803 756 56 26 Men,
876 756 27 22 dä

82 784 70 21 denna
167 783 60 28 fräga
241 784 33 22 för
289 785 37 21 det
341 784 67 23 första
424 791 51 21 eger
491 786 31 20 ett
536 785 55 21 visst
606 785 103 21 samband
717 785 48 21 med
773 785 129 27 propositio-

81 818 41 16 nen
145 818 34 16 om
202 813 93 21 svenska
317 814 40 21 och
375 812 70 22 finska
460 814 104 27 spräkens
579 813 140 28 begagnande
735 814 35 21 vid
785 813 119 22 domstolar

81 842 40 21 och
136 842 149 27 myndigheter
298 842 9 22 i
320 842 80 26 landet,
417 848 46 16 som
477 843 66 21 redan
559 845 24 19 är
597 842 124 22 remitterad
736 842 33 22 till
782 842 120 27 lagutskot-

80 872 39 25 tet,
143 871 41 21 och
204 872 28 21 dä
246 871 73 22 vidare
334 871 61 22 fallet
409 873 30 25 är,
455 873 33 20 att
502 872 154 26 lagutskottets
672 872 138 21 medlemmar
824 872 32 21 till
872 872 31 22 öf-

81 900 135 26 vervägande
231 900 69 22 flertal
316 903 37 19 äro
368 900 96 27 lagfarne
479 904 55 22 män,
549 906 49 16 men
613 901 103 26 deremot,
732 900 72 22 sävidt
811 900 37 28 jag
855 900 47 22 fun-

81 929 38 27 nit,
141 928 57 23 blott
220 936 26 15 en
259 929 105 28 juridiskt
375 929 72 23 bildad
463 936 78 23 person
557 930 63 22 sitter
634 930 7 22 i
657 930 107 22 allmänna
779 930 123 22 besvärsut-

81 959 91 26 skottet,
186 965 64 21 synes
266 959 67 22 saken
348 958 65 23 blifva
427 959 163 27 fullständigare
605 959 83 26 utredd,
705 965 34 16 om
756 959 40 22 den
807 959 95 22 remitte-

80 994 35 15 ras
131 987 32 22 till
178 987 150 28 lagutskottet.
351 988 42 27 Jag
408 988 69 22 skulle
493 988 84 23 derföre
591 989 53 27 yrka
658 988 28 28 pä
702 990 32 19 att
749 988 76 22 remiss
833 988 70 22 skulle

81 1023 40 22 ega
135 1023 47 15 rum
197 1017 32 22 till
245 1017 150 28 lagutskottet.
600 1031 5 2 :

149 1046 57 21 Herr
219 1047 186 28 Godenhjelm:
421 1047 42 27 Jag
478 1049 24 19 är
516 1047 7 21 i
538 1046 43 25 det,
597 1053 46 16 som
656 1047 38 27 jag
709 1048 73 20 ämnat
796 1048 63 26 yttra,
870 1046 33 21 till

81 1076 81 21 största
178 1075 61 22 delen
253 1076 145 22 förekommen
414 1075 22 22 af
450 1076 49 21 herr
514 1075 94 22 Palmén.
637 1076 42 27 Jag
692 1075 87 22 förenar
793 1076 44 26 mig
847 1075 55 22 såle-

81 1105 37 21 des
141 1104 178 28 hufvudsakligen
341 1105 7 21 5
367 1105 43 26 det,
429 1111 46 15 som
496 1107 79 26 yttrats
598 1105 23 21 af
633 1104 130 28 föregående
779 1105 68 21 talare
862 1104 40 22 och

80 1133 39 22 ber
133 1135 34 20 att
181 1133 23 22 få
218 1134 89 27 tillägga
321 1136 57 19 ännu
394 1134 67 27 några
477 1135 38 20 ord
531 1141 34 15 om
580 1133 41 22 den
635 1133 70 22 finska
717 1133 108 28 juridiska
839 1133 64 22 stilen

80 1162 41 22 och
136 1163 51 21 dess
202 1163 127 27 utbildning.
347 1174 22 4 —
387 1164 39 20 Att
441 1163 41 21 den
497 1163 94 22 svenska
602 1163 106 27 juridiska
723 1162 64 21 stilen
803 1164 26 19 är
843 1162 59 27 lång-

80 1191 70 28 släpig
172 1192 40 21 och
231 1191 101 28 olämplig
345 1192 9 21 i
369 1191 42 22 alla
425 1191 115 22 afseenden
556 1193 25 20 är
596 1191 88 22 allmänt
699 1191 92 22 erkändt
805 1191 61 21 äfven
882 1190 22 22 af

80 1221 94 21 svenska
193 1220 95 27 jurister,
307 1226 49 16 men
372 1227 26 15 en
411 1219 53 29 följd
479 1220 22 21 af
515 1221 27 20 de
557 1220 148 27 egendomliga
720 1219 181 27 språkförhållan-

81 1249 55 21 dena
158 1249 39 21 har
216 1249 61 26 varit,
293 1251 34 20 att
341 1249 41 23 den
397 1248 69 23 finska
480 1249 103 26 juridiska
598 1249 62 21 stilen
676 1248 118 22 tillsvidare
809 1248 93 21 utbildat

80 1277 33 27 sig
135 1277 7 21 i
164 1277 94 27 enlighet
280 1277 49 23 med
351 1278 41 21 den
412 1278 98 21 svenska.
542 1277 85 22 Största
642 1277 62 21 delen
720 1276 23 23 af
756 1277 27 21 de
795 1276 108 28 juridiska

79 1306 132 27 handlingar,
234 1312 47 16 som
302 1306 115 23 förefinnas
431 1306 29 27 på
475 1305 69 22 finska
559 1306 93 27 språket,
668 1307 65 25 utgör
749 1305 153 26 öfversättning

80 1334 23 21 af
116 1335 93 22 svenska
224 1335 88 22 sådana.
340 1335 67 22 Detta
423 1337 24 20 är
461 1335 116 26 ingalunda
592 1334 32 22 till
639 1335 79 20 bätnad
733 1333 34 22 för
782 1334 41 21 den
832 1333 70 22 finska

77 1363 107 27 juridiska
199 1364 70 26 stilen,
285 1363 73 22 också:
367 1363 84 21 derföre
467 1366 32 18 att
513 1363 70 21 finska
596 1363 101 27 språkets
711 1365 65 19 natur
790 1365 25 18 är
823 1369 26 14 en
858 1362 45 21 helt

79 1396 70 16 annan
164 1392 7 20 i
186 1392 61 20 detta
263 1391 104 22 afseende
378 1394 28 18 än
420 1392 37 20 det
472 1391 93 21 svenska
579 1390 156 27 tungomälets.
747 1390 53 21 Den
810 1390 92 21 svenska

79 1419 64 22 stilen
160 1421 25 20 är
199 1419 101 28 olämplig
315 1419 61 22 äfven
392 1419 33 21 för
440 1419 93 21 svenska
549 1419 95 27 språket,
659 1424 49 16 men
723 1421 57 19 ännu
795 1424 60 16 mera
869 1418 34 22 för

80 1448 39 22 det
138 1448 76 27 finska,
236 1454 45 16 som
300 1449 7 21 i
327 1449 78 26 högsta
419 1448 53 28 grad
487 1448 73 28 afskyr
573 1448 110 21 inbundna
696 1447 206 27 periodbyggnader,

79 1478 111 27 inskjutna
211 1478 94 22 bisatser
326 1484 19 16 o.
366 1476 53 23 8.;v.
448 1476 78 22 Derför
541 1477 82 27 hoppas
636 1476 38 28 jag
688 1478 39 24 att,
744 1478 39 20 när
796 1476 105 27 ifrågava-

79 1507 68 22 rande:
164 1507 83 22 ärende
262 1506 118 25 behandlas
397 1506 136 26 'i-utskottet,
548 1506 64 22 äfven
624 1505 71 22 denna
710 1506 41 21 sak
765 1507 62 25 tages
842 1506 7 20 i
864 1505 38 21 be-

79 1536 123 22 traktande.
231 1536 47 22 Den
294 1536 74 22 ärade
373 1535 143 28 petitionären
531 1537 88 20 nämner
633 1534 7 22 i
655 1534 32 22 sin
702 1534 91 28 petition
801 1534 64 22 bland
874 1534 28 22 de
