1067 1723
209 98 41 21 458
524 102 41 19 Den
577 104 10 16 3
599 102 59 23 April.

250 163 70 21 Sedan
336 162 87 22 ståndet
438 169 76 20 genom
525 163 97 26 votering
635 162 106 22 förkastat
751 164 32 19 ett
794 162 23 21 af
825 162 175 28 landtdagsman-

180 197 42 15 nen
246 191 127 22 Costiander
387 191 65 21 väckt
467 190 80 27 förslag
562 193 33 19 att
609 191 33 21 till
657 191 123 21 diskussion
795 191 66 21 borde
876 191 55 24 först
945 196 54 21 upp-

180 221 63 24 tagas
259 220 13 25 $
287 221 12 18 4
315 219 7 21 i
337 219 119 21 utskottets
472 218 80 27 förslag
567 219 32 20 till
614 218 123 27 förordning
752 219 7 20 i
778 220 81 26 ämnet,
875 219 76 21 skreds
967 219 33 21 till

181 247 130 26 granskning
328 246 22 22 af
364 247 59 21 detta
438 246 218 27 författningsförslag
666 246 102 27 paragraf
773 246 34 22 för
815 247 108 27 paragraf;
936 247 63 22 hvar-

180 275 35 21 vid
231 275 87 21 ständet
333 275 105 21 stannade
454 276 6 20 i
475 275 93 27 följande
584 275 82 21 beslut:

278 306 9 19 1
304 305 84 26 antogs,
404 303 54 22 efter
474 304 105 21 särskilda
598 303 163 27 omröstningar,
783 303 136 27 oförändrad,
934 304 66 21 likväl

180 332 50 22 med
244 331 106 22 förbehåll
365 333 32 20 att
413 332 154 27 statsbidraget
583 332 31 21 till
631 332 26 21 de
673 332 131 26 kommuner,
821 333 31 21 uti
868 333 72 21 hvilka
950 339 48 15 vac-

181 360 125 27 cindepoter
321 361 18 27 ej
356 360 74 27 finnas,
448 361 63 26 utgår
526 361 32 21 till
573 361 74 26 hvarje
663 361 66 21 sådan
741 361 101 21 kommun
850 361 56 22 inom
914 361 84 27 Kuopio

180 389 40 22 och
243 389 120 27 Uleåborgs
374 389 36 22 län
433 390 49 21 med
497 389 26 22 25
543 389 61 22 mark
619 389 39 21 och
673 389 58 22 inom
747 389 26 22 de
789 389 68 28 öfriga
871 390 63 21 länen
949 389 50 22 med

180 419 28 20 20
223 419 60 20 mark
298 417 33 22 för
346 418 73 27 hvarje
435 419 84 20 ettusen
535 424 103 21 personer
653 417 22 22 af
687 418 141 21 kommunens
843 418 156 28 folkmängd;i1

249 446 10 27 $
276 448 12 19 2
303 447 126 26 godkändes
445 449 53 18 utan
514 446 132 25 diskussion:

248 475 11 27 $
275 477 12 19 3
303 477 76 24 antogs
395 475 103 21 likaledes
515 475 133 26 oförändrad,
659 474 73 27 första,
745 475 67 21 andra
823 475 39 21 och
874 475 124 21 slutmenin-

180 509 42 22 gen
237 506 52 18 utan
303 503 179 27 meningsolikhet
497 505 56 20 samt
568 503 68 27 tredje
655 503 41 22 och
711 503 66 27 fjerde
793 503 114 27 meningen
923 509 77 21 genom

180 531 135 27 voteringar
307 527 12 35 :

248 560 23 27 $$
294 562 12 19 6
322 560 40 21 och
378 562 12 19 8
407 560 89 26 gillades
516 560 49 21 med
581 559 109 22 obestridd
706 559 110 28 pluralitet
832 561 56 20 samt
904 559 23 28 $$
943 561 19 25 4,
978 562 20 24 5,

180 590 19 25 7,
216 591 19 24 9,
252 588 40 21 och
309 590 26 19 10
352 588 107 22 äfvensom
475 589 109 26 ingressen
601 587 107 28 enhälligt.

248 617 40 21 Vid
304 617 130 27 granskning
450 616 22 21 af
485 617 103 26 förslaget
603 616 31 21 till
650 617 130 26 reglemente
788 617 32 22 för
831 617 167 26 vaccinationen,

179 645 82 22 hvilket
280 645 68 22 blifvit
364 646 117 21 ständerna
495 645 123 22 meddeladt
633 645 7 21 i
655 645 101 22 afseende
772 645 13 22 ä
799 645 101 28 yttrande
915 645 40 22 och
966 645 33 22 för

180 677 32 18 att
235 674 58 27 tjena
315 674 33 21 till
370 674 129 27 upplysning
515 674 33 22 vid
564 673 166 28 hufvudfrägans
746 674 135 27 behandling,
897 674 101 22 förenade

179 703 33 26 sig
227 703 93 26 ständet,
341 703 46 21 dels
404 703 101 26 enhälligt
521 703 45 21 dels
581 702 55 22 efter
651 703 98 21 anstälda
765 703 129 26 voteringar,
912 709 34 15 om
963 703 36 21 det

180 731 22 22 af
216 732 109 21 utskottet
340 731 59 22 öfver
414 738 81 15 samma
509 731 80 27 förslag
604 731 79 27 afgifna
698 731 99 28 yttrande
813 732 7 20 i
836 731 63 27 öfrigt
914 735 70 18 utom:

248 762 33 20 att
296 760 67 22 slutet
377 760 23 22 af
412 766 63 16 mom.
492 767 12 15 a
519 762 13 25 &
550 762 25 20 10
586 760 66 22 borde
663 760 81 22 erhålla
754 760 93 27 följande
858 760 46 22 från
912 760 86 22 utskot-

179 791 43 19 tets
238 789 81 26 förslag
335 788 112 22 afvikande
458 789 93 27 lydelse:
567 791 41 21 vän
619 788 61 22 äfven
691 788 45 22 låta
745 789 7 21 i
761 788 161 27 församlingens
932 789 67 27 kyrka

179 818 98 26 kungöra
291 818 37 20 tvä
342 817 28 27 pä
385 818 119 21 hvarandra
518 818 93 27 följande
627 817 112 27 söndagar,
755 817 69 21 första
840 817 83 27 gängen
934 817 65 21 minst

182 848 26 19 14
224 846 67 27 dagar
305 846 46 22 före
366 846 68 21 första
448 846 205 27 ympningsmötet
631 842 24 36 ;*

248 877 33 18 att
295 875 170 26 konjunktionen
482 875 51 25 ,eli*
552 875 88 21 emellan
652 874 65 21 orden
729 875 108 24 ,,istutus*
848 874 40 22 och
901 874 97 25 ,tarkas-

179 904 36 20 tus
230 903 157 22 kokouksissa*
405 903 31 21 uti
451 903 68 21 finska
535 905 72 20 texten
623 903 22 21 af
658 903 119 21 utskottets
793 903 80 26 förslag
888 903 33 21 till
935 908 63 17 mom.

180 938 13 15 a
208 932 10 25 $
237 934 25 19 14
279 931 70 22 skulle
366 931 85 28 utbytas
468 933 44 20 mot
527 931 168 28 konjunktionen
713 931 109 26 ,taikka;*

248 962 33 19 att
297 960 41 21 den
353 961 7 20 i
375 961 160 26 propositionen
552 960 121 27 föreslagna
688 960 81 27 lydelse
784 960 23 21 af
820 961 13 26 $
849 962 27 19 28
892 960 67 22 borde
966 960 32 21 bi-

180 988 103 27 behållas,
305 989 66 21 likväl
393 989 49 21 med
461 989 66 21 sådan
543 989 95 26 ändring,
655 988 132 22 beträffande
803 989 195 27 anslagsbeloppet,

180 1023 46 15 som
241 1017 96 27 päkallas
361 1017 22 22 af
404 1018 97 21 ständets
523 1017 36 22 vid
581 1017 132 27 antagandet
733 1017 22 22 af
769 1018 10 25 $
797 1019 10 20 1
824 1018 8 20 i
847 1017 151 27 förordningen

180 1045 75 28 gjorda
269 1045 105 22 förbehåll
389 1048 56 19 samt

248 1076 33 19 att
297 1074 41 21 den
353 1075 7 20 i
375 1073 12 29 $
408 1076 25 19 29
438 1075 121 26 upptagna
577 1074 105 21 särskilda
700 1073 120 27 ersättning
835 1074 23 21 ät
872 1073 125 28 provincial-

179 1102 102 21 läkarene
303 1101 32 22 för
357 1102 194 27 inspektionsresor
569 1103 6 20 i
591 1102 263 21 vaccinationsområdena
868 1102 48 21 icke
932 1103 66 20 borde

180 1131 152 26 ifrågakomma
349 1131 40 21 och
405 1130 48 21 hela
468 1131 126 26 paragrafen
609 1129 56 28 förty
681 1130 58 26 utgå.

248 1159 71 20 Sedan
335 1159 41 21 den
391 1159 8 21 i
413 1159 146 21 betänkandet
575 1159 12 20 å
603 1158 61 21 sidan
681 1161 22 18 16
714 1158 122 27 föreslagna
843 1158 67 22 första
918 1159 80 21 klämm

178 1187 54 21 härä
255 1187 68 21 blifvit
342 1187 107 26 godkänd,
466 1187 70 21 beslöt
552 1186 87 22 ståndet
654 1189 32 18 att
701 1187 161 26 tillämpningen
877 1187 23 20 af
914 1187 84 21 författ-

178 1215 106 26 ningarna
299 1221 33 15 om
348 1215 160 22 vaccinationen
519 1215 48 22 icke
577 1215 70 22 skulle
655 1215 87 26 vidtaga
752 1215 134 22 omedelbart
894 1215 40 22 och
942 1221 56 16 sam-

178 1244 66 27 tidigt
258 1243 59 22 öfver
331 1243 48 22 hela
394 1244 79 25 landet,
490 1246 51 19 utan
557 1243 111 22 efterhand
683 1244 6 21 i
704 1244 41 21 den
755 1250 49 15 mon
816 1244 182 21 vaccinationsde-

178 1275 64 23 poter
257 1272 86 20 komma
357 1273 34 19 till
401 1272 70 25 stånd,
483 1272 124 26 tillräckligt
617 1271 57 21 antal
685 1271 147 22 vaccinatörer
843 1271 91 22 erhållas
944 1274 55 19 samt

178 1300 7 21 i
202 1299 64 26 öfrigt
287 1300 161 21 förhållandena
471 1300 125 27 möjliggöra
611 1299 110 22 införande
737 1299 23 22 af
773 1300 142 26 obligatorisk
930 1301 68 21 vacci-

178 1328 84 26 nation;
287 1328 40 22 och
349 1329 70 21 skulle
442 1329 146 21 betänkandet
603 1329 169 21 återremitteras
789 1329 32 21 till
837 1329 113 26 utskottet,
967 1329 32 22 för

178 1357 130 27 vidtagande
324 1356 22 23 af
360 1357 26 22 de
401 1357 48 22 utaf
463 1357 87 22 ståndet
566 1357 99 22 beslutna
679 1357 115 28 ändringar
804 1358 7 21 i
819 1357 179 28 författningsför-

179 1386 73 27 slagen
276 1389 56 19 samt
354 1386 7 22 i
383 1386 102 22 afseende
509 1387 12 21 å
544 1386 173 28 omformulering
737 1387 23 21 af
774 1387 151 22 slutklämmen
940 1387 8 21 i
963 1387 37 22 det

180 1415 61 27 syfte,
258 1415 85 22 hvartill
359 1416 97 21 ståndets
473 1416 72 21 beslut
560 1416 133 21 beträffande
708 1416 160 27 tillämpningen
885 1415 23 23 af
915 1416 83 22 författ-

179 1444 110 27 ningarne,
313 1444 108 22 äfvensom
443 1444 51 22 dess
516 1444 36 22 vid
567 1445 155 27 godkännande
737 1444 23 22 af
773 1445 11 27 $
801 1448 9 18 1
828 1446 6 20 i
850 1444 150 29 förordningen

178 1472 58 23 fästa
250 1472 112 28 förbehåll,
378 1473 55 27 gifva
449 1473 120 27 anledning.
