1078 1723
215 112 40 21 244
524 108 41 19 Den
578 110 10 16 7
601 108 55 18 Mars.

186 174 193 23 torsföreståndare
395 175 39 21 och
449 174 100 22 kassörer
564 174 33 22 för
611 173 133 23 närvarande
758 174 49 21 fullt
821 175 24 19 ut
859 172 93 28 förtjena
966 173 37 22 det

186 206 59 19 stora
267 204 129 26 förtroende,
419 202 76 22 hvaraf
515 204 27 20 de
557 205 37 19 äro
609 202 8 22 i
632 202 131 28 åtnjutande,
780 202 55 22 dock
849 202 48 21 icke
911 200 91 28 förgäta,

186 234 32 20 att
233 232 7 21 i
255 232 96 22 bankens
368 232 87 22 annaler
469 231 132 22 förekomma
616 231 93 27 sorgliga
724 230 94 28 exempel
833 230 28 28 på
876 232 126 24 motsatsen,

185 262 56 20 samt
256 263 32 19 att
303 261 71 28 dylika
392 260 49 22 ofall
456 260 80 27 jemväl
550 260 114 22 framdeles
680 259 72 22 kunna
766 258 91 26 inträffa,
872 258 89 22 såframt
976 257 26 23 de

185 289 127 22 föreskrifna
326 289 186 27 inventeringarna
527 289 23 21 af
563 288 95 23 bankens
673 288 76 22 kassor
759 288 48 22 icke
817 288 65 22 varda
897 289 106 26 noggrant

186 318 148 22 öfvervakade.
364 318 10 22 I
390 318 59 22 detta
465 318 100 22 afseende
581 318 67 21 hvilar
658 317 29 27 på
696 317 190 27 bankfullmäktige
897 318 32 20 ett
939 317 64 27 högst

185 347 76 28 vigtigt
276 344 119 31 äliggande,
411 347 107 27 likmätigt
532 353 62 16 mom.
611 353 18 15 a.
645 346 6 22 i
668 346 12 26 $
696 348 27 20 57
735 346 22 22 af
769 346 94 22 bankens
872 345 130 28 reglemente

186 376 40 22 och
241 382 61 16 mom.
320 376 20 22 d.
356 376 31 22 uti
402 376 157 22 instruktionen
574 375 33 22 för
621 375 138 28 fullmäktige.

254 404 138 23 Beträffande
413 405 77 21 vidden
505 404 23 22 af
547 404 201 28 bankfullmäktiges
764 404 155 22 ofvanberörda
934 404 68 22 öfver-

187 434 97 21 vakande
306 434 39 21 har
367 433 70 28 likväl,
460 434 36 21 vid
511 433 98 22 tillfällen
625 433 27 22 dä
663 434 37 27 jag
715 434 71 21 såsom
802 432 113 29 suppleant
929 432 33 23 för
977 433 25 21 R.

186 469 19 16 0.
220 463 38 21 A:s
273 462 178 27 bankfullmäktig
466 463 101 22 förrättat
581 463 54 21 hans
650 463 72 27 tjenst,
739 462 56 22 olika
810 461 136 28 uppfattning
959 461 42 22 för-

186 493 71 26 sports
273 491 90 22 emellan
378 491 43 28 mig
436 491 39 22 och
492 492 26 21 de
533 493 34 20 tre
582 491 68 27 öfriga
660 491 102 22 ständens
773 490 191 27 bankfullmäktige
972 490 29 22 el-

185 520 32 22 ler
238 520 277 28 fullmäktigssuppleanter,
538 520 29 27 pä
589 521 44 20 sätt
655 519 123 28 utförligare
800 519 106 22 inhemtas
924 519 43 22 kan
982 519 22 22 af

186 549 202 26 bankfullmäktiges
403 549 32 21 till
449 549 176 22 bankutskottets
636 548 161 22 skärskädande
808 548 65 22 redan
884 547 118 23 aflemnade

185 577 107 28 protokoll
304 577 34 22 för
352 578 41 21 den
408 579 26 20 29
448 577 39 28 juli
503 578 62 26 1879,
581 577 40 22 den
639 579 8 20 1
664 577 40 22 och
721 579 25 20 15
760 577 46 28 juni
823 579 60 24 1880,
897 578 56 21 samt
961 577 41 21 den

187 607 26 20 19
229 606 39 21 och
285 608 25 19 31
328 606 85 27 augusti
430 608 59 19 1881.
519 606 11 21 I
544 605 138 28 förbigående
697 606 35 21 mä
747 606 61 26 dock,
824 606 71 22 såsom
906 605 96 28 exempel

184 635 30 26 pä
228 634 103 27 följderna
346 635 22 22 af
381 635 94 27 antydda
490 635 148 27 skiljaktighet
652 637 130 24 omnämnas,
798 636 31 20 att
843 635 75 26 ehuru,
930 646 27 3 —
967 634 35 21 vid

183 663 132 27 jemförande
330 663 24 22 af
366 663 113 27 ätskilliga,
496 663 66 28 enligt
576 663 200 27 bankfullmäktiges
791 663 107 27 protokoll
912 663 34 22 för
960 663 42 22 den

187 693 32 25 12,
236 694 24 19 19
277 692 40 21 och
333 693 26 21 26
372 692 41 28 juli
428 693 56 21 samt
499 693 41 21 den
557 694 24 21 19
598 693 86 26 augusti
699 692 107 27 sistsagde
822 692 29 27 är,
862 692 32 21 till
903 694 98 20 närmare

186 721 160 26 genomgäende
362 721 23 21 af
398 721 55 21 mina
469 721 95 27 kolleger
579 721 40 22 och
635 721 42 27 mig
686 721 156 22 öfverlemnade
849 721 153 26 inventerings-

184 749 129 22 instrument
328 750 48 21 med
391 750 57 21 vissa
463 749 67 22 andra
546 750 71 27 dylika
632 750 7 21 i
653 750 84 21 banken
748 749 111 22 förvarade
868 749 132 27 handlingar,

185 777 13 22 å
212 778 72 21 hvilka
298 778 42 22 alla
355 778 51 22 data
421 780 36 20 äro
473 778 134 22 antecknade
622 778 31 22 uti
669 785 26 15 en
709 777 99 23 häröfver
818 778 105 28 uppgjord
936 777 64 28 tablå,

185 812 45 15 som
243 806 38 27 jag
296 807 38 22 ber
349 809 32 20 att
396 813 29 16 nu
439 807 22 21 få
475 807 98 27 inlemna,
584 819 23 4 —
621 807 36 22 det
672 809 80 25 syntes,
769 809 33 20 att
816 807 128 22 instrument
952 806 49 22 sak-

184 835 66 22 nades
265 835 33 22 för
320 835 129 22 åtminstone
465 835 54 22 elfva
533 835 253 29 mänadsinventeringar,
803 842 46 16 som
864 835 136 22 derförinnan

184 864 64 21 bordt
269 864 75 27 hällas,
364 865 69 21 mäste
452 865 37 27 jag
511 865 64 22 likväl
597 864 55 22 afstä
666 864 54 22 ifrän
734 864 84 28 formlig
839 864 107 28 förfrägan
960 864 40 22 hos

183 892 199 28 bankdirektionen,
403 894 105 21 huruvida
530 893 109 27 sistsagda
659 894 158 27 inventeringar
831 894 8 21 i
854 893 147 27 verkligheten

183 921 65 27 skett,
264 922 40 21 och
320 922 61 22 detta
395 922 70 22 fastän
480 923 56 21 mina
551 922 96 27 kolleger
662 922 74 28 sjelfve
751 923 47 21 icke
813 922 81 28 gittade
910 928 38 16 ens
962 922 38 28 pä-

183 950 41 26 stä,
240 950 37 22 det
292 950 27 22 de
335 950 73 22 erfarit
422 952 32 20 att
470 956 81 17 samma
565 951 153 27 förrättningar
732 951 48 27 gätt
794 951 33 22 för
845 951 39 27 sig.

250 979 42 22 Vid
314 979 175 27 genomläsandet
507 980 24 22 af
551 986 62 16 mom.
630 980 18 21 b.
665 980 7 21 i
686 979 140 23 förevarande
841 980 129 22 berättelses
986 980 13 26 &

183 1009 12 19 7
211 1006 67 24 finner
292 1014 56 20 man,
364 1010 32 20 att
410 1008 193 22 bankdirektionen
618 1008 68 22 under
701 1009 128 22 ätminstone
845 1008 26 22 de
886 1008 35 22 nio
931 1008 69 22 första

183 1036 129 22 mänaderna
326 1036 23 22 af
363 1037 24 21 är
402 1038 53 20 1881
472 1037 48 23 icke
535 1037 49 22 lätit
598 1037 117 23 verkställa
730 1038 69 26 nägon
816 1037 22 22 af
852 1038 26 21 de
892 1037 8 21 i
914 1037 12 28 $
941 1039 27 20 72
979 1036 22 23 af

183 1065 141 27 reglementet
338 1066 108 27 påbjudna
461 1068 60 20 extra
536 1066 156 26 inventeringar
712 1066 23 22 af
749 1066 162 22 haudkassorna
925 1067 8 21 i
947 1066 52 22 ban-

183 1093 53 22 kens
252 1093 170 28 hufvudkontor;
437 1101 48 15 men
501 1094 22 22 af
536 1094 131 23 berättelsen
682 1094 92 28 framgår
790 1095 17 28 ej
824 1095 82 27 tydligt,
923 1101 35 15 om
968 1095 31 22 di-

181 1122 112 22 rektionen
309 1122 61 22 äfven
386 1122 53 23 efter
453 1124 98 21 sistlidne
563 1124 90 21 oktober
662 1124 89 22 mänads
762 1124 78 27 ingäng
849 1123 93 23 fortfarit
950 1123 49 22 med

182 1150 110 22 enahanda
312 1151 167 28 uraktlätenhet,
497 1152 91 22 likasom
603 1152 47 22 icke
665 1152 73 27 heller,
754 1152 105 22 huruvida
873 1152 68 22 sädan
956 1152 42 22 för-

181 1180 115 26 sumlighet
311 1182 36 25 egt
362 1186 46 16 rum
423 1181 66 21 redan
504 1181 67 22 under
587 1181 50 22 ären
654 1182 52 21 1877
723 1183 15 20 t.
754 1187 20 16 o.
789 1188 27 14 m.
833 1183 61 20 1880.
914 1180 84 23 Beträf-

180 1207 63 23 fande
258 1208 67 22 sedan
343 1208 144 23 direktionens
506 1209 170 22 föranstaltande
694 1210 23 21 af
730 1211 61 21 extra
805 1210 157 26 inventeringar
977 1209 23 22 af

181 1236 59 22 såväl
262 1236 89 22 hufvud-
367 1243 46 16 som
433 1238 163 22 handkassorna
611 1238 7 22 i
633 1238 96 22 bankens
744 1238 68 28 öfriga
826 1238 84 27 kontor,
926 1238 72 22 såsom

181 1265 40 21 ock
244 1266 110 25 angäende
374 1266 107 27 förloppet
503 1266 22 21 af
545 1267 100 26 samtliga
666 1268 31 20 uti
716 1267 151 26 reglementets
882 1268 12 26 $
912 1269 23 19 11
953 1273 44 15 om-

180 1293 92 21 nämnda
287 1293 131 28 mänadtliga
428 1294 52 21 eller
488 1294 105 22 ordinarie
601 1295 163 27 inventeringar,
774 1295 82 21 hvilkas
864 1295 133 22 förrättande

179 1321 81 28 äligger
274 1321 46 22 dels
336 1322 203 22 bankdirektionens
555 1322 127 23 ordförande
699 1323 46 22 dels
761 1324 66 22 andra
841 1324 155 27 inventerings-

179 1352 56 25 män,
258 1350 79 22 saknas
361 1351 47 22 åter
422 1351 127 28 upplysning
563 1351 33 23 för
611 1352 49 22 hela
675 1352 40 23 den
730 1352 119 28 tidsperiod
863 1352 133 23 berättelsen

179 1378 107 23 omfattar.

247 1408 35 22 Då
296 1414 29 16 nu
341 1409 81 26 ganska
437 1409 86 27 vådliga
537 1410 114 28 ändringar
666 1410 23 22 af
702 1411 147 27 stadgandena
862 1411 32 22 uti
904 1410 56 23 båda
968 1410 27 22 de

179 1436 121 28 åberopade
316 1437 28 27 $$
359 1437 96 28 föreslås,
471 1444 57 21 vore,
544 1439 35 22 vid
595 1439 142 23 bedömandet
752 1440 22 22 af
783 1440 18 28 ej
813 1440 81 22 mindre
904 1440 91 22 berörda

179 1466 80 28 förslag
274 1468 27 20 än
316 1467 160 23 vederbörande
493 1468 207 28 inventeringsmäns
715 1468 132 29 fullgörande
861 1469 98 22 hitintills
974 1469 23 22 af

178 1495 62 21 deras
256 1495 119 27 äliggande,
392 1496 37 22 det
443 1496 21 22 af
479 1496 18 27 ej
513 1498 62 26 ringa
590 1504 62 20 gagn,
668 1499 32 20 att
715 1497 34 23 för
764 1499 27 21 de
809 1498 106 22 särskilda
928 1498 67 22 hand-

177 1523 105 23 kassorna
297 1524 7 22 i
319 1524 183 24 hufvudkontoret
517 1527 56 21 samt
587 1526 91 22 hufvud-
694 1526 40 22 och
748 1526 180 23 handkassorna
919 1519 11 40 i
943 1526 52 23 ban-
