1073 1695
380 111 40 18 Den
434 112 20 17 17
467 111 95 20 Februari.
824 114 40 21 179

72 176 88 23 förmått
175 178 58 26 göra,
249 177 40 22 och
305 177 61 23 detta
381 180 23 19 är
419 178 22 22 af
454 185 26 16 en
495 180 47 20 stor
556 179 46 26 vigt
616 179 33 22 för
656 179 133 22 bedömande
800 177 23 22 af
831 178 60 22 insti-

72 206 110 23 tutionens
201 206 125 27 lämplighet
341 207 40 22 och
396 207 87 27 möjliga
493 208 132 26 verkningar.
655 207 37 27 Ty,
708 207 137 22 framstäldes
858 213 35 21 yr-

72 235 82 21 kandet
168 235 7 20 i
190 233 52 29 följd
257 235 23 21 af
293 235 93 27 tillfällig
401 235 102 27 öfvervigt
518 235 32 22 för
566 242 26 15 en
608 236 52 21 eller
670 242 69 16 annan
750 235 143 28 partiopinion

72 263 57 21 inom
144 262 136 28 landtdagen,
296 263 72 22 kunde
382 264 109 27 verkligen
508 264 42 27 det,
566 270 45 16 som
627 265 38 21 här
668 258 27 38 är
705 264 71 22 afsedt
786 266 32 19 att
828 264 66 21 varda

74 298 24 15 en
122 291 85 27 garanti
229 292 33 21 för
281 294 33 19 att
332 292 78 22 folkets
430 293 94 27 verkliga
544 293 49 28 vilja
608 293 34 21 mä
656 294 52 26 göra
724 293 39 21 sitt
777 292 117 27 inflytande

74 320 98 27 gällande
187 321 28 27 på
230 321 116 27 styrelsens
363 321 106 27 åtgärder,
486 322 65 21 verka
566 322 7 21 i
588 322 88 21 alldeles
691 323 90 20 motsatt
796 321 52 22 eller
860 321 33 22 åt-

73 349 106 22 minstone
199 350 85 27 mycket
303 349 111 23 afvikande
434 351 95 27 riktning
545 352 57 21 emot
616 351 56 21 hvad
686 357 50 15 man
750 357 29 15 nu
794 349 98 23 förestäl-

73 379 32 21 ler
120 379 39 26 sig.
193 379 44 21 Det
257 381 24 19 är
296 379 69 22 denna
380 379 164 28 omständighet,
561 385 47 18 som
622 379 33 22 för
669 379 43 28 mig
726 380 39 21 har
780 379 56 28 gjort
850 379 43 22 för-

74 407 71 27 slaget
160 407 125 27 betänkligt.
308 408 41 26 Jag
364 407 84 23 befarar
463 409 105 26 nämligen
584 410 32 20 att
631 408 109 27 förslaget,
756 415 34 15 om
802 407 36 23 det
848 414 46 15 rea-

74 436 110 26 liserades,
201 436 63 27 ginge
279 437 7 20 i
305 436 93 28 riktning
413 438 32 20 att
460 438 67 20 verka
542 444 25 14 en
584 437 135 27 deplacering
735 436 23 22 af
768 436 126 28 inflytandet

74 465 27 27 på
124 465 240 27 regeringsärendernas
386 466 61 26 gång,
465 472 25 15 en
506 466 136 26 deplacering
657 466 7 21 i
679 466 25 21 så
718 466 74 26 måtto,
808 467 33 19 att
857 465 37 21 det

74 494 6 20 i
96 494 147 26 verkligheten
259 494 69 21 skulle
344 493 64 23 blifva
423 494 48 22 icke
485 494 199 28 representationen
695 494 52 22 eller
758 493 80 23 folkets
849 494 45 26 opi-

74 522 56 27 nion,
147 524 52 20 utan
220 522 25 22 de
265 522 131 27 rådgifvares
414 522 142 28 uppfattning,
573 529 46 15 som
637 523 85 21 komme
738 524 32 20 att
785 522 35 22 stå
834 524 60 19 utom

75 551 162 27 granskningen,
254 551 85 22 hvilken
354 550 70 23 blefve
438 551 163 22 bestämmande
610 552 33 21 för
655 552 26 21 de
691 552 107 26 åtgärder,
810 550 85 22 hvartill

76 579 131 22 Ständernas
215 580 29 27 på
254 580 261 26 granskningsutskottets
525 580 162 27 anmärkningar
696 580 40 22 och
743 580 81 27 förslag
831 586 66 20 grun-

76 608 55 22 dade
146 608 108 28 yrkanden
269 609 85 21 komme
370 611 31 19 att
416 608 54 22 leda.
501 610 42 21 Det
559 611 29 25 är,
602 610 38 26 jag
655 609 105 21 erkänner
773 608 42 27 det,
827 608 69 22 denna

76 637 166 27 omständighet,
258 644 46 15 som
319 637 48 23 icke
382 637 114 28 lämpligen
511 638 40 22 bör
564 638 22 22 få
600 638 71 26 någon
679 638 72 22 vidare
762 637 132 28 utläggning,

76 672 48 16 men
138 666 86 22 hvilken
240 668 59 26 synts
314 667 44 26 mig
373 673 50 15 vara
439 666 37 22 det
490 667 124 27 betänkliga
628 667 8 21 i
650 666 104 28 förslaget
769 666 40 22 och
825 668 23 20 är
862 671 34 16 or-

76 695 67 22 saken
157 695 87 22 hvarför
256 696 38 26 jag
308 695 47 22 icke
370 695 38 21 har
423 695 82 22 kunnat
520 697 96 26 upptaga
631 695 37 22 det
678 696 49 22 med
737 695 71 27 någon
816 697 78 23 värme,

77 724 51 22 eller
148 730 23 16 se
188 724 44 22 deri
251 724 56 22 fröet
322 724 32 22 till
369 724 55 21 hvad
440 724 41 22 den
497 725 64 21 ärade
576 725 142 26 petitionären
734 724 85 27 åsyftat.
850 723 46 21 Och

78 752 64 22 dessa
157 752 171 28 betänkligheter
346 752 86 22 förökas
448 754 116 26 yttermera
580 753 65 26 deraf,
662 754 32 20 att
709 754 37 21 det
760 752 35 22 vid
808 752 88 22 betrak-

76 782 66 21 tande
158 781 22 21 af
193 782 59 21 vissa
271 781 183 25 omständigheter
469 788 62 21 synes
548 781 42 27 mig
605 788 47 15 som
667 788 34 15 om
716 780 181 28 petitionsförsla-

78 812 42 24 get,
141 816 34 15 om
190 810 41 22 ock
248 810 47 22 icke
310 810 7 21 i
333 810 39 22 den
388 810 100 26 vårdade,
504 816 34 16 om
553 810 123 22 hofsamhet
691 810 40 22 och
747 816 26 16 en
788 810 109 27 passions-

77 837 26 22 fri
126 838 106 27 stämning
254 838 110 22 vittnande
386 838 61 27 form,
462 838 60 22 hvari
543 840 37 21 det
594 838 23 22 af
630 838 143 28 petitionären
787 838 109 26 förelagts,

78 867 68 21 skulle
161 867 133 22 framkallats
310 867 81 22 mindre
407 866 22 22 af
442 867 126 22 välbetänkt
578 867 32 21 nit
619 867 33 22 för
659 867 150 27 utvecklingen
818 866 22 22 af
846 866 52 23 våra

78 895 248 23 samhällsinstitutioner
341 896 40 21 och
396 895 23 22 af
431 896 136 27 garantierna
582 895 33 23 för
630 897 115 26 desamma,
754 898 27 19 än
791 895 29 28 pä
830 895 68 28 grund

78 924 23 23 af
114 925 69 27 någon
198 925 149 27 misstämning
361 925 57 21 inom
433 925 58 22 vissa
506 925 86 22 kretsar
606 925 23 21 af
642 925 47 22 vårt
703 925 51 22 folk.
771 924 65 27 (bra!)
861 923 37 23 Af-

78 960 40 16 ven
134 954 60 21 detta
214 959 62 22 synes
296 953 43 28 mig
354 960 51 16 vara
420 960 26 15 en
461 953 111 28 betänklig
586 954 53 26 sida,
656 953 27 22 dä
697 953 7 22 i
719 954 25 21 sä
759 953 81 27 vigtiga
854 955 44 20 äm-

80 989 40 15 nen
135 982 131 22 reformerna
281 982 19 28 ej
317 983 52 21 böra
384 983 38 21 ske
438 982 5 21 i
460 989 25 16 en
502 983 21 21 af
537 982 147 28 partilidelsen
693 982 95 28 upprörd
797 982 39 27 tid,
847 984 52 19 utan

79 1011 67 22 under
166 1012 37 21 det
222 1011 179 22 reformbehofvet
419 1011 42 22 kan
477 1013 78 25 utgöra
568 1011 90 22 föremäl
673 1011 33 22 för
720 1018 27 15 en
762 1012 48 21 rent
825 1011 73 27 objek-

79 1041 30 21 tiv
125 1040 40 21 och
181 1040 95 28 opartisk
296 1039 104 28 pröfning.
429 1039 44 22 Det
488 1043 23 18 är
526 1040 89 27 möjligt,
631 1041 33 20 att
675 1040 39 27 jag
728 1040 114 26 misstager
856 1039 44 26 mig

80 1068 39 23 och
136 1069 37 21 det
188 1072 23 19 är
226 1069 83 27 möjligt
324 1068 103 22 särskilät
441 1069 48 22 med
505 1069 101 22 afseende
621 1069 13 21 ä
650 1068 40 22 den
706 1069 64 21 ärade
785 1068 115 28 petitionä-

80 1104 44 20 ren,
140 1098 64 22 hvars
223 1098 42 21 alla
280 1097 127 27 handlingar
422 1097 73 22 städse
511 1097 63 23 hafva
589 1098 72 26 utgätt
676 1097 22 22 af
710 1097 83 27 verklig
809 1096 91 28 öfverty-

80 1126 66 28 gelse,
169 1126 177 27 sanningskärlek
368 1126 40 22 och
430 1126 128 27 patriotism,
582 1132 48 16 men
646 1126 37 27 jag
697 1126 42 22 kan
756 1126 18 27 ej
790 1125 55 22 neka
860 1125 40 22 och

81 1161 63 16 anser
158 1155 44 28 mig
216 1155 119 27 uppriktigt
348 1154 53 22 böra
416 1155 69 21 uttala
499 1155 43 22 min
557 1154 95 28 farhäga,
661 1156 32 20 att
702 1154 33 22 för
746 1155 60 21 detta
813 1153 87 23 reform-

80 1184 95 28 yrkande
194 1185 65 21 motiv
279 1184 69 22 blifvit
366 1185 57 20 satta
444 1184 8 20 i
473 1184 87 26 rörelse,
586 1190 46 16 som
656 1184 55 27 syfta
732 1184 68 26 något
821 1183 29 27 pä
872 1183 28 21 si-

82 1213 41 21 dan
139 1219 35 15 om
190 1212 40 23 den
246 1213 56 27 goda
316 1212 39 22 sak
370 1218 48 16 man
433 1212 35 22 vill
484 1212 110 28 befrämja.
624 1212 34 21 Då
670 1212 37 28 jag
721 1212 29 27 på
764 1212 64 22 dessa
838 1218 64 20 grun-

82 1242 38 21 der
134 1242 48 21 icke
200 1242 50 26 kan,
269 1242 130 21 åtminstone
418 1241 7 21 i
441 1241 49 22 dess
506 1241 80 27 helhet,
602 1240 90 23 omfatta
706 1241 110 27 förslaget,
832 1240 69 22 skulle

79 1271 38 26 jag
132 1270 35 21 väl
185 1270 34 22 för
236 1270 42 21 min
295 1270 34 22 del
344 1270 58 21 helst
416 1270 63 21 hafva
495 1271 44 21 sett
554 1271 33 20 att
602 1270 119 21 detsamma
736 1271 57 20 ännu
808 1270 41 21 och
863 1275 39 15 un-

83 1299 38 22 der
135 1298 147 28 föreliggande
296 1298 148 23 förhållanden
459 1299 47 22 icke
523 1299 69 22 skulle
602 1298 150 27 framkommit,
762 1304 48 15 men
824 1298 37 21 det
870 1298 32 21 in-

82 1328 93 21 nefattar
189 1328 71 25 likväl,
276 1328 72 20 såsom
362 1327 39 20 här
416 1327 62 21 äfven
494 1327 22 21 af
530 1328 66 20 andra
610 1327 128 21 framhällits
752 1327 7 20 i
775 1327 33 20 sin
824 1327 78 25 grund-

82 1356 66 21 tanke
163 1367 27 5 -—
206 1357 32 20 ett
252 1355 98 27 uppslag,
373 1355 79 25 hvaraf,
473 1355 37 27 jag
530 1355 105 21 erkänner
650 1355 43 26 det,
709 1355 67 26 något
791 1355 52 26 godt
857 1354 45 21 må-

82 1384 72 22 hända
169 1384 42 21 kan
226 1385 85 21 komma
326 1383 68 22 åstad.
425 1383 42 22 Det
482 1385 36 20 rör
533 1383 33 27 sig
581 1383 7 22 i
604 1390 25 15 en
644 1383 62 27 fråga
716 1383 22 22 af
747 1384 47 20 stor
803 1383 51 27 vigt,
867 1382 37 21 det

83 1413 64 28 utgår
160 1412 47 23 från
224 1420 26 15 en
265 1413 71 22 såsom
352 1412 37 22 det
403 1418 62 22 synes
481 1413 7 20 i
499 1412 82 27 ganska
591 1412 133 22 vidsträckta
732 1412 86 21 kretsar
828 1411 22 22 af
856 1411 48 22 vårt

83 1442 44 23 folk
149 1442 74 28 spridd
242 1442 93 28 opinion.
368 1441 41 27 Jag
426 1441 42 22 kan
487 1441 71 22 derför
577 1441 47 22 icke
645 1440 63 28 finna,
732 1441 32 22 att
779 1441 76 22 remiss
871 1440 33 21 till

83 1471 144 28 lagutskottet
248 1471 32 22 för
302 1471 72 22 vidare
399 1470 118 28 beredning
537 1469 22 24 af
576 1469 72 28 frågan
666 1470 38 22 bör
718 1470 122 27 förvägras;
864 1469 40 22 den

84 1501 66 22 borde
170 1501 25 22 så
213 1501 85 28 mycket
317 1500 81 22 mindre
413 1499 117 28 förvägras,
546 1505 46 17 som
606 1499 75 28 frågan
696 1499 67 22 redan
778 1498 46 23 från
840 1500 66 21 annat

85 1530 63 23 stånd
164 1532 24 21 är
202 1529 126 24 remitterad
343 1529 33 23 till
389 1529 150 28 lagutskottet.
555 1529 47 23 Den
610 1529 129 27 diskussion,
751 1534 45 17 som
807 1529 28 27 på
846 1528 60 23 detta
