1073 1723
198 115 39 20 118
489 113 41 17 Den
545 113 20 17 14
579 112 92 18 Februari.

168 170 55 30 finsk
238 178 206 22 fruntimmersskola
459 179 7 22 i
481 178 139 26 Tavastehus,
635 178 51 22 herr
700 178 197 27 Heimbergers:
914 179 72 21 omin-

169 206 100 22 rättande
292 207 22 21 af
334 207 235 26 konstindustriskolor,
588 207 51 21 herr
654 207 123 21 Berners:
801 213 33 15 om
850 208 136 21 statsunder-

169 236 50 21 stöd
234 235 31 21 för
281 235 82 27 privata
378 235 68 21 finska
461 236 220 21 fruntimmersskolan
696 236 6 20 i
718 235 31 21 St.
765 235 84 26 Michel,
864 236 51 21 herr
926 235 60 28 Chy-

171 263 104 23 derius':
292 270 33 15 om
341 270 27 21 ny
383 264 49 27 plan
448 264 33 22 för
495 264 285 26 skolorganisationen,
738 259 52 37 herr
795 264 139 22 Castr6ns:
951 270 37 16 om

170 293 121 21 inrättande
307 292 23 22 af
343 299 27 15 en
385 293 138 21 bottenskola
538 293 7 20 i
559 292 127 28 Nykarleby,
703 295 55 19 samt
766 292 49 22 herr
830 292 156 28 Lindbergs:

171 327 34 16 om
220 322 122 21 inrättande
358 320 23 22 af
395 328 24 15 en
436 321 137 22 bottenskola
588 322 6 21 i
611 321 81 27 Kotka;

239 350 45 22 frän
306 350 163 22 Bondeständet
484 350 23 22 af
520 350 39 21 den
575 352 12 20 2
604 350 107 26 Februari,
729 350 111 22 utvisande
856 352 32 20 att
903 350 86 22 ständet

171 379 119 22 remitterat
305 379 94 27 följande
413 379 212 28 petitionsmemorial
840 385 2 7 '

241 408 31 21 till
286 407 146 28 lagutskottet:
454 408 206 26 landtdagsmannen
675 408 156 21 Meurmans:
855 414 34 16 om
905 414 25 16 en
945 408 45 26 lag-

171 436 117 27 förklaring
311 436 52 23 eller
386 443 25 16 en
434 443 26 21 ny
479 437 136 27 bestämning
630 436 91 22 rörande
737 438 66 20 sättet
818 437 40 22 och
874 437 117 26 ordningen

171 465 36 23 vid
222 465 226 28 landtdagsmannava]
464 465 33 22 för
515 466 157 21 bondeståndet
693 465 8 22 i
716 465 77 22 sådant
808 465 60 28 syfte,
884 468 33 19 att
931 466 59 21 kom-

172 500 114 16 munernas
310 494 107 22 elektorer
432 494 68 22 skulle
515 494 55 22 inför
585 494 158 22 vederbörande
760 494 86 22 domare
862 494 42 23 alla
918 495 73 21 samti-

174 524 46 26 digt
235 526 89 19 närvara
339 523 40 22 och
395 523 121 27 offentligen
531 525 49 20 utse
595 523 172 28 landtdagsman;

243 552 31 21 till
287 552 165 22 statsutskottet:
473 552 204 27 landtdagsmannen
701 552 165 22 Korhonens:
883 558 33 15 om
933 551 59 29 aflyf-

175 580 66 23 tande
257 581 32 22 för
307 580 113 22 framtiden
436 580 23 23 af
472 581 18 27 ej
506 581 81 21 mindre
604 582 35 21 det
655 581 153 27 skattebidrag,
824 587 45 16 som
885 581 67 22 under
967 581 26 20 ti-

176 610 29 22 tel
228 609 22 22 af
270 609 151 28 landtkaptens
440 609 92 28 aflöning
549 610 58 21 inom
622 609 82 28 Kajana
719 609 67 22 härad
802 610 112 27 uppbäres,
932 612 26 19 än
974 609 21 22 af

175 638 67 23 andra
257 638 112 23 derstädes
384 639 112 26 uppburna
511 638 177 27 vakansafgifter
681 634 9 36 ;

245 667 31 22 till
290 669 153 20 sammansatta
459 667 42 27 lag-
518 667 36 22 och
569 667 204 22 ekonomiutskottet:
788 667 206 28 landtdagsmannen

177 695 180 23 Costianders:
377 702 33 15 om
426 696 106 27 reglering
547 696 41 22 och
602 696 129 27 förbättring
746 695 23 22 af
782 696 128 27 storskiftet;

245 724 31 22 till
291 724 106 23 allmänna
412 725 194 22 besvärsutskottet:
620 725 205 27 landtdagsmännen
842 725 152 22 Meurmans:

175 754 8 21 i
199 753 55 28 syfte
275 755 33 20 att
329 753 100 22 förbudet
449 755 44 20 mot
508 754 76 27 judars
602 754 123 27 bosättning
743 754 7 21 i
764 754 74 21 landet
852 756 85 25 strängt
951 754 44 21 vid-

177 782 134 26 makthälles,
327 782 163 22 Korhonens:
508 783 110 26 angäende
632 782 123 28 förändring
770 783 23 21 af
801 783 130 27 tväklassiga
942 783 52 22 real-

177 811 75 22 skolan
267 811 6 21 i
288 811 83 28 Kajana
387 811 48 22 stad
450 811 32 22 till
497 813 32 20 ett
543 811 124 28 fyrklassigt
681 811 82 28 lyceum
779 812 47 22 med
842 811 65 22 finskt
920 811 74 22 under-

176 839 168 29 visningsspräk,
368 840 143 28 Kyanders:
528 846 35 16 om
578 840 172 23 statsunderstöd
767 840 32 23 för
815 847 24 16 en
855 840 141 28 finskspråkig

178 869 207 22 fruntimmersskola
400 870 6 20 i
430 869 30 22 St.
476 869 90 22 Michels
581 870 55 26 stad,
652 871 55 20 samt
722 870 170 22 densammes:
910 876 39 19 om,
966 871 30 20 att

179 898 252 27 undervisningsspräket
454 898 31 21 uti
508 898 37 22 det
562 899 7 21 i
585 898 30 22 St.
631 898 89 22 Michels
736 899 48 21 stad
799 898 96 28 förlagda
911 899 85 21 svensk-

180 926 101 28 spräkiga
303 926 83 28 lyceum
407 926 69 22 blefve
495 926 112 22 efterhand
625 926 44 22 från
693 927 192 22 nästinstundande
906 928 91 21 höstter-

180 956 55 21 mins
250 955 74 27 början
340 955 59 21 klass
414 955 33 21 för
461 955 59 22 klass
535 956 33 21 till
582 955 69 22 finska
666 956 87 26 spräket
767 956 133 27 förändradt;

248 984 31 22 till
289 984 210 27 jernvägsutskottet:
514 984 205 27 landtdagsmannen
735 985 138 21 Kaksolas:
890 984 108 28 angående

181 1012 120 27 riktningen
325 1012 23 22 af
368 1013 41 21 den
432 1013 88 21 emellan
543 1013 84 27 Kuopio
647 1013 40 21 och
706 1013 31 21 St.
753 1013 89 22 Michels
858 1014 73 21 städer
945 1013 52 21 före-

180 1041 75 27 slagna
267 1041 102 27 jernväg;

249 1069 23 23 af
285 1070 42 22 den
342 1072 11 19 7
371 1070 80 22 dennes
467 1070 46 22 med
530 1070 164 24 underrättelse,
711 1072 32 20 att
754 1070 86 22 ståndet
848 1070 32 22 till
888 1071 110 21 ledamets-

182 1098 139 28 suppleanter
335 1099 6 21 i
357 1101 153 19 sammansatta
525 1099 45 27 lag-
587 1098 38 22 och
642 1099 206 22 ekonomiutskottet
856 1101 69 20 utsett
934 1098 64 23 lardt-

183 1127 145 27 dagsmännen
343 1128 115 26 Leppänen
475 1127 38 22 och
529 1127 122 26 Korhonen,
667 1127 109 23 äfvensom

250 1155 23 23 af
287 1156 41 21 den
344 1158 26 19 10
385 1156 7 21 i
408 1156 69 22 denna
490 1156 83 26 mänad,
585 1156 146 26 meddelande,
743 1159 32 19 att
786 1157 86 22 ständet
884 1157 116 21 remitterat

252 1184 31 22 till
297 1184 165 22 statsutskottet:
477 1185 39 21 den
533 1184 21 22 at
568 1184 219 28 finansexpeditionen
801 1186 6 21 i
818 1186 114 28 kejserliga
944 1192 56 15 s2na-

184 1214 36 20 ten
242 1212 33 23 för
292 1213 90 21 Finland
403 1214 32 20 till
451 1213 120 23 Ständerna
586 1213 78 28 afgifna
680 1214 116 22 berättelse
812 1220 33 16 om
862 1215 137 21 statsverkets

185 1242 97 22 tillstånd
305 1242 40 22 och
370 1242 41 22 den
427 1242 22 22 af
462 1242 93 22 komiten
571 1242 34 22 för
619 1242 158 28 undersökning
791 1242 23 23 af
827 1243 173 27 statsjernvigar-

186 1276 39 16 nes
242 1270 125 27 trafikering
380 1270 46 21 från
442 1270 63 22 affärs
521 1271 40 21 och
576 1271 85 21 teknisk
677 1272 108 25 synpunkt
792 1271 78 26 afgifna
878 1271 122 25 berättelse;

253 1298 72 22 hvilka
347 1298 98 27 samtliga
466 1298 205 27 protokollsutdrag,
694 1300 71 21 såsom
783 1300 47 22 icke
852 1298 148 24 föranledande

185 1326 32 24 till
232 1327 71 28 någon
319 1327 81 27 åtgärd,
415 1327 61 22 lades
491 1327 31 22 till
538 1327 159 27 handlingarna.

255 1407 120 28 Föredrogs
392 1414 25 16 en
432 1408 47 22 från
497 1408 121 28 Kejserliga
640 1408 104 23 Senatens
763 1409 106 23 allmänna
888 1409 63 23 kasli
970 1409 32 23 till

187 1437 266 23 riddarhussekreteraren
476 1437 77 23 afläten
576 1437 117 27 skrifvelse,
713 1438 117 29 hvarjemte
848 1439 32 21 till
900 1439 20 22 R
942 1444 18 16 o.
979 1439 21 21 A.

188 1466 151 24 Ofverlemnats
362 1466 85 29 tryckta
465 1467 106 28 exemplar
589 1466 22 23 af
625 1467 41 22 den
681 1467 6 22 i
703 1468 76 27 nådiga
793 1468 152 28 propositionen
961 1468 40 22 N:o

189 1498 33 25 23,
239 1496 111 27 angäende
371 1496 74 27 anslag
460 1496 32 22 för
507 1496 148 23 fullbordande
670 1496 22 22 af
702 1497 222 28 jernvägsbyggnad:n
940 1497 62 22 emel-

191 1525 38 22 lan
244 1524 142 24 Tammerfors
403 1525 39 22 och
453 1525 141 27 Nikolaistad,
604 1526 126 22 omnämnda
740 1526 116 22 berättelse
868 1533 32 15 om
908 1526 94 22 arbetets
