1064 1720
445 109 64 23 Den,3
521 103 59 30 April.
849 112 40 20 469

99 175 65 21 ärade
180 174 138 22 medlemmar
332 175 35 21 vid
383 181 27 15 en
427 176 124 26 jämförelse
567 176 22 21 af
603 176 40 21 den
659 175 23 22 af
694 176 44 26 mig
752 176 40 21 här
806 176 35 21 vid
856 182 63 15 sena-

99 204 33 20 ste
154 203 87 26 plenum
264 203 118 28 framlagda
401 204 124 26 geologiska
541 204 76 21 kartan
633 203 59 22 öfver
706 204 53 28 Pojo
774 204 80 22 socken
869 204 50 21 med

99 237 82 15 samma
203 232 57 20 trakt
284 232 13 21 å
316 232 166 27 bergkontorets
497 232 100 22 kartblad
611 232 40 21 N:o
667 234 13 19 2
695 232 43 21 lätt
752 233 83 21 kunnat
850 232 68 22 öfver-

98 263 51 23 tyga
172 259 33 26 sig
220 266 34 14 om
270 272 25 3 —
312 260 121 22 fördelarna
449 260 62 22 deraf
523 260 86 22 framför
625 260 40 22 den
681 260 82 22 mindre
778 261 87 21 skalans
882 262 36 19 äro

99 288 24 20 sä
138 287 122 27 påfallande
275 291 66 19 stora.
569 288 2 2 i

167 316 35 21 Då
218 316 69 22 dertill
303 319 57 19 ännu
373 317 98 21 kommer
486 320 32 18 att
526 316 205 28 recognosceringen
743 316 55 22 dock
806 317 61 21 alltid
875 317 44 21 mä-

99 347 33 19 ste
149 346 63 25 göras
234 346 8 20 i
264 352 25 14 en
313 347 45 19 stor
373 345 62 21 skala
450 346 40 21 och
505 345 256 27 utrustningskostnaden
777 345 33 21 för
825 352 26 14 en
866 351 53 21 nog-

99 379 105 21 grannare
227 374 161 27 undersökning
409 374 48 22 icke
479 375 41 21 kan
543 381 51 15 vara
612 374 85 27 mycket
713 375 76 26 dyrare
804 376 26 19 än
845 374 33 21 för
894 380 26 16 en

98 402 59 27 ytlig,
182 402 24 22 sä
229 405 24 19 är
268 403 37 21 det
319 403 77 21 endast
411 409 26 15 en
450 403 156 27 jämförelsevis
622 403 60 27 ringa
697 403 115 27 besparing
827 402 7 21 i
849 403 71 27 tryck-

99 431 190 26 ningskostnaden,
306 437 46 15 som
368 431 73 22 vinnes
457 431 23 21 af
493 432 41 21 den
549 431 82 22 mindre
646 431 83 26 skalan,
742 431 40 22 och
794 431 125 26 öfversigts-

99 459 74 21 kartor
196 459 92 22 erhällas
311 466 43 21 nog
376 460 7 21 i
407 460 67 21 sinom
498 460 31 21 tid
549 466 76 21 genom
641 459 201 28 sammandragning
857 459 23 22 af
893 460 27 21 de

99 490 66 19 stora.
661 496 3 2 i

168 517 56 21 Herr
246 517 159 27 Furuhjelm,
425 517 106 28 Hjalmar:
557 517 41 21 För
613 517 42 21 min
672 517 33 22 del
723 517 126 26 godkänner
860 517 37 27 jag
912 517 7 20 i

99 544 121 22 hufvudsak
235 545 119 21 utskottets
370 545 143 22 betänkande.
543 545 34 21 Då
591 546 119 26 petitionen
726 545 150 21 remitterades
888 545 32 21 till

99 573 91 26 utskott,
206 574 55 22 hade
274 574 38 26 jag
327 576 51 19 äran
393 574 117 26 framhålla,
527 576 32 19 att
575 573 132 22 afslutandet
722 574 22 20 af
757 574 101 21 Finlands
868 580 52 20 geo-

99 602 85 26 logiska
199 602 160 26 undersökning
373 603 49 21 med
438 609 28 15 nu
482 602 108 27 utgående
605 602 61 27 ringa
681 602 74 26 anslag
772 602 69 22 skulle
856 602 63 21 fram-

100 630 84 27 skjutas
200 631 33 21 till
249 638 26 14 en
290 631 82 26 ganska
392 631 94 27 aflägsen
505 631 100 27 tidpunkt
619 631 40 21 och
675 633 33 19 att
723 631 37 21 det
774 631 66 26 ringa:
849 631 71 21 ansla-

100 662 36 23 get
151 660 48 20 icke
215 660 69 20 tilläte
300 662 32 18 att
348 660 91 21 anställa
454 660 159 26 vetenskapligt
629 659 85 22 bildade
729 659 101 27 geologer
840 659 33 21 för
880 666 39 14 un-

100 688 188 26 dersökningarna,
312 694 46 16 som
382 688 71 22 derför
476 688 74 22 utfölle
572 688 82 22 mindre
669 688 97 27 pålitliga
781 688 39 21 och
836 688 83 21 mindre

99 716 184 27 fruktbringande.
313 716 43 22 Det
371 717 42 21 kan
428 717 48 21 icke
491 716 103 27 betviflas,
611 718 33 20 att
659 717 37 21 det
711 718 24 19 är
750 716 74 22 afstor
834 717 44 26 vigt
887 718 33 19 att

100 746 25 20 så
139 744 43 22 fort
204 751 46 15 som
265 745 83 27 möjligt
362 745 21 21 få
397 746 33 20 till
445 746 63 20 stånd
524 752 26 14 en
567 745 111 27 geologisk
694 744 176 28 öfversigtskarta
885 744 33 22 för

99 774 97 25 Finland,
212 774 48 21 med
277 774 71 21 hvilka
362 780 48 15 man
427 774 71 21 såsom
513 774 104 26 underlag
631 774 79 20 lättare
720 774 72 21 kunde
800 774 120 21 bestämma

100 802 53 20 hvar
175 802 266 27 specialundersökningar
460 803 67 20 borde
549 803 39 21 ske
609 802 40 21 och
673 802 119 21 bestämma
811 802 23 20 af
847 802 73 20 hviket

101 830 47 27 slag
171 830 27 22 de
220 830 61 21 skola
303 837 57 15 vara.
391 831 32 21 Då
435 837 31 15 nu
482 833 117 19 momentet
614 831 13 21 b
643 831 129 21 åtminstone
787 831 6 20 i
810 832 31 19 ett
856 830 64 21 stånd

99 858 40 21 har
161 858 69 21 blifvit
251 859 127 26 förkastadt,
394 860 25 19 så
434 859 69 21 skulle
517 860 36 26 jag
568 859 47 21 icke
631 858 68 22 häller
713 858 33 21 för
761 859 43 20 min
821 858 33 21 del
870 858 50 27 vilja

100 887 57 21 hålla
179 887 29 27 på
231 887 49 22 dess
300 887 127 27 antagande,
443 889 52 19 utan
511 888 122 27 ödmjukast
647 887 80 21 föreslå
742 893 26 16 en
784 886 135 21 omformule-

99 916 47 26 ring
161 916 7 20 i
184 916 37 21 det
236 915 61 28 syfte,
313 918 33 19 att
361 916 65 26 nådig
441 917 132 26 proposition
590 922 33 15 om
640 922 25 15 en
681 915 102 27 tidsenlig
790 915 130 26 ombildning

100 944 22 21 af
135 944 219 27 undersökningarna,
370 945 151 21 motsvarande
537 945 26 21 de
579 944 93 27 anspråk
687 950 48 15 man
745 945 42 20 kan
796 943 123 22 hafva
863 939 10 37 i
885 943 34 22 vär

99 973 32 21 tid
153 973 29 26 på
204 975 32 19 ett
258 974 121 26 geologiskt
399 974 108 25 kartverk,
531 973 69 22 skulle
618 973 32 21 till
666 972 252 22 nästsammanträdande

100 1002 88 20 ständer
203 1001 128 27 föreläggas.
360 1002 42 26 Jag
416 1002 68 21 håller
501 1002 95 26 nämliger
608 1001 46 22 före
666 1003 33 19 att
706 1001 214 25 undersökningarna

100 1030 131 22 fortfarande
252 1030 72 22 kunde
346 1036 50 16 vara
419 1031 48 21 med
487 1030 170 27 bergsstyrelsen
672 1029 108 26 förenade,
796 1029 84 21 likvisst
895 1029 25 21 sä

101 1060 32 19 att
148 1058 164 22 föreståndaren
327 1058 33 22 för
375 1059 212 27 undersökningarna
606 1058 70 22 skulle
690 1058 64 22 hafva
769 1064 27 15 en
812 1057 107 27 sjelfstän-

101 1086 36 27 dig
152 1086 107 28 ställning.
289 1088 43 20 Det
346 1086 69 22 finnes
431 1088 25 20 så
470 1088 85 26 mycket
570 1087 104 21 samband
694 1087 40 21 och
750 1087 24 21 så
789 1087 77 25 många
881 1092 37 16 an-

100 1115 211 27 knytningspunkter
326 1115 89 22 emellan
432 1116 219 26 bergshandteringen
667 1115 39 21 och
722 1115 117 26 geologien.
857 1114 62 22 Hvad

101 1149 45 16 som
170 1143 177 28 hufvudsakligen
373 1144 70 21 skulle
466 1145 81 21 beveka
562 1144 43 26 mig
621 1145 32 20 att
668 1144 93 21 vidhålla
775 1143 50 21 mitt
839 1142 80 28 förslag

100 1174 24 19 är
138 1172 213 27 kostnadspunkten;
368 1172 37 22 det
419 1173 70 21 måste
504 1172 131 26 nödvändigt
650 1172 64 21 ställa
729 1172 32 26 sig
769 1172 86 26 mycket
862 1178 56 21 myc-

99 1201 39 21 ket
152 1201 97 26 billigare
266 1204 32 18 att
314 1202 26 20 de
360 1200 62 22 hafva
442 1208 81 14 samma
538 1201 64 25 lokal,
619 1201 67 21 delvis
702 1206 81 15 samma
798 1200 120 27 samlingar,

100 1229 103 22 bibliotek
227 1230 40 21 och
288 1230 159 21 laboratorium.
485 1230 9 21 I
517 1229 96 27 England
629 1229 88 27 började
732 1235 49 15 man
798 1229 121 27 egentligen

99 1258 55 22 först
168 1259 7 21 i
191 1260 45 20 stor
252 1258 60 22 skala
327 1258 49 22 med
396 1258 125 27 geologiska
539 1258 191 26 undersökningar,
747 1257 41 21 och
803 1257 49 22 dess
868 1263 50 21 geo-

99 1286 85 27 logiska
206 1287 102 21 kartverk
330 1287 39 21 har
391 1288 68 26 tjenat
479 1288 26 20 de
527 1287 62 21 flesta
611 1287 75 20 länder
701 1286 32 21 till
748 1284 96 23 förebild.
875 1286 44 21 När

99 1315 108 22 Preussen
222 1315 33 22 för
270 1316 68 26 några
352 1315 24 22 år
391 1315 67 22 sedan
474 1315 120 22 ombildade
610 1315 38 21 sitt
663 1314 101 21 kartverk
778 1314 32 21 till
826 1321 26 14 en
867 1320 53 21 gan-

100 1343 39 21 ska
154 1346 46 18 stor
216 1344 88 25 anstalt,
320 1343 64 28 följde
400 1351 48 13 man
464 1344 109 25 Englands
589 1343 102 26 exempel,
708 1343 40 20 och
764 1343 38 20 der
817 1343 39 20 har
870 1349 49 14 man

98 1371 91 26 förenat,
212 1371 91 21 likasom
325 1372 7 19 i
355 1372 104 25 England,
482 1371 213 26 undersökningarna
714 1371 50 20 med
778 1370 141 27 bergsskolan

100 1400 39 21 och
162 1400 49 21 med
233 1399 177 28 bergsstyrelsen.
448 1399 10 21 1
480 1399 97 27 England
599 1399 68 21 finnes
687 1399 70 20 såsom
772 1398 68 21 kändt
854 1399 66 25 ingen

99 1428 163 27 bergsstyrelse.
292 1428 44 22 Det
350 1431 24 18 är
389 1434 82 15 samma
485 1427 37 22 fall
536 1428 7 21 i
558 1428 123 25 Frankrike,
698 1427 80 21 der.de
788 1426 132 28 inrymmas
909 1422 15 38 i

99 1457 66 22 Ecole
181 1458 39 26 des
234 1457 68 22 Mines
318 1457 40 22 och
374 1458 35 21 stå
423 1457 6 21 i
446 1459 32 19 ett
492 1458 53 20 nära
559 1456 104 22 samband
678 1456 49 21 med
742 1455 177 27 bergsstyrelsen,

99 1485 70 22 likaså
183 1486 7 21 i
206 1486 100 22 Österike
326 1486 47 26 och,
390 1486 25 21 sä
429 1485 86 28 mycket
527 1485 37 28 jag
578 1487 37 19 vet
630 1484 61 22 äfven
706 1484 7 21 i
728 1484 86 26 Italien;
838 1484 82 21 kanske

100 1514 62 22 äfven
186 1517 55 19 ännu
263 1514 7 22 i
293 1515 66 21 andra
379 1514 56 22 land.
465 1514 43 22 Det
529 1514 69 22 skulle
613 1514 48 21 icke
676 1513 76 22 hindra
768 1515 33 19 att
815 1512 105 22 förestän-
