1073 1723
400 86 41 18 Den
456 87 19 17 17
488 86 95 20 Februari,
837 91 39 20 135

85 158 38 22 gar
138 153 112 27 angående
268 153 192 28 arbetsordningen
474 154 58 22 inom
546 154 296 28 Ekonomiedepartementet,
859 155 46 21 hin-

86 182 37 21 der
137 182 7 20 i
167 184 67 24 vägen
256 182 33 22 för
308 182 97 22 bemälde
421 183 73 21 herrar
510 184 32 21 att
557 184 97 21 använda
669 184 64 26 nödig
748 184 31 21 tid
795 184 41 22 och
852 190 52 21 upp-

84 210 145 22 märksamhet
250 211 13 21 å
277 210 123 28 utöfningen
417 211 23 22 af
453 212 63 22 deras
532 212 80 27 vigtiga
626 212 51 26 kall,
693 213 24 21 så
732 212 55 22 hade
803 212 27 22 de
844 212 60 27 inga-

83 238 66 22 lunda
171 239 112 22 uraktlätit
304 242 38 24 att,
365 240 28 27 på
416 240 112 22 enahanda
541 243 42 25 väg
598 247 45 15 som
659 241 187 26 bestämningarna
861 241 42 21 till-

84 267 94 26 kommit,
202 268 90 21 utverka
306 268 92 26 behöflig
420 268 88 28 ändring
528 269 6 21 i
555 269 114 21 desamma.
700 269 45 21 Och
762 269 19 27 ej
797 269 68 21 heller
880 271 24 20 är

83 296 37 21 det
142 295 102 22 tänkbart
266 298 32 19 att
319 296 67 26 några
407 297 71 21 ibland
494 298 63 20 dessa
573 296 212 28 expeditionschefer,
801 297 8 21 i
824 297 44 21 fall
877 297 26 22 de

81 324 109 27 verkligen
213 324 77 22 saknat
310 325 37 26 tid,
367 325 48 21 fullt
430 325 124 27 tillräckligt
568 326 32 21 för
615 325 172 23 handhafvandet
803 325 22 23 af
839 326 63 22 deras

82 353 107 27 egentliga
212 354 90 26 embete,
326 354 55 21 dock
397 354 122 22 derutöfver
533 354 71 27 gittat,
619 354 28 27 pä
662 356 45 20 sätt
722 355 100 21 stundom
836 354 66 22 likväl

82 382 65 23 skett,
164 388 54 21 egna
233 383 32 27 sig
280 383 23 21 ät
317 382 113 28 ledningen
446 382 22 22 af
481 383 145 27 hvarjehanda
641 383 98 22 enskilda
753 383 148 27 inrättningar,

82 411 104 21 anstalter
202 411 40 22 och
256 411 128 27 föreningar.

136 439 85 23 Hrande
243 440 32 22 för
293 447 26 15 en
335 440 65 27 högst
414 440 72 27 vädlig
500 441 125 27 ytterligare
640 441 125 28 utvidgning
780 440 23 23 af
816 441 85 22 Ekono-

80 469 225 28 miedepartementets
318 469 163 28 expeditioners,
492 476 56 21 resp.
559 470 63 22 deras
634 469 89 28 chefers,
733 470 127 27 kompetens
868 472 33 20 att

80 500 52 20 utan
147 498 150 27 föredragning
312 499 7 21 i
334 498 85 27 plenum
435 499 51 21 eller
502 499 89 22 division
607 499 23 21 af
641 499 177 27 departementet,
827 499 74 27 afgöra

80 527 31 22 dit
125 527 101 22 inkomna
241 527 99 26 ärenden,
357 529 63 25 säger
435 527 142 28 petitionären
591 529 33 20 att
632 528 26 21 de
667 527 178 27 betänkligheter,
854 534 46 15 som

79 556 99 28 möjligen
194 556 72 21 kunde
281 557 79 26 uppstä
375 557 91 21 rörande
480 557 67 21 sädan
562 556 131 27 utvidgning,
702 556 61 22 torde
771 556 129 28 förebyggas

79 591 76 21 genom
171 587 33 19 att
212 585 128 22 tillerkänna
349 585 169 26 föredraganden
529 587 32 20 ett
571 585 141 22 konsultativt
723 587 79 24 votum,
811 585 87 27 hvilket,

79 614 6 21 i
100 613 37 22 fall
152 614 37 21 det
204 614 69 21 skilde
288 614 33 27 sig
335 613 47 22 frän
398 613 93 27 chefens,
507 615 67 21 borde
588 614 7 21 i
609 614 130 27 protokollet
754 616 112 25 upptagas.

146 643 10 21 1
178 643 114 26 anledning
314 642 62 22 häraf
396 643 36 21 vill
452 643 38 27 jag
512 643 55 21 blott
581 642 66 27 fräga,
664 649 34 15 om
713 643 142 27 petitionären
870 643 29 27 pä

78 671 48 22 fullt
140 671 68 22 allvar
223 677 63 16 anser
302 672 37 25 att,
359 671 3 21 i
378 671 102 22 händelse
496 671 139 22 omförmälda
651 671 125 28 kompetens
793 671 105 27 utvidgas,

78 700 62 22 deraf
153 700 66 22 ocksä
233 700 97 28 päkallas
347 701 32 21 ett
393 701 138 27 upprepande
547 700 23 22 af
583 700 37 22 det
635 700 7 21 i
657 701 52 21 slikt
723 700 38 22 fall
776 701 66 21 redan
850 700 48 22 full-

77 729 90 27 komligt
182 729 126 28 tillämpliga
323 729 118 22 innehållet
454 729 23 22 af
492 731 53 20 1869
562 729 34 22 års
611 729 134 27 förordnings
763 729 61 22 17:de
834 736 62 21 para-

77 757 57 28 grafs
150 760 12 20 3
178 761 100 23 moment,
295 764 46 17 som
356 758 69 28 lyder:

147 787 22 27 »I
184 787 73 28 hvarje
272 787 86 26 ärende,
374 793 46 16 som
436 787 22 22 af
472 787 148 28 expeditionen
629 787 99 26 slutligen
737 787 92 28 pröfvas,
838 788 60 21 utom

78 815 47 23 dem
144 822 46 16 som
214 819 36 19 äro
274 816 22 22 af
316 816 96 22 särdeles
428 817 65 28 enkel
506 816 153 26 beskaffenhet,
675 816 39 22 bör
728 816 170 28 föredraganden

76 845 90 22 aflemna
186 845 102 27 skriftligt
308 845 141 22 betänkande.
480 846 29 22 Är
524 844 75 24 chefen
613 845 33 23 för
661 845 148 27 expeditionen
825 845 23 22 af
861 852 36 15 an-

76 880 41 16 nan
140 875 92 26 mening,
253 875 84 25 afgöres
358 874 89 22 ärendet
462 874 67 27 enligt
544 874 86 22 chefens
646 874 77 26 beslut,
739 880 48 16 men
803 874 95 22 föredra-

76 903 85 27 ganden
180 909 50 16 vare
249 903 120 27 berättigad
386 905 33 19 att
434 903 97 22 häremot
546 909 110 16 reservera
670 903 33 27 sig
719 903 40 21 och
773 903 33 21 för
821 904 77 21 sådant

77 932 98 22 ändamål
191 932 103 27 pedlägga
310 932 32 22 sin
358 932 57 26 äsigt
431 932 30 21 uti
477 932 114 27 protokoll,
607 938 46 15 som
668 932 7 21 i
691 932 70 27 dylika
776 931 37 22 fall
821 932 39 22 bör
868 932 29 21 fö-

76 967 40 15 ras.
148 960 85 22 Sådana
248 961 132 27 protokoller
394 961 53 21 böra
461 960 32 22 för
501 961 73 27 hvarje
582 960 69 22 halfår
659 960 139 22 öfverlemnas
807 960 32 22 till
848 967 48 21 pro-

76 990 102 21 kuratorn
194 990 46 25 och,
258 990 65 21 sedan
338 990 42 21 han
396 989 20 22 af
432 989 48 21 dem
495 990 55 26 tagit
565 990 40 25 del,
621 990 48 21 med
678 990 130 26 påteckning
816 990 80 26 härom,

76 1018 122 22 återställas
214 1018 31 22 till
261 1018 149 28 expeditionen
425 1018 33 22 för
473 1020 32 20 att
520 1018 113 22 derstädes
648 1018 115 22 förvaras."

144 1047 87 21 Kanske
247 1047 30 21 tål
293 1047 117 27 petitionen
426 1047 128 21 härutinnan
569 1047 70 26 någon
653 1047 119 27 justering?

144 1076 156 22 Underkännas
315 1076 69 22 måste
400 1075 135 23 tvifvelsutan
552 1076 66 22 också
632 1076 155 26 petitionärens
803 1075 94 23 derefter

76 1104 96 22 uttalade
189 1104 55 28 åsigt
264 1107 38 24 att,
320 1104 72 22 derest
407 1104 30 22 uti
454 1105 18 27 ej
488 1104 81 22 mindre
585 1104 27 22 de
627 1104 171 22 administrativa
812 1104 84 22 författ-

75 1134 81 26 ningar,
173 1139 46 15 som
236 1134 21 20 af
271 1136 89 19 senaten
375 1134 151 26 promulgeras,
544 1136 27 19 än
587 1134 40 20 ock
642 1134 7 20 i
665 1133 25 21 de
705 1133 79 27 nådiga
798 1134 98 26 proposi-

75 1162 75 26 tioner,
167 1162 71 22 hvilka
253 1162 32 21 till
306 1162 120 22 Ständerna
441 1162 81 25 aflåtas,
539 1161 68 23 blefve
623 1162 129 26 omnämndt,
767 1162 28 26 på
812 1162 84 21 hvilken

75 1191 193 27 styrelsemedlems
283 1191 80 27 förslag
378 1191 108 21 desamma
500 1191 127 23 tillkommit,
645 1190 137 22 omförmälda
797 1197 27 15 m.
839 1190 21 22 fl.
876 1190 23 22 af

74 1220 142 27 petitionären
232 1219 113 22 förordade
360 1219 148 28 förändringar
522 1220 99 27 utgjorde
642 1220 31 20 ett
688 1220 49 26 steg
752 1219 6 21 i
773 1219 123 27 riktningen

75 1249 22 21 åt
112 1248 66 22 sådan
202 1248 162 22 konstitutionel
386 1248 91 27 garanti,
501 1254 45 16 som
566 1248 62 27 eljest
643 1248 72 22 vinnes
732 1254 76 20 genom
822 1248 74 26 lagbe-

74 1277 132 27 stämningar
225 1284 32 15 om
278 1277 268 27 styrelsemedlemmarnes
562 1276 137 28 ansvarigbet
714 1276 55 23 inför
784 1283 112 21 represen-

74 1306 102 22 tationen.

142 1335 156 21 Petitionärens
313 1334 159 27 förutsättning,
490 1337 32 19 att
536 1335 146 22 ledamöterne
697 1334 32 22 uti
738 1334 104 22 Senatens
857 1334 39 22 Ju-

74 1362 208 28 stitiedepartement
298 1363 66 21 måtte
380 1363 137 21 tillerkännas
534 1363 40 21 den
589 1362 128 22 inamovibla
733 1363 101 26 ställning
850 1368 46 16 som

74 1392 100 26 samtliga
196 1392 85 21 domare
304 1392 6 20 i
331 1391 48 21 vårt
393 1391 51 21 land
462 1392 114 26 rätteligen
592 1391 52 22 böra
658 1390 119 26 innehafva,
793 1391 104 27 förtjenar

74 1420 113 28 onekligen
209 1419 177 27 förverkligande.
417 1419 61 23 Dock
500 1426 47 16 som
566 1419 144 28 petitionären
725 1419 122 28 medgifver,
864 1421 32 21 att

73 1450 53 22 hans
142 1449 109 22 såkallade
267 1449 106 22 allmänna
388 1449 54 27 drag
456 1449 41 22 och
512 1449 132 28 synpunkter
660 1451 36 19 äro
712 1448 77 22 endast
796 1448 100 27 ungefär-

73 1479 43 27 liga
131 1478 40 23 och
193 1480 33 20 att
248 1478 202 28 hufvudsyftemälet
468 1478 48 22 med
534 1478 47 22 dem
596 1484 51 16 vore
663 1479 32 21 att
710 1477 57 27 gifva
782 1477 115 28 anledning

74 1508 33 22 till
122 1508 89 29 förnyad
226 1508 98 28 pröfning
339 1507 22 23 af
374 1508 40 21 den
430 1508 6 21 i
453 1508 73 27 början
542 1507 23 23 af
577 1507 133 22 memorialet
725 1507 92 22 berörda
825 1508 71 27 gamla
