1081 1725
426 110 42 19 Den
482 111 21 17 23
516 110 57 19 Mars.
842 108 40 20 401

157 170 53 26 Den,
228 176 45 16 som
289 170 124 27 godkänner
428 171 107 21 allmänna
549 171 211 22 besvärsutskottets
770 171 141 23 förevarande

86 198 138 22 betänkande
239 198 144 28 oförändradt,
398 200 71 21 röstar
483 200 32 27 ja;

156 227 75 22 vinner
253 228 42 26 nej,
311 234 64 15 anser
389 229 25 21 R.
431 234 19 15 o.
466 230 24 19 A.
507 228 67 22 under
589 228 110 22 uttalande
715 228 23 22 af
752 228 50 22 dess
818 228 92 28 öfverty-

88 256 60 26 gelse
164 258 32 18 att
212 256 111 27 styrelsen,
340 257 67 26 derpå
421 256 220 27 uppmärksamgjord,
657 256 48 22 icke
720 257 64 21 torde
794 256 118 23 försumma

87 285 34 20 att
143 284 96 21 anordna
261 284 90 22 trafiken
375 286 40 20 och
438 285 86 21 arbetet
542 285 69 20 under
626 284 107 27 söndagar
747 285 35 22 vid
794 286 118 26 jernvägen

88 312 98 26 sålunda,
202 314 33 19 att
247 312 240 28 jernvägsbetjeningen
503 313 7 21 i
526 315 35 19 tur
576 313 40 21 och
632 313 96 26 ordning,
744 314 71 21 såvidt
829 314 84 27 möjligt

88 343 25 19 är
136 342 40 20 och
199 341 33 21 till
252 341 37 21 det
303 342 84 23 minsta
397 342 52 21 hvar
465 342 68 27 tredje
549 341 89 27 söndag,
655 342 54 26 egde
724 342 65 22 frihet
804 342 87 28 deltaga
905 344 8 20 i

90 370 40 21 den
148 369 109 28 offentliga
272 370 157 28 gudstjensten,
445 382 28 4 —
488 370 237 28 petitionsmemorialet
739 371 48 21 icke
802 371 110 23 föranleda

87 398 33 22 till
135 399 70 26 någon
221 399 82 27 åtgärd.

178 428 12 21 å
214 428 40 21 den
270 434 34 15 om
320 428 69 22 denna
403 428 133 27 proposition
551 428 100 22 anstälda
666 428 74 22 slutna
752 429 160 27 omröstningen

88 456 63 22 utföll
166 456 51 22 med
231 457 26 21 26
270 457 25 27 ja
309 457 42 21 och
367 458 25 20 15
408 457 41 27 nej,
465 463 38 15 var
519 457 105 22 allmänna
639 458 209 22 besvärsutskottets
856 458 56 22 före-

87 486 93 22 varande
196 485 137 22 betänkande
349 485 22 22 af
385 486 86 21 ståndet
486 486 82 26 gilladt.

158 572 51 21 Som
225 572 27 21 de
267 572 69 21 under
351 572 169 21 sammanträdet
535 572 32 22 till
575 572 87 22 ståndet
670 572 156 23 öfverlemnade
833 574 79 21 tvenne

89 607 42 21 nya
153 601 80 26 nådiga
247 601 187 26 propositionerna
449 601 69 21 blifvit
533 601 64 22 bland
613 601 97 22 ståndets
726 602 138 22 medlemmar
878 603 35 20 ut-

89 629 83 26 delade,
192 629 70 22 blefvo
282 629 110 21 desamma
406 629 54 22 härå
474 629 127 28 föredragna
617 630 46 23 och.
671 630 114 27 bordlagda
804 630 31 21 till
850 631 63 20 nästa

88 658 165 26 sammanträde,
269 657 116 28 nämligen:

156 687 84 26 Nådiga
261 687 161 26 propositionen
445 687 41 21 N:o
509 689 27 19 40
559 693 34 15 om
615 687 117 22 anvisande
752 687 23 22 af
794 687 71 22 medel
879 687 33 22 til

88 715 140 22 bestridande
243 715 22 22 af
279 715 145 22 kostnaderna
438 715 33 22 för
486 715 69 22 finska
569 715 113 27 militären,
698 717 57 20 samt

157 744 86 27 Nådiga
264 744 161 27 propositionen
447 744 40 21 N:o
511 746 24 19 41
560 745 111 26 angående
689 745 26 22 de
730 745 37 21 vid
780 744 132 27 landtdagen

92 773 25 21 år
134 774 54 21 1882
204 773 33 22 för
253 773 144 22 folkskolorna
413 773 39 21 och
469 773 92 22 militära
575 773 67 22 behof
655 775 57 20 samt
725 773 34 22 till
772 773 140 22 bestridande

89 801 23 22 af
125 801 236 28 landtdagskostnader
376 801 82 22 äskade
473 802 81 27 anslag.

157 831 174 22 Sammanträdet
347 830 74 22 afslöts
438 830 92 22 klockan
545 830 46 23 half
603 832 34 20 tre
653 830 54 23 efter
722 831 120 27 middagen.

649 865 22 17 In
687 864 65 18 fidem:

579 893 70 22 Victor
664 894 25 21 de
704 894 20 21 la
741 893 102 27 Chapelle.

240 990 46 23 Den
301 990 32 24 23
349 990 60 24 Mars
426 990 96 24 klockan
539 990 15 22 Il
569 989 53 24 före
639 989 124 29 middagen.

159 1042 202 27 Protokollsutdrag
383 1042 59 22 öfver
464 1042 99 22 ståndets
585 1042 37 22 vid
644 1043 86 21 senaste
753 1042 159 22 sammanträde

89 1070 83 22 fattade
189 1071 72 21 beslut
274 1070 130 28 justerades.

160 1146 56 22 Herr
235 1146 207 22 Landtmarskalken
460 1144 142 29 tillkännagaf
615 1146 32 20 att
662 1144 66 28 enligt
746 1144 166 23 talmanskonfe-

91 1180 91 17 rensens
201 1175 74 22 beslut
289 1175 65 26 plena
368 1175 69 21 under
452 1176 62 20 nästa
529 1175 67 21 vecka
611 1173 70 22 skulle
695 1174 85 21 komma
796 1175 32 20 att
842 1173 70 22 hållas

92 1203 107 27 Tisdagen
216 1203 41 22 den
273 1205 27 19 28
316 1203 40 22 och
371 1203 109 27 Fredagen
498 1203 40 21 den
554 1205 24 19 31
597 1203 80 20 dennes
693 1202 77 22 endast
784 1202 28 27 på
826 1201 87 23 förmid-

92 1231 101 27 dagarna,
215 1231 33 22 för
270 1233 33 20 att
324 1232 72 21 lemna
416 1231 112 22 utskotten
544 1230 83 23 tillfälle
642 1233 33 19 att
691 1230 61 22 äfven
768 1231 64 21 dessa
847 1231 67 26 dagar

91 1261 160 21 sammanträda
265 1260 29 27 på
308 1260 175 27 eftermiddagen.

161 1347 84 21 Trenne
253 1346 46 21 från
307 1346 159 21 bondeståndet
473 1346 106 26 ingångna
586 1345 195 27 protokollsutdrag
791 1345 123 25 föredrogos

93 1373 41 22 och
156 1374 69 26 lades,
249 1375 71 20 såsom
334 1374 48 21 icke
397 1373 153 22 föranledande
565 1373 32 22 till
611 1373 74 21 vidare
701 1373 84 26 åtgärd,
800 1372 33 22 till
846 1372 68 23 hand-

92 1403 109 27 lingarna;
218 1402 21 21 af
254 1403 63 21 dessa
331 1402 200 27 protokollsutdrag
545 1401 134 22 inhemtades

162 1433 34 20 att
210 1431 88 22 ståndet
313 1431 95 27 godkänt
422 1431 155 27 lagutskottets
593 1430 135 23 betänkande
744 1429 110 28 angående
869 1436 46 16 mo-

94 1460 103 23 tionsrätt
212 1462 55 21 samt
283 1460 89 27 ändring
387 1459 22 23 af
423 1462 25 19 51
466 1459 40 22 och
521 1462 27 19 52
563 1459 26 28 $$
604 1459 7 22 i
625 1459 24 22 L.
666 1459 37 27 O.;

162 1491 33 20 att
217 1489 86 22 ständet
325 1489 70 22 likasä
416 1489 97 27 godkänt
537 1489 154 27 lagutskottets
718 1487 136 23 betänkande
878 1494 38 15 an-

93 1519 84 27 gående
191 1518 150 29 upphäfvande
357 1517 22 23 af
393 1519 12 21 5
421 1518 40 21 och
477 1520 12 20 6
505 1517 22 28 $$
542 1519 13 20 2
570 1517 48 27 kap.
635 1517 25 22 G.
675 1517 37 27 B.;
728 1519 57 20 samt

826 1559 21 18 26
