1075 1714
207 110 41 20 360
510 106 41 19 Den
565 107 20 16 18
597 106 56 19 Mars.

249 173 62 28 Uppå
333 173 73 21 derom
425 172 72 28 gjordt
514 172 94 28 yrkande
631 173 108 21 anstäldes
755 173 102 27 votering,
873 178 46 16 som
934 170 62 24 utföll

179 202 50 22 med
252 203 26 21 34
292 202 24 26 ja
331 201 39 22 och
385 201 27 21 25
433 201 41 28 nej,
490 200 32 22 till
536 200 51 29 följd
602 200 76 23 hvaraf
697 203 4 19 1
718 207 63 16 mom.
798 200 22 22 af
834 204 12 18 4
862 201 11 26 $
889 200 109 28 godkänts

180 230 144 22 oförändradt.

183 264 2 2 N
248 259 64 21 Emot
335 258 60 22 detta
414 258 98 21 ständets
526 258 73 22 beslut
613 258 102 22 nedlades
730 258 132 22 reservation
876 258 32 21 till
923 259 73 27 protö-

179 287 68 23 kollet
269 287 23 22 af
311 286 130 23 friherrarne
463 286 100 27 Wrede,
585 287 90 26 August,
698 287 103 26 Wrede,
820 286 59 26 Otto,
895 287 102 26 Wrede,

179 316 82 26 Rabbe,
285 317 57 21 samt
356 315 24 22 af
391 316 74 20 herrar
479 304 112 38 Palmén,
608 315 180 28 Godenhjelm,
796 304 201 39 ”Pippingsköld

181 344 40 23 och
236 329 103 48 Munck,
355 343 101 23 Lennart.

247 374 10 20 I
273 361 107 34 anseende
396 372 32 22 till
444 372 41 22 den
499 372 141 22 framskridna
654 373 59 21 tiden
729 372 83 27 afbröts
827 372 39 22 här
880 373 121 21 betänkan-

181 402 48 22 dets
243 402 74 22 vidare
333 400 130 28 behandling
478 402 38 21 och
532 402 96 21 ständets
644 401 138 22 medlemmar
792 402 103 22 ätskildes
905 401 92 22 klockan

180 430 46 22 half
239 432 34 20 tre
286 429 54 23 efter
354 430 120 27 middagen.

338 491 90 25 Samma
443 491 41 29 dag
502 492 93 24 klockan
612 490 14 24 6
642 490 61 25 efter
718 491 124 30 middagen.

250 543 91 23 Ständet
356 543 100 22 fortsatte
471 544 49 21 med
536 542 40 24 den
591 544 28 27 pä
633 543 146 27 förmiddagen
795 543 116 28 påbörjade
921 543 76 28 detalj-

183 572 158 28 granskningen
356 572 23 21 af
393 572 217 22 ekonomiutskottets
625 572 136 22 betänkande
776 572 7 22 i
799 572 112 28 anledning
927 572 22 21 af
961 573 39 21 nä-

181 602 50 27 diga
246 600 160 28 propositionen
422 600 110 27 angäende
547 601 166 26 vaccinationen,
730 600 39 22 och
785 600 124 28 godkändes
923 600 75 23 härvid

181 632 52 20 utan
249 630 122 21 diskussion
386 629 25 27 $$
427 631 54 20 5—7
498 630 22 20 af
533 629 246 27 författningsförslaget.

250 658 10 20 I
276 658 101 22 afseende
393 658 13 21 ä
420 658 11 28 &
446 659 14 20 8
474 658 68 22 utbad
557 658 34 27 sig

249 686 56 23 Herr
320 686 225 28 Standertskjöld,
561 687 51 21 Karl
621 686 82 28 Gustaf,
715 686 61 22 ordet
786 686 40 22 och
836 687 95 27 yttrade:
946 686 50 22 Med

181 715 102 23 afseende
298 716 52 21 derä
366 717 32 19 att
412 714 60 23 säväl
486 716 8 20 i
509 715 118 23 utskottets
641 715 136 22 betänkande
792 721 46 16 som
852 716 6 20 i
870 714 41 23 den
921 715 79 27 nädiga

180 744 161 28 propositionen
356 743 143 27 föreskrifves,
515 746 32 20 att
561 744 254 22 kommunalnämnderna
824 744 69 22 skulle
901 750 51 16 vara
962 743 38 23 be-

181 774 107 26 rättigade
303 775 33 20 att
351 772 77 28 ålägga
442 772 103 23 mälsmän
561 773 40 22 och
615 773 111 27 föräldrar,
735 778 47 16 som
791 772 115 22 försumma
914 774 33 20 att
953 773 47 21 låta

182 802 111 22 vaccinera
307 802 48 22 sina
368 802 60 26 barn,
443 801 63 23 straff
518 802 46 22 frän
579 803 13 20 2
607 802 33 21 till
657 804 24 19 15
697 802 67 24 mark,
776 801 41 22 och
827 802 72 21 derest
907 801 90 23 försum-

181 831 80 22 melsen
283 830 93 28 förnyas,
399 830 49 23 med
468 830 88 23 dubbelt
571 831 25 21 sä
609 830 91 28 mycket,
716 830 81 22 hvilket
812 836 63 22 synes
890 830 43 28 mig
947 836 52 16 vara

181 860 88 21 alldeles
291 859 34 22 för
346 861 90 26 strängt,
458 860 31 26 ity
511 862 32 19 att
564 859 93 22 flertalet
679 858 22 23 af
719 860 54 26 dem,
797 865 46 16 som
866 859 85 22 komme
965 862 34 18 att

181 888 66 22 blifva
260 889 85 21 utsatta
359 888 33 22 för
407 894 27 16 en
448 888 66 22 sådan
530 888 200 28 straffbestämning,
747 888 113 27 onekligen
873 888 40 22 hör
927 888 34 22 till
971 888 28 22 de

181 916 100 27 fattigare
296 917 118 27 klasserna,
437 917 49 22 ville
505 918 38 27 jag
562 917 62 22 hafva
638 917 170 27 bötesbeloppen
823 918 105 21 nedsatta.
945 929 26 3 —
986 916 12 22 I

181 946 119 26 Uleåborgs
316 946 40 22 och
371 934 85 39 Kuopio
471 946 36 21 län
522 947 87 26 utgöras
625 947 27 19 20
667 946 13 21 å
689 946 28 21 30
726 947 90 26 procent
830 945 23 22 af
859 946 48 21 hela
915 942 84 26 befolk-

180 974 79 29 ningen
274 974 23 22 af
309 974 129 28 inhysingar.
468 974 34 22 Dä
516 975 77 28 mänga
608 976 58 20 orter
681 974 6 21 i
703 974 64 22 dessa
774 974 96 22 trakter
865 976 57 19 ännu
930 974 68 22 sakna

180 1001 111 29 körvägar,
308 1002 40 22 och
363 1002 29 22 de
405 1002 111 27 föräldrar,
532 1009 45 16 som
592 1002 63 22 skola
669 1002 73 22 hemta
750 1002 47 22 sina
804 1002 52 22 barn
867 1002 31 22 till
911 1002 26 22 de
946 1002 52 22 stäl-

180 1032 36 22 len
239 1032 38 21 der
297 1031 160 22 vaccinationen
477 1016 112 47 försiggår,
606 1031 45 21 ofta
664 1030 64 23 hafva
743 1033 33 19 att
790 1031 164 27 tillryggalägga
969 1033 28 19 20

180 1062 60 20 verst
263 1060 40 22 och
322 1055 76 43 längre
416 1061 53 20 utan
484 1061 32 20 att
530 1060 72 22 kunna
617 1060 63 21 ställa
694 1060 71 26 någon
779 1059 34 22 för
828 1060 32 26 sig
874 1060 7 21 i
896 1060 101 25 hemmet,

181 1094 46 16 som
243 1088 98 28 vanligen
356 1090 25 20 är
395 1088 98 28 uppfyldt
508 1088 23 22 af
542 1089 60 25 barn,
617 1089 42 21 kan
675 1089 36 21 det
727 1088 44 22 ofta
786 1088 72 24 hända
874 1090 32 20 att
922 1088 27 22 de
961 1090 39 20 äro

180 1117 150 22 urständsatta
345 1118 33 20 att
392 1116 79 22 infinna
486 1117 32 26 sig
533 1117 34 21 vid
582 1118 37 20 det
634 1117 80 27 utlysta
729 1116 213 23 vaccinationsmötet
957 1117 40 21 och

180 1146 8 21 i
209 1145 53 27 följd
283 1144 63 24 deraf
364 1143 159 24 underkastade
538 1145 234 22 straffbestämmelsen.
802 1145 34 21 Dä
850 1145 72 22 dertill
935 1145 62 22 kom-

180 1180 46 16 mer
248 1176 33 20 att
304 1174 27 21 de
353 1176 40 19 äro
412 1173 77 29 fattiga
511 1174 40 22 och
572 1174 48 22 icke
639 1174 63 22 hafva
717 1174 70 22 medel
802 1175 33 20 att
848 1174 75 22 betala
936 1174 64 26 vitet,

181 1202 90 23 emedan
290 1202 39 23 allt
351 1202 56 22 hvad
430 1202 27 23 de
477 1202 92 28 förtjena
583 1202 62 28 ätgär
659 1203 32 21 till
705 1202 107 28 familjens
828 1202 117 27 underhäll,
962 1209 35 21 sy-

181 1237 38 16 nes
243 1231 37 22 det
301 1231 44 27 mig
367 1229 72 24 alltför
466 1233 84 25 strängt
571 1233 33 20 att
624 1231 107 27 medgifva
754 1238 26 15 en
801 1215 199 47 straffbestämning

182 1259 56 21 ända
252 1259 33 20 till
300 1260 28 20 30
343 1258 67 27 mark,
426 1259 26 20 sä
465 1260 86 25 mycket
565 1265 59 15 mera
638 1265 46 15 som
700 1259 37 21 det
751 1259 48 21 icke
813 1259 76 21 blifver
899 1259 99 27 domstol,

180 1293 47 15 som
239 1286 89 27 pröfvar
342 1271 73 47 saken,
430 1289 53 18 utan
491 1287 233 26 kommunalnämnden,
733 1287 64 21 hvars
806 1272 194 46 sammansättning

184 1315 45 22 ofta
244 1315 42 21 kan
301 1321 51 16 vara
366 1315 23 21 af
402 1315 40 22 den
458 1314 155 27 beskaffenhet,
628 1317 33 19 att
675 1321 48 16 man
735 1315 47 22 icke
790 1315 42 22 kan
840 1314 49 22 fullt
896 1315 67 22 räkna
971 1315 28 27 på

180 1345 33 20 att
228 1343 225 30 straffbestämningen
468 1343 56 22 skall
537 1342 65 23 blifva
617 1343 26 22 sä
657 1344 82 25 rättvis,
756 1349 46 16 som
818 1343 39 22 den
868 1343 73 22 borde.
957 1343 42 27 Jag

180 1372 72 23 skulle
267 1371 71 24 derför
353 1378 59 21 anse,
428 1374 38 25 att,
483 1378 34 16 om
534 1372 66 27 nägrä
614 1373 58 21 viten
688 1373 62 22 skola
765 1372 137 27 bestämmas,
917 1372 83 22 hvilket

180 1401 35 22 väl
237 1407 89 16 numera
340 1401 70 22 mäste
428 1389 45 38 ske,
488 1401 27 22 dä
530 1402 41 21 den
586 1400 154 29 obligatoriska
754 1390 162 34 vaccinationen
930 1401 71 22 blifvit

181 1432 98 31 antagen,
304 1430 27 23 de
349 1430 69 22 skulle
434 1432 94 21 utsättas
542 1429 48 23 från
607 1433 9 18 1
633 1430 33 22 till
681 1431 64 27 högst
759 1431 13 21 8
789 1431 52 22 eller
855 1432 12 20 6
883 1431 60 22 mark
959 1431 39 21 och

181 1458 34 23 vid
231 1459 139 28 upprepande
388 1459 94 22 dubbelt.

250 1488 56 22 Herr
320 1488 102 26 Munck,
439 1487 25 22 K.
481 1488 32 21 F.:
529 1487 44 28 Mig
588 1493 69 22 synes,
674 1489 32 20 att
715 1488 229 22 kommunalnämnden
952 1485 48 24 icke

181 1517 42 21 kan
238 1516 65 23 blifva
318 1517 41 22 den
375 1505 121 39 strängaste
512 1517 112 26 domaren;
641 1517 40 21 den
696 1517 82 22 känner
793 1517 111 27 vanligtvis
919 1516 79 23 förhål-
