1073 1725
393 108 41 17 Den
448 109 22 15 24
482 108 94 18 Februari.
823 109 39 19 201

175 175 32 19 att
223 173 181 27 Borgareståndet
419 174 138 21 oförändradt
572 174 83 26 antagit
665 174 175 21 statsutskottets
855 173 37 21 be-

73 202 107 22 tänkande
198 202 49 21 med
265 202 113 27 anledning
398 202 23 22 af
433 203 77 27 nådiga
524 202 160 28 propositionen
700 202 110 27 angående
825 202 67 21 bevil-

70 231 65 25 jande
150 230 23 22 af
185 231 69 21 medel
269 230 32 22 för
317 231 156 27 återbetalning
488 231 22 21 af
518 232 37 20 det
562 231 46 21 från
620 232 63 26 ryska
693 230 199 22 riksskattkamma-

72 266 38 15 ren
126 258 78 28 afgifna
215 259 75 27 bidrag
301 260 32 20 till
344 260 273 26 Petersburg—Riihimäki
624 259 201 27 jernvägsbyggnad
836 260 56 20 samt

141 290 32 19 att
189 288 86 21 ståndet
287 288 70 21 likaså
371 288 96 27 godkänt
475 288 217 22 ekonomiutskottets
700 287 136 22 betänkande
844 288 49 20 med

73 317 113 26 anledning
202 316 22 21 af
237 317 78 26 nådiga
329 317 161 26 propositionen
506 317 111 26 angående
632 317 96 26 grunden
743 316 33 21 för
794 315 99 28 tolagsaf-

72 345 78 26 giftens
165 345 143 21 beräknande.

142 374 103 26 Samtliga
267 374 64 21 dessa
353 374 197 27 protokollsutdrag
572 373 60 22 lades
653 374 72 21 såsom
740 373 47 22 icke
802 372 90 22 föranle-

74 402 68 21 dande
158 403 31 20 till
205 403 69 26 någon
290 403 77 26 åtgärd
381 403 32 21 till
428 403 161 27 handlingarna.

683 421 6 7 N

140 482 56 21 Herr
218 483 207 21 Landtmarskalken
447 483 125 21 meddelade
595 483 53 20 härä
671 484 32 19 att
717 482 35 21 vid
768 482 69 21 denna
852 481 42 27 dag

72 511 72 21 hållen
166 511 207 22 tammanskonferens
396 512 37 21 det
455 511 69 22 blifvit
545 511 114 25 bestämdt,
683 513 33 19 att
731 512 62 19 nästa
807 511 86 26 plenum

73 540 68 21 skulle
157 546 40 20 ega
211 547 47 14 rum
273 540 98 27 tisdagen
387 540 40 21 den
443 541 27 20 28
486 540 86 25 dennes,
589 541 55 20 samt
660 539 65 28 derpä
740 539 93 27 följande
848 539 45 27 ple-

72 575 50 15 num
137 569 99 26 tisdagen
252 569 41 21 den
309 571 11 18 7
336 569 64 21 Mars.

140 625 10 21 I
158 625 99 21 afseende
265 626 13 20 ä
286 626 75 21 remiss
367 626 32 21 till
407 626 83 21 utskott
498 626 110 26 föredrogs
617 626 41 20 den
667 624 36 22 vid
713 627 86 19 senaste
806 625 87 26 plenum

72 654 117 26 bordlagda
205 654 78 26 nådiga
294 655 159 25 propositionen
462 654 111 26 angående
582 653 310 27 stämpelpappersbevillning.

140 682 55 22 Herr
215 688 40 16 von
275 683 189 27 Weissenberg
486 684 67 20 utbad
573 683 32 26 sig
627 682 75 21 härvid
716 682 63 21 ordet
795 682 40 21 och
850 682 42 27 ytt-

72 711 61 21 rade:
151 711 37 21 Uti
207 710 138 22 förevarande
361 712 77 26 nådiga
452 712 133 26 proposition
601 710 114 22 återfinnes
730 711 29 26 på
773 710 77 27 pagina
868 712 24 19 12

75 741 32 20 ett
122 740 125 26 stadgande,
263 746 45 15 som
323 740 136 22 förekommit
473 740 6 21 i
495 740 42 21 alla
554 740 23 21 af
589 739 128 27 föregående
733 739 161 21 ständermöten

73 770 93 24 antagna
181 768 149 27 författningar
350 775 33 15 om
399 768 300 28 stämpelpappersbevillning
715 768 40 20 och
771 774 45 17 som
834 767 60 27 lyder

73 797 99 21 sålunda:
190 797 63 26 ,Men
267 797 35 21 vid
317 797 113 21 befordran
445 798 32 20 till
492 804 69 15 annan
577 797 66 27 tjenst
654 796 105 22 beräknas
770 796 75 21 kartan
857 802 36 15 en-

74 826 49 21 dast
138 826 54 20 efter
207 826 118 26 skilnaden,
341 826 100 22 hvarmed
458 826 41 22 den
514 826 110 22 tillträdda
637 825 62 22 lönen
711 826 42 20 kan
762 824 131 27 öfverskjuta

74 854 41 22 den
130 854 58 22 förut
202 854 133 22 innehafda.*
366 855 65 22 Detta
446 855 118 27 stadgande
580 857 24 19 är
613 854 126 27 visserligen
750 854 87 21 alldeles
846 853 47 26 tyd-

74 883 40 27 ligt
129 883 40 22 och
184 883 63 26 klart,
263 884 27 21 då
306 884 37 21 det
358 884 55 21 skall
427 884 106 27 tillämpas
550 884 12 21 å
577 889 84 21 person,
673 889 45 15 som
729 882 110 22 befordras
847 881 47 22 från

76 918 25 15 en
124 913 65 26 tjenst
203 912 32 21 till
255 919 25 14 en
297 919 75 20 annan,
388 919 48 15 men
453 913 26 21 då
494 913 38 20 det
545 913 44 26 gält
604 914 33 19 att
651 912 119 21 bestämma
785 911 109 21 kartavär-

75 941 37 21 det
127 941 32 21 för
174 941 122 21 fullmakter
311 941 39 22 och
365 941 156 22 förordnanden
536 941 33 21 för
584 941 81 21 sådana
679 946 108 21 personer,
804 945 45 16 som
859 939 35 22 väl

74 969 57 22 förut
146 970 55 21 varit
216 970 7 20 i
237 970 72 27 tjenst,
325 976 49 15 men
389 970 85 21 erhållit
489 970 74 21 afsked
579 969 46 26 och,
637 969 70 21 såsom
716 968 122 26 afskedade,
848 969 47 20 åter

74 999 50 26 igen
146 998 69 21 blifvit
229 999 116 21 utnämnde
361 999 32 21 till
408 999 70 27 någon
493 999 72 27 tjenst,
582 999 39 20 har
635 1004 48 15 man
699 998 7 21 i
721 997 115 22 allmänhet
850 997 44 21 för-

74 1027 50 21 farit
140 1027 86 28 mycket
241 1027 63 22 olika.
335 1027 28 22 Så
378 1028 39 21 har
431 1028 120 27 Kejserliga
567 1027 94 21 Senaten
676 1027 129 21 åtminstone
820 1026 31 21 uti
862 1028 32 19 ett

74 1055 38 22 fall
126 1056 47 21 icke
189 1056 49 21 låtit
254 1057 40 20 den
311 1063 75 20 genom
402 1056 162 27 ifrågavarande
579 1057 94 20 moment
687 1055 106 26 medgifna
803 1054 91 26 lindring

74 1085 7 20 i
96 1085 144 26 beräkningen
260 1084 22 22 af
300 1085 147 28 kartavärdet
456 1085 32 21 för
503 1084 201 28 tjenstefullmakter
719 1084 85 21 komma
820 1089 26 15 en
863 1082 30 21 af-

75 1113 81 22 skedad
171 1113 128 27 tjensteman
315 1114 32 20 till
363 1113 39 22 del.
433 1113 66 22 Äfven
515 1114 33 21 vid
565 1113 155 27 länestyrelsen
736 1113 6 20 i
758 1112 87 26 Wiborg
855 1112 39 21 har

75 1149 81 15 samma
177 1141 120 23 förfarande
316 1142 55 22 intill
388 1144 87 20 senaste
489 1143 56 21 tider
560 1141 118 27 iakttagits.
708 1141 76 21 Denna
799 1139 94 28 uppfatt-

74 1172 50 26 ning
139 1170 23 22 af
175 1170 154 22 ofvanberörda
345 1174 93 18 moment
453 1172 39 21 har
507 1171 118 21 emellertid
640 1170 84 28 nyligen
739 1170 33 21 för
782 1169 42 27 mig
834 1168 59 22 med-

74 1200 42 21 fört
132 1200 106 26 obehaget
253 1200 22 20 af
289 1202 32 19 ett
335 1200 106 21 fiskaliskt
457 1200 52 26 åtal;
526 1200 40 21 och
581 1199 68 21 ehuru
661 1199 44 26 jag,
719 1198 47 27 just
781 1198 48 20 med
838 1197 55 21 afse-

75 1228 54 21 ende
153 1228 12 20 å
187 1230 128 19 momentets
338 1228 125 27 otydlighet,
481 1228 48 21 icke
550 1227 69 21 fäldes
634 1227 32 21 till
681 1226 67 26 något
763 1232 75 15 ansvar
854 1226 40 21 och

74 1256 60 22 äfven
150 1257 7 20 i
172 1257 177 26 restitutionsväg
364 1256 88 22 återfick
466 1256 55 22 hvad
536 1257 38 27 jag
588 1256 91 26 nödgats
695 1255 96 21 utbetala
805 1254 33 21 för
853 1254 41 21 den

72 1284 34 22 för
120 1285 53 26 högt
187 1285 123 22 beräknade
325 1286 84 25 kartan,
425 1286 24 20 så
463 1285 40 21 har
515 1285 38 27 jag
567 1284 74 22 föratt
648 1284 33 21 för
689 1284 66 20 andra
763 1283 131 21 förekomma

75 1314 110 21 enahanda
205 1314 89 26 obehag,
310 1314 57 20 aelat
378 1314 31 20 till
420 1314 87 21 ståndet
522 1314 109 21 vördsamt
646 1312 135 25 öfverlemna,
797 1317 33 15 om
845 1311 48 21 icke

74 1342 35 20 vid
131 1342 103 21 remissen
256 1343 32 20 till
306 1342 241 26 bevillningsutskottet,
570 1342 61 20 detta
644 1341 84 21 utskott
743 1340 71 21 kunde
830 1341 62 25 göras

74 1370 162 26 uppmärksamt
250 1370 28 26 på
289 1370 100 20 behofvet
401 1370 22 20 af
432 1376 25 14 en
473 1370 122 26 förändring
610 1369 31 21 uti
657 1368 147 27 ordalydelsen
821 1368 22 20 af
849 1373 45 15 mo-

74 1400 88 23 mentet,
178 1398 29 26 på
229 1398 36 21 det
287 1400 33 19 att
334 1398 67 26 något
415 1398 150 21 missförstånd
585 1398 5 20 i
607 1397 74 27 antydt
697 1396 54 27 syfte
766 1396 33 21 för
813 1396 81 20 framti-

76 1426 40 22 den
130 1426 48 22 icke
193 1426 72 22 vidare
280 1426 71 22 kunde
367 1432 40 21 ega
422 1433 52 15 rum.

131 1456 56 21 Herr
201 1456 103 25 Munck,
321 1456 24 21 K.
362 1456 34 21 F.:
420 1456 36 21 Uti
472 1455 10 28 $
498 1457 27 20 22
541 1455 88 26 stadgas
645 1460 77 15 ansvar
736 1453 33 22 för
784 1454 40 21 den
840 1453 54 27 tjen-

76 1486 89 25 steman,
181 1491 46 15 som
242 1485 127 21 försummar
384 1487 32 19 att
431 1484 110 22 makulera
555 1484 102 21 kartorna
669 1483 18 26 yi
698 1482 140 22 föreskrifven
845 1482 49 21 ord-

75 1513 76 27 ning*;
174 1513 40 22 och
237 1514 48 21 med
307 1515 70 20 denna
398 1513 109 22 föreskrift
528 1518 72 15 menas
621 1511 107 22 sannolikt
744 1511 36 22 det
795 1511 98 25 cirkulär,
