1053 1731
206 137 14 20 4
498 134 42 18 Den
552 135 22 17 23
586 134 83 18 Januari.

344 199 29 24 M.
383 194 38 29 K.
444 207 19 16 0.
487 201 30 22 St.
539 200 82 23 bedrad
642 201 48 22 med
711 201 38 22 det
768 200 90 23 ärofulla
876 201 122 27 uppdraget

179 223 33 29 att
227 200 49 52 lä.
279 201 70 57 anna
364 230 103 27 landtdag
482 230 7 21 i
505 230 108 27 egenskap
629 230 22 21 af
660 229 169 23 landtmarskalk
838 230 50 22 leda
897 229 100 23 förhand-

179 259 97 28 lingarna
293 255 36 26 vid
346 259 25 23 R.
387 265 19 16 o.
422 259 37 22 A:s
475 259 179 26 sammanträden,
671 259 63 22 utber
745 259 38 28 jag
798 259 43 28 mig
855 260 33 21 att
902 258 22 22 få
938 258 60 22 helsa

178 288 58 22 Eder
254 288 114 22 välkomna
385 288 32 22 till
436 290 134 25 gemensamt
588 288 47 25 och,
649 276 73 34 Jätom
741 294 36 16 oss
797 288 83 28 hoppas
900 288 43 26 det,
954 288 43 21 väl-

179 317 137 27 signelserikt
335 316 75 23 arbete
427 317 8 21 i
452 317 152 22 fosterlandets
620 317 72 27 tjenst.
721 317 32 22 De
767 316 79 28 frägor,
862 323 46 16 som
923 316 76 23 härvid

178 346 86 22 komma
279 348 32 20 att
325 345 104 28 föreligga
444 346 120 22 Ständerna
580 346 32 22 till
628 344 139 29 ompröfning,
782 345 65 23 blifva
862 348 52 19 utan
926 345 72 22 tvifvel

179 375 24 22 af
221 377 47 20 stor
286 375 41 22 och
346 375 182 33 genomgripande
547 374 111 29 betydelse
673 374 32 23 för
719 375 49 22 vårt
782 375 62 23 lands
859 375 140 23 ekonomiska

180 403 128 28 utveckling,
328 403 28 22 dä
374 403 20 22 vi
412 375 58 50 ak
480 403 101 22 säkerhet
600 403 72 22 kunna
691 405 49 20 veta
755 405 34 21 att
803 403 108 28 betydliga
926 403 73 27 anslag

181 430 107 25 erfordras
306 432 33 22 för
356 433 48 22 värt
422 432 140 27 härväsende,
577 432 33 25 för
624 432 201 28 folkupplysningen
840 432 40 22 och
895 431 33 23 för
940 432 58 27 jern-

179 463 127 26 vägsnätets
320 458 73 26 vidare
407 450 155 38 utsträckning
571 463 57 20 samt
642 463 33 20 att
689 461 85 22 säledes
786 468 40 21 nya
839 461 84 22 skatter
930 461 69 22 mäste

180 491 48 21 värt
248 490 51 22 land
320 489 115 22 ähvälfvas.
470 490 50 22 Men
541 489 61 23 äfven
622 490 66 21 andra
702 490 48 22 icke
765 489 82 23 mindre
862 490 81 27 vigtiga
955 489 44 22 frä-

180 525 39 22 gor
238 519 24 22 af
279 519 66 22 social
364 521 64 19 natur
447 519 62 22 torde
528 519 34 22 vid
583 519 69 22 denna
667 519 104 27 landtdag
785 519 65 22 blifva
863 519 90 22 föremäl
967 518 33 23 för

180 549 58 21 Edra
260 546 190 29 öfverläggningar,
474 547 39 22 och
536 548 28 21 då
588 547 111 28 samteliga
719 549 65 21 dessa
803 548 93 22 ärenden
915 549 84 21 komma

181 579 33 20 att
232 577 95 22 erfordra
345 576 89 28 mycken
450 577 36 27 tid,
502 577 65 22 möda
582 577 40 22 och
637 577 107 27 omtanka,
760 577 35 24 mä
810 577 36 22 det
861 577 80 22 tillätas
956 577 43 26 mig

181 607 33 21 att
235 605 102 23 tillönska
358 595 63 41 Eder,
443 605 151 28 Högvälborne
614 605 39 22 och
675 606 106 21 Välborne
801 606 85 25 Herrar,
903 605 95 26 Grefvar,

180 635 116 25 Friherrar,
318 634 40 22 och
377 634 111 27 samtelige
504 634 39 26 här
560 634 129 23 församlade
704 635 102 28 Ridders-
822 635 38 22 och
876 635 122 24 Adelsmän,

180 663 58 22 kraft
255 663 42 22 och
315 663 96 22 förmäga
430 665 38 24 att,
484 663 28 27 pä
528 665 31 19 ett
574 663 33 22 för
621 663 84 21 landets
721 663 33 22 väl
764 662 176 29 fruktbringande
955 665 45 20 sätt

180 693 73 20 kunna
271 690 92 28 fullgöra
382 669 57 44 Eder
454 691 140 23 ansvarsfulla
609 691 105 28 rättighet
726 692 41 21 och
782 692 122 27 skyldighet
918 693 38 25 att,
971 691 29 27 på

181 721 68 27 grund
272 720 23 22 af
315 720 134 27 Landtdags-
470 720 40 22 och
532 720 273 27 Riddarhusordningarna,
825 722 77 26 utgöra
923 727 27 15 en
965 720 34 22 del

180 749 23 22 af
217 750 37 21 det
268 749 70 22 finska
352 748 78 22 folkets
446 749 177 27 representatiou.
638 749 38 22 Att
687 749 39 28 jag
736 749 13 22 ä
759 749 46 28 min
812 749 47 23 sida
870 749 55 24 skall
935 749 65 28 bjuda

179 778 33 21 till
231 779 32 20 att
278 780 155 25 samvetsgrant
447 778 41 21 och
503 778 54 23 efter
571 778 78 22 måttet
664 778 23 21 af
699 779 58 21 mina
770 777 82 23 krafter
866 778 92 27 fullgöra
973 784 27 15 en

180 806 182 23 landtmarskalks
385 807 116 27 grannlaga
523 807 51 27 värf,
597 807 61 22 torde
675 807 38 28 jag
732 807 48 22 icke
798 807 90 22 behöfva
902 807 98 22 försäkra

181 836 63 27 Eder,
266 842 48 15 men
337 835 28 22 dä
384 835 110 27 förmägan
519 838 72 25 tyvärr
609 835 48 22 icke
677 836 61 21 alltid
756 838 119 20 motsvarar
888 836 40 21 den
944 835 57 28 goda

170 887 2 2 .
180 865 71 28 viljan,
267 865 69 21 måste
349 865 38 27 jag
402 864 86 22 anhälla
503 867 33 19 att
550 865 75 22 härvid
640 864 23 22 af
677 865 23 21 R.
716 871 19 16 o.
751 865 25 22 A.
792 865 66 22 varda
872 865 50 22 med
932 865 67 22 öfver-

181 894 79 22 seende
276 893 39 23 och
331 893 84 28 välvilja
430 893 110 22 omfattad.

248 923 43 26 Jag
312 922 105 22 förklarar
438 922 89 23 härmed
550 923 24 22 R.
595 929 19 16 o.
633 923 38 21 A:s
688 923 178 22 konstituerande
885 923 114 36 plenisam-

181 952 111 22 manträde
305 958 51 15 vara
371 952 101 27 öppnadt.
933 977 2 2 N

248 1025 62 23 Herr.
322 1025 207 23 Landtmarskalken
548 1026 123 22 hemstälde
693 1027 59 25 härä,
768 1026 28 22 dä
811 1026 37 22 det
863 1027 66 26 enligt
943 1028 26 19 25
987 1027 13 26 &

181 1055 23 22 af
221 1055 24 22 L.
266 1055 24 21 O.
311 1054 130 22 tillkommer
458 1055 26 21 R.
500 1061 18 16 o.
535 1056 24 21 A.
576 1057 32 20 att
624 1061 75 21 genom
715 1044 156 44 deputationer.
880 1055 32 22 till
927 1055 27 22 de
969 1055 32 22 öf-

179 1084 47 27 riga
244 1083 33 22 till
295 1083 129 28 landtdagen
440 1085 174 21 sammankomna
630 1084 92 22 stånden
737 1082 102 24 framföra
854 1084 32 22 sin
902 1083 98 28 helsning

181 1113 109 21 äfvensom
305 1114 32 19 att
352 1118 76 19 genom
444 1119 25 15 en
485 1113 93 21 särskild
593 1114 69 20 större
677 1113 126 26 deputation
819 1113 38 22 hos
869 1113 130 27 Generalgu-

180 1141 105 24 vernören
304 1140 91 27 anhälla,
412 1141 36 22 det
463 1141 41 22 han
520 1141 111 27 behagade
646 1141 119 22 bestämma
782 1141 57 22 tiden
854 1141 34 22 för
902 1141 98 22 landtda-

181 1175 53 22 gens
252 1169 121 28 högtidliga
390 1158 119 39 öppnande,
529 1170 104 22 huruvida
651 1170 48 21 icke
720 1170 65 21 dessa
799 1170 151 28 deputationer
964 1177 35 19 nu,

160 1202 3 4 *
181 1198 90 22 likasom
291 1197 35 22 vid
341 1198 128 28 föregående
483 1199 132 27 landtdagar,
635 1199 71 21 kunde
721 1200 96 26 utgöras,
833 1199 41 21 den
890 1201 59 20 stora
964 1199 36 21 de-

181 1227 125 27 putationen
321 1227 23 21 af
357 1229 27 19 24
399 1228 40 20 och
458 1228 40 20 den
510 1228 70 21 minde
592 1227 23 22 af
623 1230 12 18 6
646 1234 104 20 personer
760 1229 57 20 samt
827 1230 33 19 att
870 1228 41 21 den
920 1228 81 21 mindre

182 1256 152 26 deputationen
355 1255 69 21 skulle
447 1256 31 21 till
494 1256 73 26 hvarje
582 1256 23 21 af
618 1256 27 21 de
661 1256 78 22 ofrälse
754 1256 91 22 stånden
859 1256 101 22 framföra
975 1257 24 21 R.

181 1290 20 14 0.
217 1283 37 21 A:s
269 1283 104 26 helsning.
404 1283 71 22 Sedan
490 1284 70 21 denna
575 1284 128 20 hemställan
718 1284 23 21 af
753 1284 24 21 R.
791 1290 18 15 o.
823 1284 26 21 A.
861 1284 95 26 bifallits,
967 1286 34 19 ut-

181 1312 38 25 säg
234 1312 50 20 herr
299 1311 206 22 Landtmarskalken
521 1312 32 21 till
568 1312 124 26 ledamöter,

433 1362 7 21 i
456 1362 41 22 den
512 1365 60 20 stora
587 1363 162 27 deputationen:

182 1410 41 21 N:o
268 1411 20 49 5
318 1408 77 23 Grefve
418 1408 96 27 Aminoff,
526 1408 76 27 Adolf,

171 1450 37 15 15
352 1454 9 9 0:
418 1438 88 22 Steven-
509 1422 109 50 Steinheil,
633 1438 72 23 Alexis
721 1439 96 27 Fredrik,

199 1484 9 10 ”
254 1440 34 49 30.
304 1466 97 23 Friherre
417 1466 60 28 Boije
493 1467 23 22 af
528 1452 94 47 Gennäs,
637 1467 60 23 Hans
714 1467 83 28 Gustaf,

197 1512 11 10 n»
253 1498 34 20 37.
347 1513 9 9 N
417 1491 163 37 Rokassowsky,
595 1481 126 46 Alexander,

197 1542 10 9 »
254 1527 32 20 38
347 1541 10 9 jä
415 1524 103 27 Wall6en,
535 1524 226 28 Stjernvall-Wall6en,
777 1526 62 26 Emil,

197 1570 10 9 »
253 1555 33 19 40.
346 1569 10 10 »
416 1554 98 27 Ramsay,
531 1554 71 27 Georg
616 1554 91 27 Edvard,
