1078 1720
421 108 42 19 Den
477 110 19 16 11
508 108 55 18 Mars.
823 109 41 20 265

82 174 97 22 ständets
202 174 188 28 uppmärksamhet
411 174 35 23 vid
465 175 26 22 de
506 174 185 25 uttalanden:sem
706 174 23 25 af
741 180 28 17 en
784 174 22 23 af
819 174 75 28 styrel-

83 209 49 16 sens
147 202 40 23 här
199 203 133 24 närvarande
347 204 118 22 ledamöter
479 203 68 25 blifvit
561 204 82 27 gjorda,
658 204 40 24 och
713 204 32 21 till
760 202 51 29 följd
821 202 73 23 hvaraf

83 232 96 26 grundad
192 231 142 28 förhoppning
352 232 119 27 förefinnes,
487 234 32 20 att
526 232 146 22 tullsatserna
686 232 28 28 pä
728 232 67 22 tobak
809 232 85 21 komma

82 262 32 20 att
135 260 112 22 nedsättas
269 261 51 22 eller
334 260 120 23 modifieras
470 261 7 21 i
492 261 76 22 sådant
583 260 61 28 syfte,
660 260 212 28 att:importafgiften
887 260 7 21 i

81 289 33 21 sin
129 288 74 22 helhet
220 288 133 30 icke:blefve
366 288 33 22 för
413 289 84 27 mycket
511 289 141 27 betungande.
682 288 212 27 Bevillningsutskot-

81 319 32 19 tet
127 318 72 20 kunde
214 317 33 21 väl
261 318 48 21 icke
322 312 65 37 Hafva
402 318 51 21 reda
467 318 29 26 pä
509 317 56 22 huru
574 317 61 27 långt
646 318 107 27 styrelsen
767 318 8 20 i
790 317 60 23 detta
864 316 30 22 af-

81 346 79 22 seende
181 346 49 22 ville
252 346 33 27 gå,
308 349 48 20 men
376 346 29 27 pä
426 352 81 16 samma
526 348 44 20 sätt
591 344 78 24 kunde
681 344 152 25 skttekomitön
848 345 47 22 icke

81 374 66 22 heller
162 374 62 22 hafva
238 375 70 27 nägon
323 374 82 23 visshet
420 381 40 20 om,
474 374 105 24 huruvida
589 375 26 21 de
625 375 122 24 nuvarande
757 375 139 23 tullsatserna

81 404 69 22 skulle
171 404 85 21 komma
277 406 32 19 att
327 404 102 22 bekällas.
464 404 129 27 Visserligen
613 404 73 27 gjorde
704 404 33 27 sig
751 404 56 22 inom
822 403 73 23 bevill-

81 432 169 27 ningsutskottet
268 433 40 21 den
324 432 59 27 äsigt
395 432 104 27 gällande,
514 434 33 22 att
562 432 37 22 det
613 431 56 23 hade
683 433 55 22 varit
753 432 95 27 önskligt
862 433 33 21 att

80 461 72 22 kunna
166 461 32 22 uti
212 461 118 22 utskottets
346 461 80 27 förslag
439 463 96 22 närmare
550 461 108 27 precisera
669 461 26 22 de
710 461 104 27 anspråk,
824 467 48 16 man
887 460 8 21 i

81 490 60 21 detta
163 488 100 23 afseende
284 490 50 22 ville
356 490 64 22 ställa
433 490 29 27 på
481 489 110 28 styrelsen,
607 496 48 15 men
670 490 11 21 å
690 490 67 22 andra
771 490 60 23 sidan
846 488 49 23 fann

80 525 56 19 man,
159 520 33 19 att
211 519 35 21 det
260 519 71 21 kunde
346 518 109 23 hafvasina
469 518 172 27 betänkligheter
655 520 32 20 att
702 519 6 22 i
724 520 32 20 ett
769 518 80 27 förslag
863 517 33 22 tlll

80 546 122 27 förordning
221 547 109 27 angäende
349 546 114 28 bevillning
482 547 73 27 intaga
573 548 32 20 ett
624 547 76 21 sädant
714 546 119 26 uttalande,
849 552 46 16 som

81 576 70 21 kunde
166 575 62 22 hafva
246 575 68 22 likhet
333 575 49 23 med
397 576 33 20 ett
443 576 73 21 vilkor.
546 576 43 23 Det
602 577 25 19 är
641 576 47 21 icke
703 575 87 27 otroligt
805 577 33 20 att
853 576 43 26 sty-

80 604 69 22 relsen
165 604 8 21 i
188 605 32 20 ett
234 604 77 22 sädant
320 604 119 23 förfarande
451 604 69 22 skulle
530 603 63 23 hafva
603 606 44 20 sett
656 604 133 27 svärigheter
799 605 33 21 att
845 604 51 26 god-

81 633 70 21 känna
165 632 102 28 förslaget
280 633 7 21 i
303 633 33 22 sin
345 633 79 22 kelhet.
453 632 74 22 Under
536 632 81 24 sådana
628 632 145 24 förhållanden
784 632 68 22 skulle
860 632 37 27 jag

81 662 27 21 be
129 663 41 21 att.
183 661 22 22 få
218 662 120 26 hemställa,
356 661 104 24 huruvida
481 662 48 22 icke
543 662 118 22 utskottets
676 661 135 24 betänkande
826 661 70 23 kunde

81 690 138 22 oförändradt
234 689 131 28 godkännas,
382 692 22 26 ty
419 690 68 22 skulle
503 697 25 15 en
544 690 122 23 återremiss
682 690 39 22 ske
731 690 7 22 i
748 690 76 22 sådant
835 689 61 28 syfte,

80 726 47 15 som
141 720 49 21 herr
203 719 106 22 Mechelin
323 719 116 27 föreslagit,
455 720 45 20 tror
511 720 44 27 jag,
571 721 33 19 att
617 719 55 22 intet
681 720 65 20 annat
757 718 61 24 deraf
828 718 69 22 skulle

80 748 65 22 blifva
153 754 26 16 en
187 748 51 27 följd
246 750 26 20 än
281 750 33 20 att
324 754 26 16 en
361 748 76 27 dyrbar
450 748 31 21 tid
491 748 161 23 forsummades.
668 748 42 22 Det
720 750 25 19 är
753 748 100 26 önksligt,
864 748 33 21 att

80 776 150 28 förordningen
246 783 33 15 om
294 776 192 28 tobaksbevillning
500 777 25 21 sä
533 776 42 23 fort
589 782 46 16 som
647 776 82 28 möjligt
743 776 68 23 skulle
826 776 72 23 kunna

81 812 104 16 emanera.
218 806 38 21 Ett
270 805 94 28 uppskof
376 805 6 21 i
398 805 61 22 detta
473 805 100 22 afseende
588 806 72 22 kunde
674 805 62 23 hafva
752 806 40 21 den
806 805 92 26 menliga

80 834 87 27 följden,
183 836 32 20 att
229 834 48 22 icke
287 834 77 22 endast
379 834 168 27 skatteobjektet
562 835 50 21 utan
628 834 185 24 skatteresultatet
828 833 69 22 skulle

82 863 73 27 uppgä
168 863 7 21 i
190 863 44 21 rök.
263 863 43 26 Jag
320 862 33 22 fär
368 862 107 23 vördsamt
490 862 119 27 hemställa,
625 868 34 17 om
674 862 48 23 icke
737 863 25 21 R.
778 868 18 16 o.
813 863 23 20 A.
849 861 48 22 ville

81 891 138 23 oförändradt
235 892 114 27 godkänna
363 891 117 23 utskottets
495 891 141 24 betänkande.

115 927 2 2 :
149 920 31 23 På
195 920 92 23 derefter
302 919 22 23 af
338 921 49 21 herr
401 919 204 24 Landtmarskalken
622 920 60 28 gjord
690 919 154 28 framställning
855 919 44 23 blef

81 950 119 23 utskottets
215 949 137 24 betänkande
365 949 31 24 till
412 949 41 23 alla
468 949 59 22 delar
541 949 22 23 af
571 949 91 24 ståndet
676 949 117 28 godkändt.

151 1038 118 27 Föredrogs
284 1038 155 27 lagutskottets
455 1036 137 24 betänkande
606 1042 35 17 n:o
658 1038 9 24 1
684 1036 8 21 i
701 1036 114 27 anledning
830 1035 66 23 afnå-

83 1067 53 27 diga
146 1067 160 27 propositionen
318 1067 113 27 angående
451 1069 62 19 ränta
527 1066 35 22 vid
576 1065 157 27 försträckning
747 1066 29 26 pä
790 1065 43 21 viss
848 1065 50 21 kort

83 1091 32 35 tid
128 1091 55 35 utan
197 1096 102 21 säkerhet
313 1096 7 21 i
335 1095 43 22 fast
393 1096 109 26 egendom.

109 1125 2 2 *
127 1129 3 10 4;
149 1124 58 22 Herr
218 1124 205 28 :Pippingsköld
444 1124 97 21 biträdde
565 1124 40 22 den
620 1122 23 22 af
655 1122 74 23 herrar
744 1122 152 27 Montgomery,

84 1154 101 21 Forsman
201 1153 40 23 och
256 1153 107 27 Clouberg
377 1152 33 22 till
425 1152 118 22 utskottets
558 1151 135 23 betänkande
711 1151 77 27 fogade
802 1156 95 16 reserva-

85 1182 79 22 tionen.

152 1211 57 22 Herr
223 1210 177 27 Gripenberg,
415 1210 83 22 Alexis:
512 1209 42 27 Jag
568 1209 39 21 har
617 1208 107 27 förgäfves
732 1209 80 26 väntat,
821 1210 34 20 att
862 1208 36 22 nä-

85 1246 41 22 gon
142 1239 69 22 skulle
226 1239 80 27 begära
321 1239 67 25 ordet,
404 1238 33 22 för
451 1240 32 20 att
497 1237 132 23 understöda
648 1237 41 23 den
704 1232 25 40 af
741 1237 48 22 herr
805 1236 93 22 Grönvik

85 1269 32 21 uti
138 1268 155 27 lagutskottets
314 1268 136 22 betänkande
472 1266 173 23 reservationsvis
668 1265 125 25 framstälda
807 1265 89 26 mening.

86 1297 33 22 Då
134 1297 118 22 emellertid
267 1297 25 21 sä
305 1296 49 22 icke
368 1296 65 26 skett,
449 1296 39 21 har
500 1296 37 27 jag
552 1295 75 28 djerfts
643 1294 83 24 anhålla
741 1300 35 16 om
790 1293 62 22 ordet
867 1293 31 22 för

87 1327 33 21 att
133 1326 76 27 bringa
230 1325 68 22 under
314 1324 124 23 diskussion
453 1325 26 21 de
493 1324 8 21 i
516 1324 91 21 nämnda
621 1323 133 22 reservation
767 1322 132 23 framställda

87 1354 87 27 åsigter.
205 1354 39 20 Om
266 1353 49 22 med
335 1353 140 22 förevarande
496 1353 121 26 lagförslag,
637 1352 71 20 såsom
722 1357 48 15 man
785 1351 43 21 kan
842 1351 57 21 sluta

87 1381 48 23 utaf
145 1382 112 27 ingressen
274 1381 34 21 till
326 1381 41 22 den
382 1381 78 26 nådiga
474 1379 166 28 propositionen,
656 1379 56 22 afses
728 1379 170 21 ästadkomman-

89 1411 37 22 det
139 1410 23 22 af
175 1416 27 16 en
220 1409 162 28 öfvergängslag
400 1409 33 22 för
448 1410 33 21 att
495 1408 80 23 bereda
589 1407 120 27 antagande
724 1406 23 24 af
760 1413 28 16 en
801 1407 97 23 fullkom-

88 1440 40 27 ligt
148 1438 27 23 fri
197 1440 67 25 ränta,
285 1438 25 22 sä
328 1439 63 26 $ynes
407 1437 36 22 det
458 1437 42 27 mig
513 1443 50 16 vara
578 1436 98 27 önskligt,
691 1437 33 21 att
738 1437 71 26 steget
823 1437 77 26 genast

89 1469 62 27 tages
166 1469 76 25 större,
256 1467 33 22 för
304 1468 34 21 att
351 1466 142 28 öfvergängen
508 1466 121 22 sedermera
643 1465 35 21 mä
692 1465 72 22 kunna
777 1464 38 32 ske
829 1464 71 22 direkt

89 1500 53 20 utan
156 1497 68 27 något
237 1496 72 22 vidare
324 1494 252 28 öfvergängsstadgande.:
604 1493 81 24 Härvid
699 1499 62 22 synes
776 1498 44 22 mig
829 1492 41 34 den
879 1492 23 23 af

91 1527 50 23 herr'
162 1525 98 24 Grönvik:
277 1525 119 27 föreslagna
418 1524 58 22 tiden
499 1523 22 24 af
538 1522 140 25 12-mänader
692 1522 29 23 för
731 1522 168 28 försträckning,
