1064 1728
215 124 41 20 444
519 122 40 18 Den
572 123 21 17 31
609 121 56 18 Mars.

186 194 48 15 man
254 187 70 22 skulle
343 187 85 22 således
448 187 48 22 icke
516 188 21 21 få
557 189 6 20 i
579 193 53 22 egen
648 187 53 26 park
717 187 70 21 tillåta
803 187 32 21 sin
851 187 48 20 katt
914 188 33 19 att
960 192 47 21 pro-

185 222 87 15 menera
286 217 51 20 utan
352 216 46 21 risk
413 217 32 20 att
460 222 24 15 se
499 217 42 21 den
555 217 83 21 saklöst
653 216 69 26 dräpt.

254 245 56 20 Herr
332 244 155 27 Schauman,
515 245 94 27 August:
632 243 67 22 Afven
715 243 37 28 jag
771 244 69 21 måste
855 249 52 16 anse
922 245 33 20 att
970 243 37 21 det

186 273 42 22 kan
246 272 51 22 falla
319 273 33 27 sig
366 273 32 22 för
414 279 25 16 en
455 274 118 27 parkegare
588 273 66 27 något
669 273 117 26 besvärligt
801 274 32 20 att
847 272 21 21 få
883 272 6 21 i
905 272 34 21 sin
954 272 53 27 park

191 303 110 26 emottaga
315 302 163 27 privilegierade
493 302 128 27 kattjägare,
638 307 46 16 som
699 301 81 22 ströfva
795 301 38 22 der
842 301 102 26 omkring,
955 303 52 19 utan

190 332 32 20 att
236 337 52 15 vara
297 330 101 22 försedda
406 330 48 22 utaf
460 331 85 21 vederb.
556 330 202 22 kommunalnämnd
769 330 49 22 med
828 330 65 26 något
904 329 59 27 intyg
974 336 33 15 om

188 361 32 20 att
235 359 26 21 de
278 359 114 27 sysselsatt
407 359 32 27 sig
454 360 49 21 med
518 360 66 21 sådan
597 359 54 28 jagt.

255 388 55 21 Herr
318 394 41 15 von
367 388 138 27 Knorring:
517 388 33 22 Då
558 388 32 22 uti
599 388 40 22 den
647 387 23 22 af
676 386 116 29 höglofliga
807 387 87 22 ståndet
909 387 25 22 så
941 387 66 21 beak-

189 417 50 21 tade
255 416 158 22 reservationen
429 416 22 22 af
465 417 50 21 herr
526 416 63 23 Cleve
597 416 62 27 ingår
667 418 32 19 att
707 416 75 22 katten
790 416 6 21 i
805 416 80 27 skogen
894 418 24 19 är
926 417 32 21 ett
965 416 42 21 för-

188 445 102 22 störande
306 445 88 27 rofdjur,
411 446 40 21 och
466 446 90 27 mången
571 446 75 27 jägare
656 445 62 22 torde
729 445 74 22 derför
810 445 48 22 icke
868 445 68 22 heller
945 444 62 22 hafva

188 475 78 21 skonat
281 474 48 26 den,
345 474 25 21 så
384 480 63 21 synes
463 475 42 27 mig
521 475 60 21 detta
592 475 144 25 erkännande,
747 480 46 15 som
801 474 37 27 jag
848 474 37 21 vill
896 473 112 22 utsträcka

187 503 88 27 derhän,
292 505 32 19 att
338 503 64 27 ingen
414 503 75 28 jägare
505 503 79 22 skonar
599 503 48 27 den,
664 503 28 21 då
706 503 43 22 han
764 503 102 22 anträffar
881 503 41 22 den
938 503 70 26 iskog

188 532 53 21 eller
259 532 63 26 hage,
342 531 103 22 innebära
466 539 26 15 en
509 533 85 26 maning
608 531 33 22 för
655 531 135 28 lagstiftaren
806 533 32 20 att
852 532 108 27 berättiga
976 533 32 20 ett

190 561 77 21 sådant
286 559 127 28 förföljande
427 561 7 21 i
449 561 88 27 skogen,
554 561 27 22 dä
596 561 37 22 det
647 561 57 22 visat
718 562 33 26 sig
766 562 33 20 att
813 561 75 21 katten
903 561 48 22 icke
966 561 40 22 kan

188 589 100 28 skyddas.
325 589 130 27 Derigenom
473 591 69 21 skulle
560 592 48 19 män
627 589 64 22 vinna
710 592 33 19 att
762 589 202 28 lagöfverträdelser
987 589 22 22 af

188 619 41 21 den
245 620 33 20 ort
292 619 50 20 herr
358 617 64 23 Cleve
438 619 75 28 antydt
527 619 48 22 icke
590 618 73 22 vidare
678 619 69 21 skulle
762 618 158 28 ifrågakomma.

254 647 56 21 Herr
325 647 143 21 Mechelin:
489 648 42 27 Jag
546 648 38 21 ber
599 647 56 22 blott
670 647 21 21 få
706 649 58 20 emot
778 647 51 22 herr
843 653 42 16 von
900 647 107 27 Knorring

186 675 93 22 invända
297 677 33 20 att
348 681 35 16 om
403 676 66 21 också
489 677 59 21 detta
566 676 119 27 stadgande
702 676 68 27 ingår,
786 675 32 23 för
833 677 33 20 att
880 676 127 27 bemyndiga

188 704 32 21 till
242 704 87 22 kattens
349 704 106 28 dödande,
476 705 25 21 så
516 707 24 19 är
552 705 73 21 risken
640 711 29 15 nu
683 704 33 22 för
731 712 26 14 en
770 705 75 27 jägare
861 706 32 20 att
908 704 57 22 döda
981 711 26 15 en

186 733 49 21 katt
256 733 34 22 väl
310 733 47 22 icke
373 733 24 21 så
413 734 133 27 synnerligen
562 736 51 20 stor.
643 733 9 21 I
668 733 37 21 fall
719 734 87 22 kattens
822 740 64 20 egare
900 734 65 27 yrkar
979 734 29 27 på

188 762 188 28 skadeersättning
394 762 55 22 skall
467 763 35 21 väl
525 762 120 22 domstolen
668 762 63 22 döma
747 764 25 20 ut
785 763 70 27 någon
872 762 67 22 sådan
954 762 54 22 efter

186 790 105 28 pröfning,
307 797 48 15 men
370 790 48 22 icke
433 791 41 21 kan
491 792 36 21 det
544 792 62 21 blifva
621 791 128 22 ruinerande
764 791 32 22 för
808 792 95 27 jägaren.

256 819 70 22 Sedan
348 819 69 22 första
438 822 117 20 momentet
575 820 23 22 af
613 820 48 21 7:de
677 820 18 27 $,
712 822 57 20 emot
784 820 86 22 hvilken
885 820 70 27 någon
970 826 37 16 an-

186 848 113 27 märkning
321 848 47 22 icke
390 848 75 28 gjorts,
487 848 70 23 blifvit
578 848 106 28 godkänd,
707 848 137 23 framstäldes
873 848 134 23 beträffande

186 882 77 16 senare
278 878 116 21 momentet
409 877 94 28 följande
518 878 143 28 proposition:

254 906 47 22 Den
320 912 46 16 som
386 906 125 27 godkänner
530 913 76 16 senare
626 908 118 20 momentet
763 906 23 22 af
800 907 47 22 7:de
862 907 14 27 &
891 906 49 22 med
955 907 52 22 eller

186 936 52 20 utan
252 934 77 28 tillägg
344 936 71 20 röstar
427 935 32 27 ja;
787 943 5 5 *

254 963 75 21 vinner
343 964 41 27 nej,
400 964 65 27 utgår
479 966 122 20 momentet.

253 992 34 21 Då
302 992 70 22 denna
386 993 133 27 proposition
534 993 129 22 besvarades
680 993 49 21 med
738 992 156 28 öfvervägande
902 993 31 27 ja,
945 992 61 22 affat-

188 1021 62 21 tades
266 1021 39 21 den
322 1021 87 27 slutliga
424 1022 278 27 omröstningsproposition
716 1021 30 27 på
760 1021 93 28 följande
868 1023 55 20 sätt:

254 1049 48 22 Den
324 1055 46 16 som
390 1051 125 26 godkänner
536 1051 119 21 utskottets
679 1050 80 27 förslag
774 1050 32 21 till
820 1057 62 15 mom.
898 1051 14 21 b
928 1050 23 21 af
965 1052 10 19 7
993 1051 12 26 8

180 1077 144 22 -oförändradt
338 1080 71 20 röstar
421 1079 33 27 ja;

254 1106 73 22 vinner
342 1107 41 27 nej,
398 1107 33 22 fär
446 1109 117 20 momentet
577 1107 94 28 följande
686 1107 92 28 lydelse:
789 1107 47 22 katt
846 1113 46 16 som
903 1107 102 22 anträffas

185 1135 7 20 i
208 1135 60 26 skog,
284 1135 61 26 hage,
361 1136 55 27 park
432 1136 52 21 eller
499 1136 52 21 äker
565 1136 35 21 mä
615 1136 83 21 saklöst
714 1135 74 22 dödas.

253 1163 31 22 Pä
304 1164 73 21 derom
392 1165 73 26 gjordt
479 1165 96 27 yrkande
590 1165 110 21 anstäldes
722 1165 103 26 votering,
842 1165 86 22 hvilken
943 1164 62 23 utföll

185 1191 50 22 med
257 1193 24 20 21
304 1192 23 27 ja
347 1192 40 22 och
404 1195 25 19 15
445 1193 41 27 nej,
503 1193 32 22 till
549 1193 52 28 följd
617 1193 76 22 hvaraf
706 1199 76 16 senare
797 1195 118 20 momentet
930 1193 23 22 af
966 1193 11 28 $
993 1196 11 19 7

184 1227 38 15 var
237 1221 111 26 godkändt
363 1221 143 22 oförändradt.

256 1249 72 22 Sedan
344 1249 93 22 derefter
454 1253 54 19 1:sta
523 1250 40 23 och
579 1251 60 21 2:dra
653 1252 137 21 momentena
805 1250 22 21 af
841 1251 47 21 8:de
897 1250 32 27 &:n
937 1251 69 21 blifvit

184 1279 52 19 utan
251 1278 140 25 anmärkning
405 1278 85 26 gillade,
506 1278 87 27 yttrade
608 1278 134 21 beträffande
757 1279 117 20 momentet
890 1280 11 19 3

252 1305 56 22 Herr
323 1305 126 27 Pipping,
466 1305 91 23 Fridolf:
573 1306 36 21 Uti
625 1308 116 20 momentet
756 1309 12 19 3
785 1306 22 21 af
820 1306 11 25 $
847 1309 19 24 8,
882 1313 46 15 som
938 1307 67 22 hand-

184 1333 32 22 lar
238 1339 34 16 om
293 1340 85 16 snarors
402 1335 41 21 och
464 1334 73 23 fällors
561 1334 136 28 utläggande,
713 1335 40 22 har
768 1342 26 15 en
810 1335 193 28 utskottsmedlem,

184 1362 49 22 herr
250 1363 144 26 Westerlund,
411 1366 120 19 reserverat
547 1365 38 26 sig,
601 1364 40 21 och
657 1363 33 22 för
705 1366 33 20 att
752 1365 48 21 icke
816 1365 114 26 uppehälla
946 1365 58 22 stän-

184 1391 42 27 det,
243 1392 55 21 skall
310 1392 39 28 jag
363 1392 116 22 inskränka
495 1393 43 27 mig
553 1392 32 22 till
601 1394 33 20 att
647 1392 74 23 förena
731 1394 43 27 mig
783 1394 8 21 i
801 1393 53 22 hans
865 1395 139 27 reservation,

184 1420 19 21 d
227 1427 19 15 v.
269 1427 17 16 s.
306 1423 33 20 att
354 1427 75 16 snaror
445 1421 22 22 af
480 1422 42 22 alla
537 1422 46 27 slag
599 1422 34 21 mä
648 1422 94 22 hvarken
758 1423 13 21 &
786 1429 54 21 egen
856 1423 52 22 eller
924 1430 80 16 annans

184 1450 60 21 mark
266 1450 106 28 utläggas,
395 1453 59 19 utom
476 1451 33 21 för
523 1451 104 28 ripfängst
642 1451 7 21 i
664 1451 160 28 Lappmarkens
840 1452 73 27 härad,
930 1454 75 22 dessu-

184 1480 44 20 tom
243 1486 50 15 vare
308 1480 63 22 fällor
385 1479 113 28 förbjudna
513 1480 98 22 öfverallt
627 1480 6 21 i
649 1480 80 22 landet.

251 1508 99 22 Friherre
370 1508 101 27 Wrede,
492 1509 61 22 Otto:
574 1510 11 20 I
605 1510 32 22 ett
651 1509 57 27 land,
724 1510 78 22 sädant
816 1516 46 16 som
878 1510 53 27 värt,
948 1511 57 27 glest

184 1535 111 24 befolkadt
318 1538 39 22 och
381 1537 97 28 uppfyldt
497 1538 22 22 af
533 1540 59 20 stora
607 1538 159 28 skogsmarker,
782 1540 68 21 måste
863 1540 76 27 jagten
954 1547 50 15 vara
