1078 1720
431 109 42 18 Den
485 110 22 16 21
519 109 56 18 Mars.
840 111 39 22 377

91 172 8 22 i
119 172 92 30 korthet
232 174 56 21 blott
308 174 94 28 antydda:
421 171 184 30 omständigheter.
617 170 73 26 utber
710 175 38 27 jag
769 176 43 27 mig
834 178 32 20 att
888 175 22 23 få

91 199 42 33 för!
147 203 101 3 init:-deF
260 195 74 42 :varmt
359 203 108 27 tillstyrka
480 203 70 22 bifall"
570 204 31 21 till
622 204 35 21 det
671 203 145 28 föreliggande
830 203 78 29 lagför-

90 226 73 25 stäsot
774 235 2 2 4

160 258 61 22 Herr
230 258 118 31 Pipping,
364 259 99 21 Fredrik::
486 259 100 22 Eikasom
601 260 42 21 den
656 260 130 27 föregående
801 261 65 21 ärade
876 263 34 19 ta-

91 287 66 21 låren”
174 287 192 27 antager
276 283 36 37 jag
320 283 47 37 :för
380 288 41 20 min
436 288 45 26 del;
494 290 33 20 att
542 289 37 21 det
593 289 46 21 står
653 290 60 20 utom
728 289 39 21 allt:
781 289 79 26 tvifvel,
876 291 34 19 att

91 316 25 20 R.
132 321 21 15 0.
168 316 26 20 A.
209 316 7 20 i
232 316 41 26 dag
287 316 144 21 köttimer
396 311 41 37 att
445 315 114 27 godkänna
568 317 37 23 det
617 317 114 26 vigtigaste
739 317 170 27 lagförslag
867 311 47 37 som

91 346 25 19 är
131 343 106 28 förelagdt
254 346 55 19 1882
323 344 36 21 ärs'
375 344 97 22 Ständer:
488 345 43 21 Det
545 347 24 19 är
583 345 49 21 med
647 345 100 21 afseende
763 346 13 20 &
786 346 124 24 dess'stats-

92 372 100 27 rättsliga.
215 372 120 28 betydelse”
348 373 55 21 som:
413 373 38 27 jäg
473 375 45 19 tror
533 375 32 20 att
580 368 73 37 frågan
670 376 32 18 om
718 374 139 21 motionsrätt
872 374 38 22 bör

93 401 75 21 ställas
183 400 87 22 framför
285 402 42 20 alla
342 402 31 21 de
384 401 68 27 öfriga
460 402 163 27 propositioner,
635 404 45 19 söm
687 402 20 22 vi
715 403 66 21 redan
791 403 34 21 väl
833 403 76 21 känna.

93 429 66 21 Detta
173 430 117 27 lagförslag
303 430 40 21 har
358 430 55 21 varit
427 430 62 26 länge
505 430 108 26 bebädadt
621 431 39 21 och
670 430 162 27 efterlängtadt,
845 431 65 21 säsöm

92 457 69 22 kändt
183 459 30 25 är,
236 458 40 21 och
298 458 98 22 omsider
413 459 122 21 ankommit:
565 459 228 26 *Propositionen
740 453 54 37 vore
809 462 28 24 än
851 465 60 16 mera

93 486 140 26 välkommen,
253 493 34 15 om
303 493 50 15 man
367 487 44 21 deri
427 487 69 21 skulle
514 488 69 21 kunna
597 489 69 20 motse
682 488 75 27 början
773 488 32 21 till
817 494 24 15 en
849 490 61 19 snart

93 514 138 23 förestående
245 515 92 22 revision
347 515 89 22 af:helu
454 517 52 20 1789
523 517 35 20 års
573 516 117 27 förenings-
701 517 41 20 och
752 517 157 21 säkerhetsakt.

93 543 67 22 Detta
174 543 115 27 lagförslag
303 545 64 20 berör
380 544 125 27 visserligen
520 545 78 24 endast
612 546 42 19 6:te
669 545 96 26 punkten
775 544 135 27 iförenings-

94 572 40 21 och
150 572 184 26 säkerhetsakten,
350 578 48 15 men
413 573 28 21 dä
456 579 48 15 man
519 573 35 22 väl
569 573 81 21 känner
661 573 40 21 den
712 573 198 27 grundlagsvidriga

94 601 129 21 tillkomsten
240 601 22 21 af
276 601 70 21 dennä
361 601 43 26 akt,
418 601 26 21 sä
459 603 24 19 är
497 602 38 21 det
549 601 60 22 svårt
622 601 33 22 för
669 601 64 28 lojala
743 602 167 27 nationalrepre-

94 631 112 19 sentanter
227 631 32 19 att
281 629 48 21 med
351 630 95 21 särdeles
470 630 58 21 blida
545 632 56 24 ögon
617 630 37 21 äse
670 635 81 16 samma
766 631 43 25 akt,
825 631 86 21 hvilken

93 657 40 22 hos
159 664 35 15 oss
214 660 56 19 ännu
285 658 69 27 gäller
367 658 70 21 säsom
455 664 25 15 en
496 659 109 26 grundlag.
636 658 49 21 Men
701 659 28 20 dä
744 659 37 21 det
795 661 25 18 är
835 659 76 21 endast

94 688 32 25 ett
141 688 63 25 svagt
223 687 63 26 hopp,
303 691 46 17 som
364 686 110 27 härvidlag
489 687 100 27 möjligen
603 687 42 21 kan
660 687 104 26 föreligga
779 693 34 16 om
829 694 26 14 en
870 687 40 21 slik

93 715 99 22 revision,
216 721 62 21 synes
297 715 38 21 det
354 715 51 21 icke
426 715 63 21 värdt
509 717 33 20 att
561 715 74 22 vidare
658 716 52 21 orda
729 721 35 16 om
780 716 69 21 denna
864 716 46 25 sak,

93 745 53 19 utan
168 743 55 21 blott
242 744 68 21 uttala
332 744 34 26 sig
383 744 92 21 rörande
489 744 166 27 propositionen,
671 744 69 21 sådan
756 745 40 20 den
812 751 28 14 nu
855 744 56 21 före-

93 771 75 27 ligger,
186 771 38 22 och
233 771 161 27 lagutskottets
410 772 97 21 deröfver
522 772 79 27 afgifna
616 772 143 22 betänkande.
781 773 73 26 Enligt
868 773 44 20 min

93 800 66 21 tanke
175 799 39 21 har
227 800 144 26 lagutskottet
385 801 86 26 mycket
485 801 34 20 väl
534 801 44 21 löst
592 801 32 20 sin
640 801 92 26 uppgift:
753 801 118 21 historiken
888 803 24 18 är

93 827 49 22 fullt
165 829 146 21 uttömmande.
331 829 42 22 och
396 829 129 27 fullkomligt
538 829 75 26 riktig;
637 829 73 21 derom
725 829 42 21 kan
782 829 48 21 icke
845 829 67 26 något

94 856 128 21 tvifvelsmål
237 857 98 21 existera.
351 857 124 21 Utskottets
492 857 181 27 ändringsförslag
683 860 23 18 är
717 857 66 21 också
789 857 123 21 framstäldt

93 881 58 35 mera
167 885 71 21 säsom
255 887 32 19 ett
302 885 159 27 önskningsmål
477 887 26 19 än
519 886 72 20 såsom
606 887 33 19 ett
653 886 68 20 vilkor
734 885 34 21 för
782 886 131 26 antagandet

95 911 23 23 af
131 913 152 27 "lagförslaget,
303 916 52 20 enär
371 914 108 21 utskottet
493 914 8 21 i
518 914 67 21 slutet
600 914 23 21 af
635 914 147 21 betänkandet
796 916 68 24 yttrar
880 915 32 20 att

95 941 122 22 Ständerna
230 942 62 22 torde
307 942 90 27 tillägga
410 943 39 25 att,
465 942 32 21 för
513 943 40 21 den
569 942 103 22 händelse
687 944 33 20 att
730 942 41 21 den
782 942 22 22 af
810 943 49 21 dem
866 942 46 21 vid-

94 972 67 25 tagna
176 970 117 27 ändringen
307 971 48 26 ieke
370 976 70 16 vunne
455 971 59 21 Hans
525 971 119 27 Kejserliga
655 971 112 27 Majestäts
775 971 77 27 nådiga
860 971 52 26 god-

94 998 120 27 kännande,
236 999 145 27 lagförslaget
396 1000 8 20 i
425 1000 73 26 hvarje
517 999 36 21 fall
568 1000 69 20 skulle
652 1006 62 18 apses
730 999 72 21 såsom
818 1001 94 25 antaget.

95 1028 33 20 De
144 1028 123 26 obetydliga
282 1026 187 28 ändringsförslag,
486 1028 101 21 hvarmed
595 1028 107 21 utskottet
709 1028 117 25 inkommit,
835 1029 78 25 utgöra

96 1055 66 21 också
177 1056 56 21 blott
247 1051 89 36 formela
350 1056 171 26 anmärkningar,
537 1056 90 22 emedan
641 1056 26 22 de
682 1055 39 22 alls
736 1056 49 22 ieke
795 1056 78 22 beröra
882 1056 34 21 in-

95 1084 102 21 nehället..
226 1084 61 21 Hvad
302 1084 132 28 först-lagen
450 1091 33 15 om
498 1086 137 20 motionsrätt
648 1084 34 22 för
697 1084 121 22 Ständerha
832 1084 81 22 beträf-

95 1112 39 30 far,
149 1113 25 21 så
189 1112 38 22 har
243 1113 107 21 utskottet
364 1113 63 26 velat,
444 1115 32 19 att
491 1114 124 21 densamma
630 1113 69 21 skulle
714 1114 124 26 expedieras
853 1113 8 21 i
872 1113 41 21 den

96 1140 92 22 solerina
200 1141 53 21 form
269 1147 46 15 som
330 1139 114 29 rätteligen
459 1142 40 21 bör
513 1148 40 21 ega
568 1144 46 19 rum
625 1142 37 20 vid
668 1141 168 27 expedierandet
844 1141 22 21 af
872 1141 42 21 alla

96 1176 50 15 svar
168 1170 37 28 på
217 1170 158 27 propositioner
395 1170 92 22 rörande
502 1170 112 27 grundlag.
628 1183 4 7 :
643 1170 42 21 Det
700 1170 61 22 torde
776 1170 48 22 icke
841 1170 73 21 kunna

96 1197 104 26 betvifläs;
216 1200 33 19 att
263 1199 107 20 utskottet
385 1198 45 21 deri
446 1199 88 20 handlat
548 1198 88 21 alldeles
651 1199 81 27 riktigt.
749 1192 11 38 :
762 1196 41 23 Uti
815 1198 97 27 51:$iL.

97 1226 39 25 0:,'
145 1222 75 35 sådan:
224 1227 48 20 den
288 1227 69 21 skulle
372 1227 85 21 komma
472 1228 33 20 att
518 1227 49 26 lyda
577 1227 71 26 enligt
663 1227 60 20 detta
737 1226 122 27 lagförslag,
874 1226 41 21 har

96 1254 109 21 utskottet
219 1255 77 21 -öndast
309 1255 73 28 utbytt
394 1254 69 22 orden
480 1255 146 26 ,fulistämäigt
640 1254 94 26 förslag"
750 1255 59 21 emot
823 1255 22 25 ,i
857 1254 57 27 legal

95 1282 55 22 form
166 1282 119 22 affattadt*.
301 1278 12 36 :
315 1283 71 21 Äfvew
398 1283 61 21 detta
474 1288 63 22 synes
552 1283 45 27 mig
609 1283 85 27 mycket
709 1283 34 21 väl
754 1282 100 27 bbtänkt,
870 1285 47 18 sär-

97 1311 59 21 deles
178 1311 55 21 med
251 1311 101 22 afseende
375 1312 16 21 &
409 1312 27 21 de
459 1312 98 26 anspråk,
570 1313 49 19 som
633 1312 69 21 måste:
716 1311 120 27 ställas
808 1306 29 37 pä
851 1317 26 15 en
892 1310 23 21 af

97 1344 26 16 en
138 1339 283 27 landtdagsmaän'framlagd
435 1340 88 24 motion,
536 1337 106 29 jemförda
660 1340 45 20 med
718 1333 45 37 dem
776 1344 49 16 som
835 1339 77 20 hittills

96 1366 70 24 blifvit
181 1367 70 21 :stälda
265 1367 164 27 pä'petitioner.
460 1367 33 21 Då
507 1368 37 25 det
557 1365 84 23 endast:
650 1366 84 27 fordras
748 1366 49 22 em:i
807 1365 107 28 lagaform

97 1394 90 22 affattad
201 1395 84 29 motion
296 1395 6 21 i
319 1395 74 21 stället
406 1395 33 21 för
453 1397 34 19 ett
503 1394 138 28 fullständigt
654 1394 122 28 lagförslag,
785 1395 49 21 kan
849 1394 68 21 också

93 1419 34 38 et
138 1419 39 38 till
186 1430 28 15 en
228 1424 79 28 början
318 1425 54 21 ovat
387 1422 146 28 Natan
563 1424 31 50 JN
607 1424 7 21 i
631 1418 47 38 land
694 1422 46 23 med
757 1426 32 19 att
797 1423 118 27 framlägga

98 1454 32 20 ett
145 1452 182 28 motionsförslag;
343 1453 84 21 likvisst
441 1452 84 22 fordras
540 1452 59 22 det:i
613 1448 72 36 hvarje
697 1448 45 36 fall
751 1452 58 22 bäde
822 1452 94 22 sakkän-

98 1482 82 26 nedöiti
191 1481 41 23 och
247 1482 182 26 formkäniiedom,
445 1482 26 21 så
485 1482 33 21 att
533 1483 119 26 ett'moget
667 1481 156 27 öfvervägande
838 1486 77 20 sanno-

97 1510 41 22 likt
157 1510 43 22 bör
216 1510 99 22 komma:
328 1510 32 22 till
376 1510 35 22 del
426 1510 73 28 hvarje
513 1510 101 22 framtida
628 1510 185 27 motionsförslag.
836 1508 81 23 Vidare
