1073 1723
399 105 42 18 Den
455 106 19 17 17
486 105 96 19 Februari.
831 107 38 20 171

84 170 149 28 utsträckning
248 171 23 22 af
283 171 132 23 Ständernas
435 172 191 28 granskningsrätt.
655 172 42 28 Jag
713 172 44 22 kan
775 172 125 27 visserligen

84 200 48 22 icke
146 201 53 26 göra
213 200 32 22 för
259 200 44 28 mig
317 200 56 22 klart
388 203 62 25 ännu,
465 201 54 23 huru
535 203 33 20 ett
579 200 232 30 granskningsutskott,
824 200 77 22 sädant

86 229 40 22 den
146 229 65 22 ärade
229 230 143 26 petitionären
389 230 95 26 föreslär,
504 230 55 22 skall
575 231 148 27 systematiskt
737 230 41 22 och
793 230 108 27 grundligt

84 258 116 21 verkställa
219 264 26 15 en
263 258 68 22 sådan
346 258 130 27 granskning
490 259 68 21 under
573 260 40 21 den
627 259 33 21 tid
675 259 120 22 Ständerna
808 258 40 22 hos
864 263 36 16 oss

84 288 37 20 äro
141 286 147 22 tillsammans.
314 287 43 21 Det
372 287 67 27 gäller
453 288 112 26 nämligen,
582 288 71 21 säsom
669 294 26 15 en
711 288 52 21 ärad
779 287 67 21 talare
861 286 40 21 här

84 315 97 26 nämnde,
198 316 32 20 ett
252 315 59 21 antal
332 315 23 21 af
375 315 89 27 ungefär
487 317 77 25 12,000
587 316 94 21 ärenden
703 316 87 27 ärligen,
810 314 92 22 sälunda

84 345 77 25 36,000
177 343 146 27 tillsammans,
339 350 34 15 om
387 344 21 21 vi
424 346 78 26 antaga
517 351 26 15 en
559 344 68 22 treärs
643 344 80 28 period.
746 345 39 21 Att
798 350 26 15 en
834 343 67 22 sädan

84 372 77 27 mängd
177 373 94 21 ärenden
285 373 136 27 naturligtvis
433 374 68 26 jämte
517 374 48 21 dem
581 373 114 27 åtföljande
710 373 132 27 handlingar,
856 372 46 22 ofta

84 402 85 27 mycket
183 401 115 28 vidlyftiga,
314 402 69 22 skulle
398 402 71 22 kunna
484 403 48 21 med
542 402 70 28 någon
625 402 57 27 slags
693 402 137 28 grundlighet
839 407 59 21 gran-

85 430 50 22 skas
154 430 23 21 af
192 432 32 20 ett
239 430 131 22 Ständernas
385 431 90 27 utskott,
491 432 140 21 sammansatt
646 431 23 22 af
682 437 109 22 personer,
807 436 46 16 som
868 430 34 21 till

85 461 80 20 största
181 459 61 22 delen
257 460 47 22 icke
319 461 38 20 äro
372 459 110 28 förtrogna
495 461 49 22 med
555 460 154 27 granskningar
721 459 23 23 af
753 461 41 21 den
804 461 40 24 art,
855 465 47 16 som

86 488 39 21 här
138 488 97 27 föreslås,
251 489 43 21 kan
306 489 38 27 jag
358 489 48 21 icke
421 490 52 25 göra
487 489 58 22 klart
553 489 34 22 för
596 489 49 27 mig.
667 489 42 27 Jag
720 491 45 20 tror
776 487 125 27 emellertid,

86 519 33 20 att
139 517 28 26 vi,
190 517 88 21 emedan
297 523 27 15 en
339 517 67 22 sådan
421 518 98 27 praktisk
534 518 108 27 svårighet
657 518 56 21 visar
729 517 39 27 sig,
784 517 55 22 dock
854 516 48 21 icke

86 545 72 22 derför
171 545 91 22 behöfva
276 546 70 21 lemna
360 546 80 21 tanken
455 547 27 26 på
493 553 27 15 en
530 547 57 27 dylik
597 553 59 15 mera
666 546 137 28 systematisk
813 545 89 28 gransk-

86 575 57 26 ning.
172 575 44 21 Det
230 575 39 21 har
283 575 40 20 här
337 574 88 27 anförts,
441 577 33 20 att
488 575 121 22 Ständerna
621 575 24 27 ju
657 575 53 27 egde
719 581 84 16 samma
812 573 90 28 gransk-

86 603 112 27 ningsrätt.
228 603 69 22 Hvart
315 603 85 22 utskott
420 603 40 22 har
481 604 104 27 rättighet
607 605 32 20 att
661 603 95 22 infordra
777 602 125 27 handlingar

87 631 40 22 och
143 632 280 27 omröstningsprotokoller,
439 633 47 21 icke
501 632 93 22 allenast
608 633 7 20 i
631 633 93 21 ärenden
739 631 111 28 angående
864 631 38 21 nå-

87 660 49 27 diga
158 661 155 26 propostioner,
335 662 52 20 utan
407 660 60 23 äfven
486 661 7 21 i
513 661 114 27 anledning
649 661 22 22 af
691 661 78 22 väckta
790 660 112 27 petitions-

86 689 85 26 förslag.
197 689 43 22 Det
254 695 51 16 vore
320 689 71 22 derför
405 689 48 22 icke
469 691 31 20 att
515 690 128 27 petitionera
659 696 35 15 om
709 697 26 14 en
749 696 28 21 ny
791 688 110 27 rättighet.

86 718 44 21 Det
144 723 51 16 vore
210 718 77 21 endast
301 719 34 20 att
348 717 22 22 få
384 717 127 24 utöfvandet
525 718 24 22 af
562 719 69 21 denna
645 719 105 26 rättighet
765 723 58 16 mera
833 719 70 25 syste-

87 746 126 22 matiseradt
235 747 39 22 och
297 746 114 22 verksamt.
445 747 42 22 Det
509 753 64 22 synes
595 747 49 28 mig,
665 747 40 22 och
728 747 37 22 det
787 748 23 20 är
832 745 71 22 derför

87 781 46 16 som
148 775 37 28 jag
202 775 55 28 tagit
276 775 32 22 till
323 775 67 27 ordet,
406 776 100 27 möjligen
520 777 73 21 kunna
607 778 61 26 tagas
684 777 7 20 i
706 775 147 26 betraktande,
870 775 33 20 att

87 805 214 26 granskningsrätten
323 804 55 21 ifrån
400 805 60 22 detta
482 812 40 15 ena
542 805 85 22 utskott
641 805 70 22 skulle
726 804 130 27 öfverflyttas
870 802 33 22 till

87 833 58 26 flere,
161 833 37 27 jag
213 839 72 16 menar
300 833 97 26 sålunda,
413 835 33 20 att
461 834 26 21 de
502 834 56 21 olika
573 834 175 27 expeditionerna
761 833 8 22 i
784 831 120 28 Kejserliga

88 861 103 23 Senatens
207 862 268 27 Ekonomiedepartement
489 863 69 21 skulle
572 863 29 27 på
616 869 80 16 samma
711 864 45 20 sätt
772 861 90 22 aflemna
878 866 26 16 en

88 891 66 21 sådan
173 891 124 27 berättelse,
313 896 46 16 som
375 892 15 20 t.
406 898 31 15 ex.
453 892 132 22 berättelsen
600 891 59 23 öfver
673 890 229 26 finansförvaltningen,

86 919 85 22 hvilken
193 920 117 22 berättelse
329 920 25 27 ju
376 920 103 28 granskas
502 920 22 22 af
544 920 170 23 statsutskottet.
747 920 69 21 Dessa
838 918 66 22 andra

87 948 129 22 berättelser
235 949 70 21 skulle
325 948 62 22 äfven
405 949 72 22 kunna
496 950 103 26 granskas
618 950 163 26 ochfSenatens
797 946 108 30 protokoll

88 978 28 21 då
137 984 51 15 vara
207 978 131 27 tillgängliga
356 977 33 22 för
409 978 26 22 de
455 978 89 27 utskott,
565 978 23 22 åt
605 978 71 22 hvilka
691 979 69 21 denna
775 976 130 28 granskning

87 1006 73 22 kunde
183 1006 128 28 uppdragas.
341 1006 76 22 Denna
439 1007 34 21 idé
495 1007 39 22 har
553 1007 38 28 jag
613 1008 48 21 icke
679 1007 7 21 i
706 1006 65 28 detalj
788 1005 116 26 utarbetat,

88 1042 48 14 men
150 1035 37 27 jag
202 1036 49 21 ville
267 1036 55 21 dock
337 1035 130 27 anförafden
481 1036 32 21 till
526 1036 131 28 protokollet
669 1036 33 22 för
713 1037 32 20 att
754 1034 150 28 lagutskottet,

88 1064 7 22 i
114 1064 38 22 fall
170 1064 74 27 frägan
263 1064 42 22 blir
324 1064 31 22 dit
374 1064 130 27 remitterad,
524 1065 99 27 möjligen
643 1065 72 21 kunde
734 1066 52 26 taga
799 1063 56 22 notis
871 1068 35 16 om

89 1093 72 22 saken.
192 1093 41 22 För
253 1093 44 21 min
315 1092 136 28 uppfattning
465 1093 68 28 ligger
547 1094 50 22 hela
612 1092 242 28 den2konstitutionella
868 1091 38 22 be-

90 1121 96 29 tydelsen
209 1122 23 22 af
252 1122 40 22 den
316 1122 64 21 ärade
397 1122 154 27 petitionärens
571 1123 109 21 memorial
699 1122 32 22 uti
746 1123 33 21 ett
794 1122 24 21 sä
830 1120 76 22 omfat-

89 1151 65 21 tande
174 1150 40 22 och
235 1150 148 28 systematiskt
397 1150 115 23 utöfvande
528 1151 23 22 af
564 1151 213 27 granskningsrätten
793 1156 45 16 som
854 1148 52 28 möj-

89 1180 45 26 ligt.
163 1179 43 27 Jag
227 1179 42 21 kan
291 1180 115 26 ingalunda
428 1180 48 21 dela
494 1180 39 21 den
553 1180 89 27 äsigten,
662 1186 45 15 som
725 1178 120 23 föranleder
864 1178 42 22 den

91 1208 65 22 ärade
170 1208 143 26 petitionären
329 1210 33 20 att
377 1208 22 21 ät
415 1208 274 27 ett"granskningsutskott,
707 1214 39 15 som
755 1208 39 26 han
808 1206 96 26 föreslår,

91 1236 70 22 lemna
182 1236 228 27 rättigheterisädana
431 1236 48 22 dei
494 1237 54 21 hans
563 1236 80 28 förslag
657 1236 68 22 finnas
741 1238 110 26 upptagna
866 1235 40 21 och

90 1265 72 22 hvilka
181 1265 8 21 i
208 1265 54 21 sista
283 1265 56 22 hand
362 1265 69 22 skulle
453 1265 49 22 leda
522 1266 33 21 till
577 1267 32 20 ett
631 1265 126 27 uttryckligt
775 1264 131 22 bedömande

91 1293 23 23 af
132 1294 135 26 regeringens
288 1294 41 21 och
346 1294 294 26 regeringsmedlemmarnes,
655 1294 60 21 Hans
730 1294 113 27 Majestäts
858 1292 49 22 räd-

91 1322 98 27 gifvares,
207 1322 159 28 handlingssätt
384 1324 56 20 samt
456 1323 100 27 möjligen
572 1323 33 21 till
622 1324 33 20 ett
674 1322 43 22 ätal
737 1322 23 22 af
778 1322 62 22 dessa
858 1321 49 21 räd-

92 1351 80 26 gifvare
195 1350 54 22 inför
273 1351 121 27 Kejserliga
418 1351 125 27 Majestätet
567 1351 64 27 sjelft.
666 1352 64 20 Emot
754 1351 154 26 petitionärens

93 1379 55 27 äsigt
170 1379 7 21 i
200 1379 40 21 den
264 1379 62 21 delen
348 1378 63 22 hafva
432 1379 78 27 många
531 1380 48 20 skäl
603 1380 66 20 redan
695 1379 88 21 anförts.
816 1378 32 21 De
871 1379 37 19 äro

92 1408 86 27 mycket
192 1407 135 27 vidtgäende.
357 1408 42 21 För
419 1408 44 26 mig
479 1408 39 21 har
532 1408 55 21 dock
603 1409 33 20 ett
651 1408 47 21 skäl
713 1407 55 22 varit
782 1406 128 27 fullkomligt

93 1436 178 27 tillräckligt
230 1432 6 36 +
245 1432 30 36 för
291 1438 33 20 att
341 1436 120 22 bestämma
476 1436 43 28 mig
533 1436 34 22 för
581 1438 33 20 att
629 1436 92 28 afgjordt
735 1437 61 21 rösta
810 1436 58 20 emot
883 1440 27 16 en

94 1466 91 27 petition
205 1466 7 21 i
232 1465 77 22 sädant
328 1465 61 27 syfte.
419 1466 112 26 Förslaget
553 1465 69 22 skulle
641 1465 106 27 nämligen
766 1464 68 22 införa
852 1464 58 27 prin-

94 1495 61 27 cipen
174 1494 40 22 hos
230 1500 43 21 oss,
289 1496 32 20 att
336 1500 77 21 genom
429 1494 83 22 direkta
526 1500 94 22 angrepp
635 1494 29 28 pä
677 1500 104 22 personer
796 1493 39 22 och
852 1494 59 20 emot

94 1529 103 23 personer
212 1523 53 23 söka
280 1524 148 22 ästadkomma
443 1524 113 27 ändringar
570 1524 8 21 i
592 1524 136 27 regeringens
743 1522 113 29 principer.
878 1521 32 23 En
