1078 1739
203 130 41 20 306
506 127 42 18 Den
561 129 21 17 15
594 127 56 19 Mars.

175 195 39 21 det
228 194 69 22 skulle
312 194 80 23 införas
408 200 25 16 en
448 194 106 27 komplett
568 194 200 27 lösöreinteckning,
784 194 52 21 eller
851 200 34 15 om
901 193 41 22 den
957 200 38 16 var

174 229 27 17 en
215 229 76 16 annan.

241 252 31 23 På
287 252 81 27 förslag
383 251 23 23 af
418 252 50 22 herr
482 252 142 27 Mechelin,
639 251 49 22 med
696 251 87 23 hvilken
791 251 51 22 herr
857 250 135 28 Järnefelt,

175 281 84 28 Gustaf,
282 282 41 22 och
344 281 89 22 friherre
448 280 103 28 Wrede,
571 281 89 27 August,
675 280 102 23 förenade
793 281 38 27 sig,
846 280 72 22 beslöt
932 281 24 22 R.
974 287 19 15 o.

174 311 25 21 A.
221 311 28 27 pä
270 311 50 21 herr
341 310 219 22 Landtmarskalkens
580 310 156 27 framställning
758 312 33 20 att
805 310 45 21 låta
864 309 130 28 protokollet

175 338 58 24 öfver
248 340 42 22 den
304 340 7 21 i
326 339 76 28 frägan
417 338 111 23 förefallna
544 339 149 22 diskussionen
709 338 75 29 ätfölja
799 339 150 21 äterremissen
961 339 32 21 till

173 368 114 23 utskottet.

242 399 56 21 Herr
319 398 161 27 Furuhjelm,
503 398 27 22 H.
552 398 32 26 E.,
608 396 77 28 afstod,
701 398 35 21 vid
752 398 41 21 den
808 397 82 27 utgång
905 397 91 22 ärendet

175 427 91 27 erhällit,
282 427 47 22 frän
344 427 39 22 sitt
397 427 8 21 i
418 427 75 29 början
508 426 23 23 af
544 426 149 23 diskussionen
709 427 75 27 gjorda
798 426 96 28 yrkande
905 433 34 16 om
950 433 44 15 om-

173 458 122 26 redigering
316 456 23 22 af
359 459 9 19 1
393 457 20 26 8,
436 456 86 22 hvarför
535 456 71 28 någon
621 457 132 26 omröstning
768 456 75 22 härom
857 456 49 22 icke
920 456 75 22 vidare

173 486 45 22 blef
231 486 71 27 nödig.

242 543 60 22 Härå
316 542 111 28 föredrogs
443 545 155 19 sammansatta
612 543 44 27 lag-
672 542 40 22 och
727 542 219 22 ekonomiutskottets
958 542 37 22 be-

175 572 107 22 tänkande
302 572 40 22 N:o
358 573 13 20 2
391 572 7 21 i
417 572 114 27 anledning
546 572 23 21 af
581 572 60 22 Hans
655 572 121 27 Kejserliga
790 572 112 26 Majestäts
918 571 78 27 nådiga

174 602 140 28 proposition,
330 600 147 23 innefattande
492 600 80 28 förslag
586 601 33 21 till
628 600 124 28 förordning
762 600 110 27 angående
883 600 112 28 egostyck-

175 631 51 27 ning
241 630 39 22 och
295 629 174 29 jordafsöndring
484 630 12 21 å
511 630 75 21 frälse-
602 630 39 22 och
657 630 171 21 skattehemman
843 634 56 17 samt
913 629 81 27 legoaf-

174 660 32 22 tal
221 665 35 16 om
271 660 71 26 någon
358 659 35 22 del
408 658 23 23 af
444 658 72 29 dylika
530 659 130 27 lägenheter.

243 688 117 27 Angående
382 688 74 27 frågan
471 688 7 21 i
501 688 51 21 dess
568 688 73 22 helhet
654 687 86 28 yttrade
755 687 33 28 sig
802 687 93 28 följande
909 687 87 22 stånds-

175 717 147 23 medlemmar:

242 746 57 22 Herr
316 753 41 14 von
375 745 123 22 Alfthan:
522 746 47 22 Den
584 745 144 28 föreliggande
742 745 79 28 nådiga
835 745 161 28 propositionen

176 778 23 19 är
221 775 76 22 främst
318 774 111 23 föranledd
444 774 22 22 af
480 781 26 16 en
520 775 32 22 till
568 777 86 20 senaste
670 774 103 27 landtdag
788 774 23 22 af
825 774 127 27 Ständerna,
967 775 29 26 på

175 805 91 21 initiativ
281 803 23 22 af
317 803 111 29 professor
442 804 50 27 Yrjö
508 804 116 26 Koskinen,
639 803 248 28 iniemnad.underdänig
897 803 99 28 petition,

175 834 63 21 hvars
255 833 76 28 tydligt
346 833 96 22 uttalade
457 832 55 29 syfte
530 840 37 15 var
582 835 33 20 att
630 833 22 21 ät
667 833 40 21 den
724 832 78 23 talrika
816 833 46 21 lösa
877 832 119 22 befolknin-

176 869 41 21 gen
240 863 7 21 i
268 862 73 23 landet
360 863 104 26 betrygga
480 868 25 15 en
521 863 70 26 säker,
607 861 91 28 stadgad
713 862 67 21 social
795 862 107 27 stälining.
933 861 63 22 Stän-

176 893 67 20 derna
258 891 87 22 anförde
360 891 82 26 härvid,
458 892 32 20 att
505 891 27 22 de
546 891 33 22 för
594 891 33 21 sin
642 891 35 21 del
692 891 126 27 obetingadt
827 891 85 21 anslöto
923 891 34 27 sig
964 891 33 21 till

176 921 83 27 äsigten
282 927 34 15 om
339 920 149 27 önskligheten
504 920 26 27 af,
548 922 32 20 att
592 919 218 28 jordparcelleringen
825 919 69 22 blefve
909 920 87 27 gynnad

176 949 40 23 och
232 949 143 22 underlättad.
405 949 44 22 Det
463 949 36 22 vill
514 949 85 22 säledes
615 955 70 21 synas,
701 955 46 16 som
761 955 34 16 om
811 949 41 21 den
867 955 77 16 senare
959 949 37 22 de-

175 979 36 22 len
226 977 23 23 af
262 978 147 27 föreliggande
427 977 80 28 förslag
522 978 32 22 till
569 983 28 22 ny
611 977 129 28 förordning,
757 978 53 21 eller
823 978 41 21 den
879 983 47 16 som
940 977 57 23 afser

174 1007 208 28 jordafsöndringen,
404 1007 69 22 skulle
493 1007 63 22 hafva
570 1007 83 26 ädragit
668 1007 33 27 sig
715 1013 60 16 mera
790 1007 76 21 allmän
882 1007 114 26 uppmärk-

177 1036 90 27 samhet,
290 1036 112 22 hvaremot
424 1036 40 21 den
484 1036 57 21 förra
556 1036 62 21 delen
633 1041 34 16 om
684 1035 153 29 egostyckning
851 1035 42 22 fätt
907 1035 90 22 likasom

176 1065 63 22 träda
252 1066 8 21 i
275 1065 146 27 bakgrunden.
452 1065 65 22 Säväl
536 1065 120 22 Ständerna
671 1071 46 15 som
733 1065 41 21 den
789 1064 23 22 af
824 1065 125 26 regeringen
964 1064 34 22 för

177 1095 100 21 ärendets
292 1094 118 27 beredning
425 1093 90 23 tillsatta
530 1094 95 21 komiten
634 1093 39 22 och
684 1094 105 27 styrelsen
797 1093 50 28 sjelf
852 1094 44 26 har,
904 1094 94 22 förutom

176 1123 83 22 mindre
274 1123 121 26 väsentliga
409 1123 94 25 orsaker,
519 1122 115 22 framhållit
648 1123 71 21 såsom
735 1123 115 25 anledning
864 1123 32 20 till
912 1124 34 20 att
959 1122 38 21 nå-

177 1150 49 29 diga
240 1151 152 27 förordningen
413 1151 23 21 af
449 1151 41 21 den
508 1153 24 19 19
548 1150 119 23 December
683 1152 54 20 1864
753 1152 78 20 nästan
846 1150 87 22 alldeles
949 1151 49 22 icke

176 1178 70 24 blifvit
260 1180 80 21 anlitad
356 1179 24 22 af
396 1180 41 21 den
451 1180 111 25 folkklass,
582 1178 32 23 för
628 1179 64 22 hvars
709 1179 34 22 väl
759 1179 40 22 den
814 1185 38 17 var
866 1179 75 22 afsedd
957 1179 40 22 och

177 1209 89 28 åsyftad,
284 1209 46 21 dels
348 1208 163 27 bestämningen
530 1209 79 25 derom,
625 1210 32 19 att
672 1209 47 20 icke
735 1208 82 21 mindre
833 1211 26 18 än
874 1208 46 27 fyra
934 1210 63 19 tunn-

176 1238 51 21 land
240 1237 48 27 jord
300 1233 59 36 finge
374 1237 118 27 afsöndras,
508 1237 46 22 dels
570 1238 33 20 att
617 1237 77 27 många
707 1237 117 27 omgångar
834 1237 40 22 och
885 1239 59 19 stora
952 1243 45 15 om-

177 1266 117 22 kostnader
309 1272 51 15 vore
375 1265 100 23 förenade
492 1266 48 21 med
556 1272 25 15 en
598 1266 66 21 sådan
681 1266 118 26 operation.
815 1266 41 26 Jag
866 1266 68 21 håller
943 1266 55 21 dock

177 1294 52 26 före,
246 1296 32 19 att
294 1294 60 20 äfven
370 1294 66 21 andra
451 1294 106 20 måhända
572 1294 43 20 lika
630 1294 79 26 vigtiga
725 1294 90 20 orsaker
830 1294 54 21 varit
900 1294 98 21 vållande

177 1322 33 21 till
226 1322 37 21 det
277 1322 61 26 ringa
353 1322 97 25 resultat,
467 1328 46 14 som
530 1323 54 19 1864
596 1322 34 20 års
637 1322 124 26 förordning
768 1321 52 27 haft,
829 1322 89 22 orsaker
927 1322 72 21 hvilka

179 1351 36 21 det
230 1352 72 26 tyvärr
316 1350 48 22 icke
379 1350 63 22 torde
457 1349 64 23 blifva
535 1350 83 27 möjligt
630 1349 33 23 för
670 1349 135 27 lagstiftaren
817 1352 33 20 att
858 1350 140 28 undanrödja.

177 1380 50 22 Med
244 1379 64 22 dessa
328 1379 90 29 djupare
437 1379 99 27 liggande
551 1379 89 22 orsaker
657 1379 80 27 åsyftar
749 1379 38 28 jag
802 1379 76 22 främst
892 1380 52 21 våra
958 1379 41 21 kli-

178 1409 94 22 matiska
287 1408 40 22 och
340 1408 264 28 jordmänsförhällanden.
621 1408 42 22 Det
671 1410 24 20 är
706 1414 25 16 en
740 1408 57 22 känd
806 1409 40 21 och
855 1408 61 22 äfven
924 1410 74 20 natur-

178 1438 30 27 lig
224 1438 44 25 sak,
285 1439 33 20 att
330 1438 217 28 jordparcelleringen
563 1438 56 21 visat
634 1438 32 26 sig
681 1437 148 28 förmånligast
838 1438 32 21 uti
878 1444 72 15 varma
958 1437 41 22 och

178 1467 112 21 fruktbara
303 1466 82 27 länder,
400 1466 152 22 företrädesvis
568 1467 31 21 uti
608 1466 88 26 sådana,
709 1467 37 21 der
756 1467 49 21 man
816 1467 60 21 odlar
885 1467 41 26 vin,
938 1466 60 27 silke,

179 1496 72 24 tobak,
267 1495 89 26 frukter,
372 1496 49 21 med
436 1497 32 19 ett
484 1496 44 25 ord,
545 1496 37 21 der
596 1502 49 14 man
660 1495 45 21 från
722 1496 32 20 ett
768 1496 49 22 litet
825 1496 124 26 jordstycke
957 1495 43 22 kan

181 1524 148 22 åstadkomma
343 1524 125 27 produkter,
484 1530 46 15 som
545 1524 85 21 relativt
644 1523 63 23 hafva
722 1525 32 20 ett
769 1526 70 20 större
849 1524 71 22 värde.
950 1523 50 22 Man

177 1553 90 27 jemföre
282 1559 30 15 nu
327 1553 55 21 blott
397 1553 88 21 härmed
500 1552 159 22 förhållandena
674 1553 7 21 i
696 1552 95 23 Finland.
822 1553 72 21 Också
908 1553 41 21 hos
964 1558 37 16 oss
