1073 1725
392 110 41 18 Den
446 111 22 17 28
479 110 94 19 Februari.
823 112 41 21 223

76 176 40 21 sitt
130 176 111 22 utlåtande
259 176 33 22 till
305 176 62 22 detta
382 177 116 27 uttalande,
514 177 26 21 sä
554 178 84 27 mycket
652 183 59 15 mera
726 182 45 16 som
787 176 106 23 utskottet

76 205 47 21 icke
145 204 88 22 tilltrott
254 205 36 27 sig
306 206 126 26 kompetens
454 208 33 20 att
508 206 79 26 afgifva
606 206 67 27 något
688 206 98 22 omdöme
802 212 33 15 om
851 207 41 21 den

75 235 70 20 större
161 234 52 22 eller
227 234 82 22 mindre
323 234 117 28 betydelse,
457 241 45 16 som
518 234 67 22 borde
599 235 138 21 tillerkännas
754 235 26 21 de
789 235 103 26 magneti-

75 262 39 21 ska
128 262 215 27 undersökningarna
361 264 6 20 i
383 263 79 22 landet.
492 263 41 21 Vid
548 263 175 27 genomläsandet
738 263 23 21 af
773 264 118 20 betänkan-

75 290 37 22 det
126 291 41 21 kan
182 297 49 15 man
246 291 47 21 icke
308 292 63 26 vänja
386 292 33 26 sig
433 292 54 21 ifrån
502 292 174 26 föreställningen
692 294 32 19 att
734 292 100 27 möjligen
844 292 49 21 hela

74 319 123 22 ändamålet
211 320 48 21 med
275 320 101 21 Finlands
393 320 127 28 deltagande
535 320 7 21 i
558 321 64 21 dessa
636 320 164 22 internationela
814 321 77 21 under-

74 348 115 26 sökningar
204 348 72 21 kunde
291 349 100 26 riskeras,
407 348 6 22 i
424 349 102 21 händelse
535 349 118 21 utskottets
664 348 79 28 förslag
750 355 70 15 vunne
828 349 63 21 Stän-

74 376 76 22 dernas
167 376 64 22 bifall.
262 377 44 27 Mig
323 383 64 22 synes
402 377 61 22 äfven
479 379 32 20 att
525 378 118 21 utskottets
659 378 46 21 skäl
719 377 33 22 för
767 378 39 20 sitt
820 377 72 22 beslut

74 407 36 19 äro
133 406 82 27 ganska
237 406 123 26 sväfvande;
383 407 28 26 pä
425 407 63 21 dessa
507 407 98 26 grunder,
621 406 41 22 och
676 406 49 22 med
743 406 113 27 anledning
871 406 23 21 af

74 434 26 21 de
116 434 47 22 skäl
179 440 45 16 som
239 434 69 22 blifvit
322 434 123 28 förebragta
461 435 23 21 af
500 435 27 21 de
541 436 64 21 ärade
617 436 168 25 reservanterne,
795 435 96 21 anhåller

71 463 38 27 jag
128 465 33 19 att
175 463 49 22 med
239 464 42 21 min
297 464 60 26 ringa
372 464 46 22 röst
432 464 23 21 få
469 463 85 23 förorda
569 464 170 22 reservationens
755 464 125 27 antagande.

140 492 56 22 Herr
217 492 90 22 Antell
330 492 22 22 P.
368 492 29 22 K:
419 493 42 27 Jag
481 492 53 23 skall
550 493 47 22 icke
613 495 95 25 upptaga
723 492 38 22 det
775 492 116 28 höglofliga

73 520 97 23 ständets
193 521 190 27 uppmärksamhet
404 522 49 22 med
475 523 32 20 att
529 522 50 27 ingä
596 522 8 21 i
619 522 133 22 bedömande
768 521 22 22 af
803 521 86 27 frägans

72 550 161 27 vetenskapliga
260 550 117 29 betydelse,
399 557 48 15 men
467 551 37 27 jag
526 552 39 20 har
587 550 68 22 blifvit
677 550 213 28 uppmärksamgjord

71 579 29 28 pä
114 586 27 15 en
162 580 158 27 omständighet
335 579 22 22 af
374 582 48 20 rent
436 580 108 27 praktiskt
558 582 69 24 natur,
643 587 46 15 som
704 580 99 27 möjligen
818 580 71 21 kunde

71 609 65 21 lända
150 609 118 22 utskottets
283 609 81 27 förslag
378 609 32 22 till
425 609 87 27 försvar,
528 609 107 27 nämligen
652 609 40 22 den
703 609 186 27 omständigheten

72 639 33 20 att
119 638 32 21 uti
166 638 37 21 det
217 637 87 28 förslag,
320 640 162 19 reservanterne
497 638 97 27 förelagt,
609 638 50 27 ingä
673 638 66 27 nägra
752 637 136 23 bestämmel-

72 672 42 21 ser,
129 667 71 21 hvilka
215 667 69 21 skulle
299 666 110 23 föranleda
424 667 32 21 till
472 669 69 20 större
557 667 121 27 omgängar,
687 667 135 27 hvarigenom
835 667 53 26 möj-

71 695 57 28 ligen
143 695 72 22 kunde
231 695 126 28 äfventyras,
379 698 32 19 att
431 696 57 21 tiden
504 696 32 21 för
552 696 59 22 detta
626 696 94 27 företags
736 695 151 27 realiserande,

71 731 45 15 som
132 725 6 20 i
154 725 41 20 alla
210 724 36 22 fall
266 727 24 19 är
310 725 125 27 begränsad,
451 725 69 22 skulle
534 725 52 28 löpa
601 725 31 21 till
649 725 55 22 ända
720 726 50 21 utan
785 726 33 20 att
831 724 56 22 före-

71 755 59 26 taget
153 753 71 22 hunne
245 753 109 27 fullgöras.
385 754 42 21 Det
449 756 24 19 är
488 755 84 21 säledes
587 754 6 21 i
610 754 60 21 detta
685 753 102 22 afseende
800 754 37 27 jag
851 753 37 22 vill

70 783 100 26 päminna
193 789 33 15 om
242 785 31 19 att
289 783 37 21 det
340 783 81 21 kanske
436 788 50 17 vore
502 783 47 22 skäl
565 784 32 20 att
612 783 25 21 sä
651 783 61 26 begä,
728 784 33 20 att
776 783 41 21 den
831 782 56 22 före-

71 811 75 27 slagna
169 811 180 28 meteorologiska
363 812 256 22 observationsstationen
639 813 77 26 genast
730 811 72 22 kunde
816 811 70 22 förbe-

70 841 68 25 redas,
155 840 63 22 innan
237 841 261 27 vetenskapssocietetens
519 841 98 27 yttrande
633 841 68 21 skulle
717 841 98 21 erhällas.
845 840 41 27 Jag

70 869 40 22 har
125 868 121 24 äfvenledes
265 869 69 23 blifvit
353 870 213 28 uppmärksamgjord
582 870 72 27 derpä,
671 870 32 21 att
717 870 33 21 för
765 876 26 14 en
806 870 80 21 station

70 898 33 22 för
117 899 134 27 magnetiska
267 899 160 22 observationer
441 899 7 21 i
464 899 68 22 finska
547 899 147 28 Lappmarken
711 898 81 22 sädana
807 898 79 22 instru-

70 929 83 20 menter
165 928 109 26 behöfvas,
290 928 33 22 för
337 928 82 22 hvilkas
436 928 139 22 tillverkande
591 928 46 21 ätta
651 928 102 22 mänader
768 927 68 21 skulle
853 934 33 15 er-

70 956 89 22 fordras.
189 957 124 22 Emellertid
329 960 24 18 är
369 958 36 20 det
420 957 67 21 kändt
502 959 32 19 att
549 958 67 21 saken
631 957 70 21 måste
716 963 51 15 vara
781 956 47 21 fullt
842 956 43 22 fär-

71 986 40 26 dig,
128 986 38 22 och
185 988 33 19 att
237 986 186 22 observationerna
439 986 50 22 böra
504 986 87 27 vidtaga
606 986 41 21 den
664 987 9 20 1
691 986 91 26 augusti.
812 984 73 23 Skulle

70 1014 70 21 derför
163 1015 36 21 det
214 1015 115 27 höglofliga
344 1014 87 22 ständet
445 1014 57 22 fästa
517 1015 66 27 nägot
598 1014 101 22 afseende
715 1014 35 22 vid
765 1014 26 21 de
807 1014 22 21 af
842 1014 43 26 mig

69 1042 126 23 framhällna
208 1046 48 19 rent
270 1044 113 27 praktiska
398 1044 215 26 omständigheterna,
630 1043 25 22 sä
669 1043 73 27 tyckes
754 1043 43 26 mig
806 1044 33 20 att
850 1043 37 21 det

69 1078 51 15 vore
136 1072 45 22 skäl
198 1074 32 20 att
245 1073 26 21 R.
287 1078 19 16 o.
323 1072 24 22 A.
363 1072 69 22 skulle
447 1072 55 22 fatta
516 1073 39 21 sitt
562 1072 71 22 beslut
643 1072 95 26 sålunda,
750 1073 32 20 att
790 1072 36 21 det
834 1072 52 26 god-

70 1101 69 21 kände
154 1102 117 21 utskottets
287 1102 142 26 betänkande,
445 1108 47 15 men
508 1102 49 21 med
573 1103 31 20 ett
619 1100 77 23 sädant
712 1100 81 27 tillägg,
809 1102 32 20 att
856 1100 30 21 ef-

70 1131 33 20 ter
111 1130 260 27 vetenskapssocietetens
379 1130 123 28 ytterligare
510 1130 95 23 hörande
615 1130 125 27 regeringen
751 1130 66 21 mätte
826 1129 61 22 anslä

70 1159 69 22 medel
152 1159 79 27 jemväl
246 1159 32 22 för
294 1166 25 15 en
334 1160 122 26 magnetisk
471 1159 234 22 observationsstation.
732 1159 10 20 I
758 1158 77 22 sådant
849 1158 37 21 fall

70 1188 70 21 skulle
155 1187 122 23 ändamälet
291 1189 6 20 i
313 1189 33 20 sin
361 1188 74 22 helhet
449 1188 47 22 icke
510 1189 87 21 komma
610 1189 32 20 att
657 1187 94 22 förfelas.

137 1217 56 21 Herr
207 1217 202 27 Nordenskiöld,
425 1217 26 21 K.
467 1217 34 21 A.:
518 1218 41 21 För
573 1217 43 21 min
632 1216 34 22 del
681 1217 39 20 ber
732 1216 37 27 jag
785 1216 65 22 ocksä
865 1215 21 22 fä

70 1245 85 22 ansluta
169 1245 43 27 mig
227 1247 31 20 till
278 1245 244 22 utskottsbetänkandet
537 1246 40 21 och
593 1251 63 16 anser
672 1245 37 21 det
724 1251 40 20 ega
778 1244 108 22 företräde

69 1273 87 22 framför
168 1276 173 20 reservanternes
356 1273 80 28 förslag
452 1274 22 21 af
486 1277 48 19 rent
549 1273 112 28 praktiska
672 1273 53 26 skäl,
736 1273 72 21 hvilka
816 1273 23 22 af
845 1273 41 21 den

69 1302 130 28 föregående
215 1304 65 21 ärade
303 1303 82 22 talaren
400 1302 69 22 blifvit
484 1303 131 21 framhällna.
644 1302 62 22 Hvad
722 1302 47 21 åter
784 1301 102 22 beträffar

70 1331 36 22 det
122 1331 23 21 af
157 1331 89 23 friherre
261 1332 101 26 Hisinger
377 1332 100 27 upplästa
492 1332 103 27 telegram
609 1331 47 22 från
671 1330 109 28 professor
789 1331 97 21 Norden-

70 1359 76 26 skiöld,
162 1360 25 20 så
202 1361 45 20 tror
259 1361 38 26 jag
311 1360 44 26 mig
370 1360 63 21 hafva
447 1360 86 25 bekant,
549 1362 32 18 att
596 1360 42 19 han
653 1360 6 19 i
669 1360 59 19 detta
736 1360 103 25 telegram
848 1359 38 19 all-

70 1387 58 22 deles
143 1387 48 22 icke
207 1389 79 20 uttalat
300 1388 33 26 sig
348 1387 111 28 angående
474 1387 118 22 företrädet
606 1387 89 22 emellan
711 1386 26 21 de
748 1385 138 23 diskuterade

70 1416 127 21 alternativa
219 1416 112 27 förslagen,
355 1416 72 22 hvilka
449 1416 113 22 alternativ
584 1417 37 20 äro
643 1415 33 22 för
698 1415 77 22 honom
798 1415 88 22 alldeles

70 1445 112 22 obekanta.
212 1445 62 22 Hvad
290 1445 101 28 slutligen
405 1445 102 22 beträffar
515 1445 37 22 det
560 1443 23 23 af
588 1445 163 21 reservanterne
759 1443 128 22 omnämnda

68 1475 124 28 ytterligare
208 1475 121 22 utlåtandet
342 1474 46 22 från
403 1474 255 28 vetenskapssocieteten,
675 1473 24 22 så
713 1473 39 22 ber
765 1473 37 28 jag
816 1472 22 22 få
853 1479 33 15 er-

69 1505 53 26 inra,
138 1505 32 20 att
185 1505 32 20 ett
233 1504 78 21 sådant
327 1504 110 22 utlåtande
452 1504 66 22 redan
532 1502 121 27 förefinnes,
669 1502 217 28 ehuru
740 1498 10 39 i
759 1498 55 39 allra
825 1498 64 39 knap-

70 1535 62 26 paste
154 1532 60 24 form.
243 1534 44 21 Det
308 1533 62 22 heter
384 1532 105 28 nämligen
508 1533 7 21 i
529 1532 157 23 betänkandets
702 1531 49 28 slut,
767 1533 33 20 att
813 1533 73 21 veten-
