1073 1725
202 94 39 21 120
500 94 41 17 Den
556 93 21 17 14
588 92 95 18 Februari.

170 158 95 23 komitén
288 158 69 22 blefve
380 159 67 22 tillika
471 161 32 20 ett
525 159 97 28 lämpligt
640 164 65 22 organ
723 158 32 22 för
773 160 38 25 att,
831 159 27 21 då
874 159 37 21 det
925 158 67 28 gäller

170 188 83 21 mindre
276 188 132 21 omfattande
430 188 122 27 lagförslag,
574 188 83 21 biträda
672 188 34 21 vid
722 188 81 21 sådana
818 186 98 23 formella
930 188 62 21 bear-

171 216 113 27 betningar
299 216 22 22 af
333 216 114 27 förslagen,
463 223 46 15 som
525 217 44 21 ofta
583 223 42 21 nog
639 216 72 22 kunna
726 222 51 16 vara
793 216 22 21 af
824 217 107 26 synnerlig
942 217 50 27 vigt.

171 245 42 22 Vid
228 246 87 21 senaste
338 245 103 26 landtdag
456 245 135 22 framstäldes
608 244 22 23 af
644 245 48 22 herr
707 245 147 27 Montgomery
867 244 80 28 förslag
962 245 32 22 till

170 274 99 27 petition,
291 273 112 28 angående
424 275 122 21 inrättande
567 274 22 22 af
606 281 25 15 en
647 274 250 27 lagberedningskomité.
928 274 66 22 Detta

171 303 80 26 förslag
273 309 55 15 vann
349 303 28 21 då
397 304 76 21 endast
492 305 78 20 tvenne
585 303 75 22 stånds
675 302 65 22 bifall.
771 302 40 27 Jag
827 303 65 26 vågar
907 304 39 25 tro,
963 305 31 20 att

172 337 27 16 en
222 331 23 22 af
264 331 205 27 hufvudorsakerna,
492 331 86 22 hvarför
601 332 36 21 det
654 332 47 21 icke
722 337 54 16 vann
793 332 25 21 de
835 333 77 20 tvenne
928 333 66 20 andra

172 359 102 23 ståndens
289 361 163 26 godkännande,
467 367 38 15 var
521 361 46 26 den,
581 363 32 19 att
625 367 47 14 man
685 360 28 27 på
729 362 31 20 ett
768 360 42 21 båll
823 361 26 20 då
857 363 56 19 ännu
922 361 70 21 stälde

172 395 113 21 omsorgen
308 395 33 16 om
365 389 36 22 det
420 389 68 22 finska
503 389 99 28 språkets
618 389 163 28 fullständigare
796 389 105 28 skriftliga
917 391 77 20 använ-

172 417 70 22 dande
261 418 35 21 vid
315 418 145 21 domstolarna
478 419 71 21 såsom
566 419 36 21 det
616 417 88 22 främsta
719 418 112 27 spörsmål,
847 419 40 20 den
903 417 91 24 förnäm-

172 450 36 19 sta
230 446 111 28 uppgiften
363 449 33 19 att
415 447 46 22 lösa
481 447 40 22 och
538 447 71 22 derför
623 447 48 22 icke
687 447 82 26 egnade
785 447 66 26 något
865 447 93 22 intresse
974 448 22 21 åt

172 475 67 22 andra
261 476 58 21 sidor
341 475 23 22 af
384 477 241 26 rättegångsväsendets
645 476 125 26 utbildning.
805 476 49 21 Men
871 476 37 27 jag
923 476 70 21 skulle

172 505 89 28 hoppas,
276 506 39 25 att,
332 505 27 22 dä
373 511 48 15 man
437 505 36 22 vid
488 506 69 21 denna
571 505 103 26 landtdag
688 505 41 22 blir
735 500 10 37 i
743 504 98 23 tillfälle
849 507 33 20 att
890 505 105 28 befrämja

173 534 69 22 denna
263 533 61 28 fråga
346 540 33 15 om
399 533 69 23 finska
487 535 100 27 språkets
608 534 162 27 fullständigare
790 535 140 26 användning,
947 541 48 15 man

172 563 56 22 skall
243 569 52 17 vara
312 569 59 16 mera
389 563 98 27 benägen
503 565 32 20 att
551 563 66 22 tänka
632 563 89 22 tillbaka
735 563 29 27 pä
778 564 66 21 andra
859 563 44 22 lika
916 564 80 27 vigtiga

173 592 71 22 saker.
273 592 42 28 Jag
337 593 66 26 vägar
426 592 71 22 derför
514 592 110 22 vördsamt
642 592 86 26 föreslä,
752 594 32 20 att
798 592 150 28 lagutskottet,
966 594 30 20 dit

172 621 27 21 R.
215 626 19 16 0.
251 621 23 21 A.
295 620 62 23 torde
376 621 49 28 vilja
440 622 111 22 remittera
568 621 211 27 petitionsförslaget,
796 622 66 20 mätte
879 623 51 25 taga
944 622 7 21 i
967 622 29 21 öf-

175 650 142 27 vervägande,
340 650 105 22 huruvida
466 650 49 22 icke
534 650 33 22 till
588 650 69 22 denna
679 650 90 27 petition
785 650 28 28 pä
828 650 106 26 naturliga
950 650 46 22 skäl

173 678 68 22 borde
263 678 86 22 ansluta
368 679 33 27 sig
421 685 26 15 en
469 679 134 27 underdänig
621 678 156 27 framställning
793 680 79 25 derom,
889 680 33 20 att
936 679 59 21 Hans

174 707 103 28 Majestät
291 707 57 26 ville,
363 707 33 22 för
412 708 144 28 befrämjande
572 708 22 21 af
608 708 127 25 ändamålet,
751 708 80 21 inkalla
846 714 25 15 en
884 708 81 21 komit6
976 708 23 21 af

174 736 130 28 lagkunnige
323 738 55 24 män,
399 736 72 22 hvilka
490 737 68 21 tillika
577 736 72 22 kunde
665 736 77 22 anlitas
761 736 33 22 för
809 737 66 21 andra
890 736 108 23 förekom-

174 765 77 23 mande
269 765 254 28 lagberedningsarbeten
545 766 22 22 af
580 766 81 22 mindre
677 765 126 28 omfattning
818 768 27 19 än
861 766 67 21 detta.
959 766 39 22 Sä-

174 794 66 23 lunda
255 795 75 26 skulle,
347 797 50 19 utan
413 797 33 20 att
460 801 49 16 man
524 795 123 27 aflägsnade
661 795 33 26 sig
708 794 47 22 frän
771 795 41 22 den
828 795 39 22 sak
881 795 69 22 denna
961 801 36 22 pe-

174 823 63 22 tition
252 823 73 27 gäller,
340 823 46 22 frän
402 823 130 23 Ständernas
549 824 46 22 sida
611 825 31 21 ett
658 824 112 21 uttalande
784 824 73 21 kunna
871 824 85 22 komma
968 824 31 21 till

175 852 63 23 ständ
254 852 91 23 rörande
361 852 102 23 behofvet
477 853 22 22 af
513 859 27 16 en
555 853 159 26 lagberedning,
731 855 33 20 ett
779 852 70 27 behof,
867 859 52 20 som,
928 865 27 3 -—
961 853 39 28 jag

174 881 67 27 vägar
256 881 49 22 med
326 881 139 22 bestämdhet
479 881 117 23 förutsätta
612 882 36 21 det
663 893 28 4 —
705 887 50 16 man
770 881 56 23 inom
843 884 90 20 senaten
948 888 51 21 nog-

174 912 58 20 samt
246 909 56 22 skall
317 910 101 22 erkänna.

243 938 56 23 Herr
314 939 100 26 Munck,
434 939 52 22 Karl
504 939 99 22 Fredrik:
626 939 41 26 Jag
682 939 97 22 biträder
794 939 25 21 sä
833 939 85 28 mycket
933 939 67 22 hellre

176 967 42 22 den
236 967 137 28 föregäende,
385 968 94 21 talarens
499 968 162 26 framställning,
678 973 46 16 som
740 967 37 22 det
793 968 120 27 säkerligen
929 970 24 19 är
969 968 31 22 al-

175 997 43 22 lom
233 997 80 21 bekant
327 997 33 21 att
375 996 59 22 tiden
448 996 33 22 för
496 997 120 28 Kejserliga
632 996 105 22 Senatens
753 996 118 22 ledamöter
885 999 115 25 upptages,

175 1025 8 22 i
195 1025 258 28 justitiedepartementet
468 1025 23 22 af
504 1026 26 21 de
539 1026 82 27 vanliga
631 1025 241 27 rättegängsärendena,
885 1026 40 21 och
934 1026 6 21 i
950 1026 51 21 eko-

175 1054 244 28 nomiedepartementet
433 1053 22 24 af
469 1055 26 22 de
509 1055 93 28 löpande
618 1054 32 21 till
666 1055 39 21 den
717 1055 58 26 grad,
787 1056 32 20 att
833 1054 64 22 dessa
907 1055 93 21 ledamö-

176 1085 34 21 ter
229 1083 106 27 svärligen
357 1083 65 22 hinna
443 1084 49 21 med
514 1085 33 20 att
567 1085 25 21 sä
609 1089 57 21 noga
685 1089 46 16 som
747 1083 74 28 nödigt
837 1090 49 15 vore
901 1084 51 27 ingä
968 1084 30 21 uti

175 1112 99 28 pröfning
290 1111 22 23 af
325 1113 27 22 de
366 1112 122 28 lagförslag,
504 1113 72 22 hvilka
591 1113 31 21 till
631 1115 88 19 senaten
728 1113 108 21 inkomma
847 1119 77 20 genom
935 1113 64 21 komi-

176 1141 48 22 t6er
239 1140 52 23 eller
306 1141 78 22 väckas
399 1141 58 22 inom
465 1143 90 21 senaten
563 1141 53 29 sjelf.
632 1141 47 22 Den
690 1141 33 22 för
735 1141 22 22 R.
767 1141 36 22 B:s
813 1141 139 23 öfverseende
962 1141 34 23 ock

176 1170 155 26 förbättrande,
347 1170 32 22 till
395 1170 81 22 hvilket
491 1170 61 22 äfven
568 1171 75 26 frägan
659 1170 110 27 angäende
784 1171 180 26 omorganisation
981 1169 17 23 &

177 1199 145 22 domstolarna
334 1199 131 27 naturenligt
479 1200 45 26 hör,
539 1200 100 21 nedsatta
649 1198 94 22 komitön
754 1199 70 22 skulle
835 1199 69 22 tillika
915 1200 78 21 kommi

178 1230 33 20 att
227 1229 76 26 utgöra
318 1230 106 20 stommen
439 1228 32 22 till
487 1234 25 16 en
527 1228 163 27 lagberedning,
706 1234 46 15 som
766 1228 42 22 ien
819 1228 86 22 framtid
916 1228 41 22 blir
965 1228 31 22 al-

180 1256 60 22 deles
255 1256 128 26 nödvändig.
545 1280 10 4 N

246 1284 55 22 Herr
323 1285 187 27 Montgomery:
541 1284 127 22 Ändamålet
688 1284 49 21 med
755 1284 37 22 det
811 1284 185 27 petitionsförslig,

175 1313 38 28 jag
221 1313 17 21 i
249 1313 140 22 förevarande
405 1315 60 20 ämne
481 1313 64 26 vågat
559 1314 74 25 väcka,
645 1315 24 19 är
678 1313 121 27 egentligen
809 1313 48 22 icke
866 1314 66 27 något
940 1315 58 20 amat

178 1344 27 20 än
228 1343 32 20 att
281 1341 46 23 från
350 1342 211 27 representationens
581 1342 46 22 sida
649 1342 124 27 återbringa
787 1342 210 28 processreformm
981 1337 20 38 i

180 1371 93 27 erinran,
289 1371 67 22 sedan
373 1372 36 21 det
424 1371 40 22 kan
481 1373 64 26 sägas
561 1371 64 22 hafva
640 1371 23 22 af
676 1372 200 27 representationen
891 1372 35 22 vid
942 1377 55 17 g&na-

179 1403 34 20 ste
236 1400 103 28 landtdag
357 1400 68 23 blifvit
447 1401 124 27 förklaradt,
590 1403 33 20 att
641 1400 100 23 behofvet
757 1400 23 23 af
793 1407 25 16 en
835 1401 68 22 sådan
919 1401 77 27 rebrm,

180 1430 128 23 åtminstone
331 1430 47 23 icke
400 1431 8 21 i
430 1431 69 27 någon
521 1430 145 27 väsentligare
685 1437 55 20 mon,
766 1432 23 20 är
812 1431 118 27 trängande
946 1429 52 23 eller

178 1459 144 24 brådskande.
356 1460 42 27 Jag
412 1459 40 22 har
466 1459 7 23 i
489 1459 48 22 mitt
552 1459 109 23 memorial
677 1460 50 21 sökt
741 1460 85 27 antyda,
842 1461 33 20 att
893 1467 43 14 mar
950 1459 48 22 icke

180 1495 72 20 gerna,
269 1488 54 23 efter
337 1489 41 22 den
394 1489 81 28 utgång
489 1488 182 28 reformförslaget
681 1488 134 23 beträffande
828 1489 170 22 häradsräterna

180 1517 35 23 vid
230 1519 87 22 senaste
332 1517 103 29 landtdag
450 1520 43 26 tog,
509 1518 42 23 kan
566 1520 64 21 vänta
644 1519 33 21 ett
693 1517 183 29 återupptagande
891 1518 7 22 i
914 1523 19 17 &
947 1518 51 21 nära
