1078 1734
427 107 42 19 Den
482 109 21 17 15
515 107 56 20 Mars.
834 110 40 21 287

87 175 62 26 tager
170 174 41 21 den
231 174 162 28 bestämningen
416 182 45 15 som
478 176 39 27 jag
534 176 39 22 här
588 176 79 26 nämnt,
683 175 40 23 och
738 176 69 22 skulle
819 176 39 28 jag
872 175 34 23 för

85 203 43 21 min
152 203 34 22 del
209 203 68 22 önska
292 205 33 20 att
347 204 68 24 blifva
426 204 87 28 upplyst
527 211 41 21 om,
583 204 105 23 huruvida
702 204 41 23 den
757 204 86 23 fruktan
857 210 47 17 som

83 232 38 27 jag
143 232 64 27 hyser
229 234 23 20 är
266 232 123 28 berättigad
415 234 52 21 eller
485 234 26 28 ej.
526 246 26 2 —
569 233 74 23 Skulle
658 233 36 22 det
708 233 58 23 förra
780 240 51 16 vara
844 233 60 23 fallet

86 260 69 22 skulle
174 261 37 27 jag
232 261 53 27 yrka
300 262 28 26 på
347 262 122 23 återremiss
484 262 33 22 för
530 262 156 28 förtydligande
702 263 32 21 uti
748 262 79 22 sådant
841 262 62 28 syfte,

86 291 33 19 att
140 288 99 27 fabriker,
263 296 45 16 som.
334 292 36 20 äro
392 290 105 28 uppförda
518 291 29 27 pä
568 290 157 27 arrendemark,
743 291 78 27 jemväl
836 290 68 22 borde

86 318 71 21 kunna
171 318 119 27 intecknas,
306 318 76 22 såvida
396 319 216 23 arreridekontraktet
627 321 24 20 är
666 319 101 27 behörigt
779 319 126 22 intecknadt

86 347 39 23 och
148 349 24 20 är
187 346 98 28 gällande
304 354 26 16 en
345 348 73 27 längre
433 348 31 22 tid
480 351 27 19 än
523 349 39 22 den
579 348 194 23 skuldförbindelse
788 349 67 27 löper,
870 354 34 16 om

85 376 63 22 hvars
164 376 141 23 intecknande
320 383 51 16 vore
385 377 65 27 fråga.

153 405 56 22 Herr
223 406 185 28 Montgomery:
425 407 43 28 Jag
483 407 38 22 ber
536 408 33 21 att
583 406 22 22 få
620 407 90 23 besvara
726 407 27 22 de
769 406 135 22 anmärkpin-

85 441 43 20 gar,
153 441 46 16 som
222 437 36 20 äro
275 435 75 28 gjorda
368 435 40 23 och
424 436 26 21 de
465 436 152 28 upplysningar
632 442 46 16 som
693 439 37 19 äro
746 435 95 28 begärda
854 437 50 21 med

85 463 100 22 afseende
201 465 13 21 å
228 464 155 27 lagutskottets
397 465 146 27 föreliggande
559 465 141 22 betänkande.
730 465 62 22 Hvad
801 465 55 22 först
865 465 37 22 be-

84 492 73 22 träffar
173 493 40 22 den
230 494 144 26 anmärkning,
394 500 46 16 som
457 495 49 21 herr
521 493 120 28 Furuhjelm
657 494 63 27 gjort,
736 494 41 22 och
792 493 110 28 yrkandet,

85 524 32 19 att
139 522 145 22 betänkandet
306 523 69 21 skulle
398 523 168 22 återremitteras
586 523 7 20 i
609 523 54 28 syfte
679 525 33 20 att
726 523 125 21 formuleras
868 522 34 22 så-

84 551 71 26 lunda,
171 553 32 20 att
217 551 47 22 icke
280 551 85 28 grufvor
380 551 69 23 skulle
463 553 73 21 kunna
550 551 65 22 blifva
629 551 89 23 föremål
730 551 33 22 för
773 551 129 28 inteckning,

85 580 27 21 då
133 580 203 27 grufanläggningar
358 582 36 21 äro
414 581 22 22 af
449 581 41 22 den
505 579 153 28 beskaffenhet,
675 582 34 21 att
723 581 132 26 rättigheten
870 580 32 22 till

86 609 47 21 dem
157 611 23 20 är
202 609 106 22 beroende
323 609 29 28 på
369 609 125 28 inmutning,
510 609 85 23 hvilken
610 609 104 28 rättighet
729 609 42 22 kan
787 609 117 22 tillkomma

85 644 24 15 en
126 644 69 16 annan
215 641 26 19 än
257 638 129 28 jordegaren
400 639 40 22 och
456 639 42 22 kan
514 639 96 27 förloras,
626 639 29 21 då
668 639 235 26 inmutningsrättighe-

85 669 35 19 ten
143 667 48 22 icke
213 668 67 21 under
300 674 25 16 en
345 668 43 22 viss
403 668 86 21 kortare
504 668 31 22 tid
551 668 115 27 begagnas,
681 668 39 22 ber
732 668 38 27 jag
784 667 22 22 få
819 669 83 25 nämna,

85 697 32 22 att
131 697 143 27 lagutskottet
289 699 73 20 ansett
380 697 33 22 sin
428 697 137 27 formulering
581 697 94 28 tydligen
690 696 58 28 gifva
762 697 35 22 vid
812 697 90 26 handen,

85 728 32 19 att
132 725 85 28 grufvor
232 726 46 22 icke
294 726 69 22 skulle
378 726 49 22 falla
443 727 68 22 under
526 727 69 22 denna
605 726 175 28 lagbestämning.
810 726 43 22 Det
866 731 38 16 var

84 755 55 22 visst
159 755 61 27 fråga
242 761 34 16 om
298 757 39 26 att,
355 755 33 22 för
403 757 32 20 att
450 758 56 19 ännu
523 755 152 28 uttryckligare
689 755 111 23 framhålla
815 755 65 26 detta,
897 755 7 21 i

85 784 73 22 stället
173 783 33 23 för
222 801 9 10 ,
235 784 104 23 anstalter
348 784 33 22 för
390 785 131 26 bergsbruk"
535 787 53 25 säga
597 783 182 28 ,förädlingsverk
790 783 32 22 för
829 784 74 27 bergs-

84 813 75 27 bruk”,
175 820 48 15 men
242 813 154 28 lagutskottets
412 814 110 27 pluralitet
536 814 56 26 fann,
608 815 33 20 att
655 813 27 22 då
697 819 49 16 man
762 813 55 22 hade
833 813 71 22 såsom

85 845 32 19 ett
133 843 87 21 allmänt
234 843 94 28 begrepp
344 843 75 22 främst
433 842 71 23 anfört
513 843 131 27 mekaniska,
655 842 126 23 industriela
789 842 40 21 och
838 842 67 21 andra

85 872 72 28 dylika
179 872 147 28 inrättningar,
350 872 71 23 såsom
441 872 70 27 sågar,
527 878 92 22 qvarnar
633 878 26 16 m.
674 871 21 23 fl.
711 872 49 22 med
774 871 102 22 afseende
892 871 13 21 &

85 901 72 21 hvilka
179 901 37 22 det
235 901 25 27 ju
283 904 25 19 är
325 900 61 28 fråga
404 903 35 20 om
453 901 105 27 förädling
572 900 24 23 af
609 900 121 23 råmaterial
743 907 49 15 men
807 900 47 22 icke
869 906 35 16 om

85 930 155 27 upphemtning
254 930 22 22 af
290 930 78 22 sådant
383 930 54 22 ifrån
447 930 88 28 jordens
547 930 56 22 fasta
611 930 169 26 beståndsdelar,
789 930 70 21 kunde
867 929 38 22 det

85 960 48 22 icke
152 965 66 21 gerna
233 959 132 23 missförstås
381 960 31 26 så,
427 962 33 19 att
475 966 48 16 man
539 959 48 23 med
603 959 105 22 anstalter
722 959 33 23 för
772 958 132 28 bergshand-

85 989 70 27 tering
171 988 69 22 skulle
254 990 73 21 kunna
341 988 69 29 åsyfta
424 988 105 28 grufdrift.
545 988 75 23 Skulle
635 988 49 22 herr
699 988 122 28 Furuhjelm
832 988 73 22 kunna

86 1018 109 28 öfvertyga
210 1018 42 28 mig
267 1025 35 16 om
317 1020 33 20 att
365 1025 25 15 en
406 1018 68 22 sådan
488 1018 189 28 missuppfattning
691 1024 51 16 vore
757 1018 35 28 vid
805 1016 99 23 formule-

86 1048 74 27 ringen
182 1048 7 20 i
212 1048 76 27 nådiga
307 1048 160 27 propositionen
483 1048 100 27 antaglig,
599 1046 70 23 skulle
681 1047 40 28 jag
735 1053 51 15 vara
799 1046 60 27 villig
873 1047 33 22 att

86 1076 73 22 bifalla
179 1076 32 21 till
231 1077 129 26 återremiss,
377 1079 21 25 ty
412 1076 37 28 jag
465 1079 24 19 är
503 1083 52 15 ense
570 1076 80 27 derom,
666 1078 32 20 att
713 1076 25 22 sä
752 1076 64 26 länge
831 1074 75 28 grufva

85 1106 47 21 icke
149 1104 24 23 af
185 1105 160 29 lagstiftningen
356 1105 113 28 uppfattas
485 1106 40 22 och
541 1105 117 23 behandlas
673 1105 73 22 såsom
761 1110 27 17 en
799 1104 34 22 del
844 1103 23 22 af
873 1103 32 23 fa-

86 1135 107 26 stigheten
209 1135 51 22 eller
274 1134 148 25 innefattande
436 1135 135 27 fastigheten,
587 1136 53 19 utan
654 1136 30 24 är,
700 1134 71 22 såsom
787 1139 26 16 en
828 1133 34 22 del
869 1133 35 28 ju-

85 1164 65 21 rister
165 1164 40 22 och
220 1163 152 28 systematiker
386 1163 58 23 hålla
458 1163 52 27 före,
527 1165 32 20 att
573 1163 78 22 räknas
667 1163 32 23 till
709 1162 146 27 lösegendom,
864 1162 42 22 den

85 1193 40 20 här
139 1192 162 27 ifrågavarande
316 1192 149 27 inteckningen
481 1193 48 21 icke
544 1193 43 21 kan
596 1191 52 23 eller
658 1192 40 22 bör
713 1191 89 22 omfatta
813 1190 92 27 grufvor.

87 1233 24 3 —
129 1221 9 21 I
157 1221 114 28 anledning
286 1221 22 22 af
321 1221 50 22 herr
387 1219 124 25 Hackmans
526 1220 100 28 yttrande
641 1221 38 22 ber
690 1220 39 27 jag
743 1219 22 23 få
779 1219 70 22 uttala
863 1219 43 22 min

85 1250 79 26 fägnad
180 1249 59 23 öfver
254 1252 32 19 att
301 1250 50 24 herr
365 1249 110 23 Hackman
491 1256 26 15 ur
531 1249 34 23 sin
579 1249 108 28 synpunkt
694 1248 69 23 funnit
771 1248 37 21 det
815 1249 92 21 vara-ett

86 1278 103 28 framsteg
204 1279 7 21 i
226 1278 168 27 lagstiftningen,
410 1281 33 19 att
458 1285 49 15 man
521 1278 48 22 icke
583 1278 79 22 räknar
676 1277 70 23 under
754 1277 152 27 fastighetshy-

85 1307 66 27 potek
166 1307 92 28 verkligt
272 1307 78 26 lösöre,
367 1307 72 22 såsom
462 1307 27 22 de
511 1306 71 28 gamla
595 1306 151 27 författningar
757 1307 53 26 göra
825 1306 7 21 i
847 1305 61 28 fråga

86 1342 34 15 om
135 1336 135 27 inventarier,
286 1335 149 24 rudimaterier
450 1336 40 21 och
503 1335 136 23 materialier.
654 1335 42 27 Jag
705 1337 25 26 är
740 1340 53 17 ense
799 1334 49 22 med
857 1334 50 22 herr

85 1364 111 21 Hackman
212 1365 78 25 derom,
308 1366 33 21 att
356 1365 61 20 detta
430 1365 47 20 icke
492 1365 42 19 kan
545 1370 52 15 vara
605 1364 33 19 till
647 1369 63 20 gagn,
718 1369 50 14 vare
776 1363 33 26 sig
816 1363 33 21 för
857 1363 49 21 kre-

87 1392 58 22 diten
161 1393 6 20 i
183 1392 115 22 allmänhet
313 1392 53 22 eller
379 1391 33 24 för
427 1392 111 25 industrin,
546 1391 76 22 främst
629 1391 89 21 emedan
726 1396 49 17 man
783 1390 123 27 derigenom

86 1419 122 23 framkallar
230 1427 26 15 en
274 1420 86 22 illusion
378 1420 46 24 hos
433 1419 173 27 kreditgifvarne,
621 1420 33 21 att
669 1419 27 22 de
711 1417 64 24 hafva
790 1425 26 15 en
831 1418 75 23 säker-

86 1449 38 23 het
138 1450 9 21 i
159 1449 95 26 föremål,
271 1455 46 16 som
332 1449 48 22 icke
394 1449 77 26 kunna,
488 1449 29 20 då
532 1448 27 23 de
572 1450 39 20 äro
626 1449 7 20 i
648 1454 26 16 en
689 1453 81 17 annans
781 1447 124 26 besittning,

87 1479 83 26 grunda
184 1484 27 20 en
226 1478 67 22 sådan
308 1478 107 27 säkerhet,
431 1484 48 15 men
495 1477 66 22 också
576 1483 25 16 ur
609 1477 42 23 den
659 1476 65 25 andra
735 1477 114 26 synpunkt,
858 1482 47 16 som

87 1508 50 22 herr
157 1507 111 23 Hackman
290 1507 122 27 framhållit,
434 1508 33 20 att
486 1506 38 22 det
539 1506 58 22 äldre
614 1505 144 24 förhållandet
773 1505 132 23 innefattade

87 1544 25 15 en
136 1537 55 22 våda
212 1535 32 24 för
266 1536 42 23 den
326 1536 105 23 allmänna
446 1535 99 23 krediten
560 1535 40 22 och
615 1534 102 23 särskildt
730 1533 32 24 för
778 1535 40 23 den
833 1533 72 24 kredit
