1075 1728
408 113 40 18 Den
463 115 19 16 15
494 113 57 18 Mars.
817 111 43 20 323

68 172 146 27 kronofogden
233 173 7 21 i
261 175 67 24 orten,
344 180 46 15 som
404 174 101 21 insänder
519 173 153 28 handlingarna
685 174 67 27 jemte
768 177 49 25 eget
831 175 57 21 utlå-

68 201 65 22 tande
149 201 31 22 till
196 203 139 25 guvernören.

138 229 41 22 Vid
201 230 74 21 härom
298 231 86 21 anstäld
403 231 132 26 omröstning
557 231 76 21 utföllo
647 232 99 20 rösterna
760 231 48 22 med
826 233 25 20 13
864 231 24 28 ja

68 258 41 21 och
124 259 27 20 22
167 259 48 26 nej,.
224 258 32 21 till
271 258 52 28 följd
339 259 75 22 hvaraf
427 259 73 21 beslut
510 259 74 21 fattats
595 265 34 15 om
638 259 249 22 återremiss
770 254 12 36 i
790 259 97 22 ofvanan-

68 287 48 27 tydt
131 285 61 28 syfte.

136 314 122 22 Momenten
284 316 12 20 2
323 315 40 22 och
389 318 12 19 3
426 302 23 52 af
474 316 61 21 10:de
558 315 46 26 8:en
627 316 127 27 godkändes
774 318 53 20 utan
850 323 37 15 an-

67 343 143 27 märkningar.

136 372 10 22 I
162 371 101 23 afseende
278 372 13 22 å
305 374 119 20 momentet
438 374 13 20 4
467 372 21 22 af
503 378 81 17 samma
599 374 11 25 &
626 373 111 21 anmärkte

136 400 57 23 Herr
207 407 42 15 von
264 400 122 23 Alfthan:
401 402 11 21 I
426 401 139 22 konformitet
579 402 49 21 med
644 402 36 21 det
694 402 78 26 beslut,
789 408 46 16 som
850 402 37 22 det

68 424 117 33 höglofliga
195 420 6 42 -
207 429 88 23 ståndet
316 430 66 22 redan
398 429 65 23 fattat
480 431 48 21 med
544 430 101 22 afseende
660 431 13 20 &
687 431 14 26 &
716 432 13 19 4
745 419 67 34 borde
828 431 60 22 detta

67 460 95 21 moment
180 459 97 26 undergå
296 459 68 21 sådan
383 459 129 27 förändring,
529 461 32 20 att
576 459 109 22 sökanden
701 459 49 22 icke
765 459 70 22 skulle
849 460 38 21 be-

68 487 64 22 höfva
154 487 80 27 styrka,
257 489 33 20 att
312 488 96 27 utslaget
420 488 75 22 vunnit
509 489 48 26 laga
571 487 64 27 kraft,
651 489 52 20 utan
719 489 32 20 att
766 489 38 21 det
818 488 70 22 skulle

68 516 72 27 åligga
154 517 133 26 guvernören
303 518 33 19 att
350 517 44 21 låta
406 517 68 22 införa
485 517 124 22 annotation
620 517 7 20 i
635 517 133 27 jordeboken
782 520 56 19 samt
848 520 38 24 att,

68 550 35 16 om
118 544 91 27 ändring
223 545 120 26 inträffade,
360 545 69 22 införa
444 545 62 22 äfven
522 546 75 22 denna.

135 573 100 23 Friherre
257 574 107 26 Wrede,
387 574 91 27 August,
502 575 39 21 och
563 575 50 22 herr
632 574 138 23 Mechelin
786 574 101 23 förenade

68 602 32 27 sig
115 603 49 21 med
179 603 50 21 herr
243 609 41 15 von
299 602 93 23 Alfthan.

135 631 12 21 I
162 631 96 26 enlighet
272 631 90 22 härmed
377 631 126 28 uppstäldes
519 632 31 21 till
565 632 134 22 besvarande
715 639 27 16 en
756 632 26 21 så
795 632 92 27 lydande

69 659 144 28 proposition:

135 689 54 26 Den,
212 694 46 16 som
280 689 126 27 godkänner
428 689 54 21 sista
503 691 117 20 momentet
635 689 23 21 af
671 689 10 28 $
698 691 26 20 10
740 685 146 49 oförändradt,

67 718 71 21 röstar
149 718 34 27 ja;
895 722 2 2 |

138 746 80 22 Vinner
232 746 41 28 nej,
289 746 169 22 återremitteras
473 748 117 20 momentet
604 746 33 22 till
651 747 109 22 utskottet
772 725 34 43 för
820 753 68 16 omre-

71 775 97 30 digering
183 776 7 20 i
206 776 36 20 det
257 774 62 28 syfte,
336 776 33 20 att
383 775 70 27 någon
468 776 123 27 skyldighet
605 776 34 22 för
649 776 104 27 sakegare
764 777 33 21 att
807 776 79 27 styrka,

70 804 37 22 det
122 800 124 30 afsöndring
261 804 135 26 stadfästats,
411 804 49 22 icke
474 804 103 22 behöfver
592 811 39 21 ega
646 811 53 15 rum.

138 828 163 35 Propositionen
316 821 131 34 besvarades
462 833 49 21 med
526 833 155 27 öfvervägande
696 834 42 26 nej,
751 833 136 27 hvarigenom

68 861 41 21 den
124 860 124 28 föreslagna
263 861 151 23 återremissen
429 860 23 23 af
466 862 87 21 ståndet
567 868 38 15 var
619 862 106 22 beslutad.

136 890 13 26 8
166 891 24 20 11
207 889 131 28 godkändes.

164 920 35 20 12:

136 918 10 28 8
194 936 5 4 12:

136 947 99 22 Friherre
249 947 107 27 Wrede,
377 948 59 26 Otto,
451 948 85 27 yttrade
552 953 34 16 om
602 948 69 21 denna
687 947 19 28 $:
722 948 43 27 Jag
778 948 67 22 fäster
860 954 27 16 en

68 976 71 22 alltför
161 977 46 21 stor
228 976 46 27 vigt
295 976 36 21 vid
356 976 110 29 principen
486 982 34 16 om
536 976 244 28 stomlägenhetsegares
795 978 45 20 rätt
855 976 32 22 till

68 1004 138 28 äterlösning,
222 1004 33 22 för
270 1006 33 20 att
317 1004 40 22 här
372 1005 49 22 med
436 1006 87 26 tystnad
537 1004 84 28 förbigä
636 1006 47 21 den.
705 1006 43 26 Jag
762 1005 71 22 skulle
850 1006 36 21 ön-

68 1034 39 21 ska
121 1033 68 22 införa
204 1034 41 21 den
261 1033 135 28 slutmening,
413 1039 45 16 som
474 1034 49 26 $:en
537 1034 7 21 i
558 1034 163 27 propositionen
736 1034 45 26 har,
798 1034 20 21 d.
834 1040 18 15 v.
869 1039 17 16 s.

70 1068 61 20 »men
152 1067 34 16 om
202 1062 76 27 jorden
294 1064 52 19 utan
363 1062 198 27 utmätningstväng
576 1062 72 27 säljes,
665 1062 77 21 stände
757 1063 129 26 stomlägen-

66 1090 115 27 hetsegare
203 1090 46 21 fritt
271 1091 33 21 att
327 1090 125 22 densamma
473 1091 93 22 äterlösa
588 1091 57 21 inom
667 1093 33 19 tre
715 1091 103 22 mänader
833 1089 54 23 efter

68 1119 40 22 det
118 1119 42 22 han
175 1119 119 26 bevisligen
308 1118 70 22 blifvit
393 1125 34 16 om
442 1119 67 27 köpet
523 1119 160 27 underrättad",
698 1120 77 21 endast
785 1119 49 22 med
845 1119 41 22 den

66 1147 130 27 förändring,
220 1149 33 20 att
272 1148 38 27 jag
332 1147 70 22 skulle
423 1147 68 22 önska
506 1148 75 28 utbyta
596 1147 66 22 orden
678 1149 71 23 ,inom
765 1150 33 20 tre
813 1147 73 22 mäna-

68 1177 50 21 der"
136 1176 32 22 till
184 1182 40 20 ,en
239 1176 99 22 månad".
368 1177 42 26 Jag
425 1182 69 20 anser,
511 1179 32 19 att
557 1177 64 26 ingen
635 1177 120 26 kränkning
770 1176 22 22 af
805 1183 81 15 annans

66 1207 46 19 rätt
128 1204 171 27 ifrägakommer,
319 1211 34 14 om
369 1205 196 26 stomlägenhetens
581 1205 137 22 innehafvare
734 1205 93 22 tilldelas
842 1207 45 20 rätt

68 1233 33 21 till
119 1233 138 26 äterlösning,
277 1239 35 16 om
328 1233 38 21 det
380 1233 51 22 sker
445 1233 57 22 inom
518 1234 24 21 sä
556 1234 49 21 kort
620 1233 38 26 tid,
674 1235 32 20 att
721 1233 38 22 det
773 1234 47 21 icke
836 1233 51 22 rub-

67 1261 39 22 bar
125 1262 37 21 det
179 1268 43 21 nya
235 1261 73 28 köpet.
338 1261 33 27 En
385 1268 73 15 massa
473 1261 175 28 obehagligheter
663 1262 42 21 kan
721 1262 97 21 deremot
832 1268 55 21 upp-

68 1290 41 26 stä,
133 1296 35 15 om
189 1289 79 22 honom
283 1290 48 22 icke
350 1290 94 22 tilldelas
459 1291 104 26 rättighet
576 1290 34 22 till
625 1290 139 27 äterlösning.
794 1291 41 26 Jag
850 1291 39 22 ber

69 1318 76 26 derför,
162 1320 33 20 att
210 1318 149 28 ordalydelsen
375 1319 7 20 i
394 1319 168 27 propositionen,
578 1319 51 22 med
645 1319 69 22 denna
728 1319 125 28 förändring
867 1318 23 23 af

68 1349 33 19 tre
116 1347 102 21 mänader
232 1347 33 21 till
280 1354 33 19 en,
329 1347 68 21 mätte
412 1350 98 23 antagas.

136 1375 56 21 Herr
211 1375 109 25 Munck,
335 1374 27 21 K.
378 1375 34 21 F.:
428 1375 41 26 Jag
485 1375 94 21 biträder
594 1374 33 22 för
642 1373 64 28 öfrigt
720 1374 92 22 friherre
828 1375 60 21 Wre-

69 1402 38 22 des
128 1402 88 27 förslag,
239 1408 48 16 men
309 1402 97 22 ansluter
427 1403 43 27 mig
492 1402 67 22 hellre
578 1403 33 21 till
626 1402 27 22 de
667 1404 33 20 tre
715 1402 109 27 mänader,
842 1408 47 18 som

70 1432 40 22 den
133 1432 78 27 nädiga
230 1432 161 26 propositionen
407 1431 63 27 afser,
486 1431 81 22 hvilket
581 1430 81 28 förslag
677 1431 87 23 säledes
780 1431 108 22 öfverens-

70 1463 102 21 stämmer
185 1460 50 22 med
249 1462 139 20 reservanten
402 1460 50 22 herr
466 1460 111 22 Junnolas.

137 1490 56 22 Herr
211 1489 198 28 Montgomery:
432 1490 42 27 Jag
494 1490 109 26 erkänner,
620 1490 33 21 att
669 1490 39 22 den
724 1490 7 21 i
746 1490 78 26 nådiga
838 1496 50 21 pro-

69 1519 121 28 positionen
206 1518 106 28 stadgade
328 1518 132 28 rättigheten
476 1519 31 21 till
524 1518 137 28 äterlösning,
677 1521 60 20 utom
753 1519 36 22 det
804 1520 32 20 att
846 1519 42 22 den
