1073 1723
375 117 41 18 Den
429 117 22 18 14
463 117 94 19 Februari.
818 119 39 22 129

66 184 45 21 tast
132 182 33 22 för
180 184 33 21 att
235 185 77 25 genast
327 183 65 22 aflåta
406 185 41 21 den
463 184 29 22 till
509 184 103 27 utlandet,
630 190 47 17 men
692 184 122 28 antagligen
829 190 59 16 mera

68 211 68 23 sällan
151 212 7 21 i
174 211 64 28 afsigt
254 214 32 20 att
300 212 87 23 invänta
401 219 26 16 en
442 212 104 28 felslagen
564 213 64 22 skörd
644 213 40 22 och
697 213 62 22 deraf
764 212 124 23 föranledda

67 241 67 26 högre
150 241 160 27 spanmålspris.

135 269 43 22 Det
197 269 115 28 inflytande
334 270 81 22 kronan
433 276 77 21 genom
527 269 125 28 försäljning
671 270 23 22 af
707 271 47 21 sina
768 270 120 27 spanmåls-

67 297 97 22 förråder
183 298 41 21 kan
244 297 139 29 tilläfventyrs
398 299 73 22 utöfva
486 300 28 25 på
529 299 207 27 spanmålshandeln,
753 299 69 22 måste
838 305 50 15 vara

67 326 23 22 af
103 327 65 26 högst
182 326 60 28 ringa
260 327 118 27 betydelse,
395 329 51 20 enär
460 328 80 21 kronan
555 328 68 21 under
637 327 83 27 vanliga
734 327 154 26 förhållanden,

67 355 33 22 för
115 358 33 18 att
162 355 48 22 icke
226 356 118 27 nedtrycka
359 356 41 22 den
415 356 98 22 enskilda
528 356 169 27 spekulationen,
714 357 58 21 åsatt
782 356 32 21 sin
825 362 63 21 span-

68 383 43 22 mål
126 384 101 27 temligen
243 384 56 27 höga
314 385 50 26 pris.
395 385 47 21 Man
459 385 70 22 kunde
545 385 82 22 kanske
642 385 68 22 hellre
725 387 53 25 säga
788 387 33 19 att
829 385 61 22 detta

68 412 114 27 inflytande
206 413 67 21 under
291 413 58 22 vissa
368 413 147 22 förhållanden
532 417 24 18 är
571 413 23 22 af
606 420 55 21 gagn
676 413 33 22 för
724 415 37 20 det
776 414 112 26 allmänna,

68 442 90 21 emedan
180 441 81 22 kronan
284 442 68 21 under
370 443 127 21 missväxtår
516 443 42 21 kan
577 449 76 20 genom
669 444 33 20 att
717 443 32 20 till
764 442 126 28 försäljning

68 470 89 28 upplåta
179 471 47 21 sina
248 471 162 22 sädesförråder
431 472 111 21 motverka
562 473 33 20 att
610 471 180 28 spanmålsprisen
805 470 85 23 utöfver

70 499 27 21 all
112 499 68 22 måtta
196 499 129 27 uppdrifvas.
465 519 5 3 E

138 528 75 21 Såsom
228 528 142 27 petitionären
387 528 120 27 framhållit,
524 529 71 22 kunde
611 529 34 21 väl
660 529 6 21 i
682 529 52 28 följd
743 529 22 22 af
772 529 118 26 grundrän-

69 558 48 20 tans
140 557 119 26 utgörande
282 557 31 21 till
336 559 33 20 ett
383 557 36 22 fist
434 558 186 27 penningebelopp
635 558 126 27 uppbörden
777 557 61 22 deraf
850 564 40 21 ega

69 592 46 15 rum
132 586 68 21 under
215 585 56 22 olika
287 585 56 22 tider
358 585 23 22 af
394 587 52 21 året.
462 587 47 21 Den
522 587 75 26 fördel,
608 593 46 15 som
665 586 61 23 deraf
732 593 88 20 vunnes,
829 587 61 22 torde

70 614 54 22 dock
148 614 18 28 ej
187 617 99 25 uppväga
305 615 130 27 rättigheten
450 615 33 22 för
498 616 26 21 de
540 615 156 28 skattskyldige
712 617 32 20 att
759 615 21 22 fä
795 616 96 21 leverera

71 649 27 16 en
114 643 34 22 del
164 642 21 23 af
200 645 85 20 skatten
300 644 21 21 in
337 646 82 19 natura.
449 645 116 21 Dessutom
582 647 23 19 är
620 644 194 27 kronouppbörden
830 644 60 21 äfven

70 678 29 15 nu
120 671 98 22 fördelad
239 673 29 26 pä
287 673 105 21 särskilda
410 672 106 27 terminer,
537 673 105 27 nämligen
658 672 233 28 magasinsuppbörden

70 706 34 17 om
119 701 83 26 hösten,
223 701 40 21 den
279 701 107 27 egentliga
401 701 290 27 bolräkningen
564 697 10 35 -
582 701 109 27 merändels
706 702 68 21 under
790 702 102 21 Februari

71 729 41 22 och
132 729 58 22 Mars
213 729 103 22 månader
335 730 40 21 och
394 731 263 27 restuppbördsstämman
679 731 123 21 sedermera
825 730 67 22 under

70 759 75 27 loppet
159 758 23 22 af
195 759 70 21 våren.
300 759 109 22 Huruvida
423 759 125 27 ytterligare
563 759 84 22 lättnad
662 759 71 22 kunde
748 759 91 22 beredas
855 765 37 21 ge-

72 794 48 15 nom
136 789 27 20 än
178 786 52 23 flere
243 788 218 27 uppbördsstämmor,
479 790 23 20 är
517 794 25 16 en
559 788 45 27 sak;
621 794 46 16 som
682 788 42 22 kan
732 787 64 23 blifva
804 788 88 21 föremål

71 816 33 22 för
118 816 57 22 skild
190 816 105 28 pröfning.
711 840 5 3 N

139 845 33 22 De
190 844 198 28 hufvudsakligaste
409 845 22 22 af
449 852 29 16 nu
494 846 88 22 anförda
598 846 46 21 skäl
659 845 33 22 för
706 845 151 22 bibehällande
872 844 23 23 af

72 874 38 21 det
123 875 123 20 nuvarande
266 874 176 28 skattesystemet
457 874 62 23 hafva
534 875 61 22 äfven
611 875 89 22 kommit
714 875 7 21 i
737 874 156 27 öfvervägande

72 903 34 22 vid
129 903 125 27 pröfningen
277 904 6 21 i
307 903 120 27 Kejserliga
449 903 94 23 Senaten
566 903 23 22 af
610 903 131 22 Ständernas
757 903 35 22 vid
807 905 86 20 senaste

71 931 105 28 landtdag
197 932 75 27 gjorda
293 931 155 28 framställning
471 939 33 15 om
525 933 157 27 grundräntans
699 932 38 22 och
755 931 66 28 öfriga
834 931 59 28 jord-

72 961 95 21 skatters
181 960 133 27 förvandling
329 961 32 21 till
378 961 141 27 oföränderlig
533 961 176 27 penningeränta,
726 961 40 22 och
781 961 39 22 har
832 960 60 23 Hans

73 989 119 27 Kejserliga
215 989 102 28 Majestät
339 989 69 22 funnit
429 990 60 22 tiden
506 990 32 22 för
559 997 25 15 en
600 990 68 22 sädan
684 990 75 27 ätgärd
775 991 55 21 ännu
845 990 47 21 icke

72 1025 52 15 vara
138 1018 34 22 för
190 1019 95 27 handen;
301 1018 87 23 hvarom
404 1019 119 22 Ständerna
538 1019 96 22 kommer
649 1021 32 20 att
696 1019 7 21 i
718 1019 71 28 vanlig
804 1019 90 26 ordning

74 1047 109 27 delgifvas.

141 1077 47 21 Den
211 1077 23 21 af
253 1077 141 26 petitionären
419 1077 78 22 väckta
516 1077 61 27 fräga
597 1079 23 19 är
636 1077 61 26 dock,
713 1077 72 22 säsom
798 1076 37 27 jag
850 1075 46 22 haft

74 1108 50 19 äran
140 1105 81 26 anföra,
238 1105 22 22 af
276 1106 108 27 synnerlig
399 1106 44 27 vigt
459 1106 40 21 och
514 1106 39 21 bör
567 1106 47 21 frän
629 1106 77 27 mänga
721 1106 59 21 sidor
795 1105 99 22 skärskä-

74 1135 45 26 das,
140 1134 40 22 och
196 1134 49 22 ville
261 1134 38 28 jag
316 1134 70 22 derför
400 1134 33 23 för
447 1135 44 21 min
507 1135 35 21 del
557 1135 18 27 ej
592 1137 104 20 motsätta
706 1135 43 26 mig
764 1134 130 27 petitionens

74 1163 173 22 öfverlemnande
263 1163 32 22 till
310 1163 161 23 vederbörande
487 1164 90 21 utskott.

142 1192 56 22 Herr
219 1192 147 22 Mechelin:
389 1193 34 21 Dä
439 1193 40 21 den
499 1193 65 21 ärade
580 1192 82 22 talaren
678 1193 18 27 ej
714 1192 90 27 afstyrkt
820 1192 75 21 remiss

74 1221 33 22 till
122 1221 84 22 utskott
221 1221 23 21 af
257 1221 41 21 den
314 1221 22 21 af
349 1221 43 27 mig
406 1221 121 27 föreslagna
537 1221 125 28 petitionen,
671 1223 45 20 tror
722 1221 38 28 jag
767 1221 44 26 mig
818 1221 79 21 handla

74 1250 100 27 riktigast
188 1250 6 21 i
210 1251 34 20 att
258 1249 19 28 ej
293 1256 29 15 nu
338 1252 95 25 upptaga
446 1250 32 21 till
494 1250 128 22 bemötande
638 1250 26 21 de
680 1249 107 23 särskilda
798 1249 98 22 anmärk-

75 1279 81 27 ningar,
172 1285 46 15 som
234 1279 22 21 af
269 1279 49 22 herr
334 1279 110 21 Molander
459 1279 74 27 gjorts,
549 1279 57 21 helst
619 1279 37 27 jag
671 1279 185 25 istatsutskottet,
866 1278 31 21 dit

74 1307 75 28 frågan
164 1307 34 22 väl
213 1308 69 21 måste
297 1308 128 25 remitteras,
441 1307 40 22 blir
496 1308 6 21 i
519 1307 83 22 tillfälle
618 1309 34 20 att
666 1313 54 21 egna
735 1309 98 19 närmare
843 1313 54 20 upp-

76 1336 145 22 märksamhet
236 1336 23 21 åt
274 1336 26 22 de
315 1336 190 27 omständigheter,
522 1342 46 16 som
583 1336 73 21 kunna
671 1337 44 21 tala
730 1335 32 22 till
773 1335 81 22 förmån
865 1335 33 21 för

77 1365 41 21 den
133 1365 22 20 af
168 1365 50 21 herr
233 1365 111 20 Molander
359 1371 28 14 nu
402 1364 117 25 omfattade
531 1364 89 27 äsigten.
633 1375 27 4 —
670 1364 42 27 Jag
719 1363 129 22 inskränker
855 1363 43 27 mig

76 1393 31 21 till
123 1395 33 20 att
170 1392 86 22 anhälla
270 1399 34 15 om
319 1393 76 21 remiss
410 1393 33 21 till
458 1393 170 21 statsutskottet.

144 1422 56 21 Herr
215 1427 41 16 von
271 1421 146 27 Haartman,
434 1421 35 22 V.:
485 1421 33 22 Då
533 1421 75 27 frågan
624 1427 34 15 om
674 1427 26 15 en
715 1420 184 28 räntepersedels-

77 1451 129 27 omsättning
222 1451 49 21 kort
285 1450 46 22 före
347 1453 86 19 senaste
448 1450 104 27 landtdag
567 1450 39 22 hos
622 1450 105 28 styrelsen
742 1450 91 26 förevar,
844 1450 56 22 hade

74 1480 38 28 jag
127 1479 83 23 tillfälle
226 1481 32 20 att
272 1479 32 23 uti
320 1481 32 20 ett
367 1479 167 27 omständligare
550 1479 111 22 utlåtande
676 1479 75 22 anföra
766 1479 41 22 alla
818 1479 33 27 de,
863 1485 36 15 en-

76 1510 40 26 ligt
130 1509 43 22 min
192 1509 71 26 tanke,
280 1509 75 27 giltiga
370 1508 47 22 skäl
432 1514 46 16 som
494 1508 45 22 tala
552 1508 34 23 för
598 1508 206 28 jordbruksräntans
820 1509 80 21 omsät-

78 1538 65 22 tande
165 1538 32 22 till
219 1538 105 22 kontanta
345 1538 124 28 penningar.
503 1538 68 22 Detta
590 1537 22 22 af
630 1538 42 27 mig
688 1538 27 22 dä
730 1537 76 29 gjorda
820 1536 80 28 förslag

128 1579 16 18 k
831 1581 9 18 9
