<?xml version="1.0" encoding="UTF-8"?>
<alto xmlns="http://www.loc.gov/standards/alto/ns-v3#" xmlns:xlink="http://www.w3.org/1999/xlink" xmlns:xsi="http://www.w3.org/2001/XMLSchema-instance" xsi:schemaLocation="http://www.loc.gov/standards/alto/ns-v3# http://www.loc.gov/alto/v3/alto-3-0.xsd">
	<Description>
		<MeasurementUnit>pixel</MeasurementUnit>
		<sourceImageInformation>
			<fileName>/tmp/tess_lqj4ffn__input.PNG</fileName>
		</sourceImageInformation>
		<OCRProcessing ID="OCR_0">
			<ocrProcessingStep>
				<processingSoftware>
					<softwareName>tesseract 5.3.4</softwareName>
				</processingSoftware>
			</ocrProcessingStep>
		</OCRProcessing>
	</Description>
	<Layout>
		<Page WIDTH="1075" HEIGHT="1720" PHYSICAL_IMG_NR="0" ID="page_0">
			<PrintSpace HPOS="0" VPOS="0" WIDTH="1075" HEIGHT="1720">
				<ComposedBlock ID="cblock_0" HPOS="419" VPOS="111" WIDTH="446" HEIGHT="22">
					<TextBlock ID="block_0" HPOS="419" VPOS="111" WIDTH="446" HEIGHT="22">
						<TextLine ID="line_0" HPOS="419" VPOS="111" WIDTH="446" HEIGHT="22">
							<String ID="string_0" HPOS="419" VPOS="111" WIDTH="41" HEIGHT="18" WC="0.96" CONTENT="Den"/><SP WIDTH="14" VPOS="111" HPOS="460"/>
							<String ID="string_1" HPOS="474" VPOS="112" WIDTH="9" HEIGHT="15" WC="0.77" CONTENT="?"/><SP WIDTH="13" VPOS="112" HPOS="483"/>
							<String ID="string_2" HPOS="496" VPOS="111" WIDTH="55" HEIGHT="18" WC="0.96" CONTENT="Mars."/><SP WIDTH="274" VPOS="111" HPOS="551"/>
							<String ID="string_3" HPOS="825" VPOS="113" WIDTH="40" HEIGHT="20" WC="0.95" CONTENT="235"/>
						</TextLine>
					</TextBlock>
				</ComposedBlock>
				<ComposedBlock ID="cblock_1" HPOS="76" VPOS="175" WIDTH="833" HEIGHT="1378">
					<TextBlock ID="block_1" HPOS="76" VPOS="175" WIDTH="819" HEIGHT="281">
						<TextLine ID="line_1" HPOS="79" VPOS="175" WIDTH="816" HEIGHT="29">
							<String ID="string_4" HPOS="79" VPOS="175" WIDTH="60" HEIGHT="22" WC="0.96" CONTENT="detta"/><SP WIDTH="23" VPOS="175" HPOS="139"/>
							<String ID="string_5" HPOS="162" VPOS="177" WIDTH="144" HEIGHT="26" WC="0.96" CONTENT="guvernörens"/><SP WIDTH="21" VPOS="177" HPOS="306"/>
							<String ID="string_6" HPOS="327" VPOS="176" WIDTH="143" HEIGHT="23" WC="0.96" CONTENT="förordnande"/><SP WIDTH="23" VPOS="176" HPOS="470"/>
							<String ID="string_7" HPOS="493" VPOS="177" WIDTH="77" HEIGHT="22" WC="0.96" CONTENT="endast"/><SP WIDTH="21" VPOS="177" HPOS="570"/>
							<String ID="string_8" HPOS="591" VPOS="176" WIDTH="92" HEIGHT="23" WC="0.96" CONTENT="hänföra"/><SP WIDTH="22" VPOS="176" HPOS="683"/>
							<String ID="string_9" HPOS="705" VPOS="178" WIDTH="33" HEIGHT="26" WC="0.96" CONTENT="sig"/><SP WIDTH="14" VPOS="178" HPOS="738"/>
							<String ID="string_10" HPOS="752" VPOS="177" WIDTH="33" HEIGHT="22" WC="0.96" CONTENT="till"/><SP WIDTH="14" VPOS="177" HPOS="785"/>
							<String ID="string_11" HPOS="799" VPOS="178" WIDTH="33" HEIGHT="20" WC="0.96" CONTENT="att"/><SP WIDTH="14" VPOS="178" HPOS="832"/>
							<String ID="string_12" HPOS="846" VPOS="183" WIDTH="49" HEIGHT="16" WC="0.96" CONTENT="man"/>
						</TextLine>
						<TextLine ID="line_2" HPOS="78" VPOS="204" WIDTH="817" HEIGHT="29">
							<String ID="string_13" HPOS="78" VPOS="204" WIDTH="55" HEIGHT="22" WC="0.96" CONTENT="skall"/><SP WIDTH="15" VPOS="204" HPOS="133"/>
							<String ID="string_14" HPOS="148" VPOS="206" WIDTH="50" HEIGHT="26" WC="0.96" CONTENT="taga"/><SP WIDTH="14" VPOS="206" HPOS="198"/>
							<String ID="string_15" HPOS="212" VPOS="205" WIDTH="52" HEIGHT="21" WC="0.96" CONTENT="reda"/><SP WIDTH="15" VPOS="205" HPOS="264"/>
							<String ID="string_16" HPOS="279" VPOS="205" WIDTH="29" HEIGHT="27" WC="0.93" CONTENT="på"/><SP WIDTH="14" VPOS="205" HPOS="308"/>
							<String ID="string_17" HPOS="322" VPOS="205" WIDTH="152" HEIGHT="23" WC="0.91" CONTENT="lösdrifvarens"/><SP WIDTH="16" VPOS="205" HPOS="474"/>
							<String ID="string_18" HPOS="490" VPOS="212" WIDTH="54" HEIGHT="21" WC="0.96" CONTENT="egna"/><SP WIDTH="15" VPOS="212" HPOS="544"/>
							<String ID="string_19" HPOS="559" VPOS="206" WIDTH="121" HEIGHT="27" WC="0.93" CONTENT="tillgångar,"/><SP WIDTH="30" VPOS="206" HPOS="680"/>
							<String ID="string_20" HPOS="710" VPOS="206" WIDTH="50" HEIGHT="22" WC="0.96" CONTENT="Mitt"/><SP WIDTH="14" VPOS="206" HPOS="760"/>
							<String ID="string_21" HPOS="774" VPOS="206" WIDTH="80" HEIGHT="27" WC="0.93" CONTENT="förslag"/><SP WIDTH="10" VPOS="206" HPOS="854"/>
							<String ID="string_22" HPOS="864" VPOS="205" WIDTH="31" HEIGHT="23" WC="0.92" CONTENT="af-"/>
						</TextLine>
						<TextLine ID="line_3" HPOS="78" VPOS="233" WIDTH="817" HEIGHT="29">
							<String ID="string_23" HPOS="78" VPOS="233" WIDTH="38" HEIGHT="27" WC="0.93" CONTENT="såg"/><SP WIDTH="22" VPOS="233" HPOS="116"/>
							<String ID="string_24" HPOS="138" VPOS="233" WIDTH="97" HEIGHT="22" WC="0.91" CONTENT="deremot"/><SP WIDTH="21" VPOS="233" HPOS="235"/>
							<String ID="string_25" HPOS="256" VPOS="235" WIDTH="34" HEIGHT="21" WC="0.96" CONTENT="att"/><SP WIDTH="18" VPOS="235" HPOS="290"/>
							<String ID="string_26" HPOS="308" VPOS="234" WIDTH="7" HEIGHT="21" WC="0.96" CONTENT="i"/><SP WIDTH="15" VPOS="234" HPOS="315"/>
							<String ID="string_27" HPOS="330" VPOS="234" WIDTH="26" HEIGHT="22" WC="0.96" CONTENT="de"/><SP WIDTH="15" VPOS="234" HPOS="356"/>
							<String ID="string_28" HPOS="371" VPOS="234" WIDTH="44" HEIGHT="27" WC="0.96" CONTENT="fall,"/><SP WIDTH="17" VPOS="234" HPOS="415"/>
							<String ID="string_29" HPOS="432" VPOS="235" WIDTH="37" HEIGHT="21" WC="0.96" CONTENT="der"/><SP WIDTH="15" VPOS="235" HPOS="469"/>
							<String ID="string_30" HPOS="484" VPOS="236" WIDTH="133" HEIGHT="26" WC="0.96" CONTENT="guvernören"/><SP WIDTH="15" VPOS="236" HPOS="617"/>
							<String ID="string_31" HPOS="632" VPOS="234" WIDTH="68" HEIGHT="22" WC="0.96" CONTENT="finner"/><SP WIDTH="15" VPOS="234" HPOS="700"/>
							<String ID="string_32" HPOS="715" VPOS="235" WIDTH="78" HEIGHT="21" WC="0.93" CONTENT="sakens"/><SP WIDTH="16" VPOS="235" HPOS="793"/>
							<String ID="string_33" HPOS="809" VPOS="234" WIDTH="86" HEIGHT="22" WC="0.92" CONTENT="beskaf-"/>
						</TextLine>
						<TextLine ID="line_4" HPOS="77" VPOS="261" WIDTH="817" HEIGHT="30">
							<String ID="string_34" HPOS="77" VPOS="261" WIDTH="74" HEIGHT="23" WC="0.92" CONTENT="fenhet"/><SP WIDTH="14" VPOS="261" HPOS="151"/>
							<String ID="string_35" HPOS="165" VPOS="268" WIDTH="52" HEIGHT="16" WC="0.96" CONTENT="vara"/><SP WIDTH="15" VPOS="268" HPOS="217"/>
							<String ID="string_36" HPOS="232" VPOS="262" WIDTH="74" HEIGHT="27" WC="0.96" CONTENT="sådan,"/><SP WIDTH="16" VPOS="262" HPOS="306"/>
							<String ID="string_37" HPOS="322" VPOS="265" WIDTH="32" HEIGHT="19" WC="0.96" CONTENT="att"/><SP WIDTH="15" VPOS="265" HPOS="354"/>
							<String ID="string_38" HPOS="369" VPOS="263" WIDTH="127" HEIGHT="22" WC="0.96" CONTENT="kommunen"/><SP WIDTH="13" VPOS="263" HPOS="496"/>
							<String ID="string_39" HPOS="509" VPOS="264" WIDTH="69" HEIGHT="21" WC="0.93" CONTENT="borde"/><SP WIDTH="14" VPOS="264" HPOS="578"/>
							<String ID="string_40" HPOS="592" VPOS="263" WIDTH="111" HEIGHT="28" WC="0.91" CONTENT="förpligtas"/><SP WIDTH="17" VPOS="263" HPOS="703"/>
							<String ID="string_41" HPOS="720" VPOS="266" WIDTH="31" HEIGHT="19" WC="0.92" CONTENT="att"/><SP WIDTH="10" VPOS="266" HPOS="751"/>
							<String ID="string_42" HPOS="761" VPOS="263" WIDTH="64" HEIGHT="27" WC="0.92" CONTENT="gälda"/><SP WIDTH="9" VPOS="263" HPOS="825"/>
							<String ID="string_43" HPOS="834" VPOS="263" WIDTH="60" HEIGHT="22" WC="0.93" CONTENT="kost-"/>
						</TextLine>
						<TextLine ID="line_5" HPOS="77" VPOS="291" WIDTH="818" HEIGHT="28">
							<String ID="string_44" HPOS="77" VPOS="291" WIDTH="77" HEIGHT="27" WC="0.96" CONTENT="naden,"/><SP WIDTH="23" VPOS="291" HPOS="154"/>
							<String ID="string_45" HPOS="177" VPOS="293" WIDTH="130" HEIGHT="24" WC="0.96" CONTENT="guvernören"/><SP WIDTH="24" VPOS="293" HPOS="307"/>
							<String ID="string_46" HPOS="331" VPOS="292" WIDTH="39" HEIGHT="21" WC="0.96" CONTENT="bör"/><SP WIDTH="22" VPOS="292" HPOS="370"/>
							<String ID="string_47" HPOS="392" VPOS="292" WIDTH="85" HEIGHT="27" WC="0.95" CONTENT="vidtaga"/><SP WIDTH="22" VPOS="292" HPOS="477"/>
							<String ID="string_48" HPOS="499" VPOS="292" WIDTH="100" HEIGHT="26" WC="0.96" CONTENT="åtgärder"/><SP WIDTH="22" VPOS="292" HPOS="599"/>
							<String ID="string_49" HPOS="621" VPOS="294" WIDTH="33" HEIGHT="20" WC="0.95" CONTENT="att"/><SP WIDTH="21" VPOS="294" HPOS="654"/>
							<String ID="string_50" HPOS="675" VPOS="292" WIDTH="21" HEIGHT="22" WC="0.95" CONTENT="få"/><SP WIDTH="23" VPOS="292" HPOS="696"/>
							<String ID="string_51" HPOS="719" VPOS="292" WIDTH="69" HEIGHT="22" WC="0.95" CONTENT="denna"/><SP WIDTH="14" VPOS="292" HPOS="788"/>
							<String ID="string_52" HPOS="802" VPOS="292" WIDTH="93" HEIGHT="22" WC="0.96" CONTENT="kostnad"/>
						</TextLine>
						<TextLine ID="line_6" HPOS="79" VPOS="319" WIDTH="816" HEIGHT="29">
							<String ID="string_53" HPOS="79" VPOS="319" WIDTH="22" HEIGHT="21" WC="0.93" CONTENT="af"/><SP WIDTH="20" VPOS="319" HPOS="101"/>
							<String ID="string_54" HPOS="121" VPOS="319" WIDTH="146" HEIGHT="22" WC="0.91" CONTENT="lösdrifvaren."/><SP WIDTH="31" VPOS="319" HPOS="267"/>
							<String ID="string_55" HPOS="298" VPOS="320" WIDTH="42" HEIGHT="27" WC="0.96" CONTENT="Jag"/><SP WIDTH="21" VPOS="320" HPOS="340"/>
							<String ID="string_56" HPOS="361" VPOS="321" WIDTH="85" HEIGHT="27" WC="0.96" CONTENT="yttrade"/><SP WIDTH="20" VPOS="321" HPOS="446"/>
							<String ID="string_57" HPOS="466" VPOS="322" WIDTH="32" HEIGHT="20" WC="0.93" CONTENT="att"/><SP WIDTH="15" VPOS="322" HPOS="498"/>
							<String ID="string_58" HPOS="513" VPOS="321" WIDTH="161" HEIGHT="27" WC="0.91" CONTENT="konseqvensen"/><SP WIDTH="17" VPOS="321" HPOS="674"/>
							<String ID="string_59" HPOS="691" VPOS="320" WIDTH="70" HEIGHT="22" WC="0.96" CONTENT="skulle"/><SP WIDTH="15" VPOS="320" HPOS="761"/>
							<String ID="string_60" HPOS="776" VPOS="320" WIDTH="70" HEIGHT="27" WC="0.94" CONTENT="blifva,"/><SP WIDTH="17" VPOS="320" HPOS="846"/>
							<String ID="string_61" HPOS="863" VPOS="322" WIDTH="32" HEIGHT="20" WC="0.96" CONTENT="att"/>
						</TextLine>
						<TextLine ID="line_7" HPOS="78" VPOS="348" WIDTH="817" HEIGHT="28">
							<String ID="string_62" HPOS="78" VPOS="354" WIDTH="34" HEIGHT="15" WC="0.96" CONTENT="om"/><SP WIDTH="22" VPOS="354" HPOS="112"/>
							<String ID="string_63" HPOS="134" VPOS="348" WIDTH="128" HEIGHT="22" WC="0.96" CONTENT="kommunen"/><SP WIDTH="18" VPOS="348" HPOS="262"/>
							<String ID="string_64" HPOS="280" VPOS="351" WIDTH="82" HEIGHT="25" WC="0.95" CONTENT="vägrar,"/><SP WIDTH="17" VPOS="351" HPOS="362"/>
							<String ID="string_65" HPOS="379" VPOS="349" WIDTH="69" HEIGHT="22" WC="0.96" CONTENT="skulle"/><SP WIDTH="16" VPOS="349" HPOS="448"/>
							<String ID="string_66" HPOS="464" VPOS="350" WIDTH="36" HEIGHT="22" WC="0.95" CONTENT="det"/><SP WIDTH="15" VPOS="350" HPOS="500"/>
							<String ID="string_67" HPOS="515" VPOS="349" WIDTH="64" HEIGHT="22" WC="0.96" CONTENT="blifva"/><SP WIDTH="16" VPOS="349" HPOS="579"/>
							<String ID="string_68" HPOS="595" VPOS="349" WIDTH="92" HEIGHT="22" WC="0.95" CONTENT="domstol"/><SP WIDTH="15" VPOS="349" HPOS="687"/>
							<String ID="string_69" HPOS="702" VPOS="356" WIDTH="46" HEIGHT="15" WC="0.95" CONTENT="som"/><SP WIDTH="15" VPOS="356" HPOS="748"/>
							<String ID="string_70" HPOS="763" VPOS="349" WIDTH="84" HEIGHT="22" WC="0.96" CONTENT="komme"/><SP WIDTH="16" VPOS="349" HPOS="847"/>
							<String ID="string_71" HPOS="863" VPOS="351" WIDTH="32" HEIGHT="20" WC="0.96" CONTENT="att"/>
						</TextLine>
						<TextLine ID="line_8" HPOS="78" VPOS="376" WIDTH="816" HEIGHT="28">
							<String ID="string_72" HPOS="78" VPOS="376" WIDTH="74" HEIGHT="26" WC="0.91" CONTENT="afgöra"/><SP WIDTH="15" VPOS="376" HPOS="152"/>
							<String ID="string_73" HPOS="167" VPOS="377" WIDTH="73" HEIGHT="21" WC="0.96" CONTENT="saken."/><SP WIDTH="30" VPOS="377" HPOS="240"/>
							<String ID="string_74" HPOS="270" VPOS="377" WIDTH="50" HEIGHT="22" WC="0.96" CONTENT="Just"/><SP WIDTH="15" VPOS="377" HPOS="320"/>
							<String ID="string_75" HPOS="335" VPOS="378" WIDTH="60" HEIGHT="21" WC="0.96" CONTENT="detta"/><SP WIDTH="15" VPOS="378" HPOS="395"/>
							<String ID="string_76" HPOS="410" VPOS="378" WIDTH="67" HEIGHT="22" WC="0.96" CONTENT="borde"/><SP WIDTH="15" VPOS="378" HPOS="477"/>
							<String ID="string_77" HPOS="492" VPOS="378" WIDTH="103" HEIGHT="22" WC="0.96" CONTENT="särskildt"/><SP WIDTH="15" VPOS="378" HPOS="595"/>
							<String ID="string_78" HPOS="610" VPOS="378" WIDTH="106" HEIGHT="22" WC="0.96" CONTENT="erkännas"/><SP WIDTH="16" VPOS="378" HPOS="716"/>
							<String ID="string_79" HPOS="732" VPOS="378" WIDTH="30" HEIGHT="26" WC="0.96" CONTENT="så,"/><SP WIDTH="10" VPOS="378" HPOS="762"/>
							<String ID="string_80" HPOS="772" VPOS="380" WIDTH="33" HEIGHT="20" WC="0.90" CONTENT="att"/><SP WIDTH="8" VPOS="380" HPOS="805"/>
							<String ID="string_81" HPOS="813" VPOS="378" WIDTH="36" HEIGHT="22" WC="0.81" CONTENT="det"/><SP WIDTH="8" VPOS="378" HPOS="849"/>
							<String ID="string_82" HPOS="857" VPOS="378" WIDTH="37" HEIGHT="22" WC="0.92" CONTENT="be-"/>
						</TextLine>
						<TextLine ID="line_9" HPOS="76" VPOS="405" WIDTH="818" HEIGHT="28">
							<String ID="string_83" HPOS="76" VPOS="405" WIDTH="75" HEIGHT="22" WC="0.91" CONTENT="höfves"/><SP WIDTH="17" VPOS="405" HPOS="151"/>
							<String ID="string_84" HPOS="168" VPOS="406" WIDTH="103" HEIGHT="21" WC="0.92" CONTENT="domstols"/><SP WIDTH="15" VPOS="406" HPOS="271"/>
							<String ID="string_85" HPOS="286" VPOS="406" WIDTH="98" HEIGHT="27" WC="0.92" CONTENT="pröfning"/><SP WIDTH="15" VPOS="406" HPOS="384"/>
							<String ID="string_86" HPOS="399" VPOS="406" WIDTH="32" HEIGHT="22" WC="0.96" CONTENT="för"/><SP WIDTH="15" VPOS="406" HPOS="431"/>
							<String ID="string_87" HPOS="446" VPOS="408" WIDTH="33" HEIGHT="20" WC="0.88" CONTENT="att"/><SP WIDTH="8" VPOS="408" HPOS="479"/>
							<String ID="string_88" HPOS="487" VPOS="407" WIDTH="78" HEIGHT="26" WC="0.88" CONTENT="afgöra,"/><SP WIDTH="13" VPOS="407" HPOS="565"/>
							<String ID="string_89" HPOS="578" VPOS="412" WIDTH="34" HEIGHT="16" WC="0.96" CONTENT="om"/><SP WIDTH="10" VPOS="412" HPOS="612"/>
							<String ID="string_90" HPOS="622" VPOS="407" WIDTH="119" HEIGHT="21" WC="0.95" CONTENT="kostnaden"/><SP WIDTH="8" VPOS="407" HPOS="741"/>
							<String ID="string_91" HPOS="749" VPOS="406" WIDTH="56" HEIGHT="22" WC="0.95" CONTENT="skall"/><SP WIDTH="8" VPOS="406" HPOS="805"/>
							<String ID="string_92" HPOS="813" VPOS="407" WIDTH="81" HEIGHT="21" WC="0.96" CONTENT="drabba"/>
						</TextLine>
						<TextLine ID="line_10" HPOS="76" VPOS="433" WIDTH="264" HEIGHT="23">
							<String ID="string_93" HPOS="76" VPOS="433" WIDTH="128" HEIGHT="22" WC="0.96" CONTENT="kommunen"/><SP WIDTH="17" VPOS="433" HPOS="204"/>
							<String ID="string_94" HPOS="221" VPOS="434" WIDTH="51" HEIGHT="21" WC="0.96" CONTENT="eller"/><SP WIDTH="14" VPOS="434" HPOS="272"/>
							<String ID="string_95" HPOS="286" VPOS="435" WIDTH="54" HEIGHT="21" WC="0.79" CONTENT="icke."/>
						</TextLine>
					</TextBlock>
					<TextBlock ID="block_2" HPOS="76" VPOS="463" WIDTH="833" HEIGHT="256">
						<TextLine ID="line_11" HPOS="144" VPOS="463" WIDTH="750" HEIGHT="27">
							<String ID="string_96" HPOS="144" VPOS="463" WIDTH="56" HEIGHT="21" WC="0.95" CONTENT="Herr"/><SP WIDTH="16" VPOS="463" HPOS="200"/>
							<String ID="string_97" HPOS="216" VPOS="463" WIDTH="22" HEIGHT="21" WC="0.95" CONTENT="af"/><SP WIDTH="12" VPOS="463" HPOS="238"/>
							<String ID="string_98" HPOS="250" VPOS="463" WIDTH="146" HEIGHT="22" WC="0.96" CONTENT="Forselles:"/><SP WIDTH="21" VPOS="463" HPOS="396"/>
							<String ID="string_99" HPOS="417" VPOS="463" WIDTH="42" HEIGHT="27" WC="0.96" CONTENT="Jag"/><SP WIDTH="14" VPOS="463" HPOS="459"/>
							<String ID="string_100" HPOS="473" VPOS="463" WIDTH="39" HEIGHT="22" WC="0.96" CONTENT="har"/><SP WIDTH="14" VPOS="463" HPOS="512"/>
							<String ID="string_101" HPOS="526" VPOS="464" WIDTH="34" HEIGHT="22" WC="0.96" CONTENT="för"/><SP WIDTH="14" VPOS="464" HPOS="560"/>
							<String ID="string_102" HPOS="574" VPOS="463" WIDTH="43" HEIGHT="22" WC="0.96" CONTENT="min"/><SP WIDTH="15" VPOS="463" HPOS="617"/>
							<String ID="string_103" HPOS="632" VPOS="463" WIDTH="35" HEIGHT="22" WC="0.96" CONTENT="del"/><SP WIDTH="15" VPOS="463" HPOS="667"/>
							<String ID="string_104" HPOS="682" VPOS="463" WIDTH="48" HEIGHT="22" WC="0.96" CONTENT="icke"/><SP WIDTH="15" VPOS="463" HPOS="730"/>
							<String ID="string_105" HPOS="745" VPOS="463" WIDTH="82" HEIGHT="22" WC="0.93" CONTENT="kunnat"/><SP WIDTH="15" VPOS="463" HPOS="827"/>
							<String ID="string_106" HPOS="842" VPOS="463" WIDTH="52" HEIGHT="22" WC="0.91" CONTENT="hän-"/>
						</TextLine>
						<TextLine ID="line_12" HPOS="76" VPOS="490" WIDTH="818" HEIGHT="29">
							<String ID="string_107" HPOS="76" VPOS="490" WIDTH="46" HEIGHT="22" WC="0.96" CONTENT="föra"/><SP WIDTH="23" VPOS="490" HPOS="122"/>
							<String ID="string_108" HPOS="145" VPOS="491" WIDTH="37" HEIGHT="22" WC="0.95" CONTENT="det"/><SP WIDTH="22" VPOS="491" HPOS="182"/>
							<String ID="string_109" HPOS="204" VPOS="497" WIDTH="75" HEIGHT="16" WC="0.95" CONTENT="senare"/><SP WIDTH="18" VPOS="497" HPOS="279"/>
							<String ID="string_110" HPOS="297" VPOS="493" WIDTH="117" HEIGHT="20" WC="0.96" CONTENT="momentet"/><SP WIDTH="15" VPOS="493" HPOS="414"/>
							<String ID="string_111" HPOS="429" VPOS="492" WIDTH="23" HEIGHT="21" WC="0.96" CONTENT="af"/><SP WIDTH="13" VPOS="492" HPOS="452"/>
							<String ID="string_112" HPOS="465" VPOS="493" WIDTH="68" HEIGHT="22" WC="0.91" CONTENT="denna"/><SP WIDTH="16" VPOS="493" HPOS="533"/>
							<String ID="string_113" HPOS="549" VPOS="493" WIDTH="11" HEIGHT="26" WC="0.91" CONTENT="$"/><SP WIDTH="16" VPOS="493" HPOS="560"/>
							<String ID="string_114" HPOS="576" VPOS="493" WIDTH="76" HEIGHT="21" WC="0.93" CONTENT="endast"/><SP WIDTH="15" VPOS="493" HPOS="652"/>
							<String ID="string_115" HPOS="667" VPOS="492" WIDTH="87" HEIGHT="26" WC="0.89" CONTENT="derhän,"/><SP WIDTH="17" VPOS="492" HPOS="754"/>
							<String ID="string_116" HPOS="771" VPOS="494" WIDTH="32" HEIGHT="20" WC="0.91" CONTENT="att"/><SP WIDTH="15" VPOS="494" HPOS="803"/>
							<String ID="string_117" HPOS="818" VPOS="498" WIDTH="76" HEIGHT="21" WC="0.91" CONTENT="guver-"/>
						</TextLine>
						<TextLine ID="line_13" HPOS="77" VPOS="520" WIDTH="818" HEIGHT="28">
							<String ID="string_118" HPOS="77" VPOS="521" WIDTH="66" HEIGHT="20" WC="0.91" CONTENT="nören"/><SP WIDTH="15" VPOS="521" HPOS="143"/>
							<String ID="string_119" HPOS="158" VPOS="520" WIDTH="55" HEIGHT="27" WC="0.92" CONTENT="egde"/><SP WIDTH="15" VPOS="520" HPOS="213"/>
							<String ID="string_120" HPOS="228" VPOS="520" WIDTH="56" HEIGHT="22" WC="0.95" CONTENT="tillse"/><SP WIDTH="16" VPOS="520" HPOS="284"/>
							<String ID="string_121" HPOS="300" VPOS="521" WIDTH="37" HEIGHT="21" WC="0.96" CONTENT="det"/><SP WIDTH="15" VPOS="521" HPOS="337"/>
							<String ID="string_122" HPOS="352" VPOS="521" WIDTH="41" HEIGHT="21" WC="0.96" CONTENT="alla"/><SP WIDTH="15" VPOS="521" HPOS="393"/>
							<String ID="string_123" HPOS="408" VPOS="521" WIDTH="86" HEIGHT="27" WC="0.94" CONTENT="möjliga"/><SP WIDTH="13" VPOS="521" HPOS="494"/>
							<String ID="string_124" HPOS="507" VPOS="521" WIDTH="114" HEIGHT="27" WC="0.96" CONTENT="tillgångar"/><SP WIDTH="8" VPOS="521" HPOS="621"/>
							<String ID="string_125" HPOS="629" VPOS="521" WIDTH="39" HEIGHT="22" WC="0.92" CONTENT="hos"/><SP WIDTH="8" VPOS="521" HPOS="668"/>
							<String ID="string_126" HPOS="676" VPOS="521" WIDTH="141" HEIGHT="22" WC="0.92" CONTENT="lösdrifvaren"/><SP WIDTH="8" VPOS="521" HPOS="817"/>
							<String ID="string_127" HPOS="825" VPOS="521" WIDTH="70" HEIGHT="22" WC="0.96" CONTENT="skulle"/>
						</TextLine>
						<TextLine ID="line_14" HPOS="77" VPOS="549" WIDTH="832" HEIGHT="28">
							<String ID="string_128" HPOS="77" VPOS="551" WIDTH="61" HEIGHT="24" WC="0.96" CONTENT="tagas"/><SP WIDTH="23" VPOS="551" HPOS="138"/>
							<String ID="string_129" HPOS="161" VPOS="549" WIDTH="7" HEIGHT="21" WC="0.96" CONTENT="i"/><SP WIDTH="22" VPOS="549" HPOS="168"/>
							<String ID="string_130" HPOS="190" VPOS="551" WIDTH="52" HEIGHT="24" WC="0.96" CONTENT="mät,"/><SP WIDTH="16" VPOS="551" HPOS="242"/>
							<String ID="string_131" HPOS="258" VPOS="549" WIDTH="40" HEIGHT="22" WC="0.96" CONTENT="och"/><SP WIDTH="19" VPOS="549" HPOS="298"/>
							<String ID="string_132" HPOS="317" VPOS="551" WIDTH="52" HEIGHT="25" WC="0.96" CONTENT="tror,"/><SP WIDTH="23" VPOS="551" HPOS="369"/>
							<String ID="string_133" HPOS="392" VPOS="549" WIDTH="71" HEIGHT="22" WC="0.96" CONTENT="såsom"/><SP WIDTH="16" VPOS="549" HPOS="463"/>
							<String ID="string_134" HPOS="479" VPOS="550" WIDTH="49" HEIGHT="21" WC="0.93" CONTENT="herr"/><SP WIDTH="14" VPOS="550" HPOS="528"/>
							<String ID="string_135" HPOS="542" VPOS="550" WIDTH="106" HEIGHT="21" WC="0.92" CONTENT="Mechelin"/><SP WIDTH="15" VPOS="550" HPOS="648"/>
							<String ID="string_136" HPOS="663" VPOS="550" WIDTH="66" HEIGHT="21" WC="0.94" CONTENT="redan"/><SP WIDTH="15" VPOS="550" HPOS="729"/>
							<String ID="string_137" HPOS="744" VPOS="556" WIDTH="50" HEIGHT="21" WC="0.96" CONTENT="nyss"/><SP WIDTH="16" VPOS="556" HPOS="794"/>
							<String ID="string_138" HPOS="810" VPOS="550" WIDTH="83" HEIGHT="26" WC="0.93" CONTENT="nämde,"/><SP WIDTH="14" VPOS="550" HPOS="893"/>
							<String ID="string_139" HPOS="907" VPOS="560" WIDTH="2" HEIGHT="3" WC="0.90" CONTENT=":"/>
						</TextLine>
						<TextLine ID="line_15" HPOS="77" VPOS="577" WIDTH="816" HEIGHT="28">
							<String ID="string_140" HPOS="77" VPOS="579" WIDTH="33" HEIGHT="20" WC="0.96" CONTENT="att"/><SP WIDTH="13" VPOS="579" HPOS="110"/>
							<String ID="string_141" HPOS="123" VPOS="578" WIDTH="7" HEIGHT="20" WC="0.96" CONTENT="i"/><SP WIDTH="22" VPOS="578" HPOS="130"/>
							<String ID="string_142" HPOS="152" VPOS="578" WIDTH="78" HEIGHT="21" WC="0.96" CONTENT="sådant"/><SP WIDTH="13" VPOS="578" HPOS="230"/>
							<String ID="string_143" HPOS="243" VPOS="577" WIDTH="36" HEIGHT="22" WC="0.95" CONTENT="fall"/><SP WIDTH="20" VPOS="577" HPOS="279"/>
							<String ID="string_144" HPOS="299" VPOS="579" WIDTH="145" HEIGHT="26" WC="0.93" CONTENT="guvernörens"/><SP WIDTH="16" VPOS="579" HPOS="444"/>
							<String ID="string_145" HPOS="460" VPOS="579" WIDTH="141" HEIGHT="26" WC="0.91" CONTENT="tillgöranden"/><SP WIDTH="15" VPOS="579" HPOS="601"/>
							<String ID="string_146" HPOS="616" VPOS="579" WIDTH="6" HEIGHT="20" WC="0.96" CONTENT="i"/><SP WIDTH="16" VPOS="579" HPOS="622"/>
							<String ID="string_147" HPOS="638" VPOS="579" WIDTH="83" HEIGHT="26" WC="0.96" CONTENT="ganska"/><SP WIDTH="14" VPOS="579" HPOS="721"/>
							<String ID="string_148" HPOS="735" VPOS="578" WIDTH="22" HEIGHT="22" WC="0.96" CONTENT="få"/><SP WIDTH="14" VPOS="578" HPOS="757"/>
							<String ID="string_149" HPOS="771" VPOS="578" WIDTH="36" HEIGHT="22" WC="0.95" CONTENT="fall"/><SP WIDTH="16" VPOS="578" HPOS="807"/>
							<String ID="string_150" HPOS="823" VPOS="578" WIDTH="70" HEIGHT="22" WC="0.95" CONTENT="skulle"/>
						</TextLine>
						<TextLine ID="line_16" HPOS="78" VPOS="607" WIDTH="817" HEIGHT="28">
							<String ID="string_151" HPOS="78" VPOS="608" WIDTH="60" HEIGHT="25" WC="0.96" CONTENT="tagas"/><SP WIDTH="16" VPOS="608" HPOS="138"/>
							<String ID="string_152" HPOS="154" VPOS="607" WIDTH="7" HEIGHT="20" WC="0.95" CONTENT="i"/><SP WIDTH="16" VPOS="607" HPOS="161"/>
							<String ID="string_153" HPOS="177" VPOS="607" WIDTH="98" HEIGHT="27" WC="0.96" CONTENT="anspråk."/><SP WIDTH="17" VPOS="607" HPOS="275"/>
							<String ID="string_154" HPOS="292" VPOS="607" WIDTH="61" HEIGHT="22" WC="0.96" CONTENT="Dock"/><SP WIDTH="15" VPOS="607" HPOS="353"/>
							<String ID="string_155" HPOS="368" VPOS="607" WIDTH="39" HEIGHT="21" WC="0.96" CONTENT="har"/><SP WIDTH="12" VPOS="607" HPOS="407"/>
							<String ID="string_156" HPOS="419" VPOS="607" WIDTH="42" HEIGHT="27" WC="0.96" CONTENT="jag,"/><SP WIDTH="18" VPOS="607" HPOS="461"/>
							<String ID="string_157" HPOS="479" VPOS="607" WIDTH="71" HEIGHT="22" WC="0.96" CONTENT="såsom"/><SP WIDTH="13" VPOS="607" HPOS="550"/>
							<String ID="string_158" HPOS="563" VPOS="607" WIDTH="38" HEIGHT="28" WC="0.96" CONTENT="jag"/><SP WIDTH="14" VPOS="607" HPOS="601"/>
							<String ID="string_159" HPOS="615" VPOS="607" WIDTH="57" HEIGHT="22" WC="0.96" CONTENT="förut"/><SP WIDTH="10" VPOS="607" HPOS="672"/>
							<String ID="string_160" HPOS="682" VPOS="608" WIDTH="91" HEIGHT="27" WC="0.96" CONTENT="yttrade,"/><SP WIDTH="12" VPOS="608" HPOS="773"/>
							<String ID="string_161" HPOS="785" VPOS="607" WIDTH="110" HEIGHT="27" WC="0.96" CONTENT="ingenting"/>
						</TextLine>
						<TextLine ID="line_17" HPOS="78" VPOS="635" WIDTH="817" HEIGHT="28">
							<String ID="string_162" HPOS="78" VPOS="637" WIDTH="58" HEIGHT="20" WC="0.96" CONTENT="emot"/><SP WIDTH="22" VPOS="637" HPOS="136"/>
							<String ID="string_163" HPOS="158" VPOS="635" WIDTH="50" HEIGHT="22" WC="0.92" CONTENT="herr"/><SP WIDTH="17" VPOS="635" HPOS="208"/>
							<String ID="string_164" HPOS="225" VPOS="635" WIDTH="117" HEIGHT="22" WC="0.91" CONTENT="Mechelins"/><SP WIDTH="16" VPOS="635" HPOS="342"/>
							<String ID="string_165" HPOS="358" VPOS="635" WIDTH="74" HEIGHT="28" WC="0.96" CONTENT="tillägg"/><SP WIDTH="15" VPOS="635" HPOS="432"/>
							<String ID="string_166" HPOS="447" VPOS="636" WIDTH="40" HEIGHT="21" WC="0.96" CONTENT="och"/><SP WIDTH="15" VPOS="636" HPOS="487"/>
							<String ID="string_167" HPOS="502" VPOS="637" WIDTH="39" HEIGHT="21" WC="0.96" CONTENT="ber"/><SP WIDTH="14" VPOS="637" HPOS="541"/>
							<String ID="string_168" HPOS="555" VPOS="637" WIDTH="92" HEIGHT="20" WC="0.96" CONTENT="tvärtom"/><SP WIDTH="15" VPOS="637" HPOS="647"/>
							<String ID="string_169" HPOS="662" VPOS="642" WIDTH="28" HEIGHT="15" WC="0.96" CONTENT="nu"/><SP WIDTH="15" VPOS="642" HPOS="690"/>
							<String ID="string_170" HPOS="705" VPOS="635" WIDTH="22" HEIGHT="22" WC="0.96" CONTENT="få"/><SP WIDTH="14" VPOS="635" HPOS="727"/>
							<String ID="string_171" HPOS="741" VPOS="635" WIDTH="74" HEIGHT="22" WC="0.96" CONTENT="förena"/><SP WIDTH="14" VPOS="635" HPOS="815"/>
							<String ID="string_172" HPOS="829" VPOS="636" WIDTH="43" HEIGHT="27" WC="0.96" CONTENT="mig"/><SP WIDTH="17" VPOS="636" HPOS="872"/>
							<String ID="string_173" HPOS="889" VPOS="636" WIDTH="6" HEIGHT="21" WC="0.96" CONTENT="i"/>
						</TextLine>
						<TextLine ID="line_18" HPOS="77" VPOS="663" WIDTH="817" HEIGHT="28">
							<String ID="string_174" HPOS="77" VPOS="663" WIDTH="54" HEIGHT="22" WC="0.95" CONTENT="hans"/><SP WIDTH="15" VPOS="663" HPOS="131"/>
							<String ID="string_175" HPOS="146" VPOS="664" WIDTH="100" HEIGHT="27" WC="0.95" CONTENT="yrkande,"/><SP WIDTH="17" VPOS="664" HPOS="246"/>
							<String ID="string_176" HPOS="263" VPOS="664" WIDTH="28" HEIGHT="21" WC="0.97" CONTENT="då"/><SP WIDTH="15" VPOS="664" HPOS="291"/>
							<String ID="string_177" HPOS="306" VPOS="665" WIDTH="61" HEIGHT="20" WC="0.96" CONTENT="detta"/><SP WIDTH="14" VPOS="665" HPOS="367"/>
							<String ID="string_178" HPOS="381" VPOS="670" WIDTH="76" HEIGHT="16" WC="0.96" CONTENT="senare"/><SP WIDTH="15" VPOS="670" HPOS="457"/>
							<String ID="string_179" HPOS="472" VPOS="667" WIDTH="94" HEIGHT="22" WC="0.96" CONTENT="moment"/><SP WIDTH="14" VPOS="667" HPOS="566"/>
							<String ID="string_180" HPOS="580" VPOS="665" WIDTH="7" HEIGHT="21" WC="0.96" CONTENT="i"/><SP WIDTH="16" VPOS="665" HPOS="587"/>
							<String ID="string_181" HPOS="603" VPOS="665" WIDTH="41" HEIGHT="20" WC="0.96" CONTENT="alla"/><SP WIDTH="15" VPOS="665" HPOS="644"/>
							<String ID="string_182" HPOS="659" VPOS="664" WIDTH="36" HEIGHT="22" WC="0.94" CONTENT="fall"/><SP WIDTH="13" VPOS="664" HPOS="695"/>
							<String ID="string_183" HPOS="708" VPOS="665" WIDTH="36" HEIGHT="21" WC="0.94" CONTENT="kan"/><SP WIDTH="12" VPOS="665" HPOS="744"/>
							<String ID="string_184" HPOS="756" VPOS="664" WIDTH="56" HEIGHT="27" WC="0.93" CONTENT="gifva"/><SP WIDTH="9" VPOS="664" HPOS="812"/>
							<String ID="string_185" HPOS="821" VPOS="664" WIDTH="73" HEIGHT="22" WC="0.92" CONTENT="anled-"/>
						</TextLine>
						<TextLine ID="line_19" HPOS="78" VPOS="692" WIDTH="457" HEIGHT="27">
							<String ID="string_186" HPOS="78" VPOS="693" WIDTH="51" HEIGHT="26" WC="0.96" CONTENT="ning"/><SP WIDTH="15" VPOS="693" HPOS="129"/>
							<String ID="string_187" HPOS="144" VPOS="692" WIDTH="32" HEIGHT="21" WC="0.96" CONTENT="till"/><SP WIDTH="16" VPOS="692" HPOS="176"/>
							<String ID="string_188" HPOS="192" VPOS="693" WIDTH="118" HEIGHT="26" WC="0.96" CONTENT="otydlighet"/><SP WIDTH="14" VPOS="693" HPOS="310"/>
							<String ID="string_189" HPOS="324" VPOS="693" WIDTH="40" HEIGHT="21" WC="0.96" CONTENT="och"/><SP WIDTH="15" VPOS="693" HPOS="364"/>
							<String ID="string_190" HPOS="379" VPOS="693" WIDTH="156" HEIGHT="22" WC="0.96" CONTENT="missförstånd."/>
						</TextLine>
					</TextBlock>
					<TextBlock ID="block_3" HPOS="145" VPOS="721" WIDTH="748" HEIGHT="27">
						<TextLine ID="line_20" HPOS="145" VPOS="721" WIDTH="748" HEIGHT="27">
							<String ID="string_191" HPOS="145" VPOS="721" WIDTH="57" HEIGHT="21" WC="0.93" CONTENT="Herr"/><SP WIDTH="20" VPOS="721" HPOS="202"/>
							<String ID="string_192" HPOS="222" VPOS="721" WIDTH="146" HEIGHT="27" WC="0.92" CONTENT="Järnefelt,"/><SP WIDTH="21" VPOS="721" HPOS="368"/>
							<String ID="string_193" HPOS="389" VPOS="721" WIDTH="84" HEIGHT="27" WC="0.96" CONTENT="Gustaf,"/><SP WIDTH="15" VPOS="721" HPOS="473"/>
							<String ID="string_194" HPOS="488" VPOS="721" WIDTH="101" HEIGHT="23" WC="0.96" CONTENT="förenade"/><SP WIDTH="15" VPOS="721" HPOS="589"/>
							<String ID="string_195" HPOS="604" VPOS="722" WIDTH="34" HEIGHT="26" WC="0.96" CONTENT="sig"/><SP WIDTH="15" VPOS="722" HPOS="638"/>
							<String ID="string_196" HPOS="653" VPOS="721" WIDTH="48" HEIGHT="22" WC="0.96" CONTENT="med"/><SP WIDTH="15" VPOS="721" HPOS="701"/>
							<String ID="string_197" HPOS="716" VPOS="722" WIDTH="51" HEIGHT="21" WC="0.93" CONTENT="herr"/><SP WIDTH="14" VPOS="722" HPOS="767"/>
							<String ID="string_198" HPOS="781" VPOS="722" WIDTH="112" HEIGHT="21" WC="0.90" CONTENT="Mechelin."/>
						</TextLine>
					</TextBlock>
					<TextBlock ID="block_4" HPOS="79" VPOS="749" WIDTH="817" HEIGHT="58">
						<TextLine ID="line_21" HPOS="146" VPOS="749" WIDTH="750" HEIGHT="28">
							<String ID="string_199" HPOS="146" VPOS="749" WIDTH="10" HEIGHT="21" WC="0.96" CONTENT="I"/><SP WIDTH="16" VPOS="749" HPOS="156"/>
							<String ID="string_200" HPOS="172" VPOS="749" WIDTH="113" HEIGHT="28" WC="0.95" CONTENT="anledning"/><SP WIDTH="15" VPOS="749" HPOS="285"/>
							<String ID="string_201" HPOS="300" VPOS="749" WIDTH="23" HEIGHT="22" WC="0.95" CONTENT="af"/><SP WIDTH="13" VPOS="749" HPOS="323"/>
							<String ID="string_202" HPOS="336" VPOS="751" WIDTH="40" HEIGHT="21" WC="0.96" CONTENT="den"/><SP WIDTH="16" VPOS="751" HPOS="376"/>
							<String ID="string_203" HPOS="392" VPOS="751" WIDTH="89" HEIGHT="21" WC="0.96" CONTENT="sålunda"/><SP WIDTH="14" VPOS="751" HPOS="481"/>
							<String ID="string_204" HPOS="495" VPOS="751" WIDTH="8" HEIGHT="21" WC="0.96" CONTENT="i"/><SP WIDTH="15" VPOS="751" HPOS="503"/>
							<String ID="string_205" HPOS="518" VPOS="751" WIDTH="90" HEIGHT="22" WC="0.93" CONTENT="ärendet"/><SP WIDTH="9" VPOS="751" HPOS="608"/>
							<String ID="string_206" HPOS="617" VPOS="750" WIDTH="152" HEIGHT="27" WC="0.90" CONTENT="försiggångna"/><SP WIDTH="10" VPOS="750" HPOS="769"/>
							<String ID="string_207" HPOS="779" VPOS="751" WIDTH="117" HEIGHT="21" WC="0.92" CONTENT="diskussio-"/>
						</TextLine>
						<TextLine ID="line_22" HPOS="79" VPOS="778" WIDTH="816" HEIGHT="29">
							<String ID="string_208" HPOS="79" VPOS="784" WIDTH="41" HEIGHT="16" WC="0.93" CONTENT="nen"/><SP WIDTH="16" VPOS="784" HPOS="120"/>
							<String ID="string_209" HPOS="136" VPOS="778" WIDTH="125" HEIGHT="27" WC="0.91" CONTENT="uppstäldes"/><SP WIDTH="15" VPOS="778" HPOS="261"/>
							<String ID="string_210" HPOS="276" VPOS="785" WIDTH="30" HEIGHT="15" WC="0.96" CONTENT="nu"/><SP WIDTH="10" VPOS="785" HPOS="306"/>
							<String ID="string_211" HPOS="316" VPOS="779" WIDTH="33" HEIGHT="21" WC="0.93" CONTENT="till"/><SP WIDTH="14" VPOS="779" HPOS="349"/>
							<String ID="string_212" HPOS="363" VPOS="779" WIDTH="132" HEIGHT="22" WC="0.93" CONTENT="besvarande"/><SP WIDTH="11" VPOS="779" HPOS="495"/>
							<String ID="string_213" HPOS="506" VPOS="779" WIDTH="93" HEIGHT="28" WC="0.93" CONTENT="följande"/><SP WIDTH="8" VPOS="779" HPOS="599"/>
							<String ID="string_214" HPOS="607" VPOS="779" WIDTH="288" HEIGHT="28" WC="0.92" CONTENT="omröstningsproposition"/><SP WIDTH="-10" VPOS="779" HPOS="895"/>
							<String ID="string_215" HPOS="885" VPOS="774" WIDTH="14" HEIGHT="37" WC="0.92" CONTENT=":"/>
						</TextLine>
					</TextBlock>
					<TextBlock ID="block_5" HPOS="79" VPOS="807" WIDTH="817" HEIGHT="172">
						<TextLine ID="line_23" HPOS="147" VPOS="807" WIDTH="748" HEIGHT="28">
							<String ID="string_216" HPOS="147" VPOS="807" WIDTH="54" HEIGHT="26" WC="0.96" CONTENT="Den,"/><SP WIDTH="23" VPOS="807" HPOS="201"/>
							<String ID="string_217" HPOS="224" VPOS="813" WIDTH="46" HEIGHT="16" WC="0.96" CONTENT="som"/><SP WIDTH="14" VPOS="813" HPOS="270"/>
							<String ID="string_218" HPOS="284" VPOS="807" WIDTH="37" HEIGHT="23" WC="0.96" CONTENT="vill"/><SP WIDTH="20" VPOS="807" HPOS="321"/>
							<String ID="string_219" HPOS="341" VPOS="807" WIDTH="32" HEIGHT="22" WC="0.93" CONTENT="till"/><SP WIDTH="15" VPOS="807" HPOS="373"/>
							<String ID="string_220" HPOS="388" VPOS="808" WIDTH="210" HEIGHT="27" WC="0.91" CONTENT="kontraproposition"/><SP WIDTH="16" VPOS="808" HPOS="598"/>
							<String ID="string_221" HPOS="614" VPOS="810" WIDTH="58" HEIGHT="20" WC="0.93" CONTENT="emot"/><SP WIDTH="14" VPOS="810" HPOS="672"/>
							<String ID="string_222" HPOS="686" VPOS="809" WIDTH="119" HEIGHT="21" WC="0.93" CONTENT="utskottets"/><SP WIDTH="15" VPOS="809" HPOS="805"/>
							<String ID="string_223" HPOS="820" VPOS="809" WIDTH="75" HEIGHT="21" WC="0.76" CONTENT="betin-"/>
						</TextLine>
						<TextLine ID="line_24" HPOS="79" VPOS="835" WIDTH="816" HEIGHT="29">
							<String ID="string_224" HPOS="79" VPOS="835" WIDTH="71" HEIGHT="23" WC="0.92" CONTENT="kande"/><SP WIDTH="15" VPOS="835" HPOS="150"/>
							<String ID="string_225" HPOS="165" VPOS="837" WIDTH="90" HEIGHT="21" WC="0.93" CONTENT="rörande"/><SP WIDTH="15" VPOS="837" HPOS="255"/>
							<String ID="string_226" HPOS="270" VPOS="837" WIDTH="14" HEIGHT="26" WC="0.42" CONTENT="$"/><SP WIDTH="17" VPOS="837" HPOS="284"/>
							<String ID="string_227" HPOS="301" VPOS="839" WIDTH="25" HEIGHT="19" WC="0.93" CONTENT="10"/><SP WIDTH="15" VPOS="839" HPOS="326"/>
							<String ID="string_228" HPOS="341" VPOS="838" WIDTH="79" HEIGHT="26" WC="0.96" CONTENT="antaga"/><SP WIDTH="14" VPOS="838" HPOS="420"/>
							<String ID="string_229" HPOS="434" VPOS="837" WIDTH="51" HEIGHT="22" WC="0.93" CONTENT="herr"/><SP WIDTH="14" VPOS="837" HPOS="485"/>
							<String ID="string_230" HPOS="499" VPOS="837" WIDTH="119" HEIGHT="22" WC="0.92" CONTENT="Mechelins"/><SP WIDTH="15" VPOS="837" HPOS="618"/>
							<String ID="string_231" HPOS="633" VPOS="837" WIDTH="81" HEIGHT="27" WC="0.96" CONTENT="förslag"/><SP WIDTH="15" VPOS="837" HPOS="714"/>
							<String ID="string_232" HPOS="729" VPOS="843" WIDTH="34" HEIGHT="16" WC="0.93" CONTENT="om"/><SP WIDTH="9" VPOS="843" HPOS="763"/>
							<String ID="string_233" HPOS="772" VPOS="837" WIDTH="123" HEIGHT="22" WC="0.96" CONTENT="återremiss"/>
						</TextLine>
						<TextLine ID="line_25" HPOS="80" VPOS="864" WIDTH="816" HEIGHT="29">
							<String ID="string_234" HPOS="80" VPOS="864" WIDTH="23" HEIGHT="22" WC="0.96" CONTENT="af"/><SP WIDTH="13" VPOS="864" HPOS="103"/>
							<String ID="string_235" HPOS="116" VPOS="865" WIDTH="11" HEIGHT="26" WC="0.73" CONTENT="S"/><SP WIDTH="15" VPOS="865" HPOS="127"/>
							<String ID="string_236" HPOS="142" VPOS="864" WIDTH="8" HEIGHT="22" WC="0.73" CONTENT="i"/><SP WIDTH="15" VPOS="864" HPOS="150"/>
							<String ID="string_237" HPOS="165" VPOS="865" WIDTH="37" HEIGHT="21" WC="0.96" CONTENT="det"/><SP WIDTH="15" VPOS="865" HPOS="202"/>
							<String ID="string_238" HPOS="217" VPOS="865" WIDTH="61" HEIGHT="27" WC="0.96" CONTENT="syfte,"/><SP WIDTH="16" VPOS="865" HPOS="278"/>
							<String ID="string_239" HPOS="294" VPOS="866" WIDTH="34" HEIGHT="20" WC="0.96" CONTENT="att"/><SP WIDTH="15" VPOS="866" HPOS="328"/>
							<String ID="string_240" HPOS="343" VPOS="866" WIDTH="37" HEIGHT="21" WC="0.96" CONTENT="det"/><SP WIDTH="19" VPOS="866" HPOS="380"/>
							<String ID="string_241" HPOS="399" VPOS="866" WIDTH="69" HEIGHT="21" WC="0.93" CONTENT="skulle"/><SP WIDTH="15" VPOS="866" HPOS="468"/>
							<String ID="string_242" HPOS="483" VPOS="866" WIDTH="113" HEIGHT="22" WC="0.91" CONTENT="ankomma"/><SP WIDTH="14" VPOS="866" HPOS="596"/>
							<String ID="string_243" HPOS="610" VPOS="866" WIDTH="28" HEIGHT="27" WC="0.93" CONTENT="pä"/><SP WIDTH="14" VPOS="866" HPOS="638"/>
							<String ID="string_244" HPOS="652" VPOS="867" WIDTH="133" HEIGHT="26" WC="0.96" CONTENT="guvernören"/><SP WIDTH="15" VPOS="867" HPOS="785"/>
							<String ID="string_245" HPOS="800" VPOS="867" WIDTH="33" HEIGHT="20" WC="0.96" CONTENT="att"/><SP WIDTH="13" VPOS="867" HPOS="833"/>
							<String ID="string_246" HPOS="846" VPOS="866" WIDTH="7" HEIGHT="21" WC="0.96" CONTENT="i"/><SP WIDTH="16" VPOS="866" HPOS="853"/>
							<String ID="string_247" HPOS="869" VPOS="866" WIDTH="27" HEIGHT="22" WC="0.96" CONTENT="de"/>
						</TextLine>
						<TextLine ID="line_26" HPOS="79" VPOS="893" WIDTH="817" HEIGHT="28">
							<String ID="string_248" HPOS="79" VPOS="893" WIDTH="43" HEIGHT="26" WC="0.94" CONTENT="fall,"/><SP WIDTH="20" VPOS="893" HPOS="122"/>
							<String ID="string_249" HPOS="142" VPOS="894" WIDTH="39" HEIGHT="22" WC="0.93" CONTENT="der"/><SP WIDTH="15" VPOS="894" HPOS="181"/>
							<String ID="string_250" HPOS="196" VPOS="894" WIDTH="76" HEIGHT="21" WC="0.93" CONTENT="sädant"/><SP WIDTH="15" VPOS="894" HPOS="272"/>
							<String ID="string_251" HPOS="287" VPOS="900" WIDTH="63" HEIGHT="16" WC="0.93" CONTENT="anses"/><SP WIDTH="16" VPOS="900" HPOS="350"/>
							<String ID="string_252" HPOS="366" VPOS="894" WIDTH="53" HEIGHT="22" WC="0.92" CONTENT="böra"/><SP WIDTH="14" VPOS="894" HPOS="419"/>
							<String ID="string_253" HPOS="433" VPOS="896" WIDTH="77" HEIGHT="20" WC="0.92" CONTENT="stanna"/><SP WIDTH="10" VPOS="896" HPOS="510"/>
							<String ID="string_254" HPOS="520" VPOS="895" WIDTH="153" HEIGHT="21" WC="0.96" CONTENT="kommunerna"/><SP WIDTH="10" VPOS="895" HPOS="673"/>
							<String ID="string_255" HPOS="683" VPOS="894" WIDTH="32" HEIGHT="22" WC="0.96" CONTENT="till"/><SP WIDTH="10" VPOS="894" HPOS="715"/>
							<String ID="string_256" HPOS="725" VPOS="895" WIDTH="50" HEIGHT="26" WC="0.86" CONTENT="last,"/><SP WIDTH="11" VPOS="895" HPOS="775"/>
							<String ID="string_257" HPOS="786" VPOS="894" WIDTH="53" HEIGHT="22" WC="0.93" CONTENT="söka"/><SP WIDTH="8" VPOS="894" HPOS="839"/>
							<String ID="string_258" HPOS="847" VPOS="895" WIDTH="49" HEIGHT="21" WC="0.93" CONTENT="des-"/>
						</TextLine>
						<TextLine ID="line_27" HPOS="80" VPOS="922" WIDTH="816" HEIGHT="28">
							<String ID="string_259" HPOS="80" VPOS="929" WIDTH="36" HEIGHT="15" WC="0.92" CONTENT="sas"/><SP WIDTH="20" VPOS="929" HPOS="116"/>
							<String ID="string_260" HPOS="136" VPOS="922" WIDTH="142" HEIGHT="28" WC="0.92" CONTENT="förpligtande"/><SP WIDTH="15" VPOS="922" HPOS="278"/>
							<String ID="string_261" HPOS="293" VPOS="924" WIDTH="33" HEIGHT="20" WC="0.93" CONTENT="att"/><SP WIDTH="14" VPOS="924" HPOS="326"/>
							<String ID="string_262" HPOS="340" VPOS="925" WIDTH="86" HEIGHT="20" WC="0.74" CONTENT="ersätta"/><SP WIDTH="10" VPOS="925" HPOS="426"/>
							<String ID="string_263" HPOS="436" VPOS="924" WIDTH="146" HEIGHT="22" WC="0.96" CONTENT="kostnaderna"/><SP WIDTH="14" VPOS="924" HPOS="582"/>
							<String ID="string_264" HPOS="596" VPOS="924" WIDTH="32" HEIGHT="21" WC="0.93" CONTENT="för"/><SP WIDTH="14" VPOS="924" HPOS="628"/>
							<String ID="string_265" HPOS="642" VPOS="922" WIDTH="125" HEIGHT="23" WC="0.93" CONTENT="lösdrifvare"/><SP WIDTH="16" VPOS="922" HPOS="767"/>
							<String ID="string_266" HPOS="783" VPOS="923" WIDTH="40" HEIGHT="22" WC="0.96" CONTENT="och"/><SP WIDTH="10" VPOS="923" HPOS="823"/>
							<String ID="string_267" HPOS="833" VPOS="925" WIDTH="63" HEIGHT="20" WC="0.96" CONTENT="deras"/>
						</TextLine>
						<TextLine ID="line_28" HPOS="80" VPOS="952" WIDTH="297" HEIGHT="27">
							<String ID="string_268" HPOS="80" VPOS="952" WIDTH="166" HEIGHT="26" WC="0.91" CONTENT="hemsändande,"/><SP WIDTH="15" VPOS="952" HPOS="246"/>
							<String ID="string_269" HPOS="261" VPOS="953" WIDTH="72" HEIGHT="21" WC="0.93" CONTENT="röstar"/><SP WIDTH="11" VPOS="953" HPOS="333"/>
							<String ID="string_270" HPOS="344" VPOS="952" WIDTH="33" HEIGHT="27" WC="0.95" CONTENT="ja;"/>
						</TextLine>
					</TextBlock>
					<TextBlock ID="block_6" HPOS="80" VPOS="980" WIDTH="815" HEIGHT="57">
						<TextLine ID="line_29" HPOS="151" VPOS="980" WIDTH="744" HEIGHT="29">
							<String ID="string_271" HPOS="151" VPOS="980" WIDTH="79" HEIGHT="22" WC="0.95" CONTENT="Vinner"/><SP WIDTH="15" VPOS="980" HPOS="230"/>
							<String ID="string_272" HPOS="245" VPOS="980" WIDTH="41" HEIGHT="28" WC="0.93" CONTENT="nej,"/><SP WIDTH="20" VPOS="980" HPOS="286"/>
							<String ID="string_273" HPOS="306" VPOS="982" WIDTH="90" HEIGHT="26" WC="0.96" CONTENT="antages"/><SP WIDTH="16" VPOS="982" HPOS="396"/>
							<String ID="string_274" HPOS="412" VPOS="980" WIDTH="32" HEIGHT="22" WC="0.93" CONTENT="till"/><SP WIDTH="15" VPOS="980" HPOS="444"/>
							<String ID="string_275" HPOS="459" VPOS="980" WIDTH="212" HEIGHT="29" WC="0.92" CONTENT="kontraproposition"/><SP WIDTH="15" VPOS="980" HPOS="671"/>
							<String ID="string_276" HPOS="686" VPOS="980" WIDTH="58" HEIGHT="28" WC="0.54" CONTENT="$:ens"/><SP WIDTH="15" VPOS="980" HPOS="744"/>
							<String ID="string_277" HPOS="759" VPOS="980" WIDTH="87" HEIGHT="28" WC="0.93" CONTENT="lydelse,"/><SP WIDTH="16" VPOS="980" HPOS="846"/>
							<String ID="string_278" HPOS="862" VPOS="980" WIDTH="33" HEIGHT="22" WC="0.92" CONTENT="sä-"/>
						</TextLine>
						<TextLine ID="line_30" HPOS="80" VPOS="1008" WIDTH="579" HEIGHT="29">
							<String ID="string_279" HPOS="80" VPOS="1009" WIDTH="42" HEIGHT="21" WC="0.96" CONTENT="dan"/><SP WIDTH="16" VPOS="1009" HPOS="122"/>
							<String ID="string_280" HPOS="138" VPOS="1010" WIDTH="40" HEIGHT="20" WC="0.93" CONTENT="den"/><SP WIDTH="16" VPOS="1010" HPOS="178"/>
							<String ID="string_281" HPOS="194" VPOS="1008" WIDTH="113" HEIGHT="23" WC="0.91" CONTENT="förefinnes"/><SP WIDTH="15" VPOS="1008" HPOS="307"/>
							<String ID="string_282" HPOS="322" VPOS="1009" WIDTH="7" HEIGHT="21" WC="0.96" CONTENT="i"/><SP WIDTH="16" VPOS="1009" HPOS="329"/>
							<String ID="string_283" HPOS="345" VPOS="1009" WIDTH="41" HEIGHT="22" WC="0.93" CONTENT="den"/><SP WIDTH="14" VPOS="1009" HPOS="386"/>
							<String ID="string_284" HPOS="400" VPOS="1009" WIDTH="79" HEIGHT="27" WC="0.92" CONTENT="nädiga"/><SP WIDTH="14" VPOS="1009" HPOS="479"/>
							<String ID="string_285" HPOS="493" VPOS="1010" WIDTH="166" HEIGHT="27" WC="0.96" CONTENT="propositionen."/>
						</TextLine>
					</TextBlock>
					<TextBlock ID="block_7" HPOS="80" VPOS="1038" WIDTH="815" HEIGHT="56">
						<TextLine ID="line_31" HPOS="151" VPOS="1038" WIDTH="744" HEIGHT="28">
							<String ID="string_286" HPOS="151" VPOS="1038" WIDTH="46" HEIGHT="22" WC="0.96" CONTENT="Den"/><SP WIDTH="23" VPOS="1038" HPOS="197"/>
							<String ID="string_287" HPOS="220" VPOS="1044" WIDTH="33" HEIGHT="15" WC="0.96" CONTENT="om"/><SP WIDTH="17" VPOS="1044" HPOS="253"/>
							<String ID="string_288" HPOS="270" VPOS="1038" WIDTH="70" HEIGHT="22" WC="0.95" CONTENT="denna"/><SP WIDTH="13" VPOS="1038" HPOS="340"/>
							<String ID="string_289" HPOS="353" VPOS="1038" WIDTH="134" HEIGHT="28" WC="0.92" CONTENT="proposition"/><SP WIDTH="22" VPOS="1038" HPOS="487"/>
							<String ID="string_290" HPOS="509" VPOS="1039" WIDTH="57" HEIGHT="27" WC="0.95" CONTENT="uppå"/><SP WIDTH="14" VPOS="1039" HPOS="566"/>
							<String ID="string_291" HPOS="580" VPOS="1039" WIDTH="96" HEIGHT="27" WC="0.93" CONTENT="yrkande"/><SP WIDTH="14" VPOS="1039" HPOS="676"/>
							<String ID="string_292" HPOS="690" VPOS="1038" WIDTH="100" HEIGHT="22" WC="0.84" CONTENT="anstälda"/><SP WIDTH="14" VPOS="1038" HPOS="790"/>
							<String ID="string_293" HPOS="804" VPOS="1039" WIDTH="91" HEIGHT="21" WC="0.92" CONTENT="omröst-"/>
						</TextLine>
						<TextLine ID="line_32" HPOS="80" VPOS="1066" WIDTH="450" HEIGHT="28">
							<String ID="string_294" HPOS="80" VPOS="1066" WIDTH="77" HEIGHT="28" WC="0.92" CONTENT="ningen"/><SP WIDTH="15" VPOS="1066" HPOS="157"/>
							<String ID="string_295" HPOS="172" VPOS="1066" WIDTH="62" HEIGHT="22" WC="0.92" CONTENT="utföll"/><SP WIDTH="14" VPOS="1066" HPOS="234"/>
							<String ID="string_296" HPOS="248" VPOS="1067" WIDTH="48" HEIGHT="21" WC="0.96" CONTENT="med"/><SP WIDTH="16" VPOS="1067" HPOS="296"/>
							<String ID="string_297" HPOS="312" VPOS="1068" WIDTH="26" HEIGHT="20" WC="0.97" CONTENT="35"/><SP WIDTH="14" VPOS="1068" HPOS="338"/>
							<String ID="string_298" HPOS="352" VPOS="1067" WIDTH="24" HEIGHT="27" WC="0.96" CONTENT="ja"/><SP WIDTH="15" VPOS="1067" HPOS="376"/>
							<String ID="string_299" HPOS="391" VPOS="1066" WIDTH="40" HEIGHT="22" WC="0.96" CONTENT="och"/><SP WIDTH="16" VPOS="1066" HPOS="431"/>
							<String ID="string_300" HPOS="447" VPOS="1068" WIDTH="25" HEIGHT="20" WC="0.96" CONTENT="21"/><SP WIDTH="16" VPOS="1068" HPOS="472"/>
							<String ID="string_301" HPOS="488" VPOS="1068" WIDTH="42" HEIGHT="26" WC="0.96" CONTENT="nej."/>
						</TextLine>
					</TextBlock>
					<TextBlock ID="block_8" HPOS="80" VPOS="1095" WIDTH="815" HEIGHT="57">
						<TextLine ID="line_33" HPOS="147" VPOS="1095" WIDTH="748" HEIGHT="28">
							<String ID="string_302" HPOS="147" VPOS="1095" WIDTH="50" HEIGHT="22" WC="0.93" CONTENT="Med"/><SP WIDTH="16" VPOS="1095" HPOS="197"/>
							<String ID="string_303" HPOS="213" VPOS="1095" WIDTH="114" HEIGHT="27" WC="0.91" CONTENT="anledning"/><SP WIDTH="15" VPOS="1095" HPOS="327"/>
							<String ID="string_304" HPOS="342" VPOS="1095" WIDTH="23" HEIGHT="22" WC="0.96" CONTENT="af"/><SP WIDTH="13" VPOS="1095" HPOS="365"/>
							<String ID="string_305" HPOS="378" VPOS="1096" WIDTH="41" HEIGHT="22" WC="0.93" CONTENT="den"/><SP WIDTH="14" VPOS="1096" HPOS="419"/>
							<String ID="string_306" HPOS="433" VPOS="1096" WIDTH="82" HEIGHT="27" WC="0.91" CONTENT="utgäng"/><SP WIDTH="15" VPOS="1096" HPOS="515"/>
							<String ID="string_307" HPOS="530" VPOS="1096" WIDTH="40" HEIGHT="22" WC="0.93" CONTENT="den"/><SP WIDTH="16" VPOS="1096" HPOS="570"/>
							<String ID="string_308" HPOS="586" VPOS="1097" WIDTH="86" HEIGHT="21" WC="0.92" CONTENT="senaste"/><SP WIDTH="9" VPOS="1097" HPOS="672"/>
							<String ID="string_309" HPOS="681" VPOS="1096" WIDTH="159" HEIGHT="27" WC="0.92" CONTENT="omröstningen"/><SP WIDTH="8" VPOS="1096" HPOS="840"/>
							<String ID="string_310" HPOS="848" VPOS="1095" WIDTH="47" HEIGHT="27" WC="0.93" CONTENT="fätt,"/>
						</TextLine>
						<TextLine ID="line_34" HPOS="80" VPOS="1124" WIDTH="598" HEIGHT="28">
							<String ID="string_311" HPOS="80" VPOS="1124" WIDTH="127" HEIGHT="27" WC="0.92" CONTENT="uppstäldes"/><SP WIDTH="16" VPOS="1124" HPOS="207"/>
							<String ID="string_312" HPOS="223" VPOS="1124" WIDTH="41" HEIGHT="22" WC="0.93" CONTENT="den"/><SP WIDTH="16" VPOS="1124" HPOS="264"/>
							<String ID="string_313" HPOS="280" VPOS="1124" WIDTH="109" HEIGHT="22" WC="0.93" CONTENT="definitiva"/><SP WIDTH="13" VPOS="1124" HPOS="389"/>
							<String ID="string_314" HPOS="402" VPOS="1124" WIDTH="161" HEIGHT="28" WC="0.93" CONTENT="propositionen"/><SP WIDTH="15" VPOS="1124" HPOS="563"/>
							<String ID="string_315" HPOS="578" VPOS="1125" WIDTH="100" HEIGHT="21" WC="0.91" CONTENT="sälunda:"/>
						</TextLine>
					</TextBlock>
					<TextBlock ID="block_9" HPOS="80" VPOS="1152" WIDTH="815" HEIGHT="57">
						<TextLine ID="line_35" HPOS="148" VPOS="1152" WIDTH="747" HEIGHT="29">
							<String ID="string_316" HPOS="148" VPOS="1153" WIDTH="54" HEIGHT="27" WC="0.96" CONTENT="Den,"/><SP WIDTH="23" VPOS="1153" HPOS="202"/>
							<String ID="string_317" HPOS="225" VPOS="1159" WIDTH="47" HEIGHT="16" WC="0.96" CONTENT="som"/><SP WIDTH="14" VPOS="1159" HPOS="272"/>
							<String ID="string_318" HPOS="286" VPOS="1154" WIDTH="125" HEIGHT="27" WC="0.93" CONTENT="godkänner"/><SP WIDTH="14" VPOS="1154" HPOS="411"/>
							<String ID="string_319" HPOS="425" VPOS="1154" WIDTH="121" HEIGHT="22" WC="0.92" CONTENT="utskottets"/><SP WIDTH="13" VPOS="1154" HPOS="546"/>
							<String ID="string_320" HPOS="559" VPOS="1153" WIDTH="79" HEIGHT="28" WC="0.96" CONTENT="förslag"/><SP WIDTH="18" VPOS="1153" HPOS="638"/>
							<String ID="string_321" HPOS="656" VPOS="1154" WIDTH="32" HEIGHT="21" WC="0.92" CONTENT="till"/><SP WIDTH="15" VPOS="1154" HPOS="688"/>
							<String ID="string_322" HPOS="703" VPOS="1153" WIDTH="81" HEIGHT="28" WC="0.92" CONTENT="lydelse"/><SP WIDTH="15" VPOS="1153" HPOS="784"/>
							<String ID="string_323" HPOS="799" VPOS="1153" WIDTH="22" HEIGHT="22" WC="0.93" CONTENT="af"/><SP WIDTH="13" VPOS="1153" HPOS="821"/>
							<String ID="string_324" HPOS="834" VPOS="1152" WIDTH="11" HEIGHT="29" WC="0.93" CONTENT="$"/><SP WIDTH="18" VPOS="1152" HPOS="845"/>
							<String ID="string_325" HPOS="863" VPOS="1154" WIDTH="32" HEIGHT="26" WC="0.96" CONTENT="10,"/>
						</TextLine>
						<TextLine ID="line_36" HPOS="80" VPOS="1182" WIDTH="118" HEIGHT="27">
							<String ID="string_326" HPOS="80" VPOS="1183" WIDTH="71" HEIGHT="20" WC="0.93" CONTENT="röstar"/><SP WIDTH="12" VPOS="1183" HPOS="151"/>
							<String ID="string_327" HPOS="163" VPOS="1182" WIDTH="35" HEIGHT="27" WC="0.96" CONTENT="ja;"/>
						</TextLine>
					</TextBlock>
					<TextBlock ID="block_10" HPOS="80" VPOS="1210" WIDTH="817" HEIGHT="57">
						<TextLine ID="line_37" HPOS="148" VPOS="1210" WIDTH="749" HEIGHT="28">
							<String ID="string_328" HPOS="148" VPOS="1211" WIDTH="80" HEIGHT="20" WC="0.96" CONTENT="Vinner"/><SP WIDTH="13" VPOS="1211" HPOS="228"/>
							<String ID="string_329" HPOS="241" VPOS="1211" WIDTH="41" HEIGHT="27" WC="0.93" CONTENT="nej,"/><SP WIDTH="17" VPOS="1211" HPOS="282"/>
							<String ID="string_330" HPOS="299" VPOS="1210" WIDTH="168" HEIGHT="22" WC="0.91" CONTENT="äterremitteras"/><SP WIDTH="17" VPOS="1210" HPOS="467"/>
							<String ID="string_331" HPOS="484" VPOS="1210" WIDTH="10" HEIGHT="28" WC="0.91" CONTENT="$"/><SP WIDTH="16" VPOS="1210" HPOS="494"/>
							<String ID="string_332" HPOS="510" VPOS="1211" WIDTH="33" HEIGHT="21" WC="0.93" CONTENT="för"/><SP WIDTH="14" VPOS="1211" HPOS="543"/>
							<String ID="string_333" HPOS="557" VPOS="1211" WIDTH="156" HEIGHT="27" WC="0.92" CONTENT="omredigering"/><SP WIDTH="10" VPOS="1211" HPOS="713"/>
							<String ID="string_334" HPOS="723" VPOS="1211" WIDTH="7" HEIGHT="21" WC="0.89" CONTENT="i"/><SP WIDTH="8" VPOS="1211" HPOS="730"/>
							<String ID="string_335" HPOS="738" VPOS="1211" WIDTH="37" HEIGHT="21" WC="0.89" CONTENT="det"/><SP WIDTH="8" VPOS="1211" HPOS="775"/>
							<String ID="string_336" HPOS="783" VPOS="1210" WIDTH="55" HEIGHT="28" WC="0.93" CONTENT="syfte"/><SP WIDTH="9" VPOS="1210" HPOS="838"/>
							<String ID="string_337" HPOS="847" VPOS="1211" WIDTH="50" HEIGHT="21" WC="0.96" CONTENT="herr"/>
						</TextLine>
						<TextLine ID="line_38" HPOS="80" VPOS="1239" WIDTH="351" HEIGHT="28">
							<String ID="string_338" HPOS="80" VPOS="1239" WIDTH="117" HEIGHT="28" WC="0.92" CONTENT="Mechelins"/><SP WIDTH="15" VPOS="1239" HPOS="197"/>
							<String ID="string_339" HPOS="212" VPOS="1239" WIDTH="80" HEIGHT="27" WC="0.93" CONTENT="förslag"/><SP WIDTH="14" VPOS="1239" HPOS="292"/>
							<String ID="string_340" HPOS="306" VPOS="1239" WIDTH="125" HEIGHT="22" WC="0.91" CONTENT="innehäller."/>
						</TextLine>
					</TextBlock>
					<TextBlock ID="block_11" HPOS="80" VPOS="1267" WIDTH="817" HEIGHT="86">
						<TextLine ID="line_39" HPOS="148" VPOS="1267" WIDTH="749" HEIGHT="27">
							<String ID="string_341" HPOS="148" VPOS="1267" WIDTH="68" HEIGHT="22" WC="0.92" CONTENT="Äfven"/><SP WIDTH="23" VPOS="1267" HPOS="216"/>
							<String ID="string_342" HPOS="239" VPOS="1273" WIDTH="34" HEIGHT="16" WC="0.95" CONTENT="om"/><SP WIDTH="23" VPOS="1273" HPOS="273"/>
							<String ID="string_343" HPOS="296" VPOS="1268" WIDTH="69" HEIGHT="21" WC="0.96" CONTENT="denna"/><SP WIDTH="21" VPOS="1268" HPOS="365"/>
							<String ID="string_344" HPOS="386" VPOS="1268" WIDTH="132" HEIGHT="26" WC="0.93" CONTENT="proposition"/><SP WIDTH="23" VPOS="1268" HPOS="518"/>
							<String ID="string_345" HPOS="541" VPOS="1268" WIDTH="109" HEIGHT="22" WC="0.92" CONTENT="anstäldes"/><SP WIDTH="22" VPOS="1268" HPOS="650"/>
							<String ID="string_346" HPOS="672" VPOS="1268" WIDTH="28" HEIGHT="26" WC="0.93" CONTENT="pä"/><SP WIDTH="16" VPOS="1268" HPOS="700"/>
							<String ID="string_347" HPOS="716" VPOS="1268" WIDTH="95" HEIGHT="26" WC="0.92" CONTENT="begäran"/><SP WIDTH="14" VPOS="1268" HPOS="811"/>
							<String ID="string_348" HPOS="825" VPOS="1267" WIDTH="72" HEIGHT="22" WC="0.92" CONTENT="sluten"/>
						</TextLine>
						<TextLine ID="line_40" HPOS="81" VPOS="1296" WIDTH="816" HEIGHT="28">
							<String ID="string_349" HPOS="81" VPOS="1296" WIDTH="137" HEIGHT="26" WC="0.91" CONTENT="omröstning,"/><SP WIDTH="17" VPOS="1296" HPOS="218"/>
							<String ID="string_350" HPOS="235" VPOS="1296" WIDTH="40" HEIGHT="22" WC="0.96" CONTENT="och"/><SP WIDTH="16" VPOS="1296" HPOS="275"/>
							<String ID="string_351" HPOS="291" VPOS="1302" WIDTH="46" HEIGHT="16" WC="0.96" CONTENT="som"/><SP WIDTH="17" VPOS="1302" HPOS="337"/>
							<String ID="string_352" HPOS="354" VPOS="1296" WIDTH="69" HEIGHT="22" WC="0.93" CONTENT="denna"/><SP WIDTH="14" VPOS="1296" HPOS="423"/>
							<String ID="string_353" HPOS="437" VPOS="1296" WIDTH="62" HEIGHT="22" WC="0.91" CONTENT="utföll"/><SP WIDTH="15" VPOS="1296" HPOS="499"/>
							<String ID="string_354" HPOS="514" VPOS="1297" WIDTH="49" HEIGHT="21" WC="0.96" CONTENT="med"/><SP WIDTH="17" VPOS="1297" HPOS="563"/>
							<String ID="string_355" HPOS="580" VPOS="1298" WIDTH="24" HEIGHT="20" WC="0.92" CONTENT="17"/><SP WIDTH="14" VPOS="1298" HPOS="604"/>
							<String ID="string_356" HPOS="618" VPOS="1296" WIDTH="24" HEIGHT="27" WC="0.96" CONTENT="ja"/><SP WIDTH="15" VPOS="1296" HPOS="642"/>
							<String ID="string_357" HPOS="657" VPOS="1296" WIDTH="40" HEIGHT="22" WC="0.96" CONTENT="och"/><SP WIDTH="15" VPOS="1296" HPOS="697"/>
							<String ID="string_358" HPOS="712" VPOS="1298" WIDTH="26" HEIGHT="19" WC="0.96" CONTENT="31"/><SP WIDTH="17" VPOS="1298" HPOS="738"/>
							<String ID="string_359" HPOS="755" VPOS="1296" WIDTH="41" HEIGHT="28" WC="0.96" CONTENT="nej,"/><SP WIDTH="16" VPOS="1296" HPOS="796"/>
							<String ID="string_360" HPOS="812" VPOS="1302" WIDTH="38" HEIGHT="16" WC="0.96" CONTENT="var"/><SP WIDTH="10" VPOS="1302" HPOS="850"/>
							<String ID="string_361" HPOS="860" VPOS="1296" WIDTH="37" HEIGHT="22" WC="0.96" CONTENT="det"/>
						</TextLine>
						<TextLine ID="line_41" HPOS="80" VPOS="1324" WIDTH="804" HEIGHT="29">
							<String ID="string_362" HPOS="80" VPOS="1324" WIDTH="23" HEIGHT="22" WC="0.93" CONTENT="af"/><SP WIDTH="12" VPOS="1324" HPOS="103"/>
							<String ID="string_363" HPOS="115" VPOS="1324" WIDTH="51" HEIGHT="22" WC="0.93" CONTENT="herr"/><SP WIDTH="14" VPOS="1324" HPOS="166"/>
							<String ID="string_364" HPOS="180" VPOS="1324" WIDTH="105" HEIGHT="22" WC="0.93" CONTENT="Mechelin"/><SP WIDTH="15" VPOS="1324" HPOS="285"/>
							<String ID="string_365" HPOS="300" VPOS="1324" WIDTH="79" HEIGHT="28" WC="0.93" CONTENT="afgifna"/><SP WIDTH="14" VPOS="1324" HPOS="379"/>
							<String ID="string_366" HPOS="393" VPOS="1324" WIDTH="103" HEIGHT="28" WC="0.96" CONTENT="förslaget"/><SP WIDTH="15" VPOS="1324" HPOS="496"/>
							<String ID="string_367" HPOS="511" VPOS="1325" WIDTH="32" HEIGHT="21" WC="0.93" CONTENT="till"/><SP WIDTH="15" VPOS="1325" HPOS="543"/>
							<String ID="string_368" HPOS="558" VPOS="1325" WIDTH="29" HEIGHT="28" WC="0.90" CONTENT="$:s"/><SP WIDTH="16" VPOS="1325" HPOS="587"/>
							<String ID="string_369" HPOS="603" VPOS="1325" WIDTH="147" HEIGHT="21" WC="0.91" CONTENT="omredaktion"/><SP WIDTH="15" VPOS="1325" HPOS="750"/>
							<String ID="string_370" HPOS="765" VPOS="1324" WIDTH="119" HEIGHT="28" WC="0.92" CONTENT="godkändt."/>
						</TextLine>
					</TextBlock>
					<TextBlock ID="block_12" HPOS="149" VPOS="1353" WIDTH="499" HEIGHT="27">
						<TextLine ID="line_42" HPOS="149" VPOS="1353" WIDTH="499" HEIGHT="27">
							<String ID="string_371" HPOS="149" VPOS="1353" WIDTH="23" HEIGHT="27" WC="0.77" CONTENT="$$"/><SP WIDTH="17" VPOS="1353" HPOS="172"/>
							<String ID="string_372" HPOS="189" VPOS="1355" WIDTH="24" HEIGHT="18" WC="0.96" CONTENT="11"/><SP WIDTH="18" VPOS="1355" HPOS="213"/>
							<String ID="string_373" HPOS="231" VPOS="1354" WIDTH="39" HEIGHT="20" WC="0.96" CONTENT="och"/><SP WIDTH="17" VPOS="1354" HPOS="270"/>
							<String ID="string_374" HPOS="287" VPOS="1354" WIDTH="27" HEIGHT="19" WC="0.93" CONTENT="12"/><SP WIDTH="15" VPOS="1354" HPOS="314"/>
							<String ID="string_375" HPOS="329" VPOS="1353" WIDTH="90" HEIGHT="25" WC="0.96" CONTENT="gillades"/><SP WIDTH="15" VPOS="1353" HPOS="419"/>
							<String ID="string_376" HPOS="434" VPOS="1355" WIDTH="53" HEIGHT="19" WC="0.93" CONTENT="utan"/><SP WIDTH="15" VPOS="1355" HPOS="487"/>
							<String ID="string_377" HPOS="502" VPOS="1353" WIDTH="146" HEIGHT="26" WC="0.96" CONTENT="anmärkning."/>
						</TextLine>
					</TextBlock>
					<TextBlock ID="block_13" HPOS="151" VPOS="1380" WIDTH="420" HEIGHT="28">
						<TextLine ID="line_43" HPOS="151" VPOS="1380" WIDTH="420" HEIGHT="28">
							<String ID="string_378" HPOS="151" VPOS="1381" WIDTH="34" HEIGHT="21" WC="0.96" CONTENT="Då"/><SP WIDTH="14" VPOS="1381" HPOS="185"/>
							<String ID="string_379" HPOS="199" VPOS="1380" WIDTH="69" HEIGHT="27" WC="0.96" CONTENT="härpå"/><SP WIDTH="16" VPOS="1380" HPOS="268"/>
							<String ID="string_380" HPOS="284" VPOS="1382" WIDTH="25" HEIGHT="20" WC="0.93" CONTENT="13"/><SP WIDTH="16" VPOS="1382" HPOS="309"/>
							<String ID="string_381" HPOS="325" VPOS="1382" WIDTH="14" HEIGHT="25" WC="0.78" CONTENT="8"/><SP WIDTH="14" VPOS="1382" HPOS="339"/>
							<String ID="string_382" HPOS="353" VPOS="1380" WIDTH="118" HEIGHT="28" WC="0.96" CONTENT="föredrogs,"/><SP WIDTH="15" VPOS="1380" HPOS="471"/>
							<String ID="string_383" HPOS="486" VPOS="1382" WIDTH="85" HEIGHT="26" WC="0.95" CONTENT="yttrade"/>
						</TextLine>
					</TextBlock>
					<TextBlock ID="block_14" HPOS="80" VPOS="1408" WIDTH="819" HEIGHT="145">
						<TextLine ID="line_44" HPOS="148" VPOS="1408" WIDTH="751" HEIGHT="28">
							<String ID="string_384" HPOS="148" VPOS="1409" WIDTH="56" HEIGHT="22" WC="0.96" CONTENT="Herr"/><SP WIDTH="16" VPOS="1409" HPOS="204"/>
							<String ID="string_385" HPOS="220" VPOS="1408" WIDTH="134" HEIGHT="22" WC="0.93" CONTENT="Mechelin:"/><SP WIDTH="16" VPOS="1408" HPOS="354"/>
							<String ID="string_386" HPOS="370" VPOS="1409" WIDTH="34" HEIGHT="21" WC="0.96" CONTENT="Då"/><SP WIDTH="14" VPOS="1409" HPOS="404"/>
							<String ID="string_387" HPOS="418" VPOS="1409" WIDTH="7" HEIGHT="21" WC="0.96" CONTENT="i"/><SP WIDTH="16" VPOS="1409" HPOS="425"/>
							<String ID="string_388" HPOS="441" VPOS="1409" WIDTH="39" HEIGHT="22" WC="0.96" CONTENT="och"/><SP WIDTH="15" VPOS="1409" HPOS="480"/>
							<String ID="string_389" HPOS="495" VPOS="1410" WIDTH="49" HEIGHT="21" WC="0.96" CONTENT="med"/><SP WIDTH="18" VPOS="1410" HPOS="544"/>
							<String ID="string_390" HPOS="562" VPOS="1409" WIDTH="166" HEIGHT="27" WC="0.96" CONTENT="godkännandet"/><SP WIDTH="15" VPOS="1409" HPOS="728"/>
							<String ID="string_391" HPOS="743" VPOS="1409" WIDTH="22" HEIGHT="22" WC="0.93" CONTENT="af"/><SP WIDTH="13" VPOS="1409" HPOS="765"/>
							<String ID="string_392" HPOS="778" VPOS="1410" WIDTH="13" HEIGHT="26" WC="0.69" CONTENT="&amp;"/><SP WIDTH="18" VPOS="1410" HPOS="791"/>
							<String ID="string_393" HPOS="809" VPOS="1411" WIDTH="24" HEIGHT="20" WC="0.97" CONTENT="13"/><SP WIDTH="16" VPOS="1411" HPOS="833"/>
							<String ID="string_394" HPOS="849" VPOS="1409" WIDTH="50" HEIGHT="22" WC="0.96" CONTENT="hela"/>
						</TextLine>
						<TextLine ID="line_45" HPOS="80" VPOS="1437" WIDTH="817" HEIGHT="29">
							<String ID="string_395" HPOS="80" VPOS="1437" WIDTH="242" HEIGHT="28" WC="0.92" CONTENT="författningsförslaget"/><SP WIDTH="13" VPOS="1437" HPOS="322"/>
							<String ID="string_396" HPOS="335" VPOS="1438" WIDTH="43" HEIGHT="22" WC="0.96" CONTENT="kan"/><SP WIDTH="15" VPOS="1438" HPOS="378"/>
							<String ID="string_397" HPOS="393" VPOS="1444" WIDTH="63" HEIGHT="16" WC="0.96" CONTENT="anses"/><SP WIDTH="15" VPOS="1444" HPOS="456"/>
							<String ID="string_398" HPOS="471" VPOS="1444" WIDTH="52" HEIGHT="16" WC="0.96" CONTENT="vara"/><SP WIDTH="14" VPOS="1444" HPOS="523"/>
							<String ID="string_399" HPOS="537" VPOS="1440" WIDTH="93" HEIGHT="26" WC="0.93" CONTENT="antaget,"/><SP WIDTH="17" VPOS="1440" HPOS="630"/>
							<String ID="string_400" HPOS="647" VPOS="1438" WIDTH="63" HEIGHT="22" WC="0.92" CONTENT="utber"/><SP WIDTH="7" VPOS="1438" HPOS="710"/>
							<String ID="string_401" HPOS="717" VPOS="1438" WIDTH="38" HEIGHT="27" WC="0.95" CONTENT="jag"/><SP WIDTH="10" VPOS="1438" HPOS="755"/>
							<String ID="string_402" HPOS="765" VPOS="1438" WIDTH="43" HEIGHT="27" WC="0.93" CONTENT="mig"/><SP WIDTH="12" VPOS="1438" HPOS="808"/>
							<String ID="string_403" HPOS="820" VPOS="1438" WIDTH="77" HEIGHT="26" WC="0.90" CONTENT="att,in-"/>
						</TextLine>
						<TextLine ID="line_46" HPOS="82" VPOS="1466" WIDTH="815" HEIGHT="29">
							<String ID="string_404" HPOS="82" VPOS="1474" WIDTH="42" HEIGHT="15" WC="0.93" CONTENT="nan"/><SP WIDTH="16" VPOS="1474" HPOS="124"/>
							<String ID="string_405" HPOS="140" VPOS="1467" WIDTH="122" HEIGHT="22" WC="0.96" CONTENT="diskussion"/><SP WIDTH="16" VPOS="1467" HPOS="262"/>
							<String ID="string_406" HPOS="278" VPOS="1466" WIDTH="23" HEIGHT="24" WC="0.93" CONTENT="af"/><SP WIDTH="13" VPOS="1466" HPOS="301"/>
							<String ID="string_407" HPOS="314" VPOS="1466" WIDTH="11" HEIGHT="28" WC="0.90" CONTENT="&amp;"/><SP WIDTH="14" VPOS="1466" HPOS="325"/>
							<String ID="string_408" HPOS="339" VPOS="1466" WIDTH="104" HEIGHT="28" WC="0.92" CONTENT="vidtager,"/><SP WIDTH="16" VPOS="1466" HPOS="443"/>
							<String ID="string_409" HPOS="459" VPOS="1466" WIDTH="22" HEIGHT="22" WC="0.91" CONTENT="få"/><SP WIDTH="15" VPOS="1466" HPOS="481"/>
							<String ID="string_410" HPOS="496" VPOS="1467" WIDTH="128" HEIGHT="23" WC="0.91" CONTENT="öfverlemna"/><SP WIDTH="15" VPOS="1467" HPOS="624"/>
							<String ID="string_411" HPOS="639" VPOS="1467" WIDTH="32" HEIGHT="21" WC="0.93" CONTENT="till"/><SP WIDTH="15" VPOS="1467" HPOS="671"/>
							<String ID="string_412" HPOS="686" VPOS="1466" WIDTH="99" HEIGHT="23" WC="0.92" CONTENT="ståndets"/><SP WIDTH="8" VPOS="1466" HPOS="785"/>
							<String ID="string_413" HPOS="793" VPOS="1467" WIDTH="104" HEIGHT="28" WC="0.91" CONTENT="pröfning,"/>
						</TextLine>
						<TextLine ID="line_47" HPOS="82" VPOS="1496" WIDTH="817" HEIGHT="27">
							<String ID="string_414" HPOS="82" VPOS="1496" WIDTH="105" HEIGHT="22" WC="0.96" CONTENT="huruvida"/><SP WIDTH="23" VPOS="1496" HPOS="187"/>
							<String ID="string_415" HPOS="210" VPOS="1496" WIDTH="47" HEIGHT="22" WC="0.96" CONTENT="icke"/><SP WIDTH="22" VPOS="1496" HPOS="257"/>
							<String ID="string_416" HPOS="279" VPOS="1496" WIDTH="48" HEIGHT="22" WC="0.96" CONTENT="skäl"/><SP WIDTH="22" VPOS="1496" HPOS="327"/>
							<String ID="string_417" HPOS="349" VPOS="1496" WIDTH="70" HEIGHT="22" WC="0.93" CONTENT="skulle"/><SP WIDTH="22" VPOS="1496" HPOS="419"/>
							<String ID="string_418" HPOS="441" VPOS="1496" WIDTH="121" HEIGHT="27" WC="0.92" CONTENT="förefinnas,"/><SP WIDTH="23" VPOS="1496" HPOS="562"/>
							<String ID="string_419" HPOS="585" VPOS="1498" WIDTH="32" HEIGHT="20" WC="0.93" CONTENT="att"/><SP WIDTH="22" VPOS="1498" HPOS="617"/>
							<String ID="string_420" HPOS="639" VPOS="1496" WIDTH="121" HEIGHT="22" WC="0.92" CONTENT="Ständerna"/><SP WIDTH="15" VPOS="1496" HPOS="760"/>
							<String ID="string_421" HPOS="775" VPOS="1497" WIDTH="12" HEIGHT="21" WC="0.92" CONTENT="å"/><SP WIDTH="16" VPOS="1497" HPOS="787"/>
							<String ID="string_422" HPOS="803" VPOS="1496" WIDTH="32" HEIGHT="22" WC="0.96" CONTENT="sin"/><SP WIDTH="16" VPOS="1496" HPOS="835"/>
							<String ID="string_423" HPOS="851" VPOS="1496" WIDTH="48" HEIGHT="22" WC="0.96" CONTENT="sida"/>
						</TextLine>
						<TextLine ID="line_48" HPOS="83" VPOS="1524" WIDTH="816" HEIGHT="29">
							<String ID="string_424" HPOS="83" VPOS="1526" WIDTH="69" HEIGHT="22" WC="0.96" CONTENT="skulle"/><SP WIDTH="15" VPOS="1526" HPOS="152"/>
							<String ID="string_425" HPOS="167" VPOS="1525" WIDTH="33" HEIGHT="23" WC="0.96" CONTENT="uti"/><SP WIDTH="15" VPOS="1525" HPOS="200"/>
							<String ID="string_426" HPOS="215" VPOS="1525" WIDTH="69" HEIGHT="22" WC="0.96" CONTENT="denna"/><SP WIDTH="14" VPOS="1525" HPOS="284"/>
							<String ID="string_427" HPOS="298" VPOS="1524" WIDTH="124" HEIGHT="28" WC="0.96" CONTENT="förordning"/><SP WIDTH="14" VPOS="1524" HPOS="422"/>
							<String ID="string_428" HPOS="436" VPOS="1525" WIDTH="69" HEIGHT="22" WC="0.96" CONTENT="införa"/><SP WIDTH="14" VPOS="1525" HPOS="505"/>
							<String ID="string_429" HPOS="519" VPOS="1532" WIDTH="26" HEIGHT="16" WC="0.95" CONTENT="en"/><SP WIDTH="17" VPOS="1532" HPOS="545"/>
							<String ID="string_430" HPOS="562" VPOS="1525" WIDTH="34" HEIGHT="22" WC="0.96" CONTENT="del"/><SP WIDTH="16" VPOS="1525" HPOS="596"/>
							<String ID="string_431" HPOS="612" VPOS="1525" WIDTH="22" HEIGHT="22" WC="0.96" CONTENT="af"/><SP WIDTH="13" VPOS="1525" HPOS="634"/>
							<String ID="string_432" HPOS="647" VPOS="1525" WIDTH="43" HEIGHT="27" WC="0.96" CONTENT="det,"/><SP WIDTH="16" VPOS="1525" HPOS="690"/>
							<String ID="string_433" HPOS="706" VPOS="1531" WIDTH="47" HEIGHT="17" WC="0.96" CONTENT="som"/><SP WIDTH="10" VPOS="1531" HPOS="753"/>
							<String ID="string_434" HPOS="763" VPOS="1528" WIDTH="25" HEIGHT="20" WC="0.93" CONTENT="är"/><SP WIDTH="9" VPOS="1528" HPOS="788"/>
							<String ID="string_435" HPOS="797" VPOS="1525" WIDTH="102" HEIGHT="28" WC="0.92" CONTENT="stadgadt"/>
						</TextLine>
					</TextBlock>
				</ComposedBlock>
			</PrintSpace>
		</Page>
	</Layout>
</alto>
