1081 1723
437 100 43 18 Den
493 102 21 16 15
526 100 58 19 Mars.
849 103 41 21 299

92 166 70 22 delvis
178 166 24 22 af
214 166 76 23 herrar
303 172 44 20 von
360 166 89 23 Alfthan
468 167 40 22 och
523 166 112 28 Mechelin,
645 173 64 22 synes
716 167 39 22 det
764 167 43 28 mig
815 174 51 16 vara
873 168 45 27 vig-

93 195 67 27 tigast
176 197 33 21 att
222 195 52 28 följa
291 189 62 39 herr,
362 193 124 28 Schaumans
501 196 97 28 exempel
612 196 42 22 och
668 196 52 28 yrka
727 196 25 28 pä
760 195 156 29 förkastande,

94 225 22 26 ty
132 230 27 15 en
174 224 225 28 återremiss,
318 220 21 36 i:
342 224 57 28 syfte
414 226 34 20 att
462 226 98 25 uppgöra
573 224 81 28 förslag
670 224 32 22 till
717 231 38 15 ren
762 224 156 23 lösöreinteck-

92 252 59 27 ning,
167 254 45 20 tror
224 253 38 27 jag
276 252 130 25 åtminstone
421 252 33 27 för
468 253 133 23 närvarande
616 253 48 22 icke
672 253 40 27 har
719 253 70 27 någon
800 252 58 23 frukt
868 254 50 21 med

88 280 45 28 :sig.
163 280 41 22 Vill
226 287 50 16 man
298 281 48 22 åter
366 280 109 23 bibehålla
489 281 133 27 karakteren
644 279 22 23 af
678 279 240 29 fastighetsinteckning

93 309 41 21 och
157 310 53 26 göra
232 310 41 21 den
291 310 128 24 industriela
438 310 146 27 inrättningen
606 310 34 22 till
654 310 67 26 något
736 310 58 27 slags
806 310 111 27 appendix

91 338 34 21 till
140 336 137 29 fastigheten,
293 341 45 19 tror
350 338 38 28 jag
402 344 50 17 man
466 338 49 22 icke
529 338 56 22 skall
599 338 75 28 lyckas
687 338 65 22 vinna
766 338 73 22 bättre
850 338 68 23 resul-

89 368 37 20 tat
140 368 28 22 än
182 366 44 26 det,
242 372 47 16 som
303 373 30 15 nu
348 366 22 22 af
383 366 143 28 lagutskottet
540 366 126 23 framstälts.
696 367 79 27 Mänga
790 367 57 22 olika
855 368 61 21 kom-

92 395 122 22 binationer
228 395 63 22 hafva
305 396 58 21 inom
378 395 144 27 lagutskottet
536 395 136 28 uppkastats,
686 402 50 16 men
748 396 104 27 juridiskt
861 396 55 21 häll-

92 424 40 21 bar
147 429 63 22 synes
226 424 43 27 mig
284 424 50 27 föga
349 424 71 27 nägon
436 431 70 14 annan
521 424 72 22 kunna
608 423 65 22 blifva
687 426 28 19 än
730 424 42 21 den
788 430 46 15 som
848 431 30 14 nu
892 426 24 19 är

90 451 130 28 föreslagen.
251 452 58 22 Skall
331 452 10 22 i
360 452 187 22 fabriksindustrin
570 454 32 21 ett
620 452 166 27 lösörehypotek
801 453 114 26 anordnas,

90 481 40 21 bör
144 481 61 22 detta
220 481 78 27 tydligt
312 483 96 25 utsägas,
425 481 41 22 och
482 481 27 22 dä
523 481 86 22 komma
622 481 46 22 helt
678 481 66 22 andra
754 481 161 28 bestämningar

90 511 34 20 att
144 509 66 22 blifva
232 511 85 26 nödiga.
347 510 40 27 Då,
410 511 72 21 såsom
504 511 50 21 herr
568 510 92 28 Pipping
674 510 67 22 redan
756 510 106 27 anmärkt,
878 511 37 21 det

88 539 71 22 måste
174 537 66 23 blifva
259 545 26 16 en
305 539 123 22 diskussion
442 539 34 22 för
490 539 73 27 hvarje
578 539 18 28 8,
613 539 38 22 ber
663 539 38 28 jag
715 539 68 22 under
798 539 70 22 denna
883 539 32 21 di-

88 567 101 22 skussion
204 567 22 21 få
241 567 133 22 återkomma
390 568 32 21 till
437 568 42 21 den
495 567 140 28 anmärkning
650 573 46 16 som
711 567 89 23 friherre
815 567 100 28 Langen-

88 595 72 23 skiöld
175 595 63 28 gjort.

157 625 57 22 Herr
228 625 157 26 Schauman,
401 625 94 27 August:
511 625 41 28 Jag
567 625 40 22 har
621 625 77 28 begärt
713 625 68 26 ordet,
792 624 33 23 för
834 626 33 21 att
878 630 37 17 an-

86 653 78 22 märka
184 660 26 15 en
229 654 43 21 viss
287 654 159 27 inkonseqvens
462 655 33 20 uti
509 656 32 20 ett
556 654 24 22 af
592 653 50 22 herr
656 654 160 27 Montgomerys
831 655 82 26 yttran-

87 682 50 27 den,
153 682 106 28 nämligen
275 683 27 21 då
316 683 42 21 han
378 683 60 22 anför
454 685 32 19 att
501 682 162 28 lagstiftningen
678 683 40 21 bör
732 682 108 23 behandla
856 682 58 22 olika

86 711 66 22 saker
174 711 28 27 på
218 711 58 22 olika
290 713 46 20 sätt
350 710 40 23 och
406 711 64 28 skilja
485 711 89 22 emellan
589 711 149 22 reaisäkerhet
752 711 8 21 i
774 711 139 27 lösegendom

88 739 40 22 och
150 740 148 22 realsäkerhet
320 740 8 21 i
342 739 44 22 fast
401 740 112 27 egendom.
543 740 34 22 Nu
592 740 40 21 har
644 741 38 27 jag
693 740 47 27 just
755 740 98 21 anmärkt
868 741 46 21 mot

86 769 122 22 utskottets
229 769 143 25 betänkande,
388 771 33 20 att
436 769 37 22 det
487 769 39 27 går
541 771 25 20 ut
579 769 29 27 pä
622 771 34 20 att
670 768 175 22 sammanblanda
860 768 54 22 eller

86 797 75 22 förena
176 798 150 21 realsäkerhet
339 797 8 22 i
362 797 43 22 fast
420 798 105 26 egendom
540 798 49 21 med
604 797 309 27 realsäkerhet
757 793 12 35 i
777 797 136 27 lösegendom

84 832 80 20 genom
187 828 32 20 att
241 826 127 27 bestämma,
384 828 33 20 att
434 827 131 26 inteckning,
579 832 49 16 som
643 825 110 22 meddelas
768 826 8 21 i
790 825 43 22 fast
848 832 64 21 egen-

87 855 56 27 dom,
159 854 114 23 framdeles
290 855 62 22 äfven
367 855 55 23 skall
437 855 90 22 omfatta
542 855 27 23 de
585 855 13 22 å
613 855 110 22 desamma
737 855 92 27 belägna
840 855 73 21 meka-

86 884 63 22 niska
171 884 40 22 och
222 884 138 22 industriela
381 884 148 27 inrättningar.
560 884 56 22 Herr
631 884 147 27 Montgomery
793 884 39 21 har
848 884 64 22 bland

86 915 66 20 annat
174 913 103 27 derjemte
297 912 77 28 anfört,
393 915 33 19 att
441 913 67 27 enligt
524 913 40 22 den
577 913 107 27 juridiska
700 912 157 28 vetenskapens
872 919 40 15 nu-

86 942 94 21 varande
201 942 137 27 uppfattning
358 943 126 26 panträtten
506 944 24 19 är
550 941 87 22 effektiv
651 942 78 21 endast
743 941 8 21 i
767 941 37 22 det
819 940 43 26 fall,
879 942 34 20 att

85 972 81 26 panten
188 970 96 23 befinner
306 971 33 26 sig
358 971 8 21 i
380 970 143 27 längifvareus
542 970 57 22 ficka
614 970 52 22 eller
680 970 66 27 värjo,
761 976 49 15 men
825 969 28 22 dä
868 969 44 22 han

84 1000 65 27 yrkar
163 999 29 27 pä
206 1001 34 20 att
254 999 59 22 olika
327 999 103 22 säkerhet
444 999 56 22 skall
515 999 111 22 betraktas
641 999 29 27 pä
684 999 59 22 olika
758 1000 50 25 sätt,
826 998 26 21 sä
866 998 46 21 mä-

85 1030 36 19 ste
134 1028 38 27 jag
187 1029 108 26 anmärka,
311 1029 33 20 att
358 1028 41 22 den
412 1027 107 28 juridiska
533 1028 147 27 vetenskapen
694 1029 26 20 är
732 1027 40 22 bra
781 1027 129 28 vanmägtig,

85 1063 36 15 om
144 1057 41 22 den
205 1057 47 21 icke
267 1058 43 21 kan
325 1056 111 28 uppdraga
454 1057 112 21 skilnaden
582 1056 90 22 emellan
687 1063 26 15 en
729 1055 68 22 sädan
812 1056 99 27 lösegen-

86 1085 57 26 dom,
167 1091 46 16 som
236 1087 14 19 t.
274 1092 32 15 ex.
326 1091 27 16 en
372 1085 53 22 säck
444 1085 74 27 fjäder,
542 1085 40 22 och
598 1091 26 16 en
639 1084 66 22 sådan
722 1091 46 15 som
783 1084 128 22 industriela

86 1113 109 23 maskiner
216 1113 40 22 och
272 1114 100 27 redskap,
395 1113 73 22 hvilka
488 1114 49 21 icke
558 1113 73 22 kunna
653 1113 123 22 bortbläsas
791 1112 23 22 af
826 1112 84 22 vinden.

85 1142 57 23 Herr
164 1143 149 26 Montgomery
335 1143 39 21 har
396 1142 67 22 också
484 1142 66 22 vändt
565 1141 33 28 sig
614 1141 102 22 särskildt
735 1143 41 20 mot
790 1141 42 26 mig
848 1141 40 22 och
903 1141 8 21 i

85 1171 141 22 bemötandet
247 1171 23 22 af
290 1171 50 22 mitt
358 1171 100 28 yttrande
478 1171 56 22 talat
548 1176 35 16 om
598 1170 152 27 omöjligheten
766 1171 32 20 att
812 1169 99 22 meddela

86 1199 124 27 inteckning
232 1200 24 21 åt
269 1199 127 22 industriela
414 1200 148 25 inrättningar,
578 1205 47 15 som
640 1198 85 21 befinna
740 1199 34 26 sig
788 1199 7 20 i
810 1199 54 25 hyrd
878 1198 33 22 lo-

86 1228 42 21 kal.
158 1228 36 21 Nu
215 1227 40 22 har
266 1229 39 26 jag
323 1227 34 22 för
375 1227 44 22 min
434 1227 36 22 del
484 1228 62 25 visat,
563 1229 33 19 att
611 1226 62 22 äfven
688 1233 35 15 om
738 1226 126 25 industriela
878 1226 33 21 in-

86 1257 121 26 rättningar
229 1256 22 22 af
273 1257 37 21 det
328 1256 53 27 slag,
395 1256 39 27 jag
448 1256 98 26 berörde,
561 1254 86 23 befinna
662 1255 33 26 sig
710 1254 31 22 uti
757 1254 153 22 industriidka-

85 1291 51 15 rens
159 1291 54 20 egen
234 1285 64 26 lokal,
322 1285 25 21 så
361 1285 43 21 kan
418 1285 43 20 han
476 1284 48 22 icke
539 1284 28 27 på
582 1283 69 28 grund
666 1283 24 22 af
703 1284 70 21 denna
787 1283 124 26 föreslagna

86 1319 41 21 nya
149 1313 36 27 lag
200 1313 82 22 erhålla
297 1319 26 16 en
344 1313 64 27 penni
422 1313 34 21 till
470 1313 46 21 låns
533 1315 57 19 emot
605 1312 129 21 säkerheten
750 1311 23 22 af
786 1311 47 22 sina
847 1311 63 22 indu-

86 1341 75 22 striela
183 1342 114 21 maskiner.
327 1341 39 22 Ett
388 1341 66 22 motiv
475 1341 34 21 för
528 1341 144 26 lagutskottet
693 1346 63 20 synes
771 1339 28 22 ha
814 1340 55 21 varit
884 1345 27 16 en

86 1369 108 28 symnerlig
216 1369 132 22 omvårdnad
370 1375 34 15 om
422 1368 192 22 industriidkarnes
633 1367 77 22 kredit.
740 1366 57 23 Herr
811 1367 99 27 Montgo-

84 1403 60 22 mery
166 1398 40 21 har
227 1399 79 25 menat,
329 1399 33 19 att
377 1403 27 16 en
421 1397 167 28 industriidkare
604 1396 77 21 endast
695 1393 81 24 förstör
789 1395 35 28 sin
838 1395 72 22 kredit

87 1433 78 20 genom
180 1428 32 20 att
226 1426 78 22 belåna
318 1426 48 21 sina
380 1425 114 27 maskiner,
510 1431 49 16 men
572 1425 37 28 jag
624 1424 35 22 vill
674 1424 61 26 fråga
749 1424 51 21 herr
814 1424 97 28 Montgo-

85 1462 67 21 mery,
176 1461 32 16 om
220 1455 194 27 industriidkaren
434 1454 55 22 skall
508 1454 64 22 vinna
589 1455 71 25 större
674 1453 72 21 kredit
761 1453 33 21 uti
807 1453 104 21 vederbö-

86 1484 68 24 rande
171 1483 261 29 penningeinrättningar,
451 1484 73 21 derest
538 1482 42 22 han
594 1482 62 22 lånar
669 1482 120 27 penningar
802 1483 46 21 mot
862 1487 49 23 per-

85 1514 71 27 sonlig
171 1513 88 28 borgen.
290 1514 44 21 Det
348 1514 25 22 är
388 1518 27 16 en
434 1512 141 27 anmärkning
587 1511 38 28 jag
640 1511 103 23 särskildt
786 1516 11 16 hår
811 1512 33 21 att
859 1511 53 27 göra
