1073 1709
375 103 42 17 Den
430 103 20 17 21
464 103 89 19 Februari
820 106 39 19 189

67 168 97 21 Finland.
179 179 29 4 —
223 168 137 22 Beträffande
379 168 73 22 vidare
467 169 37 21 det
517 169 81 27 kapital
613 174 46 16 som
674 168 93 23 tillfaller
781 168 107 32 Ryssland

67 197 33 22 för
114 196 162 35 ifrågavarande
291 198 123 26 ban-andel,
429 198 107 26 nämligen
552 197 97 27 omkring
663 199 13 19 4
692 197 97 27 miljoner
806 197 60 21 rubel
880 197 8 20 i

67 227 159 26 pappersmynt,
242 226 24 21 så
280 226 42 21 kan
339 210 124 46 detsamma,
480 226 24 21 så
519 226 48 22 litet
581 226 50 21 det
627 228 26 19 än
664 228 30 24 är,
703 226 49 22 med
760 226 49 21 vida
818 226 70 20 större

66 254 82 22 förmån
170 254 108 22 användas
300 254 8 21 i
330 254 111 28 Ryssland,
458 243 26 33 än
508 261 34 15 om
561 260 80 16 samma
655 239 82 47 kapital
753 254 68 22 hölles
836 253 50 22 fixe-

66 283 50 21 radt
137 282 39 22 här
198 284 45 20 mot
265 285 12 19 4
320 285 12 19 6
342 284 23 25 %
380 284 68 20 ränta.
478 284 60 21 Hvar
553 283 39 22 och
608 289 27 15 en
649 283 40 21 har
703 283 33 27 sig
751 283 87 25 bekant,
855 284 33 20 att

66 310 123 22 räntefoten
204 311 7 21 i
234 311 106 27 Ryssland
360 314 24 18 är
398 312 66 26 högre
480 314 26 20 än
521 312 7 21 i
543 311 95 26 Finland,
655 312 24 20 så
694 313 33 20 att
741 311 47 21 från
803 311 85 21 hvilken

68 340 108 27 synpunkt
198 346 48 16 man
269 342 26 19 än
314 340 112 22 betraktar
441 340 67 22 saken
524 342 24 20 är
563 340 79 22 affären
657 340 112 27 förmånlig
783 339 33 22 för
831 339 57 22 båda

67 368 168 27 bolagsmännen
258 369 40 21 och
320 368 102 28 förtjenar
442 371 32 19 att
492 369 22 22 af
528 370 37 21 det
573 368 120 28 höglofliga
708 368 87 22 ståndet
810 368 77 22 under-

67 398 89 26 stödjas.
190 397 43 22 Det
251 399 23 19 är
289 398 125 26 visserligen
431 398 55 21 dock
501 398 47 22 icke
563 398 70 26 någon
649 397 146 25 hedersskuld,
811 397 8 21 i
833 396 54 22 hvil-

66 426 41 22 ken
130 426 90 22 Finland
235 426 46 22 står
300 426 31 21 till
347 426 105 27 Ryssland
468 426 33 22 för
516 427 40 21 den
572 426 69 26 andel,
656 427 49 21 med
719 426 86 21 hvilken
820 426 66 26 Ryss-

65 455 50 21 land
130 454 94 28 bidragit
238 455 32 21 till
286 455 41 21 den
342 454 70 22 finska
426 456 77 21 banan.
519 456 31 27 Ty
565 457 52 20 utan
633 455 72 22 tvifvel
714 455 40 21 har
762 454 124 22 densamma

65 483 69 22 blifvit
156 484 85 22 lemnad
263 484 47 22 icke
332 484 75 22 endast
422 484 78 27 derför,
518 486 32 20 att
564 484 89 22 Finland
668 484 35 22 vid
718 484 70 21 denna
803 484 31 20 tid
850 490 36 15 var

66 512 120 22 strandsatt
208 513 6 21 i
237 512 101 22 afseende
353 513 13 21 å
380 514 227 26 penningetillgångar,
624 515 51 20 utan
690 512 62 22 äfven
768 512 71 22 derför
854 514 33 20 att

64 542 118 27 jernvägen
203 542 47 21 från
272 542 89 21 Finland
376 542 31 21 till
424 542 30 22 St.
477 542 130 27 Petersburg
629 542 40 22 har
683 548 26 16 en
725 542 25 21 så
765 543 47 20 stor
826 541 60 28 bety-

66 570 59 22 delse
139 570 33 22 för
187 570 113 28 Ryssland,
316 570 102 22 särskildt
432 571 34 22 för
481 571 31 22 St.
527 571 137 27 Petersburg,
680 572 32 20 att
720 570 99 27 bidraget
827 570 23 22 af
856 570 30 22 tio

64 599 98 27 miljoner
177 600 60 21 mark
251 600 47 21 icke
314 598 46 22 frän
374 600 51 28 rysk
440 600 47 21 sida
501 600 42 22 kan
557 606 63 16 anses
642 599 142 23 bortkastadt.
810 599 77 22 Denna

64 628 110 27 betydelse
197 628 39 22 har
258 628 106 27 nämligen
384 629 92 21 nämnda
488 629 89 27 jernväg
593 629 58 22 säväl
667 636 24 14 ur
707 628 117 27 strategisk
839 634 46 16 som

65 657 125 22 ekonomisk
205 657 114 28 synpunkt.
350 657 48 22 Men
414 658 71 21 säsom
501 658 73 26 sagdt:
590 657 161 22 förhällandena
765 658 37 20 äro
811 657 25 21 sä
843 656 43 22 för-

65 686 101 26 ändrade,
183 687 33 20 att
230 686 118 22 utskottets
365 686 136 22 betänkande
516 688 51 20 utan
584 686 79 22 minsta
677 686 77 21 tvekan
770 686 42 21 kan
827 687 59 19 anta-

65 720 44 21 gas.
140 715 68 26 Dock,
224 721 26 15 en
266 715 159 27 omständighet
439 714 144 23 förekommer
598 715 71 21 ännu
658 710 12 36 i
679 720 80 16 samma
767 714 118 22 betänkan-

66 743 32 27 de,
116 749 45 15 som
176 743 75 28 tyckes
266 743 49 27 mig,
332 744 40 21 och
386 744 81 21 kanske
483 744 61 21 äfven
555 744 92 26 mängen
655 743 47 22 med
713 743 50 27 mig,
776 743 48 21 icke
834 749 52 15 vara

64 772 111 26 tillbörligt
197 772 99 21 beaktad.
334 772 37 22 Uti
394 772 40 22 den
450 772 78 27 nädiga
542 772 161 28 propositionen
717 772 62 22 heter
794 772 43 26 det,
853 773 33 19 att

64 800 90 22 Finland
170 800 69 22 skulle
254 800 21 22 få
290 800 70 22 inlösa
375 801 116 27 Rysslands
507 802 62 21 andel
585 802 7 20 i
611 801 30 22 St.
658 800 227 28 Petersburg—Riihi-

63 830 57 20 mäki
136 830 69 20 banan
220 830 29 26 pä
264 829 112 22 enahanda
390 830 68 21 vilkor
474 836 44 15 som
534 830 33 22 för
582 830 98 21 enskilda
695 829 123 27 aktiebolag
834 829 52 21 eller

64 864 108 21 personer,
189 858 71 21 hvilka
275 858 57 22 inom
347 859 158 27 kejsaredömet
516 859 113 27 öfvertagit
637 858 125 28 jernvägars
773 858 112 28 byggande

64 887 40 22 och
127 886 150 28 trafikerande,
301 887 68 22 finnas
392 888 112 22 bestämda
520 888 40 22 och
575 890 32 19 att
621 888 12 20 &
649 887 67 27 sagda
730 887 35 22 del
780 886 23 22 af
815 886 70 22 finska

64 916 171 27 statsjernvägen
256 915 130 23 fortfarande
409 916 107 27 uppbäres
535 917 40 21 den
596 922 76 21 genom
687 916 75 27 nädigt
777 916 71 26 päbud
865 915 22 21 af

65 945 40 21 den
128 946 27 20 26
177 944 119 23 December
319 946 54 20 1878
395 944 115 23 faststälda
532 945 110 21 riksskatt.
677 944 50 22 Med
749 944 101 22 afseende
872 944 13 21 ä

64 974 69 20 denna
147 974 105 21 riksskatt
267 974 42 21 kan
324 974 62 26 ingen
402 974 78 21 tvekan
496 980 39 21 ega
550 980 55 15 rum:
622 980 26 15 en
664 973 66 22 sådan
741 974 42 20 kan
791 973 48 21 icke
846 973 38 27 pä-

63 1002 75 27 läggas
154 1002 84 22 utöfver
259 1002 126 27 jernvägens
405 1002 96 27 förmäga
516 1004 33 20 att
564 1002 53 22 bära
631 1002 132 26 densamma;
786 1008 49 15 men
847 1002 38 26 jag

64 1037 63 15 anser
143 1033 31 19 att
190 1030 96 27 vilkoret,
303 1032 33 20 ait
350 1030 90 22 andelen
455 1032 6 20 i
475 1032 116 27 jernvägen
607 1030 175 22 Riihimäki—St.
798 1030 86 21 Peters-

63 1060 55 26 burg
133 1059 69 21 skulle
217 1059 123 22 innehafvas
357 1060 40 21 och
416 1060 91 22 besittas
522 1060 29 27 pä
565 1066 81 15 samma
660 1060 65 21 vilkor
740 1066 45 14 som
799 1059 35 27 för
849 1066 35 14 en-

63 1088 68 21 skilda
146 1088 114 27 aktiebolag
275 1088 7 21 i
297 1088 145 27 kejsardömet
457 1095 50 21 eger
522 1094 53 20 rum,
587 1088 54 21 hade
651 1088 104 22 erfordrat
762 1087 120 27 utredning.

62 1116 44 22 Det
128 1118 23 20 är
166 1117 105 27 nämligen
294 1117 34 21 väl
348 1117 80 21 bekant
442 1117 33 22 för
490 1124 36 15 oss
541 1117 48 27 alla,
607 1118 32 20 att
653 1117 7 21 i
675 1116 51 22 flere
741 1116 75 22 länder
830 1116 53 21 kon-

64 1145 108 22 cessioner
186 1145 116 28 medgifvas
317 1146 49 21 med
382 1145 36 28 det
433 1146 74 27 vilkor,
524 1148 32 19 att
572 1146 41 21 den
623 1145 259 27 koncessionerade
824 1141 63 37 jern-

63 1176 68 25 vägen
146 1174 55 22 efter
216 1176 32 20 ett
262 1175 56 21 visst
332 1174 58 22 antal
406 1175 29 26 är,
452 1177 33 24 60,
495 1177 26 19 80
530 1175 52 21 eller
595 1176 46 25 100,
649 1174 95 22 tillfaller
751 1175 72 20 staten
831 1175 53 20 utan

63 1203 66 21 lösen.
159 1203 111 22 Huruvida
284 1203 234 22 koncessionsvilkoren
534 1203 48 22 med
598 1202 100 23 afseende
714 1203 13 21 å
741 1204 69 20 större
825 1202 58 27 jern-

63 1231 136 27 vägsföretag
214 1232 8 21 i
236 1232 105 27 Ryssland
360 1234 36 19 äro
412 1232 112 26 likartade,
539 1232 83 21 känner
634 1232 38 27 jag
686 1232 53 25 icke,
756 1237 47 15 men
819 1231 7 21 i
841 1231 43 21 alla

62 1260 38 21 fall
114 1260 55 22 hade
186 1260 69 22 denna
276 1260 159 28 omständighet
449 1261 64 21 bordt
528 1260 97 22 beaktas.
643 1272 23 3 —
683 1260 74 21 Under
771 1259 113 29 förutsätt-

62 1289 51 25 ning
129 1289 71 26 likväl,
225 1291 32 19 att
280 1289 40 21 den
336 1288 69 22 finska
420 1290 105 26 styrelsen
540 1289 47 21 icke
603 1288 55 22 skall
673 1288 116 22 försumma
804 1290 33 19 att
852 1288 32 21 äf-

63 1324 40 14 ven
118 1317 127 22 härutinnan
262 1318 96 26 jakttaga
373 1318 83 22 landets
472 1318 67 22 fördel
555 1317 40 22 och
609 1317 88 27 betinga
710 1316 33 22 för
757 1316 88 22 Finland
857 1318 26 20 de

63 1345 161 27 förmänligaste
244 1346 69 21 vilkor
332 1346 40 21 och
387 1346 60 21 äfven
463 1346 7 20 i
486 1347 40 20 den
542 1346 156 26 öfvertygelsen
714 1347 32 19 att
760 1346 65 26 ryska
840 1347 43 25 sty-

63 1374 70 22 relsen
148 1374 48 22 icke
212 1374 54 21 skall
281 1374 6 21 i
303 1374 61 22 detta
378 1374 102 22 afseende
496 1376 52 24 göra
562 1374 120 26 väsentliga
697 1373 139 27 svärigheter,
847 1374 36 20 vä-

64 1408 39 22 gar
122 1403 38 27 jag
182 1404 51 20 utan
256 1404 33 20 att
308 1402 71 23 fordra
393 1403 128 27 upplysning
535 1402 135 27 härutinnan,
686 1401 33 23 för
733 1402 42 21 min
792 1402 34 22 del
841 1402 42 21 till-

64 1432 72 34 styrka
151 1431 59 23 bifall
225 1432 31 21 till
272 1432 254 22 utskottsbetänkandets
542 1432 128 27 antagande.
700 1430 78 23 Härtill
788 1431 96 22 kommer

64 1462 62 27 ännu,
142 1463 33 20 att
189 1461 59 22 Hans
265 1461 101 29 Majestät
381 1460 47 29 sjelf
442 1461 50 22 lätit
506 1460 118 23 framställa
631 1460 161 28 propositionen
803 1460 40 22 och
852 1462 32 20 att

62 1490 64 28 ingen
140 1491 72 22 bättre
227 1492 26 20 än
269 1490 48 23 Han
332 1490 88 23 förstätt
434 1492 33 20 att
482 1490 91 23 bedöma
589 1490 25 22 de
629 1489 167 35 mellanfolkliga
805 1490 78 22 intres-

63 1526 52 17 sena
130 1520 40 22 och
187 1520 41 22 den
242 1520 166 28 mellanfolkliga
424 1526 157 21 convenancen;
597 1519 82 23 hvilket
691 1521 24 20 är
730 1520 32 21 ett
781 1519 48 22 skäl
844 1519 38 27 till,
