1078 1739
413 125 83 22 Maalisk.
515 124 24 19 13
556 131 18 17 p.
834 122 39 20 363

77 190 61 26 josta
153 188 93 27 helposti
262 189 74 26 syntyy
352 194 24 15 se
391 188 88 27 käsitys,
497 189 45 20 että
558 188 99 27 kysymys
674 187 48 22 olisi
738 187 46 21 vain
797 187 55 24 siitä,
865 185 37 21 mi-

82 221 36 17 ten
133 217 67 21 koulu
214 217 23 26 ja
253 217 65 21 valtio
335 217 47 20 vain
399 216 135 21 vähimmällä
549 216 71 21 heistä
636 216 86 27 pääsisi.
749 216 60 21 Muut
824 214 80 22 tohtori

83 246 102 21 Geitlinin
210 245 110 22 esittämät
342 245 105 28 lisäykset
469 245 58 21 eivät
549 245 34 21 ole
599 245 42 21 sitä
663 245 79 25 laatua,
762 246 45 19 että
822 243 82 22 nekään

79 275 62 26 juuri
163 274 177 21 vastustushalua
362 274 52 21 voisi
437 274 96 21 minussa
555 274 105 21 herättää.
696 273 70 22 Sanan
790 271 112 26 erittäin*

83 303 91 27 pykälän
190 303 162 27 loppupuolella
367 303 33 20 voi
416 303 63 26 hyvin
495 302 76 21 sulkea
586 303 54 26 pois,
654 303 34 26 jos
698 302 43 21 niin
750 301 80 22 tahtoo.
847 300 57 21 Sana

81 333 129 26 smyöntää*
228 337 37 15 saa
280 333 59 25 myös
356 333 99 19 muuttua
471 331 87 21 sanaksi
576 331 112 26 ,tarjota*.
716 330 77 21 Näihin
801 329 102 22 muutok-

83 361 40 20 siin
145 361 34 20 voi
203 360 41 21 olla
260 362 62 25 syytä
342 360 29 27 ja,
388 360 34 27 jos
441 362 62 24 sääty
526 359 67 22 niihin
609 362 97 23 suostuu,
723 359 43 21 niin
782 358 86 21 minulla
885 357 19 22 ei

81 389 35 21 ole
131 389 81 21 mitään
227 389 53 20 niitä
295 391 89 19 vastaan
400 389 123 20 sanomista.
554 388 111 21 Tahtoisin
682 394 53 15 vaan
752 389 45 20 että
805 388 40 20 itse
853 388 51 25 pää-

83 418 81 20 asiasta
180 418 19 20 ei
215 417 62 21 kovin
293 417 92 27 pitkältä
398 417 169 21 keskusteltaisi.
591 417 47 21 Sitä
654 423 26 15 on
696 417 141 20 kannattanut
853 415 52 21 sekä

82 446 88 21 hallitus
192 448 45 19 että
257 448 59 24 myös
333 446 93 26 yleiseen
441 446 140 21 kokoukseen
598 444 162 22 kokoontuneet
774 451 61 15 maan
851 444 53 20 kou-

85 475 57 27 lujen
156 475 98 27 johtajat.
286 475 51 20 Että
353 476 73 20 nämät
441 474 80 21 virasta
537 476 88 20 eroavat
641 474 94 21 kunnian
750 474 80 20 miehet
845 472 61 21 saisi-

81 506 38 19 vat
140 504 70 27 hyvän
233 503 112 26 eläkkeen,
370 504 42 20 sitä
427 503 56 21 minä
501 503 123 27 puolestani
641 508 53 16 suon
710 503 52 27 yhtä
777 500 128 28 lämpimästi

81 532 52 22 kuin
148 532 87 21 kukaan
250 538 57 15 muu.

151 561 132 27 Yliopettaja
299 560 98 22 Kihlman:
413 560 11 22 I
440 560 40 21 den
496 561 140 25 reservation,
653 566 45 15 som
715 562 24 19 är
754 558 98 27 vidfogad
868 558 37 21 be-

82 590 126 26 tänkandet,
224 590 63 26 yrkas
304 591 32 19 att
351 589 116 21 ständerna
482 589 49 21 icke
547 590 67 20 mätte
631 588 110 28 samtycka
757 588 31 21 till
805 587 100 21 detiden

82 619 79 26 nädiga
184 618 160 27 propositionen
368 618 75 27 gjorda
466 618 88 26 förslag,
578 618 90 20 emedan
692 618 123 26 derigenom
838 616 68 21 skulle

83 648 95 20 kränkas
201 647 58 21 såväl
284 646 83 22 enskild
388 649 43 19 rätt
449 653 46 15 som
519 647 37 21 det
571 647 107 20 allmänna
693 644 212 26 rättsmedvetandet,

83 682 47 15 som
154 676 157 21 sammanvuxit
333 676 48 20 med
402 676 143 26 grundsatsen
566 681 33 15 om
617 675 185 21 embetsmännens
819 673 88 21 oafsätt-

83 704 74 26 lighet.
189 704 40 22 Om
246 704 60 22 detta
321 704 119 26 påstående
456 710 51 15 vore
523 706 56 24 sant,
596 710 33 15 om
646 704 60 20 såväl
718 703 81 21 enskild
811 708 45 15 som
867 701 38 21 all-

83 736 50 18 män
155 735 45 19 rätt
222 733 70 21 skulle
312 733 94 21 kränkas
422 738 77 21 genom
515 739 27 15 en
558 739 26 20 ny
600 732 41 27 lag,
659 738 33 15 om
709 732 84 21 säledes
809 731 40 21 den
865 736 41 21 nya

84 762 71 26 lagen,
175 762 86 21 hvilken
280 762 90 20 likasom
390 762 28 20 all
433 762 36 26 lag
485 762 39 20 bör
540 768 50 14 vara
606 763 32 19 ett
654 761 86 27 uttryck
756 760 22 22 af
792 760 36 21 det
843 761 63 23 rätta,

84 791 7 20 i
107 791 73 21 stället
204 790 69 22 skulle
296 790 64 21 blifva
383 792 32 19 ett
436 790 87 27 uttryck
539 790 33 21 för
588 790 110 25 orättvisa,
715 790 25 20 sä
755 788 67 22 skulle
838 794 68 15 reser-

83 822 104 18 vanterne
203 818 65 22 hafva
283 819 57 27 gjort
356 818 33 26 sig
404 818 138 28 välförtjenta
559 818 21 22 af
594 818 126 22 ständernas
730 817 140 25 tacksamhet,
880 816 28 21 dä

83 848 28 21 de
133 848 44 21 fäst
201 848 74 21 dessas
298 848 191 26 uppmärksamhet
508 848 29 26 pä
556 847 40 21 den
620 847 61 26 väda,
700 853 46 15 som
762 846 75 27 gömde
853 845 32 25 sig
901 845 6 20 i

84 876 61 22 detta
161 876 86 26 förslag.
278 876 48 21 Men
343 879 23 18 är
382 876 63 21 deras
461 876 121 27 pästäende
598 876 62 21 sant?

152 905 63 22 Hvad
232 905 54 21 först
302 904 102 22 beträffar
420 905 40 21 den
477 905 110 21 enskildes
603 907 49 21 rätt,
670 904 24 21 sä
710 904 39 21 har
760 904 41 20 den
813 902 95 22 enskilde

84 934 184 25 embetsmannen,
285 934 19 20 d.
320 940 19 14 v.
355 940 16 14 s.
388 934 38 20 har
441 934 140 24 skollärarer,
598 934 27 26 pä
642 932 68 27 grund
725 932 22 22 af
757 932 93 22 erhållen
860 930 46 22 full-

84 963 60 20 makt
166 964 45 19 rätt
233 965 33 18 att
288 962 97 27 uppbära
409 961 26 22 de
451 962 48 21 med
519 962 94 27 tjensten
628 961 102 22 förenade
746 959 161 24 löneförmäner,

85 997 48 15 men
149 991 48 21 icke
213 991 145 26 ovilkorligen,
375 992 50 19 utan
442 990 69 21 under
527 991 40 20 den
583 990 154 26 förutsättning
753 989 39 22 och
809 989 46 20 med
872 988 36 21 det

85 1020 74 26 vilkor,
183 1022 33 19 att
238 1020 42 21 han
302 1019 79 26 fullgör
404 1019 26 21 de
451 1019 135 26 åligganden,
603 1025 46 15 som
665 1019 87 20 tillhöra
767 1018 52 21 hans
836 1017 71 26 tjenst.

85 1048 194 21 Embetsmannens
300 1048 128 27 rättigheter
448 1050 37 19 äro
504 1047 103 22 förenade
623 1047 48 22 med
687 1046 150 22 motsvarande
852 1045 56 26 skyl-

85 1077 104 26 digheter,
207 1077 40 21 och
264 1083 32 15 om
314 1077 174 21 embetsmannen
504 1077 49 21 icke
568 1077 42 20 kan
627 1076 52 21 eller
694 1076 35 21 vill
741 1075 94 27 uppfylla
847 1074 63 21 dessa

84 1105 154 27 skyldigheter,
262 1106 25 21 sä
309 1105 49 21 sker
381 1105 77 22 honom
481 1105 64 26 ingen
565 1107 64 23 orätt,
653 1111 34 15 om
703 1105 41 20 han
760 1104 37 27 gär
812 1102 98 26 förlustig

87 1135 163 26 rättigheterna.
280 1134 48 21 Han
351 1134 42 21 kan
416 1134 71 21 derför
511 1134 67 26 enligt
601 1134 34 26 Jag
656 1133 144 27 suspenderas
816 1131 46 22 frän
877 1131 33 21 sin

86 1163 190 26 embetsutöfning,
290 1163 24 27 ja
326 1163 41 21 han
379 1163 42 21 kan
437 1163 46 20 helt
499 1162 40 21 och
557 1162 66 21 hället
639 1162 98 21 afsättas.
761 1161 45 22 Och
823 1162 38 19 när
876 1159 34 21 sä-

86 1192 53 21 dant
161 1191 50 22 sker
226 1192 6 21 i
249 1191 95 27 enlighet
366 1191 48 22 med
437 1191 99 26 gällande
557 1191 41 26 lag,
623 1191 27 20 dä
675 1191 93 20 kränkes
789 1189 122 26 derigenom

87 1220 96 21 hvarken
206 1221 41 20 den
271 1220 107 21 enskildes
395 1222 43 19 rätt
454 1220 51 21 eller
522 1220 37 21 det
575 1220 106 20 allmänna
696 1217 214 23 rättsmedvetandet.

87 1249 102 21 Tvärtom
211 1249 94 21 kränkes
329 1249 37 20 det
388 1249 107 20 allmänna
521 1248 217 25 rättsmedvetandet,
762 1254 34 15 om
819 1253 26 14 en
868 1251 43 16 em-

86 1278 100 21 betsman
207 1277 31 22 fär
254 1278 52 20 sitta
322 1283 52 21 gvar
389 1277 34 21 vid
440 1277 38 21 sitt
494 1277 91 26 embete,
610 1277 90 21 oaktadt
715 1277 41 20 han
776 1276 73 21 sköter
865 1275 46 20 det-

86 1313 84 14 samma
185 1306 28 27 pä
229 1308 32 19 ett
276 1308 51 24 sätt,
344 1312 46 15 som
406 1306 47 21 icke
469 1308 121 19 motsvarar
605 1305 123 22 ändamälet
743 1305 49 21 med
807 1303 104 22 embetets

87 1331 100 35 stiftelse.
811 1337 3 2 ;

157 1363 40 21 Om
220 1369 29 15 nu
273 1363 150 21 erfarenheten
445 1363 56 21 visat
521 1365 34 19 att
570 1363 134 25 menniskan,
721 1362 27 21 dä
763 1362 41 21 hon
821 1359 92 28 uppnätt

88 1399 26 14 en
130 1392 43 21 viss
190 1392 66 26 högre
273 1392 65 26 älder,
350 1392 48 21 icke
414 1398 45 14 mer
475 1391 38 21 har
530 1397 81 16 samma
626 1391 102 26 förmäga,
746 1397 46 14 som
807 1390 42 20 hon
857 1389 55 21 hade

87 1421 69 21 under
175 1427 30 14 en
229 1421 91 26 tidigare
336 1420 74 27 period
426 1420 22 21 af
463 1420 38 21 sitt
517 1420 33 25 lif;
567 1426 33 15 om
617 1419 37 22 det
669 1419 57 22 visat
741 1419 32 26 sig
789 1420 32 19 att
836 1417 78 21 menni-

88 1449 65 21 skans
177 1449 62 27 själs-
263 1449 41 21 och
326 1448 162 27 kroppskrafter
504 1449 98 26 vanligen
618 1448 34 21 vid
669 1455 25 14 en
710 1448 43 21 viss
770 1447 59 21 ålder
844 1445 24 21 sä
884 1445 30 21 af-

89 1480 57 23 taga,
171 1479 31 19 att
229 1477 41 21 hon
287 1480 23 18 är
326 1477 123 26 oförmögen
466 1479 33 19 att
514 1476 52 28 fylla
582 1476 41 22 den
639 1476 56 26 plats
711 1476 42 21 hon
769 1475 93 25 innehar,
880 1479 34 15 om

87 1506 87 21 således
199 1506 37 21 det
258 1506 117 21 allmännas
395 1506 126 26 rättmätiga
542 1505 120 26 fordringar
681 1504 22 22 af
717 1504 41 22 den
774 1504 81 25 äldrige
872 1508 43 15 em-
