<?xml version="1.0" encoding="UTF-8"?>
<alto xmlns="http://www.loc.gov/standards/alto/ns-v3#" xmlns:xlink="http://www.w3.org/1999/xlink" xmlns:xsi="http://www.w3.org/2001/XMLSchema-instance" xsi:schemaLocation="http://www.loc.gov/standards/alto/ns-v3# http://www.loc.gov/alto/v3/alto-3-0.xsd">
	<Description>
		<MeasurementUnit>pixel</MeasurementUnit>
		<sourceImageInformation>
			<fileName>/tmp/tess_1ay3ilsa_input.PNG</fileName>
		</sourceImageInformation>
		<OCRProcessing ID="OCR_0">
			<ocrProcessingStep>
				<processingSoftware>
					<softwareName>tesseract 5.3.4</softwareName>
				</processingSoftware>
			</ocrProcessingStep>
		</OCRProcessing>
	</Description>
	<Layout>
		<Page WIDTH="1078" HEIGHT="1739" PHYSICAL_IMG_NR="0" ID="page_0">
			<PrintSpace HPOS="0" VPOS="0" WIDTH="1078" HEIGHT="1739">
				<GraphicalElement ID="cblock_0" HPOS="0" VPOS="860" WIDTH="8" HEIGHT="739"></GraphicalElement >
				<ComposedBlock ID="cblock_1" HPOS="189" VPOS="135" WIDTH="467" HEIGHT="26">
					<TextBlock ID="block_0" HPOS="189" VPOS="135" WIDTH="467" HEIGHT="26">
						<TextLine ID="line_0" HPOS="189" VPOS="135" WIDTH="467" HEIGHT="26">
							<String ID="string_0" HPOS="189" VPOS="135" WIDTH="27" HEIGHT="22" WC="0.96" CONTENT="12"/><SP WIDTH="275" VPOS="135" HPOS="216"/>
							<String ID="string_1" HPOS="491" VPOS="139" WIDTH="88" HEIGHT="18" WC="0.85" CONTENT="Tammik."/><SP WIDTH="17" VPOS="139" HPOS="579"/>
							<String ID="string_2" HPOS="596" VPOS="137" WIDTH="26" HEIGHT="20" WC="0.96" CONTENT="23"/><SP WIDTH="16" VPOS="137" HPOS="622"/>
							<String ID="string_3" HPOS="638" VPOS="144" WIDTH="18" HEIGHT="17" WC="0.96" CONTENT="p."/>
						</TextLine>
					</TextBlock>
				</ComposedBlock>
				<ComposedBlock ID="cblock_2" HPOS="159" VPOS="199" WIDTH="831" HEIGHT="753">
					<TextBlock ID="block_1" HPOS="159" VPOS="199" WIDTH="831" HEIGHT="574">
						<TextLine ID="line_1" HPOS="159" VPOS="199" WIDTH="826" HEIGHT="30">
							<String ID="string_4" HPOS="159" VPOS="200" WIDTH="52" HEIGHT="22" WC="0.93" CONTENT="rade"/><SP WIDTH="15" VPOS="200" HPOS="211"/>
							<String ID="string_5" HPOS="226" VPOS="199" WIDTH="47" HEIGHT="23" WC="0.93" CONTENT="frän"/><SP WIDTH="15" VPOS="199" HPOS="273"/>
							<String ID="string_6" HPOS="288" VPOS="201" WIDTH="37" HEIGHT="22" WC="0.93" CONTENT="det"/><SP WIDTH="14" VPOS="201" HPOS="325"/>
							<String ID="string_7" HPOS="339" VPOS="200" WIDTH="109" HEIGHT="29" WC="0.92" CONTENT="vällofliga"/><SP WIDTH="15" VPOS="200" HPOS="448"/>
							<String ID="string_8" HPOS="463" VPOS="201" WIDTH="94" HEIGHT="27" WC="0.92" CONTENT="ständet,"/><SP WIDTH="11" VPOS="201" HPOS="557"/>
							<String ID="string_9" HPOS="568" VPOS="201" WIDTH="75" HEIGHT="22" WC="0.93" CONTENT="tackar"/><SP WIDTH="7" VPOS="201" HPOS="643"/>
							<String ID="string_10" HPOS="650" VPOS="201" WIDTH="167" HEIGHT="22" WC="0.92" CONTENT="Presteständet"/><SP WIDTH="8" VPOS="201" HPOS="817"/>
							<String ID="string_11" HPOS="825" VPOS="200" WIDTH="160" HEIGHT="29" WC="0.90" CONTENT="förbindligast."/>
						</TextLine>
						<TextLine ID="line_2" HPOS="159" VPOS="229" WIDTH="826" HEIGHT="28">
							<String ID="string_12" HPOS="159" VPOS="229" WIDTH="166" HEIGHT="22" WC="0.92" CONTENT="Presteständet"/><SP WIDTH="14" VPOS="229" HPOS="325"/>
							<String ID="string_13" HPOS="339" VPOS="229" WIDTH="40" HEIGHT="22" WC="0.96" CONTENT="har"/><SP WIDTH="15" VPOS="229" HPOS="379"/>
							<String ID="string_14" HPOS="394" VPOS="230" WIDTH="61" HEIGHT="21" WC="0.93" CONTENT="alltid"/><SP WIDTH="16" VPOS="230" HPOS="455"/>
							<String ID="string_15" HPOS="471" VPOS="232" WIDTH="59" HEIGHT="21" WC="0.92" CONTENT="vetat"/><SP WIDTH="15" VPOS="232" HPOS="530"/>
							<String ID="string_16" HPOS="545" VPOS="232" WIDTH="33" HEIGHT="20" WC="0.93" CONTENT="att"/><SP WIDTH="15" VPOS="232" HPOS="578"/>
							<String ID="string_17" HPOS="593" VPOS="229" WIDTH="119" HEIGHT="28" WC="0.93" CONTENT="uppskatta"/><SP WIDTH="14" VPOS="229" HPOS="712"/>
							<String ID="string_18" HPOS="726" VPOS="230" WIDTH="41" HEIGHT="21" WC="0.96" CONTENT="den"/><SP WIDTH="12" VPOS="230" HPOS="767"/>
							<String ID="string_19" HPOS="779" VPOS="231" WIDTH="60" HEIGHT="20" WC="0.96" CONTENT="stora"/><SP WIDTH="12" VPOS="231" HPOS="839"/>
							<String ID="string_20" HPOS="851" VPOS="230" WIDTH="39" HEIGHT="22" WC="0.93" CONTENT="och"/><SP WIDTH="14" VPOS="230" HPOS="890"/>
							<String ID="string_21" HPOS="904" VPOS="230" WIDTH="81" HEIGHT="27" WC="0.92" CONTENT="vigtiga"/>
						</TextLine>
						<TextLine ID="line_3" HPOS="160" VPOS="257" WIDTH="825" HEIGHT="29">
							<String ID="string_22" HPOS="160" VPOS="257" WIDTH="64" HEIGHT="22" WC="0.93" CONTENT="andel"/><SP WIDTH="18" VPOS="257" HPOS="224"/>
							<String ID="string_23" HPOS="242" VPOS="258" WIDTH="31" HEIGHT="21" WC="0.93" CONTENT="uti"/><SP WIDTH="18" VPOS="258" HPOS="273"/>
							<String ID="string_24" HPOS="291" VPOS="258" WIDTH="211" HEIGHT="27" WC="0.92" CONTENT="landtdagsvärfvets"/><SP WIDTH="19" VPOS="258" HPOS="502"/>
							<String ID="string_25" HPOS="521" VPOS="258" WIDTH="120" HEIGHT="23" WC="0.95" CONTENT="utförande,"/><SP WIDTH="19" VPOS="258" HPOS="641"/>
							<String ID="string_26" HPOS="660" VPOS="264" WIDTH="47" HEIGHT="16" WC="0.93" CONTENT="som"/><SP WIDTH="20" VPOS="264" HPOS="707"/>
							<String ID="string_27" HPOS="727" VPOS="259" WIDTH="83" HEIGHT="22" WC="0.96" CONTENT="tillhört"/><SP WIDTH="17" VPOS="259" HPOS="810"/>
							<String ID="string_28" HPOS="827" VPOS="259" WIDTH="36" HEIGHT="22" WC="0.93" CONTENT="det"/><SP WIDTH="11" VPOS="259" HPOS="863"/>
							<String ID="string_29" HPOS="874" VPOS="258" WIDTH="111" HEIGHT="28" WC="0.90" CONTENT="vällofliga"/>
						</TextLine>
						<TextLine ID="line_4" HPOS="159" VPOS="286" WIDTH="826" HEIGHT="29">
							<String ID="string_30" HPOS="159" VPOS="286" WIDTH="191" HEIGHT="27" WC="0.91" CONTENT="Borgareständet."/><SP WIDTH="30" VPOS="286" HPOS="350"/>
							<String ID="string_31" HPOS="380" VPOS="287" WIDTH="43" HEIGHT="22" WC="0.96" CONTENT="Det"/><SP WIDTH="14" VPOS="287" HPOS="423"/>
							<String ID="string_32" HPOS="437" VPOS="288" WIDTH="40" HEIGHT="21" WC="0.85" CONTENT="bar"/><SP WIDTH="15" VPOS="288" HPOS="477"/>
							<String ID="string_33" HPOS="492" VPOS="289" WIDTH="60" HEIGHT="20" WC="0.92" CONTENT="vetat"/><SP WIDTH="15" VPOS="289" HPOS="552"/>
							<String ID="string_34" HPOS="567" VPOS="290" WIDTH="33" HEIGHT="19" WC="0.96" CONTENT="att"/><SP WIDTH="15" VPOS="290" HPOS="600"/>
							<String ID="string_35" HPOS="615" VPOS="287" WIDTH="32" HEIGHT="22" WC="0.93" CONTENT="till"/><SP WIDTH="15" VPOS="287" HPOS="647"/>
							<String ID="string_36" HPOS="662" VPOS="287" WIDTH="53" HEIGHT="22" WC="0.93" CONTENT="fullo"/><SP WIDTH="8" VPOS="287" HPOS="715"/>
							<String ID="string_37" HPOS="723" VPOS="288" WIDTH="119" HEIGHT="27" WC="0.92" CONTENT="uppskatta"/><SP WIDTH="16" VPOS="288" HPOS="842"/>
							<String ID="string_38" HPOS="858" VPOS="287" WIDTH="127" HEIGHT="28" WC="0.96" CONTENT="betydelsen"/>
						</TextLine>
						<TextLine ID="line_5" HPOS="161" VPOS="315" WIDTH="827" HEIGHT="28">
							<String ID="string_39" HPOS="161" VPOS="315" WIDTH="23" HEIGHT="22" WC="0.95" CONTENT="af"/><SP WIDTH="18" VPOS="315" HPOS="184"/>
							<String ID="string_40" HPOS="202" VPOS="315" WIDTH="38" HEIGHT="22" WC="0.93" CONTENT="det"/><SP WIDTH="18" VPOS="315" HPOS="240"/>
							<String ID="string_41" HPOS="258" VPOS="315" WIDTH="109" HEIGHT="28" WC="0.91" CONTENT="vällofliga"/><SP WIDTH="15" VPOS="315" HPOS="367"/>
							<String ID="string_42" HPOS="382" VPOS="316" WIDTH="98" HEIGHT="22" WC="0.92" CONTENT="ständets"/><SP WIDTH="17" VPOS="316" HPOS="480"/>
							<String ID="string_43" HPOS="497" VPOS="317" WIDTH="74" HEIGHT="21" WC="0.93" CONTENT="arbete"/><SP WIDTH="16" VPOS="317" HPOS="571"/>
							<String ID="string_44" HPOS="587" VPOS="316" WIDTH="61" HEIGHT="22" WC="0.92" CONTENT="äfven"/><SP WIDTH="16" VPOS="316" HPOS="648"/>
							<String ID="string_45" HPOS="664" VPOS="316" WIDTH="34" HEIGHT="25" WC="0.96" CONTENT="dä,"/><SP WIDTH="13" VPOS="316" HPOS="698"/>
							<String ID="string_46" HPOS="711" VPOS="318" WIDTH="39" HEIGHT="19" WC="0.93" CONTENT="när"/><SP WIDTH="12" VPOS="318" HPOS="750"/>
							<String ID="string_47" HPOS="762" VPOS="315" WIDTH="163" HEIGHT="28" WC="0.92" CONTENT="uppfattningen"/><SP WIDTH="14" VPOS="315" HPOS="925"/>
							<String ID="string_48" HPOS="939" VPOS="316" WIDTH="49" HEIGHT="22" WC="0.92" CONTENT="utaf"/>
						</TextLine>
						<TextLine ID="line_6" HPOS="161" VPOS="343" WIDTH="823" HEIGHT="29">
							<String ID="string_49" HPOS="161" VPOS="343" WIDTH="109" HEIGHT="27" WC="0.96" CONTENT="åtskilliga"/><SP WIDTH="18" VPOS="343" HPOS="270"/>
							<String ID="string_50" HPOS="288" VPOS="344" WIDTH="72" HEIGHT="28" WC="0.96" CONTENT="frågor"/><SP WIDTH="15" VPOS="344" HPOS="360"/>
							<String ID="string_51" HPOS="375" VPOS="345" WIDTH="53" HEIGHT="21" WC="0.96" CONTENT="varit"/><SP WIDTH="16" VPOS="345" HPOS="428"/>
							<String ID="string_52" HPOS="444" VPOS="345" WIDTH="58" HEIGHT="22" WC="0.93" CONTENT="olika"/><SP WIDTH="15" VPOS="345" HPOS="502"/>
							<String ID="string_53" HPOS="517" VPOS="345" WIDTH="32" HEIGHT="22" WC="0.93" CONTENT="uti"/><SP WIDTH="14" VPOS="345" HPOS="549"/>
							<String ID="string_54" HPOS="563" VPOS="345" WIDTH="108" HEIGHT="26" WC="0.92" CONTENT="vällofliga"/><SP WIDTH="14" VPOS="345" HPOS="671"/>
							<String ID="string_55" HPOS="685" VPOS="345" WIDTH="185" HEIGHT="26" WC="0.92" CONTENT="Borgareständet"/><SP WIDTH="13" VPOS="345" HPOS="870"/>
							<String ID="string_56" HPOS="883" VPOS="345" WIDTH="40" HEIGHT="22" WC="0.93" CONTENT="och"/><SP WIDTH="11" VPOS="345" HPOS="923"/>
							<String ID="string_57" HPOS="934" VPOS="345" WIDTH="50" HEIGHT="22" WC="0.92" CONTENT="Pre-"/>
						</TextLine>
						<TextLine ID="line_7" HPOS="161" VPOS="372" WIDTH="825" HEIGHT="29">
							<String ID="string_58" HPOS="161" VPOS="372" WIDTH="129" HEIGHT="23" WC="0.91" CONTENT="steständet."/><SP WIDTH="22" VPOS="372" HPOS="290"/>
							<String ID="string_59" HPOS="312" VPOS="373" WIDTH="66" HEIGHT="22" WC="0.96" CONTENT="Detta"/><SP WIDTH="12" VPOS="373" HPOS="378"/>
							<String ID="string_60" HPOS="390" VPOS="374" WIDTH="38" HEIGHT="21" WC="0.93" CONTENT="har"/><SP WIDTH="9" VPOS="374" HPOS="428"/>
							<String ID="string_61" HPOS="437" VPOS="374" WIDTH="66" HEIGHT="21" WC="0.91" CONTENT="likväl"/><SP WIDTH="12" VPOS="374" HPOS="503"/>
							<String ID="string_62" HPOS="515" VPOS="374" WIDTH="48" HEIGHT="22" WC="0.92" CONTENT="icke"/><SP WIDTH="13" VPOS="374" HPOS="563"/>
							<String ID="string_63" HPOS="576" VPOS="374" WIDTH="94" HEIGHT="21" WC="0.93" CONTENT="minskat"/><SP WIDTH="8" VPOS="374" HPOS="670"/>
							<String ID="string_64" HPOS="678" VPOS="374" WIDTH="118" HEIGHT="27" WC="0.93" CONTENT="aktningen"/><SP WIDTH="12" VPOS="374" HPOS="796"/>
							<String ID="string_65" HPOS="808" VPOS="373" WIDTH="33" HEIGHT="22" WC="0.96" CONTENT="för"/><SP WIDTH="8" VPOS="373" HPOS="841"/>
							<String ID="string_66" HPOS="849" VPOS="374" WIDTH="40" HEIGHT="22" WC="0.93" CONTENT="den"/><SP WIDTH="9" VPOS="374" HPOS="889"/>
							<String ID="string_67" HPOS="898" VPOS="373" WIDTH="88" HEIGHT="28" WC="0.93" CONTENT="insigts-"/>
						</TextLine>
						<TextLine ID="line_8" HPOS="160" VPOS="401" WIDTH="825" HEIGHT="29">
							<String ID="string_68" HPOS="160" VPOS="401" WIDTH="77" HEIGHT="22" WC="0.83" CONTENT="fullbet"/><SP WIDTH="16" VPOS="401" HPOS="237"/>
							<String ID="string_69" HPOS="253" VPOS="402" WIDTH="41" HEIGHT="21" WC="0.96" CONTENT="och"/><SP WIDTH="8" VPOS="402" HPOS="294"/>
							<String ID="string_70" HPOS="302" VPOS="402" WIDTH="41" HEIGHT="21" WC="0.93" CONTENT="den"/><SP WIDTH="9" VPOS="402" HPOS="343"/>
							<String ID="string_71" HPOS="352" VPOS="403" WIDTH="207" HEIGHT="27" WC="0.42" CONTENT="samvetsgrannohet,"/><SP WIDTH="10" VPOS="403" HPOS="559"/>
							<String ID="string_72" HPOS="569" VPOS="409" WIDTH="46" HEIGHT="15" WC="0.93" CONTENT="som"/><SP WIDTH="14" VPOS="409" HPOS="615"/>
							<String ID="string_73" HPOS="629" VPOS="403" WIDTH="185" HEIGHT="26" WC="0.92" CONTENT="Borgareständet"/><SP WIDTH="10" VPOS="403" HPOS="814"/>
							<String ID="string_74" HPOS="824" VPOS="403" WIDTH="35" HEIGHT="21" WC="0.93" CONTENT="vid"/><SP WIDTH="14" VPOS="403" HPOS="859"/>
							<String ID="string_75" HPOS="873" VPOS="402" WIDTH="112" HEIGHT="27" WC="0.93" CONTENT="frägornas"/>
						</TextLine>
						<TextLine ID="line_9" HPOS="163" VPOS="430" WIDTH="823" HEIGHT="28">
							<String ID="string_76" HPOS="163" VPOS="430" WIDTH="129" HEIGHT="27" WC="0.93" CONTENT="behandling"/><SP WIDTH="23" VPOS="430" HPOS="292"/>
							<String ID="string_77" HPOS="315" VPOS="431" WIDTH="121" HEIGHT="27" WC="0.91" CONTENT="ädagalagt."/><SP WIDTH="34" VPOS="431" HPOS="436"/>
							<String ID="string_78" HPOS="470" VPOS="431" WIDTH="43" HEIGHT="21" WC="0.96" CONTENT="Det"/><SP WIDTH="22" VPOS="431" HPOS="513"/>
							<String ID="string_79" HPOS="535" VPOS="431" WIDTH="40" HEIGHT="21" WC="0.96" CONTENT="hör"/><SP WIDTH="23" VPOS="431" HPOS="575"/>
							<String ID="string_80" HPOS="598" VPOS="431" WIDTH="31" HEIGHT="21" WC="0.95" CONTENT="till"/><SP WIDTH="23" VPOS="431" HPOS="629"/>
							<String ID="string_81" HPOS="652" VPOS="431" WIDTH="38" HEIGHT="21" WC="0.93" CONTENT="det"/><SP WIDTH="19" VPOS="431" HPOS="690"/>
							<String ID="string_82" HPOS="709" VPOS="431" WIDTH="119" HEIGHT="27" WC="0.92" CONTENT="menskliga"/><SP WIDTH="25" VPOS="431" HPOS="828"/>
							<String ID="string_83" HPOS="853" VPOS="431" WIDTH="133" HEIGHT="22" WC="0.91" CONTENT="förständets"/>
						</TextLine>
						<TextLine ID="line_10" HPOS="161" VPOS="458" WIDTH="825" HEIGHT="28">
							<String ID="string_84" HPOS="161" VPOS="458" WIDTH="141" HEIGHT="27" WC="0.92" CONTENT="skröplighet,"/><SP WIDTH="21" VPOS="458" HPOS="302"/>
							<String ID="string_85" HPOS="323" VPOS="459" WIDTH="32" HEIGHT="21" WC="0.96" CONTENT="till"/><SP WIDTH="19" VPOS="459" HPOS="355"/>
							<String ID="string_86" HPOS="374" VPOS="460" WIDTH="41" HEIGHT="21" WC="0.93" CONTENT="den"/><SP WIDTH="17" VPOS="460" HPOS="415"/>
							<String ID="string_87" HPOS="432" VPOS="460" WIDTH="121" HEIGHT="26" WC="0.92" CONTENT="menskliga"/><SP WIDTH="14" VPOS="460" HPOS="553"/>
							<String ID="string_88" HPOS="567" VPOS="460" WIDTH="122" HEIGHT="21" WC="0.80" CONTENT="visäomens"/><SP WIDTH="16" VPOS="460" HPOS="689"/>
							<String ID="string_89" HPOS="705" VPOS="460" WIDTH="97" HEIGHT="26" WC="0.95" CONTENT="svaghet,"/><SP WIDTH="15" VPOS="460" HPOS="802"/>
							<String ID="string_90" HPOS="817" VPOS="461" WIDTH="32" HEIGHT="20" WC="0.93" CONTENT="att"/><SP WIDTH="19" VPOS="461" HPOS="849"/>
							<String ID="string_91" HPOS="868" VPOS="460" WIDTH="118" HEIGHT="26" WC="0.96" CONTENT="sanningen"/>
						</TextLine>
						<TextLine ID="line_11" HPOS="162" VPOS="487" WIDTH="823" HEIGHT="29">
							<String ID="string_92" HPOS="162" VPOS="487" WIDTH="77" HEIGHT="22" WC="0.96" CONTENT="endast"/><SP WIDTH="21" VPOS="487" HPOS="239"/>
							<String ID="string_93" HPOS="260" VPOS="487" WIDTH="43" HEIGHT="21" WC="0.93" CONTENT="kan"/><SP WIDTH="23" VPOS="487" HPOS="303"/>
							<String ID="string_94" HPOS="326" VPOS="489" WIDTH="88" HEIGHT="21" WC="0.91" CONTENT="utrönas"/><SP WIDTH="19" VPOS="489" HPOS="414"/>
							<String ID="string_95" HPOS="433" VPOS="494" WIDTH="78" HEIGHT="22" WC="0.96" CONTENT="genom"/><SP WIDTH="22" VPOS="494" HPOS="511"/>
							<String ID="string_96" HPOS="533" VPOS="488" WIDTH="57" HEIGHT="22" WC="0.93" CONTENT="olika"/><SP WIDTH="18" VPOS="488" HPOS="590"/>
							<String ID="string_97" HPOS="608" VPOS="488" WIDTH="120" HEIGHT="28" WC="0.92" CONTENT="meningars"/><SP WIDTH="17" VPOS="488" HPOS="728"/>
							<String ID="string_98" HPOS="745" VPOS="488" WIDTH="100" HEIGHT="27" WC="0.92" CONTENT="brytning"/><SP WIDTH="15" VPOS="488" HPOS="845"/>
							<String ID="string_99" HPOS="860" VPOS="491" WIDTH="45" HEIGHT="19" WC="0.93" CONTENT="mot"/><SP WIDTH="18" VPOS="491" HPOS="905"/>
							<String ID="string_100" HPOS="923" VPOS="488" WIDTH="62" HEIGHT="22" WC="0.92" CONTENT="hvar-"/>
						</TextLine>
						<TextLine ID="line_12" HPOS="161" VPOS="516" WIDTH="829" HEIGHT="28">
							<String ID="string_101" HPOS="161" VPOS="516" WIDTH="72" HEIGHT="21" WC="0.96" CONTENT="andra."/><SP WIDTH="16" VPOS="516" HPOS="233"/>
							<String ID="string_102" HPOS="249" VPOS="516" WIDTH="40" HEIGHT="21" WC="0.93" CONTENT="Att"/><SP WIDTH="22" VPOS="516" HPOS="289"/>
							<String ID="string_103" HPOS="311" VPOS="516" WIDTH="64" HEIGHT="22" WC="0.93" CONTENT="likväl"/><SP WIDTH="19" VPOS="516" HPOS="375"/>
							<String ID="string_104" HPOS="394" VPOS="519" WIDTH="32" HEIGHT="19" WC="0.93" CONTENT="ett"/><SP WIDTH="14" VPOS="519" HPOS="426"/>
							<String ID="string_105" HPOS="440" VPOS="517" WIDTH="54" HEIGHT="27" WC="0.92" CONTENT="godt"/><SP WIDTH="14" VPOS="517" HPOS="494"/>
							<String ID="string_106" HPOS="508" VPOS="518" WIDTH="99" HEIGHT="25" WC="0.96" CONTENT="resultat,"/><SP WIDTH="16" VPOS="518" HPOS="607"/>
							<String ID="string_107" HPOS="623" VPOS="516" WIDTH="45" HEIGHT="22" WC="0.93" CONTENT="ofta"/><SP WIDTH="16" VPOS="516" HPOS="668"/>
							<String ID="string_108" HPOS="684" VPOS="517" WIDTH="105" HEIGHT="21" WC="0.91" CONTENT="oväntadt"/><SP WIDTH="15" VPOS="517" HPOS="789"/>
							<String ID="string_109" HPOS="804" VPOS="518" WIDTH="58" HEIGHT="26" WC="0.91" CONTENT="godt,"/><SP WIDTH="15" VPOS="518" HPOS="862"/>
							<String ID="string_110" HPOS="877" VPOS="516" WIDTH="71" HEIGHT="22" WC="0.92" CONTENT="blifvit"/><SP WIDTH="17" VPOS="516" HPOS="948"/>
							<String ID="string_111" HPOS="965" VPOS="516" WIDTH="25" HEIGHT="22" WC="0.97" CONTENT="af"/>
						</TextLine>
						<TextLine ID="line_13" HPOS="163" VPOS="544" WIDTH="823" HEIGHT="30">
							<String ID="string_112" HPOS="163" VPOS="544" WIDTH="60" HEIGHT="22" WC="0.93" CONTENT="detta"/><SP WIDTH="19" VPOS="544" HPOS="223"/>
							<String ID="string_113" HPOS="242" VPOS="544" WIDTH="112" HEIGHT="28" WC="0.87" CONTENT="dryftande"/><SP WIDTH="20" VPOS="544" HPOS="354"/>
							<String ID="string_114" HPOS="374" VPOS="552" WIDTH="26" HEIGHT="15" WC="0.97" CONTENT="en"/><SP WIDTH="16" VPOS="552" HPOS="400"/>
							<String ID="string_115" HPOS="416" VPOS="546" WIDTH="59" HEIGHT="28" WC="0.96" CONTENT="följd,"/><SP WIDTH="17" VPOS="546" HPOS="475"/>
							<String ID="string_116" HPOS="492" VPOS="546" WIDTH="37" HEIGHT="21" WC="0.93" CONTENT="det"/><SP WIDTH="14" VPOS="546" HPOS="529"/>
							<String ID="string_117" HPOS="543" VPOS="546" WIDTH="86" HEIGHT="22" WC="0.96" CONTENT="bevisar"/><SP WIDTH="15" VPOS="546" HPOS="629"/>
							<String ID="string_118" HPOS="644" VPOS="548" WIDTH="32" HEIGHT="19" WC="0.96" CONTENT="att"/><SP WIDTH="16" VPOS="548" HPOS="676"/>
							<String ID="string_119" HPOS="692" VPOS="546" WIDTH="61" HEIGHT="22" WC="0.96" CONTENT="detta"/><SP WIDTH="14" VPOS="546" HPOS="753"/>
							<String ID="string_120" HPOS="767" VPOS="546" WIDTH="40" HEIGHT="21" WC="0.96" CONTENT="har"/><SP WIDTH="12" VPOS="546" HPOS="807"/>
							<String ID="string_121" HPOS="819" VPOS="546" WIDTH="54" HEIGHT="21" WC="0.93" CONTENT="varit"/><SP WIDTH="17" VPOS="546" HPOS="873"/>
							<String ID="string_122" HPOS="890" VPOS="545" WIDTH="96" HEIGHT="22" WC="0.92" CONTENT="nödvän-"/>
						</TextLine>
						<TextLine ID="line_14" HPOS="162" VPOS="573" WIDTH="824" HEIGHT="29">
							<String ID="string_123" HPOS="162" VPOS="573" WIDTH="52" HEIGHT="27" WC="0.89" CONTENT="digt,"/><SP WIDTH="15" VPOS="573" HPOS="214"/>
							<String ID="string_124" HPOS="229" VPOS="580" WIDTH="48" HEIGHT="15" WC="0.96" CONTENT="men"/><SP WIDTH="17" VPOS="580" HPOS="277"/>
							<String ID="string_125" HPOS="294" VPOS="574" WIDTH="38" HEIGHT="22" WC="0.93" CONTENT="det"/><SP WIDTH="12" VPOS="574" HPOS="332"/>
							<String ID="string_126" HPOS="344" VPOS="574" WIDTH="84" HEIGHT="22" WC="0.92" CONTENT="bevisar"/><SP WIDTH="11" VPOS="574" HPOS="428"/>
							<String ID="string_127" HPOS="439" VPOS="575" WIDTH="66" HEIGHT="21" WC="0.92" CONTENT="ocksä"/><SP WIDTH="11" VPOS="575" HPOS="505"/>
							<String ID="string_128" HPOS="516" VPOS="576" WIDTH="33" HEIGHT="20" WC="0.93" CONTENT="att"/><SP WIDTH="10" VPOS="576" HPOS="549"/>
							<String ID="string_129" HPOS="559" VPOS="576" WIDTH="79" HEIGHT="26" WC="0.93" CONTENT="ytterst"/><SP WIDTH="10" VPOS="576" HPOS="638"/>
							<String ID="string_130" HPOS="648" VPOS="575" WIDTH="130" HEIGHT="21" WC="0.91" CONTENT="bestämmes"/><SP WIDTH="12" VPOS="575" HPOS="778"/>
							<String ID="string_131" HPOS="790" VPOS="575" WIDTH="41" HEIGHT="21" WC="0.93" CONTENT="den"/><SP WIDTH="10" VPOS="575" HPOS="831"/>
							<String ID="string_132" HPOS="841" VPOS="574" WIDTH="57" HEIGHT="27" WC="0.92" CONTENT="goda"/><SP WIDTH="11" VPOS="574" HPOS="898"/>
							<String ID="string_133" HPOS="909" VPOS="574" WIDTH="77" HEIGHT="27" WC="0.92" CONTENT="utgän-"/>
						</TextLine>
						<TextLine ID="line_15" HPOS="161" VPOS="602" WIDTH="826" HEIGHT="28">
							<String ID="string_134" HPOS="161" VPOS="608" WIDTH="42" HEIGHT="21" WC="0.96" CONTENT="gen"/><SP WIDTH="21" VPOS="608" HPOS="203"/>
							<String ID="string_135" HPOS="224" VPOS="602" WIDTH="23" HEIGHT="22" WC="0.96" CONTENT="af"/><SP WIDTH="19" VPOS="602" HPOS="247"/>
							<String ID="string_136" HPOS="266" VPOS="602" WIDTH="55" HEIGHT="27" WC="0.95" CONTENT="Gud,"/><SP WIDTH="22" VPOS="602" HPOS="321"/>
							<String ID="string_137" HPOS="343" VPOS="609" WIDTH="46" HEIGHT="15" WC="0.93" CONTENT="som"/><SP WIDTH="19" VPOS="609" HPOS="389"/>
							<String ID="string_138" HPOS="408" VPOS="604" WIDTH="47" HEIGHT="21" WC="0.90" CONTENT="icke"/><SP WIDTH="19" VPOS="604" HPOS="455"/>
							<String ID="string_139" HPOS="474" VPOS="605" WIDTH="94" HEIGHT="20" WC="0.93" CONTENT="tröttnar"/><SP WIDTH="19" VPOS="605" HPOS="568"/>
							<String ID="string_140" HPOS="587" VPOS="605" WIDTH="32" HEIGHT="20" WC="0.93" CONTENT="att"/><SP WIDTH="20" VPOS="605" HPOS="619"/>
							<String ID="string_141" HPOS="639" VPOS="604" WIDTH="56" HEIGHT="21" WC="0.91" CONTENT="vaka"/><SP WIDTH="15" VPOS="604" HPOS="695"/>
							<String ID="string_142" HPOS="710" VPOS="602" WIDTH="60" HEIGHT="23" WC="0.96" CONTENT="öfver"/><SP WIDTH="16" VPOS="602" HPOS="770"/>
							<String ID="string_143" HPOS="786" VPOS="603" WIDTH="37" HEIGHT="21" WC="0.96" CONTENT="det"/><SP WIDTH="14" VPOS="603" HPOS="823"/>
							<String ID="string_144" HPOS="837" VPOS="603" WIDTH="51" HEIGHT="27" WC="0.93" CONTENT="folk,"/><SP WIDTH="16" VPOS="603" HPOS="888"/>
							<String ID="string_145" HPOS="904" VPOS="603" WIDTH="83" HEIGHT="22" WC="0.93" CONTENT="hvilket"/>
						</TextLine>
						<TextLine ID="line_16" HPOS="163" VPOS="630" WIDTH="822" HEIGHT="28">
							<String ID="string_146" HPOS="163" VPOS="630" WIDTH="141" HEIGHT="23" WC="0.46" CONTENT="öfverlemnar"/><SP WIDTH="15" VPOS="630" HPOS="304"/>
							<String ID="string_147" HPOS="319" VPOS="632" WIDTH="33" HEIGHT="26" WC="0.96" CONTENT="sig"/><SP WIDTH="16" VPOS="632" HPOS="352"/>
							<String ID="string_148" HPOS="368" VPOS="632" WIDTH="22" HEIGHT="21" WC="0.95" CONTENT="ät"/><SP WIDTH="15" VPOS="632" HPOS="390"/>
							<String ID="string_149" HPOS="405" VPOS="632" WIDTH="54" HEIGHT="22" WC="0.96" CONTENT="hans"/><SP WIDTH="15" VPOS="632" HPOS="459"/>
							<String ID="string_150" HPOS="474" VPOS="632" WIDTH="93" HEIGHT="26" WC="0.92" CONTENT="ledning."/><SP WIDTH="30" VPOS="632" HPOS="567"/>
							<String ID="string_151" HPOS="597" VPOS="632" WIDTH="167" HEIGHT="22" WC="0.91" CONTENT="Presteständet"/><SP WIDTH="14" VPOS="632" HPOS="764"/>
							<String ID="string_152" HPOS="778" VPOS="632" WIDTH="96" HEIGHT="22" WC="0.95" CONTENT="anhåller"/><SP WIDTH="15" VPOS="632" HPOS="874"/>
							<String ID="string_153" HPOS="889" VPOS="634" WIDTH="33" HEIGHT="19" WC="0.93" CONTENT="att"/><SP WIDTH="14" VPOS="634" HPOS="922"/>
							<String ID="string_154" HPOS="936" VPOS="632" WIDTH="49" HEIGHT="22" WC="0.93" CONTENT="her-"/>
						</TextLine>
						<TextLine ID="line_17" HPOS="161" VPOS="660" WIDTH="825" HEIGHT="28">
							<String ID="string_155" HPOS="161" VPOS="666" WIDTH="36" HEIGHT="15" WC="0.89" CONTENT="rar"/><SP WIDTH="16" VPOS="666" HPOS="197"/>
							<String ID="string_156" HPOS="213" VPOS="660" WIDTH="132" HEIGHT="26" WC="0.88" CONTENT="deputerade"/><SP WIDTH="15" VPOS="660" HPOS="345"/>
							<String ID="string_157" HPOS="360" VPOS="661" WIDTH="49" HEIGHT="21" WC="0.97" CONTENT="ville"/><SP WIDTH="16" VPOS="661" HPOS="409"/>
							<String ID="string_158" HPOS="425" VPOS="661" WIDTH="31" HEIGHT="21" WC="0.96" CONTENT="till"/><SP WIDTH="9" VPOS="661" HPOS="456"/>
							<String ID="string_159" HPOS="465" VPOS="662" WIDTH="36" HEIGHT="20" WC="0.93" CONTENT="det"/><SP WIDTH="14" VPOS="662" HPOS="501"/>
							<String ID="string_160" HPOS="515" VPOS="660" WIDTH="109" HEIGHT="28" WC="0.89" CONTENT="vällofliga"/><SP WIDTH="9" VPOS="660" HPOS="624"/>
							<String ID="string_161" HPOS="633" VPOS="660" WIDTH="185" HEIGHT="27" WC="0.91" CONTENT="Borgareständet"/><SP WIDTH="15" VPOS="660" HPOS="818"/>
							<String ID="string_162" HPOS="833" VPOS="660" WIDTH="101" HEIGHT="22" WC="0.92" CONTENT="framföra"/><SP WIDTH="17" VPOS="660" HPOS="934"/>
							<String ID="string_163" HPOS="951" VPOS="663" WIDTH="35" HEIGHT="19" WC="0.93" CONTENT="ut-"/>
						</TextLine>
						<TextLine ID="line_18" HPOS="162" VPOS="688" WIDTH="824" HEIGHT="29">
							<String ID="string_164" HPOS="162" VPOS="688" WIDTH="84" HEIGHT="28" WC="0.96" CONTENT="trycket"/><SP WIDTH="11" VPOS="688" HPOS="246"/>
							<String ID="string_165" HPOS="257" VPOS="688" WIDTH="23" HEIGHT="22" WC="0.93" CONTENT="af"/><SP WIDTH="16" VPOS="688" HPOS="280"/>
							<String ID="string_166" HPOS="296" VPOS="689" WIDTH="175" HEIGHT="22" WC="0.92" CONTENT="Presteständets"/><SP WIDTH="16" VPOS="689" HPOS="471"/>
							<String ID="string_167" HPOS="487" VPOS="690" WIDTH="124" HEIGHT="27" WC="0.92" CONTENT="uppriktiga"/><SP WIDTH="14" VPOS="690" HPOS="611"/>
							<String ID="string_168" HPOS="625" VPOS="690" WIDTH="143" HEIGHT="26" WC="0.86" CONTENT="välönskning"/><SP WIDTH="15" VPOS="690" HPOS="768"/>
							<String ID="string_169" HPOS="783" VPOS="690" WIDTH="39" HEIGHT="21" WC="0.93" CONTENT="och"/><SP WIDTH="11" VPOS="690" HPOS="822"/>
							<String ID="string_170" HPOS="833" VPOS="689" WIDTH="153" HEIGHT="27" WC="0.93" CONTENT="äterhelsning,"/>
						</TextLine>
						<TextLine ID="line_19" HPOS="162" VPOS="717" WIDTH="825" HEIGHT="28">
							<String ID="string_171" HPOS="162" VPOS="717" WIDTH="41" HEIGHT="21" WC="0.92" CONTENT="och"/><SP WIDTH="23" VPOS="717" HPOS="203"/>
							<String ID="string_172" HPOS="226" VPOS="717" WIDTH="119" HEIGHT="23" WC="0.90" CONTENT="innesluter"/><SP WIDTH="20" VPOS="717" HPOS="345"/>
							<String ID="string_173" HPOS="365" VPOS="718" WIDTH="33" HEIGHT="27" WC="0.93" CONTENT="sig"/><SP WIDTH="20" VPOS="718" HPOS="398"/>
							<String ID="string_174" HPOS="418" VPOS="718" WIDTH="67" HEIGHT="22" WC="0.92" CONTENT="tillika"/><SP WIDTH="19" VPOS="718" HPOS="485"/>
							<String ID="string_175" HPOS="504" VPOS="719" WIDTH="32" HEIGHT="21" WC="0.92" CONTENT="uti"/><SP WIDTH="19" VPOS="719" HPOS="536"/>
							<String ID="string_176" HPOS="555" VPOS="718" WIDTH="38" HEIGHT="22" WC="0.93" CONTENT="det"/><SP WIDTH="18" VPOS="718" HPOS="593"/>
							<String ID="string_177" HPOS="611" VPOS="718" WIDTH="108" HEIGHT="27" WC="0.91" CONTENT="vällofliga"/><SP WIDTH="20" VPOS="718" HPOS="719"/>
							<String ID="string_178" HPOS="739" VPOS="718" WIDTH="98" HEIGHT="22" WC="0.93" CONTENT="ständets"/><SP WIDTH="17" VPOS="718" HPOS="837"/>
							<String ID="string_179" HPOS="854" VPOS="717" WIDTH="133" HEIGHT="23" WC="0.92" CONTENT="fortfarande"/>
						</TextLine>
						<TextLine ID="line_20" HPOS="162" VPOS="746" WIDTH="92" HEIGHT="27">
							<String ID="string_180" HPOS="162" VPOS="746" WIDTH="92" HEIGHT="27" WC="0.93" CONTENT="välvilja."/>
						</TextLine>
					</TextBlock>
					<TextBlock ID="block_2" HPOS="159" VPOS="809" WIDTH="828" HEIGHT="143">
						<TextLine ID="line_21" HPOS="231" VPOS="809" WIDTH="755" HEIGHT="27">
							<String ID="string_181" HPOS="231" VPOS="809" WIDTH="99" HEIGHT="22" WC="0.91" CONTENT="Provasti"/><SP WIDTH="18" VPOS="809" HPOS="330"/>
							<String ID="string_182" HPOS="348" VPOS="810" WIDTH="127" HEIGHT="21" WC="0.96" CONTENT="Nordström"/><SP WIDTH="18" VPOS="810" HPOS="475"/>
							<String ID="string_183" HPOS="493" VPOS="810" WIDTH="94" HEIGHT="21" WC="0.96" CONTENT="mainitsi"/><SP WIDTH="17" VPOS="810" HPOS="587"/>
							<String ID="string_184" HPOS="604" VPOS="811" WIDTH="46" HEIGHT="20" WC="0.96" CONTENT="että"/><SP WIDTH="14" VPOS="811" HPOS="650"/>
							<String ID="string_185" HPOS="664" VPOS="810" WIDTH="80" HEIGHT="26" WC="0.93" CONTENT="säädyn"/><SP WIDTH="12" VPOS="810" HPOS="744"/>
							<String ID="string_186" HPOS="756" VPOS="809" WIDTH="230" HEIGHT="27" WC="0.92" CONTENT="tervehdyslähetystö,"/>
						</TextLine>
						<TextLine ID="line_22" HPOS="159" VPOS="838" WIDTH="828" HEIGHT="28">
							<String ID="string_187" HPOS="159" VPOS="838" WIDTH="68" HEIGHT="28" WC="0.96" CONTENT="jonka"/><SP WIDTH="19" VPOS="838" HPOS="227"/>
							<String ID="string_188" HPOS="246" VPOS="838" WIDTH="108" HEIGHT="27" WC="0.96" CONTENT="jäsenistä"/><SP WIDTH="22" VPOS="838" HPOS="354"/>
							<String ID="string_189" HPOS="376" VPOS="838" WIDTH="42" HEIGHT="22" WC="0.96" CONTENT="hän"/><SP WIDTH="21" VPOS="838" HPOS="418"/>
							<String ID="string_190" HPOS="439" VPOS="838" WIDTH="28" HEIGHT="22" WC="0.96" CONTENT="oli"/><SP WIDTH="20" VPOS="838" HPOS="467"/>
							<String ID="string_191" HPOS="487" VPOS="839" WIDTH="84" HEIGHT="27" WC="0.93" CONTENT="pitänyt"/><SP WIDTH="19" VPOS="839" HPOS="571"/>
							<String ID="string_192" HPOS="590" VPOS="838" WIDTH="202" HEIGHT="28" WC="0.91" CONTENT="tervehdyspuheen"/><SP WIDTH="19" VPOS="838" HPOS="792"/>
							<String ID="string_193" HPOS="811" VPOS="838" WIDTH="134" HEIGHT="22" WC="0.92" CONTENT="ritaristossa"/><SP WIDTH="18" VPOS="838" HPOS="945"/>
							<String ID="string_194" HPOS="963" VPOS="838" WIDTH="24" HEIGHT="27" WC="0.96" CONTENT="ja"/>
						</TextLine>
						<TextLine ID="line_23" HPOS="163" VPOS="867" WIDTH="824" HEIGHT="27">
							<String ID="string_195" HPOS="163" VPOS="867" WIDTH="108" HEIGHT="26" WC="0.93" CONTENT="aatelissa,"/><SP WIDTH="21" VPOS="867" HPOS="271"/>
							<String ID="string_196" HPOS="292" VPOS="867" WIDTH="116" HEIGHT="27" WC="0.96" CONTENT="professori"/><SP WIDTH="16" VPOS="867" HPOS="408"/>
							<String ID="string_197" HPOS="424" VPOS="867" WIDTH="116" HEIGHT="21" WC="0.93" CONTENT="Danielson"/><SP WIDTH="15" VPOS="867" HPOS="540"/>
							<String ID="string_198" HPOS="555" VPOS="867" WIDTH="204" HEIGHT="27" WC="0.92" CONTENT="porvarissäädyssä"/><SP WIDTH="13" VPOS="867" HPOS="759"/>
							<String ID="string_199" HPOS="772" VPOS="868" WIDTH="23" HEIGHT="26" WC="0.93" CONTENT="ja"/><SP WIDTH="15" VPOS="868" HPOS="795"/>
							<String ID="string_200" HPOS="810" VPOS="867" WIDTH="95" HEIGHT="27" WC="0.90" CONTENT="provasti"/><SP WIDTH="15" VPOS="867" HPOS="905"/>
							<String ID="string_201" HPOS="920" VPOS="867" WIDTH="67" HEIGHT="21" WC="0.92" CONTENT="Törn-"/>
						</TextLine>
						<TextLine ID="line_24" HPOS="162" VPOS="895" WIDTH="824" HEIGHT="28">
							<String ID="string_202" HPOS="162" VPOS="895" WIDTH="45" HEIGHT="22" WC="0.89" CONTENT="udd"/><SP WIDTH="21" VPOS="895" HPOS="207"/>
							<String ID="string_203" HPOS="228" VPOS="896" WIDTH="257" HEIGHT="27" WC="0.92" CONTENT="talonpoikaissäädyssä,"/><SP WIDTH="24" VPOS="896" HPOS="485"/>
							<String ID="string_204" HPOS="509" VPOS="896" WIDTH="28" HEIGHT="21" WC="0.96" CONTENT="oli"/><SP WIDTH="24" VPOS="896" HPOS="537"/>
							<String ID="string_205" HPOS="561" VPOS="896" WIDTH="76" HEIGHT="21" WC="0.93" CONTENT="muilta"/><SP WIDTH="22" VPOS="896" HPOS="637"/>
							<String ID="string_206" HPOS="659" VPOS="896" WIDTH="108" HEIGHT="27" WC="0.91" CONTENT="säädyiltä"/><SP WIDTH="19" VPOS="896" HPOS="767"/>
							<String ID="string_207" HPOS="786" VPOS="898" WIDTH="79" HEIGHT="20" WC="0.96" CONTENT="saanut"/><SP WIDTH="20" VPOS="898" HPOS="865"/>
							<String ID="string_208" HPOS="885" VPOS="895" WIDTH="101" HEIGHT="22" WC="0.96" CONTENT="toimeksi"/>
						</TextLine>
						<TextLine ID="line_25" HPOS="162" VPOS="924" WIDTH="599" HEIGHT="28">
							<String ID="string_209" HPOS="162" VPOS="924" WIDTH="78" HEIGHT="22" WC="0.93" CONTENT="lausua"/><SP WIDTH="15" VPOS="924" HPOS="240"/>
							<String ID="string_210" HPOS="255" VPOS="924" WIDTH="175" HEIGHT="28" WC="0.92" CONTENT="pappissäädylle"/><SP WIDTH="15" VPOS="924" HPOS="430"/>
							<String ID="string_211" HPOS="445" VPOS="925" WIDTH="77" HEIGHT="21" WC="0.93" CONTENT="niitten"/><SP WIDTH="16" VPOS="925" HPOS="522"/>
							<String ID="string_212" HPOS="538" VPOS="924" WIDTH="223" HEIGHT="28" WC="0.91" CONTENT="vastatervehdykset."/>
						</TextLine>
					</TextBlock>
				</ComposedBlock>
				<ComposedBlock ID="cblock_3" HPOS="161" VPOS="998" WIDTH="827" HEIGHT="114">
					<TextBlock ID="block_3" HPOS="161" VPOS="998" WIDTH="827" HEIGHT="114">
						<TextLine ID="line_26" HPOS="231" VPOS="998" WIDTH="756" HEIGHT="28">
							<String ID="string_213" HPOS="231" VPOS="998" WIDTH="144" HEIGHT="22" WC="0.89" CONTENT="Hovimestari"/><SP WIDTH="22" VPOS="998" HPOS="375"/>
							<String ID="string_214" HPOS="397" VPOS="999" WIDTH="20" HEIGHT="21" WC="0.96" CONTENT="J."/><SP WIDTH="15" VPOS="999" HPOS="417"/>
							<String ID="string_215" HPOS="432" VPOS="999" WIDTH="25" HEIGHT="21" WC="0.96" CONTENT="R."/><SP WIDTH="20" VPOS="999" HPOS="457"/>
							<String ID="string_216" HPOS="477" VPOS="999" WIDTH="73" HEIGHT="21" WC="0.96" CONTENT="Taube"/><SP WIDTH="16" VPOS="999" HPOS="550"/>
							<String ID="string_217" HPOS="566" VPOS="999" WIDTH="49" HEIGHT="21" WC="0.96" CONTENT="kävi"/><SP WIDTH="15" VPOS="999" HPOS="615"/>
							<String ID="string_218" HPOS="630" VPOS="999" WIDTH="70" HEIGHT="21" WC="0.93" CONTENT="hänen"/><SP WIDTH="16" VPOS="999" HPOS="700"/>
							<String ID="string_219" HPOS="716" VPOS="999" WIDTH="160" HEIGHT="27" WC="0.92" CONTENT="ylhäisyytensä"/><SP WIDTH="15" VPOS="999" HPOS="876"/>
							<String ID="string_220" HPOS="891" VPOS="998" WIDTH="96" HEIGHT="21" WC="0.92" CONTENT="Kenraa-"/>
						</TextLine>
						<TextLine ID="line_27" HPOS="162" VPOS="1027" WIDTH="826" HEIGHT="28">
							<String ID="string_221" HPOS="162" VPOS="1027" WIDTH="158" HEIGHT="22" WC="0.92" CONTENT="likuvernöörin"/><SP WIDTH="24" VPOS="1027" HPOS="320"/>
							<String ID="string_222" HPOS="344" VPOS="1027" WIDTH="98" HEIGHT="28" WC="0.93" CONTENT="puolesta"/><SP WIDTH="22" VPOS="1027" HPOS="442"/>
							<String ID="string_223" HPOS="464" VPOS="1027" WIDTH="139" HEIGHT="22" WC="0.92" CONTENT="kutsumassa"/><SP WIDTH="27" VPOS="1027" HPOS="603"/>
							<String ID="string_224" HPOS="630" VPOS="1029" WIDTH="76" HEIGHT="26" WC="0.96" CONTENT="säätyä"/><SP WIDTH="19" VPOS="1029" HPOS="706"/>
							<String ID="string_225" HPOS="725" VPOS="1027" WIDTH="109" HEIGHT="22" WC="0.96" CONTENT="tulemaan"/><SP WIDTH="21" VPOS="1027" HPOS="834"/>
							<String ID="string_226" HPOS="855" VPOS="1033" WIDTH="133" HEIGHT="15" WC="0.96" CONTENT="seuraavana"/>
						</TextLine>
						<TextLine ID="line_28" HPOS="162" VPOS="1055" WIDTH="826" HEIGHT="28">
							<String ID="string_227" HPOS="162" VPOS="1055" WIDTH="93" HEIGHT="27" WC="0.93" CONTENT="päivänä"/><SP WIDTH="13" VPOS="1055" HPOS="255"/>
							<String ID="string_228" HPOS="268" VPOS="1056" WIDTH="374" HEIGHT="27" WC="0.92" CONTENT="valtiopäivä-jumalanpalveluksen"/><SP WIDTH="14" VPOS="1056" HPOS="642"/>
							<String ID="string_229" HPOS="656" VPOS="1058" WIDTH="113" HEIGHT="25" WC="0.96" CONTENT="päätyttyä"/><SP WIDTH="12" VPOS="1058" HPOS="769"/>
							<String ID="string_230" HPOS="781" VPOS="1055" WIDTH="207" HEIGHT="28" WC="0.93" CONTENT="valtiopäivien"/><SP WIDTH="-47" VPOS="1055" HPOS="988"/>
							<String ID="string_231" HPOS="941" VPOS="1051" WIDTH="51" HEIGHT="36" WC="0.93" CONTENT="juh-"/>
						</TextLine>
						<TextLine ID="line_29" HPOS="161" VPOS="1083" WIDTH="650" HEIGHT="29">
							<String ID="string_232" HPOS="161" VPOS="1083" WIDTH="86" HEIGHT="22" WC="0.93" CONTENT="lallisiin"/><SP WIDTH="17" VPOS="1083" HPOS="247"/>
							<String ID="string_233" HPOS="264" VPOS="1085" WIDTH="110" HEIGHT="27" WC="0.93" CONTENT="avajaisiin"/><SP WIDTH="16" VPOS="1085" HPOS="374"/>
							<String ID="string_234" HPOS="390" VPOS="1085" WIDTH="128" HEIGHT="21" WC="0.92" CONTENT="valtiosaliin"/><SP WIDTH="15" VPOS="1085" HPOS="518"/>
							<String ID="string_235" HPOS="533" VPOS="1085" WIDTH="155" HEIGHT="22" WC="0.96" CONTENT="keisarilliseen"/><SP WIDTH="15" VPOS="1085" HPOS="688"/>
							<String ID="string_236" HPOS="703" VPOS="1085" WIDTH="108" HEIGHT="27" WC="0.94" CONTENT="palatsiin."/>
						</TextLine>
					</TextBlock>
				</ComposedBlock>
				<GraphicalElement ID="cblock_4" HPOS="529" VPOS="1131" WIDTH="77" HEIGHT="2"></GraphicalElement >
				<ComposedBlock ID="cblock_5" HPOS="231" VPOS="1159" WIDTH="640" HEIGHT="45">
					<TextBlock ID="block_4" HPOS="231" VPOS="1159" WIDTH="640" HEIGHT="45">
						<TextLine ID="line_30" HPOS="231" VPOS="1159" WIDTH="372" HEIGHT="28">
							<String ID="string_237" HPOS="231" VPOS="1159" WIDTH="85" HEIGHT="21" WC="0.96" CONTENT="Istunto"/><SP WIDTH="16" VPOS="1159" HPOS="316"/>
							<String ID="string_238" HPOS="332" VPOS="1159" WIDTH="83" HEIGHT="27" WC="0.93" CONTENT="päättyi"/><SP WIDTH="15" VPOS="1159" HPOS="415"/>
							<String ID="string_239" HPOS="430" VPOS="1159" WIDTH="43" HEIGHT="21" WC="0.93" CONTENT="k:lo"/><SP WIDTH="16" VPOS="1159" HPOS="473"/>
							<String ID="string_240" HPOS="489" VPOS="1161" WIDTH="48" HEIGHT="25" WC="0.96" CONTENT="2,45"/><SP WIDTH="16" VPOS="1161" HPOS="537"/>
							<String ID="string_241" HPOS="553" VPOS="1159" WIDTH="14" HEIGHT="21" WC="0.96" CONTENT="i."/><SP WIDTH="16" VPOS="1159" HPOS="567"/>
							<String ID="string_242" HPOS="583" VPOS="1166" WIDTH="20" HEIGHT="21" WC="0.96" CONTENT="p."/>
						</TextLine>
						<TextLine ID="line_31" HPOS="772" VPOS="1185" WIDTH="99" HEIGHT="19">
							<String ID="string_243" HPOS="772" VPOS="1187" WIDTH="27" HEIGHT="17" WC="0.93" CONTENT="Im"/><SP WIDTH="12" VPOS="1187" HPOS="799"/>
							<String ID="string_244" HPOS="811" VPOS="1185" WIDTH="60" HEIGHT="18" WC="0.92" CONTENT="fidem:"/>
						</TextLine>
					</TextBlock>
				</ComposedBlock>
				<ComposedBlock ID="cblock_6" HPOS="711" VPOS="1221" WIDTH="208" HEIGHT="27">
					<TextBlock ID="block_5" HPOS="711" VPOS="1221" WIDTH="208" HEIGHT="27">
						<TextLine ID="line_32" HPOS="711" VPOS="1221" WIDTH="208" HEIGHT="27">
							<String ID="string_245" HPOS="711" VPOS="1221" WIDTH="22" HEIGHT="22" WC="0.88" CONTENT="C."/><SP WIDTH="17" VPOS="1221" HPOS="733"/>
							<String ID="string_246" HPOS="750" VPOS="1221" WIDTH="22" HEIGHT="22" WC="0.93" CONTENT="J."/><SP WIDTH="16" VPOS="1221" HPOS="772"/>
							<String ID="string_247" HPOS="788" VPOS="1221" WIDTH="131" HEIGHT="27" WC="0.89" CONTENT="Lindegvist."/>
						</TextLine>
					</TextBlock>
				</ComposedBlock>
				<ComposedBlock ID="cblock_7" HPOS="230" VPOS="1363" WIDTH="654" HEIGHT="98">
					<TextBlock ID="block_6" HPOS="230" VPOS="1363" WIDTH="654" HEIGHT="98">
						<TextLine ID="line_33" HPOS="261" VPOS="1363" WIDTH="623" HEIGHT="36">
							<String ID="string_248" HPOS="261" VPOS="1364" WIDTH="167" HEIGHT="28" WC="0.93" CONTENT="Maanantaina"/><SP WIDTH="18" VPOS="1364" HPOS="428"/>
							<String ID="string_249" HPOS="446" VPOS="1364" WIDTH="107" HEIGHT="29" WC="0.91" CONTENT="Tammik."/><SP WIDTH="20" VPOS="1364" HPOS="553"/>
							<String ID="string_250" HPOS="573" VPOS="1363" WIDTH="31" HEIGHT="29" WC="0.93" CONTENT="23"/><SP WIDTH="19" VPOS="1363" HPOS="604"/>
							<String ID="string_251" HPOS="623" VPOS="1372" WIDTH="31" HEIGHT="27" WC="0.93" CONTENT="p.,"/><SP WIDTH="20" VPOS="1372" HPOS="654"/>
							<String ID="string_252" HPOS="674" VPOS="1364" WIDTH="45" HEIGHT="28" WC="0.89" CONTENT="k:lo"/><SP WIDTH="19" VPOS="1364" HPOS="719"/>
							<String ID="string_253" HPOS="738" VPOS="1363" WIDTH="62" HEIGHT="32" WC="0.96" CONTENT="11,30"/><SP WIDTH="20" VPOS="1363" HPOS="800"/>
							<String ID="string_254" HPOS="820" VPOS="1370" WIDTH="23" HEIGHT="21" WC="0.96" CONTENT="a."/><SP WIDTH="19" VPOS="1370" HPOS="843"/>
							<String ID="string_255" HPOS="862" VPOS="1371" WIDTH="22" HEIGHT="26" WC="0.96" CONTENT="p."/>
						</TextLine>
						<TextLine ID="line_34" HPOS="230" VPOS="1433" WIDTH="514" HEIGHT="28">
							<String ID="string_256" HPOS="230" VPOS="1433" WIDTH="133" HEIGHT="22" WC="0.96" CONTENT="Rukouksen"/><SP WIDTH="16" VPOS="1433" HPOS="363"/>
							<String ID="string_257" HPOS="379" VPOS="1433" WIDTH="39" HEIGHT="27" WC="0.96" CONTENT="piti"/><SP WIDTH="15" VPOS="1433" HPOS="418"/>
							<String ID="string_258" HPOS="433" VPOS="1433" WIDTH="103" HEIGHT="22" WC="0.96" CONTENT="ruotsiksi"/><SP WIDTH="15" VPOS="1433" HPOS="536"/>
							<String ID="string_259" HPOS="551" VPOS="1433" WIDTH="71" HEIGHT="28" WC="0.96" CONTENT="piispa"/><SP WIDTH="14" VPOS="1433" HPOS="622"/>
							<String ID="string_260" HPOS="636" VPOS="1433" WIDTH="108" HEIGHT="28" WC="0.0" CONTENT="Alopaeus."/>
						</TextLine>
					</TextBlock>
				</ComposedBlock>
				<ComposedBlock ID="cblock_8" HPOS="160" VPOS="1493" WIDTH="829" HEIGHT="59">
					<TextBlock ID="block_7" HPOS="160" VPOS="1493" WIDTH="829" HEIGHT="59">
						<TextLine ID="line_35" HPOS="230" VPOS="1493" WIDTH="759" HEIGHT="33">
							<String ID="string_261" HPOS="230" VPOS="1495" WIDTH="124" HEIGHT="27" WC="0.96" CONTENT="Saapuvilla"/><SP WIDTH="18" VPOS="1495" HPOS="354"/>
							<String ID="string_262" HPOS="372" VPOS="1496" WIDTH="65" HEIGHT="21" WC="0.96" CONTENT="olivat"/><SP WIDTH="19" VPOS="1496" HPOS="437"/>
							<String ID="string_263" HPOS="456" VPOS="1496" WIDTH="73" HEIGHT="21" WC="0.96" CONTENT="kaikki"/><SP WIDTH="17" VPOS="1496" HPOS="529"/>
							<String ID="string_264" HPOS="546" VPOS="1497" WIDTH="62" HEIGHT="20" WC="0.96" CONTENT="muut"/><SP WIDTH="20" VPOS="1497" HPOS="608"/>
							<String ID="string_265" HPOS="628" VPOS="1496" WIDTH="80" HEIGHT="28" WC="0.96" CONTENT="säädyn"/><SP WIDTH="15" VPOS="1496" HPOS="708"/>
							<String ID="string_266" HPOS="723" VPOS="1496" WIDTH="87" HEIGHT="26" WC="0.97" CONTENT="jäsenet"/><SP WIDTH="14" VPOS="1496" HPOS="810"/>
							<String ID="string_267" HPOS="824" VPOS="1494" WIDTH="66" HEIGHT="28" WC="0.97" CONTENT="paitsi"/><SP WIDTH="15" VPOS="1494" HPOS="890"/>
							<String ID="string_268" HPOS="905" VPOS="1493" WIDTH="84" HEIGHT="33" WC="0.97" CONTENT="pastori"/>
						</TextLine>
						<TextLine ID="line_36" HPOS="160" VPOS="1522" WIDTH="829" HEIGHT="30">
							<String ID="string_269" HPOS="160" VPOS="1523" WIDTH="68" HEIGHT="27" WC="0.96" CONTENT="Böök,"/><SP WIDTH="14" VPOS="1523" HPOS="228"/>
							<String ID="string_270" HPOS="242" VPOS="1524" WIDTH="53" HEIGHT="27" WC="0.93" CONTENT="joka"/><SP WIDTH="15" VPOS="1524" HPOS="295"/>
							<String ID="string_271" HPOS="310" VPOS="1524" WIDTH="96" HEIGHT="27" WC="0.92" CONTENT="säädylle"/><SP WIDTH="13" VPOS="1524" HPOS="406"/>
							<String ID="string_272" HPOS="419" VPOS="1524" WIDTH="55" HEIGHT="28" WC="0.96" CONTENT="julki"/><SP WIDTH="10" VPOS="1524" HPOS="474"/>
							<String ID="string_273" HPOS="484" VPOS="1524" WIDTH="76" HEIGHT="22" WC="0.93" CONTENT="luetun"/><SP WIDTH="10" VPOS="1524" HPOS="560"/>
							<String ID="string_274" HPOS="570" VPOS="1524" WIDTH="236" HEIGHT="22" WC="0.91" CONTENT="lääkärintodistuksen"/><SP WIDTH="11" VPOS="1524" HPOS="806"/>
							<String ID="string_275" HPOS="817" VPOS="1522" WIDTH="91" HEIGHT="23" WC="0.93" CONTENT="mukaan"/><SP WIDTH="11" VPOS="1522" HPOS="908"/>
							<String ID="string_276" HPOS="919" VPOS="1522" WIDTH="70" HEIGHT="22" WC="0.92" CONTENT="ilmoi-"/>
						</TextLine>
					</TextBlock>
				</ComposedBlock>
			</PrintSpace>
		</Page>
	</Layout>
</alto>
