1078 1739
203 133 41 20 524
513 136 76 17 Huhtik.
607 135 11 18 4
634 141 20 18 p.

174 199 32 20 ett
228 198 78 21 sädant
326 198 73 27 tillägg
416 198 29 21 till
463 199 40 22 den
519 197 107 24 blifvande
641 199 68 27 lagen,
726 200 34 20 att
774 198 81 22 vikarie
870 198 33 22 för
918 198 76 26 lärare,

173 227 56 21 inom
254 227 62 22 hvars
339 227 64 28 familj
427 227 36 22 fall
486 227 23 23 af
523 229 120 21 smittosam
659 227 100 28 sjukdom
774 227 102 27 inträffat,
892 227 67 22 borde
975 226 23 22 af

174 255 107 22 allmänna
303 256 68 22 medel
395 256 80 23 erhälla
494 257 39 22 sitt
548 258 85 21 arvode.
662 257 74 26 Enligt
751 257 48 21 mitt
815 258 44 20 sätt
874 258 34 19 att
922 262 24 16 se
962 262 33 15 sa-

173 285 43 21 ken
239 286 25 19 är
286 285 59 22 detta
367 291 25 16 en
416 292 65 19 ,cura
501 287 128 26 posterior*.
659 285 76 22 Såsom
749 285 37 28 jag
801 285 65 22 redan
883 285 47 21 haft
944 287 53 19 äran

173 313 119 26 framhälla,
308 314 69 21 skulle
390 314 37 27 jag
442 314 33 22 för
490 315 43 21 min
549 315 34 22 del
599 315 67 22 önska
682 316 32 20 att
729 315 107 21 klämmen
853 314 84 21 slutade
948 314 48 21 med

174 342 66 22 orden
260 343 82 26 ,elever
358 343 51 22 eller
424 343 90 22 lärare".

242 371 118 22 Professori
377 372 106 22 Forsman:
498 373 59 21 Minä
572 373 47 22 olen
635 373 49 21 ihan
700 372 77 22 toista”
785 371 70 22 mieltä
870 371 51 22 kuin
937 371 59 22 edel-

173 400 57 21 linen
247 401 83 21 arvoisa
345 401 90 27 puhuja;
448 401 35 28 jos
498 403 103 20 ruvetaan
609 402 115 27 jakamaan
735 402 47 20 tätä
792 401 149 27 loppupontta,
952 401 44 20 niin

173 429 58 21 minä
255 429 101 21 tahtoisin
377 430 69 27 jättää
461 430 47 27 pois
525 436 38 16 sen
579 436 58 21 osan,
651 431 47 27 jota
713 430 43 21 hän
772 429 73 22 tahtoo
861 431 100 25 pysyttää
973 429 24 27 ja

174 459 47 20 taas
244 459 100 26 pysyttää
364 464 44 20 sen,
424 458 72 22 minkä
512 459 42 21 hän
569 459 75 22 tahtoo
660 459 82 21 heittää
760 458 53 28 pois.
843 458 58 21 Minä
916 458 79 21 tahtoi-

175 486 33 21 sin
223 486 73 22 kaikin
311 487 72 27 puolin
399 487 118 22 kannattaa
532 488 39 22 hra
587 488 101 22 Geitlinin
704 489 119 24 anomusta,
839 488 70 20 mutta
924 492 26 16 en
961 486 34 22 voi

175 515 117 22 ensinkään
308 516 108 27 hyväksyä
431 516 143 22 valiokunnan
589 517 148 27 loppupontta.
768 516 101 21 Niinkuin
887 515 108 22 vastalau-

176 550 51 16 seen
244 545 65 27 tekijä
324 545 38 21 hra
378 544 148 28 Schybergson
542 546 61 21 aivan
619 546 70 21 oikein
706 552 26 14 on
749 545 159 26 muistuttanut,
924 550 26 16 on
961 550 34 16 va-

175 572 99 22 liokunta
289 575 85 20 ottanut
390 575 127 21 semmoisen
533 575 60 21 asian
609 574 63 22 tähän
689 568 100 38 ponteen,
801 574 55 27 josta
863 573 132 22 anomuksen

174 602 68 27 tekijä
263 602 19 22 ei
301 602 32 22 ole
349 603 114 21 virkannut
477 604 81 21 mitään
571 604 23 27 ja
606 604 51 27 joka
673 603 37 21 siis
727 603 71 21 seisoo
814 603 61 21 aivan
891 602 104 27 ulkopuo-

173 630 51 22 lellä
239 632 187 26 anomusesitystä.
456 632 39 22 Jos
511 632 52 22 tällä
579 635 63 25 tapaa
660 633 104 21 ruvetaan
782 631 159 22 valiokunnissa
952 638 43 15 me-

175 660 151 26 nettelemään,
343 660 43 22 niin
401 660 97 28 voidaan,
515 662 51 20 kuin
581 662 125 21 lähetetään
719 660 54 28 joku
788 660 45 22 asia
844 660 151 22 valiokuntaan

174 688 200 28 valmistettavaksi,
398 690 67 21 saada
487 690 91 22 takaisin
601 690 62 22 sieltä
683 690 84 27 jotakin
790 689 49 21 ihan
855 689 71 21 toista.
957 689 39 21 Jos

174 717 56 22 vielä
245 718 121 22 mentäisiin
387 718 43 22 niin
445 719 89 27 pitkälle
549 719 54 25 kuin
616 719 38 21 hra
670 719 161 21 Wennerström
848 718 89 26 ehdotti,
952 718 44 21 niin

175 746 110 22 saisimme
300 747 164 22 valiokunnasta
479 748 187 26 lopputulokseksi
681 748 39 20 hra
731 747 102 21 Geitlinin
844 746 153 22 anomuksesta

173 775 92 27 jotakin,
279 776 58 26 josta
352 776 39 21 hra
407 776 78 22 Geitlin
501 777 20 21 ei
537 777 33 21 ole
586 777 79 21 mitään
681 776 105 27 puhunut,
803 777 69 21 mutta
886 776 40 21 hra
937 776 59 21 Geit-

174 804 52 21 linin
251 807 83 19 omasta
356 805 153 22 anomuksesta
531 806 19 21 ei
571 806 137 27 jälkeäkään.
738 805 74 21 Minun
834 804 121 22 mielestäni
978 804 19 22 ei

175 833 88 21 millään
279 834 77 21 tavalla
372 834 33 21 voi
420 834 109 27 hyväksyä
545 835 94 21 tällaista
655 835 168 25 menetystapaa,
838 835 52 24 että,
901 833 96 21 niinkuin

175 863 61 20 tässä
253 868 27 15 on
294 862 122 28 menetelty,
431 863 251 28 palkkiokysymyksestä
698 862 94 22 tehdään
808 862 140 28 hygieeninen
959 862 37 27 ky-

176 896 80 22 symys,
270 891 95 21 niinkuin
380 891 38 22 hra
436 892 149 27 Schybergson
604 892 60 22 aivan
681 892 70 21 oikein
766 891 147 21 huomauttaa.
944 890 53 22 Sen-

176 919 82 22 tähden
274 920 101 22 tahtoisin
390 920 56 22 minä
461 922 59 20 tästä
535 923 105 25 ponnesta
654 920 86 28 poistaa
755 920 80 26 kaikki,
849 920 52 27 joka
916 920 81 21 koskee

176 947 136 28 hygieenistä
333 949 129 27 kysymystä,
483 950 24 26 ja
528 952 101 25 pysyttää
651 950 127 21 ainoastaan
800 954 44 21 sen,
867 948 73 21 minkä
958 948 40 21 hra

178 977 82 21 Geitlin
280 977 84 28 hyvällä
386 978 66 27 syyllä
475 984 26 15 on
517 980 108 25 pyytänyt.
656 977 138 22 Ehdottaisin
809 977 126 28 sentähden,
952 978 46 20 että

177 1007 58 20 tämä
259 1006 95 22 mietintö
377 1006 132 27 lykättäisiin
532 1007 91 22 takaisin
640 1007 152 22 valiokuntaan
808 1006 54 21 siinä
877 1005 120 22 tarkoituk-

177 1040 68 21 sessa,
267 1037 45 20 että
331 1035 123 22 valiokunta
474 1035 141 23 muodostaisi
630 1037 106 26 pontensa
752 1035 38 22 hra
807 1035 102 22 Geitlinin
924 1035 75 27 loppu-

177 1069 87 22 ponnen
279 1063 99 22 mukaan.
531 1089 9 4 W

247 1093 185 27 Tuomioprovasti
449 1093 62 28 Hjelt:
526 1093 67 22 Äfven
607 1094 36 27 jag
658 1093 65 27 hyser
738 1093 42 22 den
796 1092 57 27 äsigt
868 1093 33 20 att
916 1092 84 21 utskot-

177 1122 33 20 tet
232 1121 42 22 har
293 1121 137 22 öfverskridit
445 1123 33 21 sin
494 1122 135 28 befogenhet,
645 1122 27 22 dä
689 1122 37 21 det
741 1122 56 26 tagit
812 1121 33 27 sig
861 1121 91 22 friheten
969 1122 32 20 att

178 1149 68 22 ändra
263 1157 25 15 en
305 1150 31 22 till
352 1151 119 22 detsamma
486 1151 77 22 insänd
577 1151 97 28 petition.
701 1151 42 26 Jag
758 1151 40 20 har
813 1150 47 21 icke
871 1151 45 20 mot
927 1149 75 28 sjeltva

178 1179 67 22 saken
270 1181 31 20 att
323 1180 102 21 anmärka
447 1182 66 19 annat
535 1182 26 19 än
577 1181 32 20 att
622 1181 37 26 jag
675 1179 69 22 skulle
760 1179 50 27 vilja
826 1179 66 21 ändra
908 1180 32 20 ett
956 1179 44 21 ord.

178 1207 43 22 Det
245 1208 46 21 står
314 1209 80 25 ,borde
416 1208 23 22 af
460 1209 106 22 allmänna
581 1209 69 22 medel
666 1207 125 22 bestridas".
823 1207 67 22 Ordet
907 1224 9 9 ,
920 1208 78 21 borde"

179 1236 69 21 skulle
266 1237 65 26 enligt
346 1237 43 21 min
405 1237 56 28 äsigt
477 1238 77 21 ändras
571 1238 31 21 till
620 1237 106 26 ,kunde*,
742 1239 22 25 ty
781 1237 36 21 det
827 1237 65 21 borde
904 1237 33 20 väl
950 1236 51 21 bero

178 1265 23 21 af
215 1265 61 22 Hans
290 1265 58 28 Kejs.
366 1266 112 27 Majestäts
494 1266 105 27 pröfning,
617 1273 32 14 om
666 1266 67 21 saken
749 1267 25 20 är
789 1265 22 22 af
825 1265 41 22 den
882 1264 120 22 beskaffen-

178 1294 44 25 het,
240 1295 34 20 att
289 1294 40 22 den
346 1295 109 27 verkligen
471 1295 122 22 tramkallar
609 1297 32 20 ett
655 1295 120 21 understöd
790 1293 47 22 från
853 1295 83 20 statens
948 1293 54 22 sida.

178 1322 47 21 Mot
248 1323 76 26 sjelfva
346 1323 67 22 saken
431 1324 39 21 har
482 1324 38 27 jag
535 1324 110 27 ingenting
660 1325 72 24 annat,
750 1325 26 19 än
792 1324 33 20 att
840 1323 108 21 utskottet
963 1322 40 21 har

178 1351 104 26 företagit
296 1352 33 27 sig
344 1354 32 19 att
391 1354 52 25 göra
459 1359 26 15 en
501 1353 94 27 ändring,
612 1359 46 15 som
674 1352 38 22 det
726 1352 48 21 icke
790 1353 23 20 är
828 1351 134 27 berättigadt
971 1353 33 20 att

179 1381 63 25 göra;
265 1386 62 16 anser
350 1381 78 22 endast
450 1383 32 20 att
506 1381 63 22 ordet
593 1381 93 26 ,borde*
702 1381 70 21 skulle
788 1380 52 22 böra
855 1380 87 27 utbytas
958 1381 46 20 mot

180 1409 62 21 ordet
260 1409 106 27 ,kunde*;
382 1410 40 21 och
439 1411 60 21 detta
514 1411 42 21 kan
572 1410 81 27 ganska
668 1410 42 21 lätt
721 1409 45 27 ske,
783 1415 33 16 om
828 1415 81 15 samma
924 1409 80 22 ärende

179 1437 98 22 kommer
292 1440 31 19 att
339 1439 31 20 till
386 1439 108 22 utskottet
509 1439 177 22 äterremitteras.

248 1466 88 22 Lehtori
353 1467 102 27 Hedberg:
475 1468 58 21 Minä
548 1468 74 27 pyysin
638 1473 148 16 sananvuoroa
801 1466 203 22 huomauttaakseni

179 1494 143 22 kirkkoherra
338 1496 203 27 Wennerströmille,
558 1498 51 24 että,
623 1496 33 27 jos
673 1496 70 21 hänen
760 1495 166 21 ehdottamansa
941 1495 63 27 ponsi

181 1522 185 29 hyväksyttäisiin,
382 1525 43 21 niin
441 1525 180 27 ymmärtääkseni
637 1524 131 22 rikottaisiin
783 1524 24 21 V.
824 1524 52 27 J:tä,
889 1524 52 27 joka
957 1526 47 20 sää-
