1078 1739
206 133 41 20 862
513 135 78 18 Huhtik.
607 134 28 19 24
650 141 17 17 p.

176 197 54 21 bara
244 197 80 26 sekter,
340 203 46 16 som
400 197 67 22 finnas
483 197 8 21 i
505 197 94 28 verlden,
617 204 47 16 men
680 204 45 16 som
742 198 48 21 icke
804 197 68 22 finnas
884 197 6 21 i
901 197 96 26 Finland,

177 225 103 22 särskildt
302 226 35 21 må
354 226 41 21 här
414 228 87 20 nämnas
517 227 177 26 qväkaresekten.
724 227 67 21 Detta
805 227 49 21 icke
870 226 24 22 så
910 226 88 27 obetyd-

176 254 43 27 liga
243 254 30 22 fel
298 257 23 19 är
346 255 60 22 äfven
428 255 7 21 i
458 257 67 20 annat
543 255 124 22 hänseende
683 255 133 28 ödesdigert:
833 261 47 16 man
896 255 40 21 har
950 255 48 21 icke

177 283 72 27 börjat
266 283 47 22 från
329 284 40 21 den
385 285 57 20 rätta
457 284 82 27 början.
569 285 51 21 Man
635 285 39 21 har
688 285 48 21 icke
752 284 71 27 börjat
837 284 48 22 med
901 284 37 21 det
952 283 46 22 fak-

177 311 63 27 tiska,
258 312 26 21 de
300 313 132 21 närvarande
447 313 108 26 sekterna,
572 312 33 23 för
621 315 32 20 att
668 313 124 22 sedermera
807 313 40 22 och
862 313 7 21 i
884 312 113 22 framtiden

177 340 61 22 stifta
254 340 143 28 dissenterlag
411 341 32 22 för
459 341 67 22 andra
541 341 80 27 sekter,
638 344 38 19 när
691 342 83 21 sådana
788 342 88 27 uppstå;
888 343 51 20 utan
950 347 48 16 man

177 369 39 22 har
230 369 73 27 börjat
317 370 49 21 med
381 377 26 15 en
424 370 143 27 dissenterlag
581 370 34 22 för
629 371 170 26 protestantiska
815 371 116 22 dissenters
942 370 7 21 i
960 370 38 21 all-

177 397 94 28 mänhet,
288 399 40 21 och
344 399 38 22 det
396 401 24 19 är
435 401 76 20 nästan
527 399 98 28 omöjligt
639 402 32 19 att
686 399 95 22 härefter
796 399 116 22 återvända
926 399 32 21 för
966 400 33 20 att

177 427 87 21 komma
285 427 32 21 till
340 427 40 22 den
402 429 59 20 rätta
480 428 80 27 början.
591 428 42 26 Jag
648 428 104 27 beklagar
767 429 32 21 att
813 434 48 15 man
877 428 47 21 icke
938 427 61 26 långt

177 454 58 22 förut
257 454 89 23 kommit
369 458 32 20 att
420 456 65 22 tänka
506 456 28 28 på
549 456 187 28 nödvändigheten
752 458 32 20 att
799 458 85 26 strängt
898 456 101 22 fasthålla

178 484 154 26 grundsatsen:
351 491 26 15 en
397 491 28 21 ny
439 485 36 27 lag
489 485 40 21 bör
544 484 63 23 hafva
623 486 32 21 sin
670 486 69 26 grund
754 486 8 21 i
776 485 94 22 faktiska
885 484 113 23 förhållan-

178 512 48 22 den.
255 512 43 28 Jag
320 516 24 19 är
365 514 124 28 öfvertygad
505 520 34 16 om
555 516 33 20 att
603 514 42 22 den
661 514 131 27 disssensus,
807 520 46 16 som
868 514 56 21 inom
940 514 58 21 stån-

179 541 38 22 det
236 548 30 15 nu
280 542 70 27 råder,
366 542 123 28 derigenom
505 543 70 22 skulle
590 542 64 23 hafva
666 543 83 21 kunnat
763 543 129 21 åtminstone
907 542 32 22 till
954 544 46 20 stor

180 570 36 22 del
239 571 113 21 undvikas.
380 571 34 22 Då
435 572 65 21 likväl
523 572 40 21 den
587 572 120 26 föreslagna
723 572 63 27 lagen
801 572 32 21 till
849 578 25 15 en
890 572 42 21 viss
946 572 53 26 grad

178 599 94 27 grundar
287 600 33 26 sig
335 600 28 27 på
378 600 94 22 faktiska
486 600 155 27 förhållanden,
658 601 25 21 så
698 600 80 23 förstår
794 607 48 15 man
858 600 37 22 det
910 600 88 22 berätti-

179 628 55 26 gade
249 628 62 22 äfven
326 629 8 21 i
349 629 27 21 de
391 629 127 22 uttalanden
529 635 46 16 som
586 630 67 27 gjorts
663 629 33 22 för
704 630 188 26 nödvändigheten
900 628 22 22 af
930 629 69 21 denna

177 656 47 28 lags
240 658 127 26 antagande.
392 658 145 22 Uttalandena
553 658 59 22 såväl
627 658 32 22 för
674 664 46 16 som
737 660 58 20 emot
805 658 70 22 denna
883 658 117 21 dissenter-

179 685 36 27 lag
234 688 37 19 äro
287 686 85 22 således
387 686 104 23 hvardera
506 687 142 27 berättigade,
665 688 90 21 emedan
770 687 62 27 lagen
847 687 69 21 stiftas
932 686 66 22 delvis

178 714 29 27 på
222 715 70 26 grund
305 715 27 27 af,
349 715 65 22 delvis
430 716 48 22 icke
493 716 28 27 pä
535 716 68 27 grund
616 716 22 21 af
648 715 95 23 faktiska
750 716 152 22 förhållanden.
924 716 76 21 Denna

179 743 161 27 omständighet
362 744 104 22 förklarar
487 745 92 26 mycket,
603 751 46 15 som
670 751 64 21 synes
750 744 139 27 oförklarligt,
905 744 39 22 och
961 744 38 22 har

175 771 38 27 jag
236 772 80 22 önskat
338 774 33 20 att
393 773 150 22 diskussionen
565 774 8 20 i
593 774 69 21 denna
678 774 61 26 fråga
754 774 47 21 icke
817 773 69 21 skulle
902 773 96 26 afslutas,

178 802 52 20 utan
247 802 33 20 att
296 801 59 22 detta
366 801 112 23 halfsanna
486 801 135 23 förhållande
629 802 69 22 skulle
706 802 67 22 blifva
782 802 70 22 såsom
861 801 137 27 förklarings-

177 829 69 27 grund
262 830 115 27 påpekadt.

248 858 132 22 Keskustelun
410 859 91 27 loputtua
523 860 66 27 päätti
610 860 59 27 sääty
689 859 146 23 ratkaisevalla
850 859 149 22 enemmistöllä

179 886 102 28 hyväksyä
296 888 199 22 asetusehdotuksen
510 889 78 27 säädyn
605 888 108 28 päätösten
729 888 85 22 mukaan
831 888 132 22 muutettuna.

217 940 5 6 .
247 916 99 22 Provasti
372 917 115 27 Rosengren
512 918 61 27 pyysi
596 917 67 22 saada
684 917 151 28 pöytäkirjaan
854 916 146 27 ilmoitetuksi,

179 944 60 22 ett'ei
264 944 43 22 hän
328 945 34 22 ole
385 946 53 21 ollut
457 946 115 22 osallisena
587 948 175 20 äänestettäessä
777 946 169 21 eriuskolaislain
962 946 38 27 hy-

178 973 162 28 väksymisestä.

247 1059 96 24 Luettiin
363 1060 55 28 julki
438 1067 104 16 seuraava
557 1061 140 22 kirkkoherra
712 1060 122 23 Torckellin
849 1060 85 22 tekemä
949 1066 51 16 ano-

178 1088 151 23 musehdotus:

258 1152 41 22 Till
314 1152 131 29 högvördiga
461 1153 164 28 prestaständet
640 1153 35 22 vid
693 1155 56 20 1888
765 1153 34 21 ärs
814 1152 107 27 landtdag.

247 1204 43 27 Jag
304 1205 96 22 anhäller
415 1205 22 22 fä
452 1207 51 26 taga
512 1205 63 27 högv.
587 1205 98 22 ständets
694 1204 190 28 uppmärksamhet
892 1203 6 22 i
907 1203 95 28 anspräk

178 1231 33 23 för
232 1239 26 16 en
274 1233 46 27 sak,
336 1239 46 16 som
398 1234 67 22 delvis
481 1234 66 21 redan
563 1240 35 20 nu,
614 1240 48 15 men
677 1234 7 20 i
700 1233 115 21 framtiden
831 1233 97 21 alltmera
942 1233 58 21 kom-

178 1267 46 16 mer
243 1263 34 20 att
291 1262 112 22 förorsaka
418 1263 65 21 oreda
499 1263 40 21 och
555 1262 112 27 förvirring
681 1262 59 21 inom
755 1261 74 22 landet
843 1261 59 22 säväl
917 1261 7 21 i
938 1261 63 28 kyrk-

179 1289 40 28 ligt
234 1296 46 16 som
296 1291 6 20 i
316 1291 119 27 borgerligt
450 1291 110 26 afseende,
577 1291 75 22 sävida
668 1291 18 27 ej
703 1290 47 22 frän
766 1289 172 28 lagstiftningens
954 1289 48 22 sida

178 1318 68 28 något
268 1319 104 27 tillgöres.
402 1320 71 22 Saken
497 1322 24 19 är
542 1320 64 21 näml.
627 1320 47 25 den,
694 1321 34 20 att
746 1319 71 21 ibland
835 1319 26 21 de
876 1319 78 21 talrika
968 1318 34 21 till

178 1347 102 22 Amerika
304 1349 132 26 emigrerade
455 1348 70 22 finska
542 1348 156 22 undersätarne
716 1347 45 22 ofta
776 1347 6 22 i
798 1347 92 22 nämnda
904 1347 50 22 land
970 1347 32 20 in-

179 1376 39 27 gås
234 1377 188 27 äktenskap-utan
437 1379 32 20 att
484 1377 69 27 någon
570 1377 23 21 af
607 1377 26 22 de
648 1377 7 21 i
670 1377 91 21 Finland
776 1376 33 21 för
824 1376 130 27 äktenskaps
970 1375 32 21 in-

179 1405 85 26 gäende
288 1405 99 27 gällande
410 1405 225 28 lagbestämningarna
656 1405 71 22 blifvit
746 1405 116 26 iakttagna.
892 1403 111 23 Försedda

180 1433 94 22 allenast
296 1435 48 21 med
368 1436 32 20 ett
422 1434 23 22 af
463 1434 156 27 länestyrelsen
638 1433 113 22 utfärdadt
766 1439 50 22 pass
832 1433 40 22 och
887 1433 48 22 med
950 1439 52 16 van-

179 1462 39 27 ligt
244 1462 137 28 fräjdebetyg
403 1463 50 27 ingå
476 1463 65 21 dessa
564 1463 129 27 emigranter
717 1462 120 27 äktenskap
861 1462 66 27 enligt
949 1461 27 22 de
996 1461 7 21 i

179 1490 104 22 Amerika
298 1491 98 27 gällande
412 1492 229 26 äktenskapslagarna.
665 1491 33 21 Dä
714 1497 30 15 nu
759 1491 77 26 mänga
851 1490 22 22 af
880 1490 63 22 dessa
951 1489 51 22 emi-

179 1520 91 26 grerade
292 1522 68 25 ämna,
384 1520 55 22 efter
457 1520 74 28 längre
552 1520 52 22 eller
619 1520 87 22 kortare
722 1520 88 23 vistelse
826 1519 43 27 der,
886 1518 118 23 ätervända
