1078 1739
197 129 27 20 98
517 132 80 19 Helmik.
615 131 9 20 1
641 138 19 18 p.

169 199 83 18 samme
268 194 173 23 velvoitettaisiin
457 197 154 25 perustamaan
624 195 24 27 ja
662 195 108 22 voimassa
785 195 108 28 pitämään
907 195 87 24 ainakin

168 223 72 26 yhden
263 223 97 22 kiinteän
380 223 155 22 kansakoulun.
566 224 136 27 Yhteydessä
724 226 72 19 tämän
817 224 82 21 kanssa
920 224 72 22 mielin

167 251 132 26 lausutuksi,
315 254 46 20 että
375 252 96 27 myöskin
487 253 110 21 kannatan
612 253 39 21 hra
665 252 129 23 Torckell'in
802 253 192 28 pyyntöesityksen

167 280 67 22 toista
249 280 150 28 loppupontta.

236 309 148 23 Kirkkoherra
398 309 79 22 Wallin:
493 310 59 21 Minä
566 311 85 26 pyydän
666 311 67 20 saada
748 310 99 27 yhdistyä
859 310 134 21 anomuksen

169 337 81 28 tekijän
272 338 80 22 kanssa
374 339 56 21 siinä
448 339 121 26 suhteessa,
587 340 46 20 että
648 339 66 21 kukin
730 339 67 21 kunta
812 339 117 22 Suomessa
944 339 48 21 olisi

167 367 128 22 velvollinen
315 370 151 24 perustamaan
478 368 24 27 ja
517 368 154 27 ylläpitämään
686 368 71 27 yhden
772 367 152 22 korkeamman
939 368 54 21 kan-

167 395 113 23 sakoulun.
312 396 71 21 Mutta
404 397 56 20 minä
482 396 104 21 tahtoisin
609 397 68 21 siihen
697 396 67 21 tehdä
783 396 72 21 minun
871 397 122 21 mielestäni

167 424 62 22 aivan
252 425 91 21 tärkeän
366 425 115 27 lisäyksen,
502 425 106 21 nimittäin
625 431 45 20 sen,
686 427 46 19 että
748 427 58 19 tämä
821 425 71 27 pakko
907 425 84 27 pantai-

167 452 42 22 siin
229 452 99 22 voimaan
348 456 60 19 vasta
424 454 142 27 määrättyjen
582 454 88 21 vuosien
686 454 108 25 kuluttua,
810 454 43 21 niin
870 455 45 20 että
931 454 62 21 esim.

168 481 72 21 Oulun
255 481 96 22 läänissä
366 484 46 20 tätä
425 482 161 22 velvollisuutta
602 482 19 22 ei
637 482 104 22 suinkaan
758 482 51 22 saisi
830 484 92 20 määrätä
941 482 52 21 kun-

168 510 52 22 nille
244 510 120 22 ennenkuin
383 511 124 27 kymmenen
524 511 24 27 ja
563 511 57 21 ehkä
635 511 81 21 muissa
731 511 108 21 lääneissä
854 511 70 21 viiden
939 517 52 15 vuo-

168 539 40 21 den
231 539 108 27 kuluttua,
361 540 66 27 jonka
449 540 48 27 ajan
517 540 103 21 kuluessa
637 540 83 21 kunnat
736 540 85 21 olisivat
837 539 154 22 tilaisuudessa

167 568 66 21 koota
252 568 99 22 itselleen
366 570 46 20 tätä
427 569 131 21 tarkoitusta
571 571 74 19 varten
662 568 122 22 tarvittavia
799 568 80 28 rahoja.
903 568 89 28 Pyydän

169 598 46 20 että
229 598 59 20 tämä
302 597 72 22 minun
389 597 123 21 lausuntoni
527 598 128 21 liitettäisiin
672 597 219 28 anomusesitykseen,
907 598 43 20 kun
966 603 26 15 se

167 626 171 22 asianomaiseen
353 626 150 22 valiokuntaan
519 626 132 22 lähetetään.

238 654 99 22 Provasti
353 654 103 22 Sandelin:
471 655 42 27 Jag
529 655 94 27 begärde
639 655 61 21 ordet
715 654 33 22 för
764 656 32 20 att
806 654 132 22 understöda
948 654 44 22 den

167 681 22 23 af
213 685 89 25 prosten
328 684 98 21 Torckell
451 684 32 21 till
506 684 133 26 högvördiga
661 684 89 21 ständet
767 683 121 21 inlemnade
903 683 86 27 petitio-

167 717 42 16 nen
225 718 35 15 om
276 712 154 26 obligatoriska
443 712 124 22 folkskolor.
599 712 51 22 Skäl
665 712 33 21 för
713 712 118 27 petitionen
847 712 62 21 hafva
923 712 69 21 redan

167 740 71 22 blifvit
252 741 134 21 omnämnda.
410 741 32 21 Dä
457 741 174 21 folkskolesaken
646 742 6 20 i
668 741 48 21 värt
731 741 50 21 land
797 742 65 20 redan
878 743 24 19 är
916 741 25 21 sä
952 741 38 21 all-

167 771 55 23 män,
246 769 72 22 såsom
334 770 66 21 också
415 770 102 26 framgick
533 770 22 21 af
569 770 26 21 de
611 770 69 21 siffror
696 770 78 21 doktor
790 770 78 21 Geitlin
884 769 106 26 framhöll,

167 798 25 21 sä
211 804 74 15 menar
303 798 43 27 jag,
366 800 32 20 att
413 798 172 22 folkskolesaken
601 799 66 21 redan
682 798 68 22 borde
765 804 51 16 vara
831 798 88 22 allmänt
934 798 58 21 bäde

167 826 57 21 känd
246 827 40 21 och
306 828 87 26 erkänd,
410 827 85 22 hvarför
507 828 38 26 jag
561 828 48 20 icke
623 828 42 20 kan
681 828 100 21 betrakta
797 827 80 21 sädana
892 828 98 20 kommu-

167 861 44 20 ner,
236 855 72 22 hvilka
330 858 56 19 ännu
409 856 69 22 envist
497 858 105 19 motsätta
622 856 32 27 sig
668 856 129 25 folkskolan,
813 856 135 21 annorlunda
962 858 29 18 än

167 883 73 22 säsom
262 884 100 28 andligen
385 885 118 27 omyndiga,
522 884 38 28 jag
578 885 70 21 skulle
663 887 78 19 nästan
756 884 55 26 väga
826 884 110 27 uttrycket
952 884 39 21 ab-

166 918 81 16 norma.
278 913 43 22 Det
343 913 130 27 högvördiga
493 913 161 27 presteständet
672 914 39 20 har
732 913 87 21 alldeles
839 913 91 27 nyligen,
950 913 41 21 och

167 941 99 22 deröfver
280 941 80 28 fröjdar
372 942 38 27 jag
424 942 48 27 mig,
488 944 124 25 accepterat
628 949 24 14 en
668 942 92 27 petition
776 948 33 15 om
821 942 171 21 abnormskolor.

165 969 43 27 Jag
230 976 80 20 menar,
332 972 32 19 att
382 971 77 21 liksom
475 971 36 21 det
528 973 23 18 är
566 971 132 26 nödvändigt
713 973 33 18 att
761 973 50 24 taga
827 970 57 21 hand
900 976 34 15 om
949 970 42 21 och

167 997 67 28 draga
254 997 84 29 försorg
356 999 32 21 för
403 999 101 22 abnorma
519 999 110 26 individer,
646 1000 24 20 sä
686 1001 24 19 är
726 999 37 21 det
778 999 66 21 ocksä
858 999 133 26 nödvändigt

166 1029 33 19 att
215 1029 51 24 taga
281 1027 57 22 hand
354 1034 33 15 om
401 1028 40 21 och
456 1028 67 27 draga
538 1028 83 26 försorg
631 1027 33 22 för
674 1028 104 21 abnorma
785 1028 131 21 kommuner.
940 1027 51 22 Men

165 1055 73 22 härtill
258 1056 98 22 kommer
374 1063 26 15 en
416 1063 68 15 annan
501 1057 165 26 omständighet.
696 1057 44 26 Jag
754 1057 82 20 känner
851 1056 88 21 alldeles
954 1058 35 19 sä-

165 1083 50 22 kert
229 1084 133 27 kommuner,
378 1085 71 22 hvilka
464 1085 63 21 hafva
543 1085 71 21 drifvit
629 1086 31 20 sin
676 1085 158 22 konservatism
845 1085 25 21 sä
880 1085 66 26 långt,
957 1086 34 20 att

166 1113 27 21 de
209 1115 77 20 nästan
302 1114 55 26 tagit
371 1114 32 21 till
418 1115 38 20 sitt
471 1114 110 27 valspråk:
599 1115 33 25 ,vi
643 1114 61 21 skola
716 1115 52 25 göra
776 1113 43 26 det,
829 1119 34 16 om
871 1113 19 21 vi
899 1114 91 24 måste",

166 1141 41 22 och
226 1141 60 22 hälla
304 1142 45 21 fast
366 1143 73 21 dervid
454 1143 24 20 sä
495 1143 75 25 envist,
586 1145 33 18 att
635 1149 33 14 om
685 1143 27 20 de
728 1143 66 20 ocksä
809 1143 56 20 klart
880 1142 46 21 inse
942 1144 46 25 nyt-

165 1171 38 20 tan
222 1169 24 22 af
264 1177 26 15 en
309 1171 46 26 sak,
372 1171 24 21 sä
411 1171 86 27 vidtaga
513 1171 26 21 de
554 1171 50 27 inga
620 1171 101 27 ätgärder
736 1171 63 21 innan
816 1171 26 21 de
857 1171 27 25 fä,
901 1177 46 15 som
963 1171 30 20 de

165 1201 59 24 säga,
243 1199 61 27 ,laga
319 1200 70 21 dom".
418 1199 69 22 Blifva
503 1200 26 21 de
545 1200 83 27 älagda,
645 1201 24 20 sä
684 1201 53 26 göra
752 1200 26 21 de
794 1200 66 21 saken
876 1199 47 21 icke
938 1199 53 21 alle-

165 1229 50 19 nast
235 1230 52 25 utan
303 1228 65 22 knorr
383 1230 50 19 utan
449 1231 15 18 t.
481 1235 18 15 o.
516 1235 27 14 m.
560 1229 73 26 villigt.
664 1229 42 26 Jag
721 1235 38 14 var
771 1228 48 27 just
833 1228 68 26 nägra
915 1228 73 26 dagar,

164 1255 73 22 förrän
250 1257 39 26 jag
304 1257 79 22 afreste
399 1257 31 21 till
445 1257 140 27 Helsingfors,
602 1257 6 21 i
625 1257 82 21 tillfälle
724 1259 33 19 att
772 1256 62 22 träffa
849 1257 66 26 några
930 1256 62 21 med-

164 1284 90 22 lemmar
276 1285 22 22 af
320 1292 26 15 en
368 1286 201 26 kapellförsamling,
590 1286 72 21 hvilka
677 1286 67 21 ocksä
758 1288 71 19 varmt
843 1285 97 21 uttalade
956 1285 34 26 sig

164 1312 33 22 för
213 1313 154 28 obligatoriska
381 1314 123 26 folkskolor,
520 1315 105 21 menande
639 1316 32 19 att
688 1314 67 21 också
769 1314 6 21 i
783 1314 41 21 det
832 1314 76 27 kapell,
918 1313 71 22 hvari-

163 1341 48 23 frän
227 1342 27 22 de
270 1349 58 19 voro,
344 1343 215 27 församlingsboarne
575 1349 42 20 nog
632 1343 75 27 insägo
722 1344 75 26 nyttan
809 1343 40 21 och
857 1342 132 26 nödvändig-

164 1370 65 22 heten
250 1371 24 21 af
291 1371 125 27 folkskolor,
431 1379 48 14 men
496 1372 26 21 de
537 1372 94 21 väntade
645 1372 29 27 pä
691 1371 61 27 ,laga
768 1372 70 21 dom*.
867 1371 42 27 Jag
924 1371 66 26 vägar

164 1399 72 22 derför
258 1400 93 26 anhålla,
372 1402 32 19 att
424 1401 131 26 högvördiga
573 1401 164 26 presteständet
752 1400 49 21 ville
817 1402 115 25 acceptera
947 1399 43 22 den

163 1427 123 28 inlemnade
301 1429 118 27 petitionen
435 1429 39 22 och
489 1429 112 22 remittera
616 1429 40 22 den
672 1429 33 21 till
720 1428 162 22 vederbörande
897 1428 92 21 utskott.

161 1456 69 22 Afven
247 1457 37 22 det
300 1458 67 20 andra
381 1460 122 23 momentet,
520 1458 107 26 nämligen
637 1464 34 15 om
683 1457 75 27 anslag
766 1457 32 21 för
806 1457 78 27 fattiga
891 1457 97 21 kommu-

162 1491 46 19 ner,
219 1492 47 15 som
280 1486 47 22 icke
336 1486 74 26 sjelfva
418 1486 71 21 kunna
497 1486 79 21 inrätta
584 1486 125 25 folkskolor,
718 1486 80 21 önskar
803 1486 38 26 jag
849 1485 142 22 understöda.

232 1514 89 22 Lebtori
345 1514 97 22 Hällfors:
466 1516 41 26 Jag
530 1514 33 22 för
583 1515 42 21 min
645 1515 34 21 del
696 1514 70 22 skulle
782 1514 48 22 icke
845 1514 49 28 vilja
910 1513 81 22 under-
