1078 1739
213 122 40 20 640
509 123 85 25 "Huhtik.
613 123 24 20 10
654 130 18 17 p.

184 188 112 25 gentemot
318 192 97 16 mannen.
445 187 51 20 Icke
519 187 42 21 kan
581 187 25 27 ju
629 187 73 26 hvarje
718 186 80 27 manlig
813 187 130 21 studerande
959 186 48 21 med

184 215 131 28 någonslags
338 217 44 20 rätt
403 215 53 28 hysa
471 215 37 22 det
524 215 100 27 anspråk,
640 217 32 19 att
686 215 43 21 han
744 215 115 22 framdeles
874 215 134 26 nödvändigt

183 244 70 21 måste
277 244 80 21 erhålla
380 250 26 15 en
430 245 83 20 statens
537 244 53 21 eller
613 244 93 27 kyrkans
725 243 73 28 tjenst,
815 244 85 21 oafsedt
915 250 34 15 om
964 243 43 22 han

184 275 24 18 är
230 273 72 21 dertill
325 273 72 27 duglig
420 272 51 22 eller
486 272 55 22 icke.
571 272 76 22 Dertill
664 275 24 18 är
704 274 56 19 ännu
776 274 32 19 att
823 273 75 21 märka
914 274 32 20 att
961 272 46 22 uni-

183 301 213 22 versitetsstudierna
412 301 18 27 ej
446 301 57 21 blott
526 301 47 22 afse
596 303 33 19 att
650 301 83 21 utbilda
751 301 106 21 blifvande
876 301 130 27 tjenstemän

183 329 33 22 för
231 332 83 19 statens
331 330 40 21 och
386 330 93 27 kyrkans
495 329 70 27 behof,
583 332 51 19 utan
650 330 26 21 de
692 329 64 22 hafva
768 329 60 22 äfven
840 331 32 20 ett
883 332 66 19 annat
962 330 44 21 lika

184 358 76 27 vigtigt
283 359 104 26 ändamål,
411 358 104 27 nemligen
538 358 182 27 vetenskapernas
744 358 128 27 utveckling.
904 359 46 21 Och
974 360 33 19 att

185 386 61 22 äfven
271 387 88 27 gvinnor
381 387 78 28 gifvits,
479 393 46 15 som
539 387 8 21 i
563 387 60 22 detta
639 386 101 23 afseende
756 389 81 25 gagnat
853 387 152 27 vetenskapen,

185 416 65 26 derpä
266 415 71 21 kunna
353 415 95 27 exempel
463 415 92 22 anföras.

252 444 32 21 På
299 444 67 27 grund
382 444 23 22 af
418 444 56 21 hvad
487 444 38 27 jag
540 450 28 15 nu
584 444 7 21 i
606 444 87 21 korthet
709 443 71 22 anfört
794 444 41 21 kan
845 444 38 27 jag
894 443 18 28 ej
926 444 81 21 tilldela

185 472 26 22 de
226 472 22 22 af
262 475 144 23 reservanten,
422 472 149 28 kyrkoherden
587 472 117 26 Nordlund,
722 474 58 20 emot
795 472 119 22 utskottets
926 472 80 27 förslag

185 501 75 27 gjorda
283 502 163 26 anmärkningar
468 502 69 26 nägon
561 501 117 27 betydelse,
696 501 18 27 ej
732 501 67 21 heller
813 500 57 22 finna
886 502 32 20 att
934 500 71 28 nägon

183 529 34 22 för
239 530 115 22 samhället
376 530 71 26 vädlig
461 537 27 20 ny
503 530 82 27 princip
601 530 69 21 skulle
686 528 80 22 införas
783 530 6 20 i
805 530 38 21 vär
858 530 148 26 samhällslag-

185 558 105 27 stiftning,
314 565 32 15 om
370 559 37 21 det
429 559 62 26 högv.
507 559 93 25 ständet,
617 558 71 22 säsom
702 558 38 27 jag
754 558 91 28 hoppas,
861 558 97 22 kommer
973 561 33 18 att

185 587 115 26 godkänna
313 588 118 21 utskottets
443 587 61 22 äfven
514 588 21 20 af
543 587 163 21 universitetets
722 587 153 21 konsistorium
891 587 115 21 förordade

184 616 87 26 förslag,
295 618 32 19 att
348 618 45 19 rätt
415 616 66 21 mätte
504 616 88 27 beviljas
613 616 77 26 gvinna
706 617 32 19 att
752 622 76 20 genom
845 615 125 27 afläggande
986 615 22 21 af

183 644 136 28 vederbörlig
341 645 177 21 studentexamen
538 645 64 21 vinna
617 644 85 22 inträde
717 644 35 21 vid
769 644 56 28 Kejs.
842 644 58 22 Alex.
917 644 89 22 Univer-

185 673 74 21 sitetet
282 673 32 22 för
336 674 93 21 studiers
451 674 98 24 idkande,
574 673 55 21 dock
648 674 32 20 att
696 672 81 22 hennes
794 673 113 21 derstädes
924 672 82 29 aflagda

183 702 145 26 lärdomsprof
342 702 17 27 ej
377 702 82 22 medför
474 702 157 21 vidsträcktare
652 703 44 19 rätt
711 702 31 20 till
760 702 97 26 tjenster,
874 704 26 19 än
915 702 36 27 lag
966 702 40 21 och

184 730 150 27 författningar
348 731 34 21 för
397 731 131 21 närvarande
545 731 52 21 eller
613 730 114 21 framdeles
744 730 112 27 medgifva.

253 758 135 23 Beträffande
411 759 73 27 frägan
509 765 33 15 om
559 759 79 27 gvinlig
654 759 142 21 studerandes
813 761 44 19 rätt
872 760 32 20 att
919 759 86 21 komma

183 787 6 21 i
206 788 126 27 ätnjutande
356 788 22 21 af
398 788 161 21 universitetets
575 788 119 26 stipendier
716 793 64 15 anser
793 788 44 26 jag,
853 788 7 20 i
875 788 67 20 likhet
959 788 47 20 med

183 816 115 26 utskottet,
315 816 68 22 henne
399 817 52 21 böra
467 817 84 21 komma
567 816 6 21 i
589 816 126 27 ätnjutande
732 816 22 21 af
769 816 41 21 alla
826 816 81 21 sädana
919 816 88 27 publika

184 844 119 28 stipendier
318 845 40 21 och
374 845 125 25 understöd,
515 845 72 21 hvilka
602 846 47 20 icke
665 844 144 28 uttryckligen
826 848 36 18 äro
874 845 78 26 manlig
962 847 44 19 stu-

185 873 95 22 derande
295 874 140 26 förbehällna,
452 874 25 21 sä
491 874 65 21 framt
571 874 41 20 hon
630 873 31 21 till
678 874 63 20 deras
758 873 122 21 erhällande
890 873 115 27 behörigen

184 902 164 22 dokumenterat
371 903 38 26 sig.
440 902 62 22 Hvad
523 902 47 21 äter
585 902 67 26 angär
668 902 98 21 enskilda
782 902 124 27 stipendier,
923 902 24 21 sä
962 902 45 21 mä-

183 932 33 19 ste
240 931 161 21 universitetets
426 930 149 27 myndigheter
598 931 34 21 vid
656 931 62 21 deras
744 930 124 22 tilldelande
894 932 58 20 rätta
974 930 33 26 sig

184 959 54 21 efter
254 959 27 21 de
297 959 22 21 af
333 959 142 22 donatorerna
495 959 76 27 gjorda
591 959 197 26 bestämningarna,
804 959 72 21 hvilka
891 959 117 21 ständerna

184 987 48 21 icke
248 989 38 20 äro
302 987 105 28 befogade
423 990 32 19 att
469 988 74 21 ändra.
574 988 32 21 De
621 988 86 20 komma
726 987 83 22 derföre
825 987 113 22 framdeles
954 987 53 21 lika-

187 1022 46 15 som
250 1016 76 21 hittills
342 1018 33 19 att
394 1016 91 27 utgifvas
503 1017 66 26 enligt
584 1016 110 21 stiftarens
710 1016 6 21 i
733 1016 226 21 donationsurkunden
975 1018 33 19 ut-

187 1045 73 21 talade
276 1045 49 26 vilja
340 1045 40 21 och
396 1045 75 27 gjorda
485 1044 111 22 förbehäll.

258 1073 95 21 Provasti
368 1073 90 22 Torckeli
473 1073 92 27 yhdistyi
582 1073 94 27 provasti
694 1073 126 26 Sahlbergin
834 1073 174 27 mielipiteeseen.

256 1102 97 21 Provasti
370 1102 125 27 Rosengren:
519 1102 43 21 Det
577 1102 133 26 högvördiga
725 1101 88 22 ständet
827 1101 45 26 har,
889 1101 71 22 sävidt
972 1101 38 27 jag

186 1129 42 22 kan
244 1129 61 28 fatta,
321 1130 60 27 gifvit
396 1131 69 21 denna
481 1131 140 21 förevarande
636 1130 91 27 petition
744 1137 25 15 en
786 1130 85 27 mycket
881 1131 69 20 större
961 1129 48 22 bär-

187 1158 49 21 vidd
264 1161 27 19 än
314 1159 40 21 den
371 1159 6 21 i
394 1159 32 27 sig
449 1159 50 27 sjelf
520 1159 41 21 kan
585 1159 68 21 hafva.
684 1159 46 20 Här
748 1161 24 19 är
791 1159 47 21 icke
853 1158 60 27 fråga
928 1165 34 14 om
978 1160 33 19 att

187 1187 129 22 tillerkänna
339 1188 91 26 gvinnan
453 1188 66 26 nägra
541 1194 42 21 nya
605 1187 135 27 rättigheter,
764 1193 45 15 som
825 1187 42 21 hon
890 1189 57 19 ännu
962 1187 48 21 icke

188 1215 70 22 skulle
275 1222 45 20 ega.
351 1216 83 27 Frågan
457 1216 68 26 gäller
548 1217 83 25 endast,
650 1218 24 19 är
691 1215 37 22 det
743 1216 66 27 något
825 1216 46 21 skäl
888 1218 32 19 att
936 1215 74 22 fortfa-

187 1245 67 20 rande
271 1245 72 26 tvinga
359 1245 69 21 henne
444 1247 33 19 att
492 1245 103 21 särskildt
610 1245 82 26 begära
708 1244 96 21 tillstånd
815 1245 32 20 till
858 1244 152 27 undergäende

187 1271 22 22 af
224 1273 184 25 studentexamen,
431 1273 82 22 hvilket
535 1273 69 22 henne
619 1273 111 21 meddelas
748 1273 28 21 då
791 1273 42 21 hon
849 1273 73 21 derom
939 1273 71 26 begär.

186 1301 84 26 Frågan
286 1302 74 27 tyckes
376 1302 85 21 således
477 1303 72 20 kunna
564 1302 7 21 i
586 1302 88 21 korthet
690 1301 161 22 sammanfattas
868 1301 32 21 till
916 1302 32 20 ett
963 1307 47 15 svar

186 1329 29 28 på
230 1330 48 26 det,
294 1333 23 18 är
333 1331 37 20 det
385 1331 118 26 någonting
518 1330 136 27 äfventyrligt
670 1330 46 21 deri
727 1332 33 19 att
770 1331 92 26 qvinnan
873 1330 33 21 får
916 1329 94 27 undergå

187 1358 179 22 studentexamen
386 1361 51 19 utan
458 1359 104 21 särskildt
577 1359 93 21 erhållet
686 1359 104 26 tillstånd,
807 1359 52 21 eller
874 1359 43 20 kan
933 1359 32 20 ett
980 1358 30 21 så-

187 1386 53 21 dant
264 1387 96 22 tillstånd
383 1388 67 27 gifvas
473 1388 28 26 på
524 1394 26 15 en
571 1388 57 26 gång
643 1387 40 22 och
699 1387 34 21 för
748 1387 43 21 alla
807 1387 54 26 dem,
878 1393 46 15 som
939 1387 70 20 kunna

186 1415 100 27 undergå
309 1416 69 21 denna
402 1423 93 14 examen.
527 1416 121 21 Petitionen
672 1415 68 28 gifver
756 1416 47 21 icke
819 1415 139 26 ovilkorligen
975 1421 34 15 an-

186 1443 90 28 ledning
291 1445 30 20 till
338 1445 42 21 alla
396 1445 26 21 de
439 1451 156 20 resonnemang
611 1451 45 15 som
673 1445 39 20 här
727 1444 69 21 blifvit
811 1444 133 21 framstälda.
969 1443 40 22 Det

186 1472 43 20 kan
245 1478 43 21 nog
303 1479 77 15 annars
396 1473 67 27 gifvas
479 1473 114 27 anledning
609 1475 32 19 att
656 1473 68 21 tänka
739 1473 29 27 på
778 1473 108 26 åtskilliga
896 1472 112 21 förhållan-

187 1500 47 27 den,
253 1501 71 21 hvilka
339 1502 101 27 möjligen
455 1502 72 21 kunna
543 1502 80 26 uppstå
638 1501 62 22 deraf
714 1503 33 19 att
763 1501 89 27 qvinnor
860 1501 21 21 få
891 1500 65 22 blifva
966 1502 42 20 stu-
