1078 1739
221 128 39 19 196
522 131 79 19 Helmik.
619 130 24 19 21
660 137 19 17 p.

193 193 173 28 myöhemmäksi.
397 193 57 22 Minä
475 194 72 22 luulen
572 196 51 25 että,
645 195 34 27 jos
702 194 54 22 keis.
778 194 65 28 esitys
859 193 152 28 hyväksytään,

192 223 59 21 suuri
274 223 58 21 huoli
352 223 23 27 ja
390 223 73 22 murhe
484 223 23 28 ja
522 223 81 22 taakka
621 225 115 20 nostetaan
751 224 86 21 meidän
850 223 161 28 järkevämpien

191 251 172 28 maanviljelijäin
379 251 106 22 niskoilta.

261 281 58 21 Minä
334 280 84 28 pyydän
432 281 55 22 vielä
503 281 66 22 saada
585 281 141 22 huomauttaa
741 281 118 22 muutamia
872 281 75 22 kohtia
960 287 51 15 arm.

194 309 109 27 esityksen
327 309 162 23 suomalaisesta
509 311 109 26 tekstistä,
632 311 62 27 jotka
710 310 132 22 ehdottaisin
857 309 155 28 korjattavaksi

200 338 54 21 siinä
277 339 141 26 tapauksessa
443 341 46 20 että
516 346 51 15 arm.
596 340 66 27 esitys
690 339 60 22 tulisi
765 339 158 28 hyväksytyksi.
954 339 56 21 Arm.

193 367 133 27 esityksessä
350 367 74 22 olevan
447 368 210 22 asetusehdotuksen
680 369 130 26 ingressissä
829 370 102 20 sanotaan
947 374 65 15 muun

192 402 88 15 muassa
301 398 45 19 että
370 403 26 15 ne
418 397 22 27 ja
465 403 27 16 ne
515 397 88 28 pykälät
627 400 63 24 ,ovat
712 399 144 20 muutettavat
880 397 133 22 seuraavalla

194 425 79 21 tavalla
294 425 63 21 toisin
378 425 142 22 kuuluviksi*t.
553 427 75 21 Koska
647 433 29 19 se,
700 427 58 20 mikä
780 426 77 22 kerran
880 427 130 24 muutetaan,

194 453 50 22 sitte
268 460 27 14 on
317 454 73 21 toinen
412 454 49 22 kuin
479 461 67 15 ennen
569 455 155 27 muuttamista,
747 455 43 21 niin
813 454 129 22 ehdottaisin
967 456 45 20 että

194 488 52 16 sana
271 482 89 27 ,toisin*
384 483 138 27 pyyhittäisin
541 484 54 27 pois.
626 484 55 22 Sitte
705 490 27 15 on
748 486 48 19 25:n
813 483 32 28 8:n
861 484 151 21 kolmannessa

194 511 142 27 kappaleessa
359 514 98 20 sanottu:
481 513 47 21 sinä
550 513 92 27 päivänä
661 513 77 27 jolloin
753 513 130 27 palkollinen
898 512 114 28 ylempänä

195 546 27 16 on
238 540 121 22 oikeutettu
374 542 146 27 päästökirjan
536 542 126 22 vaatimaan.
693 542 72 22 Kuten
781 542 113 27 ylempänä
913 547 27 15 on
956 542 57 20 mää-

194 571 56 25 rätty
266 569 20 22 ei
304 570 129 27 palkollinen
451 570 132 22 kuitenkaan
604 571 33 21 ole
660 571 122 21 oikeutettu
807 571 121 21 vaatimaan
950 572 62 25 pääs-

194 598 92 28 tökirjaa
306 605 78 15 muuna
399 599 77 21 aikana
491 600 50 21 kuin
558 600 108 27 syyskuun
683 600 172 21 ensimmäisestä
870 600 98 26 päivästä
984 599 29 21 al-

193 627 50 21 kain
266 627 109 22 lokakuun
399 630 25 20 15
440 629 77 27 päivän
533 629 94 27 loppuun
643 629 48 26 asti,
706 629 66 27 jonka
788 629 79 21 tähden
883 628 19 22 ei
918 628 46 22 sovi
980 634 33 15 sa-

193 662 51 16 noa:
270 656 59 27 ,sinä
349 657 90 27 päivänä
459 658 75 26 jolloin
557 658 129 27 palkollinen
710 658 113 27 ylempänä
845 664 27 15 on
892 657 122 22 oikeutettu

194 686 146 26 päästökirjaa
362 686 135 22 vaatimaan*.
531 687 81 21 Tämän
635 687 89 21 lauseen
750 687 65 27 sopisi
840 686 54 22 ehkä
916 687 98 20 muuttaa

194 714 48 22 näin
259 714 137 22 kuuluvaksi:
414 721 36 16 sen
466 716 48 26 ajan
529 716 109 26 kuluessa,
648 716 53 27 jona
716 716 129 27 palkollinen
858 722 26 14 on
894 715 120 21 oikeutettu

195 743 146 27 päästökirjaa
360 746 133 25 pyytämään,
514 744 43 22 hän
573 751 37 15 sen
625 746 60 26 myös
701 751 44 15 saa.
776 744 58 22 Minä
848 744 84 28 pyydän
948 744 67 22 saada

195 772 112 22 kokonaan
324 772 115 22 kannattaa
455 780 50 14 arm.
522 774 96 26 esitystä.

264 801 146 22 Kirkkoherra
428 802 99 22 Torckell:
549 803 73 27 Knapt
641 803 69 26 nägon
726 802 60 27 fräga
800 802 70 26 berör,
887 802 72 21 säsom
975 802 40 21 ock

196 830 66 21 redan
278 830 38 21 här
332 830 68 22 blifvit
415 831 103 27 anmärkt,
534 831 51 22 flere
601 831 104 21 individer
720 832 57 20 inom
792 831 74 21 landet
880 833 26 19 än
920 831 46 27 just
975 831 40 21 den

196 858 146 28 föreliggande
364 859 79 27 frågan.
474 860 49 22 Men
546 860 55 27 dem,
624 866 44 16 som
693 860 70 22 denna
784 860 53 21 dock
853 860 53 21 allra
920 861 96 20 närmast

196 888 70 26 berör,
284 890 23 19 är
324 888 155 28 otvifvelaktigt
491 889 162 27 jordbrukarne.
676 889 44 21 Det
736 891 24 19 är
774 889 84 21 säledes
869 888 147 27 förnämligast

197 916 54 22 ifrån
274 917 68 21 denna
358 918 113 26 synpunkt,
485 918 168 27 jordbrukarens
669 918 69 21 fördel
754 918 51 21 eller
820 917 120 27 olägenhet,
957 919 60 25 nytta

197 945 52 21 eller
264 946 69 21 skada
348 946 22 21 af
384 946 121 27 förändring
520 947 7 20 i
542 947 171 27 tjenstehjonens
728 946 148 27 flyttningstid,
885 952 45 15 som
941 946 75 27 frågan

196 973 70 22 måste
282 974 64 22 lösas.
376 975 39 21 Att
435 975 40 22 den
491 976 122 21 nuvarande
629 975 170 28 flyttningstiden
813 975 34 22 för
859 975 157 27 jordbrukaren

198 1003 84 21 medför
297 1003 108 28 åtskilliga
420 1004 137 27 olägenheter
573 1011 63 21 synes
653 1004 67 26 deraf,
736 1006 33 19 att
784 1004 31 21 tid
831 1003 53 22 efter
900 1010 67 15 annan
983 1010 34 21 yr-

195 1031 43 22 kan
261 1032 29 27 pä
304 1032 179 28 flyttningstidens
504 1033 123 27 förändring
642 1033 71 22 blifvit
728 1033 63 21 väckt
807 1033 66 22 ehuru
889 1039 49 15 man
953 1033 64 21 varit-

197 1060 23 21 af
241 1061 57 21 olika
324 1061 80 28 äsigter
420 1062 39 21 och
475 1062 115 27 meningar,
607 1063 84 20 hvilken
708 1062 101 27 tidpunkt
824 1061 72 22 härför
911 1068 50 15 vore
977 1061 41 22 den

195 1089 143 28 lämpligaste.
368 1091 53 21 Näd.
444 1097 59 21 prop.
527 1091 91 21 föreslär
639 1098 28 14 nu
692 1091 123 21 densamma
836 1091 31 20 till
886 1091 41 21 den
944 1092 9 19 1
972 1091 45 20 dec.

196 1118 32 21 De
252 1119 47 21 skäl
323 1119 39 22 och
386 1121 93 25 grunder
501 1120 81 27 hvarpä
602 1120 208 21 ekonomiutskottet
824 1119 106 28 afstyrker
949 1119 69 22 denna

195 1146 126 27 förändring
338 1148 38 21 och
392 1148 91 22 föreslår
498 1149 49 21 dess
563 1149 151 21 bibehållande
730 1149 33 21 vid
781 1149 40 20 den
840 1151 17 24 1,
865 1151 47 24 nov.
929 1151 36 18 äro
982 1155 36 14 en-

195 1175 40 27 ligt
250 1176 43 21 min
308 1177 66 22 tanke
389 1177 25 21 sä
428 1177 49 27 föga
492 1177 96 22 hällbara
604 1177 39 22 och
659 1178 25 21 sä
700 1177 48 22 litet
763 1177 92 26 talande,
872 1179 32 19 att
919 1177 35 21 vid
970 1177 48 21 dem

195 1203 50 28 föga
266 1205 101 22 afseende
382 1206 42 21 kan
440 1206 75 22 fästas.
545 1207 33 21 De
594 1206 62 22 hafva
672 1207 68 21 ocksä
755 1207 66 20 redan
837 1205 21 22 af
870 1206 65 21 bland
951 1205 67 22 andra

195 1235 89 25 prosten
307 1234 105 27 Sahlberg
433 1235 68 21 blifvit
523 1235 82 27 ganska
627 1235 129 27 grundligen
776 1235 102 22 bemötta.
910 1235 29 21 Sä
954 1237 15 19 t.
986 1241 31 15 ex.

195 1262 35 21 vill
251 1262 39 27 jag
312 1263 56 22 blott
386 1263 39 22 här
440 1266 96 25 upptaga
556 1265 54 20 hvad
626 1265 110 20 utskottet
750 1266 67 25 yttrar
833 1270 33 15 om
884 1263 134 26 väderleken,

195 1291 73 21 säsom
284 1291 40 22 den
341 1294 9 19 1
368 1299 47 15 nov.
431 1293 94 22 varande
540 1293 89 22 mildare
645 1293 40 22 och
700 1293 33 21 för
754 1293 99 27 flyttning
871 1298 148 21 gynsammare

195 1322 27 19 än
244 1320 41 21 den
303 1322 9 19 1
331 1321 45 21 dec.
408 1321 75 22 Säsom
498 1322 74 26 kändt,
589 1324 24 19 är
628 1328 48 15 nov.
693 1321 78 22 mänad
786 1323 91 20 tvärtom
893 1321 67 22 oftast
973 1321 46 27 just

196 1349 40 21 den
259 1349 129 27 regnigaste,
412 1350 107 27 dystraste
539 1351 39 21 och
594 1351 33 21 för
641 1351 101 27 flyttning
758 1352 171 26 ogynsammaste
945 1350 31 21 tid
991 1349 28 28 pä

195 1376 49 23 hela
267 1378 57 27 äret;
346 1380 94 25 vägarna
461 1382 36 19 äro
517 1379 27 22 dä
562 1379 113 28 vanligtvis
699 1379 120 28 uppblötta,
843 1379 97 27 träckiga
956 1378 62 22 och
1004 1372 18 40 i

195 1406 37 21 det
247 1407 83 22 uslaste
345 1407 66 27 skick,
428 1408 85 22 hvarför
529 1415 25 15 en
571 1415 163 21 ogynsammare
749 1408 30 21 tid
795 1407 33 22 för
842 1407 104 28 flyttning,
963 1407 55 28 isyn-

194 1435 78 22 nerhet
293 1436 29 27 pä
343 1436 75 27 längre
441 1437 84 22 afständ
547 1437 108 28 knappast
674 1437 43 22 kan
736 1437 73 21 finnas.
840 1437 10 20 I
866 1437 114 21 december
995 1438 24 19 är

195 1464 98 22 deremot
308 1465 87 21 marken
410 1466 66 21 redan
492 1466 78 26 frusen,
591 1466 44 21 ofta
650 1466 68 21 redan
733 1466 89 21 betäckt
837 1465 22 21 af
873 1467 38 19 snö
928 1465 40 21 och
984 1467 35 19 vä-

195 1499 66 21 garna
284 1493 85 28 tillföljd
393 1494 61 22 deraf
475 1495 81 26 bättre;
580 1495 74 21 vädret
678 1500 36 16 om
737 1497 26 19 än
783 1494 153 27 undantagsvis
952 1493 66 28 något

194 1522 89 28 kallare,
309 1522 55 22 dock
386 1524 112 27 vanligtvis
522 1524 71 22 bättre
615 1526 26 19 än
657 1524 6 21 i
680 1530 48 15 nov.
759 1524 102 21 Deremot
881 1523 45 21 tala
941 1524 77 21 tvenne
