<?xml version="1.0" encoding="UTF-8"?>
<alto xmlns="http://www.loc.gov/standards/alto/ns-v3#" xmlns:xlink="http://www.w3.org/1999/xlink" xmlns:xsi="http://www.w3.org/2001/XMLSchema-instance" xsi:schemaLocation="http://www.loc.gov/standards/alto/ns-v3# http://www.loc.gov/alto/v3/alto-3-0.xsd">
	<Description>
		<MeasurementUnit>pixel</MeasurementUnit>
		<sourceImageInformation>
			<fileName>/tmp/tess_s1_laykr_input.PNG</fileName>
		</sourceImageInformation>
		<OCRProcessing ID="OCR_0">
			<ocrProcessingStep>
				<processingSoftware>
					<softwareName>tesseract 5.3.4</softwareName>
				</processingSoftware>
			</ocrProcessingStep>
		</OCRProcessing>
	</Description>
	<Layout>
		<Page WIDTH="1078" HEIGHT="1739" PHYSICAL_IMG_NR="0" ID="page_0">
			<PrintSpace HPOS="0" VPOS="0" WIDTH="1078" HEIGHT="1739">
				<ComposedBlock ID="cblock_0" HPOS="397" VPOS="124" WIDTH="467" HEIGHT="25">
					<TextBlock ID="block_0" HPOS="397" VPOS="124" WIDTH="467" HEIGHT="25">
						<TextLine ID="line_0" HPOS="397" VPOS="124" WIDTH="467" HEIGHT="25">
							<String ID="string_0" HPOS="397" VPOS="125" WIDTH="84" HEIGHT="19" WC="0.89" CONTENT="Maalisk."/><SP WIDTH="20" VPOS="125" HPOS="481"/>
							<String ID="string_1" HPOS="501" VPOS="125" WIDTH="25" HEIGHT="18" WC="0.89" CONTENT="10"/><SP WIDTH="15" VPOS="125" HPOS="526"/>
							<String ID="string_2" HPOS="541" VPOS="132" WIDTH="19" HEIGHT="17" WC="0.89" CONTENT="p."/><SP WIDTH="263" VPOS="132" HPOS="560"/>
							<String ID="string_3" HPOS="823" VPOS="124" WIDTH="41" HEIGHT="20" WC="0.93" CONTENT="295"/>
						</TextLine>
					</TextBlock>
				</ComposedBlock>
				<ComposedBlock ID="cblock_1" HPOS="61" VPOS="188" WIDTH="832" HEIGHT="1342">
					<TextBlock ID="block_1" HPOS="61" VPOS="188" WIDTH="831" HEIGHT="827">
						<TextLine ID="line_1" HPOS="66" VPOS="188" WIDTH="826" HEIGHT="27">
							<String ID="string_4" HPOS="66" VPOS="188" WIDTH="73" HEIGHT="22" WC="0.91" CONTENT="nerisk"/><SP WIDTH="16" VPOS="188" HPOS="139"/>
							<String ID="string_5" HPOS="155" VPOS="188" WIDTH="107" HEIGHT="27" WC="0.96" CONTENT="sjukdom,"/><SP WIDTH="17" VPOS="188" HPOS="262"/>
							<String ID="string_6" HPOS="279" VPOS="188" WIDTH="25" HEIGHT="21" WC="0.96" CONTENT="så"/><SP WIDTH="15" VPOS="188" HPOS="304"/>
							<String ID="string_7" HPOS="319" VPOS="195" WIDTH="51" HEIGHT="20" WC="0.93" CONTENT="eger"/><SP WIDTH="16" VPOS="195" HPOS="370"/>
							<String ID="string_8" HPOS="386" VPOS="188" WIDTH="106" HEIGHT="21" WC="0.91" CONTENT="distrikts-"/><SP WIDTH="18" VPOS="188" HPOS="492"/>
							<String ID="string_9" HPOS="510" VPOS="188" WIDTH="53" HEIGHT="21" WC="0.93" CONTENT="eller"/><SP WIDTH="15" VPOS="188" HPOS="563"/>
							<String ID="string_10" HPOS="578" VPOS="188" WIDTH="207" HEIGHT="27" WC="0.91" CONTENT="provincialläkaren"/><SP WIDTH="16" VPOS="188" HPOS="785"/>
							<String ID="string_11" HPOS="801" VPOS="189" WIDTH="44" HEIGHT="20" WC="0.96" CONTENT="rätt"/><SP WIDTH="15" VPOS="189" HPOS="845"/>
							<String ID="string_12" HPOS="860" VPOS="189" WIDTH="32" HEIGHT="19" WC="0.96" CONTENT="att"/>
						</TextLine>
						<TextLine ID="line_2" HPOS="65" VPOS="216" WIDTH="827" HEIGHT="27">
							<String ID="string_13" HPOS="65" VPOS="217" WIDTH="94" HEIGHT="21" WC="0.96" CONTENT="anställa"/><SP WIDTH="15" VPOS="217" HPOS="159"/>
							<String ID="string_14" HPOS="174" VPOS="217" WIDTH="166" HEIGHT="26" WC="0.96" CONTENT="undersökning,"/><SP WIDTH="17" VPOS="217" HPOS="340"/>
							<String ID="string_15" HPOS="357" VPOS="217" WIDTH="40" HEIGHT="21" WC="0.96" CONTENT="och"/><SP WIDTH="17" VPOS="217" HPOS="397"/>
							<String ID="string_16" HPOS="414" VPOS="217" WIDTH="39" HEIGHT="21" WC="0.93" CONTENT="här"/><SP WIDTH="14" VPOS="217" HPOS="453"/>
							<String ID="string_17" HPOS="467" VPOS="217" WIDTH="84" HEIGHT="26" WC="0.92" CONTENT="hjelper"/><SP WIDTH="14" VPOS="217" HPOS="551"/>
							<String ID="string_18" HPOS="565" VPOS="217" WIDTH="65" HEIGHT="26" WC="0.96" CONTENT="intet;"/><SP WIDTH="16" VPOS="217" HPOS="630"/>
							<String ID="string_19" HPOS="646" VPOS="217" WIDTH="53" HEIGHT="20" WC="0.96" CONTENT="hvar"/><SP WIDTH="16" VPOS="217" HPOS="699"/>
							<String ID="string_20" HPOS="715" VPOS="217" WIDTH="39" HEIGHT="20" WC="0.96" CONTENT="och"/><SP WIDTH="13" VPOS="217" HPOS="754"/>
							<String ID="string_21" HPOS="767" VPOS="223" WIDTH="25" HEIGHT="14" WC="0.96" CONTENT="en"/><SP WIDTH="12" VPOS="223" HPOS="792"/>
							<String ID="string_22" HPOS="804" VPOS="218" WIDTH="23" HEIGHT="19" WC="0.93" CONTENT="är"/><SP WIDTH="8" VPOS="218" HPOS="827"/>
							<String ID="string_23" HPOS="835" VPOS="216" WIDTH="57" HEIGHT="27" WC="0.93" CONTENT="skyl-"/>
						</TextLine>
						<TextLine ID="line_3" HPOS="67" VPOS="245" WIDTH="825" HEIGHT="27">
							<String ID="string_24" HPOS="67" VPOS="245" WIDTH="36" HEIGHT="26" WC="0.96" CONTENT="dig"/><SP WIDTH="20" VPOS="245" HPOS="103"/>
							<String ID="string_25" HPOS="123" VPOS="245" WIDTH="133" HEIGHT="22" WC="0.96" CONTENT="underkasta"/><SP WIDTH="18" VPOS="245" HPOS="256"/>
							<String ID="string_26" HPOS="274" VPOS="246" WIDTH="33" HEIGHT="26" WC="0.96" CONTENT="sig"/><SP WIDTH="17" VPOS="246" HPOS="307"/>
							<String ID="string_27" HPOS="324" VPOS="245" WIDTH="69" HEIGHT="22" WC="0.96" CONTENT="denna"/><SP WIDTH="15" VPOS="245" HPOS="393"/>
							<String ID="string_28" HPOS="408" VPOS="245" WIDTH="167" HEIGHT="26" WC="0.92" CONTENT="undersökning,"/><SP WIDTH="18" VPOS="245" HPOS="575"/>
							<String ID="string_29" HPOS="593" VPOS="245" WIDTH="71" HEIGHT="21" WC="0.92" CONTENT="såvidt"/><SP WIDTH="16" VPOS="245" HPOS="664"/>
							<String ID="string_30" HPOS="680" VPOS="245" WIDTH="212" HEIGHT="26" WC="0.96" CONTENT="omständigheterna"/>
						</TextLine>
						<TextLine ID="line_4" HPOS="65" VPOS="273" WIDTH="826" HEIGHT="28">
							<String ID="string_31" HPOS="65" VPOS="274" WIDTH="87" HEIGHT="27" WC="0.96" CONTENT="påkalla"/><SP WIDTH="25" VPOS="274" HPOS="152"/>
							<String ID="string_32" HPOS="177" VPOS="275" WIDTH="41" HEIGHT="20" WC="0.93" CONTENT="det."/><SP WIDTH="32" VPOS="275" HPOS="218"/>
							<String ID="string_33" HPOS="250" VPOS="274" WIDTH="44" HEIGHT="21" WC="0.96" CONTENT="När"/><SP WIDTH="22" VPOS="274" HPOS="294"/>
							<String ID="string_34" HPOS="316" VPOS="281" WIDTH="28" HEIGHT="14" WC="0.96" CONTENT="nu"/><SP WIDTH="23" VPOS="281" HPOS="344"/>
							<String ID="string_35" HPOS="367" VPOS="274" WIDTH="42" HEIGHT="21" WC="0.95" CONTENT="alla"/><SP WIDTH="20" VPOS="274" HPOS="409"/>
							<String ID="string_36" HPOS="429" VPOS="274" WIDTH="84" HEIGHT="21" WC="0.96" CONTENT="landets"/><SP WIDTH="20" VPOS="274" HPOS="513"/>
							<String ID="string_37" HPOS="533" VPOS="274" WIDTH="129" HEIGHT="21" WC="0.96" CONTENT="innevånare"/><SP WIDTH="16" VPOS="274" HPOS="662"/>
							<String ID="string_38" HPOS="678" VPOS="276" WIDTH="38" HEIGHT="19" WC="0.96" CONTENT="äro"/><SP WIDTH="16" VPOS="276" HPOS="716"/>
							<String ID="string_39" HPOS="732" VPOS="273" WIDTH="159" HEIGHT="22" WC="0.94" CONTENT="underkastade"/>
						</TextLine>
						<TextLine ID="line_5" HPOS="66" VPOS="301" WIDTH="824" HEIGHT="28">
							<String ID="string_40" HPOS="66" VPOS="302" WIDTH="70" HEIGHT="21" WC="0.92" CONTENT="sådan"/><SP WIDTH="16" VPOS="302" HPOS="136"/>
							<String ID="string_41" HPOS="152" VPOS="303" WIDTH="127" HEIGHT="26" WC="0.92" CONTENT="besigtning,"/><SP WIDTH="17" VPOS="303" HPOS="279"/>
							<String ID="string_42" HPOS="296" VPOS="303" WIDTH="24" HEIGHT="20" WC="0.96" CONTENT="så"/><SP WIDTH="16" VPOS="303" HPOS="320"/>
							<String ID="string_43" HPOS="336" VPOS="303" WIDTH="67" HEIGHT="20" WC="0.96" CONTENT="måtte"/><SP WIDTH="17" VPOS="303" HPOS="403"/>
							<String ID="string_44" HPOS="420" VPOS="303" WIDTH="37" HEIGHT="21" WC="0.97" CONTENT="det"/><SP WIDTH="15" VPOS="303" HPOS="457"/>
							<String ID="string_45" HPOS="472" VPOS="303" WIDTH="34" HEIGHT="20" WC="0.96" CONTENT="väl"/><SP WIDTH="11" VPOS="303" HPOS="506"/>
							<String ID="string_46" HPOS="517" VPOS="303" WIDTH="48" HEIGHT="21" WC="0.96" CONTENT="icke"/><SP WIDTH="10" VPOS="303" HPOS="565"/>
							<String ID="string_47" HPOS="575" VPOS="309" WIDTH="51" HEIGHT="15" WC="0.96" CONTENT="vara"/><SP WIDTH="12" VPOS="309" HPOS="626"/>
							<String ID="string_48" HPOS="638" VPOS="303" WIDTH="107" HEIGHT="26" WC="0.96" CONTENT="underligt"/><SP WIDTH="12" VPOS="303" HPOS="745"/>
							<String ID="string_49" HPOS="757" VPOS="304" WIDTH="32" HEIGHT="19" WC="0.93" CONTENT="att"/><SP WIDTH="8" VPOS="304" HPOS="789"/>
							<String ID="string_50" HPOS="797" VPOS="302" WIDTH="46" HEIGHT="21" WC="0.93" CONTENT="lösa"/><SP WIDTH="9" VPOS="302" HPOS="843"/>
							<String ID="string_51" HPOS="852" VPOS="301" WIDTH="38" HEIGHT="22" WC="0.95" CONTENT="och"/>
						</TextLine>
						<TextLine ID="line_6" HPOS="65" VPOS="331" WIDTH="825" HEIGHT="27">
							<String ID="string_52" HPOS="65" VPOS="331" WIDTH="127" HEIGHT="27" WC="0.93" CONTENT="lättsinniga"/><SP WIDTH="23" VPOS="331" HPOS="192"/>
							<String ID="string_53" HPOS="215" VPOS="331" WIDTH="89" HEIGHT="27" WC="0.91" CONTENT="gvinnor"/><SP WIDTH="22" VPOS="331" HPOS="304"/>
							<String ID="string_54" HPOS="326" VPOS="331" WIDTH="7" HEIGHT="21" WC="0.95" CONTENT="i"/><SP WIDTH="21" VPOS="331" HPOS="333"/>
							<String ID="string_55" HPOS="354" VPOS="331" WIDTH="102" HEIGHT="22" WC="0.95" CONTENT="städerna"/><SP WIDTH="20" VPOS="331" HPOS="456"/>
							<String ID="string_56" HPOS="476" VPOS="333" WIDTH="37" HEIGHT="19" WC="0.88" CONTENT="äro"/><SP WIDTH="17" VPOS="333" HPOS="513"/>
							<String ID="string_57" HPOS="530" VPOS="331" WIDTH="41" HEIGHT="21" WC="0.96" CONTENT="det."/><SP WIDTH="30" VPOS="331" HPOS="571"/>
							<String ID="string_58" HPOS="601" VPOS="331" WIDTH="49" HEIGHT="21" WC="0.95" CONTENT="Men"/><SP WIDTH="18" VPOS="331" HPOS="650"/>
							<String ID="string_59" HPOS="668" VPOS="331" WIDTH="36" HEIGHT="21" WC="0.95" CONTENT="det"/><SP WIDTH="16" VPOS="331" HPOS="704"/>
							<String ID="string_60" HPOS="720" VPOS="333" WIDTH="24" HEIGHT="18" WC="0.96" CONTENT="är"/><SP WIDTH="15" VPOS="333" HPOS="744"/>
							<String ID="string_61" HPOS="759" VPOS="331" WIDTH="47" HEIGHT="21" WC="0.96" CONTENT="icke"/><SP WIDTH="16" VPOS="331" HPOS="806"/>
							<String ID="string_62" HPOS="822" VPOS="331" WIDTH="68" HEIGHT="20" WC="0.96" CONTENT="denna"/>
						</TextLine>
						<TextLine ID="line_7" HPOS="65" VPOS="359" WIDTH="825" HEIGHT="28">
							<String ID="string_63" HPOS="65" VPOS="360" WIDTH="46" HEIGHT="26" WC="0.96" CONTENT="sak,"/><SP WIDTH="18" VPOS="360" HPOS="111"/>
							<String ID="string_64" HPOS="129" VPOS="366" WIDTH="44" HEIGHT="15" WC="0.97" CONTENT="som"/><SP WIDTH="14" VPOS="366" HPOS="173"/>
							<String ID="string_65" HPOS="187" VPOS="359" WIDTH="38" HEIGHT="28" WC="0.97" CONTENT="jag"/><SP WIDTH="15" VPOS="359" HPOS="225"/>
							<String ID="string_66" HPOS="240" VPOS="360" WIDTH="38" HEIGHT="21" WC="0.96" CONTENT="har"/><SP WIDTH="16" VPOS="360" HPOS="278"/>
							<String ID="string_67" HPOS="294" VPOS="361" WIDTH="55" HEIGHT="20" WC="0.96" CONTENT="stött"/><SP WIDTH="14" VPOS="361" HPOS="349"/>
							<String ID="string_68" HPOS="363" VPOS="360" WIDTH="43" HEIGHT="26" WC="0.96" CONTENT="mig"/><SP WIDTH="15" VPOS="360" HPOS="406"/>
							<String ID="string_69" HPOS="421" VPOS="360" WIDTH="41" HEIGHT="25" WC="0.96" CONTENT="vid,"/><SP WIDTH="17" VPOS="360" HPOS="462"/>
							<String ID="string_70" HPOS="479" VPOS="362" WIDTH="53" HEIGHT="19" WC="0.96" CONTENT="utan"/><SP WIDTH="13" VPOS="362" HPOS="532"/>
							<String ID="string_71" HPOS="545" VPOS="360" WIDTH="47" HEIGHT="27" WC="0.96" CONTENT="just"/><SP WIDTH="15" VPOS="360" HPOS="592"/>
							<String ID="string_72" HPOS="607" VPOS="361" WIDTH="32" HEIGHT="20" WC="0.96" CONTENT="att"/><SP WIDTH="15" VPOS="361" HPOS="639"/>
							<String ID="string_73" HPOS="654" VPOS="359" WIDTH="78" HEIGHT="22" WC="0.96" CONTENT="bakom"/><SP WIDTH="11" VPOS="359" HPOS="732"/>
							<String ID="string_74" HPOS="743" VPOS="360" WIDTH="69" HEIGHT="20" WC="0.93" CONTENT="denna"/><SP WIDTH="11" VPOS="360" HPOS="812"/>
							<String ID="string_75" HPOS="823" VPOS="359" WIDTH="67" HEIGHT="27" WC="0.91" CONTENT="regle-"/>
						</TextLine>
						<TextLine ID="line_8" HPOS="65" VPOS="388" WIDTH="825" HEIGHT="27">
							<String ID="string_76" HPOS="65" VPOS="389" WIDTH="121" HEIGHT="26" WC="0.92" CONTENT="mentering"/><SP WIDTH="23" VPOS="389" HPOS="186"/>
							<String ID="string_77" HPOS="209" VPOS="389" WIDTH="67" HEIGHT="26" WC="0.94" CONTENT="döljer"/><SP WIDTH="20" VPOS="389" HPOS="276"/>
							<String ID="string_78" HPOS="296" VPOS="389" WIDTH="33" HEIGHT="26" WC="0.96" CONTENT="sig"/><SP WIDTH="16" VPOS="389" HPOS="329"/>
							<String ID="string_79" HPOS="345" VPOS="389" WIDTH="123" HEIGHT="26" WC="0.96" CONTENT="någonting,"/><SP WIDTH="17" VPOS="389" HPOS="468"/>
							<String ID="string_80" HPOS="485" VPOS="395" WIDTH="47" HEIGHT="14" WC="0.96" CONTENT="som"/><SP WIDTH="16" VPOS="395" HPOS="532"/>
							<String ID="string_81" HPOS="548" VPOS="391" WIDTH="24" HEIGHT="18" WC="0.93" CONTENT="är"/><SP WIDTH="15" VPOS="391" HPOS="572"/>
							<String ID="string_82" HPOS="587" VPOS="388" WIDTH="167" HEIGHT="24" WC="0.91" CONTENT="fruktansvärdt,"/><SP WIDTH="18" VPOS="388" HPOS="754"/>
							<String ID="string_83" HPOS="772" VPOS="390" WIDTH="31" HEIGHT="19" WC="0.96" CONTENT="att"/><SP WIDTH="16" VPOS="390" HPOS="803"/>
							<String ID="string_84" HPOS="819" VPOS="390" WIDTH="71" HEIGHT="19" WC="0.96" CONTENT="staten"/>
						</TextLine>
						<TextLine ID="line_9" HPOS="66" VPOS="416" WIDTH="824" HEIGHT="27">
							<String ID="string_85" HPOS="66" VPOS="417" WIDTH="53" HEIGHT="21" WC="0.93" CONTENT="eller"/><SP WIDTH="24" VPOS="417" HPOS="119"/>
							<String ID="string_86" HPOS="143" VPOS="417" WIDTH="123" HEIGHT="21" WC="0.85" CONTENT="öfverheten"/><SP WIDTH="24" VPOS="417" HPOS="266"/>
							<String ID="string_87" HPOS="290" VPOS="417" WIDTH="149" HEIGHT="21" WC="0.92" CONTENT="sanktionerar"/><SP WIDTH="24" VPOS="417" HPOS="439"/>
							<String ID="string_88" HPOS="463" VPOS="423" WIDTH="26" HEIGHT="15" WC="0.96" CONTENT="en"/><SP WIDTH="24" VPOS="423" HPOS="489"/>
							<String ID="string_89" HPOS="513" VPOS="417" WIDTH="43" HEIGHT="21" WC="0.96" CONTENT="last"/><SP WIDTH="19" VPOS="417" HPOS="556"/>
							<String ID="string_90" HPOS="575" VPOS="417" WIDTH="52" HEIGHT="21" WC="0.96" CONTENT="eller"/><SP WIDTH="15" VPOS="417" HPOS="627"/>
							<String ID="string_91" HPOS="642" VPOS="417" WIDTH="59" HEIGHT="26" WC="0.95" CONTENT="synd,"/><SP WIDTH="18" VPOS="417" HPOS="701"/>
							<String ID="string_92" HPOS="719" VPOS="417" WIDTH="39" HEIGHT="21" WC="0.96" CONTENT="och"/><SP WIDTH="18" VPOS="417" HPOS="758"/>
							<String ID="string_93" HPOS="776" VPOS="417" WIDTH="39" HEIGHT="20" WC="0.96" CONTENT="den"/><SP WIDTH="15" VPOS="417" HPOS="815"/>
							<String ID="string_94" HPOS="830" VPOS="419" WIDTH="24" HEIGHT="19" WC="0.96" CONTENT="är"/><SP WIDTH="12" VPOS="419" HPOS="854"/>
							<String ID="string_95" HPOS="866" VPOS="416" WIDTH="24" HEIGHT="27" WC="0.96" CONTENT="ju"/>
						</TextLine>
						<TextLine ID="line_10" HPOS="65" VPOS="445" WIDTH="825" HEIGHT="27">
							<String ID="string_96" HPOS="65" VPOS="445" WIDTH="154" HEIGHT="22" WC="0.93" CONTENT="sanktionerad"/><SP WIDTH="17" VPOS="445" HPOS="219"/>
							<String ID="string_97" HPOS="236" VPOS="446" WIDTH="121" HEIGHT="26" WC="0.91" CONTENT="derigenom"/><SP WIDTH="16" VPOS="446" HPOS="357"/>
							<String ID="string_98" HPOS="373" VPOS="448" WIDTH="33" HEIGHT="18" WC="0.97" CONTENT="att"/><SP WIDTH="16" VPOS="448" HPOS="406"/>
							<String ID="string_99" HPOS="422" VPOS="446" WIDTH="25" HEIGHT="21" WC="0.96" CONTENT="de"/><SP WIDTH="17" VPOS="446" HPOS="447"/>
							<String ID="string_100" HPOS="464" VPOS="448" WIDTH="51" HEIGHT="18" WC="0.96" CONTENT="utan"/><SP WIDTH="18" VPOS="448" HPOS="515"/>
							<String ID="string_101" HPOS="533" VPOS="446" WIDTH="27" HEIGHT="20" WC="0.95" CONTENT="all"/><SP WIDTH="11" VPOS="446" HPOS="560"/>
							<String ID="string_102" HPOS="571" VPOS="445" WIDTH="93" HEIGHT="26" WC="0.96" CONTENT="fruktan,"/><SP WIDTH="11" VPOS="445" HPOS="664"/>
							<String ID="string_103" HPOS="675" VPOS="445" WIDTH="6" HEIGHT="21" WC="0.95" CONTENT="i"/><SP WIDTH="11" VPOS="445" HPOS="681"/>
							<String ID="string_104" HPOS="692" VPOS="445" WIDTH="119" HEIGHT="26" WC="0.93" CONTENT="fullkomlig"/><SP WIDTH="8" VPOS="445" HPOS="811"/>
							<String ID="string_105" HPOS="819" VPOS="447" WIDTH="71" HEIGHT="25" WC="0.91" CONTENT="trygg-"/>
						</TextLine>
						<TextLine ID="line_11" HPOS="65" VPOS="474" WIDTH="824" HEIGHT="27">
							<String ID="string_106" HPOS="65" VPOS="474" WIDTH="40" HEIGHT="21" WC="0.96" CONTENT="het"/><SP WIDTH="14" VPOS="474" HPOS="105"/>
							<String ID="string_107" HPOS="119" VPOS="474" WIDTH="56" HEIGHT="21" WC="0.95" CONTENT="lefva"/><SP WIDTH="15" VPOS="474" HPOS="175"/>
							<String ID="string_108" HPOS="190" VPOS="474" WIDTH="6" HEIGHT="21" WC="0.96" CONTENT="i"/><SP WIDTH="17" VPOS="474" HPOS="196"/>
							<String ID="string_109" HPOS="213" VPOS="474" WIDTH="66" HEIGHT="21" WC="0.96" CONTENT="sådan"/><SP WIDTH="16" VPOS="474" HPOS="279"/>
							<String ID="string_110" HPOS="295" VPOS="474" WIDTH="111" HEIGHT="27" WC="0.96" CONTENT="uppenbar"/><SP WIDTH="16" VPOS="474" HPOS="406"/>
							<String ID="string_111" HPOS="422" VPOS="474" WIDTH="59" HEIGHT="27" WC="0.93" CONTENT="synd,"/><SP WIDTH="17" VPOS="474" HPOS="481"/>
							<String ID="string_112" HPOS="498" VPOS="474" WIDTH="71" HEIGHT="21" WC="0.92" CONTENT="såvidt"/><SP WIDTH="16" VPOS="474" HPOS="569"/>
							<String ID="string_113" HPOS="585" VPOS="474" WIDTH="26" HEIGHT="21" WC="0.96" CONTENT="de"/><SP WIDTH="15" VPOS="474" HPOS="611"/>
							<String ID="string_114" HPOS="626" VPOS="474" WIDTH="52" HEIGHT="21" WC="0.96" CONTENT="bara"/><SP WIDTH="16" VPOS="474" HPOS="678"/>
							<String ID="string_115" HPOS="694" VPOS="474" WIDTH="72" HEIGHT="21" WC="0.96" CONTENT="betala"/><SP WIDTH="16" VPOS="474" HPOS="766"/>
							<String ID="string_116" HPOS="782" VPOS="474" WIDTH="30" HEIGHT="21" WC="0.96" CONTENT="sin"/><SP WIDTH="13" VPOS="474" HPOS="812"/>
							<String ID="string_117" HPOS="825" VPOS="474" WIDTH="64" HEIGHT="20" WC="0.95" CONTENT="skatt."/>
						</TextLine>
						<TextLine ID="line_12" HPOS="65" VPOS="502" WIDTH="825" HEIGHT="27">
							<String ID="string_118" HPOS="65" VPOS="502" WIDTH="72" HEIGHT="22" WC="0.95" CONTENT="Sedan"/><SP WIDTH="18" VPOS="502" HPOS="137"/>
							<String ID="string_119" HPOS="155" VPOS="504" WIDTH="64" HEIGHT="25" WC="0.93" CONTENT="säger"/><SP WIDTH="15" VPOS="504" HPOS="219"/>
							<String ID="string_120" HPOS="234" VPOS="503" WIDTH="141" HEIGHT="26" WC="0.92" CONTENT="prokuratorn"/><SP WIDTH="17" VPOS="503" HPOS="375"/>
							<String ID="string_121" HPOS="392" VPOS="503" WIDTH="6" HEIGHT="21" WC="0.96" CONTENT="i"/><SP WIDTH="16" VPOS="503" HPOS="398"/>
							<String ID="string_122" HPOS="414" VPOS="503" WIDTH="33" HEIGHT="21" WC="0.95" CONTENT="sin"/><SP WIDTH="16" VPOS="503" HPOS="447"/>
							<String ID="string_123" HPOS="463" VPOS="503" WIDTH="119" HEIGHT="21" WC="0.95" CONTENT="berättelse"/><SP WIDTH="14" VPOS="503" HPOS="582"/>
							<String ID="string_124" HPOS="596" VPOS="504" WIDTH="33" HEIGHT="20" WC="0.96" CONTENT="att"/><SP WIDTH="16" VPOS="504" HPOS="629"/>
							<String ID="string_125" HPOS="645" VPOS="502" WIDTH="22" HEIGHT="22" WC="0.96" CONTENT="af"/><SP WIDTH="13" VPOS="502" HPOS="667"/>
							<String ID="string_126" HPOS="680" VPOS="502" WIDTH="36" HEIGHT="22" WC="0.96" CONTENT="två"/><SP WIDTH="16" VPOS="502" HPOS="716"/>
							<String ID="string_127" HPOS="732" VPOS="502" WIDTH="56" HEIGHT="22" WC="0.96" CONTENT="onda"/><SP WIDTH="11" VPOS="502" HPOS="788"/>
							<String ID="string_128" HPOS="799" VPOS="502" WIDTH="45" HEIGHT="27" WC="0.96" CONTENT="ting"/><SP WIDTH="7" VPOS="502" HPOS="844"/>
							<String ID="string_129" HPOS="851" VPOS="502" WIDTH="39" HEIGHT="21" WC="0.96" CONTENT="bör"/>
						</TextLine>
						<TextLine ID="line_13" HPOS="65" VPOS="531" WIDTH="825" HEIGHT="27">
							<String ID="string_130" HPOS="65" VPOS="538" WIDTH="50" HEIGHT="14" WC="0.95" CONTENT="man"/><SP WIDTH="16" VPOS="538" HPOS="115"/>
							<String ID="string_131" HPOS="131" VPOS="531" WIDTH="61" HEIGHT="21" WC="0.95" CONTENT="alltid"/><SP WIDTH="16" VPOS="531" HPOS="192"/>
							<String ID="string_132" HPOS="208" VPOS="532" WIDTH="56" HEIGHT="26" WC="0.96" CONTENT="välja"/><SP WIDTH="15" VPOS="532" HPOS="264"/>
							<String ID="string_133" HPOS="279" VPOS="532" WIDTH="37" HEIGHT="20" WC="0.97" CONTENT="det"/><SP WIDTH="15" VPOS="532" HPOS="316"/>
							<String ID="string_134" HPOS="331" VPOS="532" WIDTH="81" HEIGHT="20" WC="0.96" CONTENT="mindre"/><SP WIDTH="17" VPOS="532" HPOS="412"/>
							<String ID="string_135" HPOS="429" VPOS="532" WIDTH="62" HEIGHT="20" WC="0.95" CONTENT="onda."/><SP WIDTH="26" VPOS="532" HPOS="491"/>
							<String ID="string_136" HPOS="517" VPOS="531" WIDTH="79" HEIGHT="21" WC="0.87" CONTENT="Satsen"/><SP WIDTH="16" VPOS="531" HPOS="596"/>
							<String ID="string_137" HPOS="612" VPOS="533" WIDTH="24" HEIGHT="19" WC="0.96" CONTENT="är"/><SP WIDTH="15" VPOS="533" HPOS="636"/>
							<String ID="string_138" HPOS="651" VPOS="531" WIDTH="89" HEIGHT="21" WC="0.94" CONTENT="alldeles"/><SP WIDTH="16" VPOS="531" HPOS="740"/>
							<String ID="string_139" HPOS="756" VPOS="531" WIDTH="70" HEIGHT="27" WC="0.96" CONTENT="riktig,"/><SP WIDTH="16" VPOS="531" HPOS="826"/>
							<String ID="string_140" HPOS="842" VPOS="537" WIDTH="48" HEIGHT="15" WC="0.96" CONTENT="men"/>
						</TextLine>
						<TextLine ID="line_14" HPOS="61" VPOS="559" WIDTH="829" HEIGHT="28">
							<String ID="string_141" HPOS="61" VPOS="560" WIDTH="41" HEIGHT="27" WC="0.96" CONTENT="jag"/><SP WIDTH="19" VPOS="560" HPOS="102"/>
							<String ID="string_142" HPOS="121" VPOS="562" WIDTH="36" HEIGHT="19" WC="0.96" CONTENT="vet"/><SP WIDTH="18" VPOS="562" HPOS="157"/>
							<String ID="string_143" HPOS="175" VPOS="560" WIDTH="47" HEIGHT="21" WC="0.97" CONTENT="icke"/><SP WIDTH="17" VPOS="560" HPOS="222"/>
							<String ID="string_144" HPOS="239" VPOS="560" WIDTH="54" HEIGHT="21" WC="0.93" CONTENT="huru"/><SP WIDTH="15" VPOS="560" HPOS="293"/>
							<String ID="string_145" HPOS="308" VPOS="560" WIDTH="143" HEIGHT="26" WC="0.91" CONTENT="prokuratorn"/><SP WIDTH="16" VPOS="560" HPOS="451"/>
							<String ID="string_146" HPOS="467" VPOS="560" WIDTH="42" HEIGHT="21" WC="0.96" CONTENT="kan"/><SP WIDTH="17" VPOS="560" HPOS="509"/>
							<String ID="string_147" HPOS="526" VPOS="566" WIDTH="51" HEIGHT="15" WC="0.96" CONTENT="vara"/><SP WIDTH="15" VPOS="566" HPOS="577"/>
							<String ID="string_148" HPOS="592" VPOS="560" WIDTH="43" HEIGHT="21" WC="0.93" CONTENT="viss"/><SP WIDTH="17" VPOS="560" HPOS="635"/>
							<String ID="string_149" HPOS="652" VPOS="560" WIDTH="67" HEIGHT="26" WC="0.92" CONTENT="derpå"/><SP WIDTH="16" VPOS="560" HPOS="719"/>
							<String ID="string_150" HPOS="735" VPOS="562" WIDTH="33" HEIGHT="19" WC="0.96" CONTENT="att"/><SP WIDTH="15" VPOS="562" HPOS="768"/>
							<String ID="string_151" HPOS="783" VPOS="559" WIDTH="36" HEIGHT="21" WC="0.96" CONTENT="det"/><SP WIDTH="16" VPOS="559" HPOS="819"/>
							<String ID="string_152" HPOS="835" VPOS="560" WIDTH="55" HEIGHT="20" WC="0.96" CONTENT="onda"/>
						</TextLine>
						<TextLine ID="line_15" HPOS="65" VPOS="588" WIDTH="825" HEIGHT="26">
							<String ID="string_153" HPOS="65" VPOS="594" WIDTH="52" HEIGHT="16" WC="0.96" CONTENT="vore"/><SP WIDTH="16" VPOS="594" HPOS="117"/>
							<String ID="string_154" HPOS="133" VPOS="590" WIDTH="76" HEIGHT="24" WC="0.95" CONTENT="större,"/><SP WIDTH="17" VPOS="590" HPOS="209"/>
							<String ID="string_155" HPOS="226" VPOS="588" WIDTH="52" HEIGHT="22" WC="0.96" CONTENT="eller"/><SP WIDTH="15" VPOS="588" HPOS="278"/>
							<String ID="string_156" HPOS="293" VPOS="590" WIDTH="33" HEIGHT="19" WC="0.96" CONTENT="att"/><SP WIDTH="15" VPOS="590" HPOS="326"/>
							<String ID="string_157" HPOS="341" VPOS="589" WIDTH="37" HEIGHT="21" WC="0.96" CONTENT="det"/><SP WIDTH="14" VPOS="589" HPOS="378"/>
							<String ID="string_158" HPOS="392" VPOS="588" WIDTH="135" HEIGHT="22" WC="0.96" CONTENT="förhållande"/><SP WIDTH="16" VPOS="588" HPOS="527"/>
							<String ID="string_159" HPOS="543" VPOS="588" WIDTH="69" HEIGHT="22" WC="0.96" CONTENT="skulle"/><SP WIDTH="16" VPOS="588" HPOS="612"/>
							<String ID="string_160" HPOS="628" VPOS="595" WIDTH="50" HEIGHT="15" WC="0.96" CONTENT="vara"/><SP WIDTH="11" VPOS="595" HPOS="678"/>
							<String ID="string_161" HPOS="689" VPOS="591" WIDTH="67" HEIGHT="23" WC="0.96" CONTENT="värre,"/><SP WIDTH="11" VPOS="591" HPOS="756"/>
							<String ID="string_162" HPOS="767" VPOS="594" WIDTH="44" HEIGHT="15" WC="0.96" CONTENT="som"/><SP WIDTH="10" VPOS="594" HPOS="811"/>
							<String ID="string_163" HPOS="821" VPOS="588" WIDTH="69" HEIGHT="21" WC="0.96" CONTENT="skulle"/>
						</TextLine>
						<TextLine ID="line_16" HPOS="65" VPOS="616" WIDTH="824" HEIGHT="28">
							<String ID="string_164" HPOS="65" VPOS="617" WIDTH="87" HEIGHT="27" WC="0.96" CONTENT="uppstå,"/><SP WIDTH="18" VPOS="617" HPOS="152"/>
							<String ID="string_165" HPOS="170" VPOS="618" WIDTH="27" HEIGHT="20" WC="0.96" CONTENT="då"/><SP WIDTH="16" VPOS="618" HPOS="197"/>
							<String ID="string_166" HPOS="213" VPOS="624" WIDTH="25" HEIGHT="14" WC="0.96" CONTENT="en"/><SP WIDTH="16" VPOS="624" HPOS="238"/>
							<String ID="string_167" HPOS="254" VPOS="617" WIDTH="66" HEIGHT="21" WC="0.96" CONTENT="sådan"/><SP WIDTH="16" VPOS="617" HPOS="320"/>
							<String ID="string_168" HPOS="336" VPOS="617" WIDTH="122" HEIGHT="21" WC="0.96" CONTENT="institution"/><SP WIDTH="16" VPOS="617" HPOS="458"/>
							<String ID="string_169" HPOS="474" VPOS="617" WIDTH="71" HEIGHT="21" WC="0.93" CONTENT="skulle"/><SP WIDTH="16" VPOS="617" HPOS="545"/>
							<String ID="string_170" HPOS="561" VPOS="616" WIDTH="98" HEIGHT="22" WC="0.92" CONTENT="beröfvas"/><SP WIDTH="16" VPOS="616" HPOS="659"/>
							<String ID="string_171" HPOS="675" VPOS="619" WIDTH="44" HEIGHT="19" WC="0.96" CONTENT="rätt"/><SP WIDTH="11" VPOS="619" HPOS="719"/>
							<String ID="string_172" HPOS="730" VPOS="619" WIDTH="33" HEIGHT="19" WC="0.96" CONTENT="att"/><SP WIDTH="12" VPOS="619" HPOS="763"/>
							<String ID="string_173" HPOS="775" VPOS="616" WIDTH="67" HEIGHT="22" WC="0.96" CONTENT="finnas"/><SP WIDTH="9" VPOS="616" HPOS="842"/>
							<String ID="string_174" HPOS="851" VPOS="616" WIDTH="38" HEIGHT="26" WC="0.96" CONTENT="till,"/>
						</TextLine>
						<TextLine ID="line_17" HPOS="66" VPOS="646" WIDTH="823" HEIGHT="27">
							<String ID="string_175" HPOS="66" VPOS="648" WIDTH="40" HEIGHT="18" WC="0.96" CONTENT="när"/><SP WIDTH="16" VPOS="648" HPOS="106"/>
							<String ID="string_176" HPOS="122" VPOS="646" WIDTH="69" HEIGHT="21" WC="0.96" CONTENT="denna"/><SP WIDTH="15" VPOS="646" HPOS="191"/>
							<String ID="string_177" HPOS="206" VPOS="646" WIDTH="137" HEIGHT="26" WC="0.96" CONTENT="legalisering"/><SP WIDTH="16" VPOS="646" HPOS="343"/>
							<String ID="string_178" HPOS="359" VPOS="646" WIDTH="69" HEIGHT="21" WC="0.96" CONTENT="skulle"/><SP WIDTH="15" VPOS="646" HPOS="428"/>
							<String ID="string_179" HPOS="443" VPOS="646" WIDTH="104" HEIGHT="27" WC="0.96" CONTENT="upphöra."/><SP WIDTH="27" VPOS="646" HPOS="547"/>
							<String ID="string_180" HPOS="574" VPOS="646" WIDTH="68" HEIGHT="21" WC="0.94" CONTENT="Hvem"/><SP WIDTH="16" VPOS="646" HPOS="642"/>
							<String ID="string_181" HPOS="658" VPOS="646" WIDTH="39" HEIGHT="20" WC="0.93" CONTENT="har"/><SP WIDTH="15" VPOS="646" HPOS="697"/>
							<String ID="string_182" HPOS="712" VPOS="646" WIDTH="119" HEIGHT="26" WC="0.91" CONTENT="öfvertygat"/><SP WIDTH="10" VPOS="646" HPOS="831"/>
							<String ID="string_183" HPOS="841" VPOS="651" WIDTH="48" HEIGHT="21" WC="0.92" CONTENT="pro-"/>
						</TextLine>
						<TextLine ID="line_18" HPOS="65" VPOS="674" WIDTH="825" HEIGHT="27">
							<String ID="string_184" HPOS="65" VPOS="674" WIDTH="104" HEIGHT="21" WC="0.96" CONTENT="kuratorn"/><SP WIDTH="17" VPOS="674" HPOS="169"/>
							<String ID="string_185" HPOS="186" VPOS="674" WIDTH="73" HEIGHT="22" WC="0.96" CONTENT="derom"/><SP WIDTH="16" VPOS="674" HPOS="259"/>
							<String ID="string_186" HPOS="275" VPOS="676" WIDTH="32" HEIGHT="19" WC="0.95" CONTENT="att"/><SP WIDTH="16" VPOS="676" HPOS="307"/>
							<String ID="string_187" HPOS="323" VPOS="674" WIDTH="37" HEIGHT="21" WC="0.95" CONTENT="det"/><SP WIDTH="14" VPOS="674" HPOS="360"/>
							<String ID="string_188" HPOS="374" VPOS="674" WIDTH="141" HEIGHT="26" WC="0.78" CONTENT="förhållande,"/><SP WIDTH="17" VPOS="674" HPOS="515"/>
							<String ID="string_189" HPOS="532" VPOS="681" WIDTH="46" HEIGHT="15" WC="0.96" CONTENT="som"/><SP WIDTH="17" VPOS="681" HPOS="578"/>
							<String ID="string_190" HPOS="595" VPOS="674" WIDTH="27" HEIGHT="21" WC="0.93" CONTENT="då"/><SP WIDTH="14" VPOS="674" HPOS="622"/>
							<String ID="string_191" HPOS="636" VPOS="675" WIDTH="113" HEIGHT="26" WC="0.92" CONTENT="uppstode,"/><SP WIDTH="12" VPOS="675" HPOS="749"/>
							<String ID="string_192" HPOS="761" VPOS="674" WIDTH="68" HEIGHT="22" WC="0.95" CONTENT="skulle"/><SP WIDTH="11" VPOS="674" HPOS="829"/>
							<String ID="string_193" HPOS="840" VPOS="680" WIDTH="50" HEIGHT="15" WC="0.96" CONTENT="vara"/>
						</TextLine>
						<TextLine ID="line_19" HPOS="65" VPOS="703" WIDTH="825" HEIGHT="27">
							<String ID="string_194" HPOS="65" VPOS="703" WIDTH="76" HEIGHT="21" WC="0.95" CONTENT="värre?"/><SP WIDTH="30" VPOS="703" HPOS="141"/>
							<String ID="string_195" HPOS="171" VPOS="703" WIDTH="48" HEIGHT="21" WC="0.96" CONTENT="Han"/><SP WIDTH="16" VPOS="703" HPOS="219"/>
							<String ID="string_196" HPOS="235" VPOS="706" WIDTH="63" HEIGHT="23" WC="0.96" CONTENT="säger"/><SP WIDTH="16" VPOS="706" HPOS="298"/>
							<String ID="string_197" HPOS="314" VPOS="706" WIDTH="32" HEIGHT="18" WC="0.97" CONTENT="att"/><SP WIDTH="16" VPOS="706" HPOS="346"/>
							<String ID="string_198" HPOS="362" VPOS="703" WIDTH="69" HEIGHT="21" WC="0.96" CONTENT="denna"/><SP WIDTH="16" VPOS="703" HPOS="431"/>
							<String ID="string_199" HPOS="447" VPOS="703" WIDTH="54" HEIGHT="27" WC="0.96" CONTENT="synd"/><SP WIDTH="16" VPOS="703" HPOS="501"/>
							<String ID="string_200" HPOS="517" VPOS="705" WIDTH="24" HEIGHT="19" WC="0.96" CONTENT="är"/><SP WIDTH="16" VPOS="705" HPOS="541"/>
							<String ID="string_201" HPOS="557" VPOS="703" WIDTH="95" HEIGHT="26" WC="0.95" CONTENT="uråldrig"/><SP WIDTH="16" VPOS="703" HPOS="652"/>
							<String ID="string_202" HPOS="668" VPOS="703" WIDTH="39" HEIGHT="21" WC="0.96" CONTENT="och"/><SP WIDTH="15" VPOS="703" HPOS="707"/>
							<String ID="string_203" HPOS="722" VPOS="703" WIDTH="40" HEIGHT="21" WC="0.96" CONTENT="har"/><SP WIDTH="14" VPOS="703" HPOS="762"/>
							<String ID="string_204" HPOS="776" VPOS="703" WIDTH="47" HEIGHT="21" WC="0.93" CONTENT="icke"/><SP WIDTH="13" VPOS="703" HPOS="823"/>
							<String ID="string_205" HPOS="836" VPOS="703" WIDTH="54" HEIGHT="21" WC="0.33" CONTENT="kun-"/>
						</TextLine>
						<TextLine ID="line_20" HPOS="65" VPOS="731" WIDTH="825" HEIGHT="28">
							<String ID="string_206" HPOS="65" VPOS="734" WIDTH="38" HEIGHT="18" WC="0.91" CONTENT="nat"/><SP WIDTH="23" VPOS="734" HPOS="103"/>
							<String ID="string_207" HPOS="126" VPOS="731" WIDTH="75" HEIGHT="28" WC="0.89" CONTENT="stäfjas"/><SP WIDTH="24" VPOS="731" HPOS="201"/>
							<String ID="string_208" HPOS="225" VPOS="732" WIDTH="53" HEIGHT="20" WC="0.96" CONTENT="eller"/><SP WIDTH="19" VPOS="732" HPOS="278"/>
							<String ID="string_209" HPOS="297" VPOS="732" WIDTH="103" HEIGHT="25" WC="0.96" CONTENT="hämmas,"/><SP WIDTH="16" VPOS="732" HPOS="400"/>
							<String ID="string_210" HPOS="416" VPOS="734" WIDTH="53" HEIGHT="19" WC="0.96" CONTENT="utan"/><SP WIDTH="16" VPOS="734" HPOS="469"/>
							<String ID="string_211" HPOS="485" VPOS="734" WIDTH="55" HEIGHT="19" WC="0.96" CONTENT="trots"/><SP WIDTH="17" VPOS="734" HPOS="540"/>
							<String ID="string_212" HPOS="557" VPOS="732" WIDTH="107" HEIGHT="26" WC="0.96" CONTENT="gudomlig"/><SP WIDTH="16" VPOS="732" HPOS="664"/>
							<String ID="string_213" HPOS="680" VPOS="731" WIDTH="40" HEIGHT="21" WC="0.92" CONTENT="och"/><SP WIDTH="16" VPOS="731" HPOS="720"/>
							<String ID="string_214" HPOS="736" VPOS="732" WIDTH="105" HEIGHT="26" WC="0.91" CONTENT="mensklig"/><SP WIDTH="14" VPOS="732" HPOS="841"/>
							<String ID="string_215" HPOS="855" VPOS="731" WIDTH="35" HEIGHT="26" WC="0.96" CONTENT="lag"/>
						</TextLine>
						<TextLine ID="line_21" HPOS="65" VPOS="760" WIDTH="824" HEIGHT="28">
							<String ID="string_216" HPOS="65" VPOS="760" WIDTH="77" HEIGHT="21" WC="0.90" CONTENT="fortfar"/><SP WIDTH="23" VPOS="760" HPOS="142"/>
							<String ID="string_217" HPOS="165" VPOS="761" WIDTH="40" HEIGHT="21" WC="0.96" CONTENT="den"/><SP WIDTH="22" VPOS="761" HPOS="205"/>
							<String ID="string_218" HPOS="227" VPOS="760" WIDTH="80" HEIGHT="27" WC="0.96" CONTENT="synden"/><SP WIDTH="19" VPOS="760" HPOS="307"/>
							<String ID="string_219" HPOS="326" VPOS="760" WIDTH="90" HEIGHT="21" WC="0.95" CONTENT="ändock."/><SP WIDTH="30" VPOS="760" HPOS="416"/>
							<String ID="string_220" HPOS="446" VPOS="760" WIDTH="49" HEIGHT="22" WC="0.96" CONTENT="Men"/><SP WIDTH="18" VPOS="760" HPOS="495"/>
							<String ID="string_221" HPOS="513" VPOS="760" WIDTH="60" HEIGHT="22" WC="0.96" CONTENT="detta"/><SP WIDTH="16" VPOS="760" HPOS="573"/>
							<String ID="string_222" HPOS="589" VPOS="762" WIDTH="113" HEIGHT="26" WC="0.96" CONTENT="argument"/><SP WIDTH="15" VPOS="762" HPOS="702"/>
							<String ID="string_223" HPOS="717" VPOS="760" WIDTH="89" HEIGHT="27" WC="0.96" CONTENT="betyder"/><SP WIDTH="13" VPOS="760" HPOS="806"/>
							<String ID="string_224" HPOS="819" VPOS="760" WIDTH="24" HEIGHT="27" WC="0.93" CONTENT="ju"/><SP WIDTH="15" VPOS="760" HPOS="843"/>
							<String ID="string_225" HPOS="858" VPOS="760" WIDTH="31" HEIGHT="21" WC="0.91" CONTENT="in-"/>
						</TextLine>
						<TextLine ID="line_22" HPOS="65" VPOS="788" WIDTH="825" HEIGHT="28">
							<String ID="string_226" HPOS="65" VPOS="789" WIDTH="94" HEIGHT="26" WC="0.91" CONTENT="genting."/><SP WIDTH="32" VPOS="789" HPOS="159"/>
							<String ID="string_227" HPOS="191" VPOS="788" WIDTH="29" HEIGHT="22" WC="0.95" CONTENT="Så"/><SP WIDTH="23" VPOS="788" HPOS="220"/>
							<String ID="string_228" HPOS="243" VPOS="791" WIDTH="23" HEIGHT="19" WC="0.96" CONTENT="är"/><SP WIDTH="23" VPOS="791" HPOS="266"/>
							<String ID="string_229" HPOS="289" VPOS="789" WIDTH="37" HEIGHT="21" WC="0.96" CONTENT="det"/><SP WIDTH="19" VPOS="789" HPOS="326"/>
							<String ID="string_230" HPOS="345" VPOS="789" WIDTH="24" HEIGHT="27" WC="0.96" CONTENT="ju"/><SP WIDTH="25" VPOS="789" HPOS="369"/>
							<String ID="string_231" HPOS="394" VPOS="788" WIDTH="48" HEIGHT="22" WC="0.96" CONTENT="med"/><SP WIDTH="21" VPOS="788" HPOS="442"/>
							<String ID="string_232" HPOS="463" VPOS="789" WIDTH="41" HEIGHT="21" WC="0.96" CONTENT="alla"/><SP WIDTH="16" VPOS="789" HPOS="504"/>
							<String ID="string_233" HPOS="520" VPOS="789" WIDTH="84" HEIGHT="27" WC="0.96" CONTENT="synder."/><SP WIDTH="31" VPOS="789" HPOS="604"/>
							<String ID="string_234" HPOS="635" VPOS="789" WIDTH="58" HEIGHT="21" WC="0.96" CONTENT="Hvar"/><SP WIDTH="16" VPOS="789" HPOS="693"/>
							<String ID="string_235" HPOS="709" VPOS="789" WIDTH="39" HEIGHT="21" WC="0.96" CONTENT="och"/><SP WIDTH="18" VPOS="789" HPOS="748"/>
							<String ID="string_236" HPOS="766" VPOS="795" WIDTH="25" HEIGHT="15" WC="0.96" CONTENT="en"/><SP WIDTH="16" VPOS="795" HPOS="791"/>
							<String ID="string_237" HPOS="807" VPOS="791" WIDTH="35" HEIGHT="19" WC="0.96" CONTENT="vet"/><SP WIDTH="15" VPOS="791" HPOS="842"/>
							<String ID="string_238" HPOS="857" VPOS="791" WIDTH="33" HEIGHT="19" WC="0.96" CONTENT="att"/>
						</TextLine>
						<TextLine ID="line_23" HPOS="65" VPOS="816" WIDTH="823" HEIGHT="28">
							<String ID="string_239" HPOS="65" VPOS="817" WIDTH="94" HEIGHT="27" WC="0.91" CONTENT="tjufvens"/><SP WIDTH="16" VPOS="817" HPOS="159"/>
							<String ID="string_240" HPOS="175" VPOS="817" WIDTH="53" HEIGHT="27" WC="0.96" CONTENT="synd"/><SP WIDTH="16" VPOS="817" HPOS="228"/>
							<String ID="string_241" HPOS="244" VPOS="818" WIDTH="47" HEIGHT="20" WC="0.96" CONTENT="icke"/><SP WIDTH="17" VPOS="818" HPOS="291"/>
							<String ID="string_242" HPOS="308" VPOS="817" WIDTH="40" HEIGHT="21" WC="0.93" CONTENT="blir"/><SP WIDTH="15" VPOS="817" HPOS="348"/>
							<String ID="string_243" HPOS="363" VPOS="818" WIDTH="100" HEIGHT="20" WC="0.91" CONTENT="hämmad"/><SP WIDTH="16" VPOS="818" HPOS="463"/>
							<String ID="string_244" HPOS="479" VPOS="818" WIDTH="124" HEIGHT="26" WC="0.91" CONTENT="derigenom"/><SP WIDTH="12" VPOS="818" HPOS="603"/>
							<String ID="string_245" HPOS="615" VPOS="820" WIDTH="32" HEIGHT="18" WC="0.93" CONTENT="att"/><SP WIDTH="11" VPOS="820" HPOS="647"/>
							<String ID="string_246" HPOS="658" VPOS="817" WIDTH="79" HEIGHT="27" WC="0.92" CONTENT="tjufven"/><SP WIDTH="9" VPOS="817" HPOS="737"/>
							<String ID="string_247" HPOS="746" VPOS="818" WIDTH="41" HEIGHT="20" WC="0.96" CONTENT="blir"/><SP WIDTH="8" VPOS="818" HPOS="787"/>
							<String ID="string_248" HPOS="795" VPOS="816" WIDTH="93" HEIGHT="27" WC="0.96" CONTENT="straffad,"/>
						</TextLine>
						<TextLine ID="line_24" HPOS="64" VPOS="846" WIDTH="825" HEIGHT="27">
							<String ID="string_249" HPOS="64" VPOS="848" WIDTH="23" HEIGHT="24" WC="0.96" CONTENT="ty"/><SP WIDTH="25" VPOS="848" HPOS="87"/>
							<String ID="string_250" HPOS="112" VPOS="846" WIDTH="116" HEIGHT="27" WC="0.96" CONTENT="ingalunda"/><SP WIDTH="23" VPOS="846" HPOS="228"/>
							<String ID="string_251" HPOS="251" VPOS="847" WIDTH="41" HEIGHT="20" WC="0.96" CONTENT="kan"/><SP WIDTH="24" VPOS="847" HPOS="292"/>
							<String ID="string_252" HPOS="316" VPOS="846" WIDTH="33" HEIGHT="20" WC="0.96" CONTENT="väl"/><SP WIDTH="23" VPOS="846" HPOS="349"/>
							<String ID="string_253" HPOS="372" VPOS="846" WIDTH="66" HEIGHT="26" WC="0.96" CONTENT="något"/><SP WIDTH="23" VPOS="846" HPOS="438"/>
							<String ID="string_254" HPOS="461" VPOS="846" WIDTH="62" HEIGHT="21" WC="0.96" CONTENT="straff"/><SP WIDTH="20" VPOS="846" HPOS="523"/>
							<String ID="string_255" HPOS="543" VPOS="846" WIDTH="149" HEIGHT="21" WC="0.96" CONTENT="åstadkomma"/><SP WIDTH="18" VPOS="846" HPOS="692"/>
							<String ID="string_256" HPOS="710" VPOS="846" WIDTH="37" HEIGHT="22" WC="0.96" CONTENT="det"/><SP WIDTH="15" VPOS="846" HPOS="747"/>
							<String ID="string_257" HPOS="762" VPOS="848" WIDTH="32" HEIGHT="19" WC="0.96" CONTENT="att"/><SP WIDTH="15" VPOS="848" HPOS="794"/>
							<String ID="string_258" HPOS="809" VPOS="846" WIDTH="80" HEIGHT="27" WC="0.96" CONTENT="synden"/>
						</TextLine>
						<TextLine ID="line_25" HPOS="65" VPOS="874" WIDTH="824" HEIGHT="28">
							<String ID="string_259" HPOS="65" VPOS="874" WIDTH="70" HEIGHT="22" WC="0.95" CONTENT="skulle"/><SP WIDTH="24" VPOS="874" HPOS="135"/>
							<String ID="string_260" HPOS="159" VPOS="874" WIDTH="32" HEIGHT="22" WC="0.95" CONTENT="till"/><SP WIDTH="24" VPOS="874" HPOS="191"/>
							<String ID="string_261" HPOS="215" VPOS="874" WIDTH="46" HEIGHT="22" WC="0.95" CONTENT="sina"/><SP WIDTH="18" VPOS="874" HPOS="261"/>
							<String ID="string_262" HPOS="279" VPOS="876" WIDTH="69" HEIGHT="20" WC="0.96" CONTENT="rötter"/><SP WIDTH="14" VPOS="876" HPOS="348"/>
							<String ID="string_263" HPOS="362" VPOS="874" WIDTH="115" HEIGHT="22" WC="0.95" CONTENT="försvinna."/><SP WIDTH="31" VPOS="874" HPOS="477"/>
							<String ID="string_264" HPOS="508" VPOS="875" WIDTH="44" HEIGHT="21" WC="0.95" CONTENT="Det"/><SP WIDTH="15" VPOS="875" HPOS="552"/>
							<String ID="string_265" HPOS="567" VPOS="874" WIDTH="67" HEIGHT="22" WC="0.95" CONTENT="finnes"/><SP WIDTH="16" VPOS="874" HPOS="634"/>
							<String ID="string_266" HPOS="650" VPOS="875" WIDTH="63" HEIGHT="26" WC="0.96" CONTENT="ingen"/><SP WIDTH="15" VPOS="875" HPOS="713"/>
							<String ID="string_267" HPOS="728" VPOS="875" WIDTH="42" HEIGHT="27" WC="0.94" CONTENT="lag,"/><SP WIDTH="17" VPOS="875" HPOS="770"/>
							<String ID="string_268" HPOS="787" VPOS="880" WIDTH="45" HEIGHT="16" WC="0.96" CONTENT="som"/><SP WIDTH="15" VPOS="880" HPOS="832"/>
							<String ID="string_269" HPOS="847" VPOS="874" WIDTH="42" HEIGHT="22" WC="0.96" CONTENT="kan"/>
						</TextLine>
						<TextLine ID="line_26" HPOS="65" VPOS="903" WIDTH="826" HEIGHT="27">
							<String ID="string_270" HPOS="65" VPOS="903" WIDTH="99" HEIGHT="21" WC="0.89" CONTENT="lefvande"/><SP WIDTH="23" VPOS="903" HPOS="164"/>
							<String ID="string_271" HPOS="187" VPOS="904" WIDTH="59" HEIGHT="26" WC="0.96" CONTENT="göra,"/><SP WIDTH="24" VPOS="904" HPOS="246"/>
							<String ID="string_272" HPOS="270" VPOS="909" WIDTH="47" HEIGHT="15" WC="0.96" CONTENT="men"/><SP WIDTH="21" VPOS="909" HPOS="317"/>
							<String ID="string_273" HPOS="338" VPOS="903" WIDTH="62" HEIGHT="27" WC="0.96" CONTENT="lagen"/><SP WIDTH="16" VPOS="903" HPOS="400"/>
							<String ID="string_274" HPOS="416" VPOS="906" WIDTH="23" HEIGHT="18" WC="0.96" CONTENT="är"/><SP WIDTH="17" VPOS="906" HPOS="439"/>
							<String ID="string_275" HPOS="456" VPOS="904" WIDTH="56" HEIGHT="20" WC="0.96" CONTENT="ändå"/><SP WIDTH="16" VPOS="904" HPOS="512"/>
							<String ID="string_276" HPOS="528" VPOS="904" WIDTH="122" HEIGHT="26" WC="0.96" CONTENT="berättigad"/><SP WIDTH="17" VPOS="904" HPOS="650"/>
							<String ID="string_277" HPOS="667" VPOS="903" WIDTH="39" HEIGHT="21" WC="0.96" CONTENT="och"/><SP WIDTH="16" VPOS="903" HPOS="706"/>
							<String ID="string_278" HPOS="722" VPOS="903" WIDTH="121" HEIGHT="27" WC="0.96" CONTENT="nödvändig"/><SP WIDTH="16" VPOS="903" HPOS="843"/>
							<String ID="string_279" HPOS="859" VPOS="904" WIDTH="32" HEIGHT="20" WC="0.96" CONTENT="att"/>
						</TextLine>
						<TextLine ID="line_27" HPOS="65" VPOS="931" WIDTH="825" HEIGHT="28">
							<String ID="string_280" HPOS="65" VPOS="932" WIDTH="86" HEIGHT="20" WC="0.96" CONTENT="hämma"/><SP WIDTH="24" VPOS="932" HPOS="151"/>
							<String ID="string_281" HPOS="175" VPOS="932" WIDTH="38" HEIGHT="21" WC="0.93" CONTENT="det"/><SP WIDTH="19" VPOS="932" HPOS="213"/>
							<String ID="string_282" HPOS="232" VPOS="932" WIDTH="62" HEIGHT="25" WC="0.96" CONTENT="onda,"/><SP WIDTH="18" VPOS="932" HPOS="294"/>
							<String ID="string_283" HPOS="312" VPOS="932" WIDTH="39" HEIGHT="21" WC="0.96" CONTENT="och"/><SP WIDTH="15" VPOS="932" HPOS="351"/>
							<String ID="string_284" HPOS="366" VPOS="932" WIDTH="42" HEIGHT="21" WC="0.93" CONTENT="min"/><SP WIDTH="16" VPOS="932" HPOS="408"/>
							<String ID="string_285" HPOS="424" VPOS="931" WIDTH="144" HEIGHT="28" WC="0.92" CONTENT="öfvertygelse"/><SP WIDTH="16" VPOS="931" HPOS="568"/>
							<String ID="string_286" HPOS="584" VPOS="934" WIDTH="24" HEIGHT="19" WC="0.96" CONTENT="är"/><SP WIDTH="16" VPOS="934" HPOS="608"/>
							<String ID="string_287" HPOS="624" VPOS="934" WIDTH="37" HEIGHT="23" WC="0.96" CONTENT="att,"/><SP WIDTH="18" VPOS="934" HPOS="661"/>
							<String ID="string_288" HPOS="679" VPOS="938" WIDTH="34" HEIGHT="15" WC="0.96" CONTENT="om"/><SP WIDTH="16" VPOS="938" HPOS="713"/>
							<String ID="string_289" HPOS="729" VPOS="934" WIDTH="32" HEIGHT="19" WC="0.96" CONTENT="ett"/><SP WIDTH="16" VPOS="934" HPOS="761"/>
							<String ID="string_290" HPOS="777" VPOS="931" WIDTH="61" HEIGHT="22" WC="0.94" CONTENT="straff"/><SP WIDTH="14" VPOS="931" HPOS="838"/>
							<String ID="string_291" HPOS="852" VPOS="932" WIDTH="38" HEIGHT="21" WC="0.96" CONTENT="här"/>
						</TextLine>
						<TextLine ID="line_28" HPOS="64" VPOS="960" WIDTH="827" HEIGHT="27">
							<String ID="string_292" HPOS="64" VPOS="961" WIDTH="111" HEIGHT="20" WC="0.95" CONTENT="användes"/><SP WIDTH="22" VPOS="961" HPOS="175"/>
							<String ID="string_293" HPOS="197" VPOS="960" WIDTH="39" HEIGHT="21" WC="0.96" CONTENT="och"/><SP WIDTH="17" VPOS="960" HPOS="236"/>
							<String ID="string_294" HPOS="253" VPOS="962" WIDTH="32" HEIGHT="19" WC="0.96" CONTENT="ett"/><SP WIDTH="15" VPOS="962" HPOS="285"/>
							<String ID="string_295" HPOS="300" VPOS="960" WIDTH="78" HEIGHT="21" WC="0.96" CONTENT="sådant"/><SP WIDTH="16" VPOS="960" HPOS="378"/>
							<String ID="string_296" HPOS="394" VPOS="960" WIDTH="67" HEIGHT="27" WC="0.96" CONTENT="straff,"/><SP WIDTH="17" VPOS="960" HPOS="461"/>
							<String ID="string_297" HPOS="478" VPOS="967" WIDTH="46" HEIGHT="14" WC="0.95" CONTENT="som"/><SP WIDTH="17" VPOS="967" HPOS="524"/>
							<String ID="string_298" HPOS="541" VPOS="961" WIDTH="38" HEIGHT="20" WC="0.96" CONTENT="vår"/><SP WIDTH="14" VPOS="961" HPOS="579"/>
							<String ID="string_299" HPOS="593" VPOS="961" WIDTH="36" HEIGHT="26" WC="0.93" CONTENT="lag"/><SP WIDTH="15" VPOS="961" HPOS="629"/>
							<String ID="string_300" HPOS="644" VPOS="960" WIDTH="123" HEIGHT="27" WC="0.91" CONTENT="medgifver,"/><SP WIDTH="17" VPOS="960" HPOS="767"/>
							<String ID="string_301" HPOS="784" VPOS="960" WIDTH="36" HEIGHT="21" WC="0.96" CONTENT="det"/><SP WIDTH="15" VPOS="960" HPOS="820"/>
							<String ID="string_302" HPOS="835" VPOS="960" WIDTH="56" HEIGHT="21" WC="0.96" CONTENT="onda"/>
						</TextLine>
						<TextLine ID="line_29" HPOS="65" VPOS="988" WIDTH="386" HEIGHT="27">
							<String ID="string_303" HPOS="65" VPOS="988" WIDTH="72" HEIGHT="21" WC="0.96" CONTENT="skulle"/><SP WIDTH="15" VPOS="988" HPOS="137"/>
							<String ID="string_304" HPOS="152" VPOS="989" WIDTH="6" HEIGHT="20" WC="0.96" CONTENT="i"/><SP WIDTH="17" VPOS="989" HPOS="158"/>
							<String ID="string_305" HPOS="175" VPOS="989" WIDTH="95" HEIGHT="26" WC="0.96" CONTENT="betydlig"/><SP WIDTH="15" VPOS="989" HPOS="270"/>
							<String ID="string_306" HPOS="285" VPOS="989" WIDTH="48" HEIGHT="20" WC="0.95" CONTENT="mån"/><SP WIDTH="16" VPOS="989" HPOS="333"/>
							<String ID="string_307" HPOS="349" VPOS="989" WIDTH="102" HEIGHT="21" WC="0.96" CONTENT="hämmas."/>
						</TextLine>
					</TextBlock>
					<TextBlock ID="block_2" HPOS="64" VPOS="1017" WIDTH="829" HEIGHT="513">
						<TextLine ID="line_30" HPOS="136" VPOS="1017" WIDTH="754" HEIGHT="27">
							<String ID="string_308" HPOS="136" VPOS="1017" WIDTH="71" HEIGHT="21" WC="0.96" CONTENT="Sedan"/><SP WIDTH="17" VPOS="1017" HPOS="207"/>
							<String ID="string_309" HPOS="224" VPOS="1019" WIDTH="63" HEIGHT="25" WC="0.93" CONTENT="säger"/><SP WIDTH="15" VPOS="1019" HPOS="287"/>
							<String ID="string_310" HPOS="302" VPOS="1017" WIDTH="142" HEIGHT="27" WC="0.92" CONTENT="prokuratorn"/><SP WIDTH="17" VPOS="1017" HPOS="444"/>
							<String ID="string_311" HPOS="461" VPOS="1019" WIDTH="33" HEIGHT="19" WC="0.96" CONTENT="att"/><SP WIDTH="15" VPOS="1019" HPOS="494"/>
							<String ID="string_312" HPOS="509" VPOS="1017" WIDTH="43" HEIGHT="21" WC="0.93" CONTENT="han"/><SP WIDTH="15" VPOS="1017" HPOS="552"/>
							<String ID="string_313" HPOS="567" VPOS="1017" WIDTH="48" HEIGHT="22" WC="0.96" CONTENT="icke"/><SP WIDTH="16" VPOS="1017" HPOS="615"/>
							<String ID="string_314" HPOS="631" VPOS="1019" WIDTH="72" HEIGHT="20" WC="0.96" CONTENT="ansett"/><SP WIDTH="15" VPOS="1019" HPOS="703"/>
							<String ID="string_315" HPOS="718" VPOS="1017" WIDTH="33" HEIGHT="27" WC="0.96" CONTENT="sig"/><SP WIDTH="15" VPOS="1017" HPOS="751"/>
							<String ID="string_316" HPOS="766" VPOS="1023" WIDTH="50" HEIGHT="15" WC="0.93" CONTENT="vara"/><SP WIDTH="15" VPOS="1023" HPOS="816"/>
							<String ID="string_317" HPOS="831" VPOS="1017" WIDTH="59" HEIGHT="22" WC="0.92" CONTENT="befo-"/>
						</TextLine>
						<TextLine ID="line_31" HPOS="65" VPOS="1045" WIDTH="828" HEIGHT="28">
							<String ID="string_318" HPOS="65" VPOS="1045" WIDTH="45" HEIGHT="26" WC="0.92" CONTENT="gad"/><SP WIDTH="26" VPOS="1045" HPOS="110"/>
							<String ID="string_319" HPOS="136" VPOS="1047" WIDTH="33" HEIGHT="20" WC="0.95" CONTENT="att"/><SP WIDTH="21" VPOS="1047" HPOS="169"/>
							<String ID="string_320" HPOS="190" VPOS="1047" WIDTH="50" HEIGHT="20" WC="0.96" CONTENT="röra"/><SP WIDTH="21" VPOS="1047" HPOS="240"/>
							<String ID="string_321" HPOS="261" VPOS="1045" WIDTH="35" HEIGHT="22" WC="0.96" CONTENT="vid"/><SP WIDTH="21" VPOS="1045" HPOS="296"/>
							<String ID="string_322" HPOS="317" VPOS="1046" WIDTH="69" HEIGHT="21" WC="0.96" CONTENT="denna"/><SP WIDTH="22" VPOS="1046" HPOS="386"/>
							<String ID="string_323" HPOS="408" VPOS="1046" WIDTH="44" HEIGHT="27" WC="0.96" CONTENT="sak,"/><SP WIDTH="18" VPOS="1046" HPOS="452"/>
							<String ID="string_324" HPOS="470" VPOS="1045" WIDTH="72" HEIGHT="22" WC="0.96" CONTENT="derför"/><SP WIDTH="16" VPOS="1045" HPOS="542"/>
							<String ID="string_325" HPOS="558" VPOS="1048" WIDTH="33" HEIGHT="19" WC="0.96" CONTENT="att"/><SP WIDTH="16" VPOS="1048" HPOS="591"/>
							<String ID="string_326" HPOS="607" VPOS="1046" WIDTH="39" HEIGHT="21" WC="0.96" CONTENT="den"/><SP WIDTH="17" VPOS="1046" HPOS="646"/>
							<String ID="string_327" HPOS="663" VPOS="1048" WIDTH="25" HEIGHT="19" WC="0.96" CONTENT="är"/><SP WIDTH="15" VPOS="1048" HPOS="688"/>
							<String ID="string_328" HPOS="703" VPOS="1046" WIDTH="152" HEIGHT="21" WC="0.95" CONTENT="sanktionerad"/><SP WIDTH="15" VPOS="1046" HPOS="855"/>
							<String ID="string_329" HPOS="870" VPOS="1045" WIDTH="23" HEIGHT="22" WC="0.96" CONTENT="af"/>
						</TextLine>
						<TextLine ID="line_32" HPOS="65" VPOS="1074" WIDTH="826" HEIGHT="27">
							<String ID="string_330" HPOS="65" VPOS="1074" WIDTH="54" HEIGHT="27" WC="0.91" CONTENT="kejs."/><SP WIDTH="24" VPOS="1074" HPOS="119"/>
							<String ID="string_331" HPOS="143" VPOS="1077" WIDTH="97" HEIGHT="23" WC="0.96" CONTENT="senaten,"/><SP WIDTH="20" VPOS="1077" HPOS="240"/>
							<String ID="string_332" HPOS="260" VPOS="1081" WIDTH="46" HEIGHT="14" WC="0.93" CONTENT="som"/><SP WIDTH="20" VPOS="1081" HPOS="306"/>
							<String ID="string_333" HPOS="326" VPOS="1074" WIDTH="102" HEIGHT="22" WC="0.92" CONTENT="anbefallt"/><SP WIDTH="15" VPOS="1074" HPOS="428"/>
							<String ID="string_334" HPOS="443" VPOS="1075" WIDTH="221" HEIGHT="26" WC="0.91" CONTENT="medicinalstyrelsen"/><SP WIDTH="16" VPOS="1075" HPOS="664"/>
							<String ID="string_335" HPOS="680" VPOS="1075" WIDTH="40" HEIGHT="21" WC="0.95" CONTENT="och"/><SP WIDTH="16" VPOS="1075" HPOS="720"/>
							<String ID="string_336" HPOS="736" VPOS="1075" WIDTH="132" HEIGHT="26" WC="0.95" CONTENT="guvernören"/><SP WIDTH="16" VPOS="1075" HPOS="868"/>
							<String ID="string_337" HPOS="884" VPOS="1074" WIDTH="7" HEIGHT="21" WC="0.95" CONTENT="i"/>
						</TextLine>
						<TextLine ID="line_33" HPOS="65" VPOS="1102" WIDTH="825" HEIGHT="28">
							<String ID="string_338" HPOS="65" VPOS="1102" WIDTH="96" HEIGHT="27" WC="0.96" CONTENT="Nylands"/><SP WIDTH="16" VPOS="1102" HPOS="161"/>
							<String ID="string_339" HPOS="177" VPOS="1103" WIDTH="35" HEIGHT="21" WC="0.96" CONTENT="län"/><SP WIDTH="16" VPOS="1103" HPOS="212"/>
							<String ID="string_340" HPOS="228" VPOS="1105" WIDTH="33" HEIGHT="18" WC="0.96" CONTENT="att"/><SP WIDTH="15" VPOS="1105" HPOS="261"/>
							<String ID="string_341" HPOS="276" VPOS="1103" WIDTH="86" HEIGHT="27" WC="0.96" CONTENT="vidtaga"/><SP WIDTH="16" VPOS="1103" HPOS="362"/>
							<String ID="string_342" HPOS="378" VPOS="1103" WIDTH="101" HEIGHT="27" WC="0.96" CONTENT="åtgärder"/><SP WIDTH="16" VPOS="1103" HPOS="479"/>
							<String ID="string_343" HPOS="495" VPOS="1109" WIDTH="35" HEIGHT="15" WC="0.93" CONTENT="om"/><SP WIDTH="17" VPOS="1109" HPOS="530"/>
							<String ID="string_344" HPOS="547" VPOS="1103" WIDTH="155" HEIGHT="27" WC="0.92" CONTENT="besigtningen."/><SP WIDTH="26" VPOS="1103" HPOS="702"/>
							<String ID="string_345" HPOS="728" VPOS="1103" WIDTH="41" HEIGHT="27" WC="0.96" CONTENT="Jag"/><SP WIDTH="15" VPOS="1103" HPOS="769"/>
							<String ID="string_346" HPOS="784" VPOS="1103" WIDTH="38" HEIGHT="21" WC="0.93" CONTENT="har"/><SP WIDTH="13" VPOS="1103" HPOS="822"/>
							<String ID="string_347" HPOS="835" VPOS="1102" WIDTH="55" HEIGHT="22" WC="0.92" CONTENT="före-"/>
						</TextLine>
						<TextLine ID="line_34" HPOS="65" VPOS="1131" WIDTH="825" HEIGHT="28">
							<String ID="string_348" HPOS="65" VPOS="1131" WIDTH="64" HEIGHT="21" WC="0.96" CONTENT="ställt"/><SP WIDTH="14" VPOS="1131" HPOS="129"/>
							<String ID="string_349" HPOS="143" VPOS="1131" WIDTH="44" HEIGHT="27" WC="0.96" CONTENT="mig"/><SP WIDTH="16" VPOS="1131" HPOS="187"/>
							<String ID="string_350" HPOS="203" VPOS="1133" WIDTH="32" HEIGHT="19" WC="0.92" CONTENT="att"/><SP WIDTH="15" VPOS="1133" HPOS="235"/>
							<String ID="string_351" HPOS="250" VPOS="1131" WIDTH="237" HEIGHT="28" WC="0.91" CONTENT="prokuratorsembetet"/><SP WIDTH="16" VPOS="1131" HPOS="487"/>
							<String ID="string_352" HPOS="503" VPOS="1134" WIDTH="24" HEIGHT="19" WC="0.96" CONTENT="är"/><SP WIDTH="16" VPOS="1134" HPOS="527"/>
							<String ID="string_353" HPOS="543" VPOS="1132" WIDTH="32" HEIGHT="21" WC="0.96" CONTENT="till"/><SP WIDTH="15" VPOS="1132" HPOS="575"/>
							<String ID="string_354" HPOS="590" VPOS="1132" WIDTH="33" HEIGHT="21" WC="0.96" CONTENT="för"/><SP WIDTH="15" VPOS="1132" HPOS="623"/>
							<String ID="string_355" HPOS="638" VPOS="1134" WIDTH="32" HEIGHT="19" WC="0.96" CONTENT="att"/><SP WIDTH="11" VPOS="1134" HPOS="670"/>
							<String ID="string_356" HPOS="681" VPOS="1138" WIDTH="57" HEIGHT="21" WC="0.96" CONTENT="vara,"/><SP WIDTH="10" VPOS="1138" HPOS="738"/>
							<String ID="string_357" HPOS="748" VPOS="1132" WIDTH="76" HEIGHT="21" WC="0.92" CONTENT="liksom"/><SP WIDTH="12" VPOS="1132" HPOS="824"/>
							<String ID="string_358" HPOS="836" VPOS="1137" WIDTH="54" HEIGHT="16" WC="0.90" CONTENT="sam-"/>
						</TextLine>
						<TextLine ID="line_35" HPOS="65" VPOS="1160" WIDTH="825" HEIGHT="27">
							<String ID="string_359" HPOS="65" VPOS="1161" WIDTH="61" HEIGHT="20" WC="0.96" CONTENT="vetet"/><SP WIDTH="15" VPOS="1161" HPOS="126"/>
							<String ID="string_360" HPOS="141" VPOS="1160" WIDTH="40" HEIGHT="21" WC="0.96" CONTENT="hos"/><SP WIDTH="16" VPOS="1160" HPOS="181"/>
							<String ID="string_361" HPOS="197" VPOS="1161" WIDTH="40" HEIGHT="20" WC="0.96" CONTENT="den"/><SP WIDTH="17" VPOS="1161" HPOS="237"/>
							<String ID="string_362" HPOS="254" VPOS="1160" WIDTH="103" HEIGHT="26" WC="0.95" CONTENT="enskilde,"/><SP WIDTH="17" VPOS="1160" HPOS="357"/>
							<String ID="string_363" HPOS="374" VPOS="1162" WIDTH="82" HEIGHT="19" WC="0.96" CONTENT="statens"/><SP WIDTH="17" VPOS="1162" HPOS="456"/>
							<String ID="string_364" HPOS="473" VPOS="1163" WIDTH="97" HEIGHT="19" WC="0.96" CONTENT="samvete"/><SP WIDTH="16" VPOS="1163" HPOS="570"/>
							<String ID="string_365" HPOS="586" VPOS="1161" WIDTH="40" HEIGHT="21" WC="0.96" CONTENT="och"/><SP WIDTH="16" VPOS="1161" HPOS="626"/>
							<String ID="string_366" HPOS="642" VPOS="1161" WIDTH="37" HEIGHT="21" WC="0.96" CONTENT="det"/><SP WIDTH="15" VPOS="1161" HPOS="679"/>
							<String ID="string_367" HPOS="694" VPOS="1163" WIDTH="24" HEIGHT="18" WC="0.96" CONTENT="är"/><SP WIDTH="14" VPOS="1163" HPOS="718"/>
							<String ID="string_368" HPOS="732" VPOS="1161" WIDTH="54" HEIGHT="21" WC="0.93" CONTENT="hans"/><SP WIDTH="12" VPOS="1161" HPOS="786"/>
							<String ID="string_369" HPOS="798" VPOS="1160" WIDTH="92" HEIGHT="27" WC="0.92" CONTENT="skyldig-"/>
						</TextLine>
						<TextLine ID="line_36" HPOS="65" VPOS="1188" WIDTH="826" HEIGHT="27">
							<String ID="string_370" HPOS="65" VPOS="1188" WIDTH="40" HEIGHT="21" WC="0.95" CONTENT="het"/><SP WIDTH="14" VPOS="1188" HPOS="105"/>
							<String ID="string_371" HPOS="119" VPOS="1190" WIDTH="33" HEIGHT="19" WC="0.93" CONTENT="att"/><SP WIDTH="15" VPOS="1190" HPOS="152"/>
							<String ID="string_372" HPOS="167" VPOS="1188" WIDTH="113" HEIGHT="22" WC="0.91" CONTENT="öfvervaka"/><SP WIDTH="16" VPOS="1188" HPOS="280"/>
							<String ID="string_373" HPOS="296" VPOS="1189" WIDTH="37" HEIGHT="21" WC="0.96" CONTENT="det"/><SP WIDTH="15" VPOS="1189" HPOS="333"/>
							<String ID="string_374" HPOS="348" VPOS="1191" WIDTH="32" HEIGHT="19" WC="0.96" CONTENT="att"/><SP WIDTH="15" VPOS="1191" HPOS="380"/>
							<String ID="string_375" HPOS="395" VPOS="1189" WIDTH="47" HEIGHT="21" WC="0.96" CONTENT="icke"/><SP WIDTH="11" VPOS="1189" HPOS="442"/>
							<String ID="string_376" HPOS="453" VPOS="1189" WIDTH="6" HEIGHT="21" WC="0.96" CONTENT="i"/><SP WIDTH="12" VPOS="1189" HPOS="459"/>
							<String ID="string_377" HPOS="471" VPOS="1189" WIDTH="67" HEIGHT="26" WC="0.96" CONTENT="något"/><SP WIDTH="11" VPOS="1189" HPOS="538"/>
							<String ID="string_378" HPOS="549" VPOS="1189" WIDTH="36" HEIGHT="21" WC="0.93" CONTENT="fall"/><SP WIDTH="8" VPOS="1189" HPOS="585"/>
							<String ID="string_379" HPOS="593" VPOS="1189" WIDTH="96" HEIGHT="22" WC="0.92" CONTENT="hvarken"/><SP WIDTH="7" VPOS="1189" HPOS="689"/>
							<String ID="string_380" HPOS="696" VPOS="1189" WIDTH="68" HEIGHT="26" WC="0.96" CONTENT="högre"/><SP WIDTH="9" VPOS="1189" HPOS="764"/>
							<String ID="string_381" HPOS="773" VPOS="1189" WIDTH="51" HEIGHT="23" WC="0.96" CONTENT="eller"/><SP WIDTH="8" VPOS="1189" HPOS="824"/>
							<String ID="string_382" HPOS="832" VPOS="1189" WIDTH="59" HEIGHT="26" WC="0.95" CONTENT="lägre"/>
						</TextLine>
						<TextLine ID="line_37" HPOS="67" VPOS="1217" WIDTH="824" HEIGHT="28">
							<String ID="string_383" HPOS="67" VPOS="1217" WIDTH="146" HEIGHT="21" WC="0.96" CONTENT="auktoriteter"/><SP WIDTH="15" VPOS="1217" HPOS="213"/>
							<String ID="string_384" HPOS="228" VPOS="1217" WIDTH="34" HEIGHT="21" WC="0.96" CONTENT="må"/><SP WIDTH="16" VPOS="1217" HPOS="262"/>
							<String ID="string_385" HPOS="278" VPOS="1217" WIDTH="78" HEIGHT="22" WC="0.95" CONTENT="handla"/><SP WIDTH="15" VPOS="1217" HPOS="356"/>
							<String ID="string_386" HPOS="371" VPOS="1219" WIDTH="45" HEIGHT="20" WC="0.95" CONTENT="mot"/><SP WIDTH="15" VPOS="1219" HPOS="416"/>
							<String ID="string_387" HPOS="431" VPOS="1217" WIDTH="99" HEIGHT="27" WC="0.96" CONTENT="gällande"/><SP WIDTH="16" VPOS="1217" HPOS="530"/>
							<String ID="string_388" HPOS="546" VPOS="1218" WIDTH="41" HEIGHT="26" WC="0.96" CONTENT="lag."/><SP WIDTH="24" VPOS="1218" HPOS="587"/>
							<String ID="string_389" HPOS="611" VPOS="1218" WIDTH="41" HEIGHT="26" WC="0.96" CONTENT="Jag"/><SP WIDTH="15" VPOS="1218" HPOS="652"/>
							<String ID="string_390" HPOS="667" VPOS="1218" WIDTH="42" HEIGHT="21" WC="0.96" CONTENT="kan"/><SP WIDTH="11" VPOS="1218" HPOS="709"/>
							<String ID="string_391" HPOS="720" VPOS="1217" WIDTH="115" HEIGHT="28" WC="0.96" CONTENT="ingalunda"/><SP WIDTH="12" VPOS="1217" HPOS="835"/>
							<String ID="string_392" HPOS="847" VPOS="1218" WIDTH="44" HEIGHT="21" WC="0.96" CONTENT="låta"/>
						</TextLine>
						<TextLine ID="line_38" HPOS="64" VPOS="1245" WIDTH="828" HEIGHT="28">
							<String ID="string_393" HPOS="64" VPOS="1245" WIDTH="113" HEIGHT="28" WC="0.88" CONTENT="öfvertyga"/><SP WIDTH="22" VPOS="1245" HPOS="177"/>
							<String ID="string_394" HPOS="199" VPOS="1246" WIDTH="43" HEIGHT="26" WC="0.95" CONTENT="mig"/><SP WIDTH="23" VPOS="1246" HPOS="242"/>
							<String ID="string_395" HPOS="265" VPOS="1245" WIDTH="72" HEIGHT="22" WC="0.95" CONTENT="derom"/><SP WIDTH="23" VPOS="1245" HPOS="337"/>
							<String ID="string_396" HPOS="360" VPOS="1248" WIDTH="33" HEIGHT="19" WC="0.95" CONTENT="att"/><SP WIDTH="20" VPOS="1248" HPOS="393"/>
							<String ID="string_397" HPOS="413" VPOS="1247" WIDTH="47" HEIGHT="20" WC="0.96" CONTENT="icke"/><SP WIDTH="21" VPOS="1247" HPOS="460"/>
							<String ID="string_398" HPOS="481" VPOS="1247" WIDTH="38" HEIGHT="20" WC="0.96" CONTENT="vår"/><SP WIDTH="15" VPOS="1247" HPOS="519"/>
							<String ID="string_399" HPOS="534" VPOS="1247" WIDTH="37" HEIGHT="26" WC="0.96" CONTENT="lag"/><SP WIDTH="15" VPOS="1247" HPOS="571"/>
							<String ID="string_400" HPOS="586" VPOS="1247" WIDTH="68" HEIGHT="20" WC="0.96" CONTENT="skulle"/><SP WIDTH="16" VPOS="1247" HPOS="654"/>
							<String ID="string_401" HPOS="670" VPOS="1247" WIDTH="109" HEIGHT="21" WC="0.96" CONTENT="bestämdt"/><SP WIDTH="15" VPOS="1247" HPOS="779"/>
							<String ID="string_402" HPOS="794" VPOS="1246" WIDTH="98" HEIGHT="27" WC="0.95" CONTENT="förbjuda"/>
						</TextLine>
						<TextLine ID="line_39" HPOS="66" VPOS="1273" WIDTH="826" HEIGHT="28">
							<String ID="string_403" HPOS="66" VPOS="1273" WIDTH="125" HEIGHT="22" WC="0.92" CONTENT="skörlefnad"/><SP WIDTH="16" VPOS="1273" HPOS="191"/>
							<String ID="string_404" HPOS="207" VPOS="1275" WIDTH="39" HEIGHT="20" WC="0.96" CONTENT="och"/><SP WIDTH="16" VPOS="1275" HPOS="246"/>
							<String ID="string_405" HPOS="262" VPOS="1275" WIDTH="69" HEIGHT="21" WC="0.96" CONTENT="otukt."/><SP WIDTH="25" VPOS="1275" HPOS="331"/>
							<String ID="string_406" HPOS="356" VPOS="1275" WIDTH="41" HEIGHT="26" WC="0.96" CONTENT="Jag"/><SP WIDTH="16" VPOS="1275" HPOS="397"/>
							<String ID="string_407" HPOS="413" VPOS="1275" WIDTH="39" HEIGHT="21" WC="0.95" CONTENT="har"/><SP WIDTH="15" VPOS="1275" HPOS="452"/>
							<String ID="string_408" HPOS="467" VPOS="1275" WIDTH="126" HEIGHT="26" WC="0.95" CONTENT="visserligen"/><SP WIDTH="16" VPOS="1275" HPOS="593"/>
							<String ID="string_409" HPOS="609" VPOS="1281" WIDTH="28" HEIGHT="15" WC="0.96" CONTENT="nu"/><SP WIDTH="16" VPOS="1281" HPOS="637"/>
							<String ID="string_410" HPOS="653" VPOS="1275" WIDTH="49" HEIGHT="21" WC="0.96" CONTENT="med"/><SP WIDTH="15" VPOS="1275" HPOS="702"/>
							<String ID="string_411" HPOS="717" VPOS="1275" WIDTH="114" HEIGHT="22" WC="0.95" CONTENT="förundran"/><SP WIDTH="11" VPOS="1275" HPOS="831"/>
							<String ID="string_412" HPOS="842" VPOS="1275" WIDTH="50" HEIGHT="21" WC="0.96" CONTENT="hört"/>
						</TextLine>
						<TextLine ID="line_40" HPOS="65" VPOS="1302" WIDTH="827" HEIGHT="29">
							<String ID="string_413" HPOS="65" VPOS="1302" WIDTH="111" HEIGHT="27" WC="0.96" CONTENT="professor"/><SP WIDTH="15" VPOS="1302" HPOS="176"/>
							<String ID="string_414" HPOS="191" VPOS="1303" WIDTH="103" HEIGHT="21" WC="0.93" CONTENT="Forsman"/><SP WIDTH="16" VPOS="1303" HPOS="294"/>
							<String ID="string_415" HPOS="310" VPOS="1303" WIDTH="88" HEIGHT="26" WC="0.92" CONTENT="utlägga"/><SP WIDTH="16" VPOS="1303" HPOS="398"/>
							<String ID="string_416" HPOS="414" VPOS="1305" WIDTH="32" HEIGHT="19" WC="0.96" CONTENT="att"/><SP WIDTH="17" VPOS="1305" HPOS="446"/>
							<String ID="string_417" HPOS="463" VPOS="1305" WIDTH="34" HEIGHT="20" WC="0.96" CONTENT="57:"/><SP WIDTH="17" VPOS="1305" HPOS="497"/>
							<String ID="string_418" HPOS="514" VPOS="1305" WIDTH="13" HEIGHT="19" WC="0.93" CONTENT="2"/><SP WIDTH="18" VPOS="1305" HPOS="527"/>
							<String ID="string_419" HPOS="545" VPOS="1304" WIDTH="27" HEIGHT="21" WC="0.90" CONTENT="M."/><SP WIDTH="11" VPOS="1304" HPOS="572"/>
							<String ID="string_420" HPOS="583" VPOS="1303" WIDTH="24" HEIGHT="22" WC="0.89" CONTENT="B."/><SP WIDTH="12" VPOS="1303" HPOS="607"/>
							<String ID="string_421" HPOS="619" VPOS="1304" WIDTH="47" HEIGHT="21" WC="0.96" CONTENT="icke"/><SP WIDTH="9" VPOS="1304" HPOS="666"/>
							<String ID="string_422" HPOS="675" VPOS="1303" WIDTH="40" HEIGHT="22" WC="0.95" CONTENT="har"/><SP WIDTH="8" VPOS="1303" HPOS="715"/>
							<String ID="string_423" HPOS="723" VPOS="1304" WIDTH="69" HEIGHT="26" WC="0.93" CONTENT="någon"/><SP WIDTH="9" VPOS="1304" HPOS="792"/>
							<String ID="string_424" HPOS="801" VPOS="1303" WIDTH="91" HEIGHT="28" WC="0.91" CONTENT="tillämp-"/>
						</TextLine>
						<TextLine ID="line_41" HPOS="66" VPOS="1331" WIDTH="825" HEIGHT="28">
							<String ID="string_425" HPOS="66" VPOS="1331" WIDTH="69" HEIGHT="26" WC="0.96" CONTENT="lighet"/><SP WIDTH="19" VPOS="1331" HPOS="135"/>
							<String ID="string_426" HPOS="154" VPOS="1331" WIDTH="6" HEIGHT="21" WC="0.96" CONTENT="i"/><SP WIDTH="20" VPOS="1331" HPOS="160"/>
							<String ID="string_427" HPOS="180" VPOS="1331" WIDTH="140" HEIGHT="22" WC="0.96" CONTENT="förevarande"/><SP WIDTH="16" VPOS="1331" HPOS="320"/>
							<String ID="string_428" HPOS="336" VPOS="1331" WIDTH="42" HEIGHT="26" WC="0.95" CONTENT="fall,"/><SP WIDTH="17" VPOS="1331" HPOS="378"/>
							<String ID="string_429" HPOS="395" VPOS="1332" WIDTH="68" HEIGHT="21" WC="0.96" CONTENT="ehuru"/><SP WIDTH="12" VPOS="1332" HPOS="463"/>
							<String ID="string_430" HPOS="475" VPOS="1332" WIDTH="38" HEIGHT="27" WC="0.96" CONTENT="jag"/><SP WIDTH="15" VPOS="1332" HPOS="513"/>
							<String ID="string_431" HPOS="528" VPOS="1332" WIDTH="49" HEIGHT="21" WC="0.96" CONTENT="icke"/><SP WIDTH="16" VPOS="1332" HPOS="577"/>
							<String ID="string_432" HPOS="593" VPOS="1335" WIDTH="36" HEIGHT="18" WC="0.96" CONTENT="vet"/><SP WIDTH="15" VPOS="1335" HPOS="629"/>
							<String ID="string_433" HPOS="644" VPOS="1332" WIDTH="86" HEIGHT="21" WC="0.96" CONTENT="hvarför"/><SP WIDTH="15" VPOS="1332" HPOS="730"/>
							<String ID="string_434" HPOS="745" VPOS="1339" WIDTH="49" HEIGHT="14" WC="0.93" CONTENT="man"/><SP WIDTH="15" VPOS="1339" HPOS="794"/>
							<String ID="string_435" HPOS="809" VPOS="1332" WIDTH="82" HEIGHT="21" WC="0.91" CONTENT="undan-"/>
						</TextLine>
						<TextLine ID="line_42" HPOS="65" VPOS="1359" WIDTH="827" HEIGHT="28">
							<String ID="string_436" HPOS="65" VPOS="1359" WIDTH="85" HEIGHT="27" WC="0.96" CONTENT="skjuter"/><SP WIDTH="24" VPOS="1359" HPOS="150"/>
							<String ID="string_437" HPOS="174" VPOS="1360" WIDTH="69" HEIGHT="21" WC="0.96" CONTENT="denna"/><SP WIDTH="20" VPOS="1360" HPOS="243"/>
							<String ID="string_438" HPOS="263" VPOS="1360" WIDTH="105" HEIGHT="27" WC="0.94" CONTENT="paragraf,"/><SP WIDTH="17" VPOS="1360" HPOS="368"/>
							<String ID="string_439" HPOS="385" VPOS="1362" WIDTH="22" HEIGHT="25" WC="0.96" CONTENT="ty"/><SP WIDTH="17" VPOS="1362" HPOS="407"/>
							<String ID="string_440" HPOS="424" VPOS="1361" WIDTH="37" HEIGHT="21" WC="0.96" CONTENT="det"/><SP WIDTH="15" VPOS="1361" HPOS="461"/>
							<String ID="string_441" HPOS="476" VPOS="1361" WIDTH="45" HEIGHT="20" WC="0.96" CONTENT="står"/><SP WIDTH="14" VPOS="1361" HPOS="521"/>
							<String ID="string_442" HPOS="535" VPOS="1361" WIDTH="24" HEIGHT="26" WC="0.96" CONTENT="ju"/><SP WIDTH="16" VPOS="1361" HPOS="559"/>
							<String ID="string_443" HPOS="575" VPOS="1361" WIDTH="48" HEIGHT="21" WC="0.96" CONTENT="icke"/><SP WIDTH="15" VPOS="1361" HPOS="623"/>
							<String ID="string_444" HPOS="638" VPOS="1361" WIDTH="6" HEIGHT="20" WC="0.96" CONTENT="i"/><SP WIDTH="15" VPOS="1361" HPOS="644"/>
							<String ID="string_445" HPOS="659" VPOS="1361" WIDTH="63" HEIGHT="26" WC="0.96" CONTENT="lagen"/><SP WIDTH="16" VPOS="1361" HPOS="722"/>
							<String ID="string_446" HPOS="738" VPOS="1363" WIDTH="33" HEIGHT="19" WC="0.96" CONTENT="att"/><SP WIDTH="15" VPOS="1363" HPOS="771"/>
							<String ID="string_447" HPOS="786" VPOS="1361" WIDTH="37" HEIGHT="21" WC="0.96" CONTENT="det"/><SP WIDTH="15" VPOS="1361" HPOS="823"/>
							<String ID="string_448" HPOS="838" VPOS="1361" WIDTH="54" HEIGHT="21" WC="0.96" CONTENT="skall"/>
						</TextLine>
						<TextLine ID="line_43" HPOS="65" VPOS="1388" WIDTH="827" HEIGHT="28">
							<String ID="string_449" HPOS="65" VPOS="1395" WIDTH="54" HEIGHT="14" WC="0.95" CONTENT="vara"/><SP WIDTH="14" VPOS="1395" HPOS="119"/>
							<String ID="string_450" HPOS="133" VPOS="1388" WIDTH="25" HEIGHT="21" WC="0.96" CONTENT="så"/><SP WIDTH="15" VPOS="1388" HPOS="158"/>
							<String ID="string_451" HPOS="173" VPOS="1388" WIDTH="53" HEIGHT="21" WC="0.96" CONTENT="eller"/><SP WIDTH="15" VPOS="1388" HPOS="226"/>
							<String ID="string_452" HPOS="241" VPOS="1389" WIDTH="24" HEIGHT="20" WC="0.96" CONTENT="så"/><SP WIDTH="15" VPOS="1389" HPOS="265"/>
							<String ID="string_453" HPOS="280" VPOS="1389" WIDTH="76" HEIGHT="26" WC="0.96" CONTENT="många"/><SP WIDTH="15" VPOS="1389" HPOS="356"/>
							<String ID="string_454" HPOS="371" VPOS="1395" WIDTH="110" HEIGHT="20" WC="0.96" CONTENT="personer,"/><SP WIDTH="17" VPOS="1395" HPOS="481"/>
							<String ID="string_455" HPOS="498" VPOS="1389" WIDTH="54" HEIGHT="21" WC="0.96" CONTENT="eller"/><SP WIDTH="15" VPOS="1389" HPOS="552"/>
							<String ID="string_456" HPOS="567" VPOS="1391" WIDTH="32" HEIGHT="20" WC="0.96" CONTENT="att"/><SP WIDTH="15" VPOS="1391" HPOS="599"/>
							<String ID="string_457" HPOS="614" VPOS="1389" WIDTH="63" HEIGHT="27" WC="0.96" CONTENT="lagen"/><SP WIDTH="17" VPOS="1389" HPOS="677"/>
							<String ID="string_458" HPOS="694" VPOS="1390" WIDTH="76" HEIGHT="21" WC="0.93" CONTENT="endast"/><SP WIDTH="16" VPOS="1390" HPOS="770"/>
							<String ID="string_459" HPOS="786" VPOS="1389" WIDTH="56" HEIGHT="22" WC="0.90" CONTENT="afser"/><SP WIDTH="13" VPOS="1389" HPOS="842"/>
							<String ID="string_460" HPOS="855" VPOS="1389" WIDTH="37" HEIGHT="21" WC="0.92" CONTENT="ka-"/>
						</TextLine>
						<TextLine ID="line_44" HPOS="65" VPOS="1417" WIDTH="827" HEIGHT="28">
							<String ID="string_461" HPOS="65" VPOS="1417" WIDTH="96" HEIGHT="20" WC="0.91" CONTENT="sernlika"/><SP WIDTH="16" VPOS="1417" HPOS="161"/>
							<String ID="string_462" HPOS="177" VPOS="1417" WIDTH="119" HEIGHT="27" WC="0.90" CONTENT="glädjehus,"/><SP WIDTH="16" VPOS="1417" HPOS="296"/>
							<String ID="string_463" HPOS="312" VPOS="1417" WIDTH="32" HEIGHT="22" WC="0.96" CONTENT="för"/><SP WIDTH="16" VPOS="1417" HPOS="344"/>
							<String ID="string_464" HPOS="360" VPOS="1419" WIDTH="32" HEIGHT="19" WC="0.96" CONTENT="att"/><SP WIDTH="16" VPOS="1419" HPOS="392"/>
							<String ID="string_465" HPOS="408" VPOS="1417" WIDTH="70" HEIGHT="22" WC="0.93" CONTENT="denna"/><SP WIDTH="15" VPOS="1417" HPOS="478"/>
							<String ID="string_466" HPOS="493" VPOS="1417" WIDTH="11" HEIGHT="27" WC="0.91" CONTENT="&amp;"/><SP WIDTH="17" VPOS="1417" HPOS="504"/>
							<String ID="string_467" HPOS="521" VPOS="1418" WIDTH="56" HEIGHT="21" WC="0.95" CONTENT="skall"/><SP WIDTH="10" VPOS="1418" HPOS="577"/>
							<String ID="string_468" HPOS="587" VPOS="1418" WIDTH="72" HEIGHT="21" WC="0.95" CONTENT="kunna"/><SP WIDTH="8" VPOS="1418" HPOS="659"/>
							<String ID="string_469" HPOS="667" VPOS="1418" WIDTH="114" HEIGHT="27" WC="0.95" CONTENT="tillämpas,"/><SP WIDTH="10" VPOS="1418" HPOS="781"/>
							<String ID="string_470" HPOS="791" VPOS="1419" WIDTH="51" HEIGHT="20" WC="0.96" CONTENT="utan"/><SP WIDTH="10" VPOS="1419" HPOS="842"/>
							<String ID="string_471" HPOS="852" VPOS="1418" WIDTH="40" HEIGHT="21" WC="0.96" CONTENT="den"/>
						</TextLine>
						<TextLine ID="line_45" HPOS="65" VPOS="1445" WIDTH="827" HEIGHT="28">
							<String ID="string_472" HPOS="65" VPOS="1445" WIDTH="70" HEIGHT="26" WC="0.96" CONTENT="gäller"/><SP WIDTH="18" VPOS="1445" HPOS="135"/>
							<String ID="string_473" HPOS="153" VPOS="1445" WIDTH="42" HEIGHT="21" WC="0.96" CONTENT="alla"/><SP WIDTH="16" VPOS="1445" HPOS="195"/>
							<String ID="string_474" HPOS="211" VPOS="1445" WIDTH="81" HEIGHT="22" WC="0.95" CONTENT="sådana"/><SP WIDTH="14" VPOS="1445" HPOS="292"/>
							<String ID="string_475" HPOS="306" VPOS="1452" WIDTH="110" HEIGHT="20" WC="0.96" CONTENT="personer,"/><SP WIDTH="16" VPOS="1452" HPOS="416"/>
							<String ID="string_476" HPOS="432" VPOS="1452" WIDTH="46" HEIGHT="15" WC="0.96" CONTENT="som"/><SP WIDTH="16" VPOS="1452" HPOS="478"/>
							<String ID="string_477" HPOS="494" VPOS="1447" WIDTH="169" HEIGHT="26" WC="0.93" CONTENT="uppenbarligen"/><SP WIDTH="17" VPOS="1447" HPOS="663"/>
							<String ID="string_478" HPOS="680" VPOS="1447" WIDTH="68" HEIGHT="21" WC="0.92" CONTENT="drifva"/><SP WIDTH="15" VPOS="1447" HPOS="748"/>
							<String ID="string_479" HPOS="763" VPOS="1447" WIDTH="78" HEIGHT="21" WC="0.93" CONTENT="sådant"/><SP WIDTH="15" VPOS="1447" HPOS="841"/>
							<String ID="string_480" HPOS="856" VPOS="1448" WIDTH="36" HEIGHT="19" WC="0.88" CONTENT="nä-"/>
						</TextLine>
						<TextLine ID="line_46" HPOS="65" VPOS="1473" WIDTH="827" HEIGHT="28">
							<String ID="string_481" HPOS="65" VPOS="1473" WIDTH="118" HEIGHT="27" WC="0.91" CONTENT="ringsfäng."/><SP WIDTH="31" VPOS="1473" HPOS="183"/>
							<String ID="string_482" HPOS="214" VPOS="1474" WIDTH="77" HEIGHT="21" WC="0.90" CONTENT="Derför"/><SP WIDTH="21" VPOS="1474" HPOS="291"/>
							<String ID="string_483" HPOS="312" VPOS="1474" WIDTH="80" HEIGHT="26" WC="0.95" CONTENT="förstår"/><SP WIDTH="20" VPOS="1474" HPOS="392"/>
							<String ID="string_484" HPOS="412" VPOS="1474" WIDTH="37" HEIGHT="27" WC="0.96" CONTENT="jag"/><SP WIDTH="22" VPOS="1474" HPOS="449"/>
							<String ID="string_485" HPOS="471" VPOS="1475" WIDTH="48" HEIGHT="21" WC="0.96" CONTENT="icke"/><SP WIDTH="22" VPOS="1475" HPOS="519"/>
							<String ID="string_486" HPOS="541" VPOS="1475" WIDTH="55" HEIGHT="21" WC="0.96" CONTENT="huru"/><SP WIDTH="20" VPOS="1475" HPOS="596"/>
							<String ID="string_487" HPOS="616" VPOS="1481" WIDTH="47" HEIGHT="14" WC="0.96" CONTENT="man"/><SP WIDTH="15" VPOS="1481" HPOS="663"/>
							<String ID="string_488" HPOS="678" VPOS="1475" WIDTH="43" HEIGHT="21" WC="0.96" CONTENT="kan"/><SP WIDTH="15" VPOS="1475" HPOS="721"/>
							<String ID="string_489" HPOS="736" VPOS="1476" WIDTH="53" HEIGHT="25" WC="0.96" CONTENT="säga"/><SP WIDTH="15" VPOS="1476" HPOS="789"/>
							<String ID="string_490" HPOS="804" VPOS="1477" WIDTH="32" HEIGHT="19" WC="0.96" CONTENT="att"/><SP WIDTH="16" VPOS="1477" HPOS="836"/>
							<String ID="string_491" HPOS="852" VPOS="1475" WIDTH="40" HEIGHT="20" WC="0.96" CONTENT="den"/>
						</TextLine>
						<TextLine ID="line_47" HPOS="65" VPOS="1502" WIDTH="828" HEIGHT="28">
							<String ID="string_492" HPOS="65" VPOS="1502" WIDTH="128" HEIGHT="26" WC="0.96" CONTENT="paragrafen"/><SP WIDTH="24" VPOS="1502" HPOS="193"/>
							<String ID="string_493" HPOS="217" VPOS="1502" WIDTH="47" HEIGHT="22" WC="0.96" CONTENT="icke"/><SP WIDTH="24" VPOS="1502" HPOS="264"/>
							<String ID="string_494" HPOS="288" VPOS="1502" WIDTH="38" HEIGHT="22" WC="0.96" CONTENT="har"/><SP WIDTH="19" VPOS="1502" HPOS="326"/>
							<String ID="string_495" HPOS="345" VPOS="1503" WIDTH="32" HEIGHT="21" WC="0.96" CONTENT="sin"/><SP WIDTH="16" VPOS="1503" HPOS="377"/>
							<String ID="string_496" HPOS="393" VPOS="1502" WIDTH="134" HEIGHT="28" WC="0.96" CONTENT="tillämpning"/><SP WIDTH="18" VPOS="1502" HPOS="527"/>
							<String ID="string_497" HPOS="545" VPOS="1503" WIDTH="32" HEIGHT="21" WC="0.96" CONTENT="uti"/><SP WIDTH="15" VPOS="1503" HPOS="577"/>
							<String ID="string_498" HPOS="592" VPOS="1502" WIDTH="161" HEIGHT="28" WC="0.96" CONTENT="ifrågavarande"/><SP WIDTH="16" VPOS="1502" HPOS="753"/>
							<String ID="string_499" HPOS="769" VPOS="1503" WIDTH="43" HEIGHT="21" WC="0.92" CONTENT="fall."/><SP WIDTH="31" VPOS="1503" HPOS="812"/>
							<String ID="string_500" HPOS="843" VPOS="1503" WIDTH="50" HEIGHT="21" WC="0.96" CONTENT="Men"/>
						</TextLine>
					</TextBlock>
				</ComposedBlock>
				<GraphicalElement ID="cblock_2" HPOS="1074" VPOS="231" WIDTH="3" HEIGHT="1055"></GraphicalElement >
			</PrintSpace>
		</Page>
	</Layout>
</alto>
