1078 1739
191 124 41 20 856
494 124 79 20 Hahtik.
589 124 27 19 24
631 131 19 18 p.

161 189 42 21 den
226 187 41 23 och
290 188 66 21 tänka
378 194 36 16 oss
437 189 124 22 densamma
579 188 72 23 alltför
670 189 68 22 mörk.
767 188 135 23 Framtidens
916 187 68 27 kyrka

162 217 41 22 och
218 216 44 22 folk
281 217 69 22 mäste
365 217 81 22 lemnas
461 218 8 21 i
483 217 95 23 Herrens'
593 217 65 27 hand,
674 217 39 22 och
728 217 77 22 liksom
821 217 38 22 det
872 219 25 20 är
911 215 73 28 hvarje

163 245 84 22 enskild
262 246 122 21 menniskas
400 246 54 27 pligt
469 248 32 20 att
517 248 72 26 troget
605 247 97 22 använda
718 246 37 22 det
769 246 133 22 närvarande
918 247 65 24 ögon-

163 274 87 27 blicket,
274 281 48 15 men
342 274 34 23 för
390 274 113 23 framtiden
518 275 65 22 kasta
597 275 27 22 all
641 281 85 21 omsorg
742 275 28 27 pä
784 275 90 26 Herren,
890 274 24 22 sä
930 273 55 22 före-

163 303 74 22 ställer
250 303 38 28 jag
303 303 43 28 mig
361 303 41 22 ock
417 305 32 20 att
464 311 48 15 man
528 305 7 21 i
550 304 61 27 fräga
625 310 33 16 om
675 303 114 23 stiftandet
799 303 23 22 af
830 304 36 27 lag
876 303 40 22 bör
924 304 60 25 göra;

164 332 60 21 detta
243 332 69 26 gäller
327 332 103 22 särskildt
445 333 47 21 dem
509 339 53 20 som,
579 333 128 27 deltagande
722 333 7 21 i
745 334 84 21 statens
844 331 140 28 lagstiftning,

163 362 151 26 representera
329 360 132 29 folkkyrkan.
490 361 41 28 Jag
546 362 40 21 har
601 362 67 21 redan
683 361 35 22 vid
734 361 74 28 början
823 361 23 22 af
860 361 69 22 denna
944 359 41 22 frä-

164 395 39 22 gas
218 389 130 28 behandling
363 390 79 21 uttalat
457 392 39 25 att,
513 391 67 27 enligt
595 391 44 21 min
654 390 92 27 mening,
762 389 95 22 faktiska
871 389 115 22 förhällan-

165 418 41 21 den
228 417 133 23 förekomma
380 419 7 21 i
402 419 47 21 värt
464 419 56 26 land,
537 425 46 16 som
598 419 47 21 icke
661 419 56 21 blott
731 419 109 26 berättiga
855 417 132 27 antagandet

165 446 22 22 af
201 452 25 16 en
244 446 144 28 dissenterlag
403 449 52 20 utan
469 447 73 23 fordra
557 448 133 26 antagandet
704 446 23 23 af
741 454 26 15 en
783 447 74 22 sädan.
882 447 50 21 Man
948 446 39 20 har

165 476 50 26 sagt
230 476 33 20 att
278 475 42 22 den
335 475 39 22 här
390 475 145 28 föreliggande
551 476 73 27 frägan
641 478 23 20 är
680 479 57 19 ännu
752 476 72 22 alltför
836 476 48 21 litet
892 474 94 23 behand-

165 504 43 26 lad,
223 503 34 23 för
272 504 48 22 litet
336 504 124 22 diskuterad
476 505 40 22 och
531 507 33 20 att
579 512 49 15 man
639 505 71 22 derför
718 511 66 21 gerna
792 505 70 21 kunde
871 504 116 28 uppskjuta

166 532 127 28 afgörandet
312 532 22 22 af
348 533 129 22 densamma.
507 534 43 27 Jag
566 536 45 20 tror
627 534 60 22 detta
702 534 54 22 icke.
786 534 10 21 I
813 535 25 20 18
855 534 23 20 är
893 533 39 21 har
946 532 41 22 frä-

167 568 41 21 gan
229 568 35 15 om
283 562 143 27 dissenterlag
441 562 101 22 förevarit
557 563 57 21 inom
629 563 49 21 värt
692 562 51 22 folk.
773 562 50 22 Man
839 562 38 21 har
893 562 95 21 diskute-

169 592 34 20 rat
227 590 74 22 derom
325 590 57 22 inom
405 591 110 27 komiteer,
535 592 36 21 vid
586 592 134 26 landtdagar,
734 591 34 22 vid
784 591 147 27 kyrkomöten,
947 589 40 22 och

169 618 67 27 gifver
251 625 50 15 man
315 619 37 22 akt
366 620 29 27 pä
410 620 26 22 de
451 620 127 22 uttalanden
594 626 34 16 om
639 620 178 27 dissenterlagen,
827 626 45 15 som
881 619 34 21 vid
925 619 63 21 dessa

169 647 99 23 tillfällen
283 647 69 23 blifvit
368 648 84 28 afgifna,
468 649 25 21 sä
507 648 68 23 finner
590 656 49 15 man
655 650 33 20 att
700 649 24 27 ju
740 648 75 28 längre
829 648 37 22 det
876 648 54 26 lidit,
940 648 48 21 dess

169 683 45 15 mer
236 676 40 22 har
298 683 48 15 man
367 677 6 21 i
393 677 116 22 allmänhet
523 678 70 22 blifvit
607 678 71 27 hugad
693 677 33 23 för
742 684 25 15 en
784 676 150 27 dissenterlag;
950 676 40 21 vis-

169 705 93 27 serligen
278 706 47 22 icke
340 712 26 16 en
382 706 74 27 sädan,
472 707 38 21 der
524 713 49 15 man
589 707 60 27 böjer
664 706 33 28 sig
712 706 33 22 för
760 706 127 25 tidsvinden,
899 711 48 15 men
955 704 34 22 väl

169 740 27 16 en
211 734 73 27 sädan,
300 734 85 22 hvilken
401 734 56 23 afser
473 736 25 21 de
513 735 92 22 faktiskt
619 735 33 22 för
667 735 83 22 handen
768 734 92 22 varande
874 733 115 23 förhällan-

170 764 54 20 dena
240 763 41 21 och
296 763 107 27 iakttager
419 764 40 22 den
474 764 33 22 för
521 764 74 28 hvarje
611 764 134 27 lagstiftning
760 764 78 26 nödiga
848 762 142 27 utvecklings-

169 792 62 26 gäng,
252 792 49 22 icke
321 792 36 22 vill
375 794 52 25 göra
445 793 66 26 nägra
526 794 80 26 spräng
620 793 7 21 i
643 792 158 27 utvecklingen,
817 792 47 22 icke
879 790 111 23 framkalla

169 820 148 22 förhällanden
333 827 46 15 som
395 823 56 20 ännu
466 822 19 27 ej
501 821 76 27 finnas,
593 823 52 20 utan
659 821 64 22 hafva
738 821 100 22 afseende
854 820 28 28 pä
896 820 37 22 det
946 819 44 21 fak-

169 849 63 25 tiska,
248 848 34 23 för
296 849 84 22 handen
396 850 93 22 varande
504 850 41 22 och
561 850 53 22 söka
629 850 114 28 tillgodose
758 850 49 21 dess
822 848 70 23 behof.

237 878 39 22 Ett
298 878 48 22 skäl
368 884 46 16 som
433 878 62 23 äfven
513 878 69 23 blifvit
598 879 92 22 uttaladt
706 880 45 20 mot
766 878 131 27 antagandet
912 876 23 23 af
948 876 42 22 dis-

169 906 137 28 senterlagen
328 908 24 20 är
376 906 45 23 det:
441 909 32 20 att
489 907 118 23 dissenters
623 908 48 22 icke
686 908 51 27 vilja
752 907 63 21 hafva
831 913 26 15 en
872 906 68 22 sädan
955 905 35 27 lag

170 940 46 16 som
238 935 118 22 ständerna
377 936 72 21 kunna
470 936 84 27 bevilja.
584 936 42 27 Jag
646 936 49 22 ville
714 936 70 27 fräga:
801 935 81 27 hvarpä
897 934 93 27 grundar

170 969 48 16 man
234 963 61 22 detta
309 963 153 23 förmodande?
477 977 27 2 —
515 965 29 27 pä
559 965 97 21 enskilda
671 964 119 27 tidningars
806 963 116 22 uttalande.
949 963 41 26 Jag

169 994 45 20 tror
229 992 44 27 mig
288 999 50 15 vara
354 993 121 27 berättigad
490 995 33 20 att
538 995 58 20 sätta
610 993 7 22 i
632 993 61 28 fräga
708 999 35 16 om
759 993 48 22 dei
822 992 97 27 fiendtlig
934 991 57 22 anda

169 1022 46 20 mot
240 1021 61 22 Guds
326 1021 46 22 rike
394 1022 125 27 redigerade
542 1022 114 27 tidningar,
676 1028 46 15 som
742 1021 64 22 hafva
828 1021 68 26 ätagit
911 1021 33 26 sig
958 1021 33 20 att

169 1049 47 22 föra
231 1049 119 22 dissenters
367 1050 64 27 talan,
448 1052 36 20 äro
500 1051 136 27 berättigade
650 1052 34 20 att
694 1052 54 25 göra
759 1050 65 21 detta.
850 1049 42 22 För
902 1049 43 22 min
956 1048 34 22 del

169 1080 36 19 vet
224 1078 39 27 jag
285 1079 33 21 att
340 1079 117 22 dissenters
476 1079 69 22 finnas
560 1079 7 22 i
583 1079 47 22 värt
645 1079 50 22 land
710 1085 47 15 som
772 1085 67 20 gerna
853 1079 96 26 mottaga
964 1083 26 16 en

170 1106 151 28 dissenterlag,
337 1107 90 22 emedan
443 1108 26 22 de
484 1114 52 16 anse
552 1114 26 16 en
593 1108 69 27 laglös
678 1107 102 26 ställning
791 1108 78 26 ytterst
881 1106 110 27 betänklig

170 1135 40 22 och
225 1135 57 22 svår.
312 1136 41 27 Jag
372 1137 44 21 tror
431 1136 60 22 äfven
507 1138 39 25 att,
563 1143 34 15 om
613 1137 37 21 vär
664 1135 141 28 lagstiftning,
822 1136 71 22 såsom
906 1135 37 27 jag
958 1134 32 22 för

170 1164 42 21 min
236 1163 36 23 del
294 1164 90 28 hoppas,
404 1165 35 21 vid
455 1165 68 22 denna
543 1165 105 27 landtdag
668 1165 74 22 vinner
758 1171 25 15 en
800 1164 128 26 utveckling,
945 1165 46 20 sär-

171 1193 66 21 skildt
260 1192 56 23 hvad
336 1193 123 28 strafflagen
474 1193 107 27 beträffar,
598 1193 148 22 förhållanden
761 1193 61 21 skola
837 1192 91 26 inträda,
945 1198 45 15 som

171 1222 51 26 göra
238 1221 120 22 dissenters
373 1222 94 27 villigare
483 1224 32 20 att
530 1222 89 22 utträda
633 1229 25 15 ur
673 1222 89 27 kyrkan,
779 1223 27 20 än
822 1221 26 22 de
863 1221 106 22 mähända
984 1220 7 22 i

170 1250 135 22 närvarande
330 1251 113 26 ögonblick
467 1257 52 16 anse
543 1251 33 27 sig
598 1257 57 16 vara.
685 1250 91 23 Derföre
797 1256 62 15 anser
871 1250 37 27 jag
924 1251 32 20 att
971 1249 19 22 vi

171 1279 47 21 icke
233 1279 55 22 böra
302 1279 73 27 lyssna
390 1279 32 22 till
437 1280 63 21 dessa
515 1281 71 21 röster
601 1285 46 16 som
663 1281 63 25 säga:
744 1279 118 22 dissenters
878 1277 50 29 vilja
943 1278 48 21 icke

171 1307 63 22 hafva
250 1313 28 16 en
294 1307 67 22 sädan
377 1307 148 29 dissenterlag,
542 1315 46 15 som
603 1309 117 21 ständerna
736 1307 40 22 och
792 1307 102 22 särskildt
908 1308 83 26 preste-

171 1335 88 22 ständet
281 1336 42 21 kan
346 1337 89 27 erbjuda
455 1337 53 22 dem.
539 1337 56 28 Vilja
615 1337 26 22 de
656 1337 48 22 icke
720 1337 79 26 antaga
814 1336 47 26 den,
878 1335 27 22 dä
919 1336 73 21 kunna

169 1365 20 20 vi
214 1364 49 22 icke
284 1365 72 27 hjelpa
378 1365 43 27 det,
444 1372 47 15 men
511 1365 38 23 vär
567 1365 122 28 skyldighet
704 1367 24 20 är
744 1367 33 20 att
793 1364 60 22 stifta
866 1364 36 27 lag
917 1363 32 22 för
965 1363 27 22 de

168 1393 120 22 bestäende
303 1393 162 23 förhällandena
480 1395 40 21 och
536 1394 89 27 erbjuda
641 1394 47 22 dem
704 1400 27 15 en
746 1394 42 26 lag,
805 1399 46 16 som
862 1393 53 21 skall
924 1392 68 22 ordna

170 1421 62 22 deras
248 1421 156 23 förhällanden.
434 1423 41 27 Jag
490 1425 45 20 tror
551 1423 61 22 äfven
627 1422 33 23 för
675 1422 44 22 min
734 1422 35 22 del
785 1423 32 20 att
833 1428 26 15 en
875 1421 116 22 dissentet-

167 1450 42 26 lag,
233 1450 62 27 längt
312 1450 55 22 ifrän
383 1453 32 20 att
430 1451 102 22 innebära
547 1451 67 22 vädor
629 1451 32 22 för
676 1451 135 27 folkkyrkan,
827 1450 72 21 säsom
914 1450 77 27 kyrko-

167 1478 81 22 herden
264 1478 78 22 Wallin
357 1480 86 27 uttalat,
461 1480 39 22 och
515 1480 62 27 längt
591 1479 54 22 ifrän
661 1481 33 20 att
709 1479 57 27 gifva
782 1485 26 21 ny
824 1478 42 22 fart
876 1478 23 22 ät
909 1478 83 22 dissen-

166 1507 139 27 terrörelsen,
330 1509 93 21 tvärtom
447 1509 54 21 skall
523 1515 63 15 mana
609 1508 31 22 till
662 1508 166 22 betänksamhet
842 1507 28 27 pä
885 1507 41 21 alla
942 1506 50 22 häll.
