1078 1739
209 113 41 20 330
507 115 84 19 Maalisk.
610 114 25 19 10
650 121 19 17 p.

179 177 78 22 honom
280 177 55 22 både
359 178 54 27 hysa
433 178 40 22 och
493 179 69 21 uttala
583 179 80 21 sådana
680 178 94 27 äsigter;
790 183 48 16 men
855 183 41 20 nog
910 176 94 27 gestalta

179 206 32 27 sig
226 206 161 22 förhällandena
402 207 133 22 annorlunda
550 207 33 22 för
599 207 47 26 den,
662 213 47 15 som
725 207 39 20 har
779 206 55 21 varit
845 205 49 22 med
906 211 34 16 om
949 205 54 22 folk-

179 235 85 22 skolors
280 235 121 22 inrättande
417 236 40 21 och
473 236 150 21 anskaffandet
638 235 23 22 af
673 235 83 27 platser
772 235 22 21 ät
809 235 64 21 dessa
884 234 120 22 utdimitte-

178 264 51 21 rade
252 263 169 23 folkskollärare.
451 265 41 26 Jag
515 264 119 28 medgifver
652 264 87 27 mycket
754 269 66 21 gerna
835 265 32 19 att
883 263 37 21 det
934 263 68 22 finnes

181 292 131 27 kommuner,
328 293 72 22 hvilka
416 293 74 28 sjelfva
506 294 54 26 tagit
576 293 91 22 initiativ
684 293 32 21 till
732 292 129 22 folkskolors
880 292 123 21 inrättande

180 321 50 22 eller
254 322 130 21 åtminstone
406 322 47 21 icke
476 323 57 27 gjort
548 322 67 27 något
630 322 129 21 nämnvärdt
774 321 108 21 motstånd
899 321 103 26 deremot,

179 356 47 15 men
243 351 37 21 det
295 350 67 22 finnes
378 351 14 20 å
405 351 67 21 andra
488 351 61 21 sidan
565 351 43 21 lika
623 351 80 26 många
718 350 40 21 och
765 350 37 27 jag
811 350 65 25 vågar
885 351 53 25 säga
946 351 56 20 ännu

177 378 51 22 flere
248 379 125 22 kommuner
388 379 7 22 i
410 380 47 21 vårt
477 380 57 26 land,
555 380 37 21 der
609 380 37 21 det
660 379 111 27 verkligen
787 378 136 22 förekommit
939 379 63 24 ,stri-

179 407 37 21 der
231 408 41 21 och
288 408 106 27 störingar
409 408 23 21 af
446 409 148 26 mängahanda
610 409 68 26 slag*,
692 409 29 26 ja,
739 408 38 21 der
791 407 91 26 kampen
899 407 45 21 ofta
959 413 43 21 nog

177 436 55 21 varit
255 436 100 26 tämligen
377 436 53 22 härd
453 437 40 21 och
514 437 101 27 tämligen
632 437 50 21 svär
698 436 40 22 och
753 436 7 21 i
775 436 86 21 hvilken
876 435 64 27 kamp
957 435 45 22 ofta

177 470 42 21 nog
240 466 88 25 presten
351 465 39 21 har
411 465 41 21 fätt
475 466 34 21 stä
524 466 6 21 i
547 466 104 21 breschen
671 465 41 21 och
728 466 96 25 mottaga
840 464 26 21 de
882 464 53 21 allra
952 464 49 22 svä-

176 495 58 19 raste
249 493 85 27 huggen
350 494 22 21 af
385 494 130 22 folkskolans
531 494 88 26 fiender,
628 495 23 27 ja
662 494 67 22 också
744 493 46 22 ofta
805 498 42 22 nog
857 492 42 22 fått
910 492 90 22 vidkän-
1018 500 1 5 '

176 528 38 15 nas
236 524 46 19 rätt
303 523 111 21 kännbara
437 523 139 21 ekonomiska
594 523 110 21 förluster.
734 523 44 21 Det
792 522 39 21 har
847 521 90 21 sälunda
952 522 48 21 icke

176 550 47 27 gätt
239 551 26 21 sä
280 551 88 22 alldeles
384 552 40 20 lätt
439 552 40 21 och
495 552 22 21 af
531 552 33 27 sig
579 552 50 27 sjelf
643 558 46 15 som
705 552 92 25 mängen
812 552 78 20 ansett.
920 550 80 22 Finska

175 580 67 20 folket
257 580 39 21 har
310 580 48 22 icke
373 580 25 22 sä
408 581 47 21 med
471 581 122 21 utsträckta
609 587 71 15 armar
695 580 101 27 mottagit
810 579 121 21 folkskolan
952 586 46 14 som

174 608 92 26 mängen
281 609 71 21 kunde
372 610 71 21 tänka.
474 610 101 21 Faktiskt
595 610 39 20 har
648 609 35 22 vid
702 610 26 20 de
743 608 63 22 flesta
821 608 130 21 folkskolors
967 608 32 22 in-

174 638 100 21 rättande
289 637 136 22 förekommit
439 638 67 27 nägot
521 638 58 27 slags
596 638 70 27 tväng,
684 638 26 21 sä
725 640 33 19 att
771 637 90 27 tvänget
872 636 47 22 icke
930 637 68 21 borde

174 672 51 15 vara
240 666 26 21 sä
282 666 88 22 alldeles
386 666 131 22 främmande
533 673 45 15 som
595 667 110 26 ätskilliga
722 667 65 21 ärade
803 666 67 20 talare
879 665 63 22 hafva
951 668 49 25 sagt

175 697 32 19 att
223 694 37 22 det
276 697 29 19 är.
336 696 48 20 Man
400 696 38 21 har
453 696 66 21 ocksä
534 696 82 21 fruktat
631 698 31 19 att
678 696 62 20 detta
754 695 65 27 tväng
835 694 69 22 skulle
926 694 73 22 ästad-

173 723 85 21 komma
274 730 26 15 en
316 724 110 26 bitterhet,
443 731 26 15 en
484 724 112 28 fiendskap
609 727 44 19 mot
663 724 129 26 folkskolan,
805 723 26 21 sä
839 725 37 21 att,
889 730 33 14 om
932 724 66 21 ocksä

175 758 25 15 en
216 752 106 22 folkskola
338 753 69 21 skulle
423 754 97 26 inrättas,
537 754 123 20 densamma
676 753 71 21 skulle
763 753 85 21 komma
859 754 32 19 att
902 752 34 21 stä
946 754 52 20 tom.

173 780 155 22 Erfarenheten
344 782 38 20 har
397 782 47 21 icke
460 782 55 21 visat
531 782 69 27 detta:
617 782 149 21 erfarenheten
781 781 39 20 har
831 782 91 19 tvärtom
935 781 61 27 visat,

173 812 34 18 att
229 810 87 21 hvarest
337 810 107 22 folkskola
466 810 39 22 har
524 810 69 22 blifvit
613 810 96 22 inrättad
730 809 62 23 äfven
808 809 49 21 med
872 809 70 27 tväng,
960 809 38 22 der

173 838 39 21 har
234 838 42 22 den
300 839 54 21 dock
377 838 46 22 haft
445 840 48 21 icke
512 840 54 20 blott
583 839 133 26 tillräckligt,
732 841 52 19 utan
801 840 14 19 t.
832 844 19 15 o.
867 845 26 15 m.
910 839 39 20 allt
964 838 34 22 för

173 867 86 27 mycket
275 867 76 26 elever,
368 868 80 21 hvilket
464 868 46 21 åter
525 868 39 21 har
579 868 46 22 haft
640 868 31 21 tili
687 868 52 26 följd
756 870 32 18 att
807 867 2 21 i
825 867 91 26 mången
929 867 68 21 sådan

172 895 108 27 kommun,
306 896 38 21 der
366 903 24 14 en
406 896 107 22 folkskola
528 896 55 22 först
598 903 76 21 genom
690 896 68 27 något
773 896 58 26 slags
847 896 65 26 tvång
928 896 70 21 blifvit

173 924 102 26 inrättad,
298 924 63 22 hafva
384 925 66 21 sedan
467 926 109 26 åtskilliga
592 926 66 21 andra
675 925 75 21 skolor
765 924 104 28 uppstått,
885 930 48 15 men
949 925 48 21 icke

173 959 58 15 mera
254 954 49 20 med
323 954 70 25 tvång,
411 955 51 20 utan
478 954 88 21 alldeles
583 954 102 27 frivilligt.
716 954 42 27 Jag
773 953 36 21 vill
824 953 47 21 icke
887 953 27 26 på
930 953 67 27 något

173 983 44 19 sätt
238 981 98 22 försvara
360 982 97 25 ,listen*,
474 989 45 14 som
538 985 87 24 prosten
642 983 56 27 Lyra
714 983 28 26 på
757 981 146 27 förmiddagen
920 982 77 21 nämde

173 1015 42 20 om,
238 1010 53 21 eller
314 1011 40 20 den
370 1010 38 21 der
432 1011 226 27 ,öfverrumplingen*,
676 1011 38 27 jag
730 1011 96 21 kommer
841 1011 47 20 icke
902 1011 24 20 så
942 1017 56 20 noga

173 1039 6 20 i
195 1039 41 26 håg
253 1039 73 26 orden,
348 1045 44 15 som
413 1039 41 22 han
470 1040 131 27 begagnade.
631 1040 41 26 Jag
690 1039 39 22 har
745 1039 66 22 också
827 1039 49 21 hört
891 1039 55 21 talas
963 1045 34 16 om

173 1067 82 21 sådana
271 1067 45 26 fall;
330 1067 37 27 jag
382 1068 35 21 vill
433 1069 47 21 icke
496 1069 95 21 försvara
608 1069 42 25 det,
670 1075 49 14 men
733 1068 37 27 jag
786 1068 38 21 har
841 1068 101 26 exempel,
960 1068 38 21 der

173 1096 41 21 den
230 1096 68 21 första
312 1096 120 21 folkskolan
447 1097 48 22 icke
511 1097 111 27 godvilligt
637 1097 132 26 inrättades,
783 1103 47 14 men
842 1097 37 20 der
895 1097 36 21 det
947 1097 51 21 oak-

173 1125 47 20 tadt
235 1125 52 21 flere
302 1125 118 21 folkskolor
435 1126 65 21 sedan
517 1127 106 26 uppstått,
644 1126 40 21 och
702 1126 37 21 det
755 1125 66 26 enligt
837 1125 161 22 kommunmed-

172 1153 129 22 lemmarnas
318 1160 52 19 egen
387 1155 88 22 önskan.

241 1182 50 21 Man
307 1182 39 21 har
362 1183 65 20 också
442 1183 39 21 här
497 1182 70 22 anfört
583 1183 109 27 åtskilliga
708 1182 70 22 siffror
794 1182 41 21 och
851 1183 47 21 med
915 1183 50 21 stöd
976 1183 22 21 af

173 1209 64 22 dessa
257 1210 71 21 siffror
347 1211 49 21 sökt
414 1211 67 22 räkna
497 1214 24 19 ut
537 1213 32 20 att
585 1212 56 21 inom
657 1212 67 26 högst
738 1211 22 21 få
776 1211 23 21 år
815 1211 61 21 skola
891 1211 42 22 alla
948 1212 49 21 Fin-

171 1238 61 21 lands
248 1239 127 22 kommuner
390 1246 40 19 ega
445 1240 33 21 sin
492 1240 112 21 folkskola.
635 1241 33 20 Nå
681 1241 30 26 ja,
726 1240 38 27 jag
778 1239 37 22 vill
830 1240 70 21 lemna
916 1240 27 21 all
960 1242 37 19 ära

172 1267 23 20 åt
211 1267 105 27 siffrorna,
332 1275 48 14 men
396 1269 61 21 äfven
475 1269 68 21 siffror
560 1268 91 22 behöfva
667 1270 102 20 stundom
786 1275 25 14 en
825 1269 113 26 justering,
956 1269 41 21 och

170 1296 37 26 jag
229 1302 74 15 menar
325 1299 33 18 att
376 1297 59 21 detta
451 1299 24 19 är
490 1297 59 22 fallet
565 1297 60 22 äfven
643 1298 45 21 här.
719 1297 11 21 I
746 1297 26 22 de
788 1297 76 26 siffror,
882 1303 45 15 som
943 1304 54 20 upp-

172 1328 50 22 taga
237 1324 159 22 folkskolornas
418 1326 65 26 antal,
502 1326 103 21 särskildt
621 1327 25 21 de
663 1325 77 27 siffror,
758 1332 46 15 som
820 1326 106 21 beteckna
941 1325 55 22 folk-

172 1353 84 21 skolors
280 1353 122 22 inrättande
425 1355 68 21 under
515 1357 87 19 senaste
617 1355 30 26 år,
663 1361 76 15 menar
752 1355 38 27 jag
806 1356 32 19 att
853 1355 67 21 också
935 1355 61 26 ingår

172 1381 26 22 de
221 1383 84 25 privata
327 1382 152 27 folkskolorna,
495 1383 40 22 och
556 1383 64 22 dessa
640 1384 86 26 privata
744 1383 118 22 tolkskolor
877 1383 69 22 skulle
960 1383 37 28 jag

172 1412 33 19 tro
229 1412 37 19 äro
290 1411 48 21 icke
358 1411 24 21 sä
401 1411 27 22 få.
458 1412 43 26 Jag
518 1412 71 21 kunde
605 1414 78 19 nämna
700 1414 11 19 3
728 1412 133 25 kommuner,
877 1418 46 15 som
939 1412 59 27 ligga

171 1439 90 21 alldeles
278 1442 52 19 nära
345 1439 126 26 hvarandra,
488 1441 7 20 i
511 1441 72 21 hvilka
598 1441 42 21 alla
650 1442 89 20 senaste
751 1441 50 21 höst
811 1440 119 21 inrättades
942 1440 55 21 folk-

171 1467 78 26 skolor,
275 1475 47 14 men
346 1469 42 20 alla
410 1469 83 26 privata
513 1470 49 20 med
578 1469 120 21 understöd
714 1469 23 21 af
751 1469 97 21 Svenska
863 1469 133 21 tolkskolans

171 1498 86 20 vänner.
288 1496 66 22 Detta
370 1499 44 19 sätt
429 1499 33 20 att
478 1498 150 21 ästadkomma
644 1497 126 27 folkskolor,
787 1498 107 26 nämligen
902 1499 33 19 att
943 1497 55 22 först
