1078 1739
419 136 77 19 Huhtik.
514 136 25 19 14
555 143 18 18 p.
830 135 40 21 669

74 201 74 22 Mutta
161 200 34 27 jos
211 202 60 25 sääty
287 199 167 22 selvittääkseen
471 199 60 22 asiaa
546 199 76 22 tahtoo
638 206 38 15 sen
692 200 108 27 lisäyksen
823 205 75 22 panna,

77 230 58 21 mikä
150 229 173 21 vastalauseessa
340 234 32 20 on,
389 228 43 21 niin
449 234 26 15 en
491 229 57 20 minä
564 229 92 20 osaltani
671 229 43 21 sitä
729 230 103 20 vastusta.
857 227 41 22 Va-

75 258 118 21 liokunnan
211 257 105 21 tarkoitus
332 263 27 15 on
375 257 54 20 ollut
441 257 59 26 juuri
516 263 65 15 sama.

146 286 118 21 Professori
280 286 89 21 Donner:
386 285 115 22 Gentemot
517 286 26 21 de
559 285 165 27 anmärkningar
738 291 46 16 som
799 291 50 21 nyss
864 287 35 19 ut-

78 315 66 21 talats
160 315 39 21 ber
211 315 37 26 jag
264 314 6 21 i
285 314 88 21 korthet
388 313 21 22 fä
420 313 73 22 anföra
504 314 100 27 följande.
627 315 31 20 Hr
668 315 124 26 Rosengren
803 313 48 22 ville
861 313 38 27 pä-

77 343 57 28 peka
159 346 32 18 att
215 344 39 20 den
278 342 76 22 odlade
373 342 87 21 marken
480 342 55 22 lider
551 343 52 21 eller
619 343 84 21 komme
719 345 32 18 att
766 343 43 20 lida
823 348 77 21 genom

79 373 26 20 de
126 371 165 27 fördämningar,
315 377 45 15 som
383 377 77 21 genom
483 371 41 22 den
540 378 41 20 nya
596 371 63 27 lagen
675 371 71 22 kunde
762 371 115 27 medgitvas
893 371 7 20 i

79 402 115 20 strömmar
217 400 38 21 och
280 400 132 26 vattendrag.
444 400 67 21 Detta
535 402 24 19 är
581 400 89 21 alldeles
694 400 92 27 afgjordt
801 399 99 22 hindradt

79 435 77 21 genom
180 431 32 19 ett
230 428 125 26 stadgande,
376 434 46 15 som
443 428 62 26 ingär
520 429 56 20 bäde
592 429 6 20 i
614 429 53 26 kejs.
684 429 166 26 propositionen,
866 430 34 18 ut-

79 457 219 22 skottsbetänkandet
314 456 40 22 och
370 456 42 21 alla
428 457 163 25 reservationer,
609 457 41 21 däi
662 457 48 21 dem
721 457 135 25 bestämmes,
868 458 32 20 att

79 488 85 20 vattnet
179 486 47 21 icke
242 486 32 20 fär
289 486 140 26 uppdämmas
445 485 85 21 utöfver
545 486 40 21 den
601 486 34 20 vid
651 486 154 26 anläggningen
821 484 22 22 af
854 492 45 14 ver-

79 515 39 21 ket
141 521 76 21 genom
239 514 71 26 utslag
332 513 105 27 medgifna
461 514 52 21 eller
537 514 22 21 af
581 514 58 21 älder
654 514 72 27 lofliga
741 514 158 27 vattenhöjden.

81 543 89 21 Säledes
195 549 39 20 ega
257 543 71 26 dylika
347 543 126 21 vattenverk
489 543 105 27 rättighet
610 545 32 19 att
657 549 76 21 genom
749 543 46 21 sina
809 542 92 22 fördäm-

80 572 168 27 ningsanstalter
272 571 57 21 hålla
351 573 83 19 vattnet
453 571 34 21 vid
504 578 26 14 en
546 572 43 20 viss
605 572 56 26 höjd.
692 572 34 20 Nu
742 572 69 20 skulle
825 577 76 21 genom

81 600 40 21 här
136 600 7 21 i
159 601 60 26 fräga
235 600 93 21 varande
344 599 80 27 förslag
439 600 119 26 medgifvas
575 602 32 19 att
623 600 61 21 äfven
701 600 67 21 under
784 600 80 21 vintern
880 599 21 21 fä

81 629 58 21 hålla
154 631 84 19 vattnet
253 629 35 21 vid
304 635 80 15 samma
399 628 55 27 nivå,
470 628 48 22 icke
533 629 51 27 höja
600 628 37 22 det
652 628 129 22 derutöfver.
811 629 44 21 När
870 628 30 21 in-

81 658 123 26 rättningen
226 658 68 20 under
316 664 125 19 sommaren,
467 657 26 21 dä
517 657 125 27 odlingarna
665 658 72 20 kunna
759 657 85 25 skadas,
869 656 33 22 fär

81 686 58 21 hålla
161 688 84 19 vattnet
267 686 35 21 vid
318 692 24 15 en
359 686 43 21 viss
418 686 54 26 nivå,
489 688 24 18 är
530 686 37 20 det
582 686 89 21 alldeles
688 686 119 26 uppenbart
823 688 32 18 att
870 685 31 21 in-

81 721 40 20 gen
138 715 67 21 skada
220 715 71 21 kunde
308 715 44 25 ske,
369 721 33 15 om
419 715 40 21 den
477 714 61 22 äfven
555 721 33 14 om
604 714 84 22 vintern
703 714 55 27 finge
775 714 56 22 hälla
846 716 55 19 vatt-

80 746 38 19 net
133 744 35 21 vid
184 750 80 14 samma
279 743 57 27 höjd.
367 743 122 27 Nägonting
504 750 59 14 mera
579 743 79 21 tillätes
675 743 53 21 icke.

149 772 32 21 Hr
197 772 132 21 Schroderus
344 771 98 22 framhöll
457 772 125 26 ytterligare
598 774 33 18 att
645 772 68 21 fisken
729 772 52 21 eller
791 772 60 20 laxen
863 777 38 15 un-

82 800 38 22 der
135 807 119 15 sommaren
270 800 89 27 uppgär.
386 800 75 22 Säsom
477 800 26 21 hr
519 800 66 21 Walle
597 800 65 21 redan
674 801 100 26 päpekat,
786 800 116 21 innehäller

81 829 26 21 hr
130 830 128 20 Rönnbäcks
282 829 130 21 reservation
436 831 32 19 ett
491 829 48 21 vida
562 831 111 24 strängare
692 829 117 27 stadgande
826 831 26 19 än
868 831 34 18 ut-

81 858 225 21 skottsbetänkandet.
331 858 112 21 Utskottet
457 858 56 20 låter
529 858 57 26 dylik
601 857 135 27 fördämning
751 858 44 25 ske,
805 864 33 14 om
847 857 56 21 blott

83 886 124 26 kungsådra
230 887 46 21 icke
294 886 46 22 helt
355 886 39 21 och
410 886 67 21 hållet
493 888 94 24 stänges,
604 892 47 15 men
668 886 24 21 hr
708 886 117 22 Rönnbäck
840 887 63 25 säger

81 915 7 20 i
103 914 108 22 fiskeriets
234 916 92 20 intresse
349 916 33 20 att
404 915 40 21 den
460 914 49 22 icke
525 915 31 21 als
571 915 33 21 får
619 917 87 24 stängas
722 915 6 21 i
744 915 43 21 lax-
803 914 39 22 och
859 914 43 21 sik-

80 943 89 21 förande
193 944 71 21 elfvar.
295 944 113 20 Likaledes
431 945 70 25 yttrar
520 944 33 25 sig
571 943 26 21 hr
613 944 117 20 Rönnbäck
746 944 48 20 vida
809 944 93 20 bestäm-

81 972 52 21 dare
157 972 40 21 och
220 972 120 27 afgjordare
363 973 33 20 att
416 971 77 22 allmän
514 971 69 22 farled
599 971 47 22 icke
662 971 32 22 får
710 974 93 24 stängas.
835 971 68 21 Dessa

81 1001 135 25 stadganden
240 1001 102 21 innebära
364 1000 71 21 derför
454 1001 119 26 någonting
588 1000 57 21 klart
661 1000 39 21 och
716 1000 82 27 fattligt
813 1000 39 21 och
868 999 35 22 be-

81 1029 88 26 stämdt,
185 1029 113 22 hvaremot
312 1029 118 21 utskottets
446 1028 139 27 formulering
601 1029 117 26 medgifver
728 1031 69 19 större
807 1029 95 24 friheter,

80 1063 49 16 men
145 1059 24 20 är
185 1058 149 21 obestämdare
350 1057 40 22 och
405 1057 61 22 leder
481 1057 92 22 sålunda
589 1057 56 22 blott
659 1058 32 20 till
706 1057 141 22 trakasserier
863 1057 40 21 och

81 1086 93 26 onödiga
189 1087 145 26 rättegångar.

151 1115 105 26 Slutligen
267 1115 39 21 har
321 1115 76 26 biskop
413 1114 124 21 Johansson
553 1116 50 25 sagt
618 1116 32 19 att
665 1114 119 27 förslaget
776 1109 10 37 i
794 1115 39 20 den
842 1113 61 26 form,

81 1143 110 22 utskottet
213 1143 60 28 gifvit
292 1144 124 25 detsamma,
433 1143 169 21 tillfredsställer
617 1143 27 21 de
659 1149 20 15 n.
695 1149 19 15 v.
730 1143 173 22 förhållandenas

81 1171 128 27 fordringar.
238 1173 30 20 På
284 1172 69 27 grund
369 1171 21 22 af
404 1172 39 21 allt
458 1171 56 22 hvad
530 1178 47 15 som
593 1172 87 25 anförts,
700 1172 37 21 kan
747 1172 36 27 jag
794 1167 43 36 icke
846 1171 57 20 med-

82 1200 57 27 gifva
154 1203 31 18 att
203 1201 59 21 detta
277 1207 50 14 vore
343 1200 66 22 fallet.
439 1201 114 20 Tvärtom:
570 1201 41 20 den
627 1201 53 20 sista
692 1201 159 21 reservationen
862 1199 42 21 till-

81 1229 94 26 godoser
199 1229 53 21 både
276 1229 138 22 samfärdsel-
437 1229 41 21 och
501 1228 195 26 fiskeri-intresset,
724 1229 116 27 medgifver
855 1227 50 28 inga

82 1257 68 22 andra
165 1258 127 26 rättigheter
316 1257 22 22 åt
360 1257 127 22 industriela
505 1257 144 27 inrättningar
668 1259 26 19 än
711 1259 33 20 att
760 1258 25 21 de
801 1257 34 21 vid
851 1257 55 21 tider

82 1286 29 21 då
127 1288 46 19 stor
187 1287 130 20 vattenbrist
331 1286 65 21 råder
411 1286 40 21 och
466 1286 81 21 verken
563 1285 102 22 försättas
680 1286 8 21 i
704 1285 158 28 nödvändighet
874 1287 32 19 att

82 1314 106 26 afstanna,
212 1315 27 21 då
262 1315 20 21 få
304 1315 98 26 begagna
420 1315 33 26 sig
474 1314 23 21 af
512 1315 38 21 det
564 1317 81 23 vatten,
662 1321 46 15 som
724 1321 77 15 annars
817 1313 89 27 onödigt

82 1343 63 27 flyter
159 1343 62 26 förbi,
238 1350 77 20 genom
330 1343 134 22 insättandet
479 1343 23 21 af
516 1349 26 16 en
558 1343 140 26 fördämning,
715 1343 86 22 hvilken
817 1343 46 21 åter
872 1348 34 16 om

82 1372 66 21 våren
164 1372 68 21 måste
248 1372 119 27 borttagas,
384 1373 25 20 så
424 1374 61 19 snart
499 1373 85 20 vattnet
599 1372 109 27 begynner
724 1372 63 27 stiga.

153 1400 99 22 Provasti
267 1401 101 21 Järvinen:
391 1400 58 21 Minä
464 1401 86 26 pyydän
566 1401 67 20 saada
647 1401 119 20 kannattaa
781 1401 38 20 hra
834 1400 72 21 Rönn-

83 1429 79 21 bäckin
185 1429 163 22 vastalausetta.
379 1429 29 22 Se
430 1435 27 15 on
479 1429 80 21 tarkka
579 1429 24 27 ja
618 1435 23 15 se
658 1435 26 15 on
700 1429 60 21 selvä
772 1429 23 27 ja
810 1429 54 21 siinä
880 1433 27 16 on

84 1457 99 21 valvottu
206 1458 86 20 kaikkia
316 1458 64 26 etuja,
404 1458 53 20 mitä
480 1457 56 27 sopii
556 1458 72 20 toivoa
643 1459 60 19 tässä
718 1457 127 21 valvotuksi.
874 1457 34 21 En

83 1486 52 26 pidä
151 1486 153 26 tarpeellisena
318 1486 65 21 lisätä
398 1486 80 21 mitään
495 1486 76 26 siihen,
587 1486 52 21 mitä
654 1485 116 28 professori
785 1486 87 21 Donner
885 1484 22 27 jo

81 1514 33 21 toi
130 1514 60 22 esiin.
