1078 1739
391 151 76 17 Hnhbtik.
485 149 11 19 7
513 157 18 17 p.
808 147 41 20 579

52 216 49 20 män
124 213 117 22 momentin
264 213 46 28 pois
332 213 143 28 pyyhkimistä
488 213 24 28 ja
527 212 100 28 yhdistyn
643 212 55 22 siinä
714 212 116 22 edelliseen
845 218 33 15 ar-

52 243 89 22 voisaan
155 243 117 27 puhujaan.

121 271 98 22 Provasti
234 270 106 23 Sandelin:
363 270 67 22 Detta
446 270 129 22 omtvistade
591 271 94 20 moment
695 269 39 28 f)i
746 271 12 20 6
771 269 56 28 Shar
835 269 42 22 till-

51 300 92 21 kommit
157 300 23 21 af
194 300 37 21 det
246 299 54 25 skäl,
317 305 46 16 som
379 299 84 22 anföres
480 299 7 21 i
503 298 148 22 betänkandet
661 299 28 26 på
699 298 79 27 pagina
789 300 18 24 6,
819 304 59 16 nem-

52 329 58 27 ligen
125 331 34 19 att
173 331 40 19 när
229 328 188 27 ,väntningstiden
433 328 35 21 vid
483 327 209 22 reservstationerna
707 327 127 21 inskränkes
846 327 32 21 till

54 363 26 16 en
96 357 75 22 timme
187 357 40 22 och
242 357 134 27 skjutslegan
392 356 46 22 frän
454 357 111 21 desamma
579 356 131 21 bestämmes
721 356 44 21 lika
775 355 49 22 med
838 355 41 22 den

53 385 47 22 frän
116 386 184 27 gästgifverierna,
316 385 76 22 blifver
408 385 43 25 det,
468 385 67 26 enligt
547 385 119 21 utskottets
676 384 62 27 äsigt,
749 385 131 26 nödvändigt

54 417 33 19 att
109 414 107 27 begränsa
240 415 179 26 entreprenörens
443 413 267 28 skjutsningsskyldighet,
731 413 34 21 för
784 416 33 18 att
831 414 48 21 icke

54 442 266 28 entreprenadkostnaden
343 442 55 22 skall
422 442 138 22 öfverhöfvan
581 441 145 28 uppdrifvas*.
756 442 67 22 Detta
842 448 38 15 var

54 472 71 21 skälet
145 472 99 22 hvarföre
264 473 118 20 momentet
399 471 39 21 har
453 470 129 22 tillkommit.
613 470 41 27 Jag
670 470 84 28 yttrade
770 472 66 20 redan
851 471 29 27 pä

53 500 149 27 förmiddagen
226 502 33 20 att
282 500 60 22 detta
362 502 95 20 moment
476 502 24 19 är
515 506 27 15 en
558 500 85 26 mycket
659 505 52 21 svag
726 500 68 26 punkt
809 500 6 21 i
831 500 50 21 hela

54 528 105 28 förslaget
175 530 40 21 och
228 530 39 26 jag
281 535 37 15 var
334 528 72 27 ocksä,
422 531 39 19 när
477 529 36 21 det
529 530 83 25 antogs,
628 528 48 21 icke
688 528 134 27 synnerligen
831 528 48 22 med

55 564 34 15 om
105 558 44 26 det,
166 558 68 21 ehuru
247 558 38 28 jag
300 558 46 21 icke
362 557 68 21 heller
445 559 58 19 satte
518 558 43 26 mig
576 557 111 21 bestämdt
702 559 57 19 emot
774 558 42 23 det,
827 557 53 21 allra

54 586 67 22 minst
135 587 140 21 reserverade
290 586 49 27 mig.
362 586 43 26 Jag
420 586 33 22 för
467 586 43 21 min
528 586 34 21 del
578 586 40 21 har
633 585 86 22 säledes
735 586 48 21 icke
796 586 25 21 sä
831 592 49 21 syn-

55 615 96 27 nerligen
167 618 58 19 emot
241 617 32 19 att
289 616 117 20 momentet
422 615 101 27 antingen
540 614 127 22 ätersändes
683 614 31 22 till
730 614 109 22 utskottet
849 614 33 22 för

55 646 34 19 att
103 644 102 28 möjligen
221 643 162 23 omformuleras
399 643 53 22 eller
467 643 68 22 ocksä
550 645 32 19 att
598 643 37 21 det
649 643 46 21 helt
711 643 40 21 och
764 643 67 22 hället
839 643 42 22 för-

55 673 82 21 kastas.
169 672 126 22 Emellertid
316 678 63 16 anser
391 672 39 28 jag
444 673 33 20 att
491 672 65 27 ingen
572 672 95 26 egentlig
682 671 46 22 fara
744 674 24 19 är
782 672 33 22 för
829 672 52 21 han-

56 701 42 21 den
118 700 62 22 äfven
199 708 34 15 om
250 701 38 21 det
303 701 104 27 gvarstär.
438 701 48 27 Nog
501 701 98 21 kommer
611 700 38 28 jag
666 700 118 22 emellertid
800 702 33 20 att
847 702 34 20 rö-

55 732 36 20 sta
105 729 34 22 för
153 732 34 19 att
202 730 36 22 det
254 730 55 21 skall
326 730 93 26 gvarstä.

125 758 101 22 Provasti
242 759 108 21 Forsman:
374 758 40 22 Jos
425 758 71 22 oikein
506 758 82 26 kuulin,
599 758 44 21 niin
651 758 39 21 hra
698 758 109 22 Nordlund
816 764 66 16 muun

56 793 89 15 muassa
167 787 77 27 lausui,
268 789 46 20 että
336 787 160 27 reservipaikan
517 787 69 27 pitäjä
601 792 38 16 saa
653 786 159 28 kyytipalkaksi
828 787 54 21 kilo-

56 815 97 22 metriltä
171 816 67 28 15+5
254 816 84 27 penniä.
364 816 71 21 Mutta
449 817 60 19 tämä
520 816 19 20 ei
551 815 33 21 ole
596 815 77 25 oikein,
686 815 47 21 sillä
744 816 140 27 kyytipalkka

57 850 27 16 on
106 844 191 28 reservipaikoista
316 845 83 21 samoin
414 844 51 21 kuin
483 844 265 22 kestikievaritaloistakin
763 844 67 22 täällä
845 844 37 22 eh-

57 873 86 21 dotettu
164 873 127 21 ainoastaan
312 875 25 19 15
353 873 100 28 penniksi
468 872 151 26 kilometriltä;
635 872 61 28 yksin
712 873 172 27 ylimääräisestä

56 901 192 28 kyyditsemisestä
263 902 87 27 palkkio
367 908 27 15 on
410 901 115 22 ehdotettu
541 903 28 19 20
584 901 99 27 penniksi
699 902 145 21 kilometriltä.

127 930 148 22 Kirkkoherra
295 930 111 22 Nordlund:
436 930 39 22 Jos
496 932 59 19 tämä
571 930 112 21 momentti
698 930 115 27 pyyhitään
829 930 54 27 pois,

57 958 51 22 eikä
130 959 38 20 siis
191 959 82 21 mitään
296 959 134 21 hevoslukua
447 960 99 20 määrätä
565 959 213 26 reservipaikkoihin,
797 959 43 21 niin
856 965 28 16 on

57 987 51 21 siitä
131 987 203 22 välttämättömänä
356 987 147 22 seurauksena
527 987 60 21 ensin
607 993 30 20 se,
657 989 46 19 että
718 987 131 28 matkustaja
864 988 20 21 ei

58 1016 33 21 voi
115 1015 50 22 eikä
187 1022 38 15 saa
246 1017 72 21 vaatia
339 1016 97 26 hevosta,
456 1016 115 22 ennenkun
586 1016 62 21 kaksi
664 1017 70 20 tuntia
750 1023 26 15 on
792 1017 92 20 kulunut

58 1045 49 20 siitä
131 1044 44 21 kun
197 1045 42 21 hän
262 1045 73 21 taloon
356 1045 46 25 tuli,
421 1045 23 26 ja
459 1044 92 21 toiseksi
567 1046 45 19 että
628 1045 158 26 reservipaikan
802 1045 82 28 pitäjän

59 1075 72 26 täytyy
146 1073 68 22 saada
229 1073 153 22 kilometeriltä
394 1075 67 23 15+5
473 1073 80 27 penniä
563 1073 156 27 kyytimaksua,
728 1074 96 21 niinkuin
832 1074 52 21 lisä-

59 1101 134 28 kyydistäkin
210 1108 26 15 on
254 1102 120 21 ehdotettu.

125 1130 73 27 Piispa
219 1131 126 21 Johansson:
376 1131 96 20 Minusta
492 1136 26 16 on
543 1131 72 20 tämän
631 1130 87 22 kohdan
734 1131 150 27 pyyhkiminen

59 1161 94 25 tarpeen,
177 1159 43 22 kun
240 1159 160 28 reservikyydin
420 1159 74 21 luonto
510 1159 43 21 sitä
568 1159 73 26 vaatii,
656 1161 70 20 mutta
741 1160 51 21 siitä
807 1166 79 15 seuraa

60 1189 56 26 myös
133 1189 46 20 että
195 1188 130 21 odotusaika
340 1188 144 27 pidennetään
502 1189 25 20 17
544 1187 111 22 kohdassa
670 1190 13 19 2
699 1189 104 26 tunniksi;
813 1190 72 20 mutta

62 1216 109 27 isäkyytiä
186 1217 57 21 minä
259 1223 26 15 en
301 1217 63 21 katso
380 1219 73 19 tämän
467 1217 108 20 vaativan.

103 1245 2 3 *
125 1245 98 21 Provasti
242 1245 72 22 Walle:
345 1245 74 22 Minun
438 1247 74 25 täytyy
528 1245 136 26 päinvastoin
679 1245 116 27 puolustaa
809 1247 74 20 tämän

61 1273 113 22 momentin
195 1275 153 26 pysyttämistä
367 1274 118 21 mietinnön
501 1274 100 26 mukaan,
618 1274 69 21 koska
702 1275 57 20 minä
774 1275 111 26 aamupäi-

62 1301 51 22 rällä
135 1302 110 27 puolustin
266 1302 198 28 reservipaikkojen
479 1302 156 25 hävittämistä,
652 1303 95 21 niinkuin
763 1310 27 15 ne
806 1303 80 22 hävisi-

62 1330 68 21 rätkin
151 1331 81 27 säädyn
253 1332 120 26 päätöksen
388 1331 101 25 mukaan,
502 1331 23 27 ja
541 1331 104 21 tahtoisin
661 1331 119 22 sentähden
797 1332 90 21 koettaa

63 1359 53 21 Jäitä
131 1360 184 27 reservipaikkoja
330 1360 60 27 pitää
405 1359 155 22 kestikievarin
576 1360 107 27 tapaisina
698 1360 43 21 niin
752 1361 72 27 paljon
833 1361 52 21 kuin

63 1387 140 27 nahdollista,
216 1389 24 26 ja
253 1389 59 26 juuri
327 1391 60 18 tämä
402 1388 111 21 momentti
530 1389 65 20 tekee
610 1395 27 14 ne
650 1389 122 26 sellaisiksi,
782 1389 43 22 kun
833 1389 52 28 kyy-

63 1417 38 20 ien
124 1416 134 27 lukumäärä,
279 1417 64 27 jotka
362 1417 181 22 vuorokaudessa
559 1419 50 19 ovat
624 1417 66 22 niistä
705 1418 105 27 tehtävät,
826 1418 60 21 niille

64 1447 126 20 näärätään.
220 1445 92 22 Vastoin
331 1446 53 21 mitä
398 1445 40 22 hra
453 1445 114 22 Nordlund
582 1446 77 25 lausui,
676 1448 46 19 että
738 1446 59 21 tulisi
813 1446 73 28 paljon

64 1473 151 27 ralliimmaksi,
229 1474 35 27 jos
281 1476 59 19 tämä
354 1474 103 27 pidetään
472 1474 23 27 ja
511 1474 128 21 lukumäärä
650 1475 181 27 reservikyydistä
839 1475 46 21 teh-

65 1502 55 26 lään,
145 1502 43 21 niin
211 1502 87 22 luulisin
319 1503 57 21 minä
391 1502 128 28 puolestani,
538 1504 46 20 että
600 1509 23 15 se
639 1503 19 21 ei
674 1503 45 21 tule
735 1503 151 21 kalliimmaksi

65 1536 46 16 raan
126 1530 184 28 huokeammaksi,
322 1532 35 26 jos
373 1530 161 28 reservipaikan
551 1531 101 27 hallitsija
668 1532 74 26 tietää,
756 1534 45 20 että
814 1532 71 22 hänen
