1078 1739
400 143 76 17 Huhtik.
494 141 26 20 24
535 148 18 17 p.
818 139 39 20 861

66 207 70 22 skulle
157 206 135 27 uppskjutas,
318 207 33 20 att
374 205 170 27 dissenterlagen
568 206 55 19 ännu
645 203 47 22 icke
708 203 69 22 skulle
792 204 96 25 antagas.

67 236 27 21 Vi
109 235 64 22 hafva
186 235 67 21 redan
268 234 60 27 tjugu
344 234 24 21 är
383 235 74 21 väntat
472 234 29 27 pä
516 233 71 22 denna
596 233 43 28 lag.
662 233 44 21 Vår
713 232 104 28 kyrkolag
824 231 64 22 förut-

66 265 69 21 sätter
151 270 27 15 en
193 263 149 27 dissenterlag,
358 263 38 21 vär
411 263 23 21 L.
451 262 25 22 O.
492 262 75 21 likaså.
594 262 62 21 Ännu
671 260 64 23 hafva
751 261 21 22 vi
786 261 48 21 icke
849 259 40 22 fått

67 300 26 15 en
109 293 74 22 sädan.
206 292 34 21 Nu
255 291 63 22 hafva
332 292 20 21 vi
366 291 84 22 försökt
465 293 34 20 att
513 291 21 21 fä
549 291 32 21 till
597 290 63 22 ständ
671 290 41 21 den
723 290 63 21 bästa
797 289 91 27 möjliga,

67 328 46 15 som
133 328 29 21 nu
181 321 42 21 kan
244 320 167 22 ästadkommas.
440 320 59 21 Intet
517 319 116 27 menskligt
648 319 52 22 verk
716 321 24 19 är
752 319 25 27 ju
792 318 96 21 fullkom-

66 351 47 26 ligt.
138 349 68 22 Äfven
222 349 68 22 denna
306 349 141 26 dissenterlag
463 351 24 19 är
503 348 125 27 visserligen
639 347 103 22 behäftad
753 347 48 22 med
812 347 78 26 många

67 379 80 22 brister
168 385 56 20 men,
248 384 34 15 om
302 378 19 21 vi
341 378 70 21 skulle
430 379 65 20 vänta
510 377 43 22 tills
569 377 20 21 vi
605 376 22 22 få
643 383 25 15 en
684 377 40 26 lag,
741 376 48 21 med
804 375 85 22 hvilken

67 408 44 21 alla
135 407 70 22 skulle
228 413 52 16 vara
302 407 70 27 nöjda,
393 407 25 21 så
435 406 22 22 få
480 406 20 22 vi
519 407 64 21 vänta
599 405 6 22 i
621 405 28 22 all
665 405 91 27 evighet.
787 405 49 21 Man
851 404 39 21 har

67 436 114 27 föreslagit
202 437 32 20 att
248 435 102 22 nedsätta
365 441 26 15 en
406 434 81 22 komite
502 434 33 22 för
549 436 33 20 att
597 436 51 25 taga
662 434 53 22 reda
730 434 28 26 på
774 432 116 23 dissenters

68 464 66 27 antal,
151 465 63 21 deras
229 464 137 27 önskningar,
382 464 63 22 deras
460 463 67 22 behof
537 470 26 15 m.
574 469 27 15 m.
626 463 63 21 Hvad
700 469 26 15 en
735 462 67 22 sådan
810 462 80 22 komite

68 493 71 23 skulle
153 495 84 20 uträtta
252 492 78 22 förstår
343 492 37 28 jag
396 492 130 22 åtminstone
541 492 54 22 icke.
623 491 63 22 Hvad
702 491 63 22 deras
781 491 57 21 antal
853 490 36 22 be-

68 522 75 22 träffar
165 524 50 20 veta
236 521 21 22 vi
276 522 24 27 ju
320 522 65 21 redan
404 523 33 20 att
452 521 27 22 de
495 523 37 19 äro
547 520 58 27 flere,
621 526 39 22 par
675 522 64 20 tusen
755 520 135 21 åtminstone.

69 551 47 22 Och
138 557 35 15 om
195 551 70 21 denna
286 550 80 22 komite
390 550 69 22 skulle
482 550 73 21 kunna
572 550 78 21 utröna
670 550 32 20 att
717 549 27 21 de
759 555 50 16 vore
824 548 66 27 några

67 580 86 22 hundra
174 586 46 15 mer
242 579 52 22 eller
315 579 88 27 mindre,
424 579 25 21 så
463 581 38 19 vet
513 579 38 27 jag
565 578 49 22 icke
629 578 56 22 hvad
700 578 61 22 detta
776 578 69 21 skulle
860 577 30 21 in-

68 608 67 22 verka
155 608 28 28 på
203 614 26 16 en
248 608 147 27 dissenterlag.
426 607 79 22 Vidare
521 609 63 25 säger
599 613 48 15 man
664 608 33 20 att
712 607 94 21 komiten
821 606 69 22 skulle

69 640 52 24 taga
140 637 53 22 reda
213 637 27 27 på
256 637 61 21 deras
333 636 136 27 önskningar.
500 636 46 22 Här
560 636 40 21 har
614 636 33 22 för
662 636 67 26 några
744 636 65 26 dagar
824 635 66 22 sedan

68 666 95 22 utdelats
179 665 65 22 bland
260 665 97 22 ståndets
373 666 140 21 medlemmar
528 671 25 15 en
569 665 52 21 liten
632 664 109 28 broschyr.
766 664 51 22 Deri
827 664 63 21 fram-

69 695 65 21 ställa
153 694 118 22 dissenters
287 694 47 22 sina
348 693 126 28 fordringar.
505 694 50 21 Men
571 696 24 19 är
611 694 37 21 det
662 694 34 21 väl
712 693 117 22 dissenters
845 698 46 22 som

69 723 64 22 skola
158 723 60 21 stifta
242 723 36 27 lag
299 722 33 22 för
354 723 41 21 den
414 722 70 22 finska
499 722 81 28 kyrkan
597 722 52 22 eller
663 722 70 22 finska
748 722 85 22 staten?
862 721 30 21 Ar

70 752 38 22 det
131 752 48 22 icke
201 751 69 22 finska
292 753 70 20 staten
385 758 46 15 som
454 752 55 21 skall
529 751 60 22 stifta
603 752 36 26 lag
655 750 40 22 och
711 753 52 25 säga
777 751 28 27 på
819 750 72 22 hvilka

69 781 70 21 vilkor
162 780 41 22 den
226 780 36 21 vill
282 780 94 22 erkänna
394 780 136 22 dissenters?
561 780 96 22 Oaktadt
669 780 38 27 jag
721 780 48 22 icke
784 780 41 21 kan
841 778 50 28 gilla

70 810 68 27 några
157 809 93 27 punkter
268 809 7 21 i
294 809 40 21 den
350 809 42 27 lag,
408 815 46 15 som
469 809 70 21 blifvit
554 809 39 21 här
608 808 128 28 föreslagen,
751 808 35 22 vill
800 808 37 28 jag
852 808 38 20 lik-

70 838 35 22 väl
120 838 48 22 utaf
182 838 38 21 allt
235 838 69 26 hjerta
318 838 74 21 förena
408 838 42 27 mig
465 838 50 22 med
532 838 53 26 dem,
602 844 46 15 som
664 839 60 20 rösta
738 837 33 22 för
786 838 33 21 att
828 843 29 15 nu
865 842 25 16 en

71 866 144 27 dissenterlag
229 866 69 22 skulle
313 868 97 26 antagas.

139 895 132 27 Yliopettaja
296 895 99 22 Kihlman:
425 895 33 21 Då
481 895 173 27 dissenterlagen
676 895 68 22 första
766 895 83 27 gången
869 893 23 22 år

73 926 54 20 1877
143 924 123 26 framlades,
282 923 70 23 förföll
368 924 41 22 den
425 923 72 23 derför
512 926 33 20 att
560 924 40 22 den
616 930 38 16 var
668 924 33 22 för
716 924 41 22 vid.
788 924 45 21 Den
849 929 43 15 em-

71 952 85 22 fattade
178 952 42 22 alla
241 953 89 26 kristna,
354 958 46 16 som
422 953 47 21 icke
489 953 88 21 tillhöra
592 953 41 22 den
649 952 244 28 evangelisk-lutherska

71 981 89 28 kyrkan.
191 981 40 21 Till
254 981 52 27 följd
328 981 22 22 af
369 981 69 22 denna
452 982 82 27 utgång
549 981 95 28 uppstod
660 982 41 21 den
717 981 86 26 tanken,
819 982 33 20 att
867 986 26 15 en

72 1009 150 28 dissenterlag,
238 1016 46 15 som
299 1015 50 17 vore
364 1010 83 21 mindre
463 1010 42 27 vid,
520 1010 47 22 icke
583 1010 96 22 sträckte
694 1010 34 27 sig
743 1010 25 22 så
778 1010 59 27 långt
848 1015 46 15 som

73 1039 42 21 den
137 1038 63 27 förra,
223 1038 79 22 lättare
324 1039 68 21 skulle
410 1039 73 21 kunna
503 1041 97 25 antagas.
631 1039 43 22 Det
689 1041 24 19 är
729 1046 26 15 en
770 1039 67 22 sådan
852 1037 41 27 lag,

73 1073 47 16 som
143 1073 29 16 nu
191 1067 114 28 föreligger
323 1067 32 22 till
370 1068 128 27 antagande.
529 1068 49 22 Men
595 1068 61 22 äfven
672 1068 70 22 denna
756 1068 36 27 lag
805 1067 54 22 lider
874 1065 22 22 af

73 1102 83 15 samma
171 1095 28 23 fel
215 1102 46 15 som
277 1096 41 21 den
333 1095 74 28 första,
424 1097 67 21 ehuru
507 1097 8 21 i
530 1096 82 22 mindre
627 1097 59 26 grad.
712 1097 45 27 Lag
767 1097 46 26 bör,
824 1095 25 22 så
856 1095 40 21 har

73 1131 50 15 man
143 1126 50 26 sagt
213 1124 61 23 äfven
291 1125 69 21 denna
375 1125 64 26 afton,
457 1125 72 22 stiftas
545 1125 28 27 på
588 1125 68 27 grund
672 1125 23 22 af
708 1125 94 22 faktiska
817 1124 77 22 förhål-

73 1153 86 22 landen.
189 1153 43 22 Det
254 1155 24 20 är
298 1153 64 22 dessa
380 1153 94 22 faktiska
489 1153 156 27 förhållanden,
661 1160 46 15 som
722 1156 52 19 utan
790 1153 71 22 tvifvel
875 1151 23 22 af

73 1182 78 28 biskop
174 1182 122 22 Johansson
319 1182 87 27 åsyftas,
427 1183 27 21 då
469 1183 44 21 han
529 1183 78 21 önskat
622 1189 25 16 en
663 1185 97 20 närmare
776 1181 119 26 utredning.

75 1211 32 22 De
129 1211 96 22 faktiska
245 1211 161 22 förhållandena
425 1211 46 22 visa
485 1211 50 22 med
551 1211 108 26 säkerhet,
676 1214 32 19 att
723 1212 57 21 inom
795 1210 101 22 Finlands

74 1241 91 26 gränser
187 1239 67 22 finnas
278 1239 57 22 olika
354 1240 79 26 sekter,
449 1242 33 19 att
497 1240 41 21 här
551 1240 68 22 finnes
635 1241 113 27 baptister,
764 1239 132 26 metodister,

75 1268 146 22 laestadianer
236 1268 40 22 och
292 1269 82 21 kanske
390 1269 72 21 andra.
489 1269 41 22 Om
545 1275 50 16 man
609 1268 112 23 fasthäller
736 1269 35 22 vid
786 1268 112 28 grundsat-

75 1303 46 20 sen,
137 1299 34 19 att
185 1297 35 27 lag
234 1297 40 22 bör
289 1297 71 22 stiftas
375 1298 27 26 pä
418 1298 69 27 grund
503 1297 22 22 af
539 1297 94 22 faktiska
645 1297 153 27 förhällanden,
811 1297 24 22 sä
843 1296 54 22 hade

76 1325 38 22 det
133 1325 35 22 väl
183 1325 57 22 varit
254 1326 38 21 det
306 1327 63 25 rätta,
386 1328 32 19 att
433 1326 63 27 lagen
513 1327 48 21 icke
577 1326 69 22 blifvit
661 1327 109 22 utsträckt
785 1326 32 22 till
833 1325 66 22 andra

76 1355 74 21 sekter
173 1356 26 20 än
222 1354 87 27 sädana,
333 1360 46 16 som
398 1355 110 27 verkligen
525 1355 6 21 i
546 1355 89 22 Finland
652 1355 100 22 existera.
782 1355 48 22 Den
844 1353 56 22 före-

76 1383 76 27 slagna
166 1383 64 27 lagen
246 1385 23 19 är
284 1383 64 22 likväl
363 1383 49 22 icke
424 1390 25 15 en
460 1384 36 27 lag
507 1384 57 21 blott
571 1383 33 22 för
613 1384 26 21 de
647 1384 137 22 existerande
792 1383 107 23 sekterna,

76 1413 53 20 utan
149 1411 64 22 ocksä
234 1411 33 22 för
282 1412 81 21 sädana
378 1412 173 27 protestantiska
566 1413 79 26 sekter,
661 1419 46 15 som
722 1413 101 27 möjligen
839 1411 62 22 fram-

77 1440 60 22 deles
152 1440 86 22 komma
254 1442 32 20 att
302 1440 98 23 existera.
425 1441 65 22 Detta
507 1443 24 20 är
547 1441 36 22 det
595 1441 147 27 föreliggande
750 1440 150 28 lagförslagets

76 1469 35 21 fel.
142 1469 74 21 Under
236 1469 149 21 diskussionen
406 1469 38 21 har
460 1469 37 22 det
513 1469 119 27 flerfaldiga
647 1470 81 26 gänger
743 1470 56 21 visat
815 1469 38 27 sig,
870 1469 32 20 att

77 1497 72 22 denna
167 1497 36 27 lag
217 1497 80 22 lättare
311 1498 83 21 kunnat
410 1497 77 25 stiftas,
505 1504 35 16 om
555 1504 49 16 man
619 1498 47 22 icke
682 1498 33 21 till
728 1497 53 29 följd
796 1497 23 22 af
833 1496 68 22 rubri-

77 1526 42 22 ken
142 1526 57 22 hade
222 1526 55 21 varit
300 1528 94 25 tvungen
414 1528 31 20 att
465 1528 54 26 taga
533 1527 83 27 hänsyn
633 1527 32 21 till
681 1527 42 21 alla
738 1526 87 28 möjliga
840 1524 62 23 tänk-
