1078 1739
213 123 41 20 670
513 125 76 18 Huhtik.
608 124 24 18 14
648 131 18 16 p.

255 187 147 22 Kirkkoherra
418 186 81 23 Wallin:
515 187 42 27 Jag
573 187 46 22 stär
633 187 33 22 för
681 187 42 22 min
740 187 34 21 del
790 187 46 21 helt
851 187 40 21 och
907 186 66 22 hället
980 187 25 26 pä

183 215 122 22 utskottets
321 215 133 28 ständpunkt
470 216 39 21 och
526 216 126 26 godkänner
668 215 72 22 derför
754 215 130 28 fullkomligt
901 215 104 22 utskotts-

183 244 156 22 betänkandet.
370 245 48 21 Men
431 245 38 26 jag
485 245 72 21 anhöll
573 245 122 26 egentligen
710 250 34 15 om
761 244 62 21 ordet
837 244 33 21 för
885 246 33 19 att
931 244 22 21 fä
968 250 36 15 un-

184 273 106 22 derstöda
312 273 38 22 det
371 273 86 27 förslag,
473 279 47 16 som
535 273 136 22 framstäldes
688 273 22 21 af
723 273 191 26 kontraktprosten
931 273 73 24 Walle,

183 304 23 24 ty
221 301 55 22 hans
298 302 75 27 tillägg
396 301 32 22 till
448 302 119 21 utskottets
583 301 81 28 förslag
678 301 70 22 skulle
764 301 74 22 säkert
852 308 51 15 vara
919 303 31 20 ett
964 301 40 22 för-

183 330 125 27 tydligande
330 330 22 21 af
374 330 125 26 detsamma,
523 331 28 20 dä
567 331 36 21 det
619 330 69 21 skulle
704 330 50 21 heta
769 332 33 19 att
819 329 91 26 ,farleds
926 331 78 26 begag-

183 359 70 22 nande
268 359 48 21 icke
331 359 86 21 hindras
433 359 38 22 der
487 359 78 21 allmän
580 359 68 21 farled
665 359 22 21 af
701 359 59 21 ålder
776 359 70 21 varit".

252 387 98 22 Provasti
373 387 60 28 Lyra:
463 387 57 22 Utan
544 389 32 20 att
596 388 49 27 vilja
660 389 107 20 motsätta
782 387 42 26 mig
839 387 131 27 antagandet
985 387 19 21 af

184 416 36 21 det
236 416 22 21 af
272 415 26 21 hr
312 416 68 21 Walle
396 417 75 26 gjorda
485 416 173 22 amendementet
673 416 37 20 vill
723 416 38 27 jag
776 415 56 22 blott
847 416 31 20 till
889 416 115 26 förklaring

183 446 84 22 nämna,
291 446 32 20 att
344 444 108 22 utskottet
474 445 119 21 utelemnat
616 445 27 21 de
658 444 163 27 ifrågavarande
844 445 65 21 orden
929 444 74 21 endast

183 472 33 22 för
231 475 33 19 att
278 473 119 27 begreppet
411 473 68 22 farled
495 474 66 20 redan
577 473 89 21 innebär
682 474 68 25 detta,
767 473 40 21 och
823 474 32 20 att
866 473 5 21 i
881 472 75 28 sjelfva
963 472 40 22 för-

183 501 121 27 fattningen
328 502 22 20 af
372 504 54 19 1868
448 502 90 21 likasom
554 502 6 20 i
577 502 105 21 allmänna
698 502 64 26 lagen
777 501 68 22 farled
861 502 60 21 alltid
936 501 67 21 finnes

185 530 117 22 definierad
324 531 49 21 med
396 530 106 27 tillägget:
527 531 48 25 ,der
593 530 67 22 sådan
676 530 23 22 af
713 530 102 27 gammalt
829 530 85 26 bruklig
928 530 74 21 varit*.

184 559 114 21 Utskottet
319 559 39 21 har
381 559 83 21 derföre
487 561 72 19 ansett
583 559 60 21 detta
664 560 58 26 ligga
738 559 7 21 i
761 559 78 21 sakens
856 562 67 18 natur.
955 559 47 21 Men

183 594 64 15 anser
270 588 87 21 ståndet
380 590 32 19 ett
433 588 77 21 sådant
533 588 157 27 förtydligande
713 594 51 15 vara
778 588 81 26 nödigt,
875 588 25 21 så
915 588 39 20 har
966 588 36 26 jag

182 616 112 27 ingenting
318 616 96 22 deremot
437 618 32 20 att
491 617 98 21 invända.
619 617 109 26 Tillägget
750 616 69 22 skulle
842 617 84 21 komma
950 616 52 21 efter

183 645 75 21 orden:
277 644 91 27 ,farleds
385 646 139 26 begagnande
540 646 18 26 ej
575 645 107 21 hindras".

256 673 39 22 För
311 673 64 27 öfrigt
390 674 34 20 vill
438 674 37 26 jag
491 674 32 21 till
539 675 41 20 sist
595 676 57 19 ännu
667 674 85 27 påpeka
764 674 40 21 den
813 673 189 27 behjertansvärda

182 702 117 27 synpunkt,
323 708 46 15 som
390 702 84 27 nyligen
497 702 49 22 kort
569 702 40 22 och
633 703 56 21 klart
713 702 109 21 framhölls
838 702 23 21 af
874 702 76 27 biskop
966 702 36 22 Jo-

181 730 103 22 hansson.
314 731 34 21 Då
364 733 31 19 ett
409 731 116 27 lagförslag
540 731 120 27 föreligger,
677 737 46 15 som
740 730 56 22 afser
811 733 32 19 att
859 732 65 20 ordna
937 733 64 19 rätts-

181 758 149 22 förhållanden
354 760 76 20 endast
451 760 33 21 för
507 766 25 15 en
548 760 49 21 kort
613 760 37 26 tid,
668 766 47 15 men
732 766 45 14 som
794 762 23 18 är
832 759 135 22 framkalladt
982 759 19 21 af

182 788 23 21 af
225 790 32 19 ett
280 788 90 26 specielt
391 788 42 26 fall,
458 788 105 26 nämligen
591 788 84 26 ,fallet"
696 788 36 21 vid
747 788 149 25 Tammerfors,
913 788 24 21 så
952 794 49 15 vore

182 816 36 21 det
234 817 81 26 ganska
330 817 100 21 orättvist
445 818 32 20 att
492 817 64 21 hafva
572 817 6 21 i
594 818 54 26 sigte
664 817 57 21 blott
740 817 132 21 dervarande
887 816 113 22 förhållan-

182 845 41 21 den
248 846 39 20 och
310 845 45 21 helt
378 846 40 20 och
441 846 67 21 hållet
523 846 92 25 glömma
632 846 26 21 de
674 846 57 20 olika
746 846 107 20 intressen
868 846 40 21 och
923 845 77 21 förhäl-

180 873 86 26 landen,
291 880 45 15 som
356 874 27 26 på
398 874 65 21 andra
479 876 58 19 orter
552 874 6 21 i
574 874 72 21 landet
661 876 53 25 göra
730 880 26 15 en
772 880 69 15 annan
857 874 57 26 slags
930 874 70 26 lagbe-

181 903 109 26 stämning
310 902 126 27 nödvändig.
467 903 44 21 Min
533 903 55 27 åsigt
605 905 24 18 är
644 905 32 19 att
692 903 108 21 utskottet
817 903 44 21 deri
877 903 38 21 har
931 902 69 22 träffat

181 931 37 21 det
234 933 63 19 rätta.
327 931 45 21 När
395 938 47 14 man
466 931 47 21 icke
536 933 39 24 gör
590 931 84 21 skilnad
690 931 79 21 mellan
785 933 32 19 att
833 934 75 23 stänga
924 932 76 25 kungs-

180 959 66 21 ådran
262 959 33 21 för
310 959 74 26 längre
400 959 31 21 tid
453 961 26 19 än
495 960 49 21 med
559 959 102 22 afseende
678 960 12 21 å
706 960 91 21 verkens
813 960 138 21 omedelbara
966 960 34 21 be-

180 987 38 22 hof
240 987 22 21 af
284 987 113 22 drifvatten
420 990 24 19 är
465 988 140 27 nödvändigt,
629 990 55 19 samt
700 989 50 20 dess
767 989 117 26 stängande
900 988 56 21 blott
970 987 29 22 för

180 1016 40 21 den
236 1017 31 20 tid
284 1017 27 20 då
327 1017 59 20 detta
402 1016 65 21 behof
481 1023 68 20 varar,
565 1017 25 21 så
606 1017 39 21 har
660 1023 49 15 man
725 1017 89 21 alldeles
829 1017 99 22 förbisett
947 1017 52 21 hvad

180 1045 110 21 utskottet
308 1045 62 21 tänkt
385 1045 6 21 i
408 1045 69 21 denna
492 1045 65 26 fråga.
589 1045 112 22 Professor
716 1045 87 21 Donner
819 1046 51 21 sade
885 1046 7 20 i
907 1046 38 21 sitt
960 1045 39 21 för-

179 1075 36 19 sta
230 1073 139 26 andragande
392 1075 32 19 att
447 1073 36 22 det
503 1074 25 26 ju
548 1074 47 21 icke
615 1077 23 18 är
653 1074 85 27 möjligt
753 1076 32 19 att
801 1076 14 19 t.
833 1081 30 14 ex.
880 1074 31 21 till
928 1076 71 19 natten

179 1101 142 22 undanskaffa
337 1109 25 14 en
379 1102 24 21 så
418 1103 38 26 dyr
471 1103 130 26 anläggning
617 1109 45 14 som
679 1109 26 14 en
720 1102 140 27 fördämning,
875 1103 32 21 för
918 1105 32 19 att
961 1103 37 20 der

180 1130 27 21 då
222 1131 55 21 skall
293 1131 35 20 stå
343 1132 75 25 öppen,
435 1131 68 21 under
518 1131 37 22 det
571 1133 32 19 att
619 1138 47 15 man
682 1131 70 21 under
767 1131 68 27 dagen
855 1131 69 22 skulle
939 1131 59 21 hafva

179 1159 41 21 den
243 1159 86 27 stängd.
360 1159 82 22 Sådant
463 1159 42 22 kan
526 1160 24 27 ju
570 1160 69 26 aldrig
654 1160 86 21 komma
755 1160 6 20 i
777 1159 66 28 fråga.
873 1160 40 21 Vid
929 1159 69 27 hvarje

178 1187 136 27 fördämning
329 1188 39 21 har
384 1195 47 14 man
445 1188 23 27 ju
484 1195 25 14 en
527 1188 52 22 eller
594 1188 52 21 flere
661 1189 82 25 luckor,
760 1189 47 20 dem
824 1195 47 14 man
887 1189 48 20 med
951 1189 47 20 lätt-

178 1216 38 22 het
232 1217 42 20 kan
291 1218 76 25 öppna.
397 1217 43 21 Det
455 1219 24 18 är
494 1219 75 19 natten
585 1223 46 15 som
646 1217 69 21 fisken
732 1217 178 26 hufvudsakligen
922 1217 76 26 begag-

177 1251 39 14 nar
231 1244 35 22 för
281 1245 38 21 sitt
334 1251 53 20 upp-
403 1245 39 21 och
458 1245 153 27 nedstigande;
628 1245 70 22 denna
714 1245 159 27 omständighet
888 1248 24 19 är
923 1245 21 22 af
953 1246 45 21 icke

177 1273 62 26 ringa
262 1273 50 27 vigt.
342 1273 43 22 Det
407 1279 62 22 synes
493 1274 71 21 derför
583 1281 50 14 vara
648 1274 56 21 både
720 1275 88 20 rättvist
823 1274 39 21 och
879 1275 41 20 lätt
935 1274 63 21 utför-

177 1301 49 22 bart
242 1303 33 20 att
290 1304 32 19 ett
338 1302 76 21 sådant
430 1303 121 20 industrielt
566 1303 63 21 verks
644 1303 160 26 fördämningar
819 1305 82 24 öppnas
917 1303 28 27 på
960 1303 37 20 der

177 1330 39 26 tid,
233 1330 28 21 då
277 1330 36 22 det
328 1331 7 20 i
350 1331 41 21 alla
401 1330 36 21 fall
453 1331 47 21 icke
516 1331 103 22 behöfver
635 1331 37 21 det
688 1331 96 22 samlade
799 1333 83 20 vattnet
898 1331 33 22 för
946 1337 51 20 egna

176 1358 73 22 behof.
279 1359 41 26 Jag
344 1361 45 19 tror
412 1361 33 20 att
460 1359 42 22 alla
518 1360 119 21 utskottets
654 1359 76 27 tillägg
746 1362 37 19 äro
799 1360 144 26 välgrundade
960 1359 37 22 och

176 1387 49 22 icke
233 1394 66 19 mera,
309 1390 26 19 än
344 1388 76 27 nödigt
433 1389 62 26 varit,
511 1389 73 20 kunna
599 1395 64 15 anses
679 1388 75 21 ledera
770 1389 26 21 de
812 1389 126 20 industriela
953 1395 43 14 ver-

176 1415 54 22 kens
242 1416 116 21 intressen.
387 1417 41 26 Jag
443 1417 39 21 ber
497 1417 71 21 derför
584 1417 88 21 ståndet
682 1416 91 22 omfatta
784 1417 118 22 utskottets
913 1417 83 26 förslag.

248 1444 118 22 Professori
383 1445 88 22 Donner:
497 1445 42 27 Jag
553 1445 36 22 vill
605 1446 47 21 icke
669 1452 97 20 upprepa
782 1445 150 22 diskussionen
947 1447 49 20 utan

176 1472 57 22 blott
249 1473 49 21 med
314 1473 115 27 anledning
444 1473 22 21 af
481 1474 40 21 den
537 1474 54 21 sista
607 1474 65 21 ärade
688 1474 94 21 talarens
798 1474 90 27 uppgift,
904 1476 32 19 att
952 1474 44 21 hela

176 1501 71 21 denna
271 1502 224 27 lagstiftningsåtgärd
517 1508 51 16 vore
583 1502 113 22 föranledd
712 1503 77 21 endast
804 1502 23 22 af
839 1502 157 22 förhållandena
