1078 1739
215 133 42 20 768
519 135 77 19 Huhtik.
614 134 25 19 19
655 141 21 18 p.

187 197 79 21 takoon
290 197 159 27 hiippakunnan
473 198 208 27 tuomiokapitulille,
701 215 2 8 ,
706 198 40 27 jos
762 197 48 22 sillä
825 198 72 21 tavoin
914 199 97 26 täytetyn

186 225 138 22 ilmoituksen
346 227 109 26 perästä*,
479 227 68 21 kuten
570 229 63 19 sanat
652 227 111 25 kuuluvat,
784 227 71 27 ,josta
870 226 141 22 kirkkoherra

187 254 77 21 älköön
288 254 118 22 todistusta
428 255 103 26 kieltäkö,
556 255 86 22 todeksi
664 257 124 26 näytetään,
810 257 46 20 että
878 255 132 22 semmoinen

187 283 150 22 seurakunnan
359 284 61 26 jäsen
443 290 27 15 on
493 286 87 25 mennyt
604 284 102 26 muuhun,
730 284 90 21 maahan
840 284 171 21 lainmukaisesti

187 313 125 20 asetettuun
334 312 264 27 kirkkoyhdyskuntaan'.
629 313 55 21 Kuin
713 315 75 19 vertaa
813 315 46 18 tätä
882 313 92 27 pykälää
998 315 11 19 9

187 340 68 26 S:ään,
272 341 43 20 niin
330 341 93 21 huomaa
437 341 55 22 siinä
507 341 75 22 olevan
598 342 142 27 määräyksen
756 341 56 27 siitä,
829 343 45 20 että
887 341 123 28 jonkunlai-

187 375 40 15 nen
252 369 86 27 selvitys
362 375 27 16 on
405 372 88 19 tuotava
508 371 60 25 esiin,
585 372 46 20 että
646 377 23 14 se
685 370 94 26 henkilö,
793 370 52 27 joka
860 376 28 15 on
903 370 107 27 luopunut

187 397 76 22 evank.
287 398 168 22 lutherilaisesta
477 399 98 21 kirkosta
598 399 30 21 tai
647 401 86 19 muusta
748 399 261 27 kirkkoyhdyskunnasta,

188 432 26 15 on
238 426 82 22 toiseen
343 428 190 25 protestanttiseen
557 427 242 27 kirkkoyhdyskuntaan
822 429 76 19 otettu.
928 427 80 21 Tämän

185 454 104 28 johdosta
304 456 54 26 sopii
374 458 74 25 syystä
463 456 74 26 kysyä,
553 456 99 22 kenenkä
666 456 139 22 velvollisuus
821 462 27 15 on
859 456 93 21 hankkia
962 457 48 20 tätä

188 483 120 27 selvitystä,
325 484 56 21 onko
397 490 23 16 se
436 485 74 21 evank.
527 485 147 21 lutherilaisen
690 485 151 21 seurakunnan
857 484 93 28 pappien
966 484 44 22 vel-

187 512 111 26 vollisuus,
314 513 34 21 vai
364 513 109 21 kuuluuko
490 520 24 15 se
530 520 37 15 sen
583 514 100 21 henkilön
700 514 87 25 asiaksi,
801 514 52 26 joka
869 520 27 14 on
912 513 98 27 siirtynyt

188 541 76 21 evank.
287 541 169 23 lutherilaisesta
478 542 98 22 kirkosta
596 542 104 27 johonkin
724 542 83 22 toiseen
830 542 178 21 kirkkokuntaan.

188 570 58 20 Minä
261 570 106 27 pyytäisin
384 572 45 20 että
443 571 191 21 kunnianarvoiset
649 571 143 21 valiokunnan
804 571 86 27 jäsenet
906 570 103 22 selvittäi-

187 598 57 22 sivät
259 600 72 20 tämän
348 599 66 21 asian.

256 626 88 22 Lehtori
357 628 154 27 Schwartzberg
527 628 81 22 vastasi
624 628 102 28 edellisen
742 628 95 27 puhujan
847 628 161 27 kysymykseen,

188 657 46 20 että
256 656 97 21 mietintö
377 657 116 27 edellyttää
514 657 102 27 luopujan
637 657 82 21 omaksi
735 657 81 21 asiaksi
832 656 94 22 hankkia
942 656 68 22 todis-

188 684 78 22 tuksen
283 685 173 27 liittymisestään
469 685 104 27 johonkin
594 686 82 22 toiseen
692 685 248 27 kirkkoyhdyskuntaan.

256 713 73 27 Piispa
343 714 124 22 Johansson:
483 714 112 22 Tahtoisin
611 714 143 22 huomauttaa
769 716 72 19 tämän
856 714 92 27 pykälän
962 714 48 27 joh-

188 742 69 26 dosta,
284 742 60 22 ett'ei
367 743 127 27 säädetyssä
516 743 43 27 ijän
582 745 110 19 määrässä
716 743 34 21 ole
772 743 79 21 mitään
877 742 133 22 kirkkolakia

188 770 140 27 loukkaavaa,
352 771 72 26 kuten,
445 772 35 26 jos
497 772 71 21 oikein
584 772 113 27 ymmärsin
714 772 95 26 provasti
825 772 82 20 Wallen
923 772 87 20 lausun-

187 805 49 19 non,
261 799 42 21 hän
326 800 69 27 näkyy
416 800 129 22 käsittävän.
576 800 52 22 Sillä
644 800 194 22 eriuskolaislaissa
853 800 56 27 kyllä
925 802 85 19 saattaa

187 829 105 25 määrätä,
309 829 65 21 missä
390 829 65 27 ijässä
471 835 38 15 saa
524 830 55 20 eritä
599 829 169 21 kansakirkosta
781 830 23 26 ja
819 829 111 21 vieraasen
946 828 65 22 usko-

187 856 94 22 kuntaan
297 859 83 19 mennä.
411 858 31 20 En
459 858 51 21 soisi
525 860 71 19 tämän
612 858 124 22 ikämäärän
752 858 131 21 laskemista.
913 857 97 22 Jonkun-

188 885 72 21 Jainen
284 886 106 21 henkinen
406 886 113 28 kypsymys
535 887 102 21 tarvitsee
654 887 48 21 sillä
718 886 49 25 olla,
781 886 52 27 joka
846 886 70 27 jättää
930 886 81 21 isäinsä

189 913 75 22 uskon.
295 914 54 21 Mitä
364 917 47 19 taas
427 915 95 27 provasti
538 915 124 21 Forsmanin
678 915 155 27 kysymykseen
849 915 63 26 tulee,
928 914 43 22 niin
984 920 27 16 on

189 942 65 26 selvä,
278 943 96 20 niinkuin
394 944 23 26 jo
440 944 78 21 lehtori
542 944 162 25 Schwartzberg
720 944 67 25 sanoi,
803 945 47 19 että
862 944 89 26 jäsenen
967 943 43 21 vel-

188 970 104 22 vollisuus
308 977 26 15 on
351 971 107 22 toimittaa
473 972 93 21 todistus
583 972 49 21 siitä
647 972 179 26 seurakunnasta,
840 972 59 27 josta
912 972 42 21 hän
965 971 46 22 luo-

188 1005 51 20 puu,
253 999 24 27 ja
292 1000 62 21 viedä
370 1007 23 14 se
409 1001 67 24 sinne,
490 1001 67 26 johon
573 1001 43 21 hän
631 1007 81 15 menee.

257 1028 147 22 Kirkkoherra
418 1029 102 22 Torckell:
543 1029 42 27 Jag
601 1030 69 21 skulle
686 1029 27 22 be
729 1031 33 19 att
777 1029 21 20 fä
814 1029 131 21 understöda
960 1034 50 21 pro-

187 1056 71 21 fessor
274 1057 112 26 Räberghs
402 1058 40 21 och
461 1060 176 19 reservanternas
657 1058 89 26 förslag,
762 1057 41 22 och
818 1063 63 16 anser
897 1059 32 19 att
944 1057 66 21 orden

188 1085 103 27 vätnjutit
313 1092 19 15 o.
348 1092 17 15 s.
382 1087 33 20 v."
432 1089 37 19 äro
493 1087 136 26 tillräckliga.
658 1087 30 27 Ty
712 1087 57 20 hvad
791 1086 101 21 beträffar
915 1086 27 21 de
965 1085 45 25 ord,

187 1119 46 15 som
247 1116 89 24 prosten
359 1115 55 26 Lyra
428 1115 97 26 föreslår,
541 1115 115 26 nämligen:
681 1132 4 8 ,
689 1115 97 26 innehar
801 1115 41 21 den
858 1115 153 21 kristendoms-

187 1142 148 27 kunskap*',sä
358 1143 72 22 kunna
452 1144 26 21 de
501 1143 57 27 gifva
581 1144 115 26 anledning
720 1143 32 21 till
768 1143 85 27 mycket
868 1143 143 21 trakasserier

187 1170 45 21 frän
257 1177 37 16 ens
318 1171 40 22 och
382 1178 79 15 annans
478 1172 46 21 sida
539 1175 46 18 mot
601 1173 40 21 den
657 1179 47 15 som
719 1172 35 21 vill
772 1171 96 28 öfvergä;
884 1172 70 21 tillika
969 1172 42 20 kan

187 1201 96 25 presten,
300 1206 33 15 om
349 1200 42 22 han
411 1203 45 19 tror
476 1201 33 26 sig
527 1201 58 21 finna
601 1201 41 22 den
657 1201 107 26 kunskap,
781 1207 46 14 som
842 1201 41 20 han
899 1207 63 14 anser
978 1206 33 15 er-

186 1227 109 28 forderlig,
320 1229 86 26 saknas,
430 1229 39 22 och
492 1229 33 22 för
548 1229 41 22 den
613 1229 55 22 skull
690 1232 82 24 vägrar,
792 1229 65 22 blifva
872 1229 91 27 beskyld
978 1228 34 21 för

186 1256 128 27 partiskhet.
345 1257 42 22 För
402 1260 33 19 att
451 1258 84 21 derföre
551 1259 93 20 undvika
658 1258 27 21 all
698 1258 113 27 anledning
822 1258 32 21 till
868 1257 39 22 och
918 1257 94 27 beskyll-

186 1285 50 26 ning
260 1285 33 21 för
311 1285 142 23 trakasserier
469 1287 40 21 och
525 1287 109 21 motständ
649 1287 46 20 frän
712 1287 149 26 prestskapets
878 1286 52 26 sida,
947 1292 65 15 anser

183 1313 37 26 jag
236 1314 67 21 orden
320 1315 102 26 ,ätnjutit
438 1321 18 15 o.
473 1321 17 15 s.
506 1316 34 20 v."
557 1322 50 15 vara
623 1315 136 26 tillräckliga.

254 1343 99 21 Provasti
370 1343 59 28 Lyra:
459 1343 41 28 Jag
522 1346 36 19 vet
576 1344 47 21 icke
639 1345 44 20 rätt
700 1350 33 15 om
750 1343 37 21 det
803 1345 24 20 är
842 1343 148 27 skiljaktighet
1005 1343 7 20 i

185 1369 55 22 form
264 1371 52 22 eller
331 1371 7 21 i
354 1372 39 21 sak
416 1372 89 22 emellan
525 1373 42 26 mig
589 1373 40 21 och
645 1373 55 25 dem,
718 1379 47 14 som
780 1372 48 21 icke
844 1372 115 25 godkänna
975 1371 37 21 det

185 1398 23 21 af
222 1399 44 27 mig
280 1400 76 27 gjorda
371 1400 109 28 förslaget.
504 1395 136 28 Ätminstone
654 1401 70 22 hörde
738 1401 37 26 jag
791 1401 45 21 helt
851 1407 49 20 nyss
917 1400 47 21 frän
980 1402 32 19 ett

184 1427 44 21 håll
245 1428 41 21 den
302 1429 86 26 mening
404 1430 85 25 uttalas,
507 1431 33 20 att
555 1430 37 21 det
607 1430 7 21 i
628 1429 76 28 sjelfva
719 1430 77 21 verket
810 1435 51 16 vore
876 1435 43 20 nog
935 1434 35 15 om
985 1434 26 15 en

183 1461 81 21 person
280 1457 56 21 blott
352 1458 47 26 gätt
414 1458 6 20 i
437 1458 78 21 allmän
530 1458 124 21 skriftskola
671 1458 41 21 och
728 1460 34 19 att
777 1458 37 21 det
831 1458 39 20 här
884 1458 48 20 icke
944 1457 68 21 heller

184 1490 50 15 vore
250 1484 60 28 fräga
326 1491 34 15 om
376 1486 67 26 nägot
458 1489 72 19 annat.
561 1486 106 28 Tillägget
688 1486 39 22 har
742 1486 119 22 emellertid
884 1486 23 21 af
927 1487 84 25 preste-

184 1512 89 23 ståndet
296 1514 58 27 sjelft
376 1514 69 22 blifvit
468 1515 72 27 gjordt
555 1515 6 21 i
575 1515 55 27 syfte
652 1517 34 19 att
709 1517 115 25 garantera
847 1521 25 15 en
893 1515 41 21 den
950 1513 62 22 allra-
