1078 1739
191 122 40 20 124
505 126 80 18 Helmik.
601 125 13 19 4
629 132 18 17 p.

163 187 121 27 återgifvas,
304 187 64 23 hafva
387 188 21 22 vi
428 188 87 23 dermed
530 189 49 22 icke
593 189 57 21 velat
665 187 88 23 beröfva
762 188 175 28 Öfverstyrelsen
952 187 35 23 för

163 215 158 23 Skolväsendet
342 217 131 27 rättigheten
495 220 33 19 att
546 217 104 22 särskildt
665 223 77 20 genom
758 216 228 29 Öfverinspektorerna

160 244 37 22 vid
216 245 134 22 visitationer
364 245 22 22 af
400 246 101 22 skolorna
517 247 70 21 erinra
602 246 106 21 enskildta
722 246 70 21 lärare
807 247 48 20 med
872 246 113 27 anledning

161 273 24 22 af
198 273 94 22 befunna
309 274 164 27 försummelser,
490 277 57 20 samt
562 277 39 24 att,
618 281 33 15 om
668 275 24 21 så
707 274 96 22 befinnes
819 275 81 26 nödigt,
911 275 73 27 intaga

162 302 64 27 dessa
252 303 118 27 erinringar
396 304 7 21 i
430 304 260 27 visitationsprotokollet.
728 303 75 22 Denna
825 303 105 27 rättighet
952 303 34 22 för

163 330 171 28 Öfverstyrelsen
357 334 24 19 är
403 332 32 22 för
456 333 76 21 skolan
553 332 94 27 behöflig
662 332 40 22 och
718 332 70 27 nyttig
803 332 41 21 och
861 332 38 21 bör
914 331 71 23 derför

162 359 95 27 qvarstå.
287 361 49 20 Men
356 367 27 15 en
402 361 83 22 erinran
501 363 25 20 är
541 363 57 20 ännu
613 361 48 21 icke
677 367 26 15 en
720 361 77 21 ådömd
813 361 94 26 varning.
938 361 46 21 Den

161 387 77 29 blifver
258 389 36 21 det
309 389 54 21 först
378 390 129 26 derigenom,
525 392 32 19 att
573 389 161 22 vederbörande
750 390 69 28 lärare
835 390 102 21 besvärar
952 390 34 26 sig

161 417 33 21 till
216 417 170 27 Öfverstyrelsen
408 418 59 22 öfver
485 419 70 21 denna
576 419 90 25 erinran,
690 418 41 21 och
750 418 171 27 Öfverstyrelsen
936 419 49 20 med

161 445 115 27 anledning
297 446 63 28 häraf
373 446 60 22 fäller
448 449 32 19 ett
499 448 78 26 utslag,
595 447 92 27 lydande
705 447 29 27 på
753 447 95 26 varning,
866 447 51 21 eller
937 447 48 21 der-

161 474 86 26 igenom
270 476 33 20 att
322 474 170 28 Öfverstyrelsen
507 476 28 27 på
550 476 69 26 grund
635 476 23 21 af
678 476 37 21 det
735 476 100 20 inkomna
853 475 131 22 visitations-

163 502 130 27 protokollet
309 503 84 22 dömma
409 504 39 21 den
465 505 99 21 erinrade
579 505 83 21 läraren
678 504 33 22 till
723 504 124 22 erhållande
859 504 22 21 af
890 504 94 26 varning.

161 531 66 22 Innan
251 532 67 21 sådan
340 532 48 22 dom
411 533 60 24 fallit,
487 534 70 21 måste
576 534 83 21 läraren
674 533 73 21 kunna
763 539 63 15 anses
842 533 71 21 såsom
930 532 55 22 oför-

162 560 61 27 vitlig
244 561 40 21 och
300 561 84 21 således
399 568 50 15 vara
464 562 122 27 berättigad
603 562 31 21 till
650 562 173 26 arvodestillägg.
854 562 48 21 Men
918 562 67 21 sedan

162 589 76 21 domen
262 589 59 27 fallit,
342 590 39 22 bör
399 590 42 22 han
461 597 40 20 ega
519 591 106 27 rättighet
645 593 37 24 att,
700 597 33 15 om
750 590 41 22 han
807 590 71 22 dertill
892 592 46 20 tror
952 590 34 27 sig

161 617 64 22 hafva
240 618 54 25 skäl,
310 619 54 21 söka
378 620 89 21 rättelse
482 620 7 20 i
505 620 66 26 högre
586 620 90 21 instans.

230 646 32 22 På
285 648 67 26 grund
375 648 23 21 af
416 648 37 22 det
471 648 89 22 anförda
579 649 55 25 våga
648 649 27 25 vi,
692 648 71 22 dertill
779 648 102 21 särskildt
896 654 88 20 uppma-

162 675 56 21 nade
233 675 23 21 af
270 676 66 26 några
351 676 69 22 lärare
435 677 6 21 i
456 677 72 27 Borgå
543 677 53 26 stift,
613 677 125 27 ödmjukast
752 676 80 22 föreslå

334 724 31 20 att
380 722 71 28 början
467 723 27 26 af
504 722 15 28 $
537 724 30 20 77
582 723 9 21 i
603 722 99 28 gällande
720 721 140 28 Skolordning
874 722 66 21 måtte
953 729 34 14 er-

264 750 57 22 hålla
342 751 91 27 följande
455 752 129 26 förändrade
603 751 89 27 lydelse:
724 746 63 32 Öfver
806 751 78 21 ådömd
896 752 90 26 varning

266 779 108 28 äfvensom
391 780 8 21 i
414 780 24 20 de
453 780 69 27 öfriga
537 780 44 21 mål
595 780 16 27 $
629 782 28 18 76
673 779 133 27 omförmäler
820 780 36 20 mä
872 780 90 26 ändring
977 780 9 20 i

269 804 174 32 Öfverstyrelsens
458 809 70 27 utslag
543 809 62 21 sökas
620 808 38 22 hos
674 808 39 22 den
728 808 90 27 Hofrätt
833 816 17 14 o.
866 815 18 15 s.
899 816 17 14 v.

163 852 40 21 och
217 852 22 21 fä
254 853 20 21 vi
289 854 109 20 vördsamt
413 854 84 21 anhälla
509 856 33 19 att
555 854 36 22 det
602 854 132 26 högvördiga
744 854 164 21 Prestaständet
918 854 67 21 mätte

163 880 83 22 skänka
267 882 60 21 detta
350 883 213 27 petitionsmemorial
586 883 39 21 sitt
639 882 119 22 understöd
774 888 77 21 genom
866 884 32 20 att
913 883 73 21 remit-

162 911 48 19 tera
226 910 119 22 detsamma
360 911 31 21 till
407 912 144 26 vederbörligt
566 911 91 22 utskott.

232 949 134 28 Helsingfors
383 951 41 21 den
439 953 13 19 2
468 952 60 21 Febr.
545 953 62 20 1888.

266 990 48 21 Alfr.
330 991 96 21 Kihlman.
668 991 43 21 Joh.
727 990 59 22 Gabr.
802 990 80 22 Geitlin.

232 1075 16 27 N)
264 1076 97 21 Provasti
376 1076 90 22 Järvisen
482 1077 192 22 anomusehdotus:

314 1121 259 23 Korkea-arvoiselle
592 1123 241 27 Pappissäädylle.

231 1161 157 22 Kanavatöistä
410 1162 123 27 Päijänteen
553 1163 203 27 pohjoispuolisissa
774 1162 127 22 vesistöissä
920 1163 65 22 asetti

162 1189 192 22 valtiovaliokunta
372 1191 83 21 vuoden
478 1193 53 20 1885
547 1192 160 27 valtiopäivillä,
724 1191 175 21 kuulusteltuaan
915 1192 69 21 asian-

162 1218 97 21 tuntevia
275 1219 123 26 henkilöitä,
415 1220 105 27 etusijaan
535 1220 97 21 kanavan
648 1220 113 22 Keiteleen
774 1219 24 28 ja
813 1220 124 27 Päijänteen
948 1223 36 18 vä-

161 1246 52 21 lillä.
242 1247 158 27 Kääntyessäni
416 1249 95 26 säätyjen
526 1249 93 26 puoleen
634 1249 120 27 pyynnöllä,
772 1250 45 19 että
833 1249 75 26 säädyt
923 1251 61 24 päät-

161 1275 88 21 täisivät
270 1277 96 20 kanavan
384 1277 112 22 Keiteleen
512 1277 23 28 ja
553 1278 125 27 Päijänteen
697 1277 73 21 välillä
788 1277 196 27 rakennettavaksi,

161 1303 49 22 voin
230 1303 46 27 siis,
295 1305 52 21 mitä
366 1305 57 22 tulee
438 1308 71 19 tämän
525 1306 97 21 kanavan
639 1306 137 21 etuisuuteen
792 1307 125 20 verrattuna
931 1306 54 21 mui-

161 1331 37 22 hin
213 1332 167 28 kysymyksessä
395 1334 92 21 olevissa
502 1335 125 21 vesistöissä
643 1334 159 22 ehdotettuihin
813 1335 105 25 kanaviin,
930 1341 54 15 vaan

161 1360 76 22 viitata
244 1361 172 26 yllämainittuun
424 1363 207 22 valtiovaliokunnan
641 1363 137 25 lausuntoon,
786 1365 117 19 annettuna
912 1363 72 21 osaksi

161 1389 132 22 hallituksen
308 1391 127 22 Armollisen
451 1392 110 27 esityksen
571 1398 35 15 n:o
617 1393 28 20 28
656 1392 72 21 osaksi
740 1391 244 28 valtiopäiväjärjestyk-

161 1423 38 16 sen
216 1420 26 20 36
259 1419 33 26 $:n
308 1419 106 27 johdosta.

229 1447 55 22 Mitä
299 1450 47 19 taas
363 1448 57 21 tulee
434 1449 219 27 Keitele-Päijänteen
669 1449 99 21 kanavan
780 1454 78 16 arvoon
870 1449 114 26 itsessään,

160 1474 110 23 lausuivat
288 1476 163 27 asiantuntevat,
469 1478 55 26 joita
543 1477 192 21 valtiovaliokunta
753 1477 62 21 viime
830 1477 154 27 valtiopäivillä

160 1502 129 24 kuulusteli:
314 1507 46 19 että
382 1512 24 14 se
425 1506 18 21 ei
462 1506 63 21 voine
545 1505 42 22 olla
605 1506 61 22 aivan
682 1506 67 26 suuri,
765 1508 116 24 perustaen
896 1506 27 21 he
938 1506 46 21 lau-
