1078 1739
210 122 40 20 204
513 127 79 18 Helmik.
609 125 22 20 21
650 133 18 17 p.

181 187 85 22 ainakin
288 188 139 22 koettaisivat
445 190 89 22 kumota
553 191 53 22 niitä
625 196 116 16 runsaassa
756 192 109 20 määrässä
878 190 22 27 ja
916 190 84 28 täysillä

181 217 61 27 syillä
258 217 52 22 esiin
326 218 83 27 tuotuja
424 219 159 28 muistutuksia,
597 220 55 27 joita
667 219 97 22 tässäkin
780 219 103 28 säädyssä
898 225 26 16 on
940 219 61 28 tehty

180 245 112 22 mietintöä
314 249 94 19 vastaan.
438 248 131 23 Vastatkoot
591 249 142 22 valiokunnan
751 249 86 26 jäsenet
857 255 53 15 vaan
932 249 68 21 siihen

180 275 163 27 kysymykseen,
360 276 47 21 eikö
423 278 164 27 maanviljelijän
604 278 33 21 ole
652 279 62 26 syytä
729 277 66 22 saada
810 277 191 27 palvelusväkensä

181 303 70 22 avulla
274 306 76 25 työnsä
373 305 106 28 tehdyksi,
503 309 58 19 maat
576 306 141 28 kynnetyiksi,
738 306 44 27 ojat
801 306 133 27 kaivetuiksi,
952 308 50 19 suot

180 332 140 25 kuokituiksi,
344 334 62 27 niityt
426 335 125 22 raivatuiksi
569 336 16 27 j.
601 343 20 14 n.
638 342 17 15 e.
672 335 34 21 vai
721 335 87 27 pitääkö
825 335 82 22 vuoden
923 335 80 22 viimei-

181 361 77 22 nenkin
280 362 143 22 mahdollinen
439 365 86 26 työaika
540 365 164 21 marraskuussa
720 364 141 21 tuhlattaman
877 364 127 27 römppävii-

181 390 43 21 kon
242 390 167 27 juhlamenoihin
428 393 23 26 ja
467 399 37 16 sen
520 395 87 26 perästä
623 393 144 28 tapahtuvaan
783 393 121 27 palvelijain
920 395 84 25 opasta-

183 419 81 21 miseen
284 420 23 26 ja
330 421 57 21 talon
410 423 100 25 työtavan
533 423 207 25 tutustuttamiseen,
765 422 48 21 sillä
835 422 67 21 siihen
924 422 79 21 ensiksi

182 448 62 21 aikaa
260 454 80 16 menee.
371 450 86 21 Päteviä
477 450 85 28 keinoja
582 458 26 14 en
623 451 57 21 luule
696 450 126 22 kenenkään
838 451 75 21 voivan
928 451 76 21 keksiä

182 483 38 15 sen
241 477 118 22 kaltaiseen
380 478 47 28 ajan
449 480 155 22 tuhlaamiseen
618 480 23 27 ja
656 479 73 22 väärin
746 480 161 26 käyttämiseen.
936 480 68 21 Pidän

182 506 197 22 velvollisuutenani
396 514 37 15 sen
449 509 75 21 vuoksi
540 509 110 25 ilmoittaa,
667 510 46 20 että
727 508 141 28 täydellisesti
884 508 69 28 yhdyn
964 508 40 21 nii-

183 534 41 22 den
240 535 192 23 kunnioitettavain
449 538 103 26 puhujain
568 538 175 27 mielipiteeseen,
757 537 62 27 jotka
833 539 58 19 tässä
902 538 103 26 säädyssä

183 565 49 19 ovat
254 564 152 27 puolustaneet
429 566 130 22 hallituksen
582 567 90 27 esitystä
692 566 135 27 muuttoajan
848 566 156 26 siirtämisestä,

181 592 23 28 ja
226 592 103 22 tahtoisin
352 594 83 27 lopuksi
459 602 53 14 vaan
533 596 82 23 lausua,
637 597 45 20 että
702 597 58 19 tämä
779 595 97 27 kysymys
892 595 113 27 palveliain

183 622 157 28 muuttoajasta
356 629 25 15 on
398 624 41 20 sitä
449 624 73 22 laatua
534 627 51 24 että,
600 624 54 22 ellei
667 626 37 26 nyt
716 624 64 21 näillä
792 624 156 27 valtiopäivillä,
961 624 44 21 kun

183 650 99 22 tilaisuus
302 657 26 15 on
350 652 89 27 tarjona,
460 654 65 21 saada
541 654 149 21 muuttoaikaa
706 653 125 27 siirretyksi,
848 659 22 15 se
886 653 56 21 vielä
956 659 48 15 vas-

183 679 139 23 taisuudessa
342 680 22 28 ja
387 681 41 27 yhä
449 682 120 22 uudestaan
589 683 57 21 tulee
663 682 54 22 esiin
733 682 79 21 milloin
828 682 102 21 missäkin
946 688 58 15 muo-

185 708 72 22 dossa.
288 709 65 21 Tämä
368 710 98 28 kysymys
483 717 26 15 on
525 712 52 26 yhtä
593 712 93 21 sitkeätä
702 711 72 21 laatua
789 711 50 21 kuin
854 711 63 21 Porin
932 713 73 19 rauta-

184 737 137 28 tiekysymys,
335 738 46 28 jota
396 740 18 20 ei
431 740 66 21 saada
512 740 108 22 haudassa
633 742 123 26 pysymään,
770 740 77 21 vaikka
859 740 85 27 lapiolla
954 742 52 25 pää-

184 766 41 21 hän
241 766 113 28 lyötäisiin.

253 796 145 22 Kirkkoherra
421 798 77 21 Wallin:
529 797 163 27 Otvifvelaktigt
716 797 38 22 har
773 797 72 27 hvarje
863 797 142 27 flyttningstid

185 824 59 21 såväl
266 824 93 22 fördelar
378 832 45 15 som
443 827 146 26 olägenheter.
619 827 79 21 Säkert
717 828 23 20 är
759 828 32 20 att
807 827 39 21 den
864 828 8 19 1
892 826 114 22 november

185 853 39 21 har
247 853 130 23 ätminstone
400 855 107 27 ätskilliga
529 856 93 21 fördelar
641 855 89 22 framför
748 856 39 20 den
806 857 9 19 1
837 855 117 26 december,
971 862 34 15 om

185 882 65 21 ocksä
266 882 13 21 ä
294 883 66 21 andra
375 883 60 22 sidan
452 884 40 22 den
510 886 9 20 1
536 884 113 22 december
664 884 62 22 torde
741 884 94 26 aflägsna
851 884 56 22 vissa
920 884 86 27 olägen-

184 910 68 27 heter,
277 917 45 15 som
345 912 85 22 vidläda
453 913 41 21 den
517 916 7 18 1
547 914 119 21 november.
699 913 66 21 Detta
785 913 74 27 tycker
876 913 38 27 jag
930 913 78 27 tydligt

184 939 95 27 framgär
300 940 22 21 af
344 940 25 21 de
390 942 157 27 andraganden,
569 948 45 15 som
633 943 6 20 i
660 942 42 26 dag
718 942 68 21 blifvit
802 942 74 27 gjorda
891 942 7 21 i
913 942 93 21 ständet.

185 968 49 21 Men
250 969 86 21 säsnart
351 969 37 22 det
402 970 67 27 gäller
485 972 32 20 att
532 971 125 26 bestämma,
674 971 86 20 hvilken
778 971 40 26 dag
833 971 39 21 bör
883 970 124 27 föredragas

184 996 89 22 framför
295 997 40 22 den
356 999 72 26 andra,
448 999 65 22 blifva
531 1000 137 27 meningarna
683 1001 77 25 genast
776 999 81 22 delade.
888 999 76 22 Medan
981 1006 26 15 en

185 1025 34 22 del
242 1032 64 15 anser
326 1027 41 21 den
389 1029 7 19 1
415 1029 114 21 november
544 1029 128 26 lämpligast,
690 1034 52 15 anse
758 1028 47 21 äter
821 1028 65 21 andra
902 1030 31 19 att
949 1029 59 21 tiden

185 1055 39 21 bör
247 1054 127 28 framtlyttas
395 1057 31 20 till
443 1057 40 22 den
501 1059 8 20 1
529 1057 118 22 december.
678 1057 44 22 Det
737 1059 23 19 är
774 1057 45 26 just
836 1057 68 21 denna
919 1057 87 22 osäker-

184 1083 37 22 het
237 1084 41 21 och
294 1085 134 27 villrädighet
441 1087 48 20 med
501 1086 100 22 afseende
613 1087 12 20 å
639 1087 39 21 den
694 1087 56 20 rätta
762 1085 186 28 flyttningsdagen,
961 1092 46 15 som

184 1112 96 22 befästat
298 1113 40 22 hos
357 1114 42 27 mig
420 1115 40 21 den
476 1115 85 27 tanken,
578 1121 45 15 som
637 1115 37 27 jag
689 1115 66 21 redan
771 1115 84 27 hyllade
870 1115 7 20 i
892 1115 114 26 utskottet,

185 1143 32 19 att
240 1147 49 16 man
313 1142 47 22 icke
381 1143 39 21 bör
439 1143 113 22 bortkasta
571 1144 40 21 den
630 1144 71 27 gamla
714 1143 178 28 flyttningsdagen
908 1146 51 19 utan
976 1145 32 20 att

184 1176 49 15 man
254 1170 7 21 i
282 1171 74 21 stället
370 1171 41 22 kan
426 1172 69 22 införa
510 1173 123 26 nägonting,
650 1179 46 15 som
712 1173 22 20 af
749 1173 40 20 den
805 1172 105 22 allmänna
926 1173 81 26 opinio-

185 1205 40 15 nen
250 1199 108 27 uppbäres
379 1201 70 21 säsom
472 1202 65 26 nägot
552 1202 78 21 bättre.
660 1202 50 21 Men
724 1201 37 28 jag
777 1201 96 21 betviflar
888 1201 118 27 högeligen,

184 1227 107 22 huruvida
312 1229 40 21 den
374 1231 8 19 1
401 1229 114 22 december
530 1232 24 19 är
569 1230 61 22 detta
645 1230 79 22 bättre.
756 1229 38 22 Om
807 1230 39 27 jag
861 1230 147 21 sammanstäl-

184 1256 31 21 ler
231 1257 27 20 de
274 1256 98 29 fördelar,
389 1264 46 15 som
452 1259 40 21 den
509 1261 9 19 1
536 1259 114 22 november
666 1259 106 28 erbjuder,
788 1259 49 21 med
853 1259 26 21 de
889 1258 22 22 fä
922 1259 85 27 olägen-

184 1285 68 26 heter,
270 1291 45 16 som
332 1287 39 20 den
389 1289 8 18 1
416 1287 113 22 december
544 1288 99 27 möjligen
659 1287 114 28 aflägsnar,
786 1287 24 22 sä
821 1289 87 20 stannar
918 1288 38 27 jag
968 1288 39 21 alls

185 1313 47 22 icke
249 1314 7 21 i
272 1315 140 27 villrädighet,
429 1316 85 22 hvilken
531 1317 41 27 dag
585 1317 38 27 jag
638 1317 32 22 för
686 1317 42 21 min
745 1317 34 21 del
794 1316 130 27 föredrager.

257 1343 43 22 Det
322 1345 25 20 är
367 1345 32 20 väl
421 1345 41 22 den
476 1345 89 22 lättaste
581 1346 38 21 sak
635 1346 6 21 i
656 1346 89 21 verlden
761 1347 33 20 att
808 1346 52 26 göra
874 1345 133 22 anmärknin-

183 1377 38 20 gar
243 1377 35 16 om
297 1372 85 22 hvilken
401 1374 42 27 dag
458 1380 45 15 som
519 1374 58 22 helst
591 1375 67 21 under
674 1375 50 20 hela
740 1374 47 21 året
802 1375 70 20 såsom
887 1374 120 27 flyttnings-

184 1399 48 28 dag.
265 1401 49 21 Men
336 1407 33 16 om
389 1409 48 15 man
456 1403 47 22 icke
521 1403 42 22 kan
581 1405 45 20 mot
645 1403 41 22 den
706 1406 8 19 1
732 1403 115 22 november
862 1403 72 21 anföra
949 1409 59 16 mera

185 1430 135 25 graverande
341 1431 170 28 anmärkningar,
527 1434 27 19 än
570 1438 45 15 som
631 1432 50 27 ingä
697 1432 7 21 i
719 1431 49 22 herr
782 1432 140 26 Lagerstedts
938 1438 70 15 reser-

183 1458 81 26 vation,
282 1459 40 21 och
338 1465 45 15 som
399 1460 7 20 i
422 1460 42 27 dag
479 1461 68 21 blifvit
562 1461 88 21 anförda
666 1461 6 21 i
690 1461 60 21 detta
766 1461 69 25 stånd,
852 1461 24 21 sä
888 1461 73 27 tycker
970 1461 38 27 jag

183 1488 33 19 att
232 1493 49 15 man
298 1487 34 21 väl
348 1488 41 21 kan
404 1488 65 22 blifva
485 1489 34 21 vid
537 1489 36 21 det
585 1490 125 21 bestäende.
734 1489 46 21 Den
795 1489 54 22 enda
861 1489 146 28 anmärkning,

181 1520 47 16 som
246 1516 39 27 jag
304 1516 42 22 kan
366 1524 51 16 anse
439 1524 51 16 vara
505 1518 23 22 af
539 1518 82 28 verklig
635 1518 112 28 betydelse
762 1520 24 20 är
801 1518 48 28 den,
864 1524 46 16 som
925 1518 61 28 ingär
1000 1519 8 21 i
