1078 1739
416 125 83 23 Maalisk.
518 123 25 19 10
559 129 18 19 p.
837 123 39 20 311

81 189 128 27 käyttäneet
225 187 58 28 juuri
306 187 198 27 kansakoulujensa
519 187 179 27 ylläpitämiseksi
712 187 22 28 ja
748 187 84 22 kenties
847 189 59 26 myös

81 217 185 27 perustamiseksi.
296 217 73 21 Mutta
383 218 59 19 tämä
457 216 159 27 paloviinavero
633 222 27 15 on
675 218 39 25 nyt
729 216 43 21 niin
788 216 117 26 alentunut,

81 248 47 19 että
143 246 46 21 ensi
205 245 105 22 vuodeksi
324 245 126 22 luultavasti
467 245 19 20 ei
497 246 79 20 anneta
584 245 136 26 penniäkään
728 245 43 25 yllä
778 245 129 21 mainittuun

81 274 170 21 tarkoitukseen.
281 274 50 21 Kun
354 274 38 21 siis
416 273 95 21 tämäkin
531 273 113 21 tulolähde
659 273 186 22 maalaiskunnille
860 275 46 20 tau-

81 303 42 21 koo
139 303 111 25 olemasta,
266 303 44 20 niin
326 303 56 20 onko
398 303 61 26 syytä
473 302 58 27 juuri
547 303 38 26 nyt
599 304 77 19 ruveta
690 302 153 27 pakottamaan
855 302 51 27 köy-

80 331 37 22 hiä
135 332 76 21 kuntia
226 333 76 20 vasten
318 331 117 21 tahtoansa
447 331 24 26 ja
485 331 28 26 yli
529 331 118 21 voimainsa
662 332 152 25 perustamaan
829 331 77 21 kansa-

81 360 94 27 kouluja.
205 360 113 21 Tähänkin
340 360 91 21 katsoen
454 359 109 21 rohkenen
587 359 103 22 ehdottaa
708 361 46 20 että
769 359 61 22 esillä
845 359 61 22 oleva

81 389 104 26 mietintö,
202 389 52 21 mitä
270 395 39 15 sen
324 388 153 27 loppuponnen
493 388 54 21 sekä
560 388 116 21 edelliseen
685 390 46 19 että
737 388 169 27 jälkimmäiseen

81 417 134 21 momenttiin
230 417 65 26 tulee,
312 417 148 27 hyljättäisiin,
474 417 23 26 ja
513 419 46 19 että
574 417 37 20 siis
627 417 53 25 asia,
696 417 96 21 niinkuin
804 417 102 21 tähänkin

81 446 89 26 saakka,
187 446 50 21 saisi
251 448 78 19 mennä
344 451 123 16 menoansa.

150 474 188 27 Tuomioprovasti
354 474 63 27 Hjelt:
443 474 39 21 Om
498 480 48 14 man
563 473 13 21 å
591 480 40 14 ena
647 474 61 21 sidan
726 480 62 15 anser
804 474 37 21 det
855 480 51 15 vara

82 503 127 22 samhällets
232 503 55 27 pligt
310 505 32 19 att
362 505 59 19 sätta
437 502 26 22 de
479 502 142 27 uppväxande
637 502 6 21 i
659 502 84 22 tillfälle
759 504 32 19 att
806 502 100 22 förskaffa

83 532 34 27 sig
140 532 26 21 de
186 532 131 26 kunskaper,
334 538 45 14 som
396 532 52 26 göra
464 531 48 21 dem
528 531 32 21 till
577 531 83 27 nyttiga
675 532 138 20 medlemmar
828 531 7 21 i
851 537 53 15 sam-

82 561 68 21 hället
176 561 39 21 och
238 560 107 26 skickliga
364 562 33 19 att
417 559 98 27 uppfatta
531 561 47 19 sina
594 560 188 26 samhällspligter,
798 560 24 20 sä
838 560 68 21 mäste

83 589 68 22 också
167 589 115 21 samhället
298 589 12 21 å
326 589 67 21 andra
408 589 62 21 sidan
486 594 40 20 ega
541 588 132 26 befogenhet
689 591 39 23 att,
744 595 34 15 om
790 589 59 21 detta
859 588 47 22 icke

81 618 52 22 sker
157 618 52 21 eller
231 618 39 21 har
290 618 66 26 skett,
377 618 90 26 ingripa.
498 617 41 21 Om
559 619 31 19 ett
605 617 79 21 sädant
699 618 124 26 ingripande
839 619 23 19 är
876 624 29 14 nu

81 646 62 27 fräga
163 647 70 21 väckt.
264 647 44 20 Det
328 649 24 18 är
367 648 49 19 sant
432 648 32 19 att
478 646 7 20 i
501 652 28 14 nu
546 646 99 26 gällande
659 646 185 26 folkskolestadga
859 646 47 21 icke

81 675 143 22 förekommer
239 675 67 27 nägot
321 674 120 27 stadgande
457 674 6 21 i
479 674 61 22 detta
555 674 109 22 afseende.
690 675 32 21 De
739 674 55 22 enda
804 681 101 21 paragra-

82 704 38 26 fer,
141 710 45 15 som
202 704 130 25 nägot'litet
346 704 78 21 beröra
439 703 70 21 denna
524 704 46 25 sak,
587 706 37 18 äro
642 705 111 19 114—116
770 703 29 27 $$,
815 710 48 15 men
879 704 26 20 de

82 732 107 22 innehälla
203 733 64 26 ingen
283 732 117 27 antydning
416 732 54 21 huru
486 731 90 22 förfaras
593 732 61 21 skall.

151 762 35 20 Nu
201 761 39 21 har
255 768 49 14 man
320 760 112 27 föreslagit
448 762 33 20 att
496 761 6 20 i
518 760 63 27 lagen
597 760 68 22 införa
681 762 32 20 ett
720 761 128 26 stadgande,
860 766 45 16 som

83 790 168 27 skyldigkänner
274 790 27 21 de
322 790 157 26 församlingar,
500 789 73 21 hvilka
589 790 68 20 under
673 790 41 20 den
729 790 64 26 länga
807 790 38 25 tid,
861 795 46 15 som

81 818 92 22 förflutit
193 818 67 22 sedan
281 818 260 26 folkskoleförordningen
557 818 81 26 utkom,
654 818 48 22 icke
718 818 63 21 hafva
796 818 111 22 förskaffat

81 848 35 26 sig
138 846 124 26 folkskolor,
286 849 33 19 att
339 847 57 21 inom
416 847 43 21 viss
478 847 100 21 bestämd
594 846 31 22 tid
641 847 81 21 inrätta
736 847 128 21 ätminstone
880 853 27 14 en

82 876 76 20 sådan.
188 876 42 21 Det
246 878 24 18 är
286 876 125 26 visserligen
428 877 54 24 sant,
499 877 32 19 att
546 882 48 14 man
611 876 6 20 i
634 876 74 26 början
720 876 146 21 motarbetade
875 877 32 19 att

81 905 8 20 i
105 904 258 27 folkskoleförordningen
379 904 68 21 införa
463 906 32 19 ett
511 904 120 26 stadgande
646 904 6 21 i
669 904 61 22 detta
745 904 61 27 syfte,
818 904 88 21 emedan

82 939 50 15 man
152 933 56 21 hade
224 933 46 21 skäl
287 935 31 19 att
334 935 41 23 tro,
392 934 32 20 att
439 933 37 21 det
491 933 71 21 skulle
577 934 52 25 göra
646 933 40 21 den
703 940 41 19 nya
758 932 149 22 institutionen

81 961 165 26 afskräckande,
260 961 24 27 ja
298 961 100 27 möjligen
414 961 89 26 menligt
518 961 88 22 inverka
621 961 29 27 pä
660 961 183 26 församlingarna,
854 967 52 20 som,

83 990 29 21 dä
135 990 27 21 de
185 990 51 27 sägo
260 992 33 19 att
314 990 120 21 ordnandet
449 989 23 22 af
486 990 153 21 skolväsendet
654 990 69 21 skulle
738 990 95 21 medföra
849 991 59 20 stora

83 1019 124 26 kostnader,
222 1019 48 21 icke
286 1019 28 26 pä
329 1019 67 26 nägot
412 1020 44 19 sätt
471 1019 85 21 komme
573 1021 32 18 att
620 1018 27 27 gä
657 1019 21 20 in
687 1019 29 26 pä
723 1018 108 27 förslaget.
856 1019 51 20 Der-

84 1050 59 18 emot
157 1047 111 27 hoppades
284 1053 50 15 man
350 1049 32 19 att
397 1047 93 26 insigten
507 1053 34 16 om
557 1047 191 27 undervisningens
759 1047 149 26 välgerningar

83 1076 42 21 och
141 1076 81 21 önskan
238 1076 68 21 också
320 1078 34 19 att
369 1076 133 26 småningom
518 1075 50 28 sjelf
577 1075 65 22 blifva
652 1076 95 26 delaktig
755 1076 22 21 af
784 1076 124 21 densamma

83 1105 71 20 skulle
177 1105 62 21 locka
261 1105 33 20 till
317 1104 107 27 efterföljd
444 1105 40 20 och
503 1105 56 21 bana
574 1107 41 24 väg
630 1104 32 22 för
678 1104 120 22 folkskolan
813 1105 6 20 i
835 1105 72 26 hvarje

59 1139 2 2 *
83 1133 112 26 kommun;
212 1133 24 21 sä
252 1133 39 21 har
307 1133 65 21 också
388 1133 32 20 till
436 1139 25 15 en
477 1133 33 21 del
522 1133 65 22 skett.
615 1133 81 21 Doktor
704 1133 79 22 Geitlin
792 1133 116 21 hänvisade

84 1162 29 26 pä
133 1162 37 21 det
190 1162 63 21 ställe
272 1162 7 21 i
300 1162 252 26 utskottsbetänkandet,
569 1162 86 21 hvarest
670 1164 106 25 upptages
792 1162 80 21 antalet
888 1161 22 22 :af

85 1190 28 21 de
135 1191 131 25 kommuner,
291 1197 46 14 som
359 1191 66 20 redan
446 1191 90 20 inrättat
555 1190 123 27 folkskolor,
695 1197 47 15 men
758 1190 150 27 beklagligtvis

85 1219 70 21 mäste
171 1219 87 21 dermed
273 1219 52 27 följa
341 1221 32 19 ett
388 1219 145 26 erkännande,
550 1221 32 19 att
598 1219 37 22 det
649 1219 68 21 finnes
732 1219 48 22 icke
790 1219 81 21 mindre
882 1221 27 19 än

85 1249 27 20 79
128 1248 126 21 kommuner
269 1248 50 21 med
335 1250 33 19 ett
382 1248 59 21 antal
456 1247 23 22 af
492 1248 7 21 i
514 1248 124 21 skolåldern
653 1248 93 21 varande
762 1249 52 20 barn
825 1247 32 22 till
865 1253 44 16 om-

85 1276 63 27 kring
170 1278 84 24 40,000,
273 1277 73 20 hvilka
361 1276 22 21 af
397 1276 86 21 okända
499 1277 96 25 orsaker,
612 1277 101 26 antingen
729 1276 113 27 fattigdom
858 1276 52 21 eller

85 1305 69 21 andra
168 1305 155 26 förhällanden,
340 1305 48 21 icke
404 1307 57 19 ännu
475 1305 56 21 varit
546 1305 7 21 i
569 1305 83 21 tillfälle
668 1307 33 19 att
708 1305 101 22 förskaffa
817 1305 33 26 sig
858 1305 52 21 folk-

85 1333 62 22 skola
163 1333 40 22 och
218 1333 87 22 komma
319 1334 48 21 icke
383 1333 68 22 heller
466 1336 33 19 att
513 1335 54 26 göra
580 1334 42 25 det,
636 1333 72 22 förrän
717 1334 26 21 de
751 1339 76 22 genom
836 1333 74 27 lagens

85 1362 121 27 stadgande
228 1362 66 21 blifva
317 1364 96 24 tvungna
433 1363 78 20 dertill.
543 1363 48 21 Men
609 1363 37 26 jag
662 1362 70 22 skulle
747 1363 50 26 vilja
812 1362 27 27 gå
855 1364 56 19 ännu

85 1391 76 26 längre
177 1392 26 19 än
220 1391 70 21 denna
305 1391 97 26 petition.
428 1391 41 26 Jag
485 1391 70 22 skulle
571 1391 69 21 tillika
655 1391 49 27 vilja
714 1391 69 22 införa
792 1391 118 25 skoltväng.

85 1419 43 26 Jag
148 1419 69 21 skulle
233 1419 51 28 vilja
300 1419 63 22 ställa
378 1419 140 22 kommunens
535 1420 6 21 i
558 1419 122 22 skolåldern
696 1420 94 21 varande
805 1419 52 22 barn
873 1425 39 14 un-

87 1447 38 22 der
148 1454 26 15 en
197 1449 113 26 strängare
333 1448 88 27 uppsigt
441 1450 26 19 än
483 1455 28 14 nu
527 1447 75 22 finnes.
633 1448 43 21 Det
691 1449 39 20 der
744 1451 24 18 är
784 1448 47 21 icke
846 1447 66 27 nägot

87 1477 54 25 nytt,
159 1476 36 21 det
210 1482 51 20 eger
275 1482 47 15 rum
338 1476 6 20 i
360 1476 83 26 ganska
458 1476 77 27 mänga
551 1478 75 24 stater,
643 1476 36 21 det
696 1483 50 20 eger
761 1482 47 15 rum
819 1476 6 21 i
833 1476 78 26 Norge,

87 1504 38 22 det
149 1511 50 20 eger
221 1511 47 15 rum
289 1505 7 21 i
316 1505 115 26 Danmark,
453 1505 37 21 det
507 1512 51 20 eger
573 1511 46 15 rum
634 1504 7 22 i
656 1504 114 25 Preussen,
784 1505 23 27 ja
822 1504 37 22 det
873 1504 40 21 har
