1078 1739
207 128 26 20 88
511 130 82 19 Helmik.
611 131 8 18 1
638 126 20 29 p.

178 192 120 22 rustamista
320 193 78 22 läänien
422 194 189 28 sairashuoneisiin,
634 195 52 26 joka
708 195 93 21 ehdotus
822 196 71 20 tämän
911 195 87 28 jälkeen

178 221 96 28 säädylle
290 222 109 27 esitettiin,
415 223 121 22 lähetettiin
551 224 109 21 niinikään
673 223 90 28 yleiseen
776 223 222 23 valitusvaliokuntaan.

246 303 110 22 Esitettiin
370 304 140 21 kirkkoherra
525 305 89 20 Wallinin
625 299 59 37 viime
692 299 124 37 istunnossa
824 305 98 26 pöydälle
930 306 67 25 pantu

178 331 188 50 furumsehdotus;
389 333 94 21 koskeva
503 333 156 28 kuuromykkäin
680 333 72 22 koulun
771 333 145 27 perustamista
935 333 62 22 Oulun

185 360 74 21 lääniin.

245 389 227 22 Anomusehdotuksen
486 391 103 26 johdosta
604 390 69 21 lausui

246 417 72 27 Piispa
338 418 103 27 Alopeus:
459 419 51 21 Med
528 419 114 26 anledning
658 419 20 21 af
692 419 148 27 kyrkoherden
857 419 87 21 Wallins
960 425 36 21 pe-

178 446 62 21 tition
256 446 110 26 angäende
380 448 130 21 inrättandet
527 447 22 22 af
563 454 26 15 en
604 448 171 21 döfstumskola
769 442 10 37 i
788 448 118 26 Uleäborgs
914 448 36 20 län
958 448 41 20 har

175 474 39 28 jag
236 477 72 19 ansett
329 476 43 26 mig
391 476 51 21 böra
461 476 90 28 upplysa
566 478 39 24 att,
621 476 71 22 säsom
708 476 83 21 kanske
807 476 67 21 kändt
889 478 23 19 är
928 476 20 21 af
963 476 32 21 ät-

178 504 106 20 minstone
305 510 25 15 en
346 504 33 22 del
396 504 22 22 af
430 505 93 26 ständet,
540 506 124 26 regeringen
682 508 23 18 är
720 505 90 21 betänkt
825 505 28 27 pä
868 511 26 15 en
909 510 87 21 reorga-

178 532 93 21 nisation
292 532 22 22 af
332 533 48 21 hela
400 534 254 21 abnormskoleväsendet
668 534 7 21 i
690 534 96 21 Finland.
816 534 41 20 Till
871 534 40 20 den
928 534 69 20 ändan

177 561 39 21 har
232 567 25 15 en
273 562 115 26 stipendiat
403 562 103 22 inlemnat
521 563 32 21 sin
569 562 167 22 reseberättelse
752 562 40 22 och
805 564 24 19 är
844 569 27 14 nu
883 562 113 28 sysselsatt

177 589 48 22 med
242 590 152 22 utarbetandet
409 591 21 21 af
443 591 80 26 förslag
539 592 32 20 till
586 591 204 27 reorganisationen,
806 591 84 21 hvartill
903 591 38 21 hör
948 591 51 21 icke

178 618 77 22 endast
274 618 201 23 förfullkomnandet
493 620 22 21 af
528 620 67 21 redan
610 621 93 21 varande
719 620 255 21 abnormskoleanstalter
989 620 7 20 i

177 647 81 26 landet,
275 650 50 19 utan
346 648 65 22 ocksä
426 648 79 27 förslag
521 649 32 21 till
569 656 41 21 nya
625 649 81 21 sädana
723 649 38 21 der
776 649 26 21 de
818 648 108 22 behöfvas.
956 648 42 26 Jag

177 678 45 19 tror
248 676 42 27 mig
312 677 72 21 kunna
403 677 97 22 försäkra
519 680 32 18 att
567 678 139 21 Österbotten
723 678 7 20 i
745 677 104 27 förslaget
864 677 61 21 äfven
940 677 56 21 skall

177 704 98 22 beaktas.
306 706 48 21 Men
374 706 27 21 dä
420 708 50 19 utan
486 706 73 22 tvifvel
575 713 25 15 en
616 706 89 27 petition
722 706 6 21 i
744 708 72 19 ämnet
831 706 22 21 af
866 706 132 26 prestestän-

178 734 37 20 det
238 734 52 21 eller
308 735 116 21 ständerna
442 735 54 21 skall
513 742 51 14 vara
579 735 32 21 till
627 735 73 27 styrka
716 735 41 21 och
773 735 48 21 stöd
837 735 35 21 vid
888 735 107 26 orgänisa-

177 762 141 27 tionsplanen,
342 764 24 20 sä
389 764 34 20 vill
444 764 37 26 jag
501 763 33 22 för
552 764 42 21 min
614 764 34 21 del
664 766 68 19 varmt
748 763 86 22 förorda
849 764 148 26 kyrkoherden

177 790 91 22 Wallins
282 792 181 27 petitionsförslag
479 792 40 22 och
534 792 97 22 förordar
646 792 49 22 dess
711 792 77 22 remiss
803 792 32 21 till
851 792 145 26 vederbörligt

177 820 92 21 utskott.

245 848 146 22 Kirkkoherra
406 849 80 21 Wallin:
501 850 43 26 Jag
559 850 38 21 ber
613 850 76 21 endast
703 850 47 20 helt
764 850 50 20 kort
828 849 21 21 få
864 849 73 21 anföra
948 849 48 21 med

177 877 115 27 anledning
307 877 23 21 af
342 878 56 21 hvad
414 878 74 27 biskop
503 878 100 27 Alopeus
619 880 67 26 yttrat
702 880 33 19 att
751 878 37 21 det
799 880 24 19 är
833 878 65 26 högst
908 878 89 21 osäkert

177 912 35 15 om
232 912 48 15 man
301 906 17 27 ej
341 907 81 26 ganska
442 907 62 25 länge
524 907 69 21 måste
613 909 64 19 vänta
696 906 73 22 förrän
790 907 119 21 ordnandet
924 906 22 22 af
959 906 37 22 ab-

177 934 162 22 normskolorna
354 936 6 19 i
376 935 89 21 Finland
480 936 96 21 kommer
591 938 32 19 att
639 942 39 20 ega
693 942 54 14 rum.
778 935 33 21 Då
827 936 116 20 emellertid
956 942 39 14 un-

177 963 38 21 der
230 963 59 21 tiden
305 969 26 15 en
346 965 46 20 stor
407 964 76 27 mängd
500 964 128 21 döfstumma
643 970 104 21 personer
758 970 56 21 uppe
824 964 7 21 i
839 964 79 21 norden
930 964 73 26 sakna,

177 992 28 20 all
221 992 58 26 slags
300 992 156 27 undervisning,
477 993 38 21 ber
535 993 37 27 jag
588 993 13 21 å
617 993 61 21 deras
695 995 87 24 vägnar,
799 999 45 14 som
859 992 75 27 sjelfva
948 992 48 21 icke

176 1019 66 28 bedja
258 1021 77 25 kunna,
356 1023 33 19 att
404 1021 36 21 det
455 1021 131 27 högvördiga
602 1022 86 21 ståndet
702 1021 69 21 måtte
788 1021 81 21 skänka
884 1021 42 21 min
941 1021 56 26 peti-

177 1049 44 21 tion
238 1049 39 21 sitt
292 1050 118 21 understöd
426 1050 39 21 och
480 1051 110 20 remittera
606 1051 124 20 densamma
745 1050 31 21 till
786 1050 104 21 allmänna
899 1050 98 21 besvärs-

177 1077 114 22 utskottet.

245 1118 188 22 Anomusehdotus
449 1119 121 21 lähetettiin
587 1119 88 27 yleiseen
691 1118 223 22 valitusvaliokuntaan.

245 1203 109 22 Esitettiin
379 1205 176 27 kirkkoherrojen
579 1205 88 21 Wallinin
689 1205 24 26 ja
736 1204 127 27 Karlsbergin
885 1204 113 27 yhteisesti

176 1232 92 27 tekemä,
292 1233 62 21 viime
377 1233 123 21 istunnossa
522 1233 101 27 pöydälle
645 1236 69 24 pantu
738 1233 187 25 anomusehdotus,
944 1233 53 26 joka

175 1261 81 22 koskee
274 1261 101 22 lukkarien
390 1262 22 27 ja
427 1262 92 21 urkurien
536 1262 96 27 opetusta
647 1261 212 28 Pohjois-Suomessa,
871 1262 24 27 ja
905 1261 92 22 lähetet-

175 1289 39 22 tiin
225 1296 23 15 se
264 1291 89 26 yleiseen
364 1291 222 21 valitusvaliokuntaan.

243 1371 81 22 Tämän
339 1371 86 27 jälkeen
445 1371 103 22 esitettiin
570 1371 112 27 yhteisesti
698 1371 159 22 käsiteltäviksi
871 1370 127 28 yliopettaja

174 1398 112 23 Kihlmanin
306 1400 52 21 sekä
373 1400 70 27 piispa
457 1400 135 21 Johanssonin
608 1401 103 24 tekemät,
728 1400 63 21 viime
805 1400 125 21 istunnossa
944 1400 52 25 pöy-

175 1427 55 22 dälle
250 1430 82 25 pannut
348 1429 227 23 anomusehdotukset,
588 1429 63 26 jotka
666 1429 143 21 tarkoittavat
827 1428 169 21 lainsäädännön

173 1457 150 21 muuttamista
346 1457 152 27 määräyksissä
519 1457 103 21 velallisen
647 1457 178 21 velvottamisesta
847 1457 149 25 suorittamaan

173 1485 98 22 velkansa
286 1486 164 21 saamamiehelle
467 1486 170 21 irtaimistollaan.

241 1514 227 22 Anomusehdotusten
481 1514 103 27 johdosta
598 1514 70 22 lausui
