1078 1739
197 140 39 20 632
501 145 77 18 Huhtik.
597 144 25 19 10
637 151 19 18 p.

169 205 118 22 orättvisor
302 205 40 22 och
358 205 95 24 erkänna
467 207 96 27 verkliga
577 208 135 27 rättigheter,
729 208 73 22 hvilka
815 208 69 23 blifvit
893 208 100 22 förtram-

169 233 62 27 pade,
248 234 25 21 sä
289 234 78 22 ändrar
382 235 60 21 detta
457 235 31 22 als
503 236 48 21 icke
567 235 150 24 förhällandet.
748 237 79 27 Hvarje
845 237 111 22 införande
972 235 23 22 af

170 268 41 21 nya
224 263 109 27 principer
347 263 7 21 i
370 264 221 28 samhällsordningen
607 266 69 21 mäste
692 265 85 22 derföre
793 266 66 27 enligt
872 266 44 21 min
927 265 67 22 tanke

170 291 39 21 ske
231 291 50 22 med
303 291 39 22 full
364 291 171 23 betänksamhet.
565 294 67 21 Detta
649 293 89 23 framför
753 294 39 21 allt
807 294 77 27 derför,
900 296 33 20 att
948 293 53 22 ofta.

170 325 42 21 nog
234 320 35 21 vid
288 321 64 21 dessa
367 327 41 20 nya
422 321 8 21 i
445 321 39 22 och
499 321 34 22 för
548 322 33 27 sig
595 323 136 26 berättigade
747 323 65 26 ideer,
828 323 60 22 häfta
902 323 92 21 fordrin-

170 354 45 21 gar,
231 348 72 22 hvilka
318 349 47 22 icke
386 352 36 19 äro
442 350 141 27 berättigade.
616 351 130 22 Reaktionen
764 354 45 19 mot
825 352 26 21 de
866 351 70 27 gamla
951 351 42 22 för-

171 376 103 23 domarna
290 378 40 21 och
350 378 173 27 ensidigheterna
543 379 44 21 slär
603 380 18 27 ej
638 380 67 21 sällan
722 379 58 22 öfver
795 380 6 21 i
818 382 103 19 motsatta
937 380 56 21 ensi-

171 405 104 27 digheter,
292 406 72 22 hvilka
379 407 47 22 icke
441 409 37 20 äro
495 408 81 21 mindre
590 408 75 27 farliga
676 411 27 19 än
716 408 48 22 dem
774 415 49 15 man
833 409 35 21 vill
879 409 115 26 bekämpa.

170 434 90 25 Endast,
276 440 76 20 genom
368 437 33 19 att
415 438 94 19 varsamt
524 436 40 22 och
580 437 120 21 successivt
714 437 97 27 tillämpa
826 438 27 20 de
864 443 40 21 nya
914 437 79 27 princi-

170 468 66 22 perna
252 462 79 23 befrias
348 464 62 22 dessa
425 464 46 22 från
486 464 33 22 sin
530 465 122 27 ensidighet
662 465 39 22 och
712 466 70 21 kunna
794 465 65 22 blifva
868 465 33 21 till
912 465 83 27 verklig

171 491 129 27 välsignelse
322 492 34 22 för
377 492 77 22 folken.
485 493 70 22 Dessa
571 493 105 22 allmänna
692 494 141 27 grundsatser
848 494 48 22 ville
910 494 37 27 jag
963 493 31 21 äf-

171 526 39 15 ven
226 520 98 28 tillämpa
339 521 29 27 på
383 522 40 21 den
437 521 67 28 fråga,
521 528 46 16 som
583 529 28 15 nu
627 522 115 28 föreligger
757 523 32 21 till
800 523 129 21 diskussion.
954 522 41 21 Att

171 548 116 22 samhället
308 549 111 28 försyndat
441 550 33 27 sig
496 553 45 19 mot
557 551 97 27 qvinnan,
672 552 37 21 det
724 552 36 20 vill
776 552 35 26 jag
826 552 48 21 icke
889 551 104 26 bestrida,

171 583 48 15 men
235 578 65 21 dessa
315 578 156 28 försyndanden
487 579 104 27 afhjelpas
607 580 48 22 icke
670 586 78 21 genom
764 583 32 19 att
811 586 48 16 man
874 580 74 21 kastar
962 579 32 22 öf-

170 612 38 16 ver
223 606 33 21 till
272 613 26 15 en
314 613 70 15 annan
399 608 124 26 ytterlighet
539 608 39 22 och
594 614 76 21 genom
681 615 41 21 nya
732 609 203 26 lagbestämningar,
948 614 47 16 som

170 634 57 27 gifva
243 636 91 26 qvinnan
350 635 38 22 full
402 636 140 28 likställighet
557 638 49 20 med
621 644 97 20 mannen,
736 637 63 22 söker
809 637 63 22 locka
882 637 70 22 henne
962 639 35 19 att

171 663 49 22 med
243 663 137 23 förbiseende
403 664 23 22 af
446 665 32 21 sin
494 665 28 27 på
537 666 94 26 naturlig
646 666 117 27 begåfning
778 666 110 27 grundade
904 666 92 21 kallelse

171 692 70 21 vända
264 693 32 21 sin
319 693 43 27 håg
384 693 40 22 och
443 694 138 22 verksamhet
597 694 32 22 till
645 695 108 26 områden,
770 694 71 22 hvilka
856 694 6 21 i
878 694 118 22 allmänhet

171 720 34 22 för
219 721 71 21 henne
305 721 47 22 icke
368 724 37 19 äro
420 722 107 28 lämpliga.
557 723 10 21 I
582 723 38 21 vår
634 723 135 27 lagstiftning
785 723 38 21 har
839 729 54 20 man,
913 729 45 15 som
975 723 20 21 vi

171 751 56 23 veta,
251 750 49 21 sökt
322 750 55 22 inslå
397 757 25 15 en
438 751 117 27 medelväg,
571 752 103 21 särskildt
689 752 49 22 med
754 751 101 22 afseende
872 752 12 21 å
900 751 40 22 den
958 751 36 21 de-

171 778 107 27 taljfråga,
293 778 81 28 hvarpå
388 778 140 24 förevarande
543 780 92 27 petition
650 780 75 27 syftar.
756 781 49 21 Man
821 780 40 21 har
871 782 81 25 öppnat
962 780 34 21 för

172 807 93 26 qvinnan
281 808 111 26 möjlighet
408 810 31 19 att
455 814 54 21 egna
525 808 33 27 sig
573 808 62 22 äfven
652 809 22 21 åt
690 809 61 21 lärda
766 809 84 21 studier
864 809 35 21 vid
910 808 86 22 landets

171 835 119 22 förnämsta
317 836 161 28 vetenskapliga
502 837 129 26 institution,
654 844 49 15 men
728 844 49 15 man
799 838 40 20 har
863 837 48 21 icke
936 837 61 21 velat

171 864 89 26 vidtaga
284 864 106 27 åtgärder,
414 871 45 15 som
482 866 69 21 skulle
574 866 63 22 locka
651 866 71 22 henne
738 868 33 19 att
786 866 6 20 i
808 865 116 22 allmänhet
939 866 58 26 välja

173 892 26 22 de
221 892 61 22 lärda
305 893 121 22 studiernas
449 896 41 25 väg
512 894 49 22 med
583 894 137 22 förbiseende
743 894 23 22 af
784 894 66 22 andra
865 894 33 22 för
913 894 82 22 hennes

171 921 181 27 naturbegåfning
370 922 124 27 lämpligare
512 923 196 21 verksamhetsfält.
740 923 76 21 Såsom
831 923 6 21 i
854 922 57 22 afton
928 922 68 22 redan

172 950 69 21 blifvit
256 949 128 27 framhållet,
400 951 37 21 har
452 952 68 21 under
536 952 27 21 de
579 957 75 16 senare
670 952 51 21 åren
737 952 48 21 icke
800 952 71 25 någon
886 950 22 22 af
917 951 80 26 qvinna

172 978 110 22 inlemnad
304 979 95 21 ansökan
422 981 33 20 att
472 979 21 22 få
508 979 97 28 undergå
621 980 178 21 studentexamen
814 979 70 22 blifvit
899 979 97 27 afslagen

173 1007 38 21 ocb
229 1007 71 27 någon
316 1007 114 28 anledning
444 1007 115 23 förefinnes
574 1008 47 22 icke
637 1009 69 21 heller
720 1010 33 19 att
768 1011 33 18 tro
817 1010 32 19 att
863 1009 6 20 i
880 1008 116 21 framtiden

172 1035 82 22 sådana
277 1035 69 28 afslag
360 1036 85 22 komma
459 1038 33 20 att
507 1037 45 21 ske.
582 1037 44 22 Det
641 1039 24 19 är
680 1037 28 27 på
724 1037 68 26 grund
808 1036 62 22 häraf
881 1037 38 27 jag
935 1037 5 20 i
956 1036 40 21 lik-

172 1064 38 21 het
232 1065 51 21 med
306 1064 116 22 öfverlärar
443 1065 100 22 Kihlman
565 1071 69 20 anser,
650 1067 34 20 att
698 1065 34 22 för
746 1065 139 27 möjligheten
900 1064 20 22 af
937 1065 60 26 gvin-

172 1099 54 15 nans
250 1093 62 21 lärda
334 1093 82 22 studier
437 1094 66 21 redan
526 1101 29 14 nu
571 1095 24 20 är
610 1094 113 27 tillbörligt
739 1094 74 27 sörjät.
845 1093 44 22 Och
907 1094 89 21 emedan

172 1127 29 15 nu
223 1121 142 22 förevarande
388 1121 121 28 petitioner,
532 1122 72 22 hvilka
628 1123 75 21 vunnit
726 1123 119 20 utskottets
870 1121 126 26 understöd,

173 1149 71 28 åsyfta
268 1152 32 19 att
322 1151 52 26 göra
393 1150 37 22 det
445 1151 82 27 möjligt
542 1151 33 22 för
589 1151 69 22 henne
674 1153 33 19 att
722 1151 50 22 idka
787 1150 61 22 lärda
864 1151 82 21 studier
960 1150 36 21 vid

173 1179 157 27 universitetet,
345 1185 48 15 men
409 1179 41 22 hon
465 1179 7 22 i
488 1179 75 28 sjelfva
579 1180 75 21 verket
669 1179 67 22 redan
748 1179 39 21 har
798 1179 68 21 denna
877 1179 119 27 möjlighet,

173 1207 24 21 sä
206 1206 72 23 anser
298 1208 37 27 jag
356 1208 66 21 redan
441 1208 29 27 pä
489 1208 69 21 denna
573 1209 69 26 grund
656 1208 145 27 petitionerna
816 1208 47 21 icke
880 1207 52 22 böra
947 1207 49 22 leda

172 1235 32 22 till
227 1236 70 27 nägon
321 1235 76 28 ätgärd
419 1235 47 22 frän
488 1237 127 21 ständernas
639 1237 53 21 sida.
724 1236 40 21 Om
787 1242 48 15 man
856 1236 46 21 äter
918 1242 78 21 genom

173 1264 64 21 dessa
253 1265 116 26 petitioner
384 1265 48 22 ville
448 1265 90 22 likasom
554 1265 88 28 inbjuda
658 1265 93 27 gvinnan
766 1266 33 20 att
814 1271 54 20 egna
884 1265 36 26 sig:
932 1265 22 20 ät
970 1270 26 15 en

173 1293 144 26 verksamhet,
340 1293 85 22 hvartill
445 1292 38 29 jag
507 1300 63 15 anser
592 1294 69 21 henne
683 1294 77 21 endast
776 1293 153 26 undantagsvis
945 1299 53 14 vara

171 1321 81 26 kallad,
268 1322 25 21 sä
309 1321 69 22 mäste
391 1322 37 26 jag
443 1322 57 21 hälla
514 1322 46 21 före
576 1324 33 19 att
625 1322 65 21 dessa
704 1322 117 27 petitioner
837 1321 31 22 als
884 1321 47 22 icke
942 1321 54 21 böra

173 1349 83 23 erhålla
271 1351 123 26 understöd,
410 1353 52 19 utan
477 1352 93 20 tvärtom
586 1351 71 21 såsom
674 1351 149 26 oberättigade
839 1349 85 22 atvisas.
954 1349 44 27 Jag

173 1378 80 22 saknar
276 1379 61 21 äfven
360 1379 56 21 bäde
431 1379 7 21 i
452 1379 145 27 petitionerna
612 1380 40 21 och
667 1379 120 22 utskottets
804 1378 135 22 betänkande
964 1378 31 21 ät-

172 1407 89 26 skilligt,
277 1413 46 15 som
337 1408 7 20 i
360 1407 75 27 sjelfva
450 1408 75 21 verket
539 1407 33 22 för
586 1407 86 27 frägans
688 1409 58 20 rätta
760 1407 112 27 belysning
889 1407 37 21 der
940 1406 56 21 hade

172 1435 50 22 bort
236 1436 99 21 beaktas.
366 1436 50 21 Man
438 1436 55 21 hade
515 1436 49 21 bort
579 1439 99 19 närmare
694 1436 69 21 uttala
778 1436 38 26 sig,
833 1435 86 22 hvilken
935 1435 61 21 stäil-

171 1463 51 27 ning
238 1465 36 20 vid
290 1465 150 21 universitetet
454 1465 57 21 inom
523 1465 167 26 afdelningarna,
702 1465 57 21 inom
770 1464 156 21 studentkären
936 1464 60 26 gvin-

171 1498 42 15 nan
229 1492 69 22 borde
313 1493 73 27 intaga
401 1493 7 21 i
414 1492 45 22 fall
475 1494 69 26 öppen
560 1494 45 20 rätt
620 1492 70 23 blefve
705 1493 70 21 henne
790 1492 92 22 lemnad.
912 1492 84 21 Hittills

171 1520 40 22 har
233 1521 43 21 hon
299 1521 77 27 intagit
397 1528 26 15 en
436 1521 232 27 undantagsställning.
699 1522 33 21 De
748 1521 92 27 gvinliga
857 1520 140 22 studenterne
