1078 1739
410 130 89 18 Tammik.
515 128 27 19 26
559 136 17 17 p.
855 128 27 20 29

85 193 102 22 hållande
210 193 32 21 till
262 193 98 26 qvinnan,
381 193 29 27 på
426 193 37 21 det
478 192 42 22 han
537 193 40 21 och
593 192 42 22 hon
651 193 35 20 må
702 192 65 21 blifva
781 191 109 22 likställda
904 192 7 20 i

84 222 43 21 sitt
141 221 134 22 förhållande
290 221 32 22 till
337 221 41 27 lag.

158 250 38 27 De,
222 256 46 15 som
293 250 96 21 försvara
411 249 180 28 prostitutionens
612 249 107 22 ställande
734 249 67 22 under
817 248 95 27 offentlig

88 279 95 26 uppsigt,
208 278 84 27 angifva
314 279 72 21 såsom
409 278 147 21 hufvudorsak
576 277 73 22 härtill
668 278 126 27 hygieniska
809 277 102 28 grunder;

88 313 48 16 man
153 313 64 16 anser
232 307 60 22 detta
306 307 133 27 nödvändigt
453 306 33 21 för
501 307 198 21 vidmakthållande
715 306 22 21 af
746 307 82 20 sanitär
838 306 73 21 säker-

87 336 45 21 het.
163 336 50 21 Man
233 335 66 22 förfar
318 336 92 21 sålunda
430 335 56 21 hvad
506 335 225 27 sexualförgiftningen
747 335 102 21 beträffar
863 334 49 21 full-

85 364 94 27 komligt
201 366 90 19 motsatt
312 364 36 22 det
364 366 50 23 sätt,
431 370 46 15 som
492 364 109 27 iakttages
616 363 33 22 för
664 363 130 22 hämmande
809 363 22 22 af
845 363 67 22 andra

88 392 99 27 farsoter,
211 393 38 21 der
269 393 27 21 de
312 393 110 25 utbrustit,
440 392 52 21 eller
507 392 32 22 för
555 392 64 21 deras
634 392 181 27 förekommande,
832 392 37 21 der
885 391 26 22 de

86 421 95 21 befaras.
211 421 49 21 Man
283 421 65 21 söker
370 421 6 21 i
399 421 90 21 främsta
509 423 92 19 rummet
617 423 33 19 att
665 421 141 27 tillintetgöra
821 421 91 21 orsaken

88 450 34 20 till
147 450 65 21 dessa
234 450 125 26 epidemier;
382 450 89 20 läkaren
494 449 133 27 undervisar,
650 449 102 27 upplyser
771 449 40 21 och
829 455 82 19 varnar,

89 478 41 22 och
152 481 39 19 när
214 478 88 28 olyckan
323 478 39 22 har
381 478 65 25 skett,
468 478 27 20 dä
511 478 65 21 söker
591 478 41 21 han
648 478 113 21 äterställa
776 478 37 21 det
827 478 84 25 brutna,

89 513 48 15 men
153 513 76 21 genom
244 507 77 26 medel,
337 507 130 26 fullkomligt
481 509 105 19 motsatta
601 507 54 25 dem,
672 506 73 22 hvilka
760 506 152 22 ästadkommit

89 536 134 26 sjukdomen.
250 536 42 21 Det
308 536 130 26 smittämne,
455 542 26 14 en
497 536 70 20 osund
583 534 103 22 atmosfer
701 535 88 25 medför,
805 534 106 27 aflägsnas

87 570 80 21 genom
183 565 40 21 den
239 570 52 16 rena
306 564 76 26 luften;
400 564 41 22 den
456 564 61 21 helsa
533 566 32 19 ett
581 564 108 26 omättligt
699 563 130 22 lefnadssätt
839 564 72 24 brutit,

89 593 124 21 äterställes
234 594 87 20 säkrast
339 599 77 20 genom
432 592 177 22 äterhällsamhet
624 593 7 21 i
645 594 45 20 mat
706 592 38 22 och
762 592 71 27 dryck.
863 592 50 21 Men

89 622 66 20 dessa
173 621 63 22 enkla
251 622 125 26 naturlagar
390 621 93 22 förbiser
497 628 56 19 man,
571 621 26 21 dä
614 621 36 21 det
665 621 69 26 gäller
748 622 101 20 otuktens
864 620 48 28 följ-

89 650 46 22 der.
165 650 86 27 Synden
271 650 104 27 gvarstär,
394 650 69 21 ehuru
478 650 178 26 reglementerad,
674 650 40 21 och
730 650 41 21 den
787 656 64 15 orena
866 649 46 21 käl-

89 678 36 22 lan
141 685 38 20 ger
195 679 74 21 städse
286 681 32 19 ett
332 678 101 27 grumligt
448 680 81 20 vatten.
555 678 146 22 Vexelverkan
716 678 77 22 mellan
803 678 110 30 kroppslig

89 707 63 21 helsa
167 707 40 21 och
223 709 31 19 ett
270 707 78 27 sedligt
362 707 26 21 lif
400 707 103 26 förbises;
519 713 49 15 man
584 707 65 21 söker
662 707 48 21 icke
724 708 32 20 att
767 707 56 21 döda
833 712 79 19 ormen,

88 742 49 15 som
156 736 160 21 ästadkommer
333 736 67 27 giftet,
418 738 51 18 utan
484 738 78 19 värnar
578 736 124 21 densamma
716 736 33 21 för
765 738 32 19 att
811 736 47 20 äter
872 735 41 21 och

89 764 50 22 åter
160 765 55 27 ånyo
230 764 33 22 till
278 764 100 22 läkarens
393 764 131 27 behandling
539 764 90 22 hänvisa
645 764 55 26 dem,
716 764 72 22 hvilka
802 770 48 15 man
865 764 48 21 med

91 794 47 20 vett
153 793 40 21 och
208 793 50 27 vilja
274 795 93 19 utsätter
381 793 33 21 för
430 799 85 21 ormens
531 797 69 23 stygn.

160 822 47 21 Mot
222 822 40 21 den
278 824 76 22 smuts,
371 828 45 15 som
432 822 167 26 prostitutionen
617 821 90 21 sälunda
722 822 6 20 i
743 821 53 21 flera
810 821 104 21 hänseen-

89 850 44 21 den
153 850 89 26 medför,
261 850 63 22 hafva
339 852 70 20 röster
424 856 45 15 mer
484 850 41 22 och
541 856 45 15 mer
600 850 70 27 börjat
686 850 49 27 höja
750 850 33 26 sig
798 850 18 27 ej
833 850 81 21 mindre

91 878 83 22 utrikes
197 880 26 20 än
245 879 7 21 i
275 881 49 23 eget
342 879 57 21 land.
429 878 86 27 Frägan
535 879 122 21 diskuteras
673 878 6 21 i
695 878 30 22 tal
741 879 40 21 och
797 878 62 22 skrift
874 878 40 21 och

90 907 180 27 prostitutionens
285 907 73 26 vädor,
375 907 124 27 isynnerhet
508 907 33 21 för
552 907 38 21 det
600 907 140 27 uppvexande
748 907 86 27 slägtet,
843 906 71 22 hvilka

91 942 49 15 man
158 935 58 22 förut
232 936 50 21 sökt
297 936 99 25 ignorera
411 936 52 21 eller
479 936 63 27 dölja,
558 936 123 21 framhällas
697 942 88 15 numera
800 935 114 22 oförtäckt.

90 964 11 20 I
123 964 107 21 särskilda
253 964 123 21 skrifvelser
399 964 32 21 till
451 964 146 21 Prokuratorn
616 964 7 21 i
638 964 120 27 Kejserliga
774 964 91 21 Senaten
881 963 34 22 för

90 992 90 21 Finland
204 993 38 20 har
264 993 102 21 särskildt
389 993 37 21 det
445 993 139 26 rättsvidriga
605 993 6 20 i
625 993 153 21 meranämnda
792 992 121 21 institution

91 1021 69 21 blifvit
175 1021 115 27 päpekadt,
307 1023 51 20 utan
374 1023 32 19 att
422 1021 54 22 dock
491 1021 72 26 nägon
579 1021 75 26 ätgärd
669 1021 33 21 för
718 1021 133 22 densammas
861 1027 53 21 upp-

90 1049 108 22 häfvande
213 1056 64 21 synes
293 1049 63 22 hafva
371 1049 68 22 blifvit
454 1050 108 27 vidtagen.
588 1049 29 22 Sä
631 1050 63 21 torde
710 1049 27 22 dä
752 1056 51 15 vara
817 1049 29 28 pä
857 1050 58 21 tiden

91 1080 34 19 att
139 1078 101 21 nationen
256 1078 51 27 sjelf
320 1081 62 24 tager
394 1078 58 21 hand
469 1085 33 14 om
519 1079 66 21 saken
601 1078 33 21 för
649 1080 33 19 att
696 1077 22 22 fä
734 1078 26 21 de
776 1078 93 21 hotande
884 1077 31 22 fa-

90 1113 65 15 rorna
178 1107 123 27 aflägsnade
324 1107 38 21 och
384 1109 32 19 ett
431 1107 79 21 kränkt
525 1107 199 21 rättsmedvetande
740 1107 95 26 lugnadt.
866 1106 48 22 Sär-

90 1135 69 22 skildt
173 1135 39 22 har
227 1142 49 15 man
291 1136 7 21 i
313 1135 140 22 förevarande
469 1135 37 22 fall
521 1135 49 22 litat
585 1135 33 21 till
632 1135 166 22 Prestaständet
811 1135 35 22 vid
856 1135 59 21 inne-

91 1164 94 21 varande
207 1164 111 27 landtdag,
338 1164 100 21 hvarföre
458 1165 40 20 ock
514 1164 141 27 medborgare
671 1164 40 21 och
727 1164 189 26 medborgarinnor

91 1192 47 21 frän
165 1192 42 22 alla
232 1192 60 21 delar
314 1192 22 21 af
355 1193 90 21 Finland
465 1193 28 27 pä
511 1193 92 21 initiativ
619 1192 22 21 af
654 1193 66 21 Finsk
736 1192 180 27 Ovinnoförening

91 1221 50 22 med
164 1221 47 21 sina
230 1221 227 26 namnunderskrifter,
479 1221 128 28 uppgäende
623 1221 31 21 till
670 1223 32 20 ett
718 1221 57 22 antal
792 1221 21 22 af
827 1220 90 27 ungefär

91 1251 71 24 5,700,
186 1252 60 19 utom
268 1252 77 19 tvenne
367 1250 50 21 hela
440 1250 133 25 kommuner,
594 1249 90 22 anhållit
699 1249 39 22 hos
755 1250 161 21 undertecknad

93 1284 34 15 om
143 1279 79 20 sakens
238 1278 149 22 frambärande
402 1279 33 21 för
449 1278 123 22 Ständerna
587 1279 7 20 i
608 1279 152 26 petitionsväg.
786 1278 45 22 Och
844 1274 19 36 dä
859 1278 58 27 jag

90 1307 27 21 sä
140 1307 86 27 mycket
247 1307 67 21 hellre
329 1307 83 27 lyssnat
428 1307 31 21 till
476 1307 70 22 denna
562 1307 130 27 uppmaning
707 1313 46 15 som
768 1307 49 21 mitt
832 1307 84 21 embete

91 1335 107 28 påbjuder
212 1335 44 27 mig
271 1337 33 20 att
318 1336 55 21 vaka
388 1335 99 22 deröfver
502 1338 33 19 att
550 1337 49 20 tukt
613 1335 39 22 och
664 1335 107 27 sedlighet
782 1335 134 28 upprätthäl-

91 1364 40 26 las,
148 1364 25 21 sä
187 1363 33 22 får
233 1364 37 27 jag
286 1371 34 19 nu,
337 1364 48 21 med
401 1364 114 27 bifogande
532 1364 23 21 af
569 1364 26 21 de
610 1364 68 26 listor,
694 1364 72 21 hvilka
781 1365 6 20 i
799 1364 72 21 landet
879 1364 37 21 be-

92 1391 107 23 träffande
214 1393 70 21 denna
300 1393 157 26 angelägenhet
473 1393 123 26 cirkulerat,
612 1392 39 22 hos
668 1393 36 21 det
719 1393 137 26 Högvördiga
865 1392 51 21 Pre-

91 1421 125 22 staständet
231 1421 123 27 ödmjukast
368 1421 119 27 framlägga
502 1421 41 22 och
559 1421 80 22 föreslä
649 1427 25 15 en
686 1421 133 27 underdänig
825 1421 91 28 petition

93 1449 32 22 till
141 1449 60 22 Hans
217 1449 121 27 Kejserliga
352 1450 109 26 Majestät,
479 1450 101 21 Finlands
597 1449 125 27 Storfurste,
739 1450 72 21 derom
