1078 1739
193 125 27 19 24
496 127 89 18 Tammik.
602 125 27 20 26
645 133 18 18 p.

164 189 73 22 hvilka
256 189 38 28 jag
316 189 47 22 icke
386 196 63 16 anser
468 197 29 14 nu
516 190 76 27 nödigt
607 191 33 20 att
654 190 74 22 vidare
744 190 105 22 utveckla.
880 190 49 21 Men
942 191 50 27 just

165 218 29 27 pä
209 219 71 20 denna
294 218 70 27 grund
379 221 63 24 säges
459 219 31 21 uti
505 219 163 27 propositionen
684 219 66 21 ocksä
765 221 33 19 att
813 218 117 23 skollärare
946 219 45 22 till-

166 247 106 22 erkännes
288 247 104 27 rättighet
406 249 38 24 att,
461 247 27 22 de
503 247 36 22 vid
549 247 85 22 landets
643 247 125 22 seminarier
776 248 54 21 efter
837 249 27 20 30
872 247 25 22 är
905 248 41 21 och
952 247 38 22 vid

167 275 217 22 elementarläroverk
400 276 54 22 efter
469 278 26 19 35
511 277 30 26 är,
555 275 23 22 fä
592 276 33 27 sig
640 276 114 21 tillerkänd
770 276 37 21 full
823 277 96 26 pension.
946 277 45 21 Det

167 310 63 15 anses
246 304 86 22 säledes
348 311 51 15 vara
413 305 33 21 för
461 305 118 21 skollärare
595 311 27 15 en
633 305 108 26 synnerlig
750 304 69 22 fördel
830 307 32 19 att
872 304 56 22 efter
936 311 53 21 upp-

166 333 72 21 nädda
258 335 26 19 35
304 333 24 22 äri
365 333 32 22 sin
413 334 65 27 tjenst
492 333 23 22 fä
529 333 38 22 full
582 333 97 28 pension,
694 333 87 22 hvilken
796 334 96 27 pension,
909 333 33 22 väl
957 335 34 20 att

167 361 123 26 observera,
312 362 8 21 i
340 362 27 21 de
385 362 63 22 fiesta
462 362 36 21 fall
514 362 48 22 icke
578 363 64 24 utgör
657 364 56 19 stort
728 369 45 14 mer
788 364 27 19 än
829 362 81 22 hälften
927 361 23 22 af
963 363 29 20 de

167 390 125 26 inkomster,
310 397 46 15 som
371 391 191 26 lönereglementet
577 393 111 25 upptager.
713 391 41 26 Jag
770 391 42 21 kan
827 391 47 21 icke
890 397 52 15 anse
953 391 38 21 det

167 425 52 15 vara
234 419 70 27 nägon
320 419 108 27 synnerlig
441 419 101 27 förtjenst
557 419 52 21 eller
624 420 70 26 nägon
710 419 97 22 särdeles
822 419 110 27 rättighet,
944 425 48 15 som

168 448 23 21 ät
206 447 119 21 skollärare
340 448 122 26 derigenom
478 448 40 21 har
532 448 128 26 tillerkänts,
676 448 30 27 ity
722 450 32 19 att
770 448 26 21 de
807 447 125 27 fordringar,
944 454 47 15 som

168 482 89 16 numera
280 476 74 21 ställas
376 477 29 27 pä
424 476 75 25 lärare,
521 476 28 22 dä
564 476 27 22 de
607 476 61 22 skola
683 477 86 21 inträda
783 476 7 22 i
805 476 187 28 tjensteutöfning,

169 506 38 20 äro
230 504 26 21 sä
275 504 58 26 höga
348 505 40 21 och
403 504 185 23 förberedelserna
603 505 33 21 för
651 505 79 27 tjensts
746 505 123 22 erhällande
884 505 26 21 sä
924 506 67 25 stora,

169 535 34 19 att
218 532 72 22 dertill
306 534 50 26 ätgä
371 534 25 22 sä
410 534 77 27 mänga
502 534 23 21 är
540 534 36 21 vid
591 534 151 22 universitetet
756 533 34 22 för
805 534 93 22 studiers
914 533 77 27 fullgö-

169 562 75 26 rande,
260 564 33 19 att
308 568 48 16 man
371 562 7 22 i
393 563 101 21 medeltal
509 563 48 21 icke
573 563 42 21 kan
631 564 87 26 antaga,
733 564 33 20 att
782 569 26 15 en
824 562 118 22 skollärare
953 568 40 15 un-

170 591 39 21 der
230 592 28 20 28
279 590 23 22 är
321 591 43 21 kan
383 592 85 20 inträda
487 592 28 26 pä
535 592 125 21 skolbanan.
690 592 86 26 Lägges
792 591 69 22 dertill
878 592 26 20 35
921 591 29 26 är,
967 591 25 21 sä

169 619 97 22 kommer
289 620 85 21 säledes
397 620 132 22 skolläraren
550 622 33 19 att
597 620 63 21 hafva
676 620 94 27 uppnätt
785 622 26 20 63
827 620 35 21 ärs
878 620 65 26 älder,
959 620 33 20 in-

170 654 42 16 nan
234 648 43 21 han
300 648 96 22 kommer
418 649 7 21 i
447 649 127 27 ätnjutande
598 648 23 22 af
638 648 38 22 full
695 649 97 27 pension.
822 649 43 21 Det
880 650 24 19 är
916 648 25 27 ju
956 648 36 21 vid

170 677 70 21 denna
263 677 59 21 älder
344 683 46 15 som
413 678 66 21 ocksä
501 677 68 27 öfriga
588 678 136 26 tjenstemän,
743 677 61 21 äfven
822 677 8 21 i
845 677 105 21 händelse
966 677 29 21 de

170 705 48 22 icke
240 704 65 23 hafva
326 706 69 27 tjenat
414 708 26 20 35
461 706 30 25 är,
507 706 86 22 komma
607 706 6 21 i
630 706 126 28 ätnjutande
772 706 22 21 af
807 712 81 15 samma
903 705 90 22 förmän.

169 734 44 21 För
234 734 65 27 öfrigt
318 736 45 20 tror
375 735 44 27 jag,
435 736 33 20 att
483 734 74 27 frågan
574 740 33 16 om
623 734 152 28 pensionering
790 734 34 22 vid
841 736 25 20 63
884 734 34 21 års
935 734 61 21 ålder

171 762 70 22 skulle
264 762 88 28 betinga
374 764 48 21 icke
444 764 25 21 sä
491 764 46 21 smä
557 763 89 27 utgifter
663 763 34 21 för
712 763 139 26 statsverket,
868 763 6 21 i
890 762 106 22 händelse

171 791 162 27 propositionen
354 792 66 22 sädan
440 792 41 21 den
496 792 116 26 föreligger
627 792 70 21 skulle
713 792 22 22 af
750 792 116 21 ständerna
881 792 113 21 erkännas.

170 820 44 26 Jag
236 820 70 21 skulle
329 820 71 22 derför
423 821 75 26 önska,
521 821 6 21 i
547 821 69 21 likhet
633 821 49 21 med
698 820 111 28 professor
823 820 124 25 Danielson,
963 821 33 20 att

170 848 75 27 frägan
268 848 34 22 för
323 849 118 27 beredning
464 849 70 22 skulle
554 849 127 27 hänskjutas
696 850 32 20 till
744 849 171 25 statsutskottet,
932 849 64 21 innan

172 876 42 22 den
229 876 109 28 företages
354 878 31 21 till
401 878 130 27 behandling
545 878 7 21 i
568 878 150 27 lagutskottet,
736 878 52 22 eller
803 878 66 21 ocksä
883 877 32 21 till
925 877 73 27 bägge

171 906 37 20 tvä
222 906 118 27 samtidigt.

240 950 170 23 Julistettuansa
431 952 141 21 keskustelun
592 951 142 28 loppuneeksi
754 951 58 21 esitti
828 951 39 21 hra
881 950 117 22 Puhemies

172 979 54 22 sekä
246 985 100 16 suomen-
365 981 45 20 että
425 980 170 21 ruotsinkielellä
610 980 80 27 säädyn
706 979 156 22 vastattavaksi
878 985 120 16 seuraavan

173 1009 223 26 äänestysesityksen:

243 1037 104 22 tahtooko
370 1039 61 26 sääty
453 1037 98 22 lähettää
570 1037 99 27 puheena
684 1037 76 21 olevan
776 1043 51 15 arm.
843 1035 115 33 esityksen
968 1035 31 22 ai-

173 1066 107 21 noastaan
298 1066 196 21 lakivaliokuntaan
509 1066 34 21 vai
560 1066 33 21 ei?
623 1065 56 22 Joka
694 1065 43 22 sitä
753 1065 81 26 tahtoo,
850 1067 85 19 vastaa:
952 1063 48 28 jaa;

240 1094 36 27 jos
300 1095 18 21 ei
338 1095 88 26 voittaa,
445 1095 125 21 lähetetään
586 1094 66 28 esitys
668 1094 54 22 sekä
737 1093 54 22 laki-
806 1095 46 20 että
866 1093 134 22 valtiovalio-

173 1121 105 23 kuntaan.

242 1151 176 28 Aänestyksessä
431 1151 104 22 annettiin
553 1153 25 20 14
593 1151 44 27 jaa-
650 1151 24 27 ja
689 1153 27 20 20
732 1151 99 21 ei-ääntä.

242 1180 59 21 Arm.
325 1181 66 27 esitys
414 1180 27 22 oli
460 1180 37 21 siis
512 1181 99 26 päätetty
625 1180 99 21 lähettää
739 1179 51 22 sekä
805 1179 48 21 laki-
869 1178 44 21 että
928 1177 72 22 valtio-

172 1209 152 22 valiokuntaan.

244 1277 112 22 Esitettiin
379 1277 25 22 K.
425 1277 138 27 Majesteetin
579 1283 50 15 arm.
646 1277 67 26 esitys
728 1282 36 15 n:o
778 1277 33 25 26,
829 1275 173 27 paloviina-veron

175 1305 168 28 käyttämisestä;
360 1308 58 19 tämä
433 1307 66 26 esitys
516 1305 82 22 samoin
613 1305 51 22 kuin

292 1335 137 27 Majesteetin
445 1341 50 15 arm.
507 1334 71 33 esitys
593 1340 34 15 n:o
644 1335 34 24 27,
694 1332 143 28 valtiopäivillä
851 1337 80 16 vuonna
946 1331 57 21 1888

176 1352 129 39 pyydetyistä
325 1363 164 22 määrärahoista
503 1363 24 26 ja
544 1363 50 20 siitä
609 1364 91 25 tavasta,
714 1362 53 27 jolla
782 1367 27 16 ne
824 1361 95 21 saadaan
933 1359 69 23 suori-

176 1391 98 27 tetuiksi,
290 1391 122 22 lähetettiin
428 1391 212 22 valtiovaliokuntaan.

246 1476 46 22 Hra
306 1476 146 22 Puhemiehen
467 1476 160 22 kehotuksesta
641 1476 87 21 ilmoitti
744 1474 177 33 tuomioprovasti
936 1473 67 27 Hjelt,

176 1507 46 19 että
237 1505 84 28 säädyn
337 1506 183 27 valitsijamiesten
537 1505 161 21 toimittamissa
714 1504 106 22 vaaleissa
835 1502 28 22 oli
878 1502 78 22 valittu
