1078 1739
403 137 76 19 Huhtik,
497 135 26 20 24
539 143 19 18 p.
824 134 40 21 837

141 202 54 20 1867
218 200 84 21 vuoden
324 199 154 28 valtiopäivillä
502 201 104 20 sanotaan
629 199 265 22 kirkkolakivaliokunnan

69 229 151 22 mietinnössä:
238 228 19 25 (I
272 228 40 22 del.
328 235 20 20 p.
369 229 47 26 157)
439 245 4 8 ,
447 229 63 26 Från
529 229 31 20 sin
576 229 48 21 sida
639 229 39 20 har
692 227 133 28 kyrkolagen
841 227 55 22 säle-

71 257 38 22 des
133 257 56 27 gjort
213 257 67 21 allvar
302 257 49 22 med
373 259 33 19 att
428 257 137 27 proklamera
579 256 205 27 religionsfriheten;
799 262 48 15 men
862 255 34 22 för

70 288 33 19 att
119 286 70 21 denna
205 285 55 22 skall
275 285 63 27 blifva
353 285 110 27 verklighet
478 285 91 27 fordras,
585 287 33 20 att
634 287 70 20 staten
722 285 12 21 å
749 285 32 20 sin
798 285 46 20 sida
860 291 32 14 er-

69 315 83 21 känner
168 315 144 20 densamma".
342 314 28 21 Ja
384 314 65 21 vielä:
466 315 29 26 (p.
513 316 49 24 158)
577 314 89 27 ,Ehuru
678 313 40 22 den
729 313 167 27 religionsfrihet

71 349 45 15 som
140 343 40 21 den
203 349 41 20 nya
265 343 131 26 kyrkolagen
416 342 87 28 åsyftar,
519 342 55 22 först
589 343 28 21 dä
632 343 41 21 kan
690 342 28 21 bli
732 342 40 26 full
786 341 110 28 verklighet

71 373 40 19 när
127 377 24 16 en
168 371 144 26 dissenterlag
331 371 89 21 kommit
438 371 32 21 till
487 371 70 26 ständ,
574 371 39 22 har
627 371 109 21 utskottet
752 371 54 21 dock
821 372 73 19 ansett

72 402 32 19 att
128 399 67 22 redan
216 406 36 20 nu,
275 399 35 22 vid
335 400 143 27 kyrkolagens
498 400 121 27 antagande
635 399 40 22 och
691 399 65 21 innan
772 399 124 21 densamma

72 429 33 20 till
121 428 126 21 efterlefnad
262 427 127 27 fastställes,
405 429 131 20 bestämmas
553 429 73 25 borde,
646 430 32 19 att
693 428 42 20 alla
751 427 26 21 de
794 428 100 26 stadgan-

72 456 41 22 den
129 457 6 20 i
152 457 106 21 allmänna
280 456 62 27 lagen
366 456 40 22 och
429 456 69 27 öfriga
515 456 157 27 författningar,
688 462 46 15 som
749 455 45 22 frän
812 458 83 20 statens

72 485 47 21 sida
141 485 64 27 lägga
226 484 77 22 hinder
324 484 33 22 för
377 485 201 27 religionsfriheten,
595 485 62 21 skola
672 484 165 27 undanrödjas''.
868 484 28 22 Ja

73 514 140 21 alamaisessa
228 514 154 21 vastauksessa
398 514 29 26 (p.
443 514 51 26 250)
511 514 114 27 käytettiin
642 514 61 21 aivan
720 514 81 26 samoja
814 513 81 27 sanoja.

143 542 93 21 Samalla
251 542 79 21 tavalla
344 542 137 27 kirjoitetaan
498 542 56 22 vielä
570 544 55 20 1872
641 542 84 21 vuoden
745 542 151 27 valtiopäivillä

72 570 45 22 niin
132 570 51 22 kuin
199 570 70 28 piispa
285 570 121 22 Schauman
421 571 100 27 vainajan
537 571 148 27 petitsionista
701 572 105 20 näemme:
824 570 21 28 (4
855 570 40 22 del.

72 606 21 20 p.
110 599 50 26 243)
185 600 55 25 ,,För
262 598 138 23 utfärdandet
423 599 23 21 af
459 606 26 15 en
503 600 66 21 sådan
585 600 36 26 lag
636 600 56 20 talar
708 599 60 21 äfven
785 601 31 19 ett
831 600 66 20 annat

73 628 65 26 högst
154 628 75 26 vigtigt
252 628 52 26 skäl,
328 628 40 21 och
390 628 61 21 detta
470 630 30 24 är,
518 630 33 20 att
566 628 41 22 den
623 627 171 27 religionsfrihet,
811 628 86 21 hvilken

74 656 82 27 åsyftas
171 656 32 21 uti
219 656 41 21 den
278 662 41 21 nya
341 656 131 27 kyrkolagen
493 657 41 21 och
549 657 32 21 uti
597 657 36 21 det
648 657 7 21 i
671 657 111 25 ingressen
798 656 31 21 till
846 656 51 21 den-

74 691 82 15 samma
171 685 81 21 skedda
268 684 160 28 upphäfvandet
443 685 23 21 af
479 686 28 21 de
523 686 101 21 särskilta
639 685 176 27 lagstadganden,
827 684 72 22 hvilka

73 713 49 22 icke
138 713 191 21 öfverensstämma
344 714 48 21 med
409 714 25 21 de
450 714 32 21 uti
496 714 132 27 kyrkolagen
637 714 85 27 hyllade
731 714 168 26 grundsatserna

73 742 7 21 i
97 742 61 21 detta
173 742 107 24 afseende,
296 742 48 21 icke
360 742 42 21 kan
419 742 28 21 bli
460 742 41 27 full
515 742 117 28 verklighet,
648 742 72 22 förrän
736 748 26 15 en
782 742 115 21 dissenter-

73 770 36 26 lag
124 770 91 21 kommit
236 770 32 21 till
290 770 70 27 ständ,
385 771 89 21 emedan
498 771 32 21 uti
552 771 27 21 de
594 778 29 14 nu
638 771 39 21 hos
694 777 35 15 oss
745 770 98 27 gällande
858 770 40 22 för-

73 798 147 27 fattningarna
237 801 55 19 ännu
308 798 132 22 förekomma
456 800 109 26 ätskilliga
581 800 140 26 stadganden,
738 799 71 21 hvilka
824 798 29 27 pä
866 800 33 20 ett

75 829 44 19 sätt
135 833 46 15 som
196 828 48 20 icke
259 827 41 21 kan
317 828 62 26 gillas
395 828 118 21 inskränka
528 828 194 26 religionsfriheten
737 827 33 22 för
790 828 110 26 religions-

74 856 131 26 bekännare,
229 856 71 21 hvilka
322 856 48 22 icke
392 856 87 22 tillhöra
502 857 41 21 den
567 863 30 15 ev.
617 857 54 21 luth.
686 856 88 28 kyrkan.
805 856 46 21 Och
866 857 33 20 att

76 884 69 21 denna
168 884 166 27 religionsfrihet
356 884 68 22 mätte
442 885 30 21 bli
489 892 26 14 en
530 884 41 28 full
585 885 110 27 verklighet
711 887 23 19 är
749 891 26 15 en
792 885 44 25 sak,
853 890 45 15 som

74 912 35 21 väl
132 913 69 21 mäste
223 919 63 15 anses
310 913 63 27 högst
396 914 67 26 vigtig
485 914 41 21 och
550 914 114 26 önskvärd,
682 914 41 21 den
737 914 35 20 mä
786 913 112 21 betraktas

74 941 46 20 från
137 942 83 20 statens
236 941 52 21 eller
304 941 92 27 kyrkans
413 942 130 27 synpunkt'.
573 942 27 21 Ja
616 942 125 21 valiokunta
755 942 68 26 käytti
839 942 59 26 myös

74 969 93 21 melkein
187 969 82 27 samoja
291 970 80 27 sanoja,
394 970 44 21 kun
459 971 71 20 sanoi:
555 971 85 26 ,Sedan
656 971 41 21 den
713 977 41 20 nya
769 969 130 27 kyrkolagen

74 997 145 28 undanrödjat
242 998 26 21 de
290 998 76 22 hinder
388 1005 46 15 som
457 999 128 21 förefunnits
608 1001 46 19 mot
676 999 130 26 möjligheten
829 997 22 22 af
872 1004 33 22 en

75 1027 70 20 större
168 1026 167 27 religionsfrihet
357 1027 57 21 inom
437 1027 81 26 landet,
538 1030 23 19 är
577 1028 36 21 det
629 1027 67 26 enligt
711 1028 118 20 utskottets
845 1033 54 20 upp-

75 1054 93 27 fattning
190 1055 172 26 oundgängligen
385 1056 75 26 nödigt
483 1058 33 19 att
537 1055 61 22 äfven
621 1056 121 21 bestämma
762 1056 25 21 de
804 1057 94 25 gränser,

74 1083 58 21 inom
155 1083 71 22 hvilka
244 1089 26 16 en
287 1083 57 27 dylik
359 1083 168 28 religionsfrihet
542 1085 34 20 mä
591 1085 137 26 medgifvas''.
758 1085 27 21 Ja
801 1083 98 28 säätyjen

75 1111 140 22 alamaisessa
231 1112 154 21 anomuksessa
400 1119 28 14 on
443 1113 100 27 käytetty
559 1113 82 27 samoja
656 1114 80 26 sanoja.

143 1140 38 21 Jos
198 1140 91 21 vieläkin
304 1141 123 21 rohkenisin
443 1141 55 21 vähä
512 1141 103 28 pitkittää
631 1142 98 21 otteitani
742 1141 23 27 ja
781 1143 59 19 ottaa
857 1140 41 21 esi-

76 1168 89 26 merkin,
189 1169 43 21 niin
257 1171 53 19 1882
333 1170 84 21 vuoden
440 1170 154 27 valtiopäivillä
613 1170 89 27 käyttää
719 1169 180 22 eriuskolais-lain

75 1197 132 22 anomuksen
230 1197 49 27 (N:o
302 1198 36 25 26)
361 1198 67 27 tekijä
451 1198 118 27 professori
592 1199 115 26 Runeberg
730 1197 170 22 eriuskolaisista

75 1225 83 26 sanoja:
182 1242 5 9 ,
189 1232 115 20 personer,
330 1226 70 21 hvilka
423 1227 27 24 pä
473 1227 62 21 detta
557 1229 43 19 sätt
620 1227 34 21 stä
670 1230 59 18 utom
745 1227 35 26 lag
796 1226 38 21 och
851 1226 48 21 ord-

74 1253 71 27 ning",
160 1254 23 27 ja
198 1254 169 22 lakivaliokunta
383 1261 67 16 sanoo
467 1256 29 26 (p.
513 1255 22 27 7)
552 1257 47 24 ,,att
615 1255 121 22 Ständerna
751 1256 56 21 velat
823 1260 76 21 genom

73 1288 30 15 nu
118 1281 163 28 ifrägavarande
296 1283 136 27 lagstiftning
454 1284 126 27 förverkliga
598 1284 207 26 religionsfrihetens
823 1283 77 26 grund-

73 1311 67 20 sats".
171 1311 27 21 Ja
224 1311 172 22 ensimmäisessä
422 1312 181 26 vastalauseessa,
628 1313 66 26 jonka
714 1319 26 14 on
759 1313 76 26 tehnyt
860 1311 40 21 hra

73 1339 150 27 Montgomery
238 1347 18 19 y.
272 1346 27 15 m.
316 1342 115 19 sanotaan:
455 1341 58 26 ,,Det
536 1343 24 19 är
579 1341 146 26 lagstiftarens
742 1341 81 26 tydliga
838 1339 61 28 pligt,

73 1369 34 19 att
122 1369 52 20 utan
191 1368 145 27 tidsuppehäll
352 1369 54 21 söka
421 1369 125 27 förverkliga
565 1369 195 27 religionsfriheten
775 1370 7 20 i
798 1369 40 21 den
855 1374 44 15 om-

72 1395 93 27 fattning
181 1397 211 25 omständigheterna
407 1397 129 27 medgifva't.
566 1398 27 21 Ja
606 1398 73 21 toinen
690 1398 129 25 vastalause,
830 1397 70 28 jonka

73 1424 86 21 meidän
175 1424 198 23 korkeanarvoinen
388 1426 111 26 puhemies
517 1432 27 15 on
560 1426 136 27 kirjoittanut
712 1427 72 20 alkaa:
810 1425 89 26 ,Ofver-

73 1458 38 15 ens
128 1453 49 21 med
192 1453 156 26 lagutskottets
364 1454 113 26 pluralitet
493 1455 52 25 deri,
564 1457 32 19 att
612 1455 40 21 den
669 1454 172 26 religionsfrihet,
855 1459 45 16 som

74 1480 55 22 skall
152 1480 22 21 få
196 1481 38 21 sitt
257 1482 85 27 uttryck
357 1482 7 20 i
380 1488 26 15 en
430 1482 93 22 särskild
540 1483 148 27 dissenterlag,
704 1483 40 21 bör
759 1489 50 15 vara
826 1482 23 22 af
863 1482 36 21 be-

72 1508 74 22 hofvet
161 1509 122 27 påkallad".
314 1510 80 22 Nämät
416 1511 73 21 kaikki
504 1511 118 21 lausunnot
638 1511 104 21 koskevat
756 1511 57 27 juuri
830 1510 70 22 erius-
