1078 1739
407 142 82 21 Maalisk.
507 144 12 19 3
534 151 19 17 p.
822 144 41 20 259

67 208 78 22 hittills
165 207 71 23 blifvit
255 214 84 15 vunnen
356 207 40 22 och
412 213 46 16 som
473 207 116 27 föreligger
604 207 7 22 i
627 208 26 21 de
670 208 123 21 statistiska
808 207 83 28 uppgif-

67 240 69 23 terna,
153 239 32 20 att
200 237 84 21 säledes
299 236 139 27 friplatserna
453 236 70 21 skulle
539 235 94 23 fördelas
648 237 29 26 pä
693 237 69 26 grund
778 237 22 21 af
808 243 83 15 vunnen

67 265 108 22 statistisk
198 264 128 27 erfarenhet,
343 265 25 21 sä
384 267 37 22 att,
437 265 39 21 der
490 265 83 21 mindre
588 265 59 21 anta]
662 265 112 28 friplatser
789 265 55 22 visat
859 266 33 26 sig

67 294 132 27 tillräckligt,
222 294 61 21 detta
305 294 57 21 antal
385 293 69 22 blefve
476 293 33 22 för
533 300 25 15 en
574 294 43 21 viss
634 294 31 21 tid
680 293 78 22 framät
773 293 117 26 faststäldt,

69 323 40 22 och
132 325 99 24 tvärtom,
255 322 39 22 der
316 324 32 19 ett
363 323 70 20 större
448 322 58 21 antal
521 323 58 20 visat
594 323 33 26 sig
642 323 111 26 behöfligt,
770 323 38 21 der
823 323 69 21 skulle

69 353 62 20 detta
150 353 69 20 större
242 351 59 22 antal
323 350 33 23 för
374 351 71 27 dylika
465 351 100 21 läroverk
583 351 97 27 beviljas.
710 351 61 22 Dock
788 358 61 21 synes
865 358 27 15 en

69 383 64 24 gräns
149 380 72 21 kunna
235 379 40 22 och
290 380 54 21 böra
358 380 129 27 uppdragas.
511 379 40 22 Om
566 381 15 20 t.
597 387 32 14 ex.
645 380 82 22 antalet
742 380 97 22 frielever
854 380 38 21 ien

69 409 62 22 skola
150 409 70 21 skulle
240 408 116 26 öfverstiga
375 408 81 21 hälften
473 407 22 22 af
509 408 50 22 hela
574 409 147 26 elev-antalet,
737 409 42 22 kan
795 415 48 16 man
857 409 35 21 väl

69 444 52 15 vara
143 437 122 26 berättigad
288 439 32 19 att
342 436 66 28 fräga,
432 436 107 22 huruvida
558 437 49 21 icke
622 440 93 24 gränsen
730 437 34 22 för
778 437 114 22 liberalitet

69 466 71 22 blifvit
162 466 153 22 öfverskriden.
345 465 26 21 Vi
394 465 68 21 måste
482 466 143 26 ihägkomma,
643 468 33 19 att
690 466 74 27 hvarje
780 466 59 22 skola
854 466 39 21 har

71 495 96 27 utgifter,
188 500 45 16 som
254 494 70 22 mäste
342 494 108 21 bestridas
466 494 50 22 med
531 494 88 22 skolans
634 494 125 27 inkomster,
775 494 119 22 bestäende

70 524 23 21 af
113 523 147 27 inskrifnings-
277 523 41 21 och
336 522 193 27 termins-afgifter,
546 523 41 21 och
601 524 128 26 utgörande,
746 524 147 26 inskrifnings-

70 552 88 28 afgiften
183 554 25 19 10
224 552 61 21 mark
301 553 56 19 samt
373 551 204 27 terminsafgifterna
593 554 12 19 2
621 552 61 21 mark
697 552 33 22 för
745 552 72 27 hvarje
832 552 62 22 beta-

69 582 64 21 lande
149 581 54 21 elev.
232 580 44 22 Det
291 582 24 19 är
330 580 50 22 med
396 580 63 22 dessa
474 580 127 26 inkomster,
618 587 46 15 som
681 580 27 22 de
722 581 93 27 löpande
830 581 64 26 utgif-

71 612 62 20 terna
157 610 61 21 skola
240 609 113 21 bestridas.
385 609 40 21 Om
447 616 29 14 nu
498 609 139 21 frielevernas
660 610 59 21 antal
742 610 42 21 blir
803 610 93 26 orimligt

71 640 63 25 stort,
151 638 67 26 stiger
234 640 16 19 t.
267 644 31 15 ex.
315 638 56 21 ända
384 638 33 20 till
433 640 26 19 75
468 637 33 28 9/,,
519 638 25 21 sä
559 638 41 21 blir
610 637 87 28 följden,
709 640 33 20 att
749 638 146 22 inkomsterna

70 668 48 21 icke
141 667 66 21 förslä
229 666 33 22 för
286 668 32 20 att
337 666 93 22 betäcka
445 666 124 27 utgifterna,
587 666 39 22 och
643 667 27 21 dä
685 667 70 21 mäste
771 669 71 19 staten
857 667 38 21 be-

70 696 51 27 vilja
137 698 61 19 extra
213 695 81 27 anslag,
309 694 33 22 för
357 697 33 19 att
405 695 76 21 skolan
496 695 49 22 icke
561 696 54 20 skall
630 696 45 21 lida
690 696 49 21 nöd.
770 696 75 26 Nägon
858 696 37 20 be-

71 724 117 27 gränsning
203 730 63 21 synes
282 724 43 26 mig
340 723 72 22 derför
426 724 53 21 böra
494 725 71 25 göras,
581 724 34 22 för
630 726 32 19 att
678 724 47 22 icke
738 726 33 20 ett
778 727 47 25 nytt
833 724 61 22 miss-

71 752 134 23 förhållande
220 752 56 22 skall
291 753 89 27 uppstå;
400 759 48 15 men
465 752 98 22 deremot
578 759 63 21 synes
656 753 14 21 &
685 753 67 21 andra
768 753 60 21 sidan
843 759 52 15 vara

73 782 88 22 alldeles
177 782 59 21 svärt
252 781 52 22 eller
319 781 109 27 praktiskt
442 783 52 19 nära
508 782 31 26 pä
554 781 121 22 outförbart
690 784 32 19 att
737 782 108 26 begränsa
859 781 36 21 fri-

72 810 170 27 elevsplatserna
260 810 28 27 pä
306 809 68 22 första
389 810 93 21 klassen.
512 810 91 27 Frågan,
621 816 34 16 om
671 817 26 15 en
710 810 50 25 elev
776 810 53 22 skall
845 816 50 16 vara

71 839 75 22 frielev
162 839 53 21 eller
233 839 54 26 icke,
307 839 42 21 kan
364 838 48 22 icke
428 838 85 27 afgöras
530 839 41 21 den
589 841 8 19 1
615 839 129 27 september,
762 840 87 20 emedan
865 838 31 22 af-

73 868 106 27 görandet
201 868 63 20 beror
287 868 27 26 pä
337 867 112 21 skolrädet
468 867 41 21 och
532 867 112 22 skolrädet
659 868 47 21 äter
721 868 48 22 icke
785 868 41 21 kan
841 874 56 15 sam-

73 896 118 22 mankallas
214 896 33 21 för
267 898 33 19 att
315 896 75 26 afgöra
404 896 80 27 frägan,
501 895 72 23 förrän
590 896 74 22 eleven
679 896 67 22 finnes
763 896 71 22 säsom
851 896 46 22 elev

73 926 35 20 vid
130 925 129 21 läroverket.
290 924 76 22 Derför
388 931 63 20 synes
474 925 43 26 mig
536 927 39 24 att,
591 931 34 15 om
641 925 67 21 ocksä
721 932 49 14 man
786 925 110 21 fasthäller

73 954 36 21 vid
125 954 38 21 det
178 953 70 27 gamla
265 953 81 21 antalet
362 953 22 21 af
398 955 12 19 8
427 954 70 20 elever
512 959 40 20 per
567 953 65 26 klass,
656 954 38 21 det
709 954 55 21 dock
780 954 39 21 bör
834 955 62 25 göras

75 984 32 20 ett
122 982 110 26 undantag
247 981 33 22 för
295 981 68 22 första
378 981 93 26 klassen,
487 982 38 21 der
542 984 32 19 ett
589 982 147 27 obegränsadt
750 983 58 21 antal
820 982 77 27 fattiga

75 1011 71 22 elever
161 1011 67 21 borde
242 1009 22 22 fä
279 1011 89 26 intagas.
399 1010 136 27 Stadgandet
550 1010 23 22 af
587 1013 12 18 8
615 1010 109 27 friplatser
734 1011 69 22 skulle
812 1011 84 21 säledes

73 1039 49 22 icke
138 1039 57 27 gälla
209 1039 69 22 första
293 1039 93 25 klassen,
403 1041 51 19 utan
471 1039 78 22 endast
564 1039 26 21 de
606 1041 11 19 7
635 1039 75 28 öfriga.

142 1068 31 21 Pä
195 1067 68 28 grund
287 1068 23 21 af
327 1068 57 21 hvad
396 1068 37 27 jag
449 1068 39 21 här
503 1067 118 22 framhällit
636 1068 42 21 kan
692 1068 37 27 jag
744 1068 48 22 icke
807 1067 90 22 omfatta

73 1097 157 27 petitionärens
246 1096 86 27 förslag,
349 1097 90 21 oaktadt
451 1097 38 26 jag
505 1097 61 21 delar
581 1097 41 21 den
638 1096 196 27 grundäskädning,
851 1102 46 15 som

73 1125 124 22 framkallat
213 1125 110 27 förslaget.
354 1125 49 21 Men
426 1125 28 21 dä
468 1125 75 27 frägan
558 1127 23 20 är
597 1132 26 15 en
639 1125 55 22 bäde
710 1125 33 22 för
759 1125 27 22 de
801 1125 96 21 enskilda

74 1154 121 27 familjerna
217 1153 40 22 och
280 1153 33 22 för
335 1153 75 22 landet
424 1154 7 21 i
447 1154 50 21 dess
521 1154 74 22 helhet
614 1154 67 27 vigtig
696 1154 66 27 fråga,
779 1154 68 21 skulle
860 1154 37 27 jag

73 1183 49 21 icke
136 1183 67 21 heller
213 1183 51 26 vilja
277 1182 45 22 läta
338 1183 39 21 den
394 1182 23 21 af
429 1183 144 26 petitionären
589 1183 78 21 väckta
682 1182 73 27 frägan
764 1182 89 25 förfalla,
863 1183 33 20 sä-

75 1217 46 16 som
132 1211 110 22 utskottet
253 1211 97 21 föreslär.
366 1211 34 21 Dä
411 1211 120 22 emellertid
539 1211 75 27 frägan
622 1211 116 27 ingalunda
754 1213 24 20 är
792 1211 41 21 lätt
848 1211 50 25 löst,

74 1247 49 14 men
139 1240 56 21 dock
210 1240 62 21 torde
287 1240 73 21 kunna
375 1239 55 22 efter
444 1246 111 20 noggrann
571 1240 160 27 undersökning
746 1241 65 25 lösas,
826 1240 25 21 sä
865 1241 32 20 att

75 1269 26 21 de
116 1268 99 22 läroverk
231 1275 47 15 som
293 1268 91 22 behöfva
399 1268 52 22 flere
465 1268 111 27 friplatser
591 1269 69 21 skulle
676 1268 21 22 fä
712 1269 38 21 sitt
760 1268 67 22 behof
837 1268 62 27 fyldt,

75 1300 52 19 utan
143 1299 33 20 att
192 1297 84 22 derföre
291 1297 208 26 frielevspiatsernas
515 1297 60 22 antal
588 1297 34 22 vid
641 1297 67 22 andra
722 1297 99 22 läroverk
829 1297 69 21 skulle

74 1326 117 21 reduceras
215 1326 69 21 under
306 1326 37 21 det
365 1325 94 22 faktiska
478 1325 102 22 behofvet
595 1326 40 21 och
650 1328 52 19 utan
718 1328 33 19 att
766 1326 81 21 antalet
861 1325 37 22 fri-

74 1355 83 27 platser
175 1355 7 20 i
197 1354 117 22 allmänhet
337 1354 69 22 skulle
429 1355 58 24 ökas,
505 1355 24 20 sä
553 1355 66 26 vägar
638 1355 38 26 jag
697 1355 87 26 föreslä,
811 1355 32 20 att
865 1354 33 21 till

75 1383 140 26 aflägsnande
230 1383 22 21 af
267 1383 37 22 det
319 1383 123 21 nuvarande
457 1382 197 23 missförhällandet
670 1389 27 16 en
713 1383 67 22 sädan
789 1389 109 21 noggrann

75 1412 160 26 undersökning
250 1411 68 22 mätte
334 1413 69 25 göras.

145 1441 50 20 Mitt
208 1440 80 27 förslag
304 1447 50 14 vore
370 1440 94 21 säledes:
482 1442 36 24 att,
535 1440 48 27 ifall
600 1440 120 32 regeringen
735 1440 42 21 icke
792 1439 40 22 kan
846 1439 52 27 god-

75 1469 71 21 känna
169 1469 40 21 den
230 1469 40 20 här
292 1469 93 21 uttalade
402 1457 144 38 grundsatsen
569 1471 30 19 att
614 1469 62 25 ingen
692 1469 40 20 elev
747 1469 65 20 skulle
826 1468 24 26 fä
864 1467 34 26 för

75 1498 36 20 sin
126 1497 124 27 fattigdoms
265 1497 55 21 skull
334 1497 52 26 frän
401 1497 72 21 skolan
489 1497 151 26 tillbakavisas,
658 1497 120 27 regeringen
794 1496 45 21 ville
854 1496 44 21 läta

75 1527 100 20 närmare
194 1526 117 21 undersöka
330 1526 166 26 ifrågavarande
510 1525 133 27 förhållande
656 1532 75 20 genom
746 1532 25 14 en
786 1525 76 21 komitö
876 1524 26 27 af
