1078 1739
401 124 83 18 Maalisk.
501 123 12 18 6
530 130 18 17 p.
818 123 41 20 273

62 187 23 28 jo
111 187 137 27 vähentynyt,
274 187 54 26 sopii
352 187 56 21 ehkä
431 186 78 27 toivoa,
535 188 46 20 että
601 193 42 15 nuo
659 186 78 28 synkät
752 186 135 25 väkilaumat,

64 216 68 21 mitkä
151 215 127 28 Himalayan
298 215 95 22 rinteiltä
410 215 23 27 ja
452 215 79 21 Aasian
547 215 117 22 aromaista
679 216 51 21 ovat
745 215 143 22 Suomeenkin

65 246 132 25 samonneet,
216 244 177 22 vastaisuudessa
413 244 92 21 vieläkin
521 244 124 27 supistuvat
657 244 24 27 ja
695 243 87 22 vihdoin
797 244 92 21 kentiesi

63 273 115 22 kokonaan
193 275 131 26 peräytyvät,
340 273 96 21 niinkuin
451 273 67 27 yököt
533 273 108 22 kultaisen
655 273 78 27 päivän
749 275 140 19 sarastaessa.

135 302 42 21 Sen
197 301 81 29 nojalla
298 302 52 21 mitä
369 304 37 25 nyt
427 302 48 21 olen
495 302 104 21 lausunut
619 301 134 22 mustalaisia
772 302 116 21 koskevien

65 331 145 22 tilastollisien
234 331 90 27 tietojen
345 331 112 27 hyödystä,
481 331 62 21 olisin
563 331 54 21 ollut
635 331 125 26 kiitollinen,
774 331 35 27 jos
825 331 65 21 valio-

65 360 68 21 kunta
153 360 48 21 olisi
216 361 87 20 ottanut
318 360 110 21 onkeensa
442 361 109 25 sanottua,
567 359 201 28 anomusesityksen
783 365 107 22 ponnessa

66 389 76 21 olevaa
164 389 80 21 kohtaa
262 389 24 27 ja
305 390 80 20 suonut
404 389 47 21 sille
467 389 121 21 ansiollista
603 389 121 26 huomiota;
741 390 69 19 mutta
825 389 65 21 valio-

65 418 69 20 kunta
159 424 26 15 on
209 417 124 22 luultavasti
352 417 105 21 katsonut
475 419 73 19 tämän
565 417 60 21 asian
641 418 63 20 aivan
719 417 170 26 ala-arvoiseksi,

65 446 71 22 koska
158 446 131 26 valiokunta,
313 446 163 22 esiintuomatta
495 446 82 22 mitään
592 446 95 27 motivia,
703 446 60 27 pitää
778 446 112 27 toimenpi-

67 477 46 19 teet
128 475 96 27 säätyjen
240 475 96 27 puolelta
350 477 61 19 tässä
426 475 84 21 asiassa
526 475 172 27 tarpeettomina.

136 504 130 22 Valiokunta
282 504 89 27 julistaa
386 510 81 21 sangen
483 504 152 28 kategorisesti
648 504 24 27 ja
684 504 145 28 juhlallisesti,
846 505 45 20 että

66 533 150 22 mustalaisten
236 533 98 21 oikeutta
351 533 92 27 polkeva
459 533 127 27 elantotapa
601 533 139 27 epäilemättä
756 533 133 25 ehkäistään,

64 562 35 27 jos
115 564 38 26 nyt
168 562 108 21 voimassa
291 562 69 21 olevia
375 562 111 21 asetuksia
504 564 25 19 17
546 562 52 27 p:ltä
614 562 146 21 maaliskuuta
776 563 54 20 1879
844 562 45 27 ja
879 558 14 36 2

66 591 54 27 p:ltä
141 591 132 21 huhtikuuta
295 592 53 20 1883
365 591 110 22 ankarasti
488 591 24 27 ja
528 591 91 21 tarkasti
635 591 155 21 noudatetaan.
819 590 72 22 Mutta

64 620 42 27 jos,
130 620 66 21 kuten
218 620 199 27 anomusesityksen
437 620 68 27 tekijä
521 620 124 26 vakuuttaa,
661 620 74 22 näissä
752 620 140 21 armollisissa

67 648 135 22 asetuksissa
222 649 19 21 ei
261 649 33 21 ole
309 648 80 22 mitään
405 649 136 21 mustalaisia
555 649 104 21 koskevia
675 649 106 27 sääntöjä,
797 648 95 22 niinkuin

68 680 87 19 eräässä
179 678 165 21 vanhemmassa
363 678 23 26 ja
408 678 129 22 kumotussa
560 678 141 22 asetuksessa
723 677 126 22 irtolaisista
869 677 23 27 ja

67 706 72 22 niiden
155 706 80 22 kanssa
250 706 211 27 menettelemisestä,
477 707 44 21 niin
538 707 72 21 minun
627 713 26 15 on
670 713 93 15 suoraan
779 708 113 19 tunnusta-

67 735 78 26 minen,
166 734 64 23 ett'en
247 736 62 21 katso
326 736 59 20 näitä
400 736 149 21 nimenomaan
565 736 105 21 irtolaisia
685 735 103 22 koskevia
803 735 88 21 asetuk-

67 764 39 26 sia,
126 764 106 27 vaikkapa
247 764 53 21 niitä
315 764 110 22 ankarasti
437 765 24 27 ja
477 764 93 22 tarkasti
585 764 221 26 noudatettaisiinkin,
823 764 70 27 täysin

67 793 149 22 voimallisiksi
244 795 132 19 saattamaan
405 794 138 21 mustalaiset
569 794 168 26 kristinuskoon,
758 792 134 22 lainkuuliai-

69 824 98 24 suuteen,
184 822 218 27 yhteiskunnalliseen
416 822 160 28 järjestykseen
585 822 23 28 ja
618 822 129 22 rehelliseen
755 822 137 27 työntekoon.

68 851 73 21 Toisia
161 851 23 27 ja
206 851 136 27 pätevämpiä
360 851 86 27 keinoja
464 853 61 20 tässä
541 852 111 27 kysytään,
666 852 24 27 ja
705 852 53 20 niitä
773 850 118 22 keksiköön

69 880 140 26 tulevaisuus,
223 880 34 27 jos
273 882 60 19 tarve
348 880 43 21 niin
407 880 70 21 vaatii.

138 908 73 28 Piispa
233 908 109 28 Alopaeus:
372 909 169 21 Extraordinära
562 908 148 22 förhållanden
730 908 75 22 kräfva
823 910 70 20 extra-

71 937 99 22 ordinära
193 937 106 27 ätgärder,
321 937 39 22 och
380 938 7 20 i
408 938 71 27 dylika
499 938 162 21 extraordinära
675 937 148 22 förhällanden
838 937 56 21 lefva

69 966 135 27 zigenarena.
235 966 33 21 De
290 967 84 26 utgöra,
398 972 34 15 om
452 967 38 27 jag
513 967 26 20 sä
561 966 32 21 fär
613 967 100 27 uttrycka
728 967 49 26 mig,
793 965 100 22 Finlands

70 1001 127 16 mormoner.
223 995 32 21 De
271 997 37 19 äro
324 995 72 26 döpta,
412 1002 49 15 men
477 995 52 21 akta
545 995 48 22 icke
607 995 29 27 pä
652 995 39 22 sitt
705 994 189 28 döpelseförbund:

71 1024 26 21 de
122 1023 57 22 lefva
203 1024 6 21 i
231 1023 134 22 konkubinat
388 1024 40 21 och
449 1024 92 27 troligen
559 1023 61 22 äfven
636 1024 6 21 i
657 1024 124 27 mänggifte,
798 1023 39 22 och
854 1023 40 22 den

71 1053 257 26 egendomsgemenskap,
351 1059 47 15 som
421 1053 75 27 tyckes
517 1053 80 21 herska
613 1053 65 21 bland
694 1053 54 26 dem,
766 1052 128 21 ätminstone

71 1081 68 22 under
155 1082 61 21 deras
232 1081 134 27 vandringar,
382 1081 50 28 vilja
448 1081 27 22 de
491 1082 113 21 utsträcka
619 1081 61 22 äfven
696 1083 60 20 utom
767 1081 81 22 horden
859 1087 35 21 ge-

71 1116 49 16 nom
136 1110 77 27 tiggeri
228 1110 53 22 eller
296 1116 76 21 genom
388 1110 65 22 stöld.
479 1110 74 22 Ocksä
569 1113 24 18 är
608 1111 62 21 deras
687 1110 126 27 inskrifning
828 1109 7 22 i
846 1109 48 28 kyr-

71 1139 137 22 koböckeina
222 1139 66 26 högst
303 1139 165 26 oregelbunden.
499 1139 52 22 Man
565 1139 69 22 finner
648 1139 135 22 föräldrarna
798 1145 51 15 vara
863 1139 31 20 in-

70 1167 83 22 skrifna
175 1168 7 21 i
205 1175 25 14 en
253 1168 130 27 församling,
404 1168 81 22 barnen
501 1168 7 21 i
524 1175 27 14 en
567 1175 76 20 annan,
660 1168 40 21 och
716 1168 27 21 de
758 1167 75 26 vilkor,
849 1173 46 16 som

71 1196 108 22 erfordras
194 1196 33 22 för
242 1199 32 19 att
290 1197 80 21 erhälla
385 1196 179 28 flyttningsbetyg
579 1196 46 22 frän
641 1197 41 21 den
694 1203 40 16 ena
744 1196 151 27 församlingen

71 1225 33 23 till
121 1225 41 22 den
177 1225 74 27 andra,
267 1225 94 22 hvarken
372 1225 51 28 vilja
433 1225 53 22 eller
493 1225 74 22 kunna
575 1226 128 27 zigenarena
710 1225 101 28 uppfylla.
833 1225 62 21 Eme-

72 1255 42 21 dan
136 1255 25 20 sä
183 1256 30 24 är,
236 1260 64 16 anser
317 1254 43 27 jag,
376 1256 34 19 att
424 1255 163 21 extraordinära
603 1255 101 26 ätgärder
718 1255 68 21 borde
801 1253 50 22 med
866 1253 29 22 af-

72 1283 81 22 seende
177 1283 12 21 å
209 1283 127 27 zigenarena
355 1283 114 28 företagas.
501 1283 44 22 Det
560 1283 39 22 har
614 1283 66 22 också
695 1283 57 22 visat
768 1283 39 27 sig,
824 1282 72 22 såsom

72 1311 67 22 redan
162 1311 40 22 har
218 1311 70 23 blifvit
304 1312 124 21 omnämndt
442 1312 7 21 i
465 1312 48 27 dag,
530 1313 34 20 att
579 1312 99 27 gällande
693 1311 150 27 författningar
859 1313 37 20 äro

72 1341 137 26 vanmäktiga
228 1341 60 21 säväl
303 1340 132 23 beträffande
451 1341 142 26 zigenarenas
608 1341 172 27 medborgerliga
795 1347 46 14 som
857 1340 40 21 ock

73 1369 63 22 deras
151 1369 98 28 kyrkliga
264 1369 107 27 ställning.
396 1369 42 22 För
452 1369 44 22 min
512 1369 36 22 del
564 1369 69 22 skulle
646 1370 38 27 jag
700 1369 71 22 derför
782 1369 67 22 önska
857 1369 40 22 och

72 1398 86 27 föreslä,
183 1400 32 19 att
238 1399 26 21 de
284 1398 107 27 ätgärder,
412 1404 47 15 som
478 1398 147 27 petitionären
639 1398 39 22 har
693 1398 118 27 föreslagit,
828 1397 69 22 skulle

71 1427 119 22 inskränka
205 1427 33 27 sig
252 1427 55 22 först
322 1427 40 22 och
372 1426 77 23 främst
459 1427 32 21 till
502 1427 123 22 statistiska
637 1427 119 27 uppgifters
764 1426 133 22 insamlande

73 1456 26 20 sä
123 1462 56 20 noga
204 1461 46 16 som
274 1455 88 27 möjligt,
386 1462 49 15 men
453 1455 34 22 för
507 1456 38 21 det
561 1456 67 21 andra
643 1458 33 18 att
692 1462 27 15 en
733 1455 81 22 komitö
829 1455 69 21 skulle

73 1484 121 26 nedsättas,
215 1490 46 16 som
280 1484 49 22 med
344 1484 122 22 beaktande
481 1484 23 21 af
518 1484 65 22 dessa
599 1484 109 27 uppgifter
723 1484 53 22 eller
790 1484 8 21 i
813 1483 50 22 stöd
878 1483 22 21 af

73 1512 27 22 de
115 1519 84 17 samma
214 1512 70 22 skulle
299 1512 108 22 inkomma
421 1513 50 22 med
485 1512 83 28 förslag
583 1512 112 28 angäende
710 1513 139 27 zigenarenas
865 1512 34 22 sä-

809 1555 23 17 18
