1078 1739
207 149 42 20 886
517 149 76 18 Huhtik.
609 147 26 20 26
650 155 18 17 p.

179 211 111 22 utlätande
306 218 34 15 om
356 211 40 22 den
412 212 73 26 saken,
501 212 108 27 nämligen
625 213 33 20 att
673 211 62 22 detta
749 210 134 22 förhällande
898 212 32 20 att
944 212 60 19 näm-

179 241 119 21 dlemannen
321 240 91 21 sålunda
433 241 77 21 anlitas
534 241 77 21 endast
634 242 24 19 är
680 242 32 19 ett
732 239 54 22 bruk
801 246 48 15 men
864 239 138 26 ingalunda
988 235 19 35 i

178 269 37 27 lag
236 269 109 26 stadgadt.
375 269 44 21 När
441 269 120 22 emellertid
584 269 170 21 nämdemännen
776 267 63 22 hafva
859 268 25 21 sä
898 268 52 21 liten
966 267 37 22 lön

177 300 34 19 att
234 297 27 22 de
283 297 47 22 icke
352 303 66 21 gerna
436 298 50 27 vilja
511 298 46 21 läta
575 298 33 27 sig
623 297 75 22 anlitas
715 297 7 20 i
739 297 64 21 dessa
815 297 188 28 handräkningsä-

178 326 88 26 renden,
283 326 24 21 sä
322 332 50 15 vore
388 327 36 21 det
438 327 47 21 icke
502 327 92 21 allenast
610 327 37 20 bra
662 328 52 19 utan
725 321 92 26 alldeles
825 325 131 26 nödvändigt
971 327 33 19 att

178 355 38 21 det
230 355 76 21 funnes
323 355 68 26 någon
407 355 28 26 pä
450 355 92 27 trakten,
559 361 46 15 som
621 361 50 15 vore
686 354 95 26 lagligen
796 354 84 27 skyldig
890 355 34 20 att
933 354 71 21 lemna

178 383 68 22 sådan
269 383 153 27 handräkning,
446 384 40 21 och
509 390 25 15 en
559 384 68 21 sådan
652 389 50 15 vore
719 383 48 27 just
783 383 40 20 den
838 389 29 14 nu
882 382 122 27 föreslagna

179 413 177 25 tjenstemannen,
380 418 46 15 som
448 412 69 21 skulle
541 413 62 20 träda
626 412 7 20 i
655 411 146 26 skallfogdens
821 411 68 25 ställe,
904 417 49 15 man
969 411 35 20 må

179 446 29 15 nu
223 440 57 26 gifva
294 440 24 21 åt
333 440 67 22 denne
415 440 128 27 tjensteman
561 440 80 21 hvilket
657 446 62 15 namn
736 445 46 16 som
793 439 62 22 helst.
885 428 43 38 Jag
938 444 66 16 anser

179 468 91 22 sålunda
293 471 33 19 att
347 469 108 21 utskottet
476 469 56 21 varit
554 469 7 21 i
582 469 33 21 sin
630 468 52 22 fulla
696 470 52 24 rätt,
765 470 38 19 när
819 468 37 21 det
871 468 56 26 gjort
942 467 62 22 detta

179 497 112 21 uttalande
314 497 41 21 och
377 498 144 21 understöder
544 498 66 21 också
629 497 39 21 allt
682 496 133 22 fortfarande
831 496 171 22 utskottsbetän-

179 526 82 22 kandet
276 526 6 21 i
299 526 101 21 afseende
415 526 13 21 å
443 527 50 21 dess
509 526 56 22 sista
580 526 65 21 kläm.

249 554 117 22 Professori
382 555 87 21 Donner:
485 554 29 22 Af
528 555 26 21 de
570 555 53 25 skäl,
639 560 46 16 som
700 554 41 21 här
755 553 64 22 hafva
833 553 125 22 framhållits
970 553 33 21 till

178 583 83 21 förmån
283 583 33 21 för
338 583 250 26 utskottsbetänkandet,
611 590 37 14 var
671 583 55 22 blott
750 585 32 19 ett
803 588 47 16 som
872 584 72 26 syntes
960 582 44 26 mig

178 612 103 21 innebära
296 614 32 19 ett
344 612 89 26 verkligt
449 613 96 26 vägande
561 612 72 21 motiv.
664 612 31 20 En
711 612 70 20 talare
792 610 87 22 anförde
890 610 113 27 nämligen,

179 642 33 19 att
234 640 110 22 utskottet
358 640 46 22 haft
419 640 32 22 för
466 641 50 21 kort
531 641 38 25 tid,
586 640 99 22 hvarföre
700 640 39 21 det
754 640 47 21 icke
816 639 76 22 hunnit
906 642 97 18 närmare

179 669 101 21 utarbeta
302 669 66 27 något
389 669 80 27 förslag
491 670 53 21 eller
567 669 101 21 förändra
684 669 40 21 den
742 668 78 27 nådiga
834 668 168 27 propositionen.

178 698 49 20 Men
244 704 34 15 om
300 698 26 21 så
341 704 37 15 var
393 698 59 21 fallet
467 700 33 20 att
515 698 108 21 utskottet
638 698 48 21 icke
700 696 72 22 funnit
787 697 32 26 sig
835 703 39 20 ega
890 696 114 27 tillräcklig

178 726 32 21 tid
226 726 32 21 till
274 732 26 15 en
319 726 154 28 omarbetning,
489 727 28 21 då
532 726 67 22 borde
615 726 33 21 väl
665 726 39 21 den
722 728 109 19 närmaste
846 725 157 21 konklusionen

178 754 63 22 hafva
264 754 44 22 ledt
328 755 79 21 derhän
430 757 33 19 att
477 755 33 21 för
526 755 117 21 ständerna
657 754 94 26 förorda,
768 756 31 19 att
814 754 78 26 nådiga
906 754 97 26 proposi-

177 783 74 22 tionen
274 783 66 22 måtte
362 784 143 22 underkastas
521 783 88 28 förnyad
632 772 132 38 granskning
786 782 39 22 och
849 770 94 50 derefter
956 783 48 21 åter

178 812 122 26 föreläggas
316 813 54 21 dem.

246 841 70 21 Bland
341 840 68 28 öfriga
434 841 47 21 skäl
504 842 39 20 har
566 841 5 21 i
592 840 89 22 främsta
702 842 94 20 rummet
818 839 133 27 framhållits,
971 841 32 19 att

178 869 276 27 kommunalförfattningen
474 870 119 21 innehåller
608 869 130 27 tillräckliga
753 869 133 26 stadganden
902 868 6 21 i
924 870 78 20 ämnet.

177 897 236 22 Kommunalstämman
435 898 41 22 och
498 899 93 21 nämden
612 900 37 19 äro
664 898 56 21 både
736 896 136 28 berättigade
889 896 39 22 och
946 896 56 28 skyl-

178 926 50 26 diga
242 928 35 19 att
292 926 113 22 öfvervaka
420 927 118 26 ordningen
552 927 3 21 i
567 928 134 20 kommunen.
732 925 126 23 Emellertid
869 925 133 27 framdrages

179 954 70 21 såsom
275 955 47 21 skäl
344 957 45 19 mot
408 961 26 15 en
450 955 127 27 utvidgning
592 955 23 21 af
629 955 68 21 denna
712 954 131 27 myndighet,
859 955 33 20 att
906 954 97 21 kommu-

177 983 128 22 nalnämden
327 983 14 21 f.
363 990 19 15 n.
399 985 23 19 är
438 983 25 22 så
479 983 130 28 öfverhopad
625 983 48 22 med
688 983 97 27 göromål
801 985 33 19 att
849 982 38 21 det
902 982 101 26 medtoge

177 1011 33 21 för
234 1012 90 27 mycken
349 1012 31 21 tid
405 1012 32 21 för
460 1012 166 21 medlemmarna
648 1012 6 21 i
674 1012 126 21 densamma
815 1013 33 19 att
862 1017 54 20 egna
932 1011 32 26 sig
980 1011 24 20 åt

178 1040 129 27 ordningens
330 1041 195 26 upprätthållande.
556 1041 50 21 Men
629 1041 77 20 sådant
722 1042 25 19 är
760 1040 24 27 ju
799 1039 48 22 icke
862 1039 68 22 heller
945 1045 57 16 ome-

178 1068 85 21 delbart
285 1069 77 27 yrkadt
380 1069 22 21 af
416 1069 54 26 dem,
486 1075 47 16 som
549 1069 96 22 försvara
661 1069 41 21 den
718 1068 90 27 princip,
825 1074 47 15 som
887 1068 68 27 ligger
970 1067 34 22 till

177 1097 69 26 grund
269 1097 33 22 för
323 1098 166 27 propositionen,
513 1099 33 20 att
568 1098 106 26 nämligen
696 1096 229 22 kommunalnämdens
943 1097 60 21 med-

177 1125 89 21 lemmar
290 1125 74 28 sjelfva
386 1126 69 21 skulle
478 1126 122 21 handhafva
614 1125 144 28 polisvården.
789 1125 42 21 Det
853 1125 39 21 har
910 1127 94 19 tvärtom

176 1153 130 22 framhållits
327 1157 33 18 att
375 1155 149 26 utvecklingen
540 1155 39 21 bör
594 1155 28 26 gå
636 1155 6 20 i
658 1155 41 20 den
714 1154 130 27 riktningen,
860 1156 33 19 att
907 1154 96 21 kommu-

177 1182 140 22 nalnämdens
333 1183 139 22 medlemmar
487 1183 52 22 eller
555 1183 26 22 de
598 1183 97 21 distrikts
710 1183 159 26 ordningsmän,
886 1188 46 15 som
943 1182 60 21 kom-

177 1217 34 15 me
233 1213 33 19 att
289 1213 67 24 utses,
376 1212 69 21 skulle
461 1211 115 22 öfvervaka
591 1212 127 26 ordningens
735 1210 169 27 handhafvande,
920 1213 33 19 att
968 1211 36 21 vid

177 1239 63 22 deras
260 1240 47 21 sida
322 1240 67 21 borde
408 1239 69 22 finnas
497 1240 165 21 underordnade
678 1240 38 21 och
739 1239 98 22 aflönade
857 1239 146 27 polistjenste-

177 1269 56 25 män,
257 1270 33 19 att
306 1269 90 20 sålunda
412 1269 27 21 de
453 1269 58 21 förra
526 1269 70 21 skulle
611 1269 73 26 intaga
700 1268 89 21 alldeles
805 1274 82 15 samma
902 1268 101 26 ställning

177 1301 46 16 som
239 1296 84 27 hittills,
339 1303 48 15 men
403 1297 160 22 verksammare
578 1297 72 21 kunna
658 1296 102 22 befordra
768 1297 129 26 ordningens
906 1298 98 25 upprätt-

176 1324 108 27 hållande,
309 1325 37 21 der
366 1325 78 22 sådant
459 1327 25 20 är
499 1325 82 27 nödigt.
611 1326 10 20 I
637 1325 61 22 detta
712 1325 103 21 afseende
832 1325 38 26 går
886 1331 28 14 nu
930 1325 73 21 såsom

176 1353 67 21 redan
266 1353 58 22 förut
345 1353 128 22 framhållits
492 1354 160 21 betänkandets
667 1353 88 27 förslag,
772 1355 32 20 att
818 1353 46 22 helt
880 1353 40 22 och
936 1353 68 21 hållet

176 1383 52 25 göra
252 1382 26 21 de
300 1382 61 21 forna
376 1383 149 26 brofogdarna,
543 1389 46 14 som
606 1382 27 21 då
648 1388 50 15 voro
713 1382 138 21 kommunala
866 1382 136 27 tjenstemän,

176 1410 78 21 endast
280 1411 31 20 till
337 1411 219 22 kronolänsmännens
582 1411 165 21 underordnade
752 1406 8 36 .
773 1411 52 21 eller
849 1412 33 19 att
902 1410 102 21 fasthälla

177 1439 60 20 detta
252 1438 134 23 förhållande
410 1439 62 22 äfven
487 1440 33 21 för
535 1439 113 22 framtiden
664 1439 6 21 i
686 1446 26 15 en
728 1439 101 26 riktning,
846 1445 46 15 som
908 1439 31 21 als
955 1439 48 21 icke

153 1466 2 3 —
176 1466 202 22 öfverensstämmer
400 1468 49 20 med
469 1467 289 33 kommunalförfattningens
774 1468 61 20 anda.
866 1467 46 21 Och
927 1468 37 20 det
980 1469 24 19 är

176 1495 18 26 ej
218 1497 34 19 att
273 1495 68 22 införa
360 1502 26 15 en
402 1502 27 20 ny
443 1496 90 27 princip,
550 1496 28 21 dä
593 1502 49 16 man
657 1496 99 21 förordar
771 1498 32 19 att
819 1496 48 21 bro-
883 1496 40 21 och
939 1495 64 22 skall-

174 1522 178 29 fogdekapparna
371 1524 70 22 skulle
464 1524 141 22 öfverlemnas
627 1524 32 22 till
674 1524 141 22 kommunens
831 1524 124 27 förfogande
970 1523 33 22 för
