1078 1739
201 123 39 20 182
499 125 80 18 Helmik.
598 124 25 20 18
639 131 18 18 p.

171 187 45 23 ofta
230 188 127 22 inträffande
371 188 120 27 längvarigt
506 188 104 27 höstregn
626 189 62 26 tager
702 189 46 20 stor
764 187 73 22 skada.
865 187 79 22 Derför
956 188 38 27 pä-

173 217 95 28 skyndar
282 224 48 15 man
346 217 24 22 sä
386 217 83 27 mycket
485 223 45 16 som
546 217 85 27 möjligt
646 216 145 27 tröskningen,
807 217 40 21 och
862 216 55 22 först
927 217 66 21 sedan

171 246 42 21 den
236 248 24 19 är
282 246 140 27 undangjord,
445 246 98 27 vidtager
565 252 48 15 man
632 245 48 22 med
700 245 68 21 andra
780 245 212 28 jordbruksarbeten.

170 275 51 21 Icke
245 275 67 22 heller
334 275 39 21 den
397 275 187 26 omständigheten
604 275 41 20 kan
662 274 38 27 jag
718 273 84 22 derföre
817 274 91 22 tillmäta
923 274 70 27 någon

170 303 108 28 synnerlig
294 303 116 28 betydelse.

239 332 64 22 Hvad
325 333 40 21 den
388 334 92 25 utvägen
501 332 72 27 angär,
595 337 46 16 som
656 331 108 22 utskottet
779 332 89 25 anvisat,
885 331 107 28 nämligen

170 362 34 20 att
227 363 41 25 ,45
292 362 13 25 S
327 361 7 21 i
355 361 97 26 gällande
470 361 129 26 legostadga
614 360 100 27 erbjuder
726 360 157 27 jordbrukaren
899 362 93 25 utvägen

171 391 33 20 att
226 390 49 21 med
296 389 156 28 tjenstehjonen
468 389 184 22 öfverenskomma
668 395 34 14 om
716 388 121 22 friveckans
853 388 139 27 förläggande

171 418 33 21 till
226 425 70 14 annan
318 419 121 26 tidpunkt",
459 418 26 21 sä
505 420 25 19 är
545 418 37 21 det
597 417 125 27 visserligen
739 419 49 19 sant
803 420 32 18 att
848 417 24 21 sä
887 419 24 19 är
926 417 66 21 fallet.

171 446 50 22 Men
241 447 38 27 jag
301 446 107 22 förmodar
427 448 32 20 att
475 447 25 21 de
515 446 64 22 flesta
594 446 82 27 tjenare
691 446 48 21 icke
755 446 69 22 skulle
839 446 27 26 gä
881 446 21 20 in
917 446 28 26 pä
960 447 32 20 ett

171 475 79 21 sådant
272 474 168 29 framskjutande
463 474 22 23 af
504 475 33 21 sin
556 474 100 22 frivecka.
686 474 33 22 De
734 480 52 16 anse
801 475 7 21 i
824 474 117 22 allmänhet
955 474 36 22 fri-

171 504 81 21 veckan
273 503 32 22 för
326 504 32 26 sig
378 510 50 15 vara
443 510 25 16 en
483 504 126 27 högtidstid.
640 504 46 20 Den
702 509 40 15 ena
757 503 37 21 vill
809 503 48 22 icke
872 510 51 14 vara
938 503 54 21 bun-

170 533 48 26 den,
234 532 28 22 dä
278 533 40 21 den
334 533 66 21 andra
414 535 24 19 är
452 532 32 22 fri.

239 562 34 20 En
288 562 65 26 vigtig
367 561 157 27 omständighet
539 560 60 22 anför
615 560 125 27 visserligen
755 560 108 22 utskottet
876 560 6 21 i
892 560 46 22 sina
946 566 44 15 mo-

170 590 62 26 tiver,
255 590 106 27 nämligen
383 592 33 19 att
435 590 136 28 tjenstehjon,
588 596 47 15 som
649 590 47 21 icke
711 591 88 19 stannar
815 595 51 21 gvar
881 589 7 21 i
903 589 87 27 gärden,

171 618 46 22 ofta
232 624 42 22 nog
290 619 69 21 slösar
374 619 48 21 med
437 618 177 26 kreatursfodret,
628 618 136 26 hvarigenom
778 618 79 26 gärden
869 618 122 21 sedermera

170 647 44 21 kan
236 647 64 22 hafva
322 648 72 21 skada.
424 648 42 21 Det
489 650 23 19 är
534 647 125 27 visserligen
680 654 25 14 en
727 647 39 21 sak
781 648 32 20 att
828 646 57 22 fästa
900 647 34 26 sig
948 646 41 22 vid.

170 676 50 22 Men
242 676 49 22 icke
313 676 42 22 kan
374 677 38 27 jag
431 676 88 27 tillägga
539 676 68 21 heller
623 676 40 21 den
679 675 187 27 omständigheten
882 681 26 15 en
924 675 66 21 sädan

170 704 114 28 betydelse
299 711 45 15 som
359 706 108 20 utskottet
482 706 38 20 har
537 705 69 26 tillagt
623 704 46 26 den,
686 708 22 23 ty
724 704 37 22 det
776 706 24 19 är
811 704 34 21 väl
853 704 137 21 husbondens

171 734 123 26 skyldighet
308 736 33 19 att
355 734 65 21 värda
435 734 32 26 sig
483 739 34 16 om
532 733 171 22 kreatursfodret
718 733 90 21 likasom
821 732 41 22 han
873 732 77 22 värdar
958 732 33 26 sig

170 768 35 15 om
227 762 32 21 sin
282 762 67 27 öfriga
370 763 108 27 egendom.
507 762 48 22 Han
574 762 39 22 bör
633 768 23 15 se
671 762 33 20 till
720 763 32 20 att
768 761 159 27 tjenstehjonen
942 761 48 21 icke

171 792 37 20 äro
224 791 7 21 i
246 790 83 22 tillfälle
344 792 32 20 att
392 791 89 21 sålunda
496 791 58 21 slösa
569 791 49 21 med
633 790 176 22 kreatursfodret.

240 819 127 22 Sedermera
382 820 83 21 anföres
481 822 56 19 ännu
553 822 32 18 att
601 820 37 20 det
652 825 51 15 vore
718 821 33 19 att
766 818 79 26 befara,
862 820 32 20 att
903 818 88 28 tjenste-

170 847 80 22 folkets
266 848 68 22 vilkor
350 849 68 21 skulle
428 848 122 26 försämras,
563 848 45 21 ifall
617 848 171 27 flyttningstiden
796 847 84 21 komme
888 849 33 19 att
928 846 63 22 fram-

171 876 84 27 skjutas
279 877 24 21 sä
322 878 66 26 längt,
409 879 31 19 att
455 877 42 21 alla
512 877 140 21 höstarbeten
667 876 67 22 redan
750 882 50 15 vore
815 875 153 27 undangjorda,
984 875 7 21 i

171 905 37 21 det
223 905 91 27 mången
330 906 110 22 husbonde
456 906 18 27 ej
492 906 69 21 skulle
575 908 77 24 antaga
661 906 83 26 tjenare
754 905 67 21 under
829 904 89 21 vintern.
942 904 49 22 Men

170 934 7 20 i
201 933 61 22 detta
281 934 101 21 afseende
400 934 33 21 fär
445 934 38 27 jag
497 934 75 21 förena
587 934 43 26 mig
645 934 49 21 med
709 934 41 20 den
765 933 129 26 föregäende
910 932 82 22 talaren

171 962 73 21 derom
264 964 33 19 att
316 969 26 15 en
358 963 132 21 omtänksam
505 962 114 22 husbonde
633 968 42 21 nog
690 962 107 25 besinnar,
813 963 32 20 att
860 961 41 21 han
918 960 72 22 behöf-

170 997 38 15 ver
222 991 125 27 tjenstefolk
362 992 47 21 icke
424 991 55 22 blott
493 991 33 22 för
541 997 120 15 sommaren
677 990 41 22 och
729 990 84 25 hösten,
825 992 51 19 utan
885 991 32 20 att
926 989 66 22 också

170 1019 159 22 vinterarbeten
345 1019 86 26 förestä,
448 1020 31 21 till
495 1020 82 21 hvilkas
595 1019 113 22 utförande
724 1019 43 20 han
783 1018 100 21 behöfver
898 1018 50 21 folk.

239 1048 106 27 Slutligen
366 1048 123 22 framhäller
511 1049 109 20 utskottet
642 1050 56 19 ännu
720 1047 41 22 den
781 1047 147 27 olägenheten,
945 1053 47 15 som

170 1082 77 21 genom
263 1077 179 27 flyttningstidens
458 1077 170 27 framskjutande
643 1076 69 22 skulle
729 1075 78 28 uppstä
823 1075 122 26 derigenom
959 1078 33 18 att

171 1105 37 21 det
222 1105 70 22 skulle
307 1106 111 21 förorsaka
433 1106 134 27 svärigheter
581 1105 33 22 för
629 1105 98 27 flyttning
738 1105 7 20 i
757 1105 55 25 stad,
822 1104 87 21 emedan
918 1104 73 27 hyres-

171 1135 115 25 gästernas
306 1134 141 27 flyttningstid
464 1134 69 21 skulle
548 1133 73 22 ivfalla
637 1133 110 27 samtidigt
761 1133 49 21 med
826 1132 164 28 tjenstefolkets,

170 1162 7 21 i
192 1162 53 27 följd
261 1163 76 21 hvaraf
348 1163 149 22 husbönderne
513 1163 68 21 under
595 1162 193 28 flyttningsveckan
803 1161 70 22 blefve
887 1164 51 19 utan
954 1162 38 27 tje-

170 1197 59 15 nare.
259 1191 49 22 Men
325 1191 70 22 dertill
415 1192 68 21 skulle
500 1192 37 27 jag
553 1191 50 27 vilja
619 1191 108 25 anmärka,
744 1192 33 19 att
792 1191 70 20 denna
877 1189 115 27 olägenhet

171 1225 91 16 numera
283 1220 47 21 icke
351 1222 24 19 är
392 1220 22 21 af
428 1221 133 27 synnerligen
577 1223 46 18 stor
637 1219 119 27 betydelse,
772 1221 22 25 ty
808 1219 8 20 i
831 1219 101 20 städerna
947 1221 24 18 är
985 1218 8 21 i

171 1247 119 22 allmänhet
311 1249 68 21 införd
404 1249 40 21 den
468 1249 73 26 seden,
561 1251 33 18 att
613 1247 131 28 tjenstehjon
760 1249 90 24 antagas
866 1247 28 27 pä
908 1246 84 22 mänad.

170 1276 45 22 Det
230 1278 25 19 är
270 1283 88 16 numera
372 1277 56 22 blott
443 1277 67 22 sällan
527 1277 40 22 och
583 1277 106 21 mähända
704 1277 78 20 endast
796 1276 7 21 i
819 1275 26 22 de
857 1275 81 22 mindre
947 1277 45 19 stä-

171 1305 67 22 derna
253 1311 46 16 som
315 1306 129 27 tjenstehjon
461 1308 89 25 antagas
566 1306 29 27 pä
610 1306 23 21 är
648 1305 53 22 eller
716 1305 54 21 halft
785 1305 29 20 är.
837 1304 49 21 Men
898 1299 26 40 det
943 1306 49 19 van-

171 1333 44 27 liga
233 1336 25 19 är
273 1336 32 19 att
321 1335 27 21 de
363 1337 88 24 antagas
467 1335 29 27 pä
510 1335 83 20 månad.
624 1334 40 27 Jag
680 1340 64 15 anser
760 1333 71 22 derför
847 1333 41 20 alla
903 1333 27 21 de
945 1332 46 21 skäl

170 1368 47 15 som
232 1363 109 22 utskottet
355 1363 38 22 har
408 1363 70 22 anfört
492 1363 33 22 för
541 1363 38 21 sitt
594 1363 137 27 afstyrkande
747 1361 23 22 af
784 1362 41 21 den
837 1361 31 21 uti
876 1361 116 27 kejserliga

170 1391 164 27 propositionen
355 1391 120 28 föreslagna
495 1392 150 26 förändringen
660 1390 24 22 af
698 1391 59 21 tiden
772 1389 33 22 för
821 1390 170 27 tjenstehjonens

170 1419 101 28 flyttning
292 1427 52 14 vara
366 1420 22 22 af
409 1421 81 21 mindre
510 1421 49 26 vigt,
581 1420 40 21 och
637 1419 69 22 skulle
722 1419 72 23 derför
808 1418 62 21 hafva
883 1420 54 19 äran
953 1418 39 21 öd-

170 1448 97 27 mjukast
281 1449 85 25 foreslä,
382 1451 32 20 att
428 1449 131 27 högvördiga
571 1448 167 27 presteständet,
753 1447 50 22 med
812 1447 180 21 underkännande

170 1476 24 21 af
214 1478 120 20 utskottets
356 1478 141 25 betänkande,
519 1477 69 21 skulle
608 1479 79 23 antaga
701 1476 116 27 kejserliga
832 1475 160 27 propositionen

171 1505 66 22 också
260 1505 133 23 beträffande
415 1506 22 28 $$
459 1508 26 20 20
505 1506 40 22 och
565 1507 26 20 43
608 1506 6 21 i
630 1505 100 27 gällande
745 1504 133 28 legostadga.
907 1503 83 22 Beträf-
