1078 1739
411 137 76 18 Huhtik.
504 134 27 20 24
547 142 18 17 p.
829 135 39 19 863

77 200 32 21 till
124 199 180 27 fäderneslandet,
320 200 25 21 sä
367 199 90 27 uppstär
480 199 50 21 med
552 198 100 22 afseende
669 199 13 21 &
696 198 64 22 dessa
780 198 118 27 äktenskap

77 228 116 27 svärighet.
222 228 62 21 Huru
300 228 60 21 skola
375 228 82 21 sädana
473 227 120 27 äktenskap
609 227 40 22 här
663 227 7 21 i
686 227 73 21 landet
774 227 124 22 betraktas?

75 257 112 27 Ingängna
202 257 67 27 enligt
284 258 32 20 ett
338 257 131 21 främmande
492 256 62 21 lands
577 256 67 27 lagar,
660 256 48 21 med
728 255 134 22 förbiseende
878 255 22 22 af

76 286 57 22 hvad
149 286 35 27 lag
199 285 6 22 i
221 287 50 26 eget
285 285 51 22 land
350 285 7 22 i
373 287 72 20 ämnet
468 285 96 26 stadgar,
588 285 72 21 kunna
676 285 80 21 sädana
772 285 125 26 äktenskap,

76 316 86 25 strängt
182 316 66 25 taget,
263 314 40 21 här
318 314 6 21 i
339 314 75 21 landet
430 314 17 27 ej
465 313 111 22 betraktas
599 319 47 16 som
668 313 103 27 legitima.
833 313 66 22 andra

77 343 62 22 sidan
155 345 24 19 är
195 343 37 21 det
254 343 48 22 äter
323 343 59 21 svärt
405 344 32 20 att
459 343 102 21 betrakta
583 343 49 21 dem
654 344 47 19 som
716 342 46 21 helt
777 342 40 22 och
832 341 67 22 hället

76 371 86 28 illegala
178 371 39 22 och
232 371 7 22 i
256 372 47 21 dem
326 371 68 22 aflade
414 371 60 27 barn,
491 371 7 21 i
513 370 52 28 följd
582 370 66 27 deraf,
664 371 72 21 säsom
751 371 40 21 här
805 371 6 20 i
826 371 73 21 landet

75 401 112 21 rättslösa.
216 401 66 21 Detta
304 401 96 21 kommer
423 401 32 20 att
476 400 125 27 isynnerhet
616 399 35 22 vid
674 399 72 28 frägor
762 405 34 16 om
811 399 34 22 arf
859 399 39 22 och

75 429 36 22 vid
126 429 120 22 arfstvister
260 429 48 21 med
323 429 59 21 tiden
397 428 112 22 förorsaka
525 430 46 20 stor
586 428 66 22 oreda
667 428 40 22 och
718 428 118 27 förvirring.
856 428 42 26 Jag

76 458 98 22 anhåller
189 457 72 23 derför
276 459 32 20 att
323 457 21 22 få
358 457 58 22 fästa
437 457 134 27 högvördiga
589 457 98 21 ständets
710 456 189 28 uppmärksamhet

74 486 29 30 pä
119 488 69 22 denna
203 488 39 21 sak
258 486 39 22 och
312 486 7 22 i
334 486 50 22 stöd
400 485 23 23 af
436 488 25 20 51
479 486 11 27 S
505 486 7 21 i
527 485 23 22 L.
561 486 25 21 O.
600 486 70 22 tillåta
684 486 44 26 mig
742 485 87 23 föreslå:

246 538 41 22 Att
302 538 33 22 det
350 538 127 27 högvördiga
496 538 86 22 ståndet
596 537 48 22 ville
658 538 32 21 till
704 537 63 22 Hans
782 537 116 28 Kejserliga

179 568 104 26 Majestät
298 567 52 27 ingå
364 567 47 21 med
426 574 25 14 en
465 566 135 28 underdänig
613 566 95 27 petition,
726 566 33 22 det
773 566 62 22 Hans
850 566 48 22 Ma-

174 597 69 27 jestät
257 596 47 21 ville
318 596 88 26 nädigst
421 598 49 24 taga
486 596 69 21 denna
575 595 38 22 sak
627 596 9 20 i
650 595 152 27 öfvervägande
817 595 36 22 och
868 594 31 22 till

178 624 174 23 nästkommande
366 624 103 27 landtdag
485 624 45 22 läta
544 624 97 22 utarbeta
656 623 37 23 och
705 624 34 26 för
749 624 81 22 landets
839 625 59 20 stän-
915 642 3 3 .

179 654 37 22 der
230 654 119 27 framlägga
363 653 81 27 förslag
460 653 32 21 till
507 653 108 22 ordnande
630 653 27 27 af
667 653 69 21 denna
746 652 152 28 angelägenhet.

247 693 43 28 Jag
302 692 93 23 anhäller
406 693 119 27 ödmjukast
535 695 32 20 att
577 693 57 21 detta
642 693 183 27 petitionsförslag
834 693 64 21 mätte

179 723 32 21 till
222 722 171 28 prestaständets
408 722 96 22 enskilda
518 722 177 22 Besvärsutskott
710 722 130 27 hänskjutas.

144 780 134 28 Helsingfors
294 781 40 22 den
351 782 27 21 24
393 780 60 28 April
470 783 62 19 1888.

621 826 30 22 Fr.
667 826 15 22 J.
698 826 97 22 Torckell.

144 895 188 22 Anomusehdotus
348 895 81 27 pantiin
444 895 101 28 pöydälle
561 896 46 22 ensi
622 896 117 22 istuntoon.

144 1015 98 22 Provasti
257 1016 83 22 Wallen
356 1015 157 23 ehdotuksesta
529 1016 106 22 annettiin
650 1016 81 27 säädyn
741 1015 156 28 valitsijamies-

73 1045 36 21 ten
125 1044 100 23 toimeksi
240 1045 66 22 valita
321 1045 62 22 kaksi
398 1045 138 27 varajäsentä
551 1045 252 22 rautatievaliokuntaan.

142 1159 84 22 Istunto
242 1159 83 28 päättyi
340 1159 43 22 k:lo
401 1161 52 26 11,10
469 1160 13 21 i.
499 1166 21 21 p.

575 1227 2 2 .
658 1198 23 19 In
693 1199 66 18 fidem:

587 1233 49 23 Carl
650 1234 49 22 Joh.
715 1233 130 28 Lindegvist.

234 1411 124 28 Torstaina
378 1411 87 28 Huhtik.
485 1410 33 29 26
538 1418 31 27 p.,
589 1411 30 28 kl.
639 1411 18 28 11
677 1418 23 21 a.
720 1419 22 26 p.

144 1480 130 23 Rukouksen
290 1481 39 27 piti
345 1481 104 22 ruotsiksi
465 1480 119 28 professori
599 1481 93 21 Donner.
