1078 1739
404 139 81 18 Helmik.
503 137 9 18 1
529 144 20 17 p.
833 135 28 19 85

65 201 80 28 äsyftar
164 200 143 23 afskaffandet
326 201 22 22 af
363 201 41 22 den
420 201 185 27 reglementerade
620 200 174 27 prostitutionen,
811 201 80 28 äsyftar

63 231 124 32 förändring
206 231 22 21 af
246 230 165 27 ifrägavarande
430 229 129 28 lagstridiga
575 229 170 22 administrativa
760 229 129 28 författning,

64 259 25 22 så
103 259 50 22 ville
166 260 39 27 jag
220 265 52 16 anse
287 259 119 27 petitionen
422 259 53 21 böra
490 258 127 27 hänskjutas
633 257 33 22 till
679 258 150 27 lagutskottet,
843 265 46 15 som

64 288 103 21 särskildt
183 288 66 26 enligt
264 288 23 21 L.
304 288 25 21 O.
344 288 42 21 har
401 287 154 22 attförbereda
567 286 77 27 frågor,
658 292 46 16 som
718 287 70 27 åsyfta
801 288 89 26 ändring

65 317 39 21 och
121 317 117 26 förklaring
254 317 21 21 af
288 317 42 26 lag.
360 317 42 26 Jag
418 322 63 15 anser
496 316 43 26 mig
554 316 36 21 vid
605 315 61 21 detta
680 315 84 22 tillfälle
778 317 48 21 icke
838 317 53 21 böra

65 345 69 22 uttala
149 346 42 27 mig
207 345 73 22 vidare
296 346 6 21 i
319 345 75 27 sjelfva
408 344 165 27 hufvudfrågan.
603 344 129 21 Diskussion
748 345 73 21 derom
831 345 59 21 kom-

64 381 45 15 mer
132 374 41 27 väl,
196 375 65 20 sedan
285 374 89 21 ärendet
391 373 69 22 blifvit
478 373 111 22 förberedt
603 373 7 21 i
626 373 90 26 utskott,
734 375 32 20 att
781 374 38 21 ske
834 374 57 21 inom

65 403 94 26 ståndet,
182 402 28 22 då
222 403 38 26 jag
275 402 131 22 förbehåller
421 402 44 27 mig
480 404 33 19 att
528 404 98 19 närmare
642 401 21 22 få
678 402 69 21 uttala
762 403 43 20 min
821 403 71 20 tanke.

65 432 42 26 Jag
121 432 37 21 vill
173 431 73 22 derför
258 438 29 14 nu
299 431 57 21 blott
363 431 115 21 hemställa
487 437 34 15 om
530 432 32 20 att
570 430 76 26 biskop
655 430 115 27 Alopaeus”
778 432 113 26 petitions-

65 460 110 22 memorial
191 460 67 21 måtte
274 460 128 27 hänskjutas
418 459 33 21 till
464 459 145 27 lagutskottet
620 458 32 22 för
660 461 99 20 närmare
767 460 123 26 beredning.

134 489 99 21 Provasti
257 488 129 22 Fredrikson:
417 488 44 21 Det
483 494 38 15 var
543 488 54 24 icke
613 487 32 22 för
668 490 32 18 att
723 490 57 25 yttra
801 489 43 27 mig
859 489 33 21 uti

66 517 77 28 sjelfva
159 518 73 26 saken,
248 520 51 18 utan
316 517 78 21 endast
407 517 48 21 med
471 516 115 27 anledning
601 516 22 22 af
637 516 149 28 kyrkoherden
801 518 90 20 Wallins

66 547 99 21 anhållan
189 548 32 20 att
244 546 69 21 denna
332 546 92 27 petition
443 546 69 21 skulle
528 545 141 22 öfverlemnas
685 546 32 20 till
732 546 159 26 handläggning

65 576 57 20 inom
139 576 107 20 allmänna
262 575 204 25 besvärsutskottet,
483 581 47 15 som
543 575 36 26 jag
595 576 37 25 tog
647 574 43 26 mig
705 574 91 22 friheten
809 577 32 20 att
853 581 37 15 an-

65 604 59 21 hålla
140 610 34 15 om
191 604 60 21 ordet
266 603 33 22 för
315 606 32 18 att
362 603 89 21 alldeles
467 603 29 27 på
511 609 82 15 samma
608 603 46 21 skäl
668 609 45 15 som
726 606 85 19 senaste
825 604 66 21 ärade

66 633 67 21 talare
156 632 80 22 föreslå
257 634 32 19 att
311 632 119 27 petitionen
453 632 68 21 måtte
543 632 121 21 remitteras
688 632 32 20 till
742 632 149 26 lagutskottet.

67 661 42 27 Jag
125 662 39 20 har
179 661 43 27 mig
237 661 107 26 nämligen
360 661 81 21 bekant
457 663 32 19 att
504 662 71 20 röster
590 660 56 27 höjts
664 661 73 21 derom
753 663 33 19 att
801 662 48 21 hela
864 662 26 20 57

67 690 49 26 kap.
135 690 29 21 M.
183 690 24 21 B.
224 692 24 19 är
262 690 28 26 på
306 690 70 20 denna
392 690 39 21 sak
446 690 47 21 icke
509 690 119 32 tillämplig,
645 690 95 25 emedan,
757 690 70 21 såsom
843 696 49 15 man

68 720 54 25 sagt,
145 718 68 26 några
235 724 17 16 s.
272 719 20 21 k.
312 718 149 22 tillståndshus
482 718 68 27 aldrig
565 718 6 21 i
587 718 48 21 vårt
649 718 49 21 land
713 718 86 26 funnits,
816 719 76 21 åtmin-

68 750 61 18 stone
153 747 48 21 icke
223 748 55 20 varit
300 748 149 32 legaliserade,
472 734 77 34 hvaraf
566 747 69 21 skulle
651 746 57 28 följa,
726 750 31 18 att
773 736 61 33 äfven
849 748 43 20 alla

69 776 26 21 de
118 776 228 27 straffbestämningar,
368 782 47 15 som
438 776 6 20 i
467 782 83 15 samma
572 778 26 19 57
617 776 49 26 kap.
683 776 118 22 fastställas
817 776 33 22 för
865 776 28 21 de

69 804 95 27 gvinnor,
181 811 47 15 som
243 805 6 21 i
266 792 64 34 dessa
342 793 44 33 hus
402 804 117 27 uppehälla
535 805 38 25 sig,
590 804 48 22 icke
651 805 68 21 heller
731 805 68 21 under
810 805 82 21 sädana

67 833 149 21 förhållanden
244 836 36 18 äro
308 833 133 27 tillämpliga.
471 834 44 20 Det
547 840 62 20 synes
637 834 42 26 mig
708 833 76 27 derför,
811 836 32 19 att
866 840 26 15 en

68 862 117 26 förklaring
208 862 22 20 af
249 862 62 27 lagen
327 862 40 21 här
383 864 23 19 är
421 862 7 21 i
443 862 67 26 fråga.
542 862 46 21 Och
604 862 27 21 då
646 862 38 21 det
696 862 24 27 ju
735 862 72 22 tillhör
821 863 72 25 lagut-

69 891 82 21 skottet
167 893 33 19 att
215 890 55 27 gifva
286 897 26 15 en
328 891 73 25 sådan,
417 890 36 22 vill
467 891 37 27 jag
519 891 115 21 hemställa
645 891 31 21 till
688 892 92 25 ståndet,
789 891 104 21 huruvida

68 919 47 21 icke
131 920 71 20 denna
213 920 91 26 petition
314 920 66 20 borde
393 920 32 20 till
434 920 60 21 detta
502 920 86 20 utskott
596 920 127 21 remitteras.
748 920 60 21 Hvad
818 919 75 28 sjelfva

69 948 66 21 saken
159 948 108 26 beträffar,
292 948 82 27 hoppas
395 948 43 27 jag,
459 950 34 19 att
508 949 73 20 derom
596 948 35 21 vid
647 950 31 19 ett
694 951 65 18 annat
774 949 82 21 tillfälle
872 948 21 21 få

69 976 68 21 uttala
152 977 49 26 mig.

137 1004 77 28 Piispa
229 1005 109 27 Alopaeus:
354 1005 34 21 Då
403 1011 16 15 s.
435 1005 21 21 k.
473 1005 174 27 masspetitioner
662 1005 27 27 gå
700 1006 62 27 kring
774 1006 79 25 landet,
868 1006 25 21 så

69 1033 62 22 torde
148 1034 37 21 det
200 1034 108 27 knappast
322 1034 72 21 kunna
410 1034 105 21 undvikas
532 1036 32 19 att
579 1034 89 21 listorna
682 1035 129 21 åtminstone
822 1035 70 26 någon

69 1062 57 27 gång
141 1061 51 22 falla
208 1063 6 20 i
224 1063 111 20 händerna
346 1063 28 26 på
382 1063 81 20 sådana
472 1069 110 20 personer,
593 1069 45 15 som
646 1063 47 21 icke
702 1063 67 22 borde
777 1063 21 21 få
806 1069 23 15 se
838 1063 55 21 dem.

69 1091 70 20 Dessa
155 1091 62 21 listor
232 1091 126 26 kringbäras
373 1091 31 27 ju,
422 1092 71 20 såsom
510 1097 36 15 oss
562 1091 88 21 allmänt
666 1094 23 19 är
703 1092 85 26 bekant,
801 1091 22 22 af
830 1091 62 22 deras

69 1121 80 19 vänner
165 1119 40 22 och
221 1122 91 19 vänners
328 1122 86 23 vänner,
426 1120 62 21 deras
498 1120 103 21 väninnor
613 1121 39 20 och
661 1121 114 21 väninnors
784 1121 108 26 väninnor,

70 1154 45 15 som
135 1148 6 20 i
163 1147 68 22 första
251 1149 56 21 hand
322 1148 64 21 hafva
401 1149 91 20 utsändt
508 1149 63 21 dessa
587 1149 67 26 listor,
671 1149 40 21 och
726 1149 167 27 kringbärarene

70 1177 52 21 eller
138 1177 218 26 kringbärarinnorna
371 1177 23 21 af
408 1177 110 22 desamma
533 1177 64 21 hafva
612 1178 47 21 icke
675 1178 59 21 alltid
746 1179 40 20 den
798 1178 47 21 takt
853 1178 41 21 och

70 1205 41 21 den
134 1205 133 28 urskiljning,
291 1208 32 19 att
344 1206 26 21 de
385 1207 70 20 vända
471 1206 32 26 sig
520 1206 32 21 till
568 1208 43 19 rätt
626 1213 84 20 person.
742 1207 28 21 Sä
786 1207 61 21 torde
863 1207 31 21 äf-

70 1240 40 15 ven
132 1234 63 21 hafva
218 1236 56 20 varit
296 1235 60 21 fallet
375 1235 48 21 med
445 1235 70 21 denna
531 1241 17 14 s.
565 1235 19 20 k.
600 1235 156 27 masspetition.
787 1235 28 22 Sä
831 1235 63 22 torde

70 1262 61 21 äfven
154 1262 63 22 hafva
238 1264 55 21 varit
308 1263 61 22 fallet
384 1263 48 21 med
448 1263 248 27 nykterhetspetitionen
712 1264 6 21 i
734 1264 79 22 landet.
843 1264 51 21 Med

70 1291 42 21 min
135 1291 121 27 högtärade
279 1293 162 21 embetsbroder
460 1292 104 27 beklagar
581 1293 44 26 jag,
646 1299 34 14 om
696 1293 40 20 och
752 1295 32 19 att
799 1293 24 21 sä
839 1293 55 21 varit

69 1319 67 22 fallet.
167 1321 49 21 Men
236 1321 68 26 jemte
324 1321 82 21 sädana
426 1327 69 20 namn,
513 1327 46 15 som
575 1321 19 20 vi
610 1321 48 21 icke
673 1321 66 21 borde
755 1321 56 22 finna
827 1322 28 26 pä
869 1321 27 21 li-

71 1350 78 24 storna,
166 1348 69 22 finnas
252 1349 67 22 ocksä
334 1356 70 19 namn,
421 1355 46 15 som
482 1349 20 21 vi
518 1349 53 27 högt
585 1350 54 21 böra
653 1350 91 21 värdera
760 1350 39 22 och
813 1351 80 20 skatta.

70 1377 44 21 Der
137 1379 36 19 äro
197 1378 46 21 ätta
265 1378 133 27 professorer
419 1380 60 19 utom
495 1384 25 15 en
537 1378 110 27 professor
662 1379 108 26 emeritus,
788 1379 105 26 nämligen

71 1406 119 21 statsrådet
205 1407 109 27 Topelius,
330 1407 64 21 hvars
410 1413 63 14 namn
489 1407 46 20 står
550 1406 77 21 främst
641 1407 28 26 pä
684 1407 74 26 listan;
774 1408 37 21 der
826 1407 69 21 finnas

71 1436 41 19 330
128 1437 93 24 prester;
238 1435 38 22 der
291 1435 68 21 finnas
376 1437 26 19 29
420 1435 120 21 skollärare
555 1435 54 21 ifrän
624 1436 134 27 Helsingfors
774 1437 53 20 stad.
853 1436 40 21 Om

71 1463 66 21 ocksä
152 1463 43 21 min
211 1465 59 20 smak
286 1470 50 15 vore
353 1465 24 19 sä
392 1463 79 27 sedligt
487 1463 129 26 förderfvad,
628 1466 32 18 att
669 1465 37 25 jag
714 1465 47 21 icke
769 1471 44 15 mer
822 1464 72 21 kunde

70 1491 95 27 urskilja,
188 1492 57 21 hvad
268 1494 49 20 sant
340 1492 39 22 och
399 1492 64 27 kyskt
483 1494 25 19 är
527 1492 39 21 och
583 1492 55 21 hvad
654 1493 34 21 väl
702 1493 70 26 ljuder
788 1492 52 22 ifrån
857 1492 37 21 det

71 1520 96 26 osedliga
190 1521 40 21 och
254 1521 111 27 smutsiga,
386 1521 25 21 sä
431 1520 38 21 har
485 1521 40 26 jag
541 1521 54 21 dock
609 1522 60 25 trott,
686 1522 32 20 att
734 1522 30 20 uti
781 1522 69 21 denna
865 1527 29 15 nu
