1078 1739
402 125 88 18 Tammik.
507 123 26 20 26
549 131 19 17 p.
844 123 26 20 23

145 187 88 22 Lehtori
250 187 98 22 Hällfors:
365 187 94 22 Emedan
475 187 162 28 propositionen
653 193 34 16 n:o
705 189 25 20 16
746 187 39 22 har
795 187 60 28 gifvit
862 193 37 16 an-

75 215 90 28 ledning
185 216 32 21 till
237 216 131 25 diskussion,
384 216 64 21 innan
463 217 76 20 remiss
556 216 32 21 till
604 216 109 21 utskottet
727 215 118 28 företagits,
861 222 37 15 an-

77 244 68 21 håller
163 245 38 26 jag
216 244 67 22 också
298 246 33 19 att
346 244 22 21 få
382 247 57 24 yttra
455 245 67 25 några
537 245 39 21 ord
592 245 49 21 med
656 245 114 27 anledning
786 245 22 21 af
821 245 26 21 de
862 245 37 21 be-

75 273 141 26 stämningar,
240 279 45 15 som
306 273 45 21 deri
366 273 87 22 uttalas.
481 274 11 20 I
508 274 41 21 den
564 273 79 26 nädiga
657 273 160 27 propositionen
833 272 65 23 söker

77 307 48 16 man
141 301 70 22 införa
225 308 27 14 en
267 301 176 27 lagbestämning,
461 308 46 15 som
523 303 39 25 gör
572 304 33 19 att
612 302 84 21 landets
705 302 118 21 skollärare
831 301 69 22 skulle

76 330 87 21 komma
178 332 33 19 att
225 330 73 27 intaga
314 336 26 15 en
356 331 85 26 rättslig
457 331 102 26 ställning
575 330 89 21 alldeles
677 330 111 22 afvikande
796 330 45 22 frän
851 331 47 26 den,

77 358 86 22 hvilken
179 359 129 21 tillkommer
322 359 86 21 landets
424 358 67 27 öfriga
503 359 94 22 embets-
606 359 39 21 och
655 359 135 27 tjenstemän.
813 359 85 27 Ipunk-

77 389 37 19 ten
130 389 12 19 2
159 387 22 21 af
194 387 258 27 regeringsförsäkringen
468 387 23 22 af
505 388 40 21 den
561 389 25 19 21
603 388 55 25 Aug.
678 390 59 23 1772,
748 387 90 28 jemförd
851 388 48 21 med

78 418 13 18 4
107 418 39 18 art.
163 416 7 20 i
186 415 195 27 riksdagsbeslutet
396 416 22 21 af
432 417 40 20 den
489 417 26 20 23
531 416 51 21 Juni
599 418 54 18 1786
667 419 56 18 samt
733 417 118 25 förenings-
859 416 40 22 och

75 444 184 21 säkerhetsakten
279 444 40 21 den
341 446 25 19 21
384 444 61 21 Febr.
463 446 61 24 1789,
540 444 119 22 innehälles
676 444 41 22 den
732 444 118 27 försäkran,
866 446 32 20 att

78 472 68 26 civila,
166 473 92 21 militära
274 473 39 21 och
329 473 151 21 ecklesiastika
495 472 131 28 tjenstemän
642 472 21 22 få
679 474 107 21 bibehålla
801 474 46 21 sina
863 474 35 21 be-

77 500 118 28 fattningar
211 502 24 20 sä
250 502 69 26 länge,
336 501 43 21 tills
396 502 26 21 de
437 508 77 20 genom
530 502 49 26 laga
595 502 48 21 dom
660 502 40 21 och
713 502 128 27 ransakning
852 502 46 22 frän

78 530 64 21 dessa
165 530 143 26 befattningar
330 530 71 21 blifvit
420 530 69 21 skilda
509 530 40 22 och
569 530 84 22 således
670 530 60 22 äfven
746 531 45 21 från
808 531 26 21 de
850 530 48 22 med

76 558 68 22 dessa
163 558 145 26 befattningar
322 558 103 22 förenade
440 558 163 22 löneförmäner.
633 559 42 21 Vid
691 559 60 21 detta
766 559 132 22 förhållande

77 586 40 22 och
141 586 28 22 då
191 588 173 26 tjenstemännen
387 588 84 21 således
491 587 98 22 hitintills
610 588 46 20 från
675 589 83 20 statens
774 588 46 21 sida
835 588 63 21 hafva

75 616 58 20 varit
155 615 159 22 tillförsäkrade
336 622 26 15 en
385 616 104 27 rättighet
509 618 33 19 att
560 616 144 21 obehindradt
718 617 21 21 få
754 617 83 27 åtnjuta
851 616 47 22 sina

75 644 126 25 inkomster,
226 645 24 20 så
270 644 67 22 borde
354 644 61 22 äfven
429 645 85 21 landets
531 645 117 21 skollärare
664 646 6 20 i
686 645 68 21 likhet
769 645 48 21 med
833 645 64 21 dessa

74 672 25 21 få
123 672 108 22 bibehålla
256 679 81 15 samma
360 674 133 26 rättigheter.
524 674 81 20 Lärare
627 674 35 20 vid
682 674 215 21 elementarläroverk

77 700 63 22 hafva
163 707 76 21 genom
262 708 76 14 senare
358 702 111 21 tillkomna
483 702 150 27 författningar
648 702 54 22 efter
718 702 56 22 hand
791 702 106 22 beröfvats

77 729 146 27 hvarjehanda
244 730 47 21 dem
312 730 161 22 tillkommande
488 730 113 22 förmåner.
631 731 43 21 Det
690 733 23 19 är
728 731 88 21 allmänt
831 731 67 21 kändt

75 760 35 19 att
132 758 81 22 lärares
234 759 105 25 rättighet
359 759 32 21 till
412 762 60 18 extra
491 760 120 26 ansökning
627 759 22 21 af
662 762 99 24 pastorat
776 760 38 21 bar
830 759 68 22 blifvit

77 786 48 22 dem
141 786 119 28 fråntagen,
276 788 58 20 tiden
350 787 33 22 för
397 788 152 26 pensionering
564 788 39 21 har
618 788 68 21 blifvit
701 789 108 21 utsträckt
823 788 32 21 till
871 790 26 19 35

76 815 25 21 år
117 815 40 21 och
173 817 110 20 dessutom
299 816 63 21 hafva
377 816 52 22 flere
444 817 67 21 andra
527 816 184 26 omständigheter
726 817 87 27 menligt
829 817 68 21 inver-

74 844 39 20 kat
127 844 29 26 på
171 844 63 21 deras
250 845 23 21 åt
289 844 48 22 dem
353 851 77 20 genom
445 845 92 27 tidigare
552 845 151 27 författningar
716 846 127 21 tillerkända
855 844 41 29 för-

75 872 80 22 måner.
185 873 47 21 Den
252 880 28 14 nu
300 873 121 29 föreslagna
439 874 49 21 nåd.
503 880 61 20 prop.
580 874 118 22 innehåller
714 881 26 14 en
755 874 140 26 bestämning,

73 902 35 20 att
123 901 118 21 skollärare
256 902 35 20 vid
307 901 58 27 fylda
381 904 26 19 63
424 902 23 21 år
463 904 24 19 är
502 906 94 22 tvungen
612 905 33 18 att
660 902 50 27 afgå
724 903 46 21 från
783 903 32 21 sin
824 903 72 27 tjenst,

75 935 34 15 om
132 930 41 20 han
197 930 67 21 också
282 930 76 21 dittills
380 931 68 21 skulle
463 930 118 27 oförvitligt
597 931 123 27 tjenstgjort
735 932 40 21 och
791 931 105 21 måhända

73 959 58 19 ännu
147 958 67 21 också
229 957 183 28 fortsättningsvis
428 959 69 22 skulle
513 966 40 20 ega
568 959 81 22 krafter
665 962 33 19 att
711 962 51 19 utan
775 961 65 26 något
848 965 48 16 men

74 985 33 22 för
127 986 123 22 läroverket
266 986 90 22 fortfara
370 987 93 22 dermed.
493 988 45 27 Mig
553 994 62 21 synes
632 988 37 21 det
684 989 69 26 billigt
768 991 38 24 att,
823 989 7 20 i
846 989 51 20 hän-

73 1014 62 22 delse
155 1021 26 15 en
200 1015 120 27 befattning
340 1016 99 26 indrages
455 1016 23 21 af
491 1023 26 14 en
533 1017 52 20 eller
601 1023 69 15 annan
686 1017 113 27 anledning
815 1017 40 21 och
870 1023 26 15 en

74 1043 130 27 tjensteman
230 1044 84 21 således
338 1046 24 19 är
384 1045 83 27 skyldig
487 1047 32 19 att
539 1045 49 26 afgå
606 1045 47 22 från
674 1045 129 27 densamma,
819 1046 77 21 honom

73 1071 142 27 ovilkorligen
236 1073 139 21 tillerkännes
391 1074 104 26 rättighet
510 1075 33 20 att
557 1074 97 27 uppbära
670 1075 41 20 alla
728 1075 26 20 de
769 1073 127 23 löneförmå-

75 1106 45 20 ner,
141 1106 47 15 som
203 1101 49 21 med
268 1101 7 21 i
290 1101 61 26 fråga
366 1103 92 20 varande
474 1103 67 26 tjenst
557 1103 34 20 vid
608 1103 53 21 hans
677 1103 78 26 afgång
770 1103 55 21 varit
839 1102 55 22 före-

73 1129 63 26 nade,
162 1129 52 21 eller
236 1132 39 23 att,
294 1131 6 20 i
319 1131 103 21 händelse
439 1131 41 21 han
495 1131 48 21 icke
559 1131 70 21 skulle
644 1131 72 22 kunna
731 1131 100 22 fortsätta
847 1131 48 22 med

73 1157 35 21 sin
132 1157 183 28 tjensteutöfning,
339 1159 78 21 bonom
440 1159 130 22 åtminstone
590 1159 138 22 tillerkännes
745 1160 103 27 rättighet
863 1162 33 19 att

74 1185 45 22 låta
147 1186 64 21 sköta
240 1187 94 26 tjensten
364 1193 76 20 genom
470 1188 88 26 vikarie,
584 1188 85 22 hvilken
694 1188 95 28 fullgjort
814 1189 82 21 sådana

74 1215 124 26 prestanda,
222 1215 72 22 hvilka
316 1216 66 27 enligt
405 1217 34 26 lag
460 1217 108 26 berättiga
587 1217 77 21 honom
680 1219 32 20 att
728 1218 71 21 såsom
815 1217 80 22 vikarie

74 1243 126 26 tjenstgöra.
230 1243 42 28 Jag
291 1246 45 19 tror
352 1246 32 19 att
400 1245 36 21 det
450 1245 150 26 förhållandet,
617 1248 33 19 att
665 1246 84 21 landets
766 1247 129 26 tjenstemän

74 1271 99 24 hitintills
196 1272 63 21 hafva
281 1273 152 22 tillförsäkrats
457 1274 70 21 denna
547 1274 109 27 rättighet,
672 1276 64 25 utgör
752 1275 96 26 grunden
863 1275 33 20 till

73 1299 40 22 det
127 1301 125 26 rättmätiga
267 1301 108 22 anseende
390 1301 33 22 för
437 1303 122 26 redbarhet,
576 1303 32 20 för
622 1303 76 21 känsla
713 1303 23 21 af
748 1304 32 21 sin
791 1303 54 27 pligt
855 1303 40 22 och

74 1329 188 26 samvetsgranhet
281 1329 7 21 i
303 1329 89 28 pligters
408 1331 145 26 uppfyllande,
569 1331 81 22 hvilket
665 1332 60 21 alltid
741 1332 95 21 utmärkt
850 1331 44 22 lan-

73 1356 50 22 dets
147 1357 136 27 tjenstemän.
313 1359 10 20 I
348 1359 41 21 den
414 1359 48 22 nåd.
486 1366 61 21 prop.
567 1360 54 21 talas
638 1361 66 20 också
718 1366 35 16 om
768 1361 55 21 huru
838 1360 57 21 skol-

73 1385 138 22 lärarekallet
226 1387 7 20 i
248 1385 44 28 hög
307 1387 53 26 grad
376 1390 127 25 anstränger
518 1389 39 20 och
575 1390 103 20 uttröttar
691 1389 49 21 dess
751 1388 143 26 innehafvare,

73 1415 58 20 samt
146 1417 33 18 att
194 1415 234 22 lärareverksamheten
445 1417 164 26 nödvändigtvis
620 1417 107 22 erfordrar
738 1417 157 22 oförminskade

73 1442 88 27 andliga
183 1443 39 22 och
246 1443 79 27 fysiska
348 1444 87 21 krafter.
465 1445 44 20 Det
529 1447 24 19 är
571 1445 88 22 allmänt
678 1447 92 20 erkändt
789 1446 39 21 och
845 1451 51 21 eger

73 1471 34 20 sin
129 1471 52 21 fulla
203 1472 109 26 riktighet.
342 1473 58 21 Intet
419 1473 43 21 kall
477 1473 82 21 kännes
576 1474 48 20 med
640 1475 51 20 åren
706 1476 75 25 tyngre
797 1477 26 19 än
839 1474 56 20 skol-

73 1498 148 23 lärarekallets
246 1500 122 22 utöfvande.
398 1501 79 27 Många
501 1502 183 27 omständigheter
706 1503 89 27 bidraga
817 1502 79 27 härtill,
