1078 1739
411 115 88 18 Tammik.
516 113 27 19 28
559 121 18 17 p.
848 113 26 20 43

81 177 38 21 sitt
139 177 70 22 nakna
228 177 55 26 hem,
300 179 51 19 utan
368 179 33 19 att
416 177 63 22 hafva
494 183 26 16 en
536 177 43 22 stol
593 179 33 20 att
641 177 53 22 sitta
709 177 35 28 pä,
761 184 25 15 en
803 179 52 25 säng
870 179 34 19 att

80 205 58 28 ligga
153 206 38 25 uti,
208 207 32 20 ett
255 206 98 21 kokkäril
368 206 33 21 för
416 206 122 21 beredande
553 205 24 22 af
590 208 51 19 mat.

149 235 49 20 Man
215 234 55 21 skall
284 235 82 20 kanske
382 235 92 20 invända
490 237 33 19 att
537 235 129 27 teckningen
681 237 25 19 är
714 234 140 22 öfverdrifven
862 234 40 21 och

80 265 33 19 att
129 263 36 21 det
180 263 7 21 i
202 263 146 26 verkligheten
364 263 48 21 icke
425 263 72 26 tillgär
505 263 26 21 sä
539 265 90 25 strängt.
652 263 42 27 Jag
702 263 36 22 vill
747 263 33 21 till
788 263 114 26 mensklig-

80 291 75 22 hetens
171 291 68 22 heder
254 298 65 20 gerna
334 293 34 20 tro
384 294 33 19 att
431 292 26 21 sä
472 294 23 19 är
510 291 61 22 fallet
586 293 40 20 och
643 294 33 19 att
692 294 14 19 t.
723 298 18 15 o.
755 298 28 15 m.
796 292 26 21 de
831 293 71 20 råaste

79 320 235 25 exekutionsbetjenter
336 321 53 20 söka
407 320 79 21 förfara
501 321 48 21 med
565 321 69 27 någon
648 321 141 21 skonsamhet
804 321 51 20 eller
870 322 32 20 att

79 349 27 22 de
121 349 131 21 ätminstone
267 349 43 21 lida
326 349 67 26 deraf,
410 349 27 21 dä
452 349 26 21 de
495 355 52 16 anse
563 350 33 26 sig
611 349 23 22 af
647 349 64 26 lagen
726 349 128 27 förpligtade
869 351 33 19 att

78 377 79 22 handla
177 377 151 27 skoningslöst.
359 377 49 22 Men
428 384 33 15 om
478 385 26 14 en
519 378 36 27 lag
570 378 35 21 vid
621 378 161 27 tillämpningen
798 378 56 21 visar
869 378 33 26 sig

78 406 33 21 till
127 406 51 27 följd
194 406 22 21 af
230 407 32 20 sin
279 407 156 26 omensklighet
451 407 117 25 outförbar,
585 413 34 15 om
632 407 74 26 lagens
719 407 138 21 verkställare
866 406 35 21 vid

78 435 161 27 tillämpningen
255 434 102 22 försättas
374 435 6 21 i
397 437 32 19 ett
444 435 78 21 sädant
537 435 55 27 läge,
607 438 32 18 att
652 436 62 20 deras
723 435 106 27 naturliga
837 436 64 20 käns-

77 464 34 21 lor
125 463 23 22 af
161 464 143 26 mensklighet
320 464 68 20 mäste
404 464 99 25 kränkas,
520 464 44 21 ifall
579 464 75 26 lagens
668 464 89 21 bokstaf
771 464 53 21 skall
837 464 63 21 efter-

77 492 74 26 lefvas,
169 499 33 15 om
218 492 62 27 lagen
296 492 46 21 stär
356 492 7 21 i
379 492 54 21 strid
449 493 49 21 med
512 492 40 21 den
562 493 108 21 allmänna
678 493 151 26 rättskänslan,
838 493 62 21 hvar-

77 521 34 22 för
125 521 56 22 skall
197 528 25 14 en
239 521 66 21 sädan
320 521 120 21 bibehällas
456 521 143 22 oförändrad?

146 550 34 21 Då
200 550 38 27 jag
260 550 47 21 icke
327 549 68 21 finner
410 550 65 26 något
491 550 48 21 skäl
555 550 31 21 till
603 552 32 20 ett
650 550 79 21 sådant
744 550 155 25 bibehållande,

78 581 61 24 tager
151 580 38 26 jag
204 579 43 26 mig
263 578 90 22 friheten
369 578 80 22 föreslå
463 581 32 19 att
510 579 85 21 landets
611 578 89 22 ständer
714 579 68 21 måtte
795 579 48 26 ingå
851 578 49 21 med

77 614 26 14 en
125 608 91 26 petition
239 607 33 21 till
292 607 59 21 Hans
367 607 120 27 Kejserliga
502 608 109 26 Majestät,
629 608 45 20 deri
690 608 26 20 de
732 607 68 21 skulle
816 607 84 21 anhålla

248 666 32 19 att
296 664 158 27 lagstiftningen
471 664 130 26 beträffande
615 664 115 26 gäldenärs
744 664 115 28 skyldighet
869 666 31 19 att

179 694 79 20 ersätta
274 693 184 26 fordringsegaren
472 693 62 26 äfven
549 694 48 20 med
610 694 38 20 sitt
663 693 91 21 lösörebo
769 694 64 20 måtte
845 693 8 21 i
862 694 37 20 så-

179 722 52 21 dant
256 722 54 26 syfte
331 722 118 26 förändras
471 728 46 14 som
535 721 78 27 Kongl.
632 722 146 27 Kungörelsen
794 722 26 26 af
831 722 38 20 den
885 723 14 19 5

179 750 50 21 Dec.
251 752 60 19 1792
327 750 93 27 antyder,
437 750 48 21 eller
500 752 31 19 att
546 750 25 21 de
585 750 115 22 humanare
715 751 184 26 bestämningarna

179 780 8 19 i
201 779 94 21 nämnda
310 779 126 26 författning
451 780 66 20 måtte
532 779 119 21 utsträckas
667 780 62 26 äfven
745 780 32 20 till
788 780 67 26 öfriga
862 779 39 26 fall

179 809 29 19 än
224 808 40 25 det,
280 808 28 20 då
323 808 121 26 utmätning
459 808 48 20 sker
521 808 34 26 för
568 808 106 26 gäldande
690 808 26 26 af
722 808 176 27 kronoutskylder.

145 865 65 21 Detta
230 865 212 27 petitionsmemorial
462 864 46 22 blef
521 865 24 21 af
558 866 37 20 det
609 866 133 26 högvördiga
758 865 91 22 Ståndet
863 864 36 22 vid

78 896 53 19 1885
155 894 35 20 års
211 893 103 27 landtdag
334 896 52 18 utan
401 894 71 26 någon
488 894 127 26 gensägelse
631 894 137 21 remitteradt
782 894 32 21 till
829 894 70 26 lagut-

75 923 88 21 skottet.
195 922 49 21 Men
260 922 28 21 då
303 922 93 21 nämnda
411 922 84 21 utskott
510 923 7 20 i
533 922 89 22 främsta
638 925 91 19 rummet
744 923 55 21 hade
815 925 32 19 att
861 922 37 22 be-

75 951 80 21 handla
170 950 26 21 de
212 951 114 26 kejserliga
341 951 194 26 propositionerna,
553 952 124 20 hvaribland
692 952 157 26 propositioner
864 957 35 15 om

75 986 28 21 ny
121 979 105 26 strafflag,
246 979 40 22 och
301 979 8 21 i
324 980 107 21 anseende
447 979 32 21 till
495 979 112 27 frågornas
623 982 60 19 stora
700 980 129 27 betydenhet
844 981 56 20 samt

76 1008 70 21 tidens
161 1008 88 21 korthet
264 1008 48 21 icke
324 1008 72 21 kunde
409 1008 115 21 medhinna
533 1015 37 14 ens
580 1009 59 20 detta
648 1009 80 25 arbete,
738 1009 24 20 så
770 1009 45 21 blef
821 1008 77 27 ifråga-

76 1037 93 21 varande
184 1037 225 26 petitionsmemorials
425 1037 40 20 öde
481 1039 33 18 att
529 1037 48 22 icke
592 1037 86 21 komma
693 1037 68 22 under
774 1037 124 22 Utskottets

76 1065 135 26 behandling,
228 1067 57 19 ännu
300 1065 82 22 mindre
398 1065 68 21 under
477 1065 133 22 Ständernas
619 1065 99 28 pröfning
726 1066 39 21 och
775 1065 123 28 afgörande.

75 1094 41 21 Till
135 1093 53 28 följd
208 1093 62 22 deraf
284 1094 40 21 och
340 1094 27 21 då
383 1093 37 22 det
435 1094 6 21 i
457 1094 238 27 petitionsmemorialet
710 1095 111 27 påpekade
836 1094 62 21 miss-

75 1122 144 22 förhållandet
241 1125 56 18 ännu
317 1123 7 20 i
340 1123 42 26 dag
398 1122 81 26 fortfar,
496 1123 39 21 har
548 1123 37 27 jag
601 1125 72 20 ansett
689 1123 36 22 det
740 1123 32 22 för
787 1123 42 21 min
844 1123 55 27 pligt

75 1153 33 20 att
123 1157 29 15 nu
167 1151 75 27 förnya
256 1151 126 27 petitionen,
398 1151 33 22 för
445 1153 34 19 att
492 1151 97 27 sålunda,
602 1152 70 21 såvidt
680 1152 29 27 på
717 1153 43 26 mig
768 1152 68 26 beror,
846 1151 53 22 söka

75 1180 116 21 medverka
206 1180 31 21 till
253 1179 151 28 upphäfvande
420 1179 23 22 af
456 1186 33 20 en,
507 1181 66 26 enligt
588 1181 43 20 min
643 1181 143 26 uppfattning,
799 1181 99 21 omensk-

73 1209 30 26 lig
117 1209 42 26 lag.

142 1237 43 27 Jag
199 1237 65 27 vågar
278 1237 83 27 hoppas
377 1239 33 19 att
423 1237 36 21 det
467 1237 132 27 högvördiga
608 1237 92 22 Ståndet
708 1238 34 21 vid
751 1238 68 21 denna
827 1237 71 22 landt-

75 1266 42 27 dag
136 1265 54 22 skall
209 1272 67 21 gerna
291 1266 114 21 medverka
421 1266 31 21 till
467 1266 140 27 aflägsnande
623 1266 23 21 af
660 1269 32 19 ett
706 1266 190 25 missförbållande,

74 1301 47 15 som
143 1295 47 21 står
211 1295 6 20 i
238 1295 110 26 uppenbar
368 1295 53 20 strid
437 1295 49 21 med
503 1295 40 21 den
559 1295 75 21 kärlek
648 1295 32 21 till
695 1298 84 23 nästan,
796 1301 45 16 som
857 1295 40 21 den

74 1323 83 22 kristna
179 1323 118 27 religionen
318 1323 82 27 bjuder,
416 1325 57 19 samt
489 1325 33 20 att
537 1323 38 22 det
589 1324 132 27 högvördiga
736 1324 91 21 Ståndet
841 1323 56 28 förty

73 1352 124 21 remitterar
212 1352 60 22 detta
288 1352 214 27 petitionsmemorial
518 1352 33 21 till
565 1352 89 21 allmänt
668 1353 92 21 utskott.

141 1393 135 26 Helsingfors
294 1392 40 21 den
350 1394 27 20 28
392 1392 88 21 Januari
498 1394 63 20 1888.

668 1439 48 21 Alfr.
732 1439 95 21 Kihlman.
