1078 1739
200 135 28 20 70
511 137 82 18 Helmik.
610 137 9 18 1
637 143 18 18 p.

172 199 32 22 sel
228 200 34 21 till
286 200 114 28 Ryssland.
437 200 75 21 Ehuru
537 199 109 28 uppgifter
674 200 112 27 angående
813 199 100 22 Finlands
942 200 52 21 han-

173 228 36 22 del
230 229 50 21 med
302 229 107 28 Ryssland
432 231 56 19 ännu
510 229 49 21 icke
587 231 37 19 äro
653 228 135 27 tillgängliga
811 229 75 26 längre
911 231 27 19 än
962 229 33 21 till

171 257 69 22 slutet
255 257 23 22 af
293 260 59 24 1886,
368 260 24 19 är
408 264 48 15 man
472 257 55 22 dock
542 257 68 22 redan
625 263 29 15 nu
670 257 6 21 i
691 257 84 22 tillfälle
794 259 32 19 att
841 257 97 27 iakttaga
954 257 40 22 den

172 287 63 26 tungt
250 287 124 22 drabbande
389 287 79 21 verkan
484 286 22 21 af
520 287 71 20 denna
606 286 77 26 åtgärd
698 287 28 26 på
741 286 48 21 vårt
803 286 58 21 land.
889 286 105 27 Stegrade

171 315 69 26 priser
255 315 63 22 hafva
333 315 124 27 visserligen
473 315 120 27 uppehållit
609 318 102 23 exporten
724 314 22 22 af
756 317 106 19 trämassa
869 315 35 21 vid
913 321 81 16 samma

171 343 77 28 belopp
269 351 46 14 som
335 344 64 25 förut,
419 345 97 20 deremot
531 344 39 21 har
585 343 105 22 utförseln
706 343 23 22 af
742 350 82 20 papper
839 343 31 22 till
887 344 106 26 Ryssland

170 373 135 21 omedelbart
319 373 137 21 förminskats
471 373 48 21 med
535 373 60 21 öfver
612 374 90 23 100,000
718 373 47 26 lisp.
781 372 39 21 och
836 372 48 21 med
893 372 100 22 liknande

171 401 77 27 belopp
264 401 105 22 utförseln
384 401 22 22 af
419 408 56 21 papp
491 401 40 22 och
548 401 154 27 papparbeten.
735 401 45 21 Den
796 401 196 27 tapetfabrikation,

169 435 47 15 som
231 431 6 19 i
253 430 134 26 Helsingfors
410 431 99 26 uppstått
530 429 34 22 för
587 429 90 21 utförsel
694 429 33 21 till
747 430 106 26 Ryssland
868 429 41 21 och
924 430 68 21 under

171 458 53 20 1883
246 459 140 26 exporterade
408 460 89 24 138,000
517 458 48 28 lisp.
585 461 91 24 tapeter,
692 458 46 22 blef
751 458 45 21 helt
812 458 40 22 och
867 458 67 21 hållet
949 458 42 21 till-

170 486 124 28 intetgjord.
324 487 62 22 Hvad
399 487 155 27 järnindustrin
570 487 102 21 beträffar
687 487 57 21 visar
760 488 33 26 sig
807 487 101 21 liknande
923 487 68 21 resul-

169 518 39 18 tat.
239 516 73 21 Under
335 516 26 22 de
383 518 96 20 närmast
501 516 130 26 föregående
653 517 51 21 åren
721 516 55 21 hade
791 516 47 20 från
855 516 87 20 Finland
958 516 32 20 till

169 543 107 28 Ryssland
298 545 80 26 årligen
395 544 77 22 utförts
488 545 98 26 omkring
601 544 46 28 21/5
663 545 97 27 miljoner
775 544 86 27 lispund
875 545 58 26 jern-
950 544 40 21 och

168 573 210 27 stältillverkningar,
402 574 24 21 är
450 575 53 20 1886
526 573 92 27 nedgick
646 574 133 26 gvantiteten
802 573 33 21 till
858 573 50 26 föga
931 572 59 22 öfver

169 602 98 25 900,000.
298 603 72 21 Kändt
390 604 30 24 är,
441 604 32 19 att
493 602 26 21 de
535 602 121 22 storartade
670 602 129 28 järnverken
815 602 36 21 vid
866 602 123 21 Dahlsbruk

167 630 24 21 af
202 630 70 22 denna
288 632 113 26 anledning
416 631 44 21 helt
475 631 39 21 och
531 631 67 21 hället
613 632 56 20 mäst
684 631 118 26 nedläggas
818 630 41 22 och
874 633 32 19 att
922 631 66 21 andra

167 659 6 21 i
189 659 96 27 betydlig
304 660 52 27 grad
376 660 91 26 nödgats
487 659 118 21 inskränka
620 660 32 21 sin
668 659 144 22 verksamhet.
843 660 108 26 Exporten
968 659 22 21 af

166 687 94 28 fajanser
276 689 39 21 och
331 689 105 27 porsliner
451 688 91 27 nedgick
558 688 32 21 till
605 689 81 21 mindre
703 690 27 20 än
746 688 88 26 hälften,
851 688 41 22 den
908 688 21 21 af
943 688 45 21 fön-

166 717 93 27 sterglas
276 718 31 20 till
323 718 36 20 tvä
375 717 128 27 tredjedelar
518 719 45 19 mot
578 716 130 28 föregäende
724 717 30 25 är,
771 719 56 19 samt
842 716 22 22 af
878 716 110 27 glasvaror

166 745 33 21 till
222 746 78 21 endast
323 748 90 23 370,000
433 746 42 25 mk,
491 746 77 21 medan
585 746 123 21 densamma
723 746 35 20 vid
774 745 124 21 decenniets
913 746 74 26 början

166 775 49 26 steg
230 774 31 21 till
280 775 46 26 11/,
342 775 96 27 miljoner
453 775 67 21 mark.
551 774 40 22 Till
607 775 119 21 sistnämda
738 774 148 26 nedätgäende
898 774 88 26 bidrogo

166 802 55 22 dock
238 803 63 21 äfven
316 810 137 20 ogynsamma
469 803 73 27 priser,
559 810 48 14 men
624 803 124 27 slutföljden
764 809 37 15 var
816 802 61 22 äfven
888 803 28 26 pä
928 802 60 22 detta

165 832 87 21 omräde
268 832 160 26 nedläggandet
443 832 22 21 af
479 832 122 26 betydande
617 832 161 27 anläggningar.

234 860 145 27 Obilligheten
400 860 22 22 af
440 861 26 21 de
483 860 92 27 ensidigt
590 861 112 27 reglerade
718 860 202 21 tullförhällandena
935 860 52 20 mel-

164 888 36 21 lan
216 889 106 27 Ryssland
339 890 39 21 och
395 890 86 20 Finland
497 889 90 21 framstä
603 890 136 26 synnerligen
754 889 63 27 bjärt,
840 894 34 16 om
889 895 49 14 man
954 888 34 21 til-

163 917 44 21 lika
222 918 112 21 betraktar
351 918 116 27 Rysslands
483 918 78 26 import
577 918 32 21 till
625 918 95 21 Finland.
745 918 77 20 Medan
839 918 69 20 denna
922 919 16 19 t.
955 924 31 14 ex.

162 945 35 21 för
211 946 90 21 artikeln
319 947 94 20 beredda
429 947 68 20 hudar
512 946 69 21 under
596 953 75 14 senare
688 947 24 20 är
728 946 61 26 stigit
805 946 31 20 till
853 947 133 23 30—38,000

163 973 49 27 lisp.
232 975 88 26 ärligen,
341 975 71 21 hvilka
430 974 87 22 tullfritt
533 975 32 20 bit
579 975 82 26 införts,
678 975 70 21 mäste
764 974 41 21 den
821 975 112 20 enahanda
947 974 40 21 fin-

162 1003 41 20 ska
219 1006 141 24 exportvaran
376 1004 32 21 till
424 1003 112 28 Ryssland,
552 1004 87 21 hvilken
653 1003 85 28 uppgär
753 1003 32 21 till
801 1003 89 26 ungefär
905 1009 82 15 samma

162 1031 86 28 belopp,
273 1032 86 27 erlägga
382 1032 39 21 tull
443 1031 23 22 af
479 1034 26 19 75
521 1032 71 27 kopek
609 1033 6 20 i
631 1033 50 26 guld
696 1038 40 21 per
750 1031 50 28 pud.
831 1031 28 21 Af
873 1031 57 26 glas-
947 1031 39 21 och

162 1059 176 23 kristallarbeten
354 1061 93 21 infördes
464 1061 26 21 de
507 1061 36 21 två
558 1061 54 21 sista
621 1062 49 20 åren
679 1061 46 21 från
735 1060 108 27 Ryssland
854 1062 24 19 28
887 1072 9 3 —
909 1061 77 24 37,000

162 1088 49 27 lisp.
234 1089 86 21 tullfritt
344 1090 31 21 till
398 1089 95 26 Finland,
513 1090 69 21 under
597 1091 38 20 det
649 1089 152 22 motsvarande
817 1095 63 14 varor
896 1088 21 21 af
931 1088 55 21 finsk

162 1117 138 28 tillverkning
322 1119 34 20 vid
380 1118 86 21 införsel
489 1119 31 20 till
546 1119 105 26 Ryssland
675 1118 87 26 erlägga
784 1117 39 21 tull
843 1117 22 21 af
878 1118 65 20 minst
959 1119 26 18 30

162 1145 51 27 kop.
235 1153 40 20 per
297 1147 50 26 pud.
378 1147 101 26 Fajanser
501 1147 40 21 och
560 1147 106 27 porsliner
682 1146 64 22 hafva
760 1145 88 22 tullfritt
863 1146 31 21 hit
909 1145 76 22 införts

162 1174 33 21 till
211 1175 79 27 belopp
306 1175 23 21 af
342 1177 134 23 20—27,000
491 1175 48 27 lisp.
555 1176 87 26 årligen,
658 1175 78 21 medan
753 1177 103 24 exporten
872 1175 32 20 till
922 1175 64 26 Ryss-

161 1203 57 26 land,
242 1209 47 16 som
312 1206 32 19 ett
367 1204 24 21 är
406 1206 49 25 steg
469 1204 56 21 ända
541 1205 32 20 till
589 1206 77 24 57,000
682 1205 56 25 lisp.,
754 1210 89 14 numera
858 1205 23 19 är
896 1203 90 26 begrän-

162 1231 40 21 sad
218 1232 32 21 till
266 1235 32 18 ett
314 1233 112 27 maximum
443 1232 23 21 af
479 1234 77 24 30,000
572 1233 43 26 pud
631 1233 48 21 med
696 1232 86 21 tullsats
799 1231 22 22 af
835 1234 26 19 30
872 1232 71 26 kopek
953 1231 33 21 för

162 1259 74 28 hvarje
260 1261 50 26 pud.
340 1261 67 22 Äfven
430 1261 22 21 af
472 1268 88 20 papper,
573 1262 59 27 järn-
648 1261 39 22 och
708 1261 206 26 stältillverkningar
930 1263 57 18 samt

162 1288 146 27 bomullsgarn
332 1290 40 21 och
395 1289 101 22 väfnader
517 1289 80 22 införas
616 1290 32 21 till
664 1290 90 21 Finland
769 1289 87 21 tullfritt
871 1289 48 21 icke
935 1289 51 20 obe-

163 1317 81 27 tydliga
259 1319 85 26 belopp,
362 1319 129 26 (respektive
507 1320 78 25 32,000
600 1319 54 26 lisp.,
672 1318 97 27 omkring
787 1319 90 24 100,000
889 1317 47 27 lisp.
945 1317 39 21 och

161 1347 79 24 24,000
256 1347 65 27 lisp.),
338 1347 76 21 medan
430 1347 26 22 de
471 1347 69 21 finska
555 1347 148 27 produkterna
719 1347 34 21 vid
770 1346 87 21 införsel
873 1346 31 21 till
921 1346 66 26 Ryss-

161 1374 51 21 land
228 1375 53 22 bära
296 1382 26 15 en
338 1375 102 28 tullafgift
454 1376 125 21 varierande
595 1376 77 21 mellan
690 1377 26 20 14
733 1375 39 22 och
789 1377 26 19 80
831 1375 89 27 kopeki
935 1374 51 27 guld

161 1409 39 21 per
215 1404 51 26 pud.

232 1432 127 27 Syftemälet
374 1433 49 20 med
438 1433 64 27 ryska
517 1433 159 26 importtullens
692 1432 111 22 införande
821 1433 109 26 gentemot
938 1431 48 21 Fin-

161 1460 51 21 land
234 1461 113 27 uppgifves
368 1468 51 14 vara
437 1461 186 26 nödvändigheten
639 1464 32 18 att
687 1461 85 27 skydda
788 1461 42 21 den
845 1461 64 26 ryska
924 1460 62 20 indu-

162 1489 53 21 strin
232 1493 46 18 mot
293 1490 62 26 farlig
370 1490 131 21 konkurrent
520 1490 85 21 utifrän.
636 1490 49 22 Men
698 1489 120 28 uppställes
828 1490 70 20 denna
906 1488 79 27 grund-

162 1519 45 19 sats
231 1518 33 21 för
288 1518 118 22 ordnandet
427 1518 22 21 af
463 1518 26 22 de
505 1518 69 27 bägge
590 1519 114 21 ländernas
721 1518 100 22 inbördes
838 1517 148 21 handelsrela-
