1078 1739
408 131 81 18 Maalisk.
508 130 25 19 10
549 137 18 18 p.
829 129 41 20 303

81 193 118 21 domstolar
215 193 47 21 med
280 192 52 22 flere
352 195 26 20 än
400 200 26 15 en
441 193 97 27 lagfaren
553 193 101 22 ledamot.
686 193 120 22 Ständerna
821 193 79 26 ansågo

78 221 67 22 likväl
161 222 69 21 denna
253 221 131 28 ombildning
399 221 96 22 medföra
515 223 25 20 så
555 224 60 19 stora
629 222 124 25 kostnader,
769 224 32 19 att
817 222 40 21 den
874 221 27 21 då

78 250 48 21 icke
143 250 72 21 kunde
230 250 85 21 komma
330 251 7 20 i
352 250 67 27 fråga,
435 251 112 21 hvaremot
562 251 153 26 ridderskapet
730 250 39 21 och
784 250 61 21 adeln
856 250 7 21 i
875 256 26 15 en

79 278 91 22 särskild
193 279 91 26 petition
307 279 72 21 anhöll
400 285 34 16 om
450 279 80 27 förslag
545 279 33 21 till
593 281 63 19 nästa
672 279 104 26 landtdag
792 279 108 26 angående

79 307 67 21 sådan
163 307 131 26 ombildning
310 307 23 21 af
347 307 178 22 häradsrätterna
539 308 7 21 i
563 308 26 21 de
605 310 70 19 tätare
691 307 113 22 befolkade
815 307 86 21 delarna

79 335 22 22 af
115 336 79 21 landet.
225 335 41 21 Vid
283 337 54 20 1872
354 336 34 21 års
404 336 103 27 landtdag
522 337 124 26 upprepade
663 337 117 20 ständerna
791 336 110 21 enahanda

79 364 98 21 anhållan
195 364 38 21 och
250 364 95 27 begärde
361 367 32 19 att
408 365 129 26 regeringen
553 365 67 21 måtte
636 365 92 21 tillsätta
744 371 25 14 en
780 364 79 21 komité
869 364 32 21 för

79 393 165 21 undersökande
260 393 22 20 af
295 392 81 27 frågan.
407 393 31 22 På
453 394 127 21 ständernas
599 393 99 22 anhållan
714 393 110 22 nedsattes
841 392 60 21 äfven
918 394 2 3 '

79 428 27 15 en
122 421 57 27 dylik
195 421 85 27 komité,
300 427 46 15 som
362 423 24 20 år
403 424 54 19 1874
473 422 61 26 utgaf
549 424 31 19 ett
596 421 141 27 omfångsrikt
753 422 39 20 och
807 421 28 27 på
850 427 51 20 nog-

79 456 82 20 granna
176 450 184 27 undersökningar
375 451 108 26 grundadt
498 450 144 26 betänkande,
659 450 149 21 innehållande
823 449 79 27 förslag

79 478 33 22 till
127 478 131 26 ombildning
274 478 21 21 af
309 478 176 22 häradsrätterna
500 479 29 27 på
544 479 79 21 landet.
648 479 116 21 Desamma
774 478 69 22 skulle
855 478 46 21 huf-

79 507 148 27 vudsakligast
243 507 24 21 så
283 508 78 20 ordnas
378 510 32 19 att
426 508 71 27 hvarje
514 508 103 26 domsaga
632 508 85 20 komme
728 509 32 19 att
771 506 88 22 omfatta
871 508 31 20 ett

79 536 100 26 tingslag.
203 535 27 21 Af
240 536 72 26 dylika
328 536 121 26 domsagor,
466 536 133 22 omfattande
615 536 55 21 blott
686 538 32 19 ett
733 536 98 26 tingslag,
847 535 54 21 före-

79 564 72 27 slogos
168 566 25 19 60
210 564 52 21 eller
277 565 152 21 motsvarande
445 565 36 21 det
496 565 65 24 antal,
577 571 46 15 som
639 565 33 21 för
685 564 131 22 närvarande
827 564 74 21 inalles

70 592 83 22 finnes.
184 593 116 21 Dessutom
320 593 68 21 skulle
405 594 68 21 bildas
489 595 26 20 23
533 593 68 21 andra
617 594 119 26 domsagor,
753 592 149 22 innehållande

79 622 38 21 två
132 622 51 21 eller
198 621 51 22 flere
265 622 100 26 tingslag.
395 622 55 21 Hela
466 622 83 21 antalet
564 622 21 21 af
593 622 123 26 föreslagna
725 622 113 26 domsagor
848 628 52 20 upp-

80 650 48 27 gick
151 650 90 21 sålunda
264 650 32 21 till
316 652 33 19 83.
380 651 73 26 Enligt
472 651 106 21 komiténs
595 650 137 28 uppfattning
748 650 68 21 skulle
833 650 68 21 denna

81 679 166 27 omgestaltning
272 679 114 26 tillgodose
412 680 100 20 behofvet
537 679 23 21 af
581 686 25 14 en
630 679 106 21 snabbare
760 678 140 27 lagskipning,

79 708 88 20 hvarom
190 707 25 21 så
235 708 63 26 länge
313 708 7 20 i
336 708 73 20 landet
431 708 54 21 varit
504 708 67 26 fråga.
603 708 32 20 Då
650 708 126 26 regeringen
792 707 27 27 på
833 706 69 28 grund

80 736 21 21 af
117 736 60 21 detta
193 736 136 21 betänkande
345 736 32 21 till
393 736 116 22 ständerna
525 737 34 21 vid
578 738 52 19 1877
648 736 35 21 års
708 736 101 26 landtdag
832 735 69 21 aflem-

80 765 56 21 nade
157 764 80 26 förslag
252 764 6 21 i
274 766 78 24 ämnet,
377 765 102 27 lyckades
495 765 117 21 ständerna
627 765 48 21 icke
691 765 85 21 komma
792 764 30 22 till
837 764 65 26 något

81 795 133 25 gemensamt
228 793 104 26 resultat;
349 793 63 21 adeln
428 794 40 20 och
485 794 179 26 borgareståndet
680 794 78 26 antogo
774 792 128 28 propositio-

80 828 43 15 nen
138 822 49 21 med
210 822 58 20 vissa
287 822 121 26 ändringar,
424 828 48 16 men
488 824 84 24 preste-
588 822 41 21 och
644 822 162 21 bondestånden
822 821 80 26 ansågo

81 852 33 20 att
129 850 104 22 reformen
249 850 118 22 tillsvidare
382 851 72 21 kunde
470 850 65 22 blifva
551 851 113 21 beroende.
688 850 33 22 En
737 850 165 26 omständighet,

82 885 46 15 som
143 879 7 20 i
165 879 106 26 väsentlig
287 880 52 25 grad
354 879 102 27 uppehöll
472 879 81 27 frågan,
570 886 37 14 var
623 879 41 21 den
681 879 109 27 angående
807 878 25 21 de
843 880 60 19 stora

81 908 122 25 kostnader,
226 907 72 21 hvilka
320 914 52 15 voro
395 907 101 22 förenade
519 908 49 21 med
591 908 119 21 reformens
733 906 169 28 genomförande.

82 936 76 21 Såsom
175 936 59 21 äfven
250 936 155 26 prokuratorns
422 936 117 21 berättelse
556 936 95 27 antyder,
672 938 23 19 är
711 936 63 21 likväl
789 935 114 21 förhällan-

83 965 36 20 det
134 971 88 14 numera
237 964 133 21 annorlunda
385 965 136 20 härutinnan.
549 963 355 28 Lagmanstingsgästningsfonden

81 993 40 21 har
136 993 59 26 stigit
212 993 30 20 till
259 993 97 26 omkring
377 995 33 19 tre
430 993 98 26 miljoner
544 993 59 21 mark
619 993 40 21 och
676 993 49 21 dess
742 993 66 26 årliga
823 992 81 21 inkom-

82 1023 46 20 ster
150 1023 77 25 utgöra
250 1028 88 15 numera
360 1024 53 19 nära
435 1023 92 24 300,000
544 1022 65 21 mark.
641 1022 71 21 Under
728 1021 81 22 sådana
824 1020 79 21 förhål-

81 1050 79 21 landen
179 1056 62 21 synas
262 1050 42 27 mig
324 1050 129 27 tillräckliga
472 1051 47 20 skäl
535 1050 104 27 föreligga
655 1052 33 19 att
703 1050 31 21 till
750 1049 153 27 lagutskottets

82 1079 121 21 beaktande
226 1078 136 26 öfverlemna,
384 1079 105 21 huruvida
504 1079 48 21 icke
569 1079 117 21 ständerna
708 1079 66 20 borde
790 1078 39 21 hos
844 1077 59 21 Hans

82 1107 103 27 Majestät
206 1107 74 26 förnya
302 1107 33 21 sin
358 1107 101 22 anhållan
477 1114 34 15 om
528 1107 144 22 utarbetande
688 1107 22 21 af
724 1106 131 28 proposition
870 1107 34 20 rö-

81 1136 67 21 rande
171 1135 157 22 domstolarnas
344 1137 28 26 på
390 1136 73 21 landet
478 1136 170 27 reorganisation
665 1136 6 20 i
687 1136 37 21 det
740 1135 61 28 syfte,
817 1135 87 20 hvarom

82 1164 117 21 ständerna
218 1164 33 21 för
268 1164 63 27 länge
347 1164 68 21 sedan
430 1165 80 21 uttalat
525 1165 40 26 sig.
595 1165 42 21 För
652 1171 46 14 mer
714 1166 25 19 än
755 1165 60 26 tjugu
832 1163 23 20 år
870 1169 33 14 se-

82 1193 41 21 dan
139 1193 183 21 öfverensstämde
346 1193 42 21 alla
410 1193 90 21 stånden
516 1193 6 21 i
540 1193 41 21 den
604 1193 137 26 uppfattning
757 1195 32 18 att
805 1198 25 15 en
847 1191 57 27 dylik

81 1221 169 28 reorganisation
270 1228 51 15 vore
339 1222 65 26 nödig
424 1221 32 22 för
471 1224 33 19 att
520 1221 101 22 befordra
635 1221 174 26 lagskipningens
827 1220 77 21 snabb-

81 1251 44 20 het.
156 1250 70 21 Sedan
250 1251 49 20 dess
323 1250 63 21 hafva
409 1251 26 20 de
459 1251 140 20 ekonomiska
615 1249 161 22 förhållandena
791 1249 38 21 hos
846 1248 57 21 oss
893 1244 15 37 i

81 1279 108 26 väsentlig
203 1279 52 26 grad
271 1278 126 22 förbättrats
414 1279 39 21 och
470 1279 119 21 motiverna
604 1279 33 21 för
652 1285 27 14 en
694 1278 68 21 sådan
774 1277 130 26 ombildning

81 1310 36 19 äro
134 1307 83 21 således
234 1307 68 21 under
318 1307 70 21 denna
402 1307 31 21 tid
448 1307 107 27 betydligt
570 1307 97 22 starkare
687 1309 26 18 än
730 1307 33 21 då.
794 1306 40 27 Jag
849 1305 54 21 tillå-

81 1337 34 20 ter
130 1336 43 26 mig
189 1335 70 22 derför
274 1338 32 19 att
322 1335 32 21 till
370 1336 156 26 lagutskottets
543 1335 153 28 begrundande
712 1335 134 25 öfverlemna,
864 1334 39 21 hu-

80 1364 75 22 ruvida
178 1364 46 21 icke
248 1364 46 21 skäl
317 1363 114 23 förefinnes
455 1366 32 19 att
507 1364 81 21 föreslå
603 1364 128 21 ständernas
748 1363 99 22 anhållan
864 1363 38 20 hos

80 1393 124 27 regeringen
226 1399 33 14 om
280 1399 26 14 en
322 1393 92 21 revision
431 1392 22 21 af
467 1392 131 27 föregående
613 1392 81 27 förslag
710 1392 90 21 rörande
815 1391 87 22 härads-

79 1423 109 20 rätternas
211 1421 137 27 ombildning,
372 1421 82 22 hvilket
472 1421 31 21 till
520 1421 178 22 nästkommande
714 1421 103 25 landtdag
833 1419 70 21 kunde

79 1449 120 27 föreläggas
215 1449 123 22 ständerna.

150 1478 117 21 Professori
284 1478 108 21 Forsman:
415 1478 57 20 Minä
489 1484 25 15 en
530 1478 105 21 suinkaan
652 1478 74 20 ottaisi
742 1476 161 28 pitkittääkseni

81 1508 46 20 tätä
140 1507 22 27 jo
178 1506 62 27 hyvin
260 1506 155 28 laajaperäistä
435 1506 142 22 keskustelua
592 1506 173 27 prokuraattorin
781 1504 122 22 kertomuk-
