<?xml version="1.0" encoding="UTF-8"?>
<alto xmlns="http://www.loc.gov/standards/alto/ns-v3#" xmlns:xlink="http://www.w3.org/1999/xlink" xmlns:xsi="http://www.w3.org/2001/XMLSchema-instance" xsi:schemaLocation="http://www.loc.gov/standards/alto/ns-v3# http://www.loc.gov/alto/v3/alto-3-0.xsd">
	<Description>
		<MeasurementUnit>pixel</MeasurementUnit>
		<sourceImageInformation>
			<fileName>/tmp/tess_ofghwr7b_input.PNG</fileName>
		</sourceImageInformation>
		<OCRProcessing ID="OCR_0">
			<ocrProcessingStep>
				<processingSoftware>
					<softwareName>tesseract 5.3.4</softwareName>
				</processingSoftware>
			</ocrProcessingStep>
		</OCRProcessing>
	</Description>
	<Layout>
		<Page WIDTH="1120" HEIGHT="1723" PHYSICAL_IMG_NR="0" ID="page_0">
			<PrintSpace HPOS="0" VPOS="0" WIDTH="1120" HEIGHT="1723">
				<Illustration ID="cblock_0" HPOS="10" VPOS="1485" WIDTH="304" HEIGHT="219"></Illustration>
				<ComposedBlock ID="cblock_1" HPOS="380" VPOS="127" WIDTH="504" HEIGHT="25">
					<TextBlock ID="block_0" HPOS="380" VPOS="127" WIDTH="504" HEIGHT="25">
						<TextLine ID="line_0" HPOS="380" VPOS="127" WIDTH="504" HEIGHT="25">
							<String ID="string_0" HPOS="380" VPOS="128" WIDTH="16" HEIGHT="18" WC="0.95" CONTENT="R."/><SP WIDTH="12" VPOS="128" HPOS="396"/>
							<String ID="string_1" HPOS="408" VPOS="132" WIDTH="15" HEIGHT="15" WC="0.57" CONTENT="0."/><SP WIDTH="13" VPOS="132" HPOS="423"/>
							<String ID="string_2" HPOS="436" VPOS="128" WIDTH="16" HEIGHT="18" WC="0.88" CONTENT="A."/><SP WIDTH="12" VPOS="128" HPOS="452"/>
							<String ID="string_3" HPOS="464" VPOS="128" WIDTH="47" HEIGHT="18" WC="0.93" CONTENT="1885."/><SP WIDTH="24" VPOS="128" HPOS="511"/>
							<String ID="string_4" HPOS="535" VPOS="127" WIDTH="21" HEIGHT="19" WC="0.95" CONTENT="20"/><SP WIDTH="12" VPOS="127" HPOS="556"/>
							<String ID="string_5" HPOS="568" VPOS="128" WIDTH="48" HEIGHT="19" WC="0.86" CONTENT="Mars."/><SP WIDTH="227" VPOS="128" HPOS="616"/>
							<String ID="string_6" HPOS="843" VPOS="130" WIDTH="41" HEIGHT="22" WC="0.95" CONTENT="425"/>
						</TextLine>
					</TextBlock>
				</ComposedBlock>
				<ComposedBlock ID="cblock_2" HPOS="87" VPOS="196" WIDTH="826" HEIGHT="226">
					<TextBlock ID="block_1" HPOS="87" VPOS="196" WIDTH="826" HEIGHT="226">
						<TextLine ID="line_1" HPOS="157" VPOS="196" WIDTH="755" HEIGHT="28">
							<String ID="string_7" HPOS="157" VPOS="196" WIDTH="25" HEIGHT="21" WC="0.94" CONTENT="hr"/><SP WIDTH="16" VPOS="196" HPOS="182"/>
							<String ID="string_8" HPOS="198" VPOS="196" WIDTH="114" HEIGHT="26" WC="0.93" CONTENT="Schildt,"/><SP WIDTH="15" VPOS="196" HPOS="312"/>
							<String ID="string_9" HPOS="327" VPOS="197" WIDTH="45" HEIGHT="27" WC="0.92" CONTENT="Hj.:"/><SP WIDTH="16" VPOS="197" HPOS="372"/>
							<String ID="string_10" HPOS="388" VPOS="196" WIDTH="37" HEIGHT="22" WC="0.92" CONTENT="Uti"/><SP WIDTH="15" VPOS="196" HPOS="425"/>
							<String ID="string_11" HPOS="440" VPOS="196" WIDTH="69" HEIGHT="27" WC="0.91" CONTENT="tredje"/><SP WIDTH="15" VPOS="196" HPOS="509"/>
							<String ID="string_12" HPOS="524" VPOS="202" WIDTH="63" HEIGHT="16" WC="0.96" CONTENT="mom."/><SP WIDTH="16" VPOS="202" HPOS="587"/>
							<String ID="string_13" HPOS="603" VPOS="196" WIDTH="23" HEIGHT="22" WC="0.93" CONTENT="af"/><SP WIDTH="13" VPOS="196" HPOS="626"/>
							<String ID="string_14" HPOS="639" VPOS="196" WIDTH="14" HEIGHT="28" WC="0.92" CONTENT="&amp;"/><SP WIDTH="16" VPOS="196" HPOS="653"/>
							<String ID="string_15" HPOS="669" VPOS="198" WIDTH="22" HEIGHT="20" WC="0.96" CONTENT="21"/><SP WIDTH="20" VPOS="198" HPOS="691"/>
							<String ID="string_16" HPOS="711" VPOS="197" WIDTH="87" HEIGHT="27" WC="0.96" CONTENT="stadgar"/><SP WIDTH="15" VPOS="197" HPOS="798"/>
							<String ID="string_17" HPOS="813" VPOS="198" WIDTH="40" HEIGHT="20" WC="0.93" CONTENT="den"/><SP WIDTH="11" VPOS="198" HPOS="853"/>
							<String ID="string_18" HPOS="864" VPOS="197" WIDTH="48" HEIGHT="21" WC="0.92" CONTENT="näd."/>
						</TextLine>
						<TextLine ID="line_2" HPOS="87" VPOS="224" WIDTH="826" HEIGHT="28">
							<String ID="string_19" HPOS="87" VPOS="230" WIDTH="61" HEIGHT="22" WC="0.92" CONTENT="prop."/><SP WIDTH="23" VPOS="230" HPOS="148"/>
							<String ID="string_20" HPOS="171" VPOS="226" WIDTH="32" HEIGHT="20" WC="0.96" CONTENT="att"/><SP WIDTH="23" VPOS="226" HPOS="203"/>
							<String ID="string_21" HPOS="226" VPOS="225" WIDTH="40" HEIGHT="21" WC="0.92" CONTENT="den"/><SP WIDTH="18" VPOS="225" HPOS="266"/>
							<String ID="string_22" HPOS="284" VPOS="225" WIDTH="77" HEIGHT="21" WC="0.91" CONTENT="minsta"/><SP WIDTH="17" VPOS="225" HPOS="361"/>
							<String ID="string_23" HPOS="378" VPOS="224" WIDTH="96" HEIGHT="22" WC="0.92" CONTENT="bärkraft"/><SP WIDTH="22" VPOS="224" HPOS="474"/>
							<String ID="string_24" HPOS="496" VPOS="230" WIDTH="26" HEIGHT="16" WC="0.93" CONTENT="en"/><SP WIDTH="23" VPOS="230" HPOS="522"/>
							<String ID="string_25" HPOS="545" VPOS="224" WIDTH="129" HEIGHT="28" WC="0.92" CONTENT="decimalväg"/><SP WIDTH="23" VPOS="224" HPOS="674"/>
							<String ID="string_26" HPOS="697" VPOS="225" WIDTH="40" HEIGHT="21" WC="0.92" CONTENT="bör"/><SP WIDTH="18" VPOS="225" HPOS="737"/>
							<String ID="string_27" HPOS="755" VPOS="225" WIDTH="62" HEIGHT="21" WC="0.92" CONTENT="hafva"/><SP WIDTH="15" VPOS="225" HPOS="817"/>
							<String ID="string_28" HPOS="832" VPOS="228" WIDTH="24" HEIGHT="19" WC="0.96" CONTENT="är"/><SP WIDTH="16" VPOS="228" HPOS="856"/>
							<String ID="string_29" HPOS="872" VPOS="226" WIDTH="41" HEIGHT="21" WC="0.96" CONTENT="100"/>
						</TextLine>
						<TextLine ID="line_3" HPOS="87" VPOS="252" WIDTH="825" HEIGHT="28">
							<String ID="string_30" HPOS="87" VPOS="252" WIDTH="110" HEIGHT="28" WC="0.90" CONTENT="kilogram."/><SP WIDTH="31" VPOS="252" HPOS="197"/>
							<String ID="string_31" HPOS="228" VPOS="253" WIDTH="44" HEIGHT="27" WC="0.93" CONTENT="Mig"/><SP WIDTH="22" VPOS="253" HPOS="272"/>
							<String ID="string_32" HPOS="294" VPOS="260" WIDTH="61" HEIGHT="20" WC="0.92" CONTENT="synes"/><SP WIDTH="23" VPOS="260" HPOS="355"/>
							<String ID="string_33" HPOS="378" VPOS="253" WIDTH="59" HEIGHT="21" WC="0.96" CONTENT="detta"/><SP WIDTH="22" VPOS="253" HPOS="437"/>
							<String ID="string_34" HPOS="459" VPOS="259" WIDTH="42" HEIGHT="21" WC="0.90" CONTENT="nog"/><SP WIDTH="22" VPOS="259" HPOS="501"/>
							<String ID="string_35" HPOS="523" VPOS="253" WIDTH="56" HEIGHT="27" WC="0.90" CONTENT="högt."/><SP WIDTH="32" VPOS="253" HPOS="579"/>
							<String ID="string_36" HPOS="611" VPOS="254" WIDTH="73" HEIGHT="20" WC="0.92" CONTENT="Redan"/><SP WIDTH="20" VPOS="254" HPOS="684"/>
							<String ID="string_37" HPOS="704" VPOS="260" WIDTH="28" HEIGHT="14" WC="0.96" CONTENT="nu"/><SP WIDTH="21" VPOS="260" HPOS="732"/>
							<String ID="string_38" HPOS="753" VPOS="254" WIDTH="106" HEIGHT="21" WC="0.96" CONTENT="användas"/><SP WIDTH="15" VPOS="254" HPOS="859"/>
							<String ID="string_39" HPOS="874" VPOS="254" WIDTH="38" HEIGHT="22" WC="0.96" CONTENT="hos"/>
						</TextLine>
						<TextLine ID="line_4" HPOS="88" VPOS="281" WIDTH="824" HEIGHT="28">
							<String ID="string_40" HPOS="88" VPOS="288" WIDTH="35" HEIGHT="15" WC="0.93" CONTENT="oss"/><SP WIDTH="23" VPOS="288" HPOS="123"/>
							<String ID="string_41" HPOS="146" VPOS="281" WIDTH="88" HEIGHT="22" WC="0.93" CONTENT="allmänt"/><SP WIDTH="15" VPOS="281" HPOS="234"/>
							<String ID="string_42" HPOS="249" VPOS="282" WIDTH="158" HEIGHT="26" WC="0.92" CONTENT="decimalvägar,"/><SP WIDTH="16" VPOS="282" HPOS="407"/>
							<String ID="string_43" HPOS="423" VPOS="281" WIDTH="82" HEIGHT="21" WC="0.93" CONTENT="hvilkas"/><SP WIDTH="15" VPOS="281" HPOS="505"/>
							<String ID="string_44" HPOS="520" VPOS="281" WIDTH="97" HEIGHT="22" WC="0.92" CONTENT="bärkraft"/><SP WIDTH="15" VPOS="281" HPOS="617"/>
							<String ID="string_45" HPOS="632" VPOS="284" WIDTH="23" HEIGHT="19" WC="0.96" CONTENT="är"/><SP WIDTH="16" VPOS="284" HPOS="655"/>
							<String ID="string_46" HPOS="671" VPOS="282" WIDTH="75" HEIGHT="21" WC="0.96" CONTENT="endast"/><SP WIDTH="15" VPOS="282" HPOS="746"/>
							<String ID="string_47" HPOS="761" VPOS="282" WIDTH="28" HEIGHT="21" WC="0.93" CONTENT="50"/><SP WIDTH="14" VPOS="282" HPOS="789"/>
							<String ID="string_48" HPOS="803" VPOS="282" WIDTH="109" HEIGHT="27" WC="0.92" CONTENT="kilogram,"/>
						</TextLine>
						<TextLine ID="line_5" HPOS="89" VPOS="310" WIDTH="824" HEIGHT="27">
							<String ID="string_49" HPOS="89" VPOS="310" WIDTH="58" HEIGHT="25" WC="0.93" CONTENT="eller,"/><SP WIDTH="15" VPOS="310" HPOS="147"/>
							<String ID="string_50" HPOS="162" VPOS="310" WIDTH="70" HEIGHT="21" WC="0.92" CONTENT="säsom"/><SP WIDTH="16" VPOS="310" HPOS="232"/>
							<String ID="string_51" HPOS="248" VPOS="310" WIDTH="36" HEIGHT="21" WC="0.96" CONTENT="det"/><SP WIDTH="14" VPOS="310" HPOS="284"/>
							<String ID="string_52" HPOS="298" VPOS="310" WIDTH="7" HEIGHT="20" WC="0.93" CONTENT="i"/><SP WIDTH="16" VPOS="310" HPOS="305"/>
							<String ID="string_53" HPOS="321" VPOS="310" WIDTH="80" HEIGHT="26" WC="0.93" CONTENT="dagligt"/><SP WIDTH="14" VPOS="310" HPOS="401"/>
							<String ID="string_54" HPOS="415" VPOS="310" WIDTH="31" HEIGHT="21" WC="0.93" CONTENT="tal"/><SP WIDTH="15" VPOS="310" HPOS="446"/>
							<String ID="string_55" HPOS="461" VPOS="312" WIDTH="94" HEIGHT="24" WC="0.92" CONTENT="nämnes,"/><SP WIDTH="16" VPOS="312" HPOS="555"/>
							<String ID="string_56" HPOS="571" VPOS="316" WIDTH="26" HEIGHT="15" WC="0.92" CONTENT="en"/><SP WIDTH="13" VPOS="316" HPOS="597"/>
							<String ID="string_57" HPOS="610" VPOS="312" WIDTH="92" HEIGHT="24" WC="0.92" CONTENT="centner,"/><SP WIDTH="12" VPOS="312" HPOS="702"/>
							<String ID="string_58" HPOS="714" VPOS="310" WIDTH="39" HEIGHT="22" WC="0.96" CONTENT="och"/><SP WIDTH="12" VPOS="310" HPOS="753"/>
							<String ID="string_59" HPOS="765" VPOS="310" WIDTH="41" HEIGHT="27" WC="0.93" CONTENT="mig"/><SP WIDTH="10" VPOS="310" HPOS="806"/>
							<String ID="string_60" HPOS="816" VPOS="310" WIDTH="97" HEIGHT="27" WC="0.92" CONTENT="veterligt"/>
						</TextLine>
						<TextLine ID="line_6" HPOS="89" VPOS="338" WIDTH="824" HEIGHT="27">
							<String ID="string_61" HPOS="89" VPOS="338" WIDTH="40" HEIGHT="21" WC="0.92" CONTENT="har"/><SP WIDTH="15" VPOS="338" HPOS="129"/>
							<String ID="string_62" HPOS="144" VPOS="338" WIDTH="60" HEIGHT="22" WC="0.96" CONTENT="deraf"/><SP WIDTH="12" VPOS="338" HPOS="204"/>
							<String ID="string_63" HPOS="216" VPOS="338" WIDTH="46" HEIGHT="22" WC="0.96" CONTENT="icke"/><SP WIDTH="15" VPOS="338" HPOS="262"/>
							<String ID="string_64" HPOS="277" VPOS="338" WIDTH="54" HEIGHT="22" WC="0.96" CONTENT="visat"/><SP WIDTH="14" VPOS="338" HPOS="331"/>
							<String ID="string_65" HPOS="345" VPOS="338" WIDTH="32" HEIGHT="27" WC="0.93" CONTENT="sig"/><SP WIDTH="14" VPOS="338" HPOS="377"/>
							<String ID="string_66" HPOS="391" VPOS="339" WIDTH="70" HEIGHT="26" WC="0.96" CONTENT="någon"/><SP WIDTH="16" VPOS="339" HPOS="461"/>
							<String ID="string_67" HPOS="477" VPOS="338" WIDTH="113" HEIGHT="27" WC="0.96" CONTENT="olägenhet"/><SP WIDTH="36" VPOS="338" HPOS="590"/>
							<String ID="string_68" HPOS="626" VPOS="338" WIDTH="41" HEIGHT="27" WC="0.95" CONTENT="Jag"/><SP WIDTH="15" VPOS="338" HPOS="667"/>
							<String ID="string_69" HPOS="682" VPOS="338" WIDTH="68" HEIGHT="22" WC="0.93" CONTENT="skulle"/><SP WIDTH="16" VPOS="338" HPOS="750"/>
							<String ID="string_70" HPOS="766" VPOS="338" WIDTH="69" HEIGHT="22" WC="0.93" CONTENT="derför"/><SP WIDTH="18" VPOS="338" HPOS="835"/>
							<String ID="string_71" HPOS="853" VPOS="338" WIDTH="60" HEIGHT="22" WC="0.93" CONTENT="vörd-"/>
						</TextLine>
						<TextLine ID="line_7" HPOS="89" VPOS="366" WIDTH="824" HEIGHT="28">
							<String ID="string_72" HPOS="89" VPOS="369" WIDTH="55" HEIGHT="19" WC="0.96" CONTENT="samt"/><SP WIDTH="15" VPOS="369" HPOS="144"/>
							<String ID="string_73" HPOS="159" VPOS="366" WIDTH="76" HEIGHT="22" WC="0.95" CONTENT="föreslå"/><SP WIDTH="20" VPOS="366" HPOS="235"/>
							<String ID="string_74" HPOS="255" VPOS="368" WIDTH="32" HEIGHT="20" WC="0.96" CONTENT="att"/><SP WIDTH="14" VPOS="368" HPOS="287"/>
							<String ID="string_75" HPOS="301" VPOS="366" WIDTH="53" HEIGHT="22" WC="0.96" CONTENT="talet"/><SP WIDTH="16" VPOS="366" HPOS="354"/>
							<String ID="string_76" HPOS="370" VPOS="368" WIDTH="41" HEIGHT="20" WC="0.96" CONTENT="100"/><SP WIDTH="15" VPOS="368" HPOS="411"/>
							<String ID="string_77" HPOS="426" VPOS="366" WIDTH="68" HEIGHT="22" WC="0.93" CONTENT="skulle"/><SP WIDTH="16" VPOS="366" HPOS="494"/>
							<String ID="string_78" HPOS="510" VPOS="367" WIDTH="86" HEIGHT="27" WC="0.92" CONTENT="utbytas"/><SP WIDTH="15" VPOS="367" HPOS="596"/>
							<String ID="string_79" HPOS="611" VPOS="369" WIDTH="45" HEIGHT="19" WC="0.95" CONTENT="mot"/><SP WIDTH="15" VPOS="369" HPOS="656"/>
							<String ID="string_80" HPOS="671" VPOS="368" WIDTH="34" HEIGHT="25" WC="0.95" CONTENT="50,"/><SP WIDTH="16" VPOS="368" HPOS="705"/>
							<String ID="string_81" HPOS="721" VPOS="374" WIDTH="48" HEIGHT="14" WC="0.96" CONTENT="men"/><SP WIDTH="16" VPOS="374" HPOS="769"/>
							<String ID="string_82" HPOS="785" VPOS="374" WIDTH="60" HEIGHT="15" WC="0.96" CONTENT="mom."/><SP WIDTH="17" VPOS="374" HPOS="845"/>
							<String ID="string_83" HPOS="862" VPOS="367" WIDTH="6" HEIGHT="21" WC="0.92" CONTENT="i"/><SP WIDTH="16" VPOS="367" HPOS="868"/>
							<String ID="string_84" HPOS="884" VPOS="366" WIDTH="29" HEIGHT="22" WC="0.92" CONTENT="öf-"/>
						</TextLine>
						<TextLine ID="line_8" HPOS="89" VPOS="394" WIDTH="578" HEIGHT="28">
							<String ID="string_85" HPOS="89" VPOS="394" WIDTH="42" HEIGHT="27" WC="0.91" CONTENT="rigt"/><SP WIDTH="15" VPOS="394" HPOS="131"/>
							<String ID="string_86" HPOS="146" VPOS="394" WIDTH="64" HEIGHT="23" WC="0.95" CONTENT="blifva"/><SP WIDTH="14" VPOS="394" HPOS="210"/>
							<String ID="string_87" HPOS="224" VPOS="395" WIDTH="43" HEIGHT="21" WC="0.96" CONTENT="lika"/><SP WIDTH="16" VPOS="395" HPOS="267"/>
							<String ID="string_88" HPOS="283" VPOS="395" WIDTH="90" HEIGHT="27" WC="0.96" CONTENT="lydande"/><SP WIDTH="15" VPOS="395" HPOS="373"/>
							<String ID="string_89" HPOS="388" VPOS="395" WIDTH="48" HEIGHT="21" WC="0.96" CONTENT="med"/><SP WIDTH="15" VPOS="395" HPOS="436"/>
							<String ID="string_90" HPOS="451" VPOS="395" WIDTH="116" HEIGHT="21" WC="0.96" CONTENT="utskottets"/><SP WIDTH="16" VPOS="395" HPOS="567"/>
							<String ID="string_91" HPOS="583" VPOS="395" WIDTH="84" HEIGHT="27" WC="0.96" CONTENT="förslag."/>
						</TextLine>
					</TextBlock>
				</ComposedBlock>
				<ComposedBlock ID="cblock_3" HPOS="90" VPOS="479" WIDTH="826" HEIGHT="447">
					<TextBlock ID="block_2" HPOS="90" VPOS="479" WIDTH="824" HEIGHT="169">
						<TextLine ID="line_9" HPOS="159" VPOS="479" WIDTH="755" HEIGHT="28">
							<String ID="string_92" HPOS="159" VPOS="480" WIDTH="31" HEIGHT="21" WC="0.92" CONTENT="Hr"/><SP WIDTH="22" VPOS="480" HPOS="190"/>
							<String ID="string_93" HPOS="212" VPOS="479" WIDTH="193" HEIGHT="22" WC="0.92" CONTENT="landtmarskalken"/><SP WIDTH="19" VPOS="479" HPOS="405"/>
							<String ID="string_94" HPOS="424" VPOS="480" WIDTH="73" HEIGHT="21" WC="0.92" CONTENT="afbröt"/><SP WIDTH="15" VPOS="480" HPOS="497"/>
							<String ID="string_95" HPOS="512" VPOS="481" WIDTH="38" HEIGHT="21" WC="0.93" CONTENT="här"/><SP WIDTH="16" VPOS="481" HPOS="550"/>
							<String ID="string_96" HPOS="566" VPOS="480" WIDTH="183" HEIGHT="27" WC="0.91" CONTENT="öfverläggningen"/><SP WIDTH="17" VPOS="480" HPOS="749"/>
							<String ID="string_97" HPOS="766" VPOS="480" WIDTH="46" HEIGHT="21" WC="0.96" CONTENT="med"/><SP WIDTH="16" VPOS="480" HPOS="812"/>
							<String ID="string_98" HPOS="828" VPOS="482" WIDTH="30" HEIGHT="19" WC="0.93" CONTENT="ett"/><SP WIDTH="14" VPOS="482" HPOS="858"/>
							<String ID="string_99" HPOS="872" VPOS="479" WIDTH="42" HEIGHT="22" WC="0.92" CONTENT="till-"/>
						</TextLine>
						<TextLine ID="line_10" HPOS="90" VPOS="508" WIDTH="821" HEIGHT="27">
							<String ID="string_100" HPOS="90" VPOS="508" WIDTH="167" HEIGHT="27" WC="0.89" CONTENT="kännagifvande"/><SP WIDTH="22" VPOS="508" HPOS="257"/>
							<String ID="string_101" HPOS="279" VPOS="511" WIDTH="32" HEIGHT="19" WC="0.93" CONTENT="att"/><SP WIDTH="22" VPOS="511" HPOS="311"/>
							<String ID="string_102" HPOS="333" VPOS="509" WIDTH="24" HEIGHT="21" WC="0.91" CONTENT="R."/><SP WIDTH="24" VPOS="509" HPOS="357"/>
							<String ID="string_103" HPOS="381" VPOS="515" WIDTH="17" HEIGHT="14" WC="0.90" CONTENT="o."/><SP WIDTH="21" VPOS="515" HPOS="398"/>
							<String ID="string_104" HPOS="419" VPOS="509" WIDTH="25" HEIGHT="21" WC="0.89" CONTENT="A."/><SP WIDTH="16" VPOS="509" HPOS="444"/>
							<String ID="string_105" HPOS="460" VPOS="509" WIDTH="56" HEIGHT="21" WC="0.96" CONTENT="hade"/><SP WIDTH="16" VPOS="509" HPOS="516"/>
							<String ID="string_106" HPOS="532" VPOS="511" WIDTH="32" HEIGHT="19" WC="0.93" CONTENT="att"/><SP WIDTH="15" VPOS="511" HPOS="564"/>
							<String ID="string_107" HPOS="579" VPOS="511" WIDTH="80" HEIGHT="19" WC="0.93" CONTENT="emotse"/><SP WIDTH="16" VPOS="511" HPOS="659"/>
							<String ID="string_108" HPOS="675" VPOS="515" WIDTH="25" HEIGHT="14" WC="0.96" CONTENT="en"/><SP WIDTH="17" VPOS="515" HPOS="700"/>
							<String ID="string_109" HPOS="717" VPOS="509" WIDTH="88" HEIGHT="20" WC="0.95" CONTENT="medlem"/><SP WIDTH="15" VPOS="509" HPOS="805"/>
							<String ID="string_110" HPOS="820" VPOS="508" WIDTH="22" HEIGHT="22" WC="0.91" CONTENT="af"/><SP WIDTH="13" VPOS="508" HPOS="842"/>
							<String ID="string_111" HPOS="855" VPOS="508" WIDTH="56" HEIGHT="27" WC="0.91" CONTENT="Kejs."/>
						</TextLine>
						<TextLine ID="line_11" HPOS="91" VPOS="536" WIDTH="822" HEIGHT="27">
							<String ID="string_112" HPOS="91" VPOS="536" WIDTH="98" HEIGHT="27" WC="0.96" CONTENT="Senaten,"/><SP WIDTH="16" VPOS="536" HPOS="189"/>
							<String ID="string_113" HPOS="205" VPOS="543" WIDTH="45" HEIGHT="15" WC="0.95" CONTENT="som"/><SP WIDTH="15" VPOS="543" HPOS="250"/>
							<String ID="string_114" HPOS="265" VPOS="537" WIDTH="84" HEIGHT="21" WC="0.96" CONTENT="komme"/><SP WIDTH="15" VPOS="537" HPOS="349"/>
							<String ID="string_115" HPOS="364" VPOS="539" WIDTH="31" HEIGHT="19" WC="0.95" CONTENT="att"/><SP WIDTH="16" VPOS="539" HPOS="395"/>
							<String ID="string_116" HPOS="411" VPOS="537" WIDTH="31" HEIGHT="21" WC="0.96" CONTENT="till"/><SP WIDTH="16" VPOS="537" HPOS="442"/>
							<String ID="string_117" HPOS="458" VPOS="537" WIDTH="85" HEIGHT="22" WC="0.93" CONTENT="ståndet"/><SP WIDTH="15" VPOS="537" HPOS="543"/>
							<String ID="string_118" HPOS="558" VPOS="537" WIDTH="129" HEIGHT="22" WC="0.90" CONTENT="öfverlemna"/><SP WIDTH="15" VPOS="537" HPOS="687"/>
							<String ID="string_119" HPOS="702" VPOS="538" WIDTH="65" HEIGHT="25" WC="0.96" CONTENT="några"/><SP WIDTH="13" VPOS="538" HPOS="767"/>
							<String ID="string_120" HPOS="780" VPOS="537" WIDTH="76" HEIGHT="26" WC="0.93" CONTENT="nådiga"/><SP WIDTH="10" VPOS="537" HPOS="856"/>
							<String ID="string_121" HPOS="866" VPOS="543" WIDTH="47" HEIGHT="20" WC="0.92" CONTENT="pro-"/>
						</TextLine>
						<TextLine ID="line_12" HPOS="91" VPOS="565" WIDTH="823" HEIGHT="27">
							<String ID="string_122" HPOS="91" VPOS="565" WIDTH="121" HEIGHT="26" WC="0.93" CONTENT="positioner."/><SP WIDTH="21" VPOS="565" HPOS="212"/>
							<String ID="string_123" HPOS="233" VPOS="578" WIDTH="19" HEIGHT="2" WC="0.91" CONTENT="—"/><SP WIDTH="19" VPOS="578" HPOS="252"/>
							<String ID="string_124" HPOS="271" VPOS="565" WIDTH="117" HEIGHT="27" WC="0.89" CONTENT="Behörigen"/><SP WIDTH="16" VPOS="565" HPOS="388"/>
							<String ID="string_125" HPOS="404" VPOS="568" WIDTH="121" HEIGHT="24" WC="0.91" CONTENT="emottagen"/><SP WIDTH="15" VPOS="568" HPOS="525"/>
							<String ID="string_126" HPOS="540" VPOS="566" WIDTH="98" HEIGHT="21" WC="0.93" CONTENT="inträdde"/><SP WIDTH="15" VPOS="566" HPOS="638"/>
							<String ID="string_127" HPOS="653" VPOS="565" WIDTH="53" HEIGHT="22" WC="0.90" CONTENT="härå"/><SP WIDTH="15" VPOS="565" HPOS="706"/>
							<String ID="string_128" HPOS="721" VPOS="569" WIDTH="98" HEIGHT="17" WC="0.92" CONTENT="senatorn"/><SP WIDTH="15" VPOS="569" HPOS="819"/>
							<String ID="string_129" HPOS="834" VPOS="565" WIDTH="24" HEIGHT="22" WC="0.91" CONTENT="L."/><SP WIDTH="11" VPOS="565" HPOS="858"/>
							<String ID="string_130" HPOS="869" VPOS="565" WIDTH="45" HEIGHT="21" WC="0.90" CONTENT="Me-"/>
						</TextLine>
						<TextLine ID="line_13" HPOS="91" VPOS="593" WIDTH="821" HEIGHT="28">
							<String ID="string_131" HPOS="91" VPOS="593" WIDTH="68" HEIGHT="21" WC="0.92" CONTENT="chelin"/><SP WIDTH="23" VPOS="593" HPOS="159"/>
							<String ID="string_132" HPOS="182" VPOS="593" WIDTH="38" HEIGHT="21" WC="0.93" CONTENT="och"/><SP WIDTH="24" VPOS="593" HPOS="220"/>
							<String ID="string_133" HPOS="244" VPOS="593" WIDTH="153" HEIGHT="22" WC="0.91" CONTENT="öfverlemnade"/><SP WIDTH="23" VPOS="593" HPOS="397"/>
							<String ID="string_134" HPOS="420" VPOS="593" WIDTH="31" HEIGHT="22" WC="0.93" CONTENT="till"/><SP WIDTH="24" VPOS="593" HPOS="451"/>
							<String ID="string_135" HPOS="475" VPOS="594" WIDTH="23" HEIGHT="21" WC="0.91" CONTENT="R."/><SP WIDTH="17" VPOS="594" HPOS="498"/>
							<String ID="string_136" HPOS="515" VPOS="601" WIDTH="19" HEIGHT="14" WC="0.88" CONTENT="o."/><SP WIDTH="16" VPOS="601" HPOS="534"/>
							<String ID="string_137" HPOS="550" VPOS="595" WIDTH="24" HEIGHT="20" WC="0.92" CONTENT="A."/><SP WIDTH="17" VPOS="595" HPOS="574"/>
							<String ID="string_138" HPOS="591" VPOS="594" WIDTH="92" HEIGHT="27" WC="0.96" CONTENT="följande"/><SP WIDTH="15" VPOS="594" HPOS="683"/>
							<String ID="string_139" HPOS="698" VPOS="596" WIDTH="77" HEIGHT="19" WC="0.96" CONTENT="tvenne"/><SP WIDTH="14" VPOS="596" HPOS="775"/>
							<String ID="string_140" HPOS="789" VPOS="593" WIDTH="47" HEIGHT="22" WC="0.95" CONTENT="nåd."/><SP WIDTH="16" VPOS="593" HPOS="836"/>
							<String ID="string_141" HPOS="852" VPOS="600" WIDTH="60" HEIGHT="21" WC="0.96" CONTENT="prop."/>
						</TextLine>
						<TextLine ID="line_14" HPOS="91" VPOS="621" WIDTH="113" HEIGHT="27">
							<String ID="string_142" HPOS="91" VPOS="621" WIDTH="113" HEIGHT="27" WC="0.95" CONTENT="nämligen:"/>
						</TextLine>
					</TextBlock>
					<TextBlock ID="block_3" HPOS="91" VPOS="649" WIDTH="825" HEIGHT="170">
						<TextLine ID="line_15" HPOS="160" VPOS="649" WIDTH="753" HEIGHT="29">
							<String ID="string_143" HPOS="160" VPOS="650" WIDTH="46" HEIGHT="21" WC="0.94" CONTENT="nåd."/><SP WIDTH="25" VPOS="650" HPOS="206"/>
							<String ID="string_144" HPOS="231" VPOS="657" WIDTH="58" HEIGHT="20" WC="0.95" CONTENT="prop."/><SP WIDTH="23" VPOS="657" HPOS="289"/>
							<String ID="string_145" HPOS="312" VPOS="657" WIDTH="34" HEIGHT="15" WC="0.95" CONTENT="n:o"/><SP WIDTH="19" VPOS="657" HPOS="346"/>
							<String ID="string_146" HPOS="365" VPOS="652" WIDTH="26" HEIGHT="20" WC="0.96" CONTENT="36"/><SP WIDTH="16" VPOS="652" HPOS="391"/>
							<String ID="string_147" HPOS="407" VPOS="657" WIDTH="34" HEIGHT="15" WC="0.96" CONTENT="om"/><SP WIDTH="17" VPOS="657" HPOS="441"/>
							<String ID="string_148" HPOS="458" VPOS="651" WIDTH="119" HEIGHT="27" WC="0.96" CONTENT="antagande"/><SP WIDTH="15" VPOS="651" HPOS="577"/>
							<String ID="string_149" HPOS="592" VPOS="651" WIDTH="22" HEIGHT="21" WC="0.93" CONTENT="af"/><SP WIDTH="15" VPOS="651" HPOS="614"/>
							<String ID="string_150" HPOS="629" VPOS="653" WIDTH="31" HEIGHT="19" WC="0.90" CONTENT="1:o"/><SP WIDTH="17" VPOS="653" HPOS="660"/>
							<String ID="string_151" HPOS="677" VPOS="651" WIDTH="77" HEIGHT="21" WC="0.96" CONTENT="allmän"/><SP WIDTH="15" VPOS="651" HPOS="754"/>
							<String ID="string_152" HPOS="769" VPOS="650" WIDTH="97" HEIGHT="27" WC="0.96" CONTENT="strafflag"/><SP WIDTH="14" VPOS="650" HPOS="866"/>
							<String ID="string_153" HPOS="880" VPOS="649" WIDTH="33" HEIGHT="22" WC="0.97" CONTENT="för"/>
						</TextLine>
						<TextLine ID="line_16" HPOS="91" VPOS="677" WIDTH="825" HEIGHT="29">
							<String ID="string_154" HPOS="91" VPOS="677" WIDTH="203" HEIGHT="23" WC="0.96" CONTENT="Storfurstendömet"/><SP WIDTH="15" VPOS="677" HPOS="294"/>
							<String ID="string_155" HPOS="309" VPOS="679" WIDTH="96" HEIGHT="26" WC="0.93" CONTENT="Finland,"/><SP WIDTH="16" VPOS="679" HPOS="405"/>
							<String ID="string_156" HPOS="421" VPOS="680" WIDTH="34" HEIGHT="20" WC="0.24" CONTENT="2:o"/><SP WIDTH="16" VPOS="680" HPOS="455"/>
							<String ID="string_157" HPOS="471" VPOS="679" WIDTH="123" HEIGHT="27" WC="0.96" CONTENT="förordning"/><SP WIDTH="16" VPOS="679" HPOS="594"/>
							<String ID="string_158" HPOS="610" VPOS="686" WIDTH="33" HEIGHT="15" WC="0.93" CONTENT="om"/><SP WIDTH="15" VPOS="686" HPOS="643"/>
							<String ID="string_159" HPOS="658" VPOS="679" WIDTH="155" HEIGHT="21" WC="0.95" CONTENT="verkställande"/><SP WIDTH="11" VPOS="679" HPOS="813"/>
							<String ID="string_160" HPOS="824" VPOS="678" WIDTH="22" HEIGHT="21" WC="0.96" CONTENT="af"/><SP WIDTH="8" VPOS="678" HPOS="846"/>
							<String ID="string_161" HPOS="854" VPOS="678" WIDTH="62" HEIGHT="22" WC="0.96" CONTENT="straff"/>
						</TextLine>
						<TextLine ID="line_17" HPOS="92" VPOS="706" WIDTH="821" HEIGHT="28">
							<String ID="string_162" HPOS="92" VPOS="706" WIDTH="39" HEIGHT="21" WC="0.92" CONTENT="och"/><SP WIDTH="24" VPOS="706" HPOS="131"/>
							<String ID="string_163" HPOS="155" VPOS="707" WIDTH="33" HEIGHT="20" WC="0.91" CONTENT="3:o"/><SP WIDTH="22" VPOS="707" HPOS="188"/>
							<String ID="string_164" HPOS="210" VPOS="707" WIDTH="122" HEIGHT="27" WC="0.96" CONTENT="förordning"/><SP WIDTH="22" VPOS="707" HPOS="332"/>
							<String ID="string_165" HPOS="354" VPOS="714" WIDTH="32" HEIGHT="15" WC="0.96" CONTENT="om"/><SP WIDTH="25" VPOS="714" HPOS="386"/>
							<String ID="string_166" HPOS="411" VPOS="707" WIDTH="109" HEIGHT="22" WC="0.96" CONTENT="införande"/><SP WIDTH="22" VPOS="707" HPOS="520"/>
							<String ID="string_167" HPOS="542" VPOS="708" WIDTH="23" HEIGHT="21" WC="0.96" CONTENT="af"/><SP WIDTH="15" VPOS="708" HPOS="565"/>
							<String ID="string_168" HPOS="580" VPOS="707" WIDTH="62" HEIGHT="22" WC="0.94" CONTENT="straff"/><SP WIDTH="13" VPOS="707" HPOS="642"/>
							<String ID="string_169" HPOS="655" VPOS="709" WIDTH="55" HEIGHT="20" WC="0.93" CONTENT="samt"/><SP WIDTH="15" VPOS="709" HPOS="710"/>
							<String ID="string_170" HPOS="725" VPOS="707" WIDTH="55" HEIGHT="21" WC="0.95" CONTENT="hvad"/><SP WIDTH="14" VPOS="707" HPOS="780"/>
							<String ID="string_171" HPOS="794" VPOS="707" WIDTH="7" HEIGHT="20" WC="0.93" CONTENT="i"/><SP WIDTH="15" VPOS="707" HPOS="801"/>
							<String ID="string_172" HPOS="816" VPOS="707" WIDTH="97" HEIGHT="21" WC="0.95" CONTENT="afseende"/>
						</TextLine>
						<TextLine ID="line_18" HPOS="92" VPOS="735" WIDTH="822" HEIGHT="28">
							<String ID="string_173" HPOS="92" VPOS="735" WIDTH="51" HEIGHT="20" WC="0.91" CONTENT="derä"/><SP WIDTH="23" VPOS="735" HPOS="143"/>
							<String ID="string_174" HPOS="166" VPOS="735" WIDTH="53" HEIGHT="21" WC="0.92" CONTENT="skall"/><SP WIDTH="22" VPOS="735" HPOS="219"/>
							<String ID="string_175" HPOS="241" VPOS="735" WIDTH="113" HEIGHT="28" WC="0.96" CONTENT="iakttagas;"/><SP WIDTH="19" VPOS="735" HPOS="354"/>
							<String ID="string_176" HPOS="373" VPOS="735" WIDTH="109" HEIGHT="22" WC="0.96" CONTENT="äfvensom"/><SP WIDTH="15" VPOS="735" HPOS="482"/>
							<String ID="string_177" HPOS="497" VPOS="736" WIDTH="48" HEIGHT="21" WC="0.96" CONTENT="nåd."/><SP WIDTH="16" VPOS="736" HPOS="545"/>
							<String ID="string_178" HPOS="561" VPOS="743" WIDTH="58" HEIGHT="20" WC="0.94" CONTENT="prop."/><SP WIDTH="18" VPOS="743" HPOS="619"/>
							<String ID="string_179" HPOS="637" VPOS="743" WIDTH="34" HEIGHT="14" WC="0.96" CONTENT="n:o"/><SP WIDTH="16" VPOS="743" HPOS="671"/>
							<String ID="string_180" HPOS="687" VPOS="736" WIDTH="27" HEIGHT="21" WC="0.95" CONTENT="37"/><SP WIDTH="16" VPOS="736" HPOS="714"/>
							<String ID="string_181" HPOS="730" VPOS="736" WIDTH="47" HEIGHT="21" WC="0.93" CONTENT="med"/><SP WIDTH="16" VPOS="736" HPOS="777"/>
							<String ID="string_182" HPOS="793" VPOS="735" WIDTH="121" HEIGHT="22" WC="0.94" CONTENT="alternativt"/>
						</TextLine>
						<TextLine ID="line_19" HPOS="91" VPOS="763" WIDTH="823" HEIGHT="28">
							<String ID="string_183" HPOS="91" VPOS="763" WIDTH="79" HEIGHT="26" WC="0.96" CONTENT="förslag"/><SP WIDTH="22" VPOS="763" HPOS="170"/>
							<String ID="string_184" HPOS="192" VPOS="763" WIDTH="31" HEIGHT="21" WC="0.93" CONTENT="till"/><SP WIDTH="22" VPOS="763" HPOS="223"/>
							<String ID="string_185" HPOS="245" VPOS="763" WIDTH="80" HEIGHT="28" WC="0.96" CONTENT="lydelse"/><SP WIDTH="19" VPOS="763" HPOS="325"/>
							<String ID="string_186" HPOS="344" VPOS="764" WIDTH="31" HEIGHT="21" WC="0.96" CONTENT="för"/><SP WIDTH="15" VPOS="764" HPOS="375"/>
							<String ID="string_187" HPOS="390" VPOS="764" WIDTH="105" HEIGHT="21" WC="0.96" CONTENT="särskilda"/><SP WIDTH="15" VPOS="764" HPOS="495"/>
							<String ID="string_188" HPOS="510" VPOS="764" WIDTH="24" HEIGHT="27" WC="0.64" CONTENT="$$"/><SP WIDTH="15" VPOS="764" HPOS="534"/>
							<String ID="string_189" HPOS="549" VPOS="765" WIDTH="6" HEIGHT="20" WC="0.96" CONTENT="i"/><SP WIDTH="17" VPOS="765" HPOS="555"/>
							<String ID="string_190" HPOS="572" VPOS="764" WIDTH="36" HEIGHT="21" WC="0.93" CONTENT="det"/><SP WIDTH="14" VPOS="764" HPOS="608"/>
							<String ID="string_191" HPOS="622" VPOS="764" WIDTH="114" HEIGHT="21" WC="0.93" CONTENT="ständerna"/><SP WIDTH="15" VPOS="764" HPOS="736"/>
							<String ID="string_192" HPOS="751" VPOS="763" WIDTH="107" HEIGHT="27" WC="0.92" CONTENT="förelagda"/><SP WIDTH="14" VPOS="763" HPOS="858"/>
							<String ID="string_193" HPOS="872" VPOS="763" WIDTH="42" HEIGHT="21" WC="0.93" CONTENT="för-"/>
						</TextLine>
						<TextLine ID="line_20" HPOS="92" VPOS="791" WIDTH="599" HEIGHT="28">
							<String ID="string_194" HPOS="92" VPOS="791" WIDTH="67" HEIGHT="27" WC="0.93" CONTENT="slaget"/><SP WIDTH="15" VPOS="791" HPOS="159"/>
							<String ID="string_195" HPOS="174" VPOS="791" WIDTH="32" HEIGHT="22" WC="0.93" CONTENT="till"/><SP WIDTH="15" VPOS="791" HPOS="206"/>
							<String ID="string_196" HPOS="221" VPOS="792" WIDTH="98" HEIGHT="27" WC="0.92" CONTENT="skogslag"/><SP WIDTH="14" VPOS="792" HPOS="319"/>
							<String ID="string_197" HPOS="333" VPOS="792" WIDTH="32" HEIGHT="21" WC="0.93" CONTENT="för"/><SP WIDTH="14" VPOS="792" HPOS="365"/>
							<String ID="string_198" HPOS="379" VPOS="792" WIDTH="201" HEIGHT="22" WC="0.92" CONTENT="storfurstendömet"/><SP WIDTH="15" VPOS="792" HPOS="580"/>
							<String ID="string_199" HPOS="595" VPOS="793" WIDTH="96" HEIGHT="20" WC="0.96" CONTENT="Finland."/>
						</TextLine>
					</TextBlock>
					<TextBlock ID="block_4" HPOS="92" VPOS="813" WIDTH="822" HEIGHT="113">
						<TextLine ID="line_21" HPOS="160" VPOS="813" WIDTH="753" HEIGHT="34">
							<String ID="string_200" HPOS="160" VPOS="813" WIDTH="18" HEIGHT="28" WC="0.95" CONTENT="ÄR"/><SP WIDTH="70" VPOS="813" HPOS="178"/>
							<String ID="string_201" HPOS="248" VPOS="827" WIDTH="18" HEIGHT="14" WC="0.88" CONTENT="o"/><SP WIDTH="24" VPOS="827" HPOS="266"/>
							<String ID="string_202" HPOS="290" VPOS="821" WIDTH="36" HEIGHT="21" WC="0.83" CONTENT="A:s"/><SP WIDTH="22" VPOS="821" HPOS="326"/>
							<String ID="string_203" HPOS="348" VPOS="823" WIDTH="79" HEIGHT="24" WC="0.91" CONTENT="vägnar"/><SP WIDTH="15" VPOS="823" HPOS="427"/>
							<String ID="string_204" HPOS="442" VPOS="821" WIDTH="90" HEIGHT="21" WC="0.92" CONTENT="tackade"/><SP WIDTH="16" VPOS="821" HPOS="532"/>
							<String ID="string_205" HPOS="548" VPOS="821" WIDTH="25" HEIGHT="21" WC="0.93" CONTENT="hr"/><SP WIDTH="15" VPOS="821" HPOS="573"/>
							<String ID="string_206" HPOS="588" VPOS="821" WIDTH="195" HEIGHT="21" WC="0.92" CONTENT="landtmarskalken"/><SP WIDTH="14" VPOS="821" HPOS="783"/>
							<String ID="string_207" HPOS="797" VPOS="820" WIDTH="32" HEIGHT="21" WC="0.96" CONTENT="för"/><SP WIDTH="15" VPOS="820" HPOS="829"/>
							<String ID="string_208" HPOS="844" VPOS="820" WIDTH="26" HEIGHT="21" WC="0.96" CONTENT="de"/><SP WIDTH="15" VPOS="820" HPOS="870"/>
							<String ID="string_209" HPOS="885" VPOS="826" WIDTH="28" HEIGHT="15" WC="0.96" CONTENT="nu"/>
						</TextLine>
						<TextLine ID="line_22" HPOS="93" VPOS="847" WIDTH="821" HEIGHT="29">
							<String ID="string_210" HPOS="93" VPOS="847" WIDTH="154" HEIGHT="23" WC="0.30" CONTENT="öfverlemnade"/><SP WIDTH="23" VPOS="847" HPOS="247"/>
							<String ID="string_211" HPOS="270" VPOS="849" WIDTH="47" HEIGHT="22" WC="0.89" CONTENT="nåd."/><SP WIDTH="21" VPOS="849" HPOS="317"/>
							<String ID="string_212" HPOS="338" VPOS="855" WIDTH="66" HEIGHT="21" WC="0.93" CONTENT="prop.,"/><SP WIDTH="17" VPOS="855" HPOS="404"/>
							<String ID="string_213" HPOS="421" VPOS="849" WIDTH="71" HEIGHT="22" WC="0.93" CONTENT="hvilka"/><SP WIDTH="24" VPOS="849" HPOS="492"/>
							<String ID="string_214" HPOS="516" VPOS="850" WIDTH="10" HEIGHT="21" WC="0.95" CONTENT="R"/><SP WIDTH="22" VPOS="850" HPOS="526"/>
							<String ID="string_215" HPOS="548" VPOS="855" WIDTH="12" HEIGHT="16" WC="0.93" CONTENT="o"/><SP WIDTH="24" VPOS="855" HPOS="560"/>
							<String ID="string_216" HPOS="584" VPOS="849" WIDTH="24" HEIGHT="22" WC="0.93" CONTENT="A."/><SP WIDTH="16" VPOS="849" HPOS="608"/>
							<String ID="string_217" HPOS="624" VPOS="849" WIDTH="69" HEIGHT="22" WC="0.93" CONTENT="skulle"/><SP WIDTH="15" VPOS="849" HPOS="693"/>
							<String ID="string_218" HPOS="708" VPOS="849" WIDTH="63" HEIGHT="27" WC="0.96" CONTENT="bjuda"/><SP WIDTH="15" VPOS="849" HPOS="771"/>
							<String ID="string_219" HPOS="786" VPOS="849" WIDTH="31" HEIGHT="21" WC="0.96" CONTENT="till"/><SP WIDTH="15" VPOS="849" HPOS="817"/>
							<String ID="string_220" HPOS="832" VPOS="850" WIDTH="32" HEIGHT="20" WC="0.96" CONTENT="att"/><SP WIDTH="16" VPOS="850" HPOS="864"/>
							<String ID="string_221" HPOS="880" VPOS="854" WIDTH="34" HEIGHT="16" WC="0.96" CONTENT="om"/>
						</TextLine>
						<TextLine ID="line_23" HPOS="92" VPOS="876" WIDTH="822" HEIGHT="28">
							<String ID="string_222" HPOS="92" VPOS="876" WIDTH="87" HEIGHT="27" WC="0.95" CONTENT="möjligt,"/><SP WIDTH="23" VPOS="876" HPOS="179"/>
							<String ID="string_223" HPOS="202" VPOS="879" WIDTH="56" HEIGHT="19" WC="0.96" CONTENT="ännu"/><SP WIDTH="22" VPOS="879" HPOS="258"/>
							<String ID="string_224" HPOS="280" VPOS="878" WIDTH="66" HEIGHT="21" WC="0.96" CONTENT="under"/><SP WIDTH="16" VPOS="878" HPOS="346"/>
							<String ID="string_225" HPOS="362" VPOS="878" WIDTH="40" HEIGHT="21" WC="0.96" CONTENT="den"/><SP WIDTH="15" VPOS="878" HPOS="402"/>
							<String ID="string_226" HPOS="417" VPOS="878" WIDTH="39" HEIGHT="26" WC="0.96" CONTENT="tid,"/><SP WIDTH="15" VPOS="878" HPOS="456"/>
							<String ID="string_227" HPOS="471" VPOS="884" WIDTH="46" HEIGHT="15" WC="0.93" CONTENT="som"/><SP WIDTH="15" VPOS="884" HPOS="517"/>
							<String ID="string_228" HPOS="532" VPOS="878" WIDTH="96" HEIGHT="22" WC="0.96" CONTENT="återstod"/><SP WIDTH="15" VPOS="878" HPOS="628"/>
							<String ID="string_229" HPOS="643" VPOS="878" WIDTH="22" HEIGHT="21" WC="0.93" CONTENT="af"/><SP WIDTH="14" VPOS="878" HPOS="665"/>
							<String ID="string_230" HPOS="679" VPOS="878" WIDTH="133" HEIGHT="26" WC="0.93" CONTENT="landtdagen,"/><SP WIDTH="16" VPOS="878" HPOS="812"/>
							<String ID="string_231" HPOS="828" VPOS="876" WIDTH="20" HEIGHT="22" WC="0.93" CONTENT="få"/><SP WIDTH="15" VPOS="876" HPOS="848"/>
							<String ID="string_232" HPOS="863" VPOS="876" WIDTH="51" HEIGHT="22" WC="0.91" CONTENT="slut-"/>
						</TextLine>
						<TextLine ID="line_24" HPOS="92" VPOS="904" WIDTH="139" HEIGHT="22">
							<String ID="string_233" HPOS="92" VPOS="904" WIDTH="139" HEIGHT="22" WC="0.92" CONTENT="behandlade."/>
						</TextLine>
					</TextBlock>
				</ComposedBlock>
				<ComposedBlock ID="cblock_4" HPOS="93" VPOS="989" WIDTH="828" HEIGHT="563">
					<TextBlock ID="block_5" HPOS="93" VPOS="989" WIDTH="821" HEIGHT="54">
						<TextLine ID="line_25" HPOS="162" VPOS="989" WIDTH="752" HEIGHT="28">
							<String ID="string_234" HPOS="162" VPOS="989" WIDTH="68" HEIGHT="21" WC="0.96" CONTENT="Sedan"/><SP WIDTH="20" VPOS="989" HPOS="230"/>
							<String ID="string_235" HPOS="250" VPOS="989" WIDTH="26" HEIGHT="22" WC="0.93" CONTENT="hr"/><SP WIDTH="15" VPOS="989" HPOS="276"/>
							<String ID="string_236" HPOS="291" VPOS="993" WIDTH="98" HEIGHT="19" WC="0.92" CONTENT="senatorn"/><SP WIDTH="16" VPOS="993" HPOS="389"/>
							<String ID="string_237" HPOS="405" VPOS="990" WIDTH="87" HEIGHT="27" WC="0.92" CONTENT="afträdt,"/><SP WIDTH="15" VPOS="990" HPOS="492"/>
							<String ID="string_238" HPOS="507" VPOS="991" WIDTH="110" HEIGHT="21" WC="0.93" CONTENT="fortsattes"/><SP WIDTH="16" VPOS="991" HPOS="617"/>
							<String ID="string_239" HPOS="633" VPOS="991" WIDTH="40" HEIGHT="21" WC="0.93" CONTENT="den"/><SP WIDTH="16" VPOS="991" HPOS="673"/>
							<String ID="string_240" HPOS="689" VPOS="990" WIDTH="98" HEIGHT="21" WC="0.92" CONTENT="afbrutna"/><SP WIDTH="15" VPOS="990" HPOS="787"/>
							<String ID="string_241" HPOS="802" VPOS="989" WIDTH="112" HEIGHT="22" WC="0.93" CONTENT="diskussio-"/>
						</TextLine>
						<TextLine ID="line_26" HPOS="93" VPOS="1017" WIDTH="120" HEIGHT="26">
							<String ID="string_242" HPOS="93" VPOS="1023" WIDTH="47" HEIGHT="20" WC="0.96" CONTENT="nen,"/><SP WIDTH="15" VPOS="1023" HPOS="140"/>
							<String ID="string_243" HPOS="155" VPOS="1017" WIDTH="7" HEIGHT="21" WC="0.96" CONTENT="i"/><SP WIDTH="16" VPOS="1017" HPOS="162"/>
							<String ID="string_244" HPOS="178" VPOS="1017" WIDTH="35" HEIGHT="22" WC="0.96" CONTENT="det"/>
						</TextLine>
					</TextBlock>
					<TextBlock ID="block_6" HPOS="93" VPOS="1045" WIDTH="825" HEIGHT="142">
						<TextLine ID="line_27" HPOS="162" VPOS="1045" WIDTH="754" HEIGHT="30">
							<String ID="string_245" HPOS="162" VPOS="1045" WIDTH="25" HEIGHT="21" WC="0.94" CONTENT="hr"/><SP WIDTH="22" VPOS="1045" HPOS="187"/>
							<String ID="string_246" HPOS="209" VPOS="1053" WIDTH="40" HEIGHT="14" WC="0.94" CONTENT="von"/><SP WIDTH="22" VPOS="1053" HPOS="249"/>
							<String ID="string_247" HPOS="271" VPOS="1047" WIDTH="102" HEIGHT="27" WC="0.93" CONTENT="Wright"/><SP WIDTH="22" VPOS="1047" HPOS="373"/>
							<String ID="string_248" HPOS="395" VPOS="1047" WIDTH="69" HEIGHT="22" WC="0.91" CONTENT="erhöll"/><SP WIDTH="18" VPOS="1047" HPOS="464"/>
							<String ID="string_249" HPOS="482" VPOS="1048" WIDTH="60" HEIGHT="21" WC="0.93" CONTENT="ordet"/><SP WIDTH="16" VPOS="1048" HPOS="542"/>
							<String ID="string_250" HPOS="558" VPOS="1047" WIDTH="39" HEIGHT="22" WC="0.93" CONTENT="och"/><SP WIDTH="15" VPOS="1047" HPOS="597"/>
							<String ID="string_251" HPOS="612" VPOS="1047" WIDTH="93" HEIGHT="28" WC="0.92" CONTENT="yttrade:"/><SP WIDTH="16" VPOS="1047" HPOS="705"/>
							<String ID="string_252" HPOS="721" VPOS="1047" WIDTH="33" HEIGHT="21" WC="0.87" CONTENT="Dä"/><SP WIDTH="15" VPOS="1047" HPOS="754"/>
							<String ID="string_253" HPOS="769" VPOS="1046" WIDTH="147" HEIGHT="22" WC="0.96" CONTENT="användandet"/>
						</TextLine>
						<TextLine ID="line_28" HPOS="93" VPOS="1073" WIDTH="824" HEIGHT="29">
							<String ID="string_254" HPOS="93" VPOS="1073" WIDTH="22" HEIGHT="21" WC="0.93" CONTENT="af"/><SP WIDTH="14" VPOS="1073" HPOS="115"/>
							<String ID="string_255" HPOS="129" VPOS="1073" WIDTH="153" HEIGHT="28" WC="0.61" CONTENT="decimilvägar"/><SP WIDTH="16" VPOS="1073" HPOS="282"/>
							<String ID="string_256" HPOS="298" VPOS="1075" WIDTH="39" HEIGHT="27" WC="0.92" CONTENT="dag"/><SP WIDTH="14" VPOS="1075" HPOS="337"/>
							<String ID="string_257" HPOS="351" VPOS="1075" WIDTH="46" HEIGHT="22" WC="0.96" CONTENT="från"/><SP WIDTH="17" VPOS="1075" HPOS="397"/>
							<String ID="string_258" HPOS="414" VPOS="1075" WIDTH="42" HEIGHT="27" WC="0.93" CONTENT="dag"/><SP WIDTH="15" VPOS="1075" HPOS="456"/>
							<String ID="string_259" HPOS="471" VPOS="1075" WIDTH="68" HEIGHT="22" WC="0.95" CONTENT="blifvit"/><SP WIDTH="15" VPOS="1075" HPOS="539"/>
							<String ID="string_260" HPOS="554" VPOS="1075" WIDTH="38" HEIGHT="22" WC="0.95" CONTENT="allt"/><SP WIDTH="15" VPOS="1075" HPOS="592"/>
							<String ID="string_261" HPOS="607" VPOS="1077" WIDTH="68" HEIGHT="20" WC="0.96" CONTENT="större"/><SP WIDTH="16" VPOS="1077" HPOS="675"/>
							<String ID="string_262" HPOS="691" VPOS="1075" WIDTH="39" HEIGHT="22" WC="0.96" CONTENT="och"/><SP WIDTH="13" VPOS="1075" HPOS="730"/>
							<String ID="string_263" HPOS="743" VPOS="1075" WIDTH="36" HEIGHT="26" WC="0.93" CONTENT="jag"/><SP WIDTH="14" VPOS="1075" HPOS="779"/>
							<String ID="string_264" HPOS="793" VPOS="1075" WIDTH="81" HEIGHT="20" WC="0.96" CONTENT="fruktar"/><SP WIDTH="10" VPOS="1075" HPOS="874"/>
							<String ID="string_265" HPOS="884" VPOS="1076" WIDTH="33" HEIGHT="19" WC="0.96" CONTENT="att"/>
						</TextLine>
						<TextLine ID="line_29" HPOS="93" VPOS="1102" WIDTH="824" HEIGHT="29">
							<String ID="string_266" HPOS="93" VPOS="1103" WIDTH="129" HEIGHT="25" WC="0.92" CONTENT="antagandet"/><SP WIDTH="22" VPOS="1103" HPOS="222"/>
							<String ID="string_267" HPOS="244" VPOS="1103" WIDTH="22" HEIGHT="21" WC="0.96" CONTENT="af"/><SP WIDTH="20" VPOS="1103" HPOS="266"/>
							<String ID="string_268" HPOS="286" VPOS="1106" WIDTH="31" HEIGHT="19" WC="0.93" CONTENT="ett"/><SP WIDTH="18" VPOS="1106" HPOS="317"/>
							<String ID="string_269" HPOS="335" VPOS="1104" WIDTH="76" HEIGHT="21" WC="0.92" CONTENT="sädant"/><SP WIDTH="15" VPOS="1104" HPOS="411"/>
							<String ID="string_270" HPOS="426" VPOS="1105" WIDTH="123" HEIGHT="26" WC="0.91" CONTENT="stadgande,"/><SP WIDTH="17" VPOS="1105" HPOS="549"/>
							<String ID="string_271" HPOS="566" VPOS="1111" WIDTH="45" HEIGHT="14" WC="0.96" CONTENT="som"/><SP WIDTH="16" VPOS="1111" HPOS="611"/>
							<String ID="string_272" HPOS="627" VPOS="1104" WIDTH="35" HEIGHT="21" WC="0.96" CONTENT="det"/><SP WIDTH="15" VPOS="1104" HPOS="662"/>
							<String ID="string_273" HPOS="677" VPOS="1110" WIDTH="28" HEIGHT="15" WC="0.96" CONTENT="nu"/><SP WIDTH="15" VPOS="1110" HPOS="705"/>
							<String ID="string_274" HPOS="720" VPOS="1104" WIDTH="67" HEIGHT="21" WC="0.93" CONTENT="under"/><SP WIDTH="15" VPOS="1104" HPOS="787"/>
							<String ID="string_275" HPOS="802" VPOS="1102" WIDTH="115" HEIGHT="27" WC="0.92" CONTENT="öfverlägg-"/>
						</TextLine>
						<TextLine ID="line_30" HPOS="93" VPOS="1129" WIDTH="825" HEIGHT="30">
							<String ID="string_276" HPOS="93" VPOS="1129" WIDTH="50" HEIGHT="28" WC="0.93" CONTENT="ning"/><SP WIDTH="15" VPOS="1129" HPOS="143"/>
							<String ID="string_277" HPOS="158" VPOS="1131" WIDTH="98" HEIGHT="26" WC="0.96" CONTENT="varande,"/><SP WIDTH="16" VPOS="1131" HPOS="256"/>
							<String ID="string_278" HPOS="272" VPOS="1132" WIDTH="67" HEIGHT="21" WC="0.96" CONTENT="skulle"/><SP WIDTH="14" VPOS="1132" HPOS="339"/>
							<String ID="string_279" HPOS="353" VPOS="1133" WIDTH="88" HEIGHT="20" WC="0.96" CONTENT="komma"/><SP WIDTH="15" VPOS="1133" HPOS="441"/>
							<String ID="string_280" HPOS="456" VPOS="1135" WIDTH="31" HEIGHT="19" WC="0.93" CONTENT="att"/><SP WIDTH="15" VPOS="1135" HPOS="487"/>
							<String ID="string_281" HPOS="502" VPOS="1133" WIDTH="106" HEIGHT="26" WC="0.91" CONTENT="kringgäs,"/><SP WIDTH="16" VPOS="1133" HPOS="608"/>
							<String ID="string_282" HPOS="624" VPOS="1133" WIDTH="23" HEIGHT="20" WC="0.96" CONTENT="sä"/><SP WIDTH="15" VPOS="1133" HPOS="647"/>
							<String ID="string_283" HPOS="662" VPOS="1132" WIDTH="38" HEIGHT="21" WC="0.97" CONTENT="ber"/><SP WIDTH="12" VPOS="1132" HPOS="700"/>
							<String ID="string_284" HPOS="712" VPOS="1133" WIDTH="36" HEIGHT="26" WC="0.96" CONTENT="jag"/><SP WIDTH="15" VPOS="1133" HPOS="748"/>
							<String ID="string_285" HPOS="763" VPOS="1133" WIDTH="32" HEIGHT="20" WC="0.93" CONTENT="att"/><SP WIDTH="14" VPOS="1133" HPOS="795"/>
							<String ID="string_286" HPOS="809" VPOS="1131" WIDTH="21" HEIGHT="21" WC="0.96" CONTENT="få"/><SP WIDTH="14" VPOS="1131" HPOS="830"/>
							<String ID="string_287" HPOS="844" VPOS="1132" WIDTH="74" HEIGHT="20" WC="0.96" CONTENT="förena"/>
						</TextLine>
						<TextLine ID="line_31" HPOS="93" VPOS="1158" WIDTH="340" HEIGHT="29">
							<String ID="string_288" HPOS="93" VPOS="1158" WIDTH="42" HEIGHT="27" WC="0.96" CONTENT="mig"/><SP WIDTH="16" VPOS="1158" HPOS="135"/>
							<String ID="string_289" HPOS="151" VPOS="1165" WIDTH="34" HEIGHT="15" WC="0.96" CONTENT="om"/><SP WIDTH="16" VPOS="1165" HPOS="185"/>
							<String ID="string_290" HPOS="201" VPOS="1159" WIDTH="25" HEIGHT="21" WC="0.95" CONTENT="hr"/><SP WIDTH="15" VPOS="1159" HPOS="226"/>
							<String ID="string_291" HPOS="241" VPOS="1159" WIDTH="91" HEIGHT="22" WC="0.96" CONTENT="Schildts"/><SP WIDTH="15" VPOS="1159" HPOS="332"/>
							<String ID="string_292" HPOS="347" VPOS="1160" WIDTH="86" HEIGHT="27" WC="0.96" CONTENT="förslag."/>
						</TextLine>
					</TextBlock>
					<TextBlock ID="block_7" HPOS="93" VPOS="1187" WIDTH="825" HEIGHT="57">
						<TextLine ID="line_32" HPOS="162" VPOS="1187" WIDTH="756" HEIGHT="29">
							<String ID="string_293" HPOS="162" VPOS="1187" WIDTH="10" HEIGHT="21" WC="0.96" CONTENT="I"/><SP WIDTH="15" VPOS="1187" HPOS="172"/>
							<String ID="string_294" HPOS="187" VPOS="1187" WIDTH="112" HEIGHT="27" WC="0.96" CONTENT="anledning"/><SP WIDTH="15" VPOS="1187" HPOS="299"/>
							<String ID="string_295" HPOS="314" VPOS="1189" WIDTH="21" HEIGHT="20" WC="0.96" CONTENT="af"/><SP WIDTH="13" VPOS="1189" HPOS="335"/>
							<String ID="string_296" HPOS="348" VPOS="1189" WIDTH="36" HEIGHT="20" WC="0.93" CONTENT="det"/><SP WIDTH="11" VPOS="1189" HPOS="384"/>
							<String ID="string_297" HPOS="395" VPOS="1189" WIDTH="89" HEIGHT="21" WC="0.96" CONTENT="sålunda"/><SP WIDTH="10" VPOS="1189" HPOS="484"/>
							<String ID="string_298" HPOS="494" VPOS="1189" WIDTH="75" HEIGHT="27" WC="0.96" CONTENT="gjorda"/><SP WIDTH="9" VPOS="1189" HPOS="569"/>
							<String ID="string_299" HPOS="578" VPOS="1189" WIDTH="105" HEIGHT="27" WC="0.93" CONTENT="yrkandet"/><SP WIDTH="10" VPOS="1189" HPOS="683"/>
							<String ID="string_300" HPOS="693" VPOS="1188" WIDTH="110" HEIGHT="27" WC="0.92" CONTENT="uppstälde"/><SP WIDTH="11" VPOS="1188" HPOS="803"/>
							<String ID="string_301" HPOS="814" VPOS="1187" WIDTH="25" HEIGHT="21" WC="0.93" CONTENT="hr"/><SP WIDTH="10" VPOS="1187" HPOS="839"/>
							<String ID="string_302" HPOS="849" VPOS="1187" WIDTH="69" HEIGHT="21" WC="0.52" CONTENT="landt-"/>
						</TextLine>
						<TextLine ID="line_33" HPOS="93" VPOS="1215" WIDTH="477" HEIGHT="29">
							<String ID="string_303" HPOS="93" VPOS="1215" WIDTH="134" HEIGHT="22" WC="0.92" CONTENT="marskalken"/><SP WIDTH="17" VPOS="1215" HPOS="227"/>
							<String ID="string_304" HPOS="244" VPOS="1223" WIDTH="25" HEIGHT="14" WC="0.96" CONTENT="en"/><SP WIDTH="15" VPOS="1223" HPOS="269"/>
							<String ID="string_305" HPOS="284" VPOS="1217" WIDTH="24" HEIGHT="21" WC="0.93" CONTENT="sä"/><SP WIDTH="14" VPOS="1217" HPOS="308"/>
							<String ID="string_306" HPOS="322" VPOS="1217" WIDTH="91" HEIGHT="26" WC="0.92" CONTENT="lydande"/><SP WIDTH="16" VPOS="1217" HPOS="413"/>
							<String ID="string_307" HPOS="429" VPOS="1217" WIDTH="141" HEIGHT="27" WC="0.96" CONTENT="proposition:"/>
						</TextLine>
					</TextBlock>
					<TextBlock ID="block_8" HPOS="93" VPOS="1243" WIDTH="826" HEIGHT="55">
						<TextLine ID="line_34" HPOS="162" VPOS="1243" WIDTH="757" HEIGHT="30">
							<String ID="string_308" HPOS="162" VPOS="1244" WIDTH="46" HEIGHT="21" WC="0.96" CONTENT="Den"/><SP WIDTH="22" VPOS="1244" HPOS="208"/>
							<String ID="string_309" HPOS="230" VPOS="1251" WIDTH="46" HEIGHT="15" WC="0.96" CONTENT="som"/><SP WIDTH="22" VPOS="1251" HPOS="276"/>
							<String ID="string_310" HPOS="298" VPOS="1245" WIDTH="124" HEIGHT="26" WC="0.93" CONTENT="godkänner"/><SP WIDTH="17" VPOS="1245" HPOS="422"/>
							<String ID="string_311" HPOS="439" VPOS="1246" WIDTH="116" HEIGHT="21" WC="0.93" CONTENT="utskottets"/><SP WIDTH="15" VPOS="1246" HPOS="555"/>
							<String ID="string_312" HPOS="570" VPOS="1245" WIDTH="78" HEIGHT="27" WC="0.93" CONTENT="förslag"/><SP WIDTH="15" VPOS="1245" HPOS="648"/>
							<String ID="string_313" HPOS="663" VPOS="1245" WIDTH="31" HEIGHT="22" WC="0.92" CONTENT="uti"/><SP WIDTH="16" VPOS="1245" HPOS="694"/>
							<String ID="string_314" HPOS="710" VPOS="1245" WIDTH="13" HEIGHT="28" WC="0.92" CONTENT="&amp;"/><SP WIDTH="16" VPOS="1245" HPOS="723"/>
							<String ID="string_315" HPOS="739" VPOS="1246" WIDTH="24" HEIGHT="20" WC="0.93" CONTENT="21"/><SP WIDTH="18" VPOS="1246" HPOS="763"/>
							<String ID="string_316" HPOS="781" VPOS="1243" WIDTH="138" HEIGHT="23" WC="0.92" CONTENT="oförändradt"/>
						</TextLine>
						<TextLine ID="line_35" HPOS="93" VPOS="1272" WIDTH="116" HEIGHT="26">
							<String ID="string_317" HPOS="93" VPOS="1273" WIDTH="73" HEIGHT="20" WC="0.93" CONTENT="röstar"/><SP WIDTH="12" VPOS="1273" HPOS="166"/>
							<String ID="string_318" HPOS="178" VPOS="1272" WIDTH="31" HEIGHT="26" WC="0.96" CONTENT="ja;"/>
						</TextLine>
					</TextBlock>
					<TextBlock ID="block_9" HPOS="95" VPOS="1300" WIDTH="823" HEIGHT="57">
						<TextLine ID="line_36" HPOS="162" VPOS="1300" WIDTH="756" HEIGHT="29">
							<String ID="string_319" HPOS="162" VPOS="1300" WIDTH="72" HEIGHT="22" WC="0.93" CONTENT="vinner"/><SP WIDTH="15" VPOS="1300" HPOS="234"/>
							<String ID="string_320" HPOS="249" VPOS="1301" WIDTH="40" HEIGHT="26" WC="0.93" CONTENT="nej,"/><SP WIDTH="20" VPOS="1301" HPOS="289"/>
							<String ID="string_321" HPOS="309" VPOS="1304" WIDTH="88" HEIGHT="24" WC="0.92" CONTENT="antages"/><SP WIDTH="16" VPOS="1304" HPOS="397"/>
							<String ID="string_322" HPOS="413" VPOS="1302" WIDTH="26" HEIGHT="21" WC="0.96" CONTENT="hr"/><SP WIDTH="15" VPOS="1302" HPOS="439"/>
							<String ID="string_323" HPOS="454" VPOS="1302" WIDTH="92" HEIGHT="22" WC="0.96" CONTENT="Schildts"/><SP WIDTH="15" VPOS="1302" HPOS="546"/>
							<String ID="string_324" HPOS="561" VPOS="1302" WIDTH="84" HEIGHT="27" WC="0.96" CONTENT="förslag,"/><SP WIDTH="17" VPOS="1302" HPOS="645"/>
							<String ID="string_325" HPOS="662" VPOS="1305" WIDTH="32" HEIGHT="18" WC="0.93" CONTENT="att"/><SP WIDTH="14" VPOS="1305" HPOS="694"/>
							<String ID="string_326" HPOS="708" VPOS="1301" WIDTH="121" HEIGHT="22" WC="0.93" CONTENT="bärkraften"/><SP WIDTH="15" VPOS="1301" HPOS="829"/>
							<String ID="string_327" HPOS="844" VPOS="1300" WIDTH="34" HEIGHT="21" WC="0.96" CONTENT="för"/><SP WIDTH="14" VPOS="1300" HPOS="878"/>
							<String ID="string_328" HPOS="892" VPOS="1306" WIDTH="26" HEIGHT="15" WC="0.96" CONTENT="en"/>
						</TextLine>
						<TextLine ID="line_37" HPOS="95" VPOS="1328" WIDTH="592" HEIGHT="29">
							<String ID="string_329" HPOS="95" VPOS="1328" WIDTH="128" HEIGHT="27" WC="0.91" CONTENT="decimalväg"/><SP WIDTH="15" VPOS="1328" HPOS="223"/>
							<String ID="string_330" HPOS="238" VPOS="1329" WIDTH="66" HEIGHT="22" WC="0.93" CONTENT="borde"/><SP WIDTH="14" VPOS="1329" HPOS="304"/>
							<String ID="string_331" HPOS="318" VPOS="1331" WIDTH="71" HEIGHT="25" WC="0.90" CONTENT="uppgä"/><SP WIDTH="15" VPOS="1331" HPOS="389"/>
							<String ID="string_332" HPOS="404" VPOS="1330" WIDTH="32" HEIGHT="21" WC="0.96" CONTENT="till"/><SP WIDTH="16" VPOS="1330" HPOS="436"/>
							<String ID="string_333" HPOS="452" VPOS="1331" WIDTH="64" HEIGHT="20" WC="0.96" CONTENT="minst"/><SP WIDTH="15" VPOS="1331" HPOS="516"/>
							<String ID="string_334" HPOS="531" VPOS="1331" WIDTH="27" HEIGHT="20" WC="0.93" CONTENT="50"/><SP WIDTH="15" VPOS="1331" HPOS="558"/>
							<String ID="string_335" HPOS="573" VPOS="1331" WIDTH="114" HEIGHT="26" WC="0.93" CONTENT="kilogram;"/>
						</TextLine>
					</TextBlock>
					<TextBlock ID="block_10" HPOS="94" VPOS="1357" WIDTH="827" HEIGHT="195">
						<TextLine ID="line_38" HPOS="163" VPOS="1357" WIDTH="756" HEIGHT="27">
							<String ID="string_336" HPOS="163" VPOS="1357" WIDTH="83" HEIGHT="21" WC="0.92" CONTENT="hvilken"/><SP WIDTH="16" VPOS="1357" HPOS="246"/>
							<String ID="string_337" HPOS="262" VPOS="1358" WIDTH="131" HEIGHT="26" WC="0.96" CONTENT="proposition"/><SP WIDTH="16" VPOS="1358" HPOS="393"/>
							<String ID="string_338" HPOS="409" VPOS="1359" WIDTH="23" HEIGHT="20" WC="0.96" CONTENT="af"/><SP WIDTH="13" VPOS="1359" HPOS="432"/>
							<String ID="string_339" HPOS="445" VPOS="1359" WIDTH="24" HEIGHT="21" WC="0.96" CONTENT="R."/><SP WIDTH="17" VPOS="1359" HPOS="469"/>
							<String ID="string_340" HPOS="486" VPOS="1365" WIDTH="18" HEIGHT="14" WC="0.95" CONTENT="o."/><SP WIDTH="18" VPOS="1365" HPOS="504"/>
							<String ID="string_341" HPOS="522" VPOS="1359" WIDTH="24" HEIGHT="21" WC="0.93" CONTENT="A."/><SP WIDTH="16" VPOS="1359" HPOS="546"/>
							<String ID="string_342" HPOS="562" VPOS="1359" WIDTH="126" HEIGHT="21" WC="0.92" CONTENT="besvarades"/><SP WIDTH="17" VPOS="1359" HPOS="688"/>
							<String ID="string_343" HPOS="705" VPOS="1359" WIDTH="48" HEIGHT="21" WC="0.93" CONTENT="med"/><SP WIDTH="13" VPOS="1359" HPOS="753"/>
							<String ID="string_344" HPOS="766" VPOS="1357" WIDTH="153" HEIGHT="26" WC="0.92" CONTENT="öfvervägande"/>
						</TextLine>
						<TextLine ID="line_39" HPOS="94" VPOS="1384" WIDTH="706" HEIGHT="29">
							<String ID="string_345" HPOS="94" VPOS="1384" WIDTH="41" HEIGHT="26" WC="0.96" CONTENT="nej,"/><SP WIDTH="16" VPOS="1384" HPOS="135"/>
							<String ID="string_346" HPOS="151" VPOS="1384" WIDTH="39" HEIGHT="21" WC="0.96" CONTENT="och"/><SP WIDTH="15" VPOS="1384" HPOS="190"/>
							<String ID="string_347" HPOS="205" VPOS="1385" WIDTH="55" HEIGHT="22" WC="0.93" CONTENT="hade"/><SP WIDTH="15" VPOS="1385" HPOS="260"/>
							<String ID="string_348" HPOS="275" VPOS="1386" WIDTH="85" HEIGHT="21" WC="0.93" CONTENT="ständet"/><SP WIDTH="15" VPOS="1386" HPOS="360"/>
							<String ID="string_349" HPOS="375" VPOS="1386" WIDTH="84" HEIGHT="22" WC="0.93" CONTENT="säledes"/><SP WIDTH="15" VPOS="1386" HPOS="459"/>
							<String ID="string_350" HPOS="474" VPOS="1387" WIDTH="82" HEIGHT="26" WC="0.93" CONTENT="antagit"/><SP WIDTH="14" VPOS="1387" HPOS="556"/>
							<String ID="string_351" HPOS="570" VPOS="1387" WIDTH="26" HEIGHT="21" WC="0.96" CONTENT="hr"/><SP WIDTH="15" VPOS="1387" HPOS="596"/>
							<String ID="string_352" HPOS="611" VPOS="1387" WIDTH="92" HEIGHT="22" WC="0.96" CONTENT="Schildts"/><SP WIDTH="14" VPOS="1387" HPOS="703"/>
							<String ID="string_353" HPOS="717" VPOS="1386" WIDTH="83" HEIGHT="27" WC="0.96" CONTENT="förslag."/>
						</TextLine>
						<TextLine ID="line_40" HPOS="110" VPOS="1413" WIDTH="811" HEIGHT="30">
							<String ID="string_354" HPOS="110" VPOS="1439" WIDTH="4" HEIGHT="4" WC="0.28" CONTENT="="/><SP WIDTH="49" VPOS="1439" HPOS="114"/>
							<String ID="string_355" HPOS="163" VPOS="1413" WIDTH="32" HEIGHT="20" WC="0.48" CONTENT="De"/><SP WIDTH="15" VPOS="1413" HPOS="195"/>
							<String ID="string_356" HPOS="210" VPOS="1414" WIDTH="134" HEIGHT="21" WC="0.96" CONTENT="återstående"/><SP WIDTH="15" VPOS="1414" HPOS="344"/>
							<String ID="string_357" HPOS="359" VPOS="1414" WIDTH="25" HEIGHT="28" WC="0.82" CONTENT="$$"/><SP WIDTH="16" VPOS="1414" HPOS="384"/>
							<String ID="string_358" HPOS="400" VPOS="1415" WIDTH="27" HEIGHT="21" WC="0.96" CONTENT="22"/><SP WIDTH="16" VPOS="1415" HPOS="427"/>
							<String ID="string_359" HPOS="443" VPOS="1415" WIDTH="32" HEIGHT="21" WC="0.96" CONTENT="till"/><SP WIDTH="16" VPOS="1415" HPOS="475"/>
							<String ID="string_360" HPOS="491" VPOS="1415" WIDTH="26" HEIGHT="22" WC="0.96" CONTENT="35"/><SP WIDTH="17" VPOS="1415" HPOS="517"/>
							<String ID="string_361" HPOS="534" VPOS="1417" WIDTH="54" HEIGHT="19" WC="0.96" CONTENT="samt"/><SP WIDTH="16" VPOS="1417" HPOS="588"/>
							<String ID="string_362" HPOS="604" VPOS="1415" WIDTH="39" HEIGHT="22" WC="0.96" CONTENT="den"/><SP WIDTH="14" VPOS="1415" HPOS="643"/>
							<String ID="string_363" HPOS="657" VPOS="1415" WIDTH="22" HEIGHT="22" WC="0.93" CONTENT="af"/><SP WIDTH="8" VPOS="1415" HPOS="679"/>
							<String ID="string_364" HPOS="687" VPOS="1415" WIDTH="105" HEIGHT="21" WC="0.96" CONTENT="utskottet"/><SP WIDTH="10" VPOS="1415" HPOS="792"/>
							<String ID="string_365" HPOS="802" VPOS="1413" WIDTH="119" HEIGHT="27" WC="0.96" CONTENT="uppgjorda"/>
						</TextLine>
						<TextLine ID="line_41" HPOS="94" VPOS="1439" WIDTH="802" HEIGHT="34">
							<String ID="string_366" HPOS="94" VPOS="1439" WIDTH="83" HEIGHT="27" WC="0.93" CONTENT="bilagan"/><SP WIDTH="17" VPOS="1439" HPOS="177"/>
							<String ID="string_367" HPOS="194" VPOS="1441" WIDTH="31" HEIGHT="21" WC="0.93" CONTENT="till"/><SP WIDTH="16" VPOS="1441" HPOS="225"/>
							<String ID="string_368" HPOS="241" VPOS="1441" WIDTH="238" HEIGHT="29" WC="0.90" CONTENT="författningsförslaget"/><SP WIDTH="15" VPOS="1441" HPOS="479"/>
							<String ID="string_369" HPOS="494" VPOS="1443" WIDTH="88" HEIGHT="27" WC="0.92" CONTENT="gillades"/><SP WIDTH="15" VPOS="1443" HPOS="582"/>
							<String ID="string_370" HPOS="597" VPOS="1446" WIDTH="51" HEIGHT="18" WC="0.96" CONTENT="utan"/><SP WIDTH="16" VPOS="1446" HPOS="648"/>
							<String ID="string_371" HPOS="664" VPOS="1443" WIDTH="94" HEIGHT="26" WC="0.96" CONTENT="ändring."/><SP WIDTH="134" VPOS="1443" HPOS="758"/>
							<String ID="string_372" HPOS="892" VPOS="1468" WIDTH="4" HEIGHT="5" WC="0.81" CONTENT="N"/>
						</TextLine>
						<TextLine ID="line_42" HPOS="163" VPOS="1468" WIDTH="758" HEIGHT="30">
							<String ID="string_373" HPOS="163" VPOS="1469" WIDTH="73" HEIGHT="27" WC="0.91" CONTENT="Härpä"/><SP WIDTH="24" VPOS="1469" HPOS="236"/>
							<String ID="string_374" HPOS="260" VPOS="1470" WIDTH="105" HEIGHT="27" WC="0.85" CONTENT="öfvergick"/><SP WIDTH="18" VPOS="1470" HPOS="365"/>
							<String ID="string_375" HPOS="383" VPOS="1471" WIDTH="26" HEIGHT="21" WC="0.96" CONTENT="R."/><SP WIDTH="17" VPOS="1471" HPOS="409"/>
							<String ID="string_376" HPOS="426" VPOS="1478" WIDTH="18" HEIGHT="14" WC="0.95" CONTENT="o."/><SP WIDTH="17" VPOS="1478" HPOS="444"/>
							<String ID="string_377" HPOS="461" VPOS="1472" WIDTH="25" HEIGHT="20" WC="0.96" CONTENT="A."/><SP WIDTH="16" VPOS="1472" HPOS="486"/>
							<String ID="string_378" HPOS="502" VPOS="1471" WIDTH="32" HEIGHT="21" WC="0.96" CONTENT="till"/><SP WIDTH="16" VPOS="1471" HPOS="534"/>
							<String ID="string_379" HPOS="550" VPOS="1471" WIDTH="128" HEIGHT="27" WC="0.96" CONTENT="behandling"/><SP WIDTH="15" VPOS="1471" HPOS="678"/>
							<String ID="string_380" HPOS="693" VPOS="1471" WIDTH="22" HEIGHT="21" WC="0.93" CONTENT="af"/><SP WIDTH="13" VPOS="1471" HPOS="715"/>
							<String ID="string_381" HPOS="728" VPOS="1470" WIDTH="100" HEIGHT="26" WC="0.96" CONTENT="förslaget"/><SP WIDTH="15" VPOS="1470" HPOS="828"/>
							<String ID="string_382" HPOS="843" VPOS="1468" WIDTH="32" HEIGHT="22" WC="0.93" CONTENT="till"/><SP WIDTH="16" VPOS="1468" HPOS="875"/>
							<String ID="string_383" HPOS="891" VPOS="1475" WIDTH="30" HEIGHT="15" WC="0.93" CONTENT="in-"/>
						</TextLine>
						<TextLine ID="line_43" HPOS="106" VPOS="1496" WIDTH="815" HEIGHT="30">
							<String ID="string_384" HPOS="106" VPOS="1496" WIDTH="96" HEIGHT="22" WC="0.91" CONTENT="truktion"/><SP WIDTH="16" VPOS="1496" HPOS="202"/>
							<String ID="string_385" HPOS="218" VPOS="1496" WIDTH="33" HEIGHT="22" WC="0.91" CONTENT="för"/><SP WIDTH="12" VPOS="1496" HPOS="251"/>
							<String ID="string_386" HPOS="263" VPOS="1498" WIDTH="198" HEIGHT="28" WC="0.91" CONTENT="justeringsverket,"/><SP WIDTH="16" VPOS="1498" HPOS="461"/>
							<String ID="string_387" HPOS="477" VPOS="1500" WIDTH="39" HEIGHT="21" WC="0.96" CONTENT="och"/><SP WIDTH="16" VPOS="1500" HPOS="516"/>
							<String ID="string_388" HPOS="532" VPOS="1500" WIDTH="111" HEIGHT="26" WC="0.93" CONTENT="godkände"/><SP WIDTH="16" VPOS="1500" HPOS="643"/>
							<String ID="string_389" HPOS="659" VPOS="1499" WIDTH="139" HEIGHT="22" WC="0.96" CONTENT="oförändrade"/><SP WIDTH="15" VPOS="1499" HPOS="798"/>
							<String ID="string_390" HPOS="813" VPOS="1498" WIDTH="27" HEIGHT="26" WC="0.71" CONTENT="$$"/><SP WIDTH="12" VPOS="1498" HPOS="840"/>
							<String ID="string_391" HPOS="852" VPOS="1498" WIDTH="69" HEIGHT="20" WC="0.92" CONTENT="1—15"/>
						</TextLine>
						<TextLine ID="line_44" HPOS="142" VPOS="1524" WIDTH="153" HEIGHT="28">
							<String ID="string_392" HPOS="142" VPOS="1525" WIDTH="52" HEIGHT="27" WC="0.77" CONTENT="agde"/><SP WIDTH="16" VPOS="1525" HPOS="194"/>
							<String ID="string_393" HPOS="210" VPOS="1524" WIDTH="85" HEIGHT="28" WC="0.96" CONTENT="förslag."/>
						</TextLine>
					</TextBlock>
				</ComposedBlock>
			</PrintSpace>
		</Page>
	</Layout>
</alto>
