1120 1770
236 138 42 21 464
508 137 17 20 R.
536 142 16 15 o.
565 137 16 20 A.
593 137 47 20 1885.
663 138 21 19 20
697 137 48 20 Mars.

204 211 47 16 -nen
266 205 35 21 vid
316 205 112 27 uppnådda
444 207 25 20 21
485 206 32 26 år,
526 205 55 22 efter
595 207 33 20 att
642 206 68 21 under
725 206 13 21 5
754 206 88 21 veckors
857 206 31 21 tid
904 206 54 21 varit
968 206 68 22 beröf-

206 234 58 21 -vade
286 234 94 21 lärarens
402 234 90 27 ledning,
515 234 100 27 hängifva
630 234 32 27 sig
684 235 23 21 åt
722 234 128 27 njutningar,
867 234 97 22 stötande
980 237 56 19 emot

209 262 69 21 moral
300 262 40 21 och
361 262 109 27 sedlighet,
493 263 23 21 så
540 269 63 15 anser
622 262 36 27 jag
676 262 43 27 mig
734 269 51 15 vara
799 262 48 21 fullt
863 262 125 27 berättigad,
1004 264 32 20 att

209 290 98 27 påbörda
329 290 58 22 detta
408 290 116 28 bedröfliga
547 290 132 22 förhållande
698 290 96 22 lärarens
817 290 143 28 olämplighet.
990 291 46 21 Har

210 318 122 27 werkeligen
354 318 26 22 de
401 319 7 21 i
422 319 83 21 landets
520 319 108 27 tidningar
642 319 125 21 förekomna
783 319 181 27 beskrifningarna
978 319 58 21 öfver

211 346 137 22 kasärnlifvet
370 347 131 27 gvarlemnat
523 348 127 26 exempelvis
669 348 39 21 hos
723 348 26 20 hr
763 348 124 26 Rosengren
903 350 31 19 ett
948 348 88 26 sorgligt

211 375 90 27 intryck,
324 376 24 21 sä
369 376 111 21 förundrar
503 376 36 21 det
561 376 42 26 mig
626 376 111 27 högeligen
753 378 32 19 att
800 376 68 21 denne
883 376 18 27 ej
917 376 68 21 funnit
1000 376 36 21 det

210 410 54 14 vara
278 405 27 19 än
320 410 58 15 mera
392 404 94 27 sorgligt,
502 406 33 20 att
550 404 61 22 desse
626 404 121 27 ynglingars
762 404 69 21 lärare
847 404 18 27 ej
882 404 45 22 haft
935 404 100 27 förmäga,

210 431 38 27 jag
270 432 36 21 vill
328 432 17 26 ej
368 434 78 25 antaga
469 432 54 27 vilja,
544 434 33 20 att
591 432 33 21 för
639 438 25 15 en
680 432 31 21 tid
727 432 23 21 af
762 432 41 21 fem
820 433 77 21 veckor
912 433 70 20 kunna
996 432 39 21 hos

213 460 61 21 desse
288 460 110 27 ynglingar
412 460 89 22 rotfästa
516 460 94 28 begrepp
626 466 34 15 om
675 460 107 27 sedlighet
796 461 39 21 och
851 461 112 21 moralitet.
994 461 42 21 Det

212 488 113 22 förundrar
346 489 42 26 mig
410 489 71 21 vidare
505 491 32 19 att
552 489 26 21 hr
592 489 129 27 Rosengren,
737 489 84 21 hvilken
837 491 32 19 att
884 489 62 22 döma
961 488 22 22 af
996 489 40 21 den

214 516 22 22 af
257 517 76 21 honom
357 517 118 22 inlemnade
489 517 124 27 petitionen,
629 524 62 21 synes
707 517 51 27 vilja
772 517 40 22 ifra
827 517 32 22 för
874 524 37 15 ren
927 517 75 26 lefnad,
1018 517 17 27 ej

213 545 107 22 utsträckt
329 545 37 22 sitt
376 545 31 21 nit
417 545 32 22 för
462 546 40 21 den
513 546 55 26 goda
576 546 65 21 saken
652 552 37 15 ens
700 547 24 20 sä
734 546 65 26 längt,
811 548 32 19 att
853 546 41 21 han
906 547 27 26 pä
941 547 96 20 närmare

213 573 45 22 häll
273 573 49 22 sökt
336 573 62 22 vinna
413 574 126 21 bekräftelse
549 575 28 26 pä
587 574 26 21 de
624 574 130 27 graverande
769 574 164 27 anmärkningar
942 574 41 21 han
994 576 44 19 mot

214 602 28 21 de
264 601 79 27 sedliga
364 602 159 22 förhällandena
545 602 57 21 inom
625 603 41 20 den
682 603 153 26 värnepligtiga
849 602 69 22 finska
933 602 105 22 militären

215 629 43 22 läst
276 630 7 21 i
300 630 82 22 landets
396 630 111 27 tidningar.
537 631 41 26 Jag
593 631 127 21 ätminstone
742 631 69 21 skulle
826 631 18 26 ej
861 631 61 21 hafva
937 631 44 26 nöjt
996 630 42 27 mig

216 658 96 27 härmed,
327 658 33 22 väl
376 659 88 21 vetande
479 661 32 19 att
525 659 85 28 mycket
625 659 87 21 skrifves
729 659 6 21 i
751 660 50 21 vära
817 659 71 26 dagar,
900 659 79 27 hvarpä
990 665 48 15 man

217 687 18 26 ej
259 693 62 15 anser
344 687 35 21 det
401 687 49 22 löna
466 687 75 22 mödan
557 689 32 20 att
605 693 68 16 svara.
703 688 33 21 Då
751 694 29 15 nu
795 687 64 21 likväl
875 687 163 22 medlemmarne

215 715 9 21 i
239 715 106 22 allmänna
360 715 196 27 besvärsutskottet,
573 716 120 27 antagligen
708 716 125 27 grundande
848 715 31 27 sig
894 717 27 25 på
937 721 57 16 mera
1009 715 30 21 öf-

216 744 129 26 vertygande
360 743 46 22 skäl
420 746 27 19 än
463 744 125 27 exempelvis
603 744 26 21 hr
643 744 130 27 Rosengren,
789 746 70 19 ansett
874 744 31 27 sig
919 744 53 21 böra
986 743 53 22 före-

215 771 33 22 slå
270 772 100 25 åtgärder
392 772 31 21 till
446 773 103 20 vinnande
565 772 22 22 af
603 773 70 21 battre
688 773 77 26 sedligt
780 772 24 21 lif
817 773 57 20 inom
890 772 110 25 militären,
1015 773 24 20 så

216 799 35 22 vill
268 799 61 22 äfven
341 800 37 27 jag
393 802 39 25 tro,
448 803 32 19 att
496 801 34 20 vid
545 807 109 16 reservens
670 801 161 26 öfningsmöten,
847 801 69 21 såsom
927 800 112 21 förhållan-

216 828 38 21 det
276 830 24 19 är
322 828 39 21 och
377 829 54 21 varit
446 829 35 21 vid
495 829 159 27 folksamlingar
669 829 6 20 i
690 829 122 26 allmänhet,
829 829 35 21 fall
881 829 97 21 stötande
993 829 46 20 sed-

216 856 94 27 ligheten
332 857 140 25 förekommit,
495 857 26 22 de
537 858 37 21 der
589 858 81 21 kunnat
684 858 109 26 undvikas,
809 857 88 22 såframt
912 856 127 27 religionslä-

216 890 64 16 raren
294 885 81 27 lyckats
391 885 7 20 i
412 886 38 20 sitt
464 886 23 21 åt
502 885 78 21 honom
593 886 138 21 anförtrodda
741 886 49 25 kall,
802 892 47 14 men
861 887 32 19 att
904 885 61 21 häraf
974 885 65 26 draga

216 912 43 22 den
274 912 114 22 slutsatsen
403 916 32 18 att
450 914 61 21 dessa
525 914 103 21 undvikas
642 920 76 20 genom
733 914 119 21 åhörandet
867 914 22 20 af
897 914 12 20 5
921 912 119 28 prediknin-

216 946 40 21 gar
278 947 58 15 mera
358 941 67 21 under
448 942 52 26 året,
523 942 62 21 torde
607 942 54 21 dock
683 948 51 15 vara
756 942 65 21 minst
838 942 62 26 sagdt
915 941 123 21 förhastadt.

216 969 35 21 Då
273 969 134 27 Kopernikus
423 971 64 26 ansåg
502 970 31 27 sig
548 970 63 22 hafva
625 970 68 21 funnit
708 970 68 21 andra
791 970 58 21 bevis
863 970 33 20 för
911 969 129 21 himlahvalf-

216 999 48 19 vets
279 998 120 27 kretsgång,
415 1000 27 20 än
458 998 25 22 de
499 999 26 21 då
540 998 104 27 gällande,
660 999 24 20 så
699 998 103 22 framlade
817 998 41 21 han
875 998 60 21 dessa
950 997 32 21 för
995 998 45 20 sina

215 1025 100 27 samtida,
337 1026 113 22 fruktande
472 1026 32 22 för
525 1027 93 27 kyrkans
641 1026 62 27 bann,
727 1027 75 21 endast
817 1027 70 21 såsom
903 1028 31 19 ett
949 1027 48 25 sätt,
1012 1026 28 26 på

216 1053 83 22 hvilket
321 1054 35 22 det
378 1054 145 22 beståndande
548 1055 61 21 äfven
624 1055 70 21 kunde
710 1054 109 22 förklaras.
851 1055 40 26 Jag
905 1054 71 21 kunde
991 1056 49 24 taga

217 1082 61 21 detta
297 1084 43 20 sätt
354 1082 33 22 för
401 1085 33 19 att
450 1083 97 27 möjligen
562 1083 132 23 annorlunda
709 1083 94 21 förklara
817 1083 72 25 saken,
905 1088 48 15 men
968 1082 73 21 behöf-

216 1116 39 15 ver
277 1110 37 22 det
335 1111 18 27 ej
377 1118 39 18 nu;
436 1112 38 26 jag
495 1112 41 21 kan
558 1111 51 27 följa
633 1118 80 15 samma
731 1111 73 21 metod
819 1117 46 15 som
879 1111 26 20 hr
920 1110 121 26 Rosengren

216 1138 58 26 gjort
296 1139 39 21 och
357 1140 70 26 stödja
449 1140 42 26 mig
512 1141 27 25 på
562 1140 55 21 hvad
639 1139 135 27 tidningarna
797 1138 87 27 skrifvit,
904 1138 39 22 och
960 1138 81 22 hvilket

216 1166 98 22 skrifveri
335 1167 46 22 icke
404 1168 67 21 blifvit
493 1168 123 26 vederlagdt
638 1168 52 21 eller
712 1168 40 21 och
770 1174 82 15 samma
871 1166 168 27 bevisningssätt,

215 1200 48 16 som
286 1195 26 21 hr
333 1196 95 26 Avellan,
450 1196 28 22 dä
495 1196 42 22 han
555 1198 68 25 säger,
638 1198 42 20 att:
698 1190 18 39 ,,
712 1196 84 27 Rykten
811 1195 23 22 af
848 1196 69 20 denna
932 1197 33 19 art
980 1194 62 22 hafva

215 1222 68 22 delvis
305 1224 68 21 funnit
396 1226 39 25 väg
457 1224 59 22 äfven
539 1224 32 21 till
595 1224 165 27 offentligheten,
776 1225 52 20 utan
844 1226 31 18 att
891 1224 64 25 något
970 1222 72 22 försök

215 1250 34 21 till
265 1251 62 22 deras
337 1252 166 27 vederläggande
514 1252 123 27 försports".
656 1253 56 26 Eget
722 1258 42 20 nog
774 1253 33 20 att
817 1251 105 22 hvardera
932 1251 111 26 petitionä-

215 1285 65 15 rerna
302 1279 105 28 begagnat
428 1281 107 26 uttrycket
557 1297 8 9 ,
571 1281 145 26 vederlägga".
748 1281 40 26 Jag
810 1279 55 22 skall
887 1279 61 22 äfven
968 1279 75 21 endast

215 1306 60 22 hålla
297 1308 42 26 mig
361 1308 32 21 till
416 1309 80 27 rykten,
521 1315 62 18 ,man
601 1311 74 24 säger"
692 1309 39 21 och
748 1325 4 8 ,
753 1309 44 24 det
813 1308 39 21 har
867 1307 105 21 skrifvits*
988 1308 55 20 samt

215 1334 45 22 kan
282 1335 82 25 således
383 1342 109 16 reservera
506 1337 43 26 mig
571 1336 32 22 för
619 1336 55 22 hvad
689 1343 46 15 som
751 1336 42 22 kan
808 1342 52 15 vara
875 1337 53 19 sant.
958 1335 85 27 Rykten

215 1362 65 32 hafva
296 1364 117 22 emellertid
428 1364 84 27 funnits,
528 1365 68 21 likaså
610 1364 191 27 tidningsartiklar,
817 1364 36 21 det
867 1366 25 19 är
902 1363 78 21 säkert.
1005 1363 39 21 Att

216 1396 21 16 vi
260 1392 24 21 så
306 1392 44 22 ofta
372 1392 96 23 bevittna
485 1393 68 27 råhet,
570 1393 118 27 osedlighet
703 1393 39 21 och
758 1392 109 22 bristande
883 1391 107 22 moralitet
1004 1391 39 21 hos

216 1420 48 21 vårt
287 1420 49 27 folk,
360 1420 72 22 kunde
454 1422 23 26 ju
499 1421 61 22 äfven
583 1422 33 20 till
632 1428 25 14 en
673 1421 34 21 del
722 1420 58 22 finna
795 1421 32 21 sin
842 1419 116 27 förklaring
974 1418 70 23 deruti

214 1448 36 21 att
273 1449 26 21 de
321 1455 108 21 personer,
453 1449 71 22 hvilka
539 1450 37 21 det
591 1449 129 22 tillkommer
734 1451 34 19 att
782 1449 8 21 i
805 1449 59 21 detta
879 1448 98 21 afseende
992 1454 52 25 upp-

215 1474 69 24 fostra
306 1477 73 26 folket,
402 1478 18 26 ej
437 1478 60 21 alltid
511 1480 38 20 äro
566 1478 69 22 denna
649 1477 83 27 uppgift
746 1483 75 20 vuxna,
838 1478 32 20 att
885 1482 27 15 en
927 1481 118 21 genomgri-

215 1504 72 26 pande
302 1505 78 21 reform
395 1506 98 28 möjligen
509 1506 64 22 bland
589 1506 96 22 lärarene
699 1512 52 15 vore
766 1505 23 22 af
801 1504 70 22 nöden
886 1504 33 22 för
929 1503 115 27 afbjelpan-

215 1532 38 22 det
269 1532 21 22 af
305 1533 35 22 det
356 1534 62 22 onda.
