1120 1753
381 135 16 19 R.
409 140 14 14 0.
436 136 16 18 A.
465 136 45 19 1885.
527 130 12 34 —
548 136 10 18 6
571 135 45 19 Febr.
835 133 41 21 201

83 204 59 22 öfver
157 203 64 22 målet
236 204 33 21 till
284 203 81 22 förmån
379 204 33 22 för
427 205 67 21 andra
507 204 134 22 kommunalt
652 204 83 27 nyttiga
745 203 89 26 företag,
845 202 62 21 hvar-

83 233 34 21 till
138 232 140 28 besparingen
300 232 51 22 eller
372 232 148 28 behällningen
543 233 23 21 af
584 232 71 28 dylika
670 232 63 27 bolag
748 232 89 23 lemnas;
858 235 48 16 men

84 262 37 22 det
135 263 24 19 är
174 261 38 21 allt
227 261 79 21 sådana
321 261 67 27 saker,
403 268 45 15 som
464 262 40 21 lätt
519 262 73 21 kunna
606 262 130 26 korrigeras;
760 258 147 23 hufvudsaken

85 293 24 19 är
125 290 59 26 dock,
200 292 32 19 att
247 290 61 21 äfven
323 290 61 21 dessa
398 290 63 27 bolag
475 290 63 22 hafva
552 292 93 19 uträttat
660 290 81 27 ganska
755 288 84 28 mycket
849 287 57 27 godt.

85 319 46 21 Allt
153 319 59 21 detta
233 318 83 22 bevisar
335 319 53 21 dock
403 321 32 19 att
449 319 73 27 mängt
538 319 39 21 och
593 318 84 28 mycket
692 318 39 22 har
745 317 71 22 blifvit
830 316 78 28 gjordt,

86 353 48 15 men
150 349 31 19 att
196 347 81 27 ganska
290 348 84 25 mycket
388 350 56 19 ännu
458 348 42 21 kan
516 348 40 21 och
571 348 40 20 bör
626 350 68 24 göras,
717 353 49 14 men
781 346 44 21 lika
840 346 69 20 varmt

87 382 45 15 som
152 376 36 27 jag
209 375 37 21 vill
264 375 85 22 förorda
370 376 71 27 hvarje
463 376 75 27 medel,
561 382 46 15 som
623 376 42 21 kan
680 381 76 21 genom
772 374 78 21 allmän
864 373 44 21 väl-

87 405 107 26 görenhet,
210 404 184 22 menniskokärlek
409 405 38 21 och
463 405 81 27 sedliga
558 405 69 21 medel
642 404 129 25 framkallas,
787 404 55 19 samt
852 403 57 20 inom

87 433 170 27 lagstiftningens
279 433 56 21 olika
356 439 81 21 grenar,
461 433 39 22 och
516 440 45 15 som
577 433 55 21 dock
647 432 153 22 samverkande
814 431 28 27 pä
857 430 53 21 indi-

86 462 49 21 rekt
149 464 40 24 väg
204 461 72 22 kunna
290 462 28 21 nä
331 468 80 15 samma
425 463 48 25 mä!,
493 463 44 20 lika
552 462 47 21 litet
614 462 41 21 kan
669 461 37 27 jag
720 461 33 21 för
768 460 43 21 min
827 459 33 22 del
874 461 34 18 tro

87 493 33 19 att
142 491 35 20 det
195 496 29 15 nu
239 490 143 27 föreliggande
399 491 97 21 absoluta
511 491 79 21 medlet
606 491 53 20 skall
675 491 71 20 kunna
761 491 107 19 motsvara
884 487 26 21 de

87 519 125 26 fordringar,
236 525 44 15 som
303 525 49 15 man
373 521 74 20 väntar
470 520 32 26 sig
524 519 64 22 deraf.
624 519 152 26 Ytterligheter
798 516 113 21 framkalla

87 548 113 26 vanligtvis
222 548 152 26 ytterligheter,
397 548 38 21 och
451 555 26 14 en
493 549 41 26 lag,
554 554 45 14 som
616 550 23 18 är
654 547 72 21 alltför
741 545 91 26 absolut,
848 545 63 20 fram-

88 576 69 21 kallar
178 576 36 21 det
236 578 101 19 motsatta
360 576 22 21 af
401 576 56 22 hvad
479 577 40 21 den
535 576 84 27 äsyftat.
650 575 187 27 Förbrytelsernas
852 572 59 22 antal

88 605 42 21 blir
152 610 86 16 snarare
256 607 68 19 större
339 607 26 19 än
380 606 87 21 mindre.
480 606 30 26 ja,
526 606 166 26 petitionärerne
708 604 34 21 mä
757 602 89 22 ursäkta
860 602 50 26 mig,

89 640 34 15 om
144 633 36 27 jag
202 634 80 21 tillåter
304 634 42 26 mig
368 634 38 21 här
427 634 69 21 uttala
518 634 41 21 den
578 636 40 24 tro,
642 635 32 19 att
688 634 7 20 i
711 632 102 22 händelse
828 631 42 21 alla
885 630 26 21 de

89 662 93 22 tusental
196 668 106 21 personer,
325 662 70 22 hvilka
410 662 39 22 här
463 662 155 22 undertecknat
632 662 149 26 petitionerna,
802 660 67 21 skulle
884 658 28 22 nä

90 691 37 20 sitt
149 691 48 26 mäl,
220 691 24 20 sä
266 690 95 22 betviflar
380 692 42 26 jag,
446 692 104 20 huruvida
573 697 26 14 en
618 690 155 27 öfvervägande
788 690 88 25 procent
891 687 23 21 af

91 719 62 21 dessa
174 719 138 26 petitionärer
334 719 67 22 skulle
422 726 51 15 vara
488 720 94 26 mägtiga
597 721 32 19 att
645 719 56 21 hålla
715 719 56 20 hvad
787 717 27 21 de
829 716 80 21 önskat.

90 747 40 27 Jag
153 750 45 19 tror
221 748 25 21 de
262 748 69 21 kunde
346 750 51 25 göra
411 749 47 20 skäl
473 748 32 21 för
521 749 40 20 den
576 750 71 19 satsen
663 749 32 20 att
711 747 83 25 ,anden
810 747 23 19 är
847 745 65 26 villig,

90 783 48 14 men
160 777 70 20 köttet
245 778 23 19 är
287 778 79 25 svagt*.
397 777 41 21 Det
453 779 24 19 är
492 777 44 21 ofta
551 777 68 20 under
634 776 145 21 hänförelsens
795 773 117 28 ögonblick,

92 805 27 21 dä
141 811 37 15 ens
193 805 62 21 bästa
270 805 85 21 känslor
373 805 127 25 framkallas,
524 812 45 15 som
585 811 49 15 man
649 807 45 19 tror
709 805 32 26 sig
756 805 73 20 kunna
843 802 71 21 utföra

91 834 76 27 många
189 834 55 26 goda
266 834 50 27 ting,
339 840 47 15 men
410 835 27 20 dä
456 835 141 20 entusiasmen
613 834 46 27 gått
675 833 58 21 öfver
748 832 40 22 och
804 837 48 15 man
868 831 46 20 åter

92 863 94 20 inträder
200 863 8 20 i
222 862 70 21 lifvets
314 863 83 26 vanliga
418 863 153 25 förhällanden,
594 863 24 20 sä
633 864 68 19 mötes
716 868 49 15 man
781 860 23 21 af
817 861 98 20 stöteste-

91 897 45 19 nar,
159 897 45 15 som
226 891 63 21 ställa
311 891 74 21 hinder
399 891 7 21 i
420 893 68 26 vägen
510 891 33 21 för
557 891 143 26 fullgörandet
715 890 23 21 af
751 895 38 16 ens
804 888 111 21 vackraste

93 919 39 22 och
147 919 82 21 ädlaste
248 919 93 27 afsigter.
371 920 40 27 Jag
426 923 45 18 tror
487 920 69 21 derför
572 919 32 22 för
620 920 42 20 min
679 919 33 21 del
728 921 32 19 att
775 923 49 16 man
840 917 76 21 endast

93 954 75 21 genom
184 948 80 27 sedliga
279 948 67 21 medel
361 948 40 21 kan
413 949 27 21 nä
451 949 35 21 det
496 949 48 25 mål,
556 948 85 21 hvartill
651 948 167 27 petitionärerne
829 945 86 23 sträfva,

93 983 75 20 genom
191 977 177 26 folkbildningens
389 977 90 27 höjande
502 977 39 22 och
563 977 133 21 utbredande
718 977 28 26 pä
761 981 27 16 en
805 974 37 21 allt
858 979 58 16 mera

92 1005 118 21 vidsträckt
229 1005 43 26 bas,
296 1012 74 20 genom
385 1006 120 21 inrättande
520 1005 22 22 af
555 1005 50 22 flere
620 1005 123 25 folkskolor,
767 1001 150 24 folkbibliotek

93 1034 40 20 och
156 1033 73 27 dylikt,
252 1040 75 19 genom
350 1034 123 21 förädlande
488 1034 63 27 nöjen
566 1034 40 21 och
622 1034 133 20 förströelser
770 1033 30 25 på
814 1031 40 21 fria
869 1031 47 20 från

94 1061 72 22 arbete
189 1062 93 21 varande
296 1062 61 26 tider,
381 1062 107 22 äfvensom
503 1069 76 20 genom
595 1063 41 20 den
651 1062 85 21 bildade
751 1061 97 21 klassens
863 1059 55 20 före-

94 1090 66 21 döme.
177 1096 75 21 genom
269 1092 31 19 ctt
313 1091 86 26 upplyst
413 1091 146 27 presterskaps
574 1091 108 20 föredöme
697 1090 39 21 och
751 1087 116 28 inflytande
878 1086 39 22 och

93 1125 75 20 genom
184 1119 126 26 religionens
324 1119 101 22 inverkan
441 1122 55 19 samt
511 1125 75 21 genom
601 1119 40 21 fria
656 1119 132 26 föreningar;
806 1129 20 3 —
848 1117 36 20 det
894 1117 24 19 är

94 1147 61 21 dessa
176 1147 76 26 medel,
274 1153 45 15 som
341 1148 53 21 böra
416 1149 64 21 verka
495 1148 88 27 kraftigt
598 1148 45 27 och,
667 1153 34 16 om
716 1153 49 15 man
781 1146 48 21 icke
844 1145 74 26 genast

93 1175 40 22 når
155 1176 71 24 målet,
249 1176 23 21 så
287 1176 37 27 går
339 1177 36 20 det
389 1177 34 21 väl
439 1177 137 26 småningom.
607 1176 68 21 Äfven
690 1176 67 21 måste
774 1176 32 19 ett
821 1172 97 27 stigande

93 1204 98 21 välstånd
214 1205 39 20 och
276 1205 85 21 dermed
382 1205 88 22 förenad
492 1205 94 27 bildning
606 1205 87 21 inverka
707 1204 28 27 på
751 1202 168 28 dryckenskaps-

93 1233 79 21 lastens
188 1232 135 27 afskaffande,
339 1236 23 24 ty
377 1235 111 26 vanligtvis
504 1236 23 19 är
542 1234 36 21 det
594 1233 87 26 hunger,
696 1233 43 21 nöd
754 1232 42 21 och
811 1231 53 20 brist
879 1229 40 22 och

95 1261 71 27 dylika
188 1262 93 26 orsaker,
306 1268 44 15 som
373 1263 62 26 lägga
457 1263 94 26 grunden
571 1262 32 21 till
618 1262 99 26 superiet.
748 1261 52 21 Men
815 1259 62 21 äfven
891 1258 29 27 på

93 1290 171 27 lagstiftningens
279 1292 40 25 väg
334 1291 61 21 torde
409 1291 83 27 mycket
508 1293 56 19 ännu
578 1291 72 20 kunna
665 1292 68 25 göras.
750 1289 70 22 ehuru
834 1287 47 22 icke
896 1286 24 21 så

94 1319 87 21 alldeles
204 1319 75 21 direkt.
311 1319 48 21 Men
382 1320 36 21 det
441 1322 24 19 är
486 1320 76 27 många
583 1319 150 26 författningar
753 1317 42 22 och
811 1316 109 25 ordnings-

93 1347 77 26 reglor,
186 1347 72 21 hvilka
272 1347 28 27 på
314 1347 57 22 olika
386 1348 243 27 lagstiftningsområden
644 1347 72 21 kunna
731 1347 55 20 hvar
800 1345 8 21 i
823 1345 32 20 sin
870 1349 50 16 mon

94 1376 111 21 samverka
227 1375 39 22 och
289 1376 47 26 leda
357 1377 34 20 till
413 1383 80 15 samma
508 1377 46 21 mål
584 1376 42 27 Jag
640 1376 68 21 skulle
723 1375 74 22 derför
812 1373 107 21 vördsam-

94 1405 56 19 mast
172 1404 54 26 våga
245 1404 39 20 här
299 1405 75 20 endast
388 1405 84 27 påpeka
486 1405 66 27 några
566 1404 147 21 förhållanden
728 1404 7 20 i
750 1401 169 28 lagstiftningen,

94 1432 70 22 såsom
179 1432 101 26 förtjenta
296 1435 31 19 att
341 1434 204 26 uppmärksammas:
562 1433 69 21 såsom
646 1435 15 19 t.
677 1439 30 15 ex.
719 1432 36 21 det
766 1428 156 28 obligatoriska

95 1463 32 19 att
150 1460 112 22 bränvinet
276 1461 54 21 skall
345 1462 113 21 innehafva
473 1469 25 15 en
513 1462 42 21 viss
571 1462 78 26 styrka.
680 1461 41 27 Jag
735 1461 41 20 har
793 1459 45 21 ofta
852 1458 70 26 frågat

95 1489 133 27 sakkunniga
249 1496 101 19 personer
367 1490 40 21 och
420 1490 37 27 jag
471 1491 39 20 har
524 1490 46 21 icke
584 1490 82 27 lyckats
681 1489 22 21 få
717 1494 73 16 annan
805 1486 117 26 förklaring

95 1519 27 30 än
137 1519 33 19 att
185 1517 36 22 det
236 1520 24 19 är
275 1518 33 21 för
323 1520 32 19 att
370 1519 130 22 kontrollera
515 1525 65 15 varan
595 1520 55 19 samt
660 1517 123 22 motarbeta
794 1510 128 37 lurendreje-

94 1548 47 24 riet,
164 1552 48 15 men
235 1547 36 21 det
292 1547 73 26 tyckes
380 1547 44 28 mig
439 1550 32 19 att
485 1548 7 20 i
507 1547 47 21 vårt
568 1547 56 26 land,
641 1547 37 21 der
693 1547 34 20 vin
742 1545 51 22 icke
808 1543 59 22 odlas
882 1542 41 22 och
