1123 1767
373 116 16 19 R.
402 121 15 14 o.
430 116 15 18 A.
458 116 46 19 1885.
528 116 21 18 20
563 116 47 18 Mars.
839 118 40 20 479

77 186 47 22 icke
146 185 69 21 blifvit
237 185 47 21 fullt
306 185 77 27 gillade
406 184 23 22 af
450 185 68 21 denne
534 184 97 22 medlem.
663 184 85 22 Tvenne
763 185 68 21 talare
847 185 61 22 hafva

78 216 48 25 sagt
148 216 32 19 att
199 214 6 20 i
221 213 72 27 hvarje
307 214 162 21 landskommun
485 213 62 21 alltid
561 212 68 22 finnes
645 219 26 15 en
687 213 74 27 kyrka,
777 212 85 23 hvarest
877 220 32 14 re-

77 242 127 22 servisterne
219 242 72 21 kunna
306 242 65 21 åhöra
387 242 157 26 predikningar,
560 241 40 22 och
613 241 37 27 jag
665 241 36 21 vill
717 241 87 27 tillägga
819 243 32 20 att
861 242 47 28 kyr-

77 271 42 22 kan
142 270 45 22 ofta
209 276 42 20 nog
273 270 18 26 ej
311 272 23 19 är
349 270 92 26 aflägsen
456 269 47 22 från
519 269 158 27 mötesplatsen.
709 270 38 20 Ett
763 272 65 19 annat
843 271 66 21 motiv

77 302 25 19 är
116 301 33 19 att
164 305 49 15 man
223 298 46 22 icke
279 300 45 20 tror
334 300 32 20 att
375 298 78 22 folkets
463 298 93 26 ungdom
568 298 26 27 på
605 298 46 27 fyra
661 298 106 26 söndagar
776 298 71 22 kunde
857 305 52 15 vara

78 329 51 20 utan
152 327 109 27 predikan.
290 326 37 22 Uti
349 327 125 21 kommuner
497 327 38 21 der
558 327 28 27 2/;
609 326 21 22 af
651 326 149 27 befolkningen
823 326 38 22 har
877 329 32 19 ett

77 355 110 27 tungomål
210 355 39 21 och
271 356 28 26 2/,
322 357 31 19 ett
368 357 71 24 annat,
455 355 39 21 har
510 356 47 20 vårt
571 354 136 22 nitälskande
722 355 135 27 presterskap
873 362 35 14 an-

78 386 42 20 sett
136 386 32 19 att
183 390 49 15 man
247 384 52 21 hvar
313 384 67 26 tredje
396 384 81 26 söndag
492 383 54 21 skall
561 382 63 22 hafva
640 383 102 27 predikan
758 384 27 26 pä
802 383 36 22 det
851 383 58 22 förra

77 412 138 27 tungomälet.
247 412 64 21 Detta
333 412 40 21 kan
396 412 81 21 kanske
492 412 47 21 icke
554 412 57 26 gälla
626 411 33 21 för
674 411 52 21 hvar
741 412 39 21 och
797 418 25 15 en
838 413 70 21 säsom

77 441 49 21 fullt
147 440 72 27 motiv,
242 447 48 14 men
313 442 24 19 är
355 440 52 21 dock
424 442 31 19 ett
470 440 82 21 sädant.
584 439 63 22 Hvad
663 439 130 22 vidkommer
808 440 99 21 fördubb-

77 469 74 21 landet
172 469 22 21 af
215 469 61 21 lönen
299 468 32 21 för
353 470 110 25 presterne
486 468 34 21 vid
536 468 58 21 aktiv
610 468 101 27 bataljon,
728 469 23 20 sä
767 468 61 21 hafva
843 468 65 22 ocksä

78 497 70 22 derför
170 498 66 25 några
258 497 89 21 motiver
365 496 68 22 blifvit
447 497 143 26 framdragna,
606 503 49 14 men
671 498 32 19 ett
717 497 70 21 kunde
803 499 56 19 ännu
874 496 33 22 til-

78 525 79 27 läggas,
180 528 33 19 att
235 525 66 21 ehuru
323 525 50 21 flere
396 525 63 21 ärade
480 525 68 21 talare
564 525 103 27 uppträdt
681 525 72 21 hvilka
768 526 33 21 stä
816 526 23 21 sä
855 527 52 19 nära

78 554 113 25 militären,
215 555 23 20 sä
260 553 39 22 har
319 553 61 28 ingen
396 553 23 22 af
433 553 48 22 dem
497 553 39 22 här
551 553 62 28 yrkat
628 554 27 26 pä
671 555 32 19 att
719 553 104 22 militären
839 553 68 22 skulle

78 582 21 21 fä
115 583 25 21 de
156 582 105 21 förmäner
276 582 6 21 i
297 581 121 28 presterligt
433 582 120 21 hänseende
569 588 46 15 som
631 581 105 22 utskottet
751 582 113 27 föreslagit.

147 611 57 20 Frih.
217 610 170 27 Gripenberg:
400 610 114 21 Gentemot
524 610 26 21 hr
560 610 103 27 Ramsays
673 610 98 27 yttrande
782 606 32 35 ber
825 611 33 26 jag
875 611 32 20 att

77 638 22 22 få
113 639 112 22 frambälla
240 642 31 18 att
283 639 37 26 jag
335 639 45 21 icke
395 639 41 20 kan
451 638 75 27 frångå
542 639 48 20 mitt
605 638 67 21 första
687 639 115 26 påstående
818 641 31 18 att
865 637 42 23 sifi-

77 673 65 16 rorna
162 668 27 26 pä
211 667 60 22 sidan
294 669 13 19 4
323 667 108 27 ingenting
446 667 78 25 bevisa,
541 667 27 21 dä
584 667 26 21 de
625 667 46 21 helt
686 667 72 21 enkelt
773 669 36 19 äro
825 667 82 21 vilsele-

78 696 74 21 dande.
183 697 34 20 De
231 695 102 27 ätergifva
349 697 26 25 pä
389 695 54 21 intet
458 697 44 20 sätt
517 695 264 27 sedlighetsförhällandet,
796 695 27 22 dä
835 696 71 21 säsom

76 725 36 26 jag
135 725 54 21 hade
213 727 51 18 äran
286 724 117 23 framhälla,
427 730 26 15 en
476 724 35 21 hel
531 723 77 27 mängd
624 723 137 27 förbrytelser
775 723 54 22 intet
845 723 61 22 hafva

78 755 130 24 gemensamt
231 753 46 20 med
301 752 150 27 osedligheten.
482 752 62 21 Hvad
568 752 35 21 det
625 751 108 26 beträffar;
757 754 32 19 att
808 752 37 27 jag
859 752 47 21 icke

78 781 68 22 skulle
165 781 63 21 hafva
243 781 69 26 dragit
327 781 6 20 i
349 781 58 21 bevis
423 782 32 19 att
471 781 36 21 det
522 780 62 21 bästa
599 780 132 21 korrektivet
746 781 67 21 skulle
829 781 56 26 ligga
899 780 8 21 i

78 809 102 27 höjandet
202 809 21 21 af
241 809 156 21 underbefälets
414 809 125 25 lönevilkor,
555 809 24 21 sä
594 809 67 26 ansäg
673 809 37 26 jag
725 809 36 21 det
776 815 51 15 vara
841 809 65 21 allde-

78 837 31 22 les
131 837 109 27 naturligt,
263 840 32 19 att
318 844 25 15 en
367 837 146 26 underofficer,
536 843 45 15 som
604 837 40 21 bor
663 837 137 22 tillsammans
816 837 47 22 med
880 837 27 20 12

78 872 56 20 man,
150 865 54 22 skall
221 866 70 21 kunna
306 865 130 22 kontrollera
452 866 48 21 dem
516 865 71 22 bättre
603 867 25 19 än
646 871 25 16 en
687 865 112 27 predikant
813 871 45 16 som
868 865 39 21 har

79 896 32 19 att
132 896 52 24 göra
207 894 48 21 med
270 895 42 20 500
328 901 53 14 man.
413 894 115 21 Dessutom
544 896 35 19 vet
594 894 81 21 enhvar
690 895 37 25 att,
746 894 3 20 i
765 894 100 21 händelse
881 899 27 16 en

78 922 114 27 predikant
213 922 68 21 skulle
303 924 112 19 utnämnas
438 923 34 20 vid
495 922 74 27 hvarje
592 922 101 27 bataljon,
709 922 119 27 gudstjenst
846 922 6 21 i
868 921 40 22 och

79 951 48 21 med
150 951 117 21 detsamma
289 950 68 22 skulle
381 951 68 21 mästa
471 951 80 21 införas
575 951 149 26 obligatoriskt
743 951 34 20 vid
792 953 117 24 trupperna

80 979 38 22 och
135 981 32 19 att
182 979 20 21 vi
218 979 27 21 dä
260 979 67 21 skulle
342 979 85 21 komma
442 979 33 21 till
491 979 74 26 frägan
582 985 33 15 om
631 979 138 26 kyrkotväng.
797 978 112 22 Huruvida

78 1007 134 27 kyrkotväng
234 1008 41 20 kan
299 1007 85 22 komma
407 1008 6 20 i
436 1007 60 27 fräga
520 1007 38 22 och
577 1007 104 21 huruvida
697 1007 35 21 det
747 1007 81 21 medför
843 1007 66 26 nägra

79 1035 112 27 förmäner,
216 1036 35 20 vill
271 1036 36 27 jag
330 1036 69 21 lemna
417 1036 86 21 derhän.
535 1036 41 26 Jag
591 1038 46 19 tror
652 1037 32 19 att
700 1035 35 21 det
751 1035 74 22 endast
841 1035 67 22 finnes

79 1070 26 15 en
128 1064 55 21 enda
204 1064 65 21 tanke
292 1064 82 21 derom:
400 1064 39 21 den
463 1066 32 19 att
512 1065 35 20 det
563 1065 67 20 mäste
646 1063 128 27 fullkomligt
790 1064 117 27 bannlysas.

78 1093 34 20 Då
135 1099 48 14 man
206 1093 107 20 dessutom
329 1093 87 26 känner,
433 1094 32 19 att
480 1093 148 26 fordringarne
644 1093 28 26 pä
687 1092 127 27 soldaterne,
830 1091 79 22 befälet

80 1120 39 22 och
142 1121 145 21 underbefälet
309 1121 24 21 är
352 1120 46 22 från
413 1121 25 21 är
453 1121 62 27 stiga,
532 1123 24 19 är
572 1121 36 21 det
624 1121 64 21 också
703 1121 57 21 klart
775 1123 37 24 att,
829 1127 34 14 om
879 1120 30 21 lö-

79 1148 122 22 nevilkoren
225 1149 116 22 bibehällas
357 1149 79 21 sädana
453 1149 26 22 de
495 1156 28 14 nu
539 1151 44 24 äro,
599 1149 20 21 vi
635 1149 53 21 efter
703 1150 66 26 nägra
783 1150 24 20 är
823 1149 86 21 komma

78 1177 32 22 till
126 1183 26 15 en
168 1177 71 21 alltför
254 1180 45 19 stor
315 1177 108 22 orättvisa.
453 1178 44 21 Det
512 1184 76 15 ansvar
604 1177 39 21 och
659 1177 73 22 arbete
748 1183 44 15 som
808 1177 101 28 pälägges

78 1205 147 22 underbefälet
247 1207 44 20 stär
313 1206 8 20 i
340 1206 53 21 intet
409 1205 133 22 förhällande
558 1205 32 22 till
606 1206 48 21 dess
670 1205 121 26 lönevilkor,
808 1208 22 25 ty
846 1205 63 27 ingen

78 1233 155 27 torparedräng
248 1235 27 26 pä
290 1234 73 21 landet
377 1236 24 19 är
417 1235 23 20 sä
456 1234 37 21 illa
509 1234 83 21 aflönad
608 1240 46 15 som
670 1233 146 22 underbefälet
832 1233 35 22 vid
882 1233 27 21 de

78 1261 153 28 värnepligtiga
254 1262 151 27 bataljonerna.
444 1263 10 20 I
477 1263 104 21 händelse
604 1263 71 20 denna
696 1262 121 26 förändring
840 1261 69 22 skulle

78 1289 74 22 kunna
177 1291 27 26 pä
227 1291 155 21 administrativ
405 1293 40 24 väg
468 1291 142 26 genomföras,
633 1290 86 22 förenar
737 1291 37 26 jag
796 1290 42 27 mig
861 1289 50 22 med

78 1319 48 26 nöje
148 1318 7 20 i
174 1319 26 20 hr
219 1325 40 15 von
275 1319 128 21 Haartmans
419 1319 81 27 förslag
515 1321 32 19 att
562 1319 117 21 utskottets
694 1319 133 21 betänkande
844 1319 67 20 mätte

78 1346 73 26 läggas
167 1346 32 21 till
214 1347 160 26 handlingarne.

148 1374 32 21 Hr
195 1375 122 27 Ramsay:
334 1375 41 27 Jag
389 1375 40 21 har
444 1376 67 21 redan
527 1376 6 20 i
549 1376 58 21 afton
623 1375 46 21 haft
685 1375 60 21 ordet
761 1375 39 21 och
816 1374 95 22 försökte

79 1403 26 21 dä
120 1404 33 20 att
168 1404 49 20 med
233 1403 50 27 lugn
298 1404 95 20 försvara
409 1404 26 21 de
451 1404 82 26 äsigter
548 1410 45 15 som
609 1404 7 20 i
631 1404 106 21 utskottet
753 1404 54 21 hade
822 1402 89 22 uttalats

78 1431 32 21 till
130 1430 145 22 motiverande
290 1431 23 21 af
327 1432 39 20 den
381 1432 58 21 kläm
457 1432 36 21 det
508 1432 120 21 framställt.
661 1432 39 21 Om
713 1432 37 26 jag
765 1432 26 26 pä
807 1430 69 28 grund
891 1429 22 22 af

79 1459 26 21 de
127 1460 114 26 yttranden
259 1466 46 15 som
323 1460 62 21 hafva
400 1460 49 22 fälts
465 1460 6 21 i
488 1460 66 26 afton,
570 1460 47 22 icke
632 1466 89 15 numera
735 1460 47 20 fullt
796 1460 42 21 kan
854 1458 59 22 bibe-

78 1487 58 22 hålla
158 1487 79 27 lugnet,
257 1489 22 20 sä
295 1489 34 20 mä
345 1488 36 21 det
396 1494 50 16 vara
462 1488 44 27 mig
521 1488 92 26 förlåtet,
629 1494 49 16 men
691 1488 36 27 jag
743 1488 35 21 vill
793 1487 54 22 inför
863 1486 50 22 Fin-

78 1516 61 20 lands
162 1516 24 20 R.
211 1522 18 15 o.
253 1517 32 26 A.,
309 1516 32 21 till
356 1516 132 27 protokollet
504 1516 103 27 nedlägga
624 1523 25 15 en
665 1518 82 26 protest
763 1518 56 20 emot
835 1522 26 15 en
879 1514 34 22 del
