1117 1773
234 132 39 21 132
507 134 16 18 R.
536 138 15 14 0.
564 134 16 19 A.
593 134 47 20 1885.
665 134 17 19 31
695 134 35 19 Jan.

202 201 65 22 Wasa
289 202 97 22 absoluta
400 202 222 28 nykterhetsförening
637 203 33 21 till
685 203 150 27 befolkningen
850 204 57 21 inom
923 204 57 21 länet
995 205 31 20 ut-

202 229 85 23 färdadt
301 237 82 21 upprop
399 232 107 26 angående
521 231 106 22 aflåtande
643 232 33 21 till
691 232 114 22 ständerne
821 232 23 21 af
857 238 26 16 en
893 233 90 27 petition
994 239 34 15 om

202 258 110 28 åtgärders
327 260 126 26 vidtagande
468 262 57 19 emot
541 260 60 22 detta
616 261 62 25 onda,
695 267 46 15 som
756 262 63 20 hotar
843 263 32 19 att
890 261 138 27 undergräfva

202 288 111 20 nationens
335 288 102 28 sedlighet
459 289 40 21 och
514 289 114 21 moraliska
646 290 98 21 existens.
775 290 65 21 Detta
855 296 83 21 upprop
953 290 76 21 under-

201 316 114 21 tecknades
330 316 57 22 inom
402 317 49 21 kort
465 317 23 22 af
503 318 74 25 12,481
590 318 97 21 enskilda
697 324 102 21 personer
810 318 116 27 hvarjemte
936 318 92 27 följande

202 344 125 22 kommuner
341 346 7 20 i
364 346 32 20 sin
410 346 72 22 helhet
496 346 36 21 vid
547 346 217 22 kommunalstämma
779 347 88 21 anslutit
882 347 32 27 sig
928 348 33 20 till
976 347 52 27 peti-

201 373 73 22 tionen
299 374 113 27 nemligen:
446 375 109 23 Kauhava,
582 375 105 26 Kurikka,
714 376 110 26 Storkyrö,
847 376 76 26 Bergö,
946 375 80 26 Ilmola,

202 401 89 30 Nerpes.
307 402 126 27 Lehtimäki,
449 404 132 26 Pihtipudas,
598 404 87 26 Muldia,
702 404 101 27 Lillkyrö,
820 404 111 27 Himango,
943 404 83 26 Sideby,

203 432 115 21 Ofvervetil
333 432 39 22 och
387 432 164 27 Konginkangas
567 433 192 26 representerande
770 433 62 21 dessa
841 433 135 21 kommuners
991 433 36 21 be-

201 461 95 27 folkning
318 461 137 22 tilisammans
474 462 49 21 med
541 461 157 22 ofvannämnda
716 462 122 27 personliga
852 462 172 26 undertecknare,

201 491 32 20 ett
248 490 57 21 antal
320 490 23 21 af
355 490 64 21 minst
434 490 77 23 80,000
526 496 109 21 personer,
651 490 83 22 säledes
749 491 81 21 inemot
845 497 26 14 en
886 490 101 27 fjerdedel
1005 490 24 21 af

200 518 65 21 Wasa
280 519 45 21 läns
341 518 121 27 befolkning
477 519 40 20 och
533 519 55 21 circa
603 525 26 14 en
645 519 161 26 tjugusjettedel
822 519 22 21 af
857 519 101 21 Finlands
968 519 58 22 inne-

200 547 114 22 vänaretal.
347 547 40 22 Vid
409 547 147 27 anslutningen
579 547 33 21 till
633 548 59 21 detta
714 554 90 21 upprop.
828 547 80 22 hvilket
926 548 37 27 jag
978 548 47 21 med

201 576 47 21 dess
271 576 98 27 samtliga
386 575 153 22 underskrifter
554 576 40 21 har
609 578 52 19 äran
677 577 104 26 härjemte
795 577 6 20 i
817 576 110 27 bestyrkta
942 576 83 21 afskrif-

199 606 34 19 ter
256 605 100 26 närsluta,
372 605 38 20 har
425 611 26 14 en
467 606 44 20 stor
527 605 33 21 del
575 605 170 22 undertecknare
761 605 58 21 velat
833 605 73 21 förena
921 605 32 26 sig
967 605 7 21 i
990 611 35 15 an-

199 633 72 21 hällan
293 639 34 15 om
349 633 148 27 upphäfvande
516 633 22 22 af
555 633 28 21 all
599 633 137 28 tillverkning
751 634 41 21 och
807 634 78 26 import
900 634 23 21 af
936 634 86 21 bränvin

200 662 39 21 och
262 662 132 27 rusdrycker,
417 668 54 20 men,
494 663 7 20 i
524 662 101 21 händelse
641 663 60 20 detta
716 663 43 20 mäl
774 662 47 21 icke
836 663 70 20 kunde
921 663 80 25 vinnas,
1017 662 7 21 i

198 690 93 49 begäran
315 697 33 15 om
371 691 107 26 betydliga
500 691 179 26 inskränkningar
701 691 7 20 i
728 698 29 14 nu
777 691 98 27 gällande
893 691 131 27 stadganden

215 725 65 16 ärom.

267 748 67 21 Afven
357 747 130 22 beträffande
510 748 145 27 utskänkning
679 748 22 21 af
721 748 133 27 rusdrycker,
874 748 69 21 sävidt
962 748 62 21 dessa

198 783 62 14 anses
281 777 47 20 icke
350 777 71 21 kunna
438 777 111 26 undvaras,
570 777 64 21 hafva
649 777 61 26 djupt
725 777 72 21 kända
813 777 157 26 önskningsmäl
984 777 39 20 tal-

198 805 44 21 rikt
264 805 39 21 och
326 806 87 21 allmänt
431 805 94 22 uttalats.
556 805 51 21 Man
623 805 39 21 har
677 806 65 21 bland
758 807 66 20 annat
838 806 49 21 med
901 805 122 27 bekymmer

197 833 100 28 iakttagit
318 834 101 21 hurusom
441 835 107 26 söndagen
563 834 41 21 och
627 834 124 27 helgdagen,
767 834 83 21 hvilkas
865 835 86 20 ostörda
966 834 57 20 hvila

197 862 55 21 bäde
275 863 32 21 till
330 863 39 27 själ
392 863 39 21 och
451 863 68 27 kropp
539 864 44 19 rätt
601 863 84 20 använd
705 865 24 19 är
748 863 69 27 egnad
836 864 32 19 att
882 863 33 20 för
930 869 25 14 en
971 862 52 21 hvar

197 892 96 20 medföra
314 892 125 26 välsignelse.
468 892 55 27 fröjd
543 892 39 20 och
605 892 52 27 frid,
679 898 77 20 genom
771 892 103 20 inverkan
890 891 23 21 af
925 892 97 26 rusdryc-

196 920 66 21 kerne
277 920 120 22 förvandlas
412 920 33 22 till
460 921 65 27 dagar
540 920 23 21 af
576 920 71 26 orgier
661 921 40 21 och
717 920 131 27 dryckeslag,
864 920 71 21 hvilka
950 920 7 20 i
974 920 49 20 vida

196 948 85 22 kretsar
303 949 72 27 sprida
396 949 139 21 förbannelse.
565 949 40 21 Att
627 949 7 21 i
657 949 120 27 möjligaste
798 948 48 22 mån
865 948 79 27 afstyra
964 949 58 20 detta

196 977 57 21 onda
275 978 60 20 torde
358 978 21 20 få
402 984 61 15 anses
485 984 50 15 vara
551 984 25 14 en
592 978 123 21 samhällets
731 978 72 26 heliga
817 978 59 26 pligt,
893 977 39 21 och
948 976 73 22 åtmin-

195 1007 62 20 stone
279 1006 65 27 något
359 1006 67 22 skulle
441 1007 6 20 i
464 1007 59 21 detta
537 1006 100 21 afseende
652 1007 81 25 vinnas,
749 1012 36 15 om
801 1006 28 20 all
844 1006 124 26 försäljning
983 1005 39 21 och

195 1034 144 28 utskänkning
362 1035 23 21 af
401 1035 126 27 rusdrycker
542 1034 70 22 blefve
627 1034 113 28 förbjuden
755 1036 34 20 att
805 1040 38 21 ega
858 1040 46 15 rum
920 1034 46 21 från
981 1034 42 20 lör-

196 1063 52 27 dags
263 1063 86 27 middag
363 1064 33 20 till
410 1064 103 26 måndags
524 1069 94 21 morgon.
643 1063 82 22 Jemväl
741 1064 36 20 vid
793 1063 127 21 marknader
934 1062 40 22 och
985 1062 37 21 all-

194 1093 79 19 männa
294 1092 121 27 torgdagar,
439 1092 27 22 då
488 1094 69 19 större
579 1092 161 27 folksamlingar
763 1092 99 26 försiggä,
889 1091 73 26 borde,
988 1090 34 22 till

194 1120 136 22 undvikande
353 1120 22 22 af
396 1121 26 21 de
439 1120 144 28 mängfaldiga
599 1121 129 27 oordningar
743 1120 41 22 och
799 1119 121 28 förderfliga
935 1121 87 25 uppträ-

195 1148 47 27 den,
258 1148 71 22 hvilka
345 1151 36 19 äro
397 1149 33 21 för
445 1150 87 20 allmänt
547 1149 72 21 kända
633 1149 34 21 för
681 1151 32 19 att
723 1149 40 21 här
774 1148 73 22 vidare
857 1148 90 22 behöfva
957 1148 65 27 päpe-

193 1176 45 28 kas,
255 1178 28 21 all
297 1178 144 27 utskänkning
452 1178 23 21 af
483 1178 127 26 rusdrycker
620 1184 51 15 vara
681 1178 36 21 vid
727 1180 76 24 sträng
812 1177 80 27 påföljd
903 1176 118 27 förbjuden.

264 1206 57 22 Fullt
336 1207 111 21 medveten
463 1208 72 20 derom
549 1208 33 20 att
597 1206 96 27 grunden
708 1206 33 21 till
756 1206 38 22 det
804 1206 84 21 alltmer
898 1205 125 22 öfverhand-

192 1235 94 26 tagande
302 1235 129 22 missbruket
447 1236 22 20 af
482 1235 134 27 rusdrycker,
632 1235 49 21 med
697 1235 39 21 allt
751 1234 63 22 deraf
823 1234 130 26 härflytande
963 1234 58 21 sede-

193 1262 72 22 förfall
284 1264 39 20 och
339 1264 81 26 elände,
436 1264 47 21 icke
498 1265 81 20 ensamt
595 1266 24 18 är
634 1265 33 19 att
681 1264 53 20 söka
748 1263 30 27 pä
793 1262 169 27 lagstiftningens
977 1268 45 15 om-

193 1291 60 27 räde,
269 1291 44 21 lika
327 1292 47 21 litet
389 1298 45 16 som
449 1292 127 22 correktivet
587 1292 96 21 deremot
692 1292 43 21 kan
745 1291 137 22 uteslutande
891 1291 29 27 pä
929 1291 93 21 nämnda

193 1320 88 21 område
302 1320 99 24 utfinnas,
424 1321 63 27 hyser
502 1321 37 27 jag
554 1321 55 21 dock
625 1321 41 21 den
681 1320 156 27 öfvertygelsen
852 1322 32 19 att
899 1320 36 20 vid
950 1319 71 21 bemö-

193 1348 80 22 dandet
295 1350 33 20 att
347 1349 63 27 stäfja
425 1350 64 24 detta,
509 1349 48 21 hela
572 1349 113 21 samhället
699 1349 101 25 hotande,
817 1349 61 25 onda,
893 1348 127 26 lagstiftnin-

192 1383 41 20 gen
248 1377 42 21 kan
305 1378 28 26 pä
348 1379 31 19 ett
393 1378 108 22 verksamt
516 1379 43 20 sätt
573 1378 122 26 medverka,
711 1378 58 21 helst
785 1377 39 21 hos
839 1378 31 20 ett
885 1376 45 22 folk
945 1377 37 21 der
998 1376 23 22 sä

191 1406 90 26 mycken
297 1406 90 27 aktning
401 1406 40 22 och
456 1407 95 21 vördnad
566 1406 33 21 för
615 1406 114 22 bestäende
744 1406 37 26 lag
796 1405 119 26 förefinnes,
926 1411 46 15 som
982 1405 39 21 hos

191 1434 49 20 värt
261 1434 86 22 Finska.
377 1435 50 21 Med
448 1435 113 27 anledning
576 1435 64 21 häraf
653 1435 40 21 och
707 1435 29 26 pä
750 1434 71 28 grund
836 1434 24 21 af
872 1434 55 21 hvad
940 1434 38 26 jag
992 1440 30 14 nu

190 1462 48 21 haft
253 1464 52 20 äran
320 1463 74 21 anföra
408 1464 65 26 vägar
486 1464 37 26 jag
537 1464 110 20 vördsamt
661 1463 84 21 anhälla
757 1464 33 20 att
801 1462 117 27 Högloflige
929 1462 24 21 R.
965 1468 19 15 o.
995 1462 26 20 A.

190 1491 51 21 ville
256 1491 73 22 förena
345 1492 32 26 sig
392 1498 35 15 om
443 1499 26 15 en
484 1492 132 27 underdänig
630 1492 91 26 petition
736 1491 93 22 derhän:

363 1521 31 25 1)
424 1521 39 21 Att
491 1528 30 13 nu
547 1521 35 20 till
602 1520 141 28 tillverkning
758 1520 115 26 medgifna
889 1519 61 21 antal
965 1518 55 21 kan-

295 1556 40 13 nor
350 1548 93 22 bränvin
458 1549 67 25 blefve
535 1549 155 27 förminskadt
705 1549 35 21 till
755 1548 93 28 hälften.
