1120 1745
239 130 42 21 276
508 129 16 19 R.
537 134 15 14 0.
564 129 16 19 A.
593 129 46 20 1885.
663 129 17 19 17
693 129 45 19 Febr.

208 199 117 22 berättelse
340 198 33 22 till
383 198 126 22 ständernas
519 198 149 26 bankutskott,
680 198 132 21 omfattande
824 197 51 22 åren
887 197 146 22 1882—1884'

279 227 67 22 Ordet
360 227 103 27 begärdes
478 227 75 21 härvid
563 227 24 21 af

277 256 26 21 hr
325 255 149 26 Molander,
497 262 46 15 som
563 255 96 28 yttrade:
676 255 33 21 Då
724 255 141 21 förevarande
880 255 114 21 berättelse
1009 256 24 19 är

210 285 24 22 af
254 284 190 27 bankfullmäktige
466 284 92 27 afgifven
572 283 34 22 till
621 284 127 21 ständernas
762 283 143 21 bankutskott
921 283 38 21 och
974 283 59 21 detta

209 313 85 22 utskott
310 319 48 20 eger
373 314 32 20 att
420 313 90 21 aflemna
525 312 136 22 betänkande
676 312 92 21 rörande
785 312 26 21 de
821 312 8 21 i
839 312 129 21 berättelsen
978 311 55 22 före-

209 341 127 23 kommande
358 341 106 26 frågorna,
487 341 24 22 så
533 341 127 22 inskränker
680 341 38 26 jag
739 341 44 26 mig
800 340 70 21 denna
884 340 55 27 gång
954 340 31 21 till
1000 341 32 20 att

208 370 162 22 vidkommande
392 370 103 27 förslaget
517 370 32 21 till
571 370 130 26 reglemente
724 369 33 22 för
780 369 101 21 Finlands
906 369 56 21 bank
976 369 56 21 fästa

209 399 216 27 uppmärksamheten
447 399 35 21 vid
504 399 12 27 &
532 399 18 25 5,
567 405 46 15 som
628 398 119 22 innehåller
762 399 32 20 ett
810 397 117 27 stadgande
941 397 90 22 rörande

210 428 152 27 dispositionen
377 427 23 21 af
413 428 95 20 bankens
523 428 89 25 kapital.

278 455 100 22 Hvarken
392 456 8 21 i
416 456 54 21 1875
486 456 52 21 eller
554 456 55 21 1878
626 455 34 21 års
676 455 204 26 bankreglementen
891 455 140 20 förekommer

207 485 67 27 något
292 485 122 26 stadgande,
430 491 45 14 som
489 486 99 19 närmare
604 484 130 21 bestämmer
749 483 155 27 befogenheten
919 485 32 19 att
961 483 69 26 dispo-

208 521 53 14 nera
278 513 58 22 öfver
351 513 172 27 behållningarne
538 513 7 20 i
560 513 92 20 banken.
682 513 68 20 Dessa
766 512 144 27 reglementen
925 511 105 22 innehålla

207 544 33 20 att
262 542 96 21 bankens
379 541 119 27 grundfond
517 541 40 22 och
572 541 124 22 reservfond
711 541 54 21 böra.
780 541 35 20 vid
829 540 109 21 faststäldt
953 539 76 28 belopp

208 570 156 28 upprätthållas
380 572 55 19 samt
450 572 32 19 att
497 570 75 21 endast
588 569 141 22 öfverskottet
744 569 23 21 af
781 569 118 21 årsvinsten
914 568 35 22 må
959 568 70 22 anslås

208 600 33 21 till
258 599 104 25 ändamål,
377 605 45 14 som
437 599 33 20 för
485 599 95 20 bankens
596 598 137 21 verksamhet
748 600 38 19 äro
801 597 138 22 främmande.
964 597 65 22 Detta

206 627 119 28 stadgande
348 627 39 21 har
410 627 88 21 sålunda
520 627 119 26 uppfattats
662 627 40 21 och
725 627 132 21 efterlefvats
875 628 39 23 att,
931 625 26 22 då
972 627 56 20 stän-

207 657 67 22 derna
295 656 82 21 anvisat
399 656 69 21 medel
490 663 26 14 ur
538 656 97 21 bankens
657 655 146 27 besparingar,
826 655 40 20 har
881 654 12 21 å
909 654 69 27 dylika
993 655 36 20 be-

207 686 49 25 slut,
275 685 89 21 likasom
380 684 27 27 på
422 684 209 27 bevillningsanslag,
646 684 27 21 H.
689 684 27 21 K.
732 684 51 21 M:ts
799 683 134 22 stadfästelse
948 685 80 20 ansetts

206 713 126 27 erforderlig
347 713 39 21 och
401 713 28 26 på
444 713 125 21 ständernas
585 713 164 26 framställning,
766 712 23 21 af
802 712 27 21 H.
840 712 27 21 K.
877 712 28 21 M.
916 711 111 22 utfärdats.

206 743 68 21 Detta
289 742 197 21 öfverensstämmer
500 742 48 21 med
563 741 56 21 hvad
635 741 109 27 angående
759 741 155 26 befogenheten
930 742 31 19 att
971 741 57 21 med-

206 771 49 22 dela
276 771 132 21 föreskrifter
424 770 91 21 rörande
531 770 101 21 Finlands
647 770 58 21 bank
720 769 68 22 finnes
803 769 100 26 stadgadt
918 769 7 21 i
940 770 24 20 11
980 769 12 27 $
1007 769 23 21 af

206 800 50 21 nåd.
278 799 94 22 förordn.
390 799 23 21 af
426 799 41 21 den
483 800 12 20 9
511 799 44 21 dec.
573 799 54 21 1867
643 798 109 27 angående
768 798 105 27 styrelsen
888 797 39 22 och
942 797 85 22 förvalt-

206 829 78 26 ningen
299 828 22 21 af
334 827 100 22 Finlands
450 827 62 25 bank,
529 827 85 21 hvilken
629 827 125 26 förordning
770 828 24 19 är
808 828 33 19 att
854 826 70 21 såsom
934 826 93 21 bankens

206 856 196 29 grundförfattning
416 856 117 21 betraktas.

275 885 124 21 Emellertid
420 884 89 21 föreslås
531 891 28 14 nu
581 884 111 21 införande
714 884 7 21 i
744 884 38 21 det
798 890 42 20 nya
855 883 137 27 reglementet
1007 883 22 21 af

204 921 27 14 en
254 913 24 22 så
300 913 89 27 lydande
412 913 109 26 paragraf:
545 913 99 21 Bankens
667 912 82 27 kapital
773 912 83 21 utöfver
871 912 156 26 grundfondens

206 943 40 21 och
262 941 159 22 reservfondens
436 941 121 22 fastställda
572 941 78 26 belopp
666 941 125 26 disponeras
805 940 24 21 af
843 941 120 20 ständerna.

274 970 73 21 Såsom
363 970 69 21 denna
450 970 11 27 $
477 977 27 14 nu
520 972 24 19 är
559 970 96 25 affattad,
678 970 71 21 kunde
774 969 123 21 densamma
912 969 23 20 så
949 968 78 22 förstås

204 1001 33 20 att
260 999 86 22 dermed
368 998 84 27 afsåges
474 1000 32 19 att
529 999 116 20 ständerna
660 999 52 26 egde
728 998 137 21 uteslutande
881 997 39 21 och
935 997 91 21 definitiv

205 1027 171 23 beslutanderätt
392 1027 91 21 rörande
498 1027 139 21 användande
653 1027 23 20 af
689 1027 97 20 bankens
801 1027 62 20 vinst.

274 1056 40 21 Till
329 1055 172 22 förekommande
517 1055 62 21 häraf
593 1055 67 21 borde
676 1055 66 26 enligt
757 1055 44 21 min
815 1055 65 20 tanke
891 1055 63 26 sagde
964 1061 61 20 para-

202 1085 51 27 graf
273 1084 129 22 bortlemnas
425 1084 40 21 och
483 1084 122 21 nuvarande
620 1084 135 21 föreskrifter
770 1083 91 21 rörande
876 1083 149 21 bankvinstens

204 1113 139 22 användande
359 1113 70 21 såsom
444 1113 199 26 tillfyllestgörande
659 1112 86 27 qvarstå
761 1112 52 21 eller
829 1111 40 22 den
884 1111 141 28 föreslagna
1014 1107 16 37 $

203 1143 25 21 så
244 1141 161 22 omformuleras
421 1143 33 19 att
468 1141 187 27 missuppfattning
670 1141 110 21 undvikes.

272 1170 57 21 Frih.
354 1170 78 27 Boije
457 1170 132 25 hemställde,
615 1169 106 21 huruvida
742 1169 48 22 icke
811 1168 140 21 förevarande
966 1167 60 27 fråga

200 1199 69 22 borde
291 1200 117 25 yttermera
430 1198 128 27 bordläggas
580 1198 35 21 till
637 1199 61 20 nästa
718 1198 87 26 plenum
819 1197 34 21 för
869 1198 31 19 att
915 1197 24 20 R.
955 1203 19 14 o.
989 1196 37 21 A:s

201 1228 139 21 medlemmar
363 1227 69 22 blefve
456 1227 7 21 i
485 1227 82 21 tillfälle
590 1228 33 19 att
645 1228 51 25 taga
710 1226 122 21 kännedom
848 1225 22 21 af
884 1225 142 21 direktionens

200 1257 35 21 för
258 1256 100 21 Finlands
380 1256 58 21 bank
460 1255 110 22 utlåtande
593 1255 7 21 i
615 1255 114 26 anledning
751 1255 24 20 af
795 1254 182 26 komitöförslaget
994 1253 32 21 till

201 1285 131 26 reglemente
354 1284 34 21 för
410 1284 85 21 banken
513 1284 40 21 och
567 1283 131 21 instruktion
712 1283 34 21 för
762 1282 196 27 bankfullmäktige,
974 1281 52 21 hvil-

200 1313 39 21 ket
254 1312 111 22 utlätande
380 1312 54 21 först
448 1319 30 14 nu
492 1312 68 21 blifvit
575 1312 65 20 bland
656 1311 98 22 ständets
770 1311 138 21 medlemmar
922 1310 103 21 utdeladt.

268 1341 33 21 Hr
325 1347 41 15 von
391 1341 140 26 Knorring,
555 1340 26 22 A.
603 1340 31 26 L.,
658 1340 146 21 understödde
826 1339 48 22 frih.
897 1338 70 27 Boijes
989 1345 36 15 an-

198 1369 80 22 hällan.

268 1397 31 22 Pä
320 1397 157 27 framställning
499 1397 22 22 af
541 1397 26 21 hr
589 1397 200 21 landtmarskalken
811 1396 112 27 godkände
941 1395 84 22 ständet

198 1427 48 21 frih.
263 1426 70 27 Boijes
347 1426 81 27 förslag
443 1432 34 15 om
487 1426 124 27 ytterligare
626 1426 156 27 bordläggning
792 1425 23 22 af
824 1425 200 26 bankfullmäktiges

196 1455 117 22 berättelse
328 1455 34 21 till
376 1454 113 27 fredagens
504 1455 91 26 plenum.
