1120 1767
353 120 16 18 R.
382 125 14 13 0.
409 120 16 18 A.
438 119 46 19 1885.
508 119 17 19 31
538 119 35 19 Jan.
824 120 39 21 145

64 196 47 15 som
133 190 7 20 i
154 188 133 23 förhällande
307 189 33 21 till
354 188 260 27 anläggningskostnaden
629 188 200 21 öfverensstämmer
844 188 48 21 med

66 218 41 21 den
125 218 115 21 mättstock
255 223 46 15 som
316 223 49 15 man
380 217 35 21 vid
435 216 128 27 föregäende
585 216 130 27 landtdagar
730 216 112 27 tillämpat,
856 216 36 21 vid

65 246 134 21 tilldelandet
222 245 23 21 af
262 245 150 22 subventioner
434 245 33 21 för
488 245 121 27 jernvägar,
625 250 49 15 men
689 244 28 21 dä
730 244 37 27 jag
782 245 27 27 pä
823 245 69 26 grund

66 275 23 21 af
109 275 56 21 hvad
188 274 146 21 erfarenheten
354 274 83 21 bevisat
452 275 24 19 är
491 273 23 22 af
527 274 41 21 den
584 273 56 26 äsigt
655 274 33 19 att
703 273 28 26 pä
746 273 77 28 mänga
837 273 55 22 tider

67 303 67 28 nägra
152 304 83 27 privata
247 302 184 27 jernvägsföretag
445 302 47 21 icke
507 302 73 21 kunna
594 302 88 21 komma
697 301 34 21 till
746 301 62 22 ständ
823 303 7 20 i
845 302 47 21 värt

67 332 56 27 land,
142 332 85 21 hvilken
242 331 55 26 äsigt
312 331 22 20 af
348 337 26 15 en
388 331 118 20 auktoritet
521 331 62 21 äfven
599 329 12 22 &
627 330 60 21 detta
702 336 48 15 rum
765 331 84 26 nyligen
859 332 33 19 ut-

67 361 72 26 talats,
162 361 40 21 har
220 359 36 27 jag
270 359 47 21 icke
332 359 56 27 gjort
403 359 61 21 detta
478 359 86 26 förslag,
580 360 53 20 utan
648 358 143 21 öfverlemnar
805 359 65 26 detta,
885 359 7 21 i

68 389 100 22 händelse
191 389 25 20 R.
239 394 19 15 o.
281 388 25 21 A.
321 388 49 21 ville
385 389 95 25 upptaga
495 388 48 21 mitt
558 387 215 26 petitionsmemorial
788 387 39 21 och
842 393 50 15 anse

69 418 36 21 det
120 418 62 21 värdt
197 418 33 19 att
244 417 121 20 remitteras
380 417 34 20 till
427 416 214 27 jernvägsutskottet,
657 415 90 21 hvarom
759 415 38 28 jag
812 416 80 26 ödmju-

69 447 49 20 kast
140 445 103 26 anhäller,
259 445 22 21 ät
303 445 91 20 nämnde
416 445 90 26 utskott,
530 451 46 14 som
595 444 101 27 möjligen
711 444 72 21 kunde
797 446 51 25 taga
862 444 31 27 sig

69 475 113 26 anledning
197 475 33 20 att
245 476 52 25 göra
312 475 32 20 ett
358 473 68 27 dylikt
441 473 86 27 förslag.
549 473 42 26 Jag
606 473 40 20 har
656 473 63 20 tänkt
729 473 43 26 mig
783 474 32 20 att
826 473 68 20 denna

69 503 39 21 sak
131 503 67 20 skulle
221 502 72 21 kunna
315 502 145 27 verkliggöras
480 502 90 21 sälunda
585 503 39 24 att,
639 501 7 21 i
662 501 103 21 händelse
779 501 115 21 ständerna

69 531 40 22 och
131 531 125 27 regeringen
278 531 64 21 tveka
364 532 32 19 att
418 530 70 27 bygga
507 530 117 27 jernvägen
641 530 138 21 uteslutande
793 530 49 21 med
856 530 38 21 all-

69 562 78 19 männa
161 559 75 26 medel,
252 559 124 27 regeringen
391 559 71 21 kunde
477 559 45 21 låta
537 559 54 20 höra
606 558 63 21 dessa
685 559 27 20 50
728 558 13 21 ä
756 559 28 21 60
798 559 96 20 kommu-

69 595 44 20 ner,
137 589 25 20 de
177 589 42 20 fem
235 588 101 21 städerna
350 587 145 22 inberäknade
510 587 73 21 hvilka
598 587 73 20 kunna
686 593 52 14 vara
752 587 142 22 intresserade

69 617 24 22 af
112 617 111 26 företaget,
247 616 39 21 och
309 616 89 21 sälunda
419 615 22 22 fä
464 616 34 21 del
521 616 22 21 af
565 616 26 21 de
610 615 147 27 uppoffringar
772 622 45 15 som
833 616 62 21 dessa

69 652 52 14 voro
143 646 72 26 villiga
237 647 32 19 att
291 647 58 24 göra
379 644 42 21 För
440 645 43 20 min
499 645 34 20 del
549 644 68 21 skulle
631 644 37 26 jag
684 650 51 15 anse
749 645 34 20 att
797 651 49 15 man
860 645 35 20 väl

70 674 71 21 kunde
163 674 96 26 päräkna
281 673 47 21 frän
353 679 26 15 en
402 672 23 22 sä
445 673 34 21 rik
495 673 39 21 och
550 672 95 27 betydlig
660 672 97 21 landsdel
769 673 67 26 jemte
850 673 46 21 lan-

71 703 46 21 dets
140 703 118 20 förnämsta
280 702 72 21 städer
370 708 26 14 en
410 701 101 21 femtedel
527 702 52 20 eller
594 700 107 21 mähända
717 707 27 15 en
758 701 101 27 fjerdedel
875 701 23 21 af

70 730 264 28 anläggningskostnaden.
364 730 42 21 Det
429 730 68 20 skulle
514 730 27 20 dä
556 730 67 20 blifva
637 729 28 26 pä
680 729 165 22 kommunernas
859 736 37 14 an-

71 760 34 20 del
127 759 156 26 sammanlagdt
305 759 63 26 högst
390 759 12 21 2
425 758 108 26 miljoner;
553 758 138 26 hvarigenom
706 758 41 21 den
762 758 134 21 äterstäende

71 788 61 21 delen
155 788 50 21 eller
225 788 76 20 endast
317 788 12 20 5
345 786 13 22 å
373 788 12 20 6
401 787 98 26 miljoner
515 786 33 22 för
564 786 126 27 regeringen
704 786 47 22 icke
766 786 69 22 blefve
850 793 47 20 syn-

71 817 94 26 nerligen
188 816 211 26 anmärkningsvärd,
421 815 24 21 sä
460 815 85 27 mycket
560 821 45 15 mer
621 821 46 15 som
683 815 69 21 denna
767 815 63 27 utgift
845 817 53 19 utan

71 845 72 21 tvifvel
166 845 68 21 skulle
256 844 56 27 gifva
336 844 23 21 sä
381 844 85 26 mycket
484 845 70 20 större
569 845 69 19 ränta.
668 844 41 26 Jag
725 844 39 20 har
779 844 62 21 tänkt
856 844 42 26 mig

71 874 65 20 saken
159 873 30 26 sä,
212 875 33 19 att
269 873 154 21 kommunerna
446 878 47 15 som
515 873 47 20 icke
585 872 63 21 hafva
672 872 120 26 disponibla
810 873 88 25 pennin-

71 908 39 20 gar
131 904 81 24 genast,
236 901 68 21 skulle
327 901 99 21 förbinda
448 901 32 26 sig
502 902 33 20 att
556 901 73 21 betala
649 907 26 15 en
690 901 43 21 viss
749 907 87 20 summa,
853 907 45 15 som

72 931 68 20 skulle
162 930 93 21 fördelas
278 930 27 26 pä
328 932 16 18 t.
368 936 32 14 ex.
424 930 26 21 25
475 930 51 20 eller
550 930 27 20 50
596 929 31 21 är.
657 929 74 21 Skulle
746 930 153 20 kommunerna

71 959 74 21 förena
165 959 31 26 sig
212 965 34 14 om
261 964 26 16 en
302 958 104 27 fjerdedel
422 958 22 21 af
457 958 128 25 kostnaden,
601 957 24 21 sä
640 958 69 21 skulle
726 958 12 21 5
755 958 25 27 1/,
797 958 12 21 å
824 959 12 20 6
852 958 46 21 mil-

70 988 61 26 joner
146 987 52 21 falla
212 987 28 26 pä
255 987 142 21 statsverkets
412 986 41 22 och
470 987 9 20 1
497 987 28 26 3/,
541 986 12 21 å
569 987 12 20 2
597 986 99 27 miljoner
708 986 29 27 pä
746 987 154 21 kommunerna

72 1016 146 25 tillsammans,
242 1016 80 20 hvilket
346 1016 46 20 icke
416 1014 69 22 blefve
508 1015 136 27 betungande
666 1014 28 27 pä
710 1015 91 26 232,000
816 1014 85 22 innevä-

72 1050 58 20 nare,
154 1044 27 21 då
203 1044 133 26 Björneborg
360 1044 48 21 med
431 1044 76 20 endast
531 1044 78 25 10,000
628 1043 129 21 innevånare
771 1044 83 20 kunnat
869 1050 32 15 er-

73 1072 66 27 bjuda
161 1074 11 20 1
196 1072 74 27 miljon
293 1072 33 21 för
342 1073 32 20 sin
397 1072 67 21 banas
484 1072 192 27 ävägabringande,
692 1072 7 21 i
714 1072 101 22 händelse
830 1074 72 19 staten

73 1101 109 26 öfvertoge
204 1101 127 26 byggandet.
362 1101 66 20 Detta
448 1100 79 27 belopp
551 1100 22 21 af
592 1102 10 19 1
619 1100 28 27 3/,
669 1100 6 21 &
691 1101 12 20 2
718 1101 98 26 miljoner
831 1100 70 21 kurde

72 1129 92 22 fördelas
187 1129 28 27 pä
238 1130 33 22 25,
287 1129 101 26 möjligen
403 1129 27 21 50
446 1128 35 21 ärs
497 1129 137 27 amortering.
665 1129 61 21 Efter
742 1135 26 15 en
784 1129 118 26 beräkning

73 1157 23 22 af
116 1158 13 21 4
152 1157 27 27 %/g
203 1159 62 20 ränta
288 1157 39 22 och
343 1158 12 21 2
371 1157 27 27 9/,
414 1157 131 26 amortering
561 1157 68 21 skulle
645 1157 37 21 det
698 1157 97 22 erfordra
811 1158 90 25 120,000

72 1186 62 21 mark
157 1186 80 27 årligen
259 1186 67 21 under
350 1186 26 21 50
400 1185 35 22 års
457 1186 32 21 tid
512 1186 40 21 och
570 1186 55 21 efter
640 1187 14 20 4
669 1186 28 25 ?/,
712 1187 63 19 ränta
790 1185 40 22 och
845 1186 13 20 4
874 1186 28 27 %,

73 1215 130 26 amortering
220 1215 90 25 160,000
325 1215 63 20 mark
402 1215 68 20 under
486 1215 27 20 25
529 1214 35 21 ärs
579 1214 38 21 tid.
634 1226 28 3 —
672 1215 76 20 Denna
758 1214 64 27 utgift
833 1214 69 21 skulle

73 1245 77 25 utgöra
170 1249 26 15 en
212 1245 60 19 extra
287 1243 137 26 beskattning
440 1243 22 20 af
476 1243 60 20 cirka
551 1243 28 21 50
594 1243 63 26 penni
674 1242 12 21 å
702 1249 78 20 person
795 1243 7 20 i
817 1248 86 21 genom-

73 1272 106 26 skärning,
202 1272 136 26 naturligtvis
361 1271 97 21 fördelad
474 1271 55 21 efter
544 1271 258 26 förmögenhetsvilkoren
818 1271 40 21 och
874 1271 30 21 ef-

73 1302 33 19 ter
122 1301 25 20 de
163 1300 57 21 olika
235 1301 165 20 kommunernas
416 1300 147 26 beskattnings
583 1300 127 27 fördelning.
726 1312 27 4 —
770 1300 42 21 Det
828 1301 24 19 är
866 1306 38 14 na-

73 1329 74 26 turligt
170 1331 33 19 att
218 1329 41 21 den
281 1329 101 21 framtida
396 1329 134 26 generation,
550 1334 46 15 som
612 1328 97 21 kommer
724 1330 33 19 att
771 1328 64 21 hafva
850 1334 55 21 gagn

73 1357 23 22 af
117 1357 70 20 banan
210 1357 39 21 bör
273 1357 61 21 äfven
354 1357 86 26 deltaga
455 1357 7 20 i
477 1357 154 26 kostnaderna,
649 1359 23 24 ty
687 1357 7 21 i
710 1357 39 21 och
765 1357 48 21 med
828 1357 36 20 det
879 1363 26 15 en

71 1386 188 27 jernvägssträcka
280 1386 76 26 drages
378 1391 77 21 genom
471 1391 27 15 en
514 1385 66 26 trakt,
596 1385 66 27 stiger
675 1385 88 27 jordens
778 1385 65 22 värde
858 1385 48 21 med

74 1415 27 21 25
117 1413 12 22 &
145 1414 27 21 30
187 1414 28 25 ?/,
230 1415 70 20 minst.
330 1415 43 20 För
388 1413 136 27 Helsingfors
539 1413 70 22 blefve
629 1414 111 21 kosnaden
755 1414 59 21 cirka
828 1414 78 25 25,000

73 1443 68 25 mark,
157 1442 81 21 hvilket
260 1443 43 20 kan
317 1449 63 14 anses
396 1442 70 21 säsom
482 1448 27 15 en
527 1442 101 27 bagatell,
644 1443 28 20 dä
688 1443 86 20 stadens
789 1443 118 20 inkomster

73 1471 72 26 uppgå
166 1471 34 21 till
230 1477 26 15 en
279 1471 40 21 och
342 1477 26 15 en
391 1471 47 20 half
458 1471 109 26 miljoner;
587 1471 34 20 för
643 1465 47 26 Åbo
714 1471 26 21 12
764 1470 12 21 å
799 1471 26 20 13
844 1472 63 20 tusen

73 1502 46 19 mot
137 1505 27 16 en
186 1499 54 28 ärlig
262 1500 94 21 inkomst
378 1499 24 21 af
423 1499 94 26 700,000
538 1499 63 21 mark
627 1499 40 21 och
692 1499 26 21 de
741 1499 81 21 mindre
847 1499 60 20 kom-

73 1534 103 15 munerna
201 1528 69 21 skulle
294 1528 36 21 det
352 1527 83 21 drabba
465 1527 50 21 med
539 1527 76 21 endast
640 1528 14 20 4
679 1527 13 21 &
715 1528 42 20 500
787 1527 62 21 mark
873 1532 35 15 om

817 1566 22 17 10
