1123 1759
249 143 41 22 322
532 143 16 19 R.
560 148 16 14 0.
589 140 22 22 A.
618 143 46 19 1896.:
687 143 22 19 20
721 143 47 20 Febr.

220 212 52 28 gifta
296 212 100 28 gvinnan;
420 220 34 16 om
479 214 97 21 deremot
597 213 65 27 ingen
677 214 92 27 juridisk
793 213 147 27 betänklighet
954 214 94 29 hindrar,

219 243 33 21 att
274 241 60 23 detta
354 248 74 16 senare
450 248 63 16 mom.
529 242 7 21 i
551 242 275 28 postsparbankskomitens
848 242 80 28 förslag
942 242 65 28 ingår,
1022 245 27 21 sä

218 270 68 22 borde
307 270 109 27 ingenting
436 271 83 26 hindra,
535 273 33 20 att
588 270 62 24 äfven
666 271 37 22 det
717 270 58 22 förra
790 277 64 15 mom.
871 272 103 26 gvarstär.
1004 272 43 21 Det

218 298 64 22 torde
300 299 80 27 jemväl
401 299 110 25 erkännas,
534 301 33 20 att
587 299 36 21 det
637 299 59 22 förra
710 305 65 16 mom.
791 299 108 22 dessutom
914 305 50 22 eger
978 301 68 21 större

217 327 98 27 praktisk
336 327 109 28 betydelse
459 328 7 21 i
482 328 68 21 denna
572 327 67 27 fräga,
663 327 74 22 dervid
759 328 20 21 vi
801 327 34 22 för
850 329 71 20 resten
935 328 63 22 hafva
1012 330 34 20 att

217 356 63 21 stöda
295 361 35 16 oss
344 357 28 26 pä
386 356 26 21 de
426 356 61 22 flesta
497 357 68 21 andra
574 356 87 22 länders
671 356 101 27 exempel.
789 356 46 21 Här
845 356 67 27 gäller
922 358 32 20 att
964 357 82 28 skydda

216 383 94 28 familjen
329 384 46 22 icke
390 387 57 20 emot
462 391 25 16 en
502 385 101 26 brottslig
619 385 40 21 och
668 385 87 27 illvillig,
771 387 53 19 utan
839 387 58 20 emot
912 391 26 16 en
953 385 22 22 af
988 387 57 21 stun-

217 412 52 23 dens
291 412 100 23 lättsinne
412 413 49 22 ledd
483 413 146 28 familjefader,
652 413 40 22 och
707 413 38 22 det
759 419 51 16 vore
825 413 35 22 vid
875 413 75 22 sädant
967 414 78 22 förhäl-

215 441 64 22 lande
301 443 32 20 ett
347 441 51 28 godt
412 442 56 22 band
483 443 28 26 pä
525 448 26 15 en
567 442 66 21 sädan
649 448 84 21 person,
748 444 33 19 att
796 442 89 21 hustrun
900 442 68 23 skulle
982 443 62 22 hafva

214 469 28 22 fri
270 470 178 27 dispositionsrätt
472 470 58 22 öfver
555 471 57 21 hvad
637 470 43 22 hon
703 470 49 27 sjelf
773 470 53 22 eller
841 471 67 21 andra
922 471 28 26 pä
964 471 79 22 hennes

215 504 63 16 namn
300 499 72 22 insatt.
411 499 49 22 Med
483 499 99 22 afseende
597 499 13 21 ä
625 499 70 22 denna
709 499 71 28 frågas
795 501 59 20 stora
868 499 110 27 praktiska
992 499 50 28 vigt,

214 527 69 22 skulle
302 527 38 27 jag
361 529 56 20 ännu
431 534 26 16 en
472 529 55 26 gäng
542 527 27 22 be
584 529 33 20 att
632 527 21 22 fä
667 527 178 23 rekommendera
859 528 65 21 saken
939 527 32 22 till
986 528 57 22 stän-

215 555 47 22 dets
276 555 148 23 medlemmars
438 557 145 26 behjertande.

283 584 33 22 Hr
331 585 137 22 Mechelin:
482 585 136 22 Beträffande
643 586 66 20 sättet
727 584 34 22 för
775 585 133 27 placeringen
924 585 23 21 af
961 585 25 22 de
999 591 43 16 me-

214 613 40 27 del,
270 619 46 16 som
331 613 87 22 samlats
432 614 7 21 i
454 613 191 28 postsparbanken,
661 615 24 20 är
699 613 7 21 i
721 613 247 27 författningsförslagets
984 613 14 29 &
1014 614 26 22 15

212 643 110 26 upptaget,
338 643 31 20 att
384 641 100 23 Finlands
492 642 133 21 statskontor
632 641 81 27 äligger
720 643 33 20 att
763 641 120 28 ombesörja
893 642 93 22 medlens
997 648 43 15 om-

212 671 94 26 sättning
321 671 7 21 i
342 671 63 21 säkra
426 670 155 22 räntebärande
606 670 146 27 obligationer.
772 670 44 21 Det
830 672 108 20 närmaste
952 671 89 22 motivet

211 698 33 22 för
267 699 69 22 denna
354 699 132 27 bestämning
501 705 34 16 om
550 699 109 27 placering
673 701 31 24 är,
720 701 33 20 att
768 699 37 21 det
820 701 25 19 är
860 699 22 21 af
894 699 44 27 vigt
952 701 32 20 att
998 699 42 22 för-

211 727 121 27 valtningen
358 729 34 20 mä
414 734 50 15 vara
485 729 24 20 sä
531 727 68 27 enkel,
623 728 24 21 sä
661 727 40 22 lätt
724 727 109 22 handhafd
848 733 45 16 som
908 727 86 28 möjligt.
1012 740 25 4 —

210 755 41 28 Jag
265 755 119 22 föreställer
406 756 42 27 mig
467 758 32 20 att
514 756 80 22 enhvar
609 755 54 22 skall
678 756 94 22 erkänna
788 758 32 19 att
835 762 35 15 om
885 756 154 22 statskontoret

209 783 69 23 skulle
300 784 69 27 äligga
391 786 32 20 att
444 791 75 21 genom
534 784 98 27 utläning
647 784 32 21 till
693 785 128 21 kommuner
835 784 102 27 befrämja
952 785 87 21 allmän-

209 813 83 27 nyttiga
313 812 83 28 företag
416 813 90 22 medelst
528 813 26 22 de
575 819 94 16 summor
683 819 47 16 som
745 813 47 22 frän
807 813 183 27 postsparbanken
1004 813 34 22 till

209 841 155 23 statskontoret
385 841 133 27 inlevereras,
537 843 24 20 sä
576 841 105 28 uppstode
696 841 67 22 redan
779 847 25 16 en
820 847 59 16 mera
893 841 144 28 komplicerad

208 870 129 27 förvaltning
358 870 22 22 af
394 871 60 21 dessa
476 870 74 22 medel.
566 870 44 21 För
625 869 43 22 min
685 869 34 22 del
733 870 70 21 skulle
815 870 38 27 jag
867 869 63 27 finna,
946 872 32 19 att
992 876 44 16 ma-

205 898 103 28 joriteten
322 898 24 22 af
362 899 159 22 statsutskottet
535 899 48 22 icke
598 898 47 22 haft
659 898 46 22 skäl
721 900 32 20 att
767 898 87 22 förorda
869 904 26 15 en
911 898 57 28 dylik
982 898 54 22 utlä-

207 927 51 27 ning
272 927 33 21 till
327 927 125 23 kommuner
467 927 22 22 af
502 928 70 27 nägon
595 927 34 22 del
645 926 22 23 af
680 927 170 26 insättningarne
865 927 7 21 i
886 927 151 27 postsparban-

206 955 49 22 ken.
270 955 44 22 Det
328 955 41 22 kan
385 956 121 27 visserligen
521 956 86 21 komma
623 961 26 16 en
663 955 37 26 tid,
721 951 27 36 dä
760 961 42 16 man
811 955 106 22 mähända
924 955 68 22 finner
998 957 38 20 nö-

206 984 47 27 digt
275 986 33 19 att
330 983 95 23 förränta
447 984 145 28 penningarne
606 983 81 22 medels
701 984 104 27 utläning,
821 984 29 27 pä
865 984 36 21 det
916 985 32 20 att
962 983 73 22 insätt-

205 1013 103 27 ningarne
323 1013 19 26 ej
358 1013 34 22 mä
407 1013 57 22 bilda
479 1015 31 19 ett
525 1012 69 22 minus
608 1011 8 22 i
631 1012 82 22 landets
729 1011 172 28 rörelsekapital;
917 1018 48 15 men
976 1012 58 22 detta

204 1041 97 22 inträffar,
315 1041 119 28 säkerligen
448 1041 48 22 icke
510 1041 67 22 under
593 1041 37 22 det
644 1041 67 22 första
719 1041 76 22 skedet
803 1040 23 22 af
832 1040 154 27 inrättningens
993 1040 41 22 till-

203 1075 58 16 varo.
292 1063 114 34 Åtskilliga
420 1070 98 27 miljoner
532 1070 69 21 måste
624 1069 84 27 samlas,
730 1069 65 22 innan
818 1069 81 27 verklig
914 1069 120 28 anledning,

203 1098 49 22 med
264 1097 82 28 hänsyn
356 1098 33 21 till
408 1098 98 22 behofvet
514 1097 23 22 af
550 1097 169 28 rörelsekapital,
735 1098 42 21 kan
792 1097 109 27 föreligga,
917 1099 32 20 att
958 1097 76 28 ålägga

202 1125 156 28 förvaltningen
372 1126 22 22 af
402 1126 195 28 postsparbankens
607 1126 106 22 medelett
723 1126 78 22 sådant
811 1126 86 21 svårare
908 1125 126 28 placerings-

202 1156 49 23 sätt.
268 1154 113 23 Närmaste
398 1155 109 28 uppgiften
521 1155 69 21 måste
605 1161 52 15 vara
671 1156 42 20 den
723 1156 32 20 att
763 1154 57 27 gifva
830 1153 160 28 ifrågavarande
998 1154 35 23 be-

201 1183 112 30 sparingar
327 1190 26 15 en
367 1183 128 28 fullkomligt
509 1183 63 22 säker
581 1183 117 27 placering;
710 1183 41 22 den
761 1183 122 22 sekundära
892 1182 141 27 synpunkten,

202 1215 32 21 att
255 1211 104 28 befrämja
380 1211 161 28 allmännyttiga
562 1211 89 27 företag,
667 1211 39 22 bör
721 1211 77 22 härvid
813 1210 47 23 icke
876 1217 49 16 vara
940 1211 41 22 den
995 1211 37 22 be-

200 1241 141 24 stämmande.
356 1240 78 23 Dertill
448 1241 96 21 kommer
559 1241 33 20 att
607 1239 59 22 såväl
680 1240 134 26 kommuner,
830 1245 46 16 som
892 1239 64 22 också
965 1239 67 22 bank-

199 1269 144 26 inrättningar
357 1269 72 22 hvilka
443 1269 56 27 gifva
513 1268 35 22 lån
563 1269 24 21 åt
601 1268 176 27 fastighetsegare
793 1267 53 22 eller
861 1267 33 22 till
903 1267 128 28 produktiva

198 1299 90 26 företag,
304 1299 38 20 äro
357 1297 7 22 i
378 1297 84 22 tillfälle
477 1299 32 20 att
523 1296 85 23 utfärda
623 1296 147 28 obligationer,
786 1302 77 21 genom
873 1295 83 22 hvilkas
965 1296 65 27 inköp

199 1327 156 23 statskontoret
376 1325 119 22 medelbart
515 1325 72 22 kunde
603 1331 69 21 gagna
687 1325 26 22 de
728 1325 101 22 ändamål
844 1331 46 15 som
905 1324 125 22 statsutkot-

197 1357 43 22 tets
262 1354 110 29 pluralitet
390 1353 71 28 afsett,
476 1355 51 20 utan
542 1355 33 20 att
589 1353 66 22 likväl
669 1353 91 22 behöfva
775 1353 54 22 bära
843 1354 81 26 tungan
939 1353 39 22 och
993 1359 37 16 an-

198 1386 72 22 svaret
288 1383 34 21 för
343 1383 42 22 den
399 1382 96 23 åsyftade
510 1382 84 22 direkta
608 1381 130 28 utlåningen.
754 1394 26 3 —
797 1381 35 22 Då
846 1381 105 22 utskottet
966 1381 64 22 emel-

196 1413 65 23 lertid
275 1411 47 23 icke
333 1411 115 22 framställt
456 1411 66 27 något
529 1410 88 28 positivt
624 1410 95 28 yrkande
726 1410 8 22 i
742 1411 70 21 denna
823 1409 61 28 fråga
891 1411 52 20 utan
954 1410 74 22 endast

195 1441 8 22 i
217 1441 120 23 motiverna
358 1439 74 22 berört
453 1439 128 26 densamma,
605 1439 62 22 torde
690 1439 36 22 det
743 1439 48 22 icke
807 1444 51 16 vara
873 1437 46 22 skäl
934 1440 32 20 att
980 1440 49 19 när-

194 1476 60 16 mare
268 1469 51 27 ingå
333 1468 28 27 på
376 1468 60 22 detta
450 1469 68 20 ämne.

263 1496 64 24 Hvad
349 1496 131 22 vidkommer
494 1494 75 28 frågan
583 1501 36 16 om
635 1496 32 21 att
681 1495 85 22 banken
781 1494 69 28 borde
863 1494 36 22 vid
913 1494 115 22 anfordran

193 1527 95 23 utlemna
310 1526 82 21 smärre
413 1524 78 28 belopp
514 1523 147 28 insättningar,
677 1525 24 22 så
715 1524 40 22 har
771 1523 70 22 denna
856 1523 39 22 sak
909 1523 46 22 sina
970 1522 57 22 olika

193 1557 68 26 sidor;
276 1554 22 23 vi
312 1552 58 24 finna
384 1552 37 23 det
435 1559 24 16 re
516 1551 23 23 af
552 1552 27 22 de
593 1552 125 23 uttalanden
732 1552 34 22 för
782 1551 41 23 och
830 1553 65 26 emot,
903 1557 46 17 som
958 1550 71 22 under
