1120 1770
230 130 42 20 454
493 132 16 18 R.
522 136 15 14 0.
550 132 15 18 A.
578 132 46 19 1885.
648 133 21 19 20
682 133 47 19 Mars.

202 200 69 22 »Samt
292 199 69 21 såsom
384 199 72 27 tillägg
478 200 31 21 till
532 200 150 28 förordningen
701 202 23 20 af
738 202 39 21 den
917 203 108 26 angående

202 225 26 22 de
250 233 41 20 nya
311 227 118 22 skatternas
444 228 109 29 införande
569 229 5 20 i
589 229 100 27 Wiborgs
704 230 49 22 län"
770 233 25 19 än
813 230 39 21 ock
867 230 66 22 orden
949 230 19 25 ,,i
984 231 41 21 Wi-

200 253 64 27 borgs
287 255 34 21 län
346 256 37 20 131
399 257 88 26 'penni".
517 257 129 27 Derigenom
662 258 68 22 skulle
745 258 156 27 förordningen,
918 259 106 26 angående

200 282 146 22 beräknandet
368 284 22 21 af
410 285 40 21 den
473 285 45 21 från
535 286 202 26 jordlägenheterna
753 288 104 26 utgående
873 288 151 26 grundskatten

201 310 51 22 eller
275 318 58 20 prop.
358 318 33 16 n:o
415 314 11 20 7
445 314 84 21 komma
545 316 32 19 att
592 314 56 26 gälla
663 315 42 21 alla
720 315 67 27 öfriga
803 316 40 26 län,
860 316 39 20 och
915 322 58 20 prop.
990 322 33 15 n:o

201 339 13 21 8
230 340 75 21 endast
320 340 96 28 Wiborgs
432 342 40 21 län.
493 342 62 27 Prop.
573 349 34 14 n:o
623 344 12 20 8
651 343 117 21 innehåller
784 344 5 20 i
805 344 41 21 alla
862 344 36 21 fall
911 350 26 15 en
949 344 75 26 mängd

202 367 228 29 detaljbestämningar,
453 376 44 16 som
513 370 72 22 fordra
601 377 25 15 en
642 372 90 21 särskild
748 372 129 26 författning,
893 372 130 22 beträffande

200 395 99 28 Wiborgs
321 397 41 27 län,
379 398 38 21 och
432 399 73 27 tycker
517 399 36 27 jag
569 400 36 20 det
621 406 49 15 vore
686 400 119 27 lämpligast
821 402 32 20 att
868 402 46 20 åter
929 401 39 21 den
984 400 39 21 för-

200 422 96 29 fattning,
320 432 45 15 som
387 426 94 22 utfärdas
496 428 48 20 med
560 428 112 26 anledning
688 428 22 21 af
723 435 60 20 prop.
799 436 35 14 n:o
851 430 18 24 7,
886 429 67 20 skulle
968 428 55 27 gälla

200 451 83 23 landets
299 453 65 27 öfriga
378 454 40 22 län.

270 481 57 21 Frih.
351 489 39 14 von
412 483 79 22 Born:
516 484 41 27 Jag
579 484 38 21 ber
632 487 32 19 att
680 485 31 20 till
728 485 42 22 alla
786 485 58 21 delar
859 485 20 21 få
895 485 127 22 understöda

200 508 36 21 det
252 509 22 21 af
286 509 46 22 frih.
349 511 154 27 Langenskiöld
517 513 75 26 gjorda
607 513 106 26 förslaget,
730 514 38 21 och
785 520 60 15 anser
861 514 42 25 mig
915 513 51 22 böra
976 513 46 22 der-

200 537 32 20 till
255 537 66 27 lägga,
345 541 31 19 att
395 540 60 21 äfven
470 541 56 20 inom
541 542 160 20 statsutskottet
716 542 54 21 efter
786 542 153 21 betänkandets
954 542 68 26 tryck-

200 565 50 27 ning
265 566 97 22 behofvet
378 568 22 20 af
413 575 25 14 en
453 569 65 21 sädan
534 570 154 26 omredigering
703 570 56 27 gjort
774 570 31 26 sig
820 570 103 26 gällande.

270 594 32 21 Hr
317 595 228 28 Yrjö-Koskinen,
562 598 24 21 G.
602 598 33 21 Z.:
652 598 42 21 Det
709 601 24 18 är
748 599 51 21 visst
815 601 53 23 sant,
880 600 32 20 att
923 598 26 22 dä
960 600 61 20 stats-

200 622 104 22 utskottet
326 624 6 20 i
355 624 143 23 betänkandet
521 626 46 21 med
591 626 113 27 anledning
719 627 22 21 af
754 633 58 21 prop.
830 633 33 15 n:o
879 628 13 20 8
908 625 112 28 föreslagit,

200 652 32 19 att
255 652 26 20 de
304 658 40 21 nya
365 654 109 21 skatterna
495 654 6 21 i
520 654 98 27 Wiborgs
637 655 34 21 län
686 655 68 21 skulle
770 655 105 27 tillämpas
891 655 46 21 frän
953 655 39 21 den
1009 656 9 20 1

199 678 88 22 Januari
312 681 52 21 1889
384 682 51 21 eller
450 684 31 20 att
497 683 68 21 denna
580 682 122 28 förordning
718 684 72 21 träder
805 684 5 20 i
827 683 56 21 kraft
897 684 25 21 är
938 684 60 25 1889,
1014 683 7 21 i

200 707 71 22 stället
294 708 32 22 för
347 712 32 19 att
401 717 61 21 prop.
483 711 124 21 förutsätter
621 712 161 26 förordningens
798 712 137 26 tillämpande
950 714 32 18 tre
997 712 24 21 är

199 735 97 28 tidigare,
313 738 39 21 den
367 738 86 28 ingress,
469 746 44 15 som
529 740 38 20 här
583 740 6 20 i
604 746 59 20 prop.
680 747 34 14 n:o
730 742 12 19 7
758 740 67 21 finnes
839 740 69 21 införd
915 731 11 40 i
923 740 97 21 författ-

198 764 168 28 ningsförslaget,
382 767 46 21 icke
443 770 24 18 är
481 768 47 21 fullt
543 768 101 27 sakenlig,
660 768 40 22 och
715 768 100 22 behöfver
831 768 115 22 förändras.
972 768 49 22 Men

198 791 34 22 för
254 793 42 21 min
320 795 32 21 del
375 796 48 21 ville
443 796 36 27 jag
501 796 64 21 likväl
587 796 131 27 ifrägasätta,
736 797 104 21 huruvida
861 797 35 21 det
914 797 42 21 kan
972 803 49 15 vara

198 819 97 29 lämpligt
318 825 30 19 att
373 824 30 20 uti
426 825 57 21 detta
505 824 78 27 förslag
605 825 33 21 till
660 825 129 27 förordning,
811 826 108 26 angäende
935 825 25 21 de
975 824 46 22 frän

196 848 200 28 jordlägenheterna
418 854 103 25 utgäende
543 854 185 26 grundskatterna,
750 860 45 15 som
811 860 59 20 prop.
886 860 34 14 n:o
937 854 12 20 7
964 853 57 22 inne-

198 876 74 27 häller,
288 878 97 28 Wiborgs
401 881 35 21 län
451 881 67 21 skulle
534 884 134 19 utmönstras.
695 881 78 27 Sjelfva
788 882 150 25 författningen
953 882 68 21 skulle

199 904 121 28 derigenom
336 908 80 22 erhålla
429 911 27 20 tn
472 909 81 22 mindre
568 909 176 27 allmängiltighet
759 912 27 19 än
800 909 55 22 hvad
865 909 80 22 afsetts.
970 909 51 22 For-

198 939 48 15 men
262 935 67 21 skulle
345 937 63 22 blifva
424 938 80 21 mindre
519 938 145 27 allmängiltig,
680 938 61 21 äfven
757 945 34 14 om
807 938 40 21 den
861 944 77 21 genom
949 944 25 15 en
985 944 35 15 an-

197 967 42 15 nan
262 962 123 29 författning
408 965 68 22 blefve
498 966 161 27 kompletterad.
690 967 44 20 För
753 967 43 20 min
816 967 34 20 del
869 969 46 18 tror
931 966 42 27 jag,
989 967 32 20 att

198 989 40 22 den
262 992 54 21 enda
337 993 129 27 korrektion,
490 1001 45 15 som
557 995 106 26 behöfves,
684 997 24 19 är
724 995 40 21 den
780 996 31 20 att
827 1001 25 14 ur
866 995 108 26 ingressen
989 996 32 19 ut-

197 1018 83 27 strykes
303 1020 37 21 allt
362 1021 56 22 hvad
432 1029 45 15 som
493 1023 95 21 kommer
603 1023 53 21 efter
670 1023 78 21 ärtalet
764 1024 61 25 1841,
843 1023 18 21 d.
878 1029 18 14 v.
913 1029 14 14 s.
945 1022 74 21 orden:

198 1048 69 22 »Sämt
282 1048 70 22 såsom
367 1050 73 28 tillägg
455 1051 32 21 till
502 1050 149 28 förordningen
666 1051 22 21 af
702 1051 41 21 den
958 1051 63 26 angä-

198 1074 54 21 ende
272 1076 26 21 de
314 1083 40 21 nya
368 1078 120 22 skatternas
503 1080 109 20 införande
627 1080 7 20 i
649 1079 99 27 Wiborgs
762 1079 56 21 län*.
849 1079 40 27 Jag
904 1080 46 20 tror
964 1081 56 19 näm-

197 1101 63 29 ligen,
276 1106 33 20 att
323 1106 37 21 allt
376 1107 42 26 det,
434 1114 45 15 som
495 1108 106 26 behöfves,
617 1108 77 21 uttalas
710 1108 31 20 uti
756 1108 115 26 ingressen,
887 1113 35 15 om
937 1107 36 21 det
988 1109 32 19 sä-

196 1136 43 20 ges,
263 1134 33 20 att
317 1133 150 29 författningen
486 1136 79 27 äsyftar
580 1136 123 27 förändring
718 1136 22 21 af
753 1136 166 26 kungörelserna
934 1135 22 21 af
969 1136 51 20 ären

197 1159 57 21 1840
277 1161 39 21 och
340 1164 60 25 1841,
420 1164 86 21 emedan
522 1164 5 21 i
546 1165 55 21 1840
615 1165 35 21 ärs
666 1164 96 22 manifest
778 1164 141 27 uttryckligen
935 1166 85 18 nämnes

196 1186 100 29 Wiborgs
314 1190 40 27 län,
370 1191 89 23 likasom
472 1193 77 26 jemväl
563 1193 14 21 f.
595 1193 18 21 d.
631 1193 82 21 Torneä
729 1192 72 26 härad,
818 1192 67 27 begge
899 1193 69 20 säsom
984 1198 36 14 un-

197 1214 81 29 dantag
295 1218 45 22 frän
355 1221 319 27 räntepersedelomsättningen.
706 1221 33 21 Dä
754 1227 28 14 nu
798 1220 61 22 dessa
873 1220 147 26 förordningar

196 1244 118 31 upphäfvas
329 1248 38 20 och
383 1248 39 22 här
436 1249 97 27 Wiborgs
548 1249 35 21 län
599 1249 141 27 uttryckligen
748 1251 88 19 nämnes
846 1249 7 20 i
862 1244 157 40 författningen,

194 1272 50 21 ville
264 1273 38 27 jag
320 1274 83 28 föreslå,
419 1278 32 20 att
466 1278 64 26 något
545 1278 154 21 omnämnande
714 1277 46 21 utaf
774 1277 41 21 den
829 1276 129 28 författning,
974 1282 46 16 som

195 1301 101 22 särskildt
318 1303 117 23 behandlar
457 1306 40 21 den
519 1312 40 21 nya
581 1306 184 26 skattläggningen
781 1305 7 21 i
803 1305 99 26 Wiborgs
917 1305 41 25 län,
974 1305 47 21 icke

194 1327 70 23 skulle
279 1330 39 21 här
332 1331 55 28 ingå.

210 1383 4 4 .
264 1357 33 22 Hr
312 1359 157 29 Schauman,
484 1362 68 27 Aug.:
569 1362 40 21 Att
623 1362 108 27 ingressen
741 1361 33 22 till
784 1361 145 27 föreliggande
939 1360 81 22 författ-

193 1385 141 30 ningsförslag
356 1388 46 23 icke
424 1390 42 21 kan
484 1390 117 21 bibehållas
619 1390 66 21 sådan
701 1390 41 21 den
756 1389 8 22 i
779 1389 51 27 kejs.
846 1395 59 21 prop.
923 1391 24 20 är
961 1388 59 23 affat-

193 1413 44 26 tad,
256 1414 7 21 i
278 1415 100 23 händelse
393 1419 169 21 statsutskottets
577 1418 135 21 betänkande
726 1418 8 21 i
749 1418 60 27 fråga
823 1423 36 16 om
874 1418 41 21 den
929 1423 41 21 nya
984 1417 36 32 be-

194 1440 137 32 skattningen
353 1445 7 20 i
382 1446 98 27 Wiborgs
503 1447 35 21 län
560 1446 69 22 blefve
650 1446 117 27 godkändt,
786 1448 24 19 är
825 1445 110 26 naturligt,
950 1452 48 15 men
1012 1452 8 14 i

188 1463 73 42 likhet
276 1473 48 20 med
338 1476 84 19 senaste
438 1475 63 22 ärade
516 1475 68 21 talare
599 1481 62 16 anser
672 1475 38 27 jag
725 1475 37 21 det
772 1481 51 14 vara
833 1473 33 22 för
876 1474 84 27 mycket
970 1479 50 16 ona-

192 1497 81 28 turligt,
297 1506 34 16 om
353 1501 99 29 Wiborgs
474 1503 35 22 län
531 1503 69 22 blefve
623 1503 101 22 uteslutet
738 1503 48 21 från
801 1502 41 22 den
857 1502 106 21 allmänna
973 1501 46 32 för-

191 1524 119 30 fattningen
326 1535 34 15 om
375 1530 151 28 skatterubeln,
543 1531 39 22 och
597 1531 48 22 ville
658 1531 36 27 jag
710 1530 70 22 derför
796 1530 117 27 hemställa,
928 1536 34 15 om
972 1528 47 23 icke
