1117 1753
259 142 42 21 254
535 141 16 18 R.
564 146 14 14 0.
591 141 16 18 A.
620 141 46 20 1886.
690 141 10 19 9
713 141 44 20 Fobr.

230 210 217 27 menniskokroppens
470 211 100 27 byggnad
593 211 39 21 och
648 211 49 21 dess
711 211 156 26 förrättningar
881 211 7 20 i
904 212 153 27 sammanhang

230 239 49 21 med
301 239 103 26 zoologin,
428 239 40 22 och
484 240 38 21 det
536 245 51 16 vore
602 245 27 16 en
646 239 167 27 komplettering
828 239 23 21 af
865 239 68 21 denna
948 239 57 26 kurs,
1021 247 35 14 om

231 268 26 21 de
272 267 69 21 första
355 267 123 27 grunderna
493 269 7 20 i
515 267 141 22 helsovärden
672 268 91 21 tillades.
794 268 95 21 Emedan
904 267 41 21 den
952 267 52 27 högt
1013 268 43 21 för-

231 295 66 27 tjente
312 302 55 20 man,
384 302 44 15 som
444 296 40 22 hos
500 303 35 15 oss
551 297 133 26 organiserat
697 296 215 25 folkskoleväsendet,
927 296 65 21 redan
1007 296 50 21 dra-

230 324 32 27 git
283 324 83 27 försorg
388 331 40 20 om,
452 327 34 20 att
508 326 60 21 detta
583 327 61 19 ämne
665 327 25 19 är
704 325 81 21 infördt
799 325 8 20 i
822 325 156 24 seminarierna,
993 325 62 20 torde

231 352 48 21 dess
295 352 160 27 öfverfiyttande
471 354 7 20 i
493 354 88 26 lämplig
596 354 55 21 form
666 354 35 20 vid
716 353 147 21 folkskolorna
877 353 46 21 icke
938 354 58 20 möta
1006 352 50 22 allt-

230 380 34 22 för
279 380 62 22 svära
356 381 81 21 hinder.

299 410 61 20 Hvad
381 410 37 26 jag
432 410 74 22 anfört
529 411 39 21 har
584 411 80 27 äsyftat
686 412 33 20 att
734 410 111 27 öfvertyga
860 410 73 21 derom
947 409 36 21 det
998 409 56 27 högl.

230 437 85 22 ständet
337 440 32 19 att
390 438 46 22 icke
460 440 77 20 endast
558 446 26 14 en
606 440 52 20 liten
681 439 178 26 undervisnings-,
877 444 25 15 en
917 438 139 27 tjenstefräga

229 466 108 22 föranledt
359 467 42 27 mig
416 469 32 19 att
471 470 96 25 upptaga
582 468 96 21 ständets
700 468 38 25 tid,
754 470 52 18 utan
821 469 33 19 att
869 467 105 21 derunder
988 466 68 27 ligger

230 496 32 20 ett
284 496 61 26 djupt
368 496 40 20 och
429 496 91 22 allmänt
542 498 97 20 intresse.
669 496 42 22 Det
727 496 108 21 allmänna
856 495 200 26 besvärsutskottet,

230 524 33 21 till
278 524 81 21 hvilket
372 524 37 27 jag
424 525 98 21 anhäller
537 527 33 19 att
586 526 70 20 denna
670 525 90 26 petition
770 524 67 22 mätte
848 524 65 21 blifva
923 523 131 26 remitterad,

230 552 54 22 skall
300 552 107 22 mähända
421 552 59 23 finna
496 554 68 21 andra
578 554 70 21 medel
662 554 34 20 för
712 553 75 27 syftets
798 553 81 21 näende
890 552 51 22 eller
948 552 107 21 mähända

231 587 50 15 anse
305 583 31 19 att
352 583 31 19 ett
405 582 133 22 allmännare
554 582 67 22 hället
640 582 111 21 uttalande
766 582 47 20 frän
829 581 125 21 ständernas
969 581 47 21 sida
1031 582 25 19 är

231 609 36 21 det
288 610 144 27 lämpligaste;
456 617 49 15 men
526 611 37 27 jag
580 611 66 27 vågar
660 611 7 21 i
683 611 42 21 alla
747 610 37 21 fall
800 613 33 18 tro
849 612 32 19 att
899 609 85 21 ståndet
999 609 55 21 skall

231 644 50 15 anse
291 639 127 26 spörsmälet
427 639 95 28 förtjena
533 641 41 20 den
584 640 116 27 beredning
711 640 107 21 utskottet
829 639 54 20 skall
891 639 72 20 kunna
973 638 81 21 skänka

230 667 124 21 detsamma.

298 696 58 20 Frih.
372 696 103 26 Wrede,
493 697 25 21 R.
534 692 35 26 A::
586 697 70 21 Också
669 697 38 26 jag
722 697 38 21 ber
776 696 62 21 attfä
852 695 107 27 tillstyrka
969 695 85 25 petitio-

229 730 52 15 nens
304 724 75 21 remiss
401 724 32 21 till
458 726 109 20 allmänna
582 725 201 21 besvärsutskottet.
814 724 42 21 Det
872 726 24 19 är
910 724 47 20 icke
972 722 83 22 tvifvel-

229 752 70 27 aktigt
321 754 32 20 att
376 755 31 19 ett
429 754 57 21 folks
511 754 108 21 allmänna
639 753 200 22 sundhetstilistänä
855 754 63 25 utgör
933 753 31 20 ett
978 751 77 27 vigtigt

229 781 69 22 vilkor
319 781 33 21 för
375 782 48 21 dess
439 782 63 27 lycka
518 783 39 21 och
572 782 201 26 framätskridande,
790 782 40 21 och
845 783 32 19 att
893 786 111 20 omsorgen
1019 786 35 14 om

229 811 33 20 att
284 810 61 21 detta
367 811 202 21 sundhetstillständ
587 818 51 14 vore
653 812 52 25 godt
721 811 39 21 och
776 809 197 23 tillfredsställande
988 810 24 19 är
1028 814 27 15 en

229 838 89 27 uppgift,
333 839 35 21 väl
383 840 53 20 värd
451 841 85 20 statens
551 840 107 21 omtanke.
689 839 70 21 Ocksä
773 840 43 20 kan
831 845 49 14 man
895 838 46 20 icke
957 837 48 21 med
1019 836 36 26 fog

228 866 63 27 pästä
313 869 32 19 att
367 868 7 20 i
397 868 59 21 detta
480 868 101 22 afseende
604 868 124 27 tillräckligt
750 868 67 21 redan
832 873 50 15 vore
898 866 94 26 ätgjordt
1007 864 48 22 frän

228 896 179 21 statsmakternas
427 897 47 21 sida
490 897 39 21 hos
545 902 41 16 oss.
618 897 60 21 Hvad
694 904 28 14 nu
738 897 96 21 deremot
849 894 102 22 beträffar
966 894 26 20 de
1008 899 46 21 spe-

229 924 61 21 ciella
305 924 107 27 ätgärder,
428 931 47 15 som
492 926 40 20 den
549 926 65 20 ärade
625 926 142 26 petitionären
779 925 40 21 har
829 923 110 27 föreslagit
949 923 32 21 för
992 922 63 21 reali-

228 953 101 21 serandet
344 953 23 21 af
387 953 60 21 detta
470 954 107 27 syftemäl,
601 954 23 21 sä
648 956 24 19 är
694 954 36 21 det
745 954 59 20 svärt
819 954 33 20 för
867 952 43 26 mig
924 953 33 19 att
973 951 80 27 afgöra,

228 981 105 21 huruvida
346 982 44 26 just
406 982 62 21 dessa
485 983 102 27 ätgärder
603 989 49 15 vore
667 983 122 26 lämpligast
805 982 39 21 och
857 981 37 27 jag
909 982 46 19 tror
971 981 31 19 att
1018 979 37 21 det

228 1010 65 21 ocksä
315 1010 42 21 kan
380 1010 65 22 blifva
467 1012 84 26 ganska
573 1011 58 21 svärt
652 1012 34 20 för
705 1012 121 20 ständerna.
856 1010 41 26 Jag
911 1008 55 21 hade
982 1007 73 21 derför

227 1044 66 21 gerna
309 1040 42 19 sett
367 1040 33 19 att
414 1040 108 26 yrkandet
537 1041 7 20 i
559 1040 118 26 petitionen
692 1040 55 20 hade
761 1040 56 20 varit
833 1038 66 21 hållet
913 1038 8 19 i
935 1036 66 27 något
1016 1036 40 20 all-

228 1069 102 19 männare
345 1067 61 21 form.
436 1068 64 21 Hvad
517 1075 28 14 nu
561 1069 102 20 särskildt
679 1068 102 21 beträffar
797 1065 184 27 nödvändigheten
997 1064 22 21 af
1028 1069 27 16 en

227 1096 90 21 lärostol
338 1096 7 20 i
367 1096 77 27 hygien
467 1097 37 20 vid
520 1097 154 26 universitetet,
691 1097 23 20 sä
730 1099 23 18 är
769 1097 60 20 detta
845 1101 26 16 en
886 1094 67 27 fråga,
969 1099 45 15 som
1031 1094 24 19 är

227 1124 82 27 ganska
331 1124 49 21 svär
399 1126 32 19 att
447 1125 93 22 bedöma
554 1125 48 22 frän
618 1126 125 20 ständernas
759 1125 52 21 sida.
841 1124 42 21 Det
898 1122 103 22 förhäller
1016 1121 38 26 sig,

228 1153 111 26 nemligen,
357 1153 69 22 säsom
442 1154 42 21 den
501 1155 65 20 ärade
582 1155 142 25 petitionären
741 1153 64 22 ocksä
820 1152 123 24 framhällit,
960 1150 48 21 med
1018 1149 38 21 be-

227 1181 73 21 hofvet
323 1182 47 21 utaf
384 1182 132 26 läroplatser
531 1183 34 20 vid
580 1183 125 20 universitet
721 1182 27 27 pä
764 1183 36 20 det
816 1183 66 20 sättet
897 1182 32 19 att
944 1179 66 31 detta
1019 1178 37 21 be-

227 1210 39 21 hof
283 1210 61 21 alltid
359 1213 25 18 är
399 1211 88 21 relativt
504 1212 40 21 och
560 1211 72 21 derför
648 1211 75 21 endast
737 1211 43 21 kan
795 1211 102 20 bedömas
912 1208 35 21 vid
963 1214 25 15 en
1002 1213 54 20 jem-

227 1238 77 21 förelse
327 1239 91 21 emellan
440 1239 54 22 flere
518 1240 58 21 olika
592 1240 72 27 dylika
679 1239 70 22 behof.
779 1239 40 21 Att
834 1245 28 14 nu
878 1237 115 22 ständerna
1008 1235 48 21 icke

227 1266 72 21 kunna
322 1267 80 22 besitta
421 1268 212 27 förutsättningarna
648 1269 33 20 för
697 1274 25 15 en
739 1268 57 27 dylik
810 1265 121 29 jemförelse
947 1264 40 32 och
1002 1269 54 26 upp-

228 1295 109 26 skattning
359 1296 24 21 af
403 1297 25 20 de
451 1297 61 21 olika
535 1297 105 21 behofven
662 1297 7 21 i
691 1296 76 21 sädant
787 1295 99 22 afseende
901 1295 47 19 tror
961 1298 37 21 jag
1013 1297 44 20 mig

227 1324 46 21 icke
296 1323 93 22 behöfva
404 1325 102 22 utveckla
521 1328 106 19 närmare.
657 1326 42 20 Det
715 1327 24 18 är
754 1325 105 26 nemligen
874 1322 58 21 klart
948 1322 32 19 att
996 1325 61 27 rege-

228 1353 79 26 ringen,
324 1359 45 14 som
386 1355 23 19 är
424 1354 7 20 i
446 1354 88 21 tillfälle
550 1356 32 19 att
597 1354 95 21 inhemta
702 1353 126 22 utlätanden
838 1351 55 22 ifrän
903 1350 153 21 konsistorium

228 1381 144 22 academicum
397 1383 38 20 och
456 1383 5 20 i
479 1389 28 14 en
524 1383 66 21 sädan
606 1382 66 27 fräga,
689 1389 45 14 som
750 1383 75 24 denna,
843 1380 61 22 äfven
919 1379 48 21 frän
982 1377 75 31 veder-

227 1409 96 22 börande
338 1411 132 20 medicinska
486 1411 157 27 myndigheter,
659 1411 131 20 medicinska
805 1409 120 22 fakulteten
940 1407 40 21 och
990 1405 67 34 medi-

228 1438 226 27 cinalöfverstyrelsen,
471 1441 35 20 att
530 1440 132 26 regeringen,
685 1441 61 25 säger
766 1439 43 26 jag,
829 1439 78 20 lättare
923 1437 42 20 kan
980 1435 78 24 afväga

227 1468 46 19 mot
295 1467 122 21 hvarandra
440 1468 24 21 de
487 1469 113 24 intressen,
617 1474 45 14 som
678 1468 72 20 kunna
765 1469 53 25 göra
834 1467 31 26 sig
880 1464 105 28 gällande.
1016 1462 42 32 Jag

227 1495 37 20 vill
287 1495 128 26 exempelvis
437 1498 82 19 nämna
542 1499 32 18 att
598 1497 151 26 obestridligen
765 1495 106 27 juridiska
886 1490 172 33 fakulteten
1017 1486 43 42 vid

227 1523 148 22 universitetet
398 1526 24 19 är
444 1525 6 20 i
474 1527 58 19 stort
557 1524 64 21 behof
641 1524 23 21 af
682 1525 67 20 ökade
770 1523 159 22 lärarekrafter.
960 1521 31 20 De
1005 1525 53 21 juri-

229 1551 61 22 diska
313 1552 150 27 disciplinerna
479 1555 40 19 äro
536 1553 110 21 fördelade
661 1553 27 26 pä
704 1553 23 21 sä
742 1552 19 21 få
779 1553 89 24 händer,
884 1552 38 23 att,
939 1549 70 21 såsom
1025 1553 34 14 er-
