1120 1770
366 123 16 18 R
394 127 14 15 0.
422 123 16 18 A.
450 122 46 20 1885.
522 123 21 18 28
556 123 45 19 Fehr.
833 121 41 24 305

79 191 76 28 åsyfta.
185 191 86 23 Samma
293 191 38 22 sak
354 191 79 22 önskar
451 191 37 28 jag
504 191 89 22 alldeles
607 191 44 21 lika
666 191 67 28 lifligt,
749 191 37 22 det
800 197 38 16 var
853 191 50 21 alle-

79 222 50 20 nast
149 221 33 21 för
204 221 33 21 att
258 219 102 26 förklara,
375 219 88 22 hvarför
484 220 68 27 enligt
568 220 45 21 min
628 219 138 28 uppfattning
781 220 69 22 denna
865 219 39 22 sak

79 249 70 22 blifvit
165 249 4 22 i
182 248 161 27 propositionen
353 249 133 21 annorlunda
496 249 122 21 behandlad
629 254 46 15 som
683 249 38 26 jag
730 250 83 26 upptog
821 248 82 27 frågan.

148 278 33 21 Hr
203 277 213 22 Nordenskiöld:
438 277 41 27 Jag
502 277 39 22 ber
562 279 34 19 att
614 277 24 20 få
651 277 76 21 förena
741 277 43 28 mig
799 284 33 15 om
847 273 57 26 hvad

80 306 26 22 hr
121 306 71 22 Antell
207 307 68 26 yttrat
289 305 91 22 rörande
394 305 161 22 fastställandet
570 306 23 21 af
606 305 128 27 räntefoten,
750 306 104 27 nemligen
871 307 33 20 ått

81 335 36 22 det
138 335 47 21 icke
199 339 51 16 vore
265 334 47 21 skäl
327 334 33 21 för
376 334 116 21 ständerna
506 336 34 19 att
553 334 110 21 fastställa
677 334 124 22 densamma
814 334 48 22 från
877 339 27 16 en

80 363 103 27 landtdag
204 363 33 21 till
259 369 27 15 en
301 369 75 15 annan.
406 362 44 22 För
465 363 65 27 öfrigt
544 363 87 21 förenar
643 362 38 27 jag
696 363 43 26 mig
754 363 49 22 med
817 363 26 22 de
858 363 45 26 hrr,

82 398 45 16 som
149 391 100 22 omfattat
270 393 174 20 reservanternas
459 391 56 28 åsigt
530 391 40 22 och
586 397 62 22 synes
663 391 37 22 det
714 391 43 27 mig
772 393 33 20 att
819 392 26 21 de
860 391 43 22 för-

81 420 114 23 hållanden
217 420 7 21 i
246 420 104 25 utlandet,
372 425 46 16 som
440 421 66 26 enligt
524 420 26 21 hr
572 420 114 21 Hackman
703 420 69 21 skulle
787 421 45 21 tala
846 421 58 20 emot

82 449 127 26 densamma,
231 448 48 22 icke
301 448 71 22 bevisa
393 450 65 19 annat
476 450 28 20 än
519 450 34 20 att
568 448 37 22 det
619 448 40 27 går
674 454 26 15 en
715 448 53 22 fläkt
782 449 23 21 af
817 448 87 27 protek-

81 478 107 22 tionistisk
203 477 56 21 anda
273 483 76 21 genom
363 477 112 27 samtiden,
489 477 88 21 hvilken
591 477 50 27 föga
656 476 73 22 består
744 478 108 26 gentemot
867 476 37 22 det

81 507 69 21 sunda
163 506 110 21 förnuftet.

150 535 33 21 Hr
205 534 153 26 Schauman,
374 534 29 21 M.
425 534 126 27 Syftemålet
565 534 49 22 med
629 534 274 27 postsparbankinstitutio-

82 569 41 16 nen
145 564 24 20 är
184 563 155 27 otvifvelaktigt
354 564 32 20 att
400 569 70 21 gagna
485 563 42 21 den
541 562 77 28 fattiga
633 562 157 28 befolkningen,
806 568 47 16 men
866 562 38 27 jag

81 591 98 23 betviflar
193 591 118 27 högeligen,
325 590 106 22 huruvida
438 591 70 21 denna
518 592 125 26 befolkning
650 591 109 27 verkligen
773 592 84 22 komme
871 592 34 20 att

82 620 65 22 hafva
166 620 70 27 någon
257 620 117 21 nämnvärd
391 621 62 26 nytta
467 620 23 22 af
504 626 27 16 en
546 620 67 22 sådan
628 620 123 27 inrättning,
766 622 24 26 ty
804 620 43 22 alla
860 625 45 16 me-

81 649 40 27 del,
145 655 45 16 som
212 649 40 21 den
269 649 75 27 fattige
359 649 66 21 insatt
439 649 8 21 i
461 649 187 27 postsparbanken
664 649 68 21 skulle
748 649 65 27 enligt
827 649 12 28 $
855 649 26 21 15
896 648 8 21 i

81 678 41 22 den
143 677 48 22 nåd.
207 683 60 21 prop.
282 678 78 21 hamna
374 678 7 21 i
396 677 91 26 banken,
503 677 34 22 för
553 679 32 20 att
600 677 85 21 utlånas
701 677 23 22 ät
739 678 25 21 de
779 678 53 21 rika.
861 677 43 21 Det

81 709 25 19 är
121 706 89 22 sålunda
225 707 40 20 den
281 707 45 21 rike
340 713 46 15 som
403 706 85 22 komme
504 708 33 19 att
552 706 64 21 hafva
630 712 57 21 gagn
701 706 24 21 af
737 706 55 22 hvad
808 707 40 21 den
862 705 43 22 fat-

81 735 43 27 tige
145 741 76 20 genom
244 735 37 21 sitt
303 735 73 21 arbete
391 735 40 21 har
446 737 81 24 sparat.
557 735 34 21 Då
603 735 38 26 jag
655 735 47 21 icke
717 735 43 21 kan
774 735 51 27 gilla
839 734 66 27 något

82 763 76 22 sådant
176 765 52 20 utan
244 770 63 15 anser
320 765 33 20 att
368 764 36 21 det
419 763 85 22 komme
520 765 34 20 att
568 765 57 19 ännu
639 769 61 16 mera
714 763 93 22 förstora
821 763 84 27 klyftan

82 792 90 21 emellan
194 792 25 21 de
242 792 77 27 fattiga
340 792 40 21 och
402 792 26 21 de
448 793 54 26 rika,
518 792 69 21 måste
600 792 38 27 jag
652 792 35 21 för
701 792 43 21 min
760 792 33 21 del
809 791 96 27 afstyrka

82 820 59 22 såväl
161 821 42 21 den
217 820 49 22 nåd.
281 827 59 20 prop.
356 827 46 15 som
416 821 120 22 utskottets
550 821 144 21 betänkande.
721 821 41 26 Jag
777 821 40 21 har
830 819 76 22 nämli-

81 855 41 22 gen
143 849 64 21 tänkt
228 849 43 27 mig
293 850 65 21 saken
380 849 30 26 så,
434 851 33 20 att
488 850 64 21 dessa
573 849 70 22 medel
661 855 46 15 som
723 849 89 22 sålunda
827 848 78 22 samlas

83 877 98 22 öfverallt
198 878 8 20 i
220 878 81 26 landet,
315 878 69 22 skulle
398 878 110 21 användas
522 878 34 21 till
571 884 27 14 en
612 877 111 26 folkbank,
739 878 38 20 der
792 878 41 21 den
846 877 60 21 fatti-

81 912 51 21 gare
154 906 150 27 befolkningen
326 906 60 22 äfven
408 906 69 22 skulle
498 906 22 22 få
534 906 84 22 tillfälle
634 908 33 19 att
681 905 93 27 upplåna
789 906 46 21 små
849 911 57 15 sum-

82 941 53 19 mor,
157 936 22 26 ty
202 941 49 15 man
265 941 81 21 gagnar
367 936 42 20 den
423 935 59 27 lägre
505 935 152 27 befolkningen
671 935 48 21 icke
733 935 76 21 endast
823 934 82 27 derige-

82 970 49 14 nom
154 965 32 20 att
208 964 41 21 den
271 964 81 21 lemnas
373 963 83 22 tillfälle
478 965 34 20 att
534 964 57 26 gifva
612 963 51 21 bort
685 964 46 20 sina
752 969 86 21 pengar,
853 964 54 20 utan

83 992 62 22 äfven
166 998 76 21 genom
264 994 33 20 att
319 992 41 22 den
381 992 70 22 blefve
465 992 8 22 i
488 992 85 22 tillfälle
589 994 33 19 att
636 992 23 21 få
674 992 70 21 såsom
760 992 36 21 lån
810 993 97 25 mottaga

82 1026 86 22 pengar.

149 1050 32 20 Hr
203 1050 139 21 Mechelin:
366 1050 44 26 Mig
432 1056 63 20 synes
518 1052 33 19 att
574 1050 39 21 den
637 1051 84 19 senaste
743 1049 65 21 ärade
823 1048 84 22 talaren

83 1077 129 28 fullkomligt
226 1078 160 27 missuppfattat
400 1078 56 22 hvad
472 1078 124 22 ändamålet
610 1078 49 21 med
675 1084 26 15 en
716 1077 156 27 postsparbank
883 1078 25 20 är

83 1106 40 22 och
144 1106 68 22 likaså
234 1107 56 21 hvad
312 1107 128 27 stadgandet
460 1107 7 21 i
485 1107 12 28 &
514 1108 26 20 15
556 1107 23 21 af
592 1106 105 27 förslaget
711 1106 62 22 afser.
803 1106 40 22 Om
858 1111 51 15 man

83 1135 68 21 skulle
173 1135 62 21 locka
256 1136 34 21 till
312 1136 116 27 insättning
450 1136 26 21 de
495 1136 151 21 obemedlades
661 1135 46 21 små
722 1141 136 21 sparpengar,
873 1134 35 21 för

83 1166 33 20 att
138 1164 72 27 sprida
231 1164 48 22 dem
297 1164 70 22 såsom
382 1164 166 27 rörelsekapital
563 1164 23 21 åt
602 1164 47 21 dem
665 1164 72 21 hvilka
752 1164 67 20 sakna
833 1162 74 28 dylikt,

82 1192 24 22 så
126 1194 24 20 är
165 1192 36 22 det
215 1193 82 27 ganska
312 1193 92 26 osäkert,
420 1193 108 21 huruvida
543 1193 26 21 de
584 1193 80 21 insatta
679 1192 142 28 penningarne
837 1190 70 22 skulle

82 1221 86 21 komma
183 1221 101 26 tillbaka;
300 1221 36 21 det
350 1221 72 22 kunde
438 1221 27 21 då
480 1222 73 21 hända
563 1223 33 19 att
606 1222 127 20 ständernas
743 1220 84 27 garanti
837 1218 71 22 blefve

82 1251 64 26 tagen
160 1250 7 20 i
183 1250 92 27 anspråk
290 1250 7 21 i
312 1250 82 26 ganska
409 1252 45 19 stor
468 1250 158 27 utsträckning.
648 1249 151 22 Bedrifvandet
809 1248 24 22 af
841 1248 68 21 bank-

82 1278 87 26 rörelse,
185 1278 36 22 det
235 1278 36 22 må
286 1278 28 22 då
328 1285 52 15 vara
394 1278 136 27 folkbanker,
546 1278 213 22 handtverksbanker
774 1277 53 21 eller
841 1276 68 22 andra

83 1307 80 21 sådana
185 1309 24 19 är
224 1307 61 21 alltid
301 1309 31 19 ett
347 1307 155 27 affärsföretag,
519 1314 45 15 som
580 1307 85 21 fordrar
680 1307 32 21 sin
728 1306 105 22 särskilda
848 1312 62 19 orga-

82 1335 98 26 nisation,
203 1335 32 21 sin
256 1335 105 22 särskilda
376 1336 108 21 omtanke.
514 1335 189 27 Postsparbanken
718 1335 67 21 måste
800 1333 65 22 hafva
880 1333 31 21 all

83 1364 32 21 sin
130 1364 100 21 omtanke
245 1364 8 21 i
267 1364 99 21 afseende
382 1363 13 22 å
409 1364 97 21 medlens
516 1364 109 27 placering
639 1363 157 22 koncentrerad
810 1362 29 27 på
848 1362 63 21 bere-

83 1392 78 22 dandet
183 1392 23 21 af
227 1393 81 21 största
323 1393 87 27 möjliga
426 1393 102 21 säkerhet
542 1393 35 21 vid
592 1392 161 27 förräntningen
768 1392 23 21 af
803 1391 27 21 de
846 1390 65 22 efter-

82 1421 57 22 hand
161 1420 177 22 ditströmmande
360 1421 46 22 små
425 1422 203 26 sparpenningarna,
652 1421 41 21 den
707 1421 88 21 förfelar
810 1420 31 21 sin
856 1424 54 22 upp-

78 1445 44 36 gift
136 1455 34 44 om
185 1449 42 21 den
242 1449 44 22 slår
301 1450 32 27 sig
347 1450 29 26 på
390 1450 126 22 omedelbar
531 1450 97 27 utlåning
643 1456 51 15 vare
710 1450 31 26 sig
751 1449 33 21 till
793 1448 78 26 fattiga
881 1447 30 22 el-

82 1479 32 21 ler
129 1478 52 22 rika.

151 1507 33 21 Hr
199 1506 23 22 af
235 1506 145 22 Forselles:
395 1506 44 22 Det
453 1513 39 15 var
506 1507 50 21 med
572 1506 114 27 anledning
701 1506 22 21 af
735 1506 27 21 hr
777 1506 134 21 Schaumans

83 1535 111 22 uttalande
214 1535 38 27 jag
266 1535 50 21 ville
337 1537 53 25 göra
412 1535 68 27 några
503 1536 125 26 erinringar,
651 1541 49 15 men
722 1536 25 20 är
768 1534 33 22 till
815 1533 44 22 alla
873 1532 38 22 de-
