1123 1761
242 137 41 21 198
508 139 15 18 R.
537 144 14 14 0.
565 139 16 18 A.
592 139 48 19 1885.
658 135 11 33 —
680 140 9 18 5
701 139 44 20 Febr.

213 210 66 22 rande
303 209 134 28 rusgifvande
462 208 100 28 dryckers
587 209 138 27 tillverkning
749 209 41 22 och
815 209 124 28 försäljning
960 216 27 15 m.
1010 217 27 14 m.

213 242 56 24 (pag.
287 239 56 26 130).

281 267 32 21 Hr
328 267 83 26 Späre
426 266 125 27 hemstälde,
567 265 106 22 huruvida
689 266 46 21 icke
747 266 7 21 i
764 266 153 27 sammanhang
927 267 48 21 med
984 267 54 21 före-

213 296 92 20 varande
324 295 59 27 fråga
398 295 35 21 det
449 295 23 21 af
485 295 26 20 hr
526 295 97 21 Granfelt
638 295 121 21 inlemnade
774 295 217 27 petitionsmemorial,
1007 295 32 21 sä-

213 330 45 15 som
273 324 117 21 berörande
405 330 80 15 samma
500 325 68 24 ämne,
583 323 72 21 kunde
670 325 61 25 tagas
746 324 69 20 under
830 323 125 21 diskussion.

281 352 32 22 Hr
335 359 19 14 v.
376 352 105 25 Alftan,
507 358 44 15 som
570 352 111 26 samtidigt
701 352 49 21 med
765 352 26 20 hr
807 352 66 26 Späre
889 352 74 27 begärt
978 352 60 21 ordet

212 381 94 27 yttrade:
337 381 66 21 Dessa
420 381 115 27 petitioner
557 386 35 16 om
607 380 135 27 fullständigt
757 380 128 22 hämmande
900 381 51 21 eller
966 387 72 15 ansen-

212 410 40 26 ligt
274 410 155 21 inskränkande
444 409 23 21 af
479 409 266 27 bränvinstillverkningen
761 409 40 21 och
817 409 168 27 konsumtionen,
1001 411 36 19 äro

212 438 47 22 icke
281 438 115 28 nägonting
418 440 53 25 nytt.
501 438 32 21 De
552 437 64 22 hafva
630 438 137 21 förekommit
783 438 65 21 ocksä
863 438 35 21 vid
913 438 125 27 föregäende

213 467 133 27 landtdagar,
362 467 67 22 ehuru
443 467 95 21 rörelsen
554 467 70 21 denna
639 467 56 26 gäng
705 467 81 21 kanske
796 467 56 20 varit
867 467 64 27 nägot
941 473 58 15 mera
1008 467 30 20 in-

212 496 73 21 tensiv.
317 496 72 21 Skulle
408 503 29 14 nu
456 496 69 21 denna
543 495 81 22 rörelse
639 496 57 20 inom
712 495 151 27 befolkningen
878 495 114 22 inskränka
1006 495 32 27 sig

213 525 32 20 till
261 527 32 19 att
307 531 75 20 genom
398 524 188 22 ästadkommande
602 524 23 21 af
638 524 253 27 nykterhetsföreningar,
907 524 81 21 säledes
1003 531 35 20 ge-

211 559 50 15 nom
283 553 85 27 frivillig
386 553 218 25 öfverenskommelse,
620 553 117 21 förminska
752 553 164 21 konsumtionen
931 552 23 22 af
966 553 72 21 starka

211 582 96 26 drycker,
323 582 23 21 sä
360 588 50 15 vore
425 583 72 20 derom
512 581 110 27 ingenting
638 584 65 18 annat
718 583 27 19 än
760 582 53 26 godt
829 583 31 19 att
875 583 56 25 säga,
946 588 47 14 men
1003 588 34 14 om

210 610 147 27 fordringarne
378 610 109 21 utsträcka
509 610 32 26 sig
560 610 56 20 ända
639 610 87 27 derhän,
751 612 32 20 att
804 610 44 20 helt
863 610 40 21 och
918 610 65 21 hållet
997 610 41 20 för-

212 638 65 27 bjuda
296 639 51 21 eller
365 639 32 21 till
413 639 94 27 ansenlig
523 638 33 21 del
571 638 118 22 inskränka
703 640 28 20 all
747 638 237 27 bränvinstillverkning
999 638 39 22 och

212 667 141 27 konsumtion,
373 668 24 20 sä
411 668 80 26 skjuter
506 674 48 14 man
570 667 123 27 pätagligen
708 668 58 21 öfver
781 667 66 21 mälet
863 667 38 21 och
917 667 121 21 framkallar

212 696 197 21 missförhållanden
437 696 22 21 af
482 696 49 21 vida
557 696 148 26 betänkligare
727 698 33 20 art
783 696 40 21 och
846 695 143 22 beskaffenhet
1011 698 27 18 än

211 730 49 16 man
289 725 56 21 velat
375 724 94 22 afskaffa.
509 725 40 26 Jag
583 725 39 21 har
648 725 67 21 under
748 724 129 27 föregående
906 724 130 27 landtdagar,

212 753 27 21 dä
267 753 59 21 detta
351 756 61 18 ämne
440 754 55 20 varit
517 754 51 25 före,
596 753 47 21 haft
665 754 83 21 tillfälle
771 755 33 19 att
826 753 89 27 päpeka,
937 753 100 21 hurusom

210 781 167 28 förbrukningen
404 782 23 21 af
455 782 72 21 starka
559 782 91 26 drycker
681 782 7 20 i
715 782 93 22 Finland
835 784 25 18 är
886 782 151 26 jemförelsevis

213 810 113 27 obetydlig,
351 811 28 26 ja,
406 811 83 27 ringare
515 813 26 19 än
561 810 7 21 i
583 811 66 26 något
676 813 64 19 annat
769 810 124 27 europeiskt
912 810 54 21 land.
997 810 40 27 Jag

211 838 68 22 finner
301 840 62 20 dessa
380 839 107 27 uppgifter
506 839 126 21 bekräftade
647 840 31 20 uti
695 846 25 14 en
735 840 94 21 sistlidet
843 839 24 21 är
882 838 23 22 af
918 838 72 22 chefen
1005 840 32 19 för

211 868 119 20 statistiska
351 868 102 21 kontoret
473 868 95 27 utgifven
583 868 103 27 broschyr
701 874 34 15 om
751 867 263 22 bränvinskonsumtionen
1029 867 7 20 i

212 895 97 26 Finland,
331 897 44 20 deri
397 896 125 21 författaren
544 896 67 26 anför,
632 898 33 19 att
684 897 67 21 under
771 896 110 21 decenniet
898 896 139 21 1870—1880

212 923 123 22 förbrukats
349 925 8 20 i
371 925 100 21 medeltal
486 925 7 20 i
509 925 97 26 Finland,
622 925 28 26 pä
665 925 73 27 hvarje
753 925 82 21 individ
851 924 22 21 af
881 924 154 27 befolkningen,

212 953 32 22 5,1
262 953 55 26 liter,
332 954 149 21 motsvarande
496 953 88 27 ungefär
599 954 12 20 2
627 954 89 24 kannor,
732 953 97 27 bränvin,
848 953 109 21 hvaremot
970 953 66 21 under

212 987 81 16 samma
307 982 31 21 tid
353 983 7 20 i
375 982 99 22 medeltal
489 983 7 20 i
512 982 91 27 Sverige,
619 983 29 26 pä
663 983 72 26 hvarje
750 982 83 22 individ
847 982 23 21 af
889 982 147 26 befolkningen

210 1010 85 27 belöpte
318 1011 32 27 sig
373 1011 87 21 dubbelt
478 1018 65 16 mera,
568 1012 47 24 11,2
639 1012 54 25 liter,
710 1012 7 20 i
732 1011 110 27 Tyskland
858 1011 33 26 10,
911 1010 2 20 i
929 1010 107 21 Danmark

210 1041 14 18 t.
242 1045 18 15 0.
277 1046 26 14 m.
321 1040 26 20 18
362 1040 57 24 liter;
436 1040 65 25 detta,
517 1040 27 20 dä
559 1040 192 26 ölkonsumtionen,
767 1040 79 21 medan
862 1040 40 20 den
917 1038 96 27 utgjorde
1028 1038 7 21 i

210 1067 91 21 Finland
323 1068 34 25 9,5
382 1068 55 26 liter,
460 1068 7 21 i
485 1068 86 27 Sverige
592 1070 47 25 steg
659 1069 32 20 till
712 1070 31 22 15,
767 1069 8 20 i
798 1068 98 26 England
918 1067 33 21 till
967 1068 44 24 118,
1028 1067 7 20 i

208 1095 84 27 Bayern
307 1096 33 21 till
355 1097 42 21 240
411 1097 48 21 liter
474 1097 27 26 pä
515 1103 83 21 person.
630 1097 68 21 Dessa
713 1096 69 22 siffror
798 1097 61 21 torde
874 1096 45 21 visa
933 1098 31 18 att
975 1096 60 20 brän-

209 1124 122 26 vinsfloden,
355 1131 34 15 om
410 1125 85 21 hvilken
511 1132 48 14 man
574 1126 24 20 sä
613 1126 85 26 mycket
713 1126 60 25 talat,
789 1126 8 20 i
813 1125 74 27 sjelfva
902 1124 72 21 verket
988 1124 46 21 icke

208 1154 25 19 är
255 1154 24 20 sä
297 1154 138 26 förskräcklig
451 1160 44 15 som
510 1160 48 15 man
574 1154 56 21 velat
645 1154 82 21 utmäla
742 1155 129 20 densamma.
901 1154 42 20 Det
957 1155 24 18 är
995 1153 40 20 vis-

209 1181 90 27 serligen
329 1184 54 24 sant,
409 1184 32 19 att
463 1182 163 21 konsumtionen
649 1183 23 20 af
692 1183 73 20 starka
785 1182 90 27 drycker
889 1182 8 20 i
912 1182 59 20 detta
985 1181 49 20 land

208 1211 24 19 är
254 1211 81 26 ganska
357 1211 76 26 ojemn,
456 1211 39 21 och
523 1211 122 26 derigenom
665 1211 116 21 framträda
798 1211 48 20 dess
865 1210 96 26 skadliga
975 1209 59 21 verk-

207 1239 76 26 ningar
307 1239 65 26 något
394 1240 101 25 skarpare
511 1241 26 20 än
553 1239 51 27 eljes
619 1246 51 15 vore
685 1239 64 22 fallet.
781 1240 76 21 Denna
873 1238 106 27 ojemnhet
993 1237 41 22 för-

208 1267 87 21 anledes
317 1267 32 21 till
372 1274 25 15 en
421 1268 34 21 del
474 1268 23 21 af
510 1268 108 21 olikheten
632 1268 8 21 i
655 1267 330 28 förmögenhetsförhällandana;
1003 1267 31 20 sä-

207 1295 66 21 lunda
287 1296 128 25 produceras
431 1296 40 21 och
485 1297 138 20 konsumeras
639 1297 84 26 mycket
738 1303 60 14 mera
813 1296 89 21 bränvin
917 1295 6 21 i
935 1295 26 21 de
971 1295 62 20 södra

207 1323 40 21 och
270 1324 111 26 sydvestra
400 1325 86 20 delarne
505 1325 23 21 af
541 1325 78 24 landet,
636 1331 44 15 som
697 1327 36 19 äro
749 1325 142 26 förmögnare,
907 1323 40 22 och
959 1323 73 26 jemfö-

206 1352 88 21 relsevis
316 1352 104 27 betydligt
441 1353 82 22 mindre
545 1354 7 20 i
572 1354 26 21 de
616 1353 47 22 inre
678 1354 39 20 och
733 1355 64 20 östra.
830 1353 45 21 Den
891 1352 96 21 härleder
1002 1352 32 27 sig

206 1380 74 21 vidare
295 1381 61 21 äfven
371 1381 55 21 ifrän
441 1382 66 21 andra
523 1382 187 27 omständigheter,
726 1383 71 20 säsom
813 1381 126 27 exempelvis
955 1381 78 21 befolk-

206 1409 89 26 ningens
317 1409 58 27 lägre
395 1410 204 27 kulturständpunkt
614 1411 7 20 i
637 1411 132 20 förhållande
785 1410 34 21 till
834 1409 50 22 flere
899 1409 66 21 andra
979 1411 54 19 vest-

205 1438 127 26 europeiska
346 1438 95 27 folkslag.
473 1439 45 21 Den
534 1439 42 21 kan
591 1439 65 21 ocksä
672 1439 62 21 hafva
748 1439 33 21 sin
798 1439 114 26 anledning
922 1438 32 21 till
964 1438 69 26 nägon

205 1466 35 20 del
255 1466 32 20 uti
303 1467 26 20 de
344 1467 150 27 mängahanda
508 1468 154 24 restriktioner,
679 1474 44 14 som
739 1467 100 27 gällande
849 1467 132 26 lagstiftning
990 1466 43 25 läg-

204 1500 39 21 ger
257 1494 7 21 i
279 1496 68 25 vägen
362 1494 33 22 för
410 1496 90 21 handeln
517 1496 48 21 med
580 1496 39 21 och
635 1496 173 27 utskänkningen
824 1495 23 21 af
855 1495 73 21 starka
938 1494 93 27 drycker,

204 1523 137 26 hvarigenom
363 1525 82 26 menige
468 1531 48 15 man
538 1525 47 20 frän
600 1525 73 20 landet
688 1525 74 21 endast
777 1524 154 27 undantagsvis
945 1523 42 21 kan
1002 1522 31 21 ät-

204 1551 87 22 komma
305 1558 72 21 varan,
393 1553 40 21 och
449 1553 27 22 dä
491 1554 58 21 detta
564 1553 55 26 sker,
636 1555 61 25 tager
711 1554 32 26 sig
758 1559 61 15 mera
835 1553 32 20 till
882 1553 61 20 bästa
954 1553 26 19 än
990 1551 42 21 han
