1123 1773
235 122 41 23 326
500 124 16 19 R.
528 128 16 15 0.
557 124 16 18 A.
585 124 48 19 1885.
657 124 21 18 26
691 124 44 19 Fohr.

208 190 32 22 lar
262 190 145 24 förekommen
428 192 24 22 af
469 192 26 22 hr
510 192 113 22 Mechelin.
654 193 41 27 Jag
709 192 40 22 ber
765 192 71 22 derför
852 192 56 21 blott
923 194 33 20 att
970 192 21 22 fä
1006 192 28 27 pä

208 220 37 22 det
259 223 105 19 varmaste
376 221 88 22 förorda
479 222 131 26 antagandet
625 221 23 21 af
660 222 119 21 utskottets
789 220 142 22 betänkande.

277 248 33 22 Dä
332 250 62 26 ingen
415 250 23 21 af
453 250 25 22 R.
495 256 19 15 o.
529 250 38 21 A:s
582 250 140 21 medlemmar
736 250 73 21 vidare
825 249 67 22 utbad
907 250 32 26 sig
953 250 59 20 talan
1027 250 7 20 i

208 276 82 28 frågan,
312 278 121 22 förklarade
448 279 26 21 hr
488 278 202 22 landtmarskalken
704 278 150 22 diskussionen
870 278 44 21 deri
930 278 104 25 afslutad
1023 272 15 36 ;

210 305 40 21 och
265 308 52 19 enär
332 307 58 21 olika
405 307 79 27 äsigter
498 308 91 20 uttalats
609 314 36 14 om
660 307 26 21 de
701 307 24 21 af
738 307 107 21 utskottet
860 306 121 28 föreslagna
997 306 39 21 vil-

210 334 40 21 kor
265 334 40 21 och
320 335 164 27 önskningsmäl,
499 336 90 21 hvarom
609 336 106 21 särskilda
730 335 160 27 propositioner
904 335 84 21 komme
1004 336 32 20 att

210 362 24 21 af
247 362 26 22 hr
288 363 196 23 landtmarskalken
498 364 34 22 till
547 364 88 22 ständet
652 364 138 26 framställas,
806 370 49 15 men
870 364 62 27 ingen
946 364 90 21 motsatt

210 391 33 27 sig
257 392 117 22 utskottets
396 393 161 27 hufvudförslag
572 395 34 19 att
624 393 116 21 ständerna
755 392 50 22 ville
820 392 72 21 ikläda
906 393 32 27 sig
952 392 84 26 garanti

211 419 34 22 för
260 426 26 15 en
301 422 157 25 postsparbank
473 422 7 21 i
495 422 79 25 landet,
591 421 121 27 tillfrägade
728 422 27 20 hr
769 421 195 22 landtmarskalken
979 421 25 20 R.
1016 426 20 15 o.

211 448 33 26 A.,
260 448 104 22 huruvida
378 450 26 21 R.
420 456 18 15 o.
454 451 25 20 A.
494 450 49 21 ville
559 450 75 21 bifalla
649 450 33 21 till
697 450 118 21 utskottets
830 449 80 27 förslag
926 455 34 15 om
970 449 66 20 inrät-

211 477 65 22 tande
298 477 23 22 af
334 484 27 15 en
383 478 157 27 postsparbank
563 479 69 21 under
647 480 82 20 statens
745 478 85 27 garanti
845 478 41 21 och
900 477 135 26 förvaltning,

212 505 85 28 hvilken
312 506 61 27 fräga
387 507 23 21 af
423 507 85 22 ständet
523 507 128 21 besvarades
667 507 48 22 med
730 508 91 20 allmänt
833 507 30 26 ja.

281 534 145 28 Öfvergäende
441 536 93 21 derefter
549 536 33 21 till
598 536 26 21 de
640 536 23 21 af
680 536 108 21 utskottet
803 535 122 27 uppställda
932 533 105 23 förbehåll

212 562 34 21 för
260 564 109 26 garantins
384 564 112 27 ätagande,
519 565 113 26 godkände
648 565 25 21 R.
690 571 19 15 o.
725 565 32 26 A.,
774 564 55 21 efter
844 563 24 22 af
881 564 26 21 hr
921 563 117 22 landtmar-

213 591 89 22 skalken
316 592 62 27 gjord
393 593 156 27 framställning
565 594 36 21 det
615 593 70 22 första
703 593 93 21 vilkoret
811 594 33 20 att
859 599 97 14 summan
971 591 23 22 af
1006 592 32 21 in-

213 621 145 26 sättningarne
373 621 28 27 pä
416 628 25 15 en
456 621 165 28 sparbanksbok
644 622 68 21 under
728 622 47 21 äret
790 621 47 22 icke
852 621 54 27 finge
923 621 115 26 öfverstiga

215 649 62 26 1,000
292 649 68 22 mark.

283 677 168 23 Vidkommande
466 679 37 22 det
518 679 67 21 andra
600 679 100 26 vilkoret,
716 681 33 20 att
764 679 33 21 till
813 678 73 27 hvarje
901 678 103 26 landtdag
1012 683 26 15 en

214 705 91 22 relation
328 713 34 15 om
385 708 196 26 postsparbankens
604 708 97 21 tillständ
717 708 40 21 och
773 707 136 21 verksamhet
924 707 68 21 skulle
1008 705 30 22 af-

214 733 74 28 gifvas,
304 735 167 22 öfverlemnades
487 737 32 20 till
534 736 97 22 ständets
646 737 133 21 besvarande
790 735 94 28 följande
896 735 142 27 proposition:

283 763 47 22 Den
346 770 45 15 som
406 765 84 21 bifaller
505 765 60 21 detta
579 765 71 22 vilkor
665 767 71 19 röstar
749 765 34 27 ja;

283 792 75 21 vinner
372 793 40 27 nej,
428 793 63 28 utgär
506 793 47 22 frän
569 794 146 21 betänkandet
729 794 62 21 detta
805 793 75 21 vilkor.

282 820 82 23 Genom
388 822 69 21 denna
476 823 143 26 propositions
635 823 132 21 besvarande
782 822 49 21 med
847 821 105 22 obestridt
964 821 24 27 ja
1002 826 38 15 var

215 848 116 23 utskottets
346 850 80 27 förslag
440 851 61 21 äfven
516 851 7 21 i
538 851 70 21 denna
623 851 34 22 del
671 851 119 27 godkändt.

285 877 49 22 Med
349 879 98 22 afseende
462 879 14 22 &
491 880 25 21 de
532 880 57 21 olika
605 879 86 28 äsigter,
707 886 46 15 som
769 879 91 22 uttalats
868 877 108 28 angäende
987 883 53 21 upp-

216 906 157 27 sägningstiden
388 908 35 21 vid
445 908 192 27 postsparbanken,
652 908 135 22 framställde
803 908 26 20 hr
843 906 198 22 landtmarskalken

216 940 27 16 en
258 934 90 22 sälunda
362 936 130 22 formulerad
507 937 290 27 omröstningsproposition
788 930 13 38 :

285 963 53 26 Den,
363 970 46 16 som
431 966 124 26 godkänner
571 966 37 21 det
623 966 23 21 af
665 966 108 21 utskottet
795 965 32 20 uti
843 964 48 21 dess
906 962 135 23 betänkande

216 990 134 23 framställda
365 993 157 28 önskningsmäl
544 995 33 20 att
592 995 87 20 kortare
698 993 177 28 uppsägningstid
890 994 28 19 än
934 992 27 21 15
976 991 66 26 dagar

216 1019 34 22 för
265 1020 134 29 utbetalning
414 1022 24 21 af
450 1023 82 20 mindre
554 1023 79 26 belopp
649 1023 66 21 mätte
731 1023 24 20 af
768 1021 136 28 sparbanken
919 1019 123 28 medgifvas,

216 1049 72 20 röstar
300 1049 33 26 ja;
902 1055 5 4 E

286 1077 74 22 vinner
382 1079 41 26 nej,
439 1081 88 26 antages
543 1080 25 21 hr
584 1086 41 15 von
648 1079 99 22 Alfthans
763 1079 81 26 förslag
860 1077 91 22 rörande
966 1077 78 21 sädant

218 1105 165 28 Önskningsmäl,
406 1110 33 19 att
461 1109 77 26 belopp
561 1115 46 15 som
628 1109 47 21 icke
698 1108 117 26 öfverstiga
831 1108 12 20 5
859 1107 52 20 eller
935 1106 26 21 10
975 1105 68 25 mark,

218 1132 53 23 böra
286 1134 23 21 af
322 1135 136 26 sparbanken
472 1137 35 21 vid
522 1137 117 21 anfordran
654 1137 116 21 utbetalas.

284 1162 48 22 Den
354 1163 28 27 pä
396 1165 95 26 begäran
506 1165 74 22 härom
599 1166 107 21 anställda
721 1166 74 21 slutna
809 1163 159 26 omröstningen
983 1162 62 21 utföll

218 1191 48 20 med
288 1191 27 22 39
328 1192 23 27 ja
374 1193 40 21 och
429 1195 27 20 27
471 1194 41 27 nej,
535 1194 86 27 tillföljä
643 1194 77 21 hvaraf
740 1193 119 22 utskottets
874 1192 80 26 förslag
969 1197 35 15 om
1020 1196 25 15 en

218 1220 176 28 uppsägningstid
409 1222 23 21 af
447 1223 25 21 15
488 1223 66 26 dagar
569 1229 40 15 var
623 1223 24 21 af
660 1223 25 20 R.
701 1229 19 15 o.
736 1223 26 20 A.
778 1221 118 28 godkändt.

287 1249 11 20 I
312 1249 62 27 fråga
388 1257 34 14 om
438 1251 134 27 placeringen
587 1251 24 22 af
624 1252 26 21 de
666 1251 23 21 ät
703 1250 187 27 postsparbanken
907 1247 140 22 anförtrodda

219 1276 84 21 medlen
318 1277 125 24 framstälde
459 1280 26 21 hr
499 1280 199 21 landtmarskalken
713 1279 95 27 följande
824 1277 142 28 proposition:

288 1305 47 22 Den
350 1313 45 15 som
410 1308 125 26 godkänner
545 1309 119 21 utskottets
673 1308 54 27 äsigt
738 1307 93 22 rörande
842 1306 107 27 placering
958 1305 24 21 af
990 1305 58 26 post-

220 1333 148 26 rparbankens
382 1336 70 21 medel
466 1343 76 20 genom
561 1337 98 26 utläning
674 1337 23 21 ät
711 1337 129 21 kommuner
854 1335 34 21 för
902 1333 146 27 befrämjande

219 1360 24 21 af
256 1361 163 34 allmännyttiga
434 1365 105 26 ändamål,
554 1368 72 19 röstar
639 1365 33 27 ja;

289 1397 75 16 vinner
378 1393 41 26 nej,
435 1394 63 26 utgår
513 1395 59 20 detta
588 1394 111 21 uttalande
714 1393 57 22 ifrån
787 1393 129 23 motiverna;

288 1419 86 22 hvilken
396 1423 132 26 proposition
550 1423 21 21 at
586 1423 25 21 R.
628 1429 19 15 o.
662 1423 25 20 A.
711 1421 130 22 besvarades
863 1420 49 21 med
931 1420 27 21 38
970 1419 24 27 ja
1009 1417 40 22 och

221 1445 27 22 33
263 1448 41 26 nej,
320 1448 29 27 på
363 1450 70 26 grund
448 1451 76 21 hvaraf
544 1451 118 22 utskottets
677 1451 81 26 förslag
774 1449 66 22 också
854 1449 8 21 i
878 1449 68 21 denna
962 1447 35 22 del
1011 1452 38 15 var

220 1476 94 26 antaget.

290 1504 105 29 Slutligen
418 1508 157 22 öfverlemnade
597 1508 27 21 hr
639 1506 200 24 landtmarskalken
854 1506 34 21 till
902 1504 97 22 ståndets
1015 1503 36 21 be-

220 1534 105 21 svarande
341 1540 27 16 en
382 1535 24 22 så
421 1536 91 28 lydande
527 1536 144 28 proposition:
