1125 1761
241 131 53 37 336
519 135 14 19 R
544 129 19 35 0.
576 129 20 35 A.
605 133 47 22 1896.
675 133 10 19 2
696 133 50 19 Mars.

217 205 60 21 utom
302 206 33 19 att
358 203 105 28 sjelffallet
488 210 27 16 en
536 204 68 22 sådan
625 203 100 28 flyttning
747 201 68 23 måste
832 199 74 22 fordra
923 197 87 28 utgifter
1025 196 23 22 af

217 233 78 27 många
309 233 105 22 särskilda
428 233 51 27 slag.
510 232 41 28 Jag
565 233 40 21 ber
619 232 99 27 slutligen
735 231 22 22 få
771 231 78 20 nämna
862 227 68 28 några
943 226 39 22 ord
997 225 49 22 med

217 261 116 27 anledning
347 261 23 22 af
384 262 40 21 den
439 261 93 22 historik
544 262 8 21 i
565 261 76 28 frägan
657 267 34 15 om
707 261 37 21 det
758 258 70 23 finska
841 256 149 27 normallyceet
1000 261 45 14 som

217 291 108 21 allmänna
349 290 193 22 besvärsutskottet
557 290 62 27 gifvit
633 290 8 20 i
655 289 76 27 början
747 288 23 22 af
786 287 38 21 sitt
838 284 139 22 betänkande.
1007 282 39 22 Ut-

217 318 84 22 skottet
324 318 40 22 har
385 318 69 22 funnit
476 318 98 28 lämpligt
596 320 33 20 att
644 318 71 21 inleda
730 318 70 20 denna
818 314 90 21 historik
924 318 75 22 genom
1013 312 33 20 att

217 347 120 21 frammana
358 348 81 21 minnet
453 347 24 22 af
492 347 68 21 baron
575 353 42 15 von
633 346 86 22 Kothen
735 346 40 21 och
790 344 41 21 den
846 348 38 16 oro
900 348 45 15 som
960 340 86 22 väcktes

218 376 9 21 i
241 376 89 21 sinnena
345 382 76 21 genom
435 376 53 22 hans
504 376 123 27 sjelfrädiga
645 375 104 22 reformer
763 374 8 21 i
786 371 100 23 afseende
900 371 13 21 å
927 370 120 21 skolväsen-

218 404 45 22 det.
292 404 59 22 Hans
374 405 62 22 andel
457 406 8 21 i
481 405 41 22 den
536 404 61 28 fräga
612 411 46 15 som
673 404 40 21 här
727 403 94 24 beröres,
838 400 75 21 bestod
927 398 69 23 säsom
1011 398 36 32 be-

218 433 54 22 kant
295 433 45 22 deri
359 436 33 19 att
406 434 36 21 det
456 434 92 21 svenska
562 434 69 27 lyceet
645 433 8 22 i
667 432 133 23 Tavastehus
815 429 45 21 blef
873 429 96 26 indraget
985 427 40 21 och
1039 432 8 15 i

218 463 74 21 stället
313 464 32 20 ett
367 462 64 22 finskt
444 463 166 26 normallyseum
627 462 109 21 derstädes
752 459 124 23 inrättades.
911 457 41 21 Det
965 455 36 22 mä
1015 461 32 15 er-

218 491 84 22 kännas
327 492 32 20 att
384 492 60 21 detta
467 491 48 22 icke
539 497 38 16 var
599 491 71 27 nägon
688 489 127 22 välbetänkt
830 487 82 27 ätgärd.
943 485 54 32 1872
1012 485 35 32 ärs

217 520 90 21 ständer
321 520 56 22 hade
392 520 69 26 också,
477 520 71 21 såsom
563 520 32 21 uti
610 519 146 22 betänkandet
771 517 91 24 anföres,
878 513 101 27 enhälligt
994 514 53 32 peti-

218 549 94 21 tionerat
337 555 34 15 om
396 550 32 20 att
443 549 37 21 det
494 549 68 21 finska
577 549 165 26 normallyceum
759 545 70 24 skulle
843 545 21 20 få
881 543 98 22 utveckla
993 549 32 20 sig
1040 549 7 14 i

218 577 139 27 Helsingfors.
388 577 65 21 Detta
468 577 80 22 skedde
563 577 119 21 emellertid
696 577 53 21 icke.
773 575 43 21 Vid
831 573 76 21 sådant
916 571 131 22 förhållande

217 605 71 22 skulle
302 612 49 15 man
366 606 35 21 väl
415 606 47 21 haft
477 606 114 26 anledning
606 607 33 20 att
653 607 70 24 vänta,
739 606 34 20 att
789 604 56 20 1877
850 602 80 21 —1878
945 600 34 21 års
989 601 59 20 stän-

218 634 45 26 der,
279 640 46 16 som
339 637 51 25 togo
409 640 26 16 en
450 634 24 22 så
488 634 52 28 liflig
555 634 39 22 och
609 634 131 27 mångfaldig
762 630 120 27 befattning
897 629 48 22 med
959 628 89 22 skolfrå-

217 669 49 21 gan,
292 663 65 21 också
381 663 67 21 skulle
463 663 65 22 hafva
543 665 64 25 egnat
621 663 75 27 frågan
711 669 35 15 om
762 662 38 21 det
815 659 69 22 finska
898 657 151 27 normallyceet

217 697 28 15 en
271 691 91 21 särskild
381 692 194 26 uppmärksamhet.
605 692 66 21 Detta
686 690 114 22 inträffade
816 688 64 22 likväl
896 687 46 21 icke
957 686 40 22 och
1012 686 36 21 det

217 720 70 21 ehuru
311 720 65 21 bland
397 721 106 27 mängden
521 720 23 22 af
563 721 116 27 petitioner
693 720 77 21 funnos
786 718 87 25 sådana,
888 722 44 16 som
948 715 101 22 särskildt

217 748 92 22 berörde
331 749 152 27 normallyceet
504 750 8 21 i
531 749 131 22 Tavastehus
681 748 39 22 och
736 747 71 23 finska
822 746 138 27 privatlyceet
975 744 8 21 i
997 744 50 22 Hel-

217 777 99 27 singfors,
331 777 138 28 hvarigenom
484 778 115 22 ständerna
613 778 36 21 vid
663 778 8 20 i
685 777 62 27 fråga
761 775 95 23 varande
870 774 101 26 landtdag
981 772 68 22 skulle

217 806 48 21 haft
280 812 26 15 en
321 806 63 21 osökt
398 807 115 27 anledning
528 809 32 19 att
573 808 59 26 yttra
647 806 37 27 sig,
699 805 109 22 huruvida
818 804 27 21 de
855 802 93 22 önskade
958 801 91 21 normal-

217 834 80 27 lyceets
313 834 149 22 bibehållande
477 836 8 20 i
500 836 131 21 Tavastehus
646 835 51 21 eller
712 834 54 22 icke.
798 832 42 27 Jag
854 832 38 21 ber
902 831 22 21 få
934 831 69 21 erinra
1014 836 35 15 om

216 864 29 20 de
269 863 77 24 beslut,
371 864 36 20 vid
431 864 73 21 hvilka
518 864 115 21 ständerna
656 864 27 21 då
701 862 106 22 stannade
825 861 8 21 i
848 861 61 21 dessa
923 859 71 26 frågor
1009 858 40 22 och

217 891 75 22 hvilka
317 892 87 22 alldeles
427 893 180 21 öfverensstämde
622 893 48 21 med
685 892 57 21 hvad
757 891 110 22 allmänna
881 887 169 23 besvärsutskot-

218 921 33 21 tet
275 920 36 22 vid
336 926 81 16 samma
438 922 102 26 landtdag
562 921 98 27 föreslog.
690 921 33 21 De
737 920 92 21 infattas
844 918 7 21 i
866 917 91 27 följande
973 918 77 19 tvenne

217 951 105 19 moment:
349 950 36 20 det
409 956 40 15 ena
474 952 32 19 att
527 950 35 21 det
582 949 69 22 finska
668 949 143 27 privatlyceet
826 946 7 22 i
849 945 136 27 Helsingfors,
1001 944 50 21 med

218 977 43 22 fäst
284 977 100 23 afseende
403 978 80 26 jemväl
506 979 12 21 &
540 979 47 21 dess
606 978 139 27 principalers
762 976 90 26 önskan,
868 975 67 21 måtte
949 973 101 27 antingen

217 1006 49 22 från
288 1007 140 21 statsverkets
447 1007 47 21 sida
509 1007 80 21 erhålla
603 1006 125 28 tillräckligt
743 1004 120 24 understöd
878 1003 52 21 eller
944 1002 23 22 af
980 1003 70 20 staten

217 1034 47 22 helt
278 1035 40 21 och
333 1035 67 21 hållet
415 1036 131 27 öfvertagas;
562 1036 36 21 det
613 1036 67 21 andra
695 1035 47 21 åter
757 1036 35 20 att
808 1033 71 21 derest
894 1031 73 27 nödigt
981 1030 70 22 blefve

217 1065 34 20 att
272 1064 89 26 utvidga
382 1064 152 27 normallyceet
554 1064 8 21 i
583 1064 132 22 Tavastehus
731 1063 51 22 med
806 1068 27 15 en
847 1059 204 29 paralellafdelning,

216 1098 29 16 en
269 1092 67 21 sådan
360 1092 48 22 icke
431 1093 68 21 måtte
520 1092 154 28 ifrågakomma
695 1094 53 20 utan
771 1091 9 21 i
800 1090 49 21 dess
864 1089 62 22 ställe
941 1090 31 20 ett
986 1087 65 22 finskt

217 1120 84 28 lyceum
325 1121 91 21 inrättas
440 1122 8 20 i
473 1121 148 22 Tammerfors.
659 1121 41 21 Om
722 1121 74 27 .någon
811 1118 99 27 flyttning
924 1116 23 22 af
959 1116 93 22 normal-

217 1149 70 26 lyceet
311 1155 39 16 var
374 1150 82 22 således
472 1150 47 21 icke
534 1150 47 21 med
598 1151 31 20 ett
643 1150 39 21 ord
697 1150 67 26 fråga.
797 1148 77 21 Denna
888 1146 87 27 tystnad
989 1150 62 22 synes

215 1177 47 27 mig
283 1183 52 16 vara
357 1177 155 23 betecknande.
541 1178 125 27 Påtagligen
681 1178 78 27 ansågs
776 1176 89 21 dåmera
880 1174 46 22 skäl
941 1174 46 21 icke
997 1173 55 22 före-

215 1206 88 21 komma
327 1206 33 21 till
384 1207 102 27 missnöje
510 1207 48 22 med
579 1207 163 26 normallyceets
761 1205 113 28 placering
891 1203 8 22 i
914 1201 137 23 Tavastehus.

215 1234 44 22 Vid
283 1234 94 27 följande
401 1235 104 28 landtdag
527 1236 23 21 år
573 1236 54 21 1882
643 1235 87 22 väcktes
745 1233 129 26 visserligen
888 1232 8 21 i
910 1231 143 28 petitionsväg

214 1262 78 33 frågan
317 1269 34 16 om
376 1265 163 27 normallyceets
562 1263 105 28 flyttning,
689 1270 50 15 men
759 1263 75 22 denna
847 1261 91 27 petition
952 1259 100 27 lyckades

215 1291 49 22 icke
288 1291 64 22 vinna
376 1293 127 22 ständernas
527 1293 118 27 pluralitet;
673 1292 38 21 två
734 1291 68 22 stånd
822 1289 104 22 stannade
945 1289 57 20 emot
1015 1287 38 21 två

215 1320 42 21 och
272 1319 75 28 frågan
362 1320 42 22 fick
419 1321 91 22 förfalla.
540 1321 34 21 Nu
588 1321 97 22 kommer
700 1321 41 21 den
756 1325 46 22 nya
812 1316 241 29 pedagogieprofessorn

215 1348 41 22 och
280 1354 109 22 upprepar
412 1355 83 17 samma
512 1350 96 27 petition.
641 1350 43 21 Det
698 1348 114 23 förefaller
827 1347 43 26 mig
886 1352 53 18 som,
953 1351 36 16 om
1003 1344 50 22 med

214 1376 101 23 afseende
331 1378 13 21 å
359 1378 57 21 hvad
430 1379 8 21 i
453 1379 70 21 denna
536 1379 60 27 fråga
612 1378 68 22 redan
694 1378 36 22 vid
744 1376 135 27 föregående
894 1374 159 22 ständermöten

213 1406 110 27 förefallit,
339 1406 37 22 det
390 1406 48 22 icke
452 1408 57 20 varit
523 1409 43 19 rätt
580 1407 117 27 grannlaga
711 1408 33 20 att
759 1407 59 25 ånyo
834 1404 90 21 besvära
937 1403 117 21 ständerna

214 1435 51 31 med
289 1441 27 15 en
340 1436 92 26 petition
454 1436 8 21 i
477 1436 76 21 sådant
566 1436 61 27 syfte,
643 1436 56 21 helst
713 1436 85 21 sådana
814 1439 42 21 nya
871 1431 182 27 omständigheter

213 1462 50 21 ieke
278 1463 132 27 tillkommit,
426 1469 47 16 som
488 1464 68 21 skulle
570 1464 73 21 kunna
657 1464 111 21 föranleda
782 1463 34 21 ett
826 1461 129 26 frängäende
966 1460 23 20 af
997 1458 57 21 hvad

213 1491 118 21 ständerna
355 1492 93 27 tidigare
470 1493 97 22 beslutat.
598 1493 42 26 Jag
654 1492 37 21 vill
705 1491 94 22 härmed
814 1489 34 22 för
862 1489 64 27 ingen
941 1488 35 21 del
990 1486 64 22 hafva

214 1518 87 27 uttalat,
327 1521 33 20 att
385 1521 37 21 det
446 1521 48 22 icke
515 1521 42 22 kan
571 1521 69 22 finnas
655 1521 47 21 skäl
717 1521 40 22 och
774 1518 86 29 ganska
874 1517 56 28 goda
945 1515 47 23 skäl
1007 1521 46 16 som

214 1547 46 22 tala
284 1547 33 22 för
344 1548 128 29 flyttningen
496 1550 24 22 af
540 1550 149 27 normallyceet
704 1549 7 22 i
727 1547 145 24 Tavastehus.
902 1542 42 39 Det
955 1546 29 20 är
999 1544 55 22 dock
