1123 1770
375 133 16 19 R.
403 138 15 14 e.
431 134 15 18 A.
459 134 46 18 1885.
524 134 10 18 6
547 133 45 19 Febr.
835 133 42 21 207

78 208 94 21 proveny
190 202 47 22 icke
255 202 65 27 tagits
335 202 7 21 i
357 202 92 27 anspräk
467 203 35 21 för
517 202 69 28 ärliga
602 202 138 27 oundvikliga
755 201 151 27 statsutgifter.

79 230 216 28 Nettobehällningen
311 231 22 21 af
346 231 51 22 vära
412 231 123 22 statsbanor
550 231 121 21 betäcker
660 226 14 37 i
683 231 36 21 det
733 232 109 20 närmaste
857 230 48 21 hela

79 258 120 22 kostnaden
213 260 34 20 för
263 260 26 20 de
305 260 96 26 statslän,
417 266 44 15 som
477 260 111 27 upptagits
598 260 7 21 i
616 260 41 21 och
671 260 34 21 för
718 259 188 27 jernvägsanlägg-

79 288 82 26 ningar.
176 288 84 22 Nästan
274 288 50 22 hela
339 288 40 22 den
394 296 49 20 nyss
457 289 95 21 nämnda
568 288 91 22 andelen
675 288 23 22 af
711 288 194 24 bränvinsskatten,

80 322 46 16 som
146 317 93 21 anvisats
254 317 33 21 till
302 317 280 25 kommunikationsfonden,
598 317 41 21 har
653 317 72 21 derför
740 317 56 21 varit
812 318 31 20 ett
858 316 48 26 plus

79 346 8 20 i
102 345 89 21 fondens
206 346 87 26 budget,
309 346 40 21 och
364 346 36 21 det
415 348 24 19 är
454 346 61 22 detta
530 352 47 16 som
593 346 113 25 förklarar,
723 346 56 21 huru
794 345 20 21 vi
824 345 83 21 kunnat

80 374 90 21 medelst
192 374 147 28 behällningar
358 375 69 27 bygga
443 375 121 27 jernvägar,
581 374 47 22 icke
644 375 76 21 endast
735 380 77 21 genom
827 374 33 21 att
874 373 34 21 för

81 402 121 22 ändamälet
217 404 95 26 upptaga
326 403 41 21 län.

150 431 73 20 Skulle
244 432 117 21 emellertid
377 438 25 15 en
417 432 24 21 sä
455 432 138 26 märkvärdig
608 432 40 20 och
665 432 105 26 sällspord
785 430 123 25 förändring

81 459 109 26 verkligen
204 459 92 26 inträffa,
313 467 44 14 som
373 463 32 18 att
419 461 165 21 konsumtionen
600 459 23 22 af
637 460 74 21 starka
726 460 90 27 drycker
831 459 6 20 i
849 458 60 21 detta

81 488 51 21 land
147 488 45 21 helt
208 488 40 21 och
263 488 67 22 hället
345 489 67 21 blefve
429 489 83 27 stäfjad,
529 489 24 21 sä
569 489 70 20 skulle
655 489 65 26 nägot
736 488 86 21 svärare
839 486 69 21 deficit

81 517 7 20 i
104 516 37 21 vär
156 516 80 27 budget
251 517 46 22 icke
313 518 61 21 deraf
387 517 72 27 vällas,
476 518 62 21 äfven
554 517 135 22 oberäknadt
699 517 41 22 den
751 515 158 26 omständighet

83 546 31 19 att
130 545 25 20 de
172 545 26 20 10
215 545 12 21 å
244 546 25 20 12
285 546 110 26 millioner,
414 553 44 15 som
478 546 85 21 landets
584 545 128 22 innevånare
729 546 80 26 årligen
824 543 85 27 utgifvit

82 573 33 21 för
138 575 31 19 att
192 573 83 22 erhälla
296 575 94 25 bränvin,
413 577 52 19 utan
485 575 72 21 tvifvel
576 574 69 21 skulle
661 574 70 21 vända
747 574 31 27 sig
793 573 34 21 till
842 572 67 21 andra

82 601 185 28 njutningsmedel,
284 616 26 2 —
326 605 23 25 ty
371 604 80 21 sädana
473 604 44 20 kan
538 604 64 26 ingen
625 603 111 21 menniska
758 602 98 22 undvara
874 612 33 14 —,

83 630 83 22 hvilkas
187 631 140 28 förbrukning
349 632 46 22 åter
417 633 68 21 skulle
500 632 7 21 i
523 638 26 15 en
572 637 71 15 annan
663 632 60 25 form,
742 637 77 21 genom
839 635 70 15 annan

84 659 64 26 skatt,
171 660 80 21 tillföra
274 663 69 19 staten
361 661 123 21 inkomster.
515 660 45 22 Och
576 662 66 24 utväg
657 660 68 22 skulle
741 660 28 21 dä
784 665 43 20 nog
841 658 68 21 finnas

84 690 32 18 att
131 688 92 21 betäcka
238 690 148 20 annuiteterna
399 690 28 26 pä
442 690 41 21 den
498 689 124 27 uppläning,
639 696 45 14 som
703 690 6 20 i
725 689 68 21 sädan
808 686 101 22 händelse

84 716 68 22 blefve
168 717 23 21 af
204 717 70 22 nöden
292 718 33 21 för
342 718 247 22 kommunikationernas
612 718 128 26 utveckling.
771 716 50 22 Men
837 716 36 20 det
886 716 25 19 är

84 745 107 27 vanskligt
213 748 33 19 att
268 753 29 14 nu
319 747 48 27 ingä
386 747 27 27 pä
428 746 70 28 nägon
514 748 98 20 närmare
628 746 115 27 utredning
758 746 23 21 af
795 744 77 22 sakens
887 743 23 21 fi-

84 774 105 21 nansiella
212 775 51 20 sida.
293 776 41 26 Jag
356 776 39 21 har
412 776 76 21 endast
503 775 58 21 velat
576 775 84 27 päpeka
676 777 32 19 att
723 773 188 23 bränvinsskatten

84 802 48 21 icke
147 804 24 19 är
186 809 27 15 en
228 803 24 21 sä
267 804 103 27 väsentlig
384 805 72 21 faktor
471 804 33 21 för
519 804 85 21 landets
614 804 99 26 finanser,
725 805 33 19 att
768 803 64 21 dessa
842 801 68 21 skulle

86 831 80 21 rubbas
181 832 7 20 i
204 832 32 21 sin
249 832 94 27 jemvigt,
360 840 33 15 om
409 833 152 21 sträfvandena
576 834 33 19 att
624 832 87 22 hämma
725 832 53 22 eller
793 830 70 22 starkt
877 836 34 14 re-

86 860 78 21 ducera
179 860 266 28 bränvinsförbrukningen
461 862 101 26 lyckades
577 861 54 21 bära
645 861 89 21 frukter.

155 889 32 20 Hr
207 889 22 20 af
246 889 147 22 Forselles:
412 891 39 20 Att
467 890 36 21 det
519 889 113 22 ömmande
649 887 166 28 önskningsmäl,
831 887 80 20 hvilket

87 917 41 21 den
143 917 64 21 ärade
223 918 141 26 petitionären
378 919 39 20 har
432 919 63 26 bragt
509 918 33 21 till
557 919 49 25 tals,
622 920 25 19 är
661 918 88 26 förtjent
757 917 23 21 af
789 916 37 21 det
836 916 76 21 allvar-

86 945 76 27 ligaste
185 946 145 27 behjertande,
353 947 52 21 lider
421 947 18 27 ej
455 947 66 26 nägot
543 947 79 20 tvifvel.
653 947 66 21 Detta
741 943 171 28 önskningsmäls

86 974 149 27 berättigande
251 975 110 27 bestyrkes
376 982 45 15 mer
435 978 27 19 än
477 975 131 27 tillräckligt,
626 975 18 27 ej
660 975 82 21 mindre
757 974 24 21 af
790 973 42 21 den
841 972 29 27 pä
879 978 32 15 se-

86 1009 51 14 nare
153 1003 56 21 tider
224 1003 7 21 i
246 1003 48 21 värt
309 1004 49 21 land
374 1005 121 26 uppkomna
511 1004 109 21 kolossala
635 1001 229 30 nykterhetsrörelsen,
877 1007 36 20 ge-

87 1037 50 14 nom
156 1031 111 22 bildandet
283 1033 23 20 af
322 1033 219 26 nykterhetssällskap
557 1032 41 21 och
612 1033 129 25 föreningar,
757 1030 85 22 hvilkas
856 1029 58 21 med-

87 1059 89 21 lemmar
192 1060 98 27 dagligen
304 1060 28 27 pä
347 1063 31 19 ett
392 1061 130 22 förvänande
538 1062 44 20 sätt
597 1061 60 25 ökas,
673 1062 28 19 än
716 1060 62 21 äfven
791 1064 77 20 genom
879 1058 36 20 det

87 1087 83 22 faktum
186 1090 32 19 att
233 1089 50 21 hela
297 1090 131 26 menigheter
443 1090 40 21 och
498 1090 127 21 kommuner
640 1089 28 27 pä
683 1089 36 21 det
735 1087 132 28 afgjordaste
881 1087 34 19 ut-

87 1116 46 21 tala
148 1117 32 27 sig
194 1118 33 20 till
242 1118 83 21 förmån
340 1118 33 21 för
387 1118 154 26 inskränkning
545 1111 13 38 i
557 1118 181 26 tillverkningen
749 1117 24 21 af
781 1115 134 27 rusdrycker,

85 1144 24 27 ja
124 1151 26 15 en
164 1146 35 21 del
214 1146 65 21 hafva
296 1146 47 27 gått
357 1146 24 22 sä
395 1147 66 27 långt,
478 1148 33 20 att
525 1153 51 15 man
590 1146 92 27 päyrkat
698 1146 23 21 af
734 1146 65 26 lagen
808 1143 108 27 pähjuden

88 1173 86 22 absolut
195 1174 122 27 nykterhet.
347 1176 10 20 I
374 1176 57 21 hvad
445 1182 50 14 mon
511 1176 63 20 dessa
588 1175 111 27 yrkanden
714 1174 75 21 kunna
803 1173 8 21 i
825 1171 91 28 lagstift-

86 1202 104 28 ningsväg
211 1203 131 27 tillgodoses,
365 1207 24 19 är
405 1204 25 27 ju
449 1210 26 15 en
494 1204 67 26 fräga,
578 1210 46 15 som
639 1204 46 20 icke
701 1205 24 19 är
741 1202 24 22 sä
781 1202 42 20 lätt
839 1202 32 20 att
887 1200 30 32 af-

87 1232 59 25 göra,
169 1238 50 15 men
241 1232 36 21 det
299 1232 64 22 säkra
385 1235 24 19 är
430 1234 33 20 att
479 1232 70 22 denna
564 1232 80 22 rörelse
660 1232 118 22 betecknar
795 1230 40 20 och
850 1234 67 16 mani-

87 1259 91 22 festerar
194 1262 31 20 ett
240 1261 92 27 verkligt
347 1262 77 26 sedligt
439 1261 52 27 godt
506 1261 39 21 hos
560 1261 75 25 folket,
652 1260 81 22 hvilket
748 1264 53 17 man
815 1259 40 21 bör
866 1260 51 24 taga

87 1288 85 22 tillvara
195 1290 40 21 och
259 1290 52 21 söka
333 1290 113 28 tillgodose
465 1290 33 20 för
516 1290 112 20 nationens
645 1289 68 21 bästa.
743 1289 44 25 Jag
802 1287 67 21 finner
885 1286 34 21 sä-

86 1316 59 22 ledes
167 1320 32 19 att
222 1319 36 20 det
276 1324 50 15 vore
341 1319 7 20 i
363 1319 78 26 högsta
455 1318 68 21 måtto
539 1320 59 19 orätt
612 1319 33 19 att
660 1318 100 26 ignorera
776 1317 64 20 dessa
855 1314 63 21 önsk-

87 1345 111 27 ningsmäl,
215 1347 63 20 äfven
293 1353 35 14 om
343 1353 49 15 man
407 1347 47 21 icke
469 1347 64 26 hyser
548 1347 41 20 den
600 1345 55 28 äsigt
666 1348 33 19 att
709 1346 26 21 de
746 1344 89 22 tilifullo
845 1344 73 30 kunna

86 1373 29 27 pä
137 1374 186 28 lagstiftningsväg
344 1376 81 25 vinnas;
448 1381 49 16 men
518 1377 33 19 att
570 1375 61 20 alltid
646 1375 66 26 nägot
727 1373 77 22 dervid
819 1373 42 30 kan
876 1371 44 21 till-

87 1403 64 25 göras
166 1403 63 21 äfven
244 1403 24 21 af
280 1403 167 28 lagstiftningen,
464 1405 56 20 lärer
536 1403 65 22 ocksä
615 1403 74 21 kunna
699 1405 62 24 tagas
772 1401 35 22 för
818 1399 100 32 afgjordt.

87 1431 10 20 I
113 1431 37 21 det
168 1431 38 27 jag
224 1431 39 22 ber
278 1434 33 19 att
325 1433 22 20 få
361 1433 74 21 förena
450 1433 43 26 mig
507 1433 7 20 i
530 1432 42 21 allo
588 1432 49 21 med
653 1432 26 21 hr
693 1432 60 25 Rein,
771 1429 98 22 anhåller
882 1434 38 21 jag

87 1460 158 21 vördsammast
255 1467 35 14 om
300 1461 74 21 remiss
385 1461 22 21 af
415 1461 236 27 petitionsmemorialet
659 1460 33 21 till
703 1457 216 24 ekonomiutskottet.

155 1489 58 21 Frih.
237 1489 100 26 Wrede,
360 1490 25 21 R.
408 1490 32 21 A.:
464 1489 71 22 Också
555 1489 37 27 jag
614 1489 39 22 ber
673 1490 33 19 att
720 1488 29 27 pä
765 1487 38 21 det
818 1486 101 26 lifligaste

88 1515 22 21 få
134 1517 110 27 tillstyrka
272 1518 246 26 petitionsmemorialets
543 1518 75 20 remiss
644 1517 33 21 till
702 1515 217 23 ekonomiutskottet.

88 1544 43 22 Det
153 1547 25 19 är
192 1546 48 22 icke
256 1546 71 22 derför
341 1548 34 20 att
387 1546 37 28 jag
439 1547 62 27 hyser
517 1546 41 22 den
574 1548 34 19 tro
624 1547 33 20 att
672 1544 163 28 lagstiftningen
851 1542 69 22 skulle
