1114 1761
237 127 28 22 68
501 130 16 19 R.
530 135 15 15 0.
559 131 16 18 A.
587 130 47 20 1885.
650 125 12 34 —
669 130 21 20 27
702 131 36 19 Jan.

206 194 83 34 aflätas
306 202 26 16 en
354 196 123 29 berättelse,
500 204 27 16 en
549 199 103 27 öfversigt
667 199 23 21 af
703 199 63 22 dessa
780 198 108 28 åtgärder.
918 200 42 21 Det
976 200 61 21 torde

207 224 124 27 visserligen
346 232 51 15 vara
411 226 76 28 riktigt
501 229 33 20 att
548 228 51 26 vilja
614 228 106 27 begränsa
730 228 157 27 granskningen
897 228 33 21 till
939 228 27 21 de
976 228 61 27 vigti-

207 257 51 27 gare
274 252 135 29 ätgärderna,
425 261 48 15 men
488 262 50 15 man
560 258 75 24 stöter,
651 258 49 20 tror
712 256 44 27 jag,
771 256 29 26 pä
814 256 159 27 vanskligheter
988 256 49 22 här-

207 280 41 31 vid.
279 281 32 20 En
334 282 67 21 sädan
423 284 83 26 enkom,
522 285 7 20 i
544 284 40 21 och
600 284 33 21 för
648 284 132 27 granskning
798 285 40 20 hos
853 285 115 21 ständerna
983 291 54 20 upp-

206 309 63 32 gjord
284 309 115 23 berättelse
414 311 42 22 kan
471 313 68 25 alltid,
556 312 27 21 dä
599 313 41 21 den
654 313 48 21 icke
718 315 25 18 är
758 319 26 15 en
799 313 125 27 fullständig
935 313 102 26 öfversigt

208 336 59 22 öfver
282 338 114 26 styrelsens
412 339 105 28 åtgärder,
533 341 115 21 framkalla
663 341 42 21 den
718 341 123 26 misstanke,
857 343 33 19 att
905 341 131 27 uppfattnin-

207 370 41 21 gen
267 371 39 26 om
320 366 56 22 hvad
399 374 46 16 som
460 371 24 19 är
506 369 103 27 vigtigare
625 370 53 21 eller
693 370 83 21 mindre
791 370 76 27 vigtigt
881 369 92 22 medfört
988 371 47 20 ute-

207 393 94 28 slutning
316 395 23 21 af
351 395 79 28 frågor,
446 397 72 22 hvilka
533 397 55 22 dock
603 404 89 15 snarare
708 400 27 19 än
751 398 67 21 andra
834 398 49 21 bort
898 399 85 20 komma
996 404 39 15 un-

207 421 39 33 der
253 421 143 35 granskning.
426 425 70 22 Också
513 426 60 21 torde
588 427 72 26 praxis
675 427 47 20 icke
738 427 58 26 jäfva
812 427 36 20 det
863 426 123 27 påstående,
1002 427 33 20 att

206 452 80 25 vigtiga
301 453 107 26 principer
423 454 99 22 stundom
537 456 38 20 äro
592 455 134 26 engagerade
740 455 8 21 i
764 461 26 15 en
804 455 82 21 mindre
902 454 132 23 omfattande

206 478 40 21 sak
262 479 39 32 och
316 481 100 22 tvärtom.
445 482 94 23 Jemföra
555 483 21 21 vi
591 483 103 27 förslaget
709 483 7 21 i
732 483 70 22 denna
817 483 35 22 del
859 483 48 22 med
918 483 39 22 den
968 483 67 21 redan

206 507 24 21 af
243 513 43 22 mig
307 510 93 21 nämnda
416 511 26 21 27
458 511 12 28 $
485 512 7 20 i
507 512 24 21 L.
547 511 31 26 O.,
594 512 86 21 hvilken
695 512 62 21 äfven
775 511 195 28 förslagsställaren
985 511 50 22 äbe-

206 538 71 30 ropat,
292 537 24 21 sä
330 537 57 22 finna
401 539 21 21 vi
437 541 33 20 att
485 540 41 21 den
541 540 167 26 finansrelation,
724 547 46 14 som
785 541 33 20 till
833 540 116 21 ständerna
963 539 72 22 aflem-

206 569 45 20 nas,
267 565 47 22 icke
329 567 25 20 är
368 567 70 27 någon
453 568 77 22 enkom
545 569 103 21 författad
664 569 102 26 öfversigt
775 569 59 21 öfver
843 569 104 27 vigtigare
957 568 78 21 finans-

206 588 84 42 poster;
313 594 41 21 den
370 596 24 20 är
408 601 27 15 en
457 598 77 26 trogen
549 597 118 27 spegelbild
682 597 24 21 af
719 597 230 26 statsräkenskaperna
964 596 70 22 säsom

205 619 226 34 finansförvaltningen
438 626 103 25 gestaltat
549 625 54 27 dem,
613 626 39 20 och
659 625 184 27 förfullständigas
854 626 48 20 med
910 625 124 27 ytterligare

206 648 91 34 detaljer
319 657 76 20 genom
418 652 26 22 de
459 654 152 26 räkenskaper,
635 660 46 15 som
697 654 34 21 stä
747 654 162 21 statsutskottet
924 654 34 21 till
973 653 61 21 buds.

205 677 76 33 Likväl
303 679 68 33 måste
394 680 37 22 det
446 681 13 21 &
473 682 68 21 andra
557 682 61 22 sidan
633 682 118 27 medgifvas
766 684 33 19 att
815 688 34 15 om
864 688 49 15 man
928 682 7 21 i
950 682 84 26 analogi

204 705 90 35 härmed
310 708 48 32 ville
373 709 68 21 under
456 711 127 21 ständernas
603 711 132 27 granskning
750 711 48 21 föra
812 712 99 20 senatens
926 704 109 40 protokoll

203 734 141 33 fullständigt,
360 737 24 21 sä
398 739 69 21 stöter
481 746 49 14 man
540 739 57 27 uppä
611 739 113 27 praktiska
740 739 153 27 omöjligheter.
909 739 125 21 Ärendenas

204 764 78 31 mängd
298 765 68 21 under
380 767 33 20 tre
429 766 24 21 år
463 767 192 22 sammanräknade
669 769 24 19 är
704 767 168 26 oöfverskädlig
866 760 10 39 ;
880 767 55 21 intet
945 767 89 26 gransk-

203 793 148 32 ningsutskott
366 794 68 22 skulle
449 796 114 21 medhinna
579 796 169 27 genomgäendet
763 796 23 21 af
800 796 115 21 desamma.
935 795 41 27 Jag
987 797 46 19 tror

204 819 72 22 derför
294 821 89 32 enklast
405 829 50 16 vore
477 826 33 19 att
525 825 77 26 stadga
624 825 81 25 derom,
722 826 32 19 att
770 824 26 21 de
812 824 133 25 berättelser,
961 823 73 22 hvilka

204 847 40 33 det
263 848 81 28 åligger
358 851 74 27 hvarje
453 853 120 26 expedition
587 853 8 20 i
610 854 100 20 senatens
726 853 260 26 ekonomiedepartement
1001 853 33 20 att

202 871 80 41 afgifva
304 879 66 31 enligt
385 885 29 15 nu
429 881 99 25 gällande
543 881 116 25 föreskrift,
679 881 115 21 framdeles
810 881 66 21 borde
892 880 28 26 pä
935 880 98 21 bestämd

202 904 38 26 tid,
257 905 37 21 det
308 906 36 21 vill
359 908 51 26 säga
425 908 35 22 vid
475 909 57 21 tiden
548 909 33 21 för
596 910 128 20 ständernas
746 909 164 25 sammanträde,
926 909 34 21 till
975 910 58 19 stän-

202 928 72 42 derna
285 934 147 24 öfverlemnas.
463 937 42 21 För
520 938 133 21 närvarande
669 940 24 18 är
713 938 105 26 nemligen
834 937 70 27 någon
919 937 113 27 regelbun-

202 960 41 35 den
258 962 32 20 tid
305 962 34 22 för
354 964 63 21 dessa
432 965 138 22 berättelsers
586 966 120 26 afgifvande
722 966 47 21 icke
784 966 98 26 stadgad.
912 966 69 20 Dessa
995 965 37 21 be-

201 990 102 33 rättelser
318 991 72 22 kunna
405 993 33 21 till
451 994 53 26 följd
519 994 23 22 af
555 995 38 21 sitt
617 994 100 22 ändamål
732 996 34 20 att
780 994 47 21 icke
843 994 75 21 endast
933 1000 53 14 vara
1001 994 31 20 ett

200 1014 243 41 granskningsmaterial
464 1022 34 21 för
519 1023 122 25 ständerna,
665 1025 53 19 utan
740 1022 104 27 derjemte
866 1028 26 15 en
907 1022 125 26 fullständig

200 1046 119 22 öfverblick
330 1049 63 31 öfver
408 1051 114 26 styrelsens
537 1051 102 27 åtgärder
653 1052 59 20 inom
727 1052 26 20 de
767 1050 105 22 särskilda
882 1050 150 27 förvaltnings-

199 1080 113 22 grenarne,
328 1077 46 21 icke
389 1078 115 22 framkalla
519 1080 76 20 dubier
603 1080 133 21 beträffande
751 1079 106 27 mängden
871 1079 53 21 eller
936 1079 96 27 betydel-

200 1108 37 16 sen
252 1104 24 21 af
289 1104 56 22 hvad
360 1112 46 16 som
422 1107 65 21 derur
501 1108 70 22 kunde
587 1114 52 15 vara
654 1108 140 25 utelemnadt,
811 1108 40 20 och
861 1107 26 21 de
901 1107 69 21 skulle
980 1113 51 21 nog-

200 1134 56 19 samt
271 1135 109 20 motsvara
396 1135 37 21 det
448 1136 105 26 ändamål,
569 1142 46 16 som
626 1137 42 21 den
678 1137 66 21 ärade
754 1136 196 26 förslagsställaren
960 1136 71 20 afsett.

200 1189 8 4 N
269 1161 113 22 Huruvida
396 1163 72 27 nägon
486 1164 32 21 rik
533 1165 66 20 skörd
614 1165 34 20 för
663 1165 159 26 granskningen
837 1164 61 21 stode
914 1166 32 19 att
961 1164 70 25 vinna,

198 1194 25 26 är
245 1189 49 32 åter
314 1196 25 15 en
355 1191 93 22 särskild
462 1192 67 27 fråga.
559 1193 11 21 I
585 1193 75 26 sjelfva
675 1193 75 21 verket
766 1195 24 18 är
806 1193 37 20 det
855 1192 25 27 ju
894 1192 31 26 sä,
942 1193 32 20 att
989 1192 43 21 alla

198 1218 104 26 vigtigare
328 1219 108 27 ätgärder,
456 1227 46 15 som
526 1223 37 19 äro
586 1221 91 22 föremäl
698 1221 34 22 för
755 1221 117 27 styrelsens
894 1221 138 20 verksamhet

197 1246 51 25 taga
270 1247 80 25 gestalt
372 1249 102 26 antingen
489 1249 7 21 i
511 1249 107 22 allmänna
633 1250 173 21 administrativa
820 1249 159 26 författningar,
994 1248 37 27 pä-

197 1273 45 34 bud
258 1275 23 20 af
295 1275 58 21 olika
368 1277 53 26 slag,
436 1277 155 22 instruktioner
598 1285 27 14 m.
637 1285 34 19 m.,
683 1278 94 21 förutom
789 1278 26 21 de
825 1277 123 27 lagförslag,
960 1277 72 21 hvilka

196 1301 122 28 föreläggas
333 1305 124 21 ständerna.
479 1306 78 21 Vidare
572 1307 93 26 gestalta
681 1307 26 20 de
722 1307 32 26 sig
769 1306 33 21 till
818 1306 108 21 allmänna
941 1305 90 21 arbeten

196 1330 42 21 och
253 1331 90 27 företag,
360 1333 23 20 af
397 1333 58 22 olika
470 1334 51 27 slag,
537 1337 78 18 nästan
630 1335 62 21 alltid
707 1335 118 21 kräfvande
840 1334 81 27 anslag,
938 1333 40 22 och
989 1333 42 22 alla

195 1359 161 28 anslagsfrägor
377 1361 88 22 komma
487 1363 66 21 redan
575 1369 30 15 nu
620 1363 68 21 under
703 1363 175 21 statsutskottets
892 1362 138 27 granskning.

195 1386 43 21 Det
254 1387 43 21 kan
312 1389 48 21 icke
374 1395 54 16 vara
443 1390 24 21 sä
481 1391 88 22 alldeles
585 1391 85 27 mycket
685 1397 46 16 som
747 1391 124 21 derutöfver
886 1391 58 20 inom
954 1391 76 26 styrel-

196 1420 36 15 sen
240 1415 120 32 föreginge
376 1418 40 21 och
432 1425 45 15 som
493 1419 67 21 borde
575 1420 66 20 blifva
655 1420 34 21 för
705 1420 117 20 ständerna
837 1419 87 25 bekant,
936 1419 94 21 särdeles

195 1442 31 34 dä
239 1450 6 14 i
261 1444 73 27 hvarje
350 1446 37 20 fall
402 1447 45 21 alla
461 1447 43 21 mål
519 1448 133 21 beträffande
669 1448 107 21 enskildes
787 1448 106 20 intressen
903 1446 69 22 måste
982 1446 48 22 från

195 1471 249 33 ständergranskningen
459 1475 140 28 undantagas,
615 1476 91 21 likasom
722 1476 62 21 äfven
800 1475 100 26 ärenden,
914 1475 73 21 hvilka
998 1475 32 20 till

193 1499 54 27 följd
270 1501 24 21 af
314 1502 33 20 sin
369 1502 148 23 beskaffenhet
539 1504 73 21 fordra
630 1506 39 24 att,
685 1504 34 21 för
734 1504 84 21 landets
833 1504 118 21 intressens
966 1503 63 25 skull,

194 1527 70 22 hållas
286 1532 90 19 secreta.
406 1531 44 22 Det
472 1533 70 21 kunde
559 1533 64 21 också
643 1533 94 26 förtjena
752 1532 98 25 beaktas,
866 1533 33 20 att
914 1533 32 20 ett
961 1531 68 28 dylikt
