1120 1767
381 129 16 18 R.
410 133 15 15 0.
438 128 16 18 A.
467 128 46 19 1885.
538 128 21 19 20
572 128 48 20 Mars.
841 130 42 20 477

80 196 157 24 åstadkommit
259 196 59 22 detta
339 196 65 26 skrik,
420 196 91 27 mången
526 196 56 27 gång
596 196 55 21 varit
666 195 104 22 baserade
784 196 28 26 pä
826 195 88 21 hämnd-

84 226 85 28 lystnad
184 225 40 21 och
239 225 74 27 illvilja
327 225 40 21 och
383 225 75 21 endast
472 225 32 21 uti
519 224 158 27 undantagsfall
692 224 47 21 haft
751 224 70 26 någon
832 224 82 26 verklig

85 254 75 28 grund.
192 254 32 21 Hr
246 254 91 26 Ranisay
359 255 62 25 säger
446 255 32 19 att
493 254 107 20 utskottet
614 252 39 22 har
667 252 121 22 förmildrat
803 252 37 22 det
854 252 60 22 miss-

85 283 169 24 troendevotum,
276 288 45 15 som
343 282 167 26 petitionärerne
532 283 58 20 emot
605 281 124 27 chefskapet
743 280 33 22 för
791 281 45 21 den.
846 281 68 21 finska

86 312 107 21 militären
218 310 132 26 framkastat,
366 316 49 15 men
427 310 38 27 jag
479 310 69 22 skulle
564 316 65 21 gerna
644 309 51 27 vilja
709 316 29 19 se,
754 309 113 22 huruledes
882 311 33 19 ut-

83 340 85 22 -skottet
183 339 69 21 skulle
266 338 115 22 behandlat
397 345 25 15 en
438 339 90 27 petition
544 339 32 21 uti
592 344 80 16 samma
687 338 61 26 syfte,
764 344 34 14 om
814 338 38 21 der
866 338 7 20 i
888 339 26 19 st.

87 369 15 21 f.
119 368 26 22 de
159 368 153 26 värnepligtige
327 367 40 21 och
382 367 69 21 finska
466 366 74 22 armén
555 368 55 20 hade
626 367 53 21 stått
693 366 119 27 teologiska
826 366 90 21 fakulte-

87 399 36 19 ten
147 396 38 22 och
208 396 227 25 lärareseminarierna,
460 396 40 21 och
523 402 34 15 om
580 396 37 21 det
636 395 27 21 då
683 395 55 21 hade
755 395 81 21 kunnat
852 394 64 22 blifva

86 426 62 26 fråga
162 431 35 15 om
213 424 69 27 någon
298 424 55 27 slags
368 424 134 27 förmildring
518 424 51 22 eller
584 424 74 27 dylikt.
689 424 47 21 Den
751 423 69 27 tredje
834 424 82 20 talaren

87 460 47 16 som
156 453 55 27 tagit
232 453 239 21 utskottsbetänkandet
493 453 32 21 uti
540 453 90 25 försvar,
645 452 72 21 talade
732 452 84 27 mycket
831 458 35 15 om
882 452 35 20 det

87 482 70 22 finska
178 482 78 20 folkets
279 482 80 26 sedliga
381 482 137 26 ståndpunkt.
551 481 40 22 Om
608 482 40 20 den
663 481 81 27 sedliga
759 480 158 27 ståndpunkten

88 513 25 19 är
135 510 24 22 så
182 510 62 26 dålig,
266 512 32 18 att
313 510 36 21 det
363 510 66 21 första
445 510 69 21 finska
529 510 78 21 folkets
622 510 93 26 ungdom
731 509 69 21 blifvit
815 509 103 26 lössläppt

89 540 28 26 på
141 545 52 20 egen
215 538 64 26 hand,
295 539 40 21 den
351 538 101 27 förglömt
467 539 27 21 de
509 539 55 26 goda
579 539 108 21 lärdomar
703 538 41 21 den
759 538 57 21 förut
830 538 41 20 fått
886 536 32 22 för

89 569 34 20 att
137 569 75 25 genast
226 566 66 22 blifva
307 567 114 21 omoralisk
437 567 32 21 till
484 567 52 27 följd
552 567 23 21 af
588 567 33 21 sin
636 566 100 27 beröring
745 567 49 21 med
803 567 114 23 kamrater,

88 596 30 22 då
140 598 24 18 är
186 596 70 20 denna
277 596 104 26 sedlighet
403 595 46 21 icke
471 596 85 26 mycket
578 596 58 23 värd,
672 595 109 27 Sedlighet
803 595 115 26 bibringas,

89 626 47 20 tror
149 624 43 27 jag,
207 624 47 21 icke
269 624 33 21 för
318 626 31 19 att
365 624 74 21 endast
454 630 53 15 vara
522 624 98 22 verksam
635 624 68 21 under
719 624 64 25 tiden,
795 624 27 20 då
832 629 50 15 man
892 624 24 19 är

88 653 78 26 allena,
182 654 52 19 utan
248 652 44 27 just
307 652 33 22 för
354 652 60 21 lifvet
429 653 7 20 i
451 652 101 27 beröring
566 653 50 21 med
632 652 67 27 öfriga
714 652 145 26 medborgare.
886 651 31 21 På

90 682 70 26 grund
182 680 23 22 af
225 681 55 21 hvad
300 681 37 27 jag
361 680 57 22 förut
433 683 74 25 yttrat,
530 682 33 20 får
580 681 37 27 jag
637 680 131 22 fortfarande
787 680 85 22 anhålla
887 681 32 19 att

90 710 26 21 R.
139 716 28 43 a
179 710 25 20 A.
224 710 66 21 mätte
309 710 93 20 förklara
423 710 70 21 denna
510 710 91 26 petition
616 710 47 21 icke
678 709 109 21 föranleda
802 709 32 21 till
850 708 69 27 nägon

91 738 83 27 ätgärd.

160 766 32 21 Hr
207 772 42 15 von
270 766 154 26 Haartman,
447 766 89 22 Viktor:
552 767 41 26 Jag
609 766 53 22 skall
678 766 47 21 icke
740 768 51 24 taga
805 766 25 20 R.
846 772 18 14 0.
881 765 37 21 A:s

91 795 32 21 tid
145 795 62 26 länge
222 795 7 20 i
244 794 99 27 anspråk,
365 801 49 15 men
427 795 37 27 jag
486 802 64 14 anser
565 796 43 26 mig
623 795 54 21 dock
692 795 54 21 böra
760 794 22 21 få
797 794 32 21 till
844 795 75 25 proto-

90 823 69 21 kollet
174 823 120 21 antecknad
309 823 41 21 den
365 823 60 27 äsigt,
443 830 45 14 som
502 824 37 26 jag
554 824 69 20 bildat
638 824 43 26 mig
695 823 36 21 vid
745 822 174 27 genomläsandet

91 852 24 20 af
128 852 107 20 allmänna
250 852 205 21 besvärsutskottets
478 852 142 21 betänkande.
650 852 42 26 Jag
707 851 38 21 ber
760 853 32 19 att
807 850 75 21 härvid
897 849 22 21 fä

91 880 8 20 i
114 880 36 20 det
165 881 109 19 närmaste
289 880 96 26 begagna
399 880 119 22 utskottets
533 886 55 21 egna
603 880 45 22 ord.
665 880 94 21 Sälunda
773 880 39 20 har
825 879 37 26 jag
872 879 47 21 fun-

91 908 33 21 nit
146 910 32 19 att
193 914 35 15 om
244 908 26 21 de
285 908 81 26 sedliga
388 908 162 22 förhållandena
566 909 57 21 inom
639 908 38 21 vär
691 908 154 26 värnepligtiga
860 907 58 21 armé

91 938 58 19 ännu
163 937 71 20 lemna
248 943 48 15 rum
310 936 33 22 för
359 937 172 26 anmärkningar,
548 937 24 21 sä
587 937 40 21 har
642 937 54 21 dock
712 937 36 21 det
763 936 65 27 högre
839 936 81 20 befälet

91 971 30 14 nu
143 965 66 21 redan
232 965 65 21 delvis
319 965 100 27 iakttagit
435 966 68 26 dessa,
520 966 40 20 och
580 966 49 21 sökt
644 965 69 21 sävidt
728 964 82 27 möjligt
825 964 95 26 afhjelpa

91 992 113 22 bristerna.
234 993 67 21 Detta
323 994 111 26 bestyrkes
457 994 46 21 icke
527 994 56 21 blott
606 994 22 21 af
642 994 62 21 den
697 988 13 37 i
723 993 145 21 betänkandet
883 998 37 14 an-

91 1021 62 21 förda
176 1022 121 26 dagordern
319 1022 23 21 af
362 1022 166 26 befälhafvaren,
551 1024 53 20 utan
620 1022 61 21 äfven
697 1022 22 21 af
732 1022 25 20 de
773 1021 99 27 åtgärder
888 1020 32 21 till

92 1049 92 27 höjande
199 1050 23 20 af
236 1050 36 21 det
288 1050 80 27 sedliga
383 1051 59 21 lifvet
457 1051 58 21 inom
536 1051 114 25 militären,
666 1050 72 21 hvilka
753 1050 27 26 pä
794 1049 78 27 mänga
887 1055 33 15 or-

89 1079 37 20 ter
147 1078 101 26 vidtagits
264 1078 22 21 af
308 1078 156 22 officerskåren.
494 1079 34 21 Då
550 1080 103 26 derjemte
669 1079 82 27 hänsyn
766 1080 60 25 tages
842 1077 77 25 dertill,

92 1107 33 20 att
141 1107 172 26 organisationen
327 1107 24 21 af
364 1108 40 20 den
420 1108 156 26 värnepligtiga
592 1108 73 20 armén
679 1108 107 26 knappast
800 1108 57 19 ännu
866 1106 54 20 hun-

91 1134 33 21 nit
139 1135 107 25 slutföras,
263 1135 86 21 hvarför
365 1136 64 21 ocksä
444 1136 80 21 befälet
539 1136 149 26 förnämligast
703 1136 90 26 nödgats
808 1135 57 21 rikta
875 1134 46 21 sina

92 1168 109 21 omsorger
216 1163 28 27 pä
260 1164 25 20 de
301 1166 48 19 rent
364 1165 93 20 militära
471 1164 170 26 förhållandena,
658 1164 24 21 sä
697 1164 42 21 kan
754 1164 48 21 med
814 1163 50 21 fullt
874 1162 46 21 skäl

91 1190 89 28 hoppas,
196 1193 34 20 att
245 1192 26 20 de
288 1192 149 27 öfverklagade
452 1193 216 21 missförhällandena
683 1199 35 19 nu,
735 1192 27 22 dä
777 1192 61 21 dessa
853 1191 68 20 förar-

91 1219 65 21 beten
178 1222 38 19 äro
232 1220 153 27 undangjorda,
409 1222 62 20 skola
493 1221 66 21 blifva
578 1221 89 21 föremål
681 1221 34 21 för
731 1223 31 19 ett
777 1220 89 26 kraftigt
881 1219 40 21 och

91 1248 76 20 nitiskt
182 1248 125 27 ingripande
322 1249 47 21 frän
385 1250 63 20 deras
463 1250 53 25 sida,
532 1250 74 21 hvilka
621 1250 63 21 hafva
699 1250 41 20 den
751 1249 80 25 sedliga
840 1247 81 21 värden

91 1276 58 21 inom
172 1277 108 21 militären
302 1278 32 26 sig
356 1278 132 21 anförtrodd.
519 1278 34 21 Dä
569 1278 36 21 det
627 1278 46 21 icke
689 1278 74 21 endast
779 1276 74 26 mäste,
868 1277 53 19 utan

91 1304 63 22 äfven
176 1305 43 21 kan
240 1305 129 22 förutsättas
384 1307 48 20 med
447 1306 39 21 full
505 1306 87 25 visshet,
608 1308 33 20 att
656 1307 83 21 landets
755 1306 61 21 civila
832 1304 90 27 styrelse

91 1333 8 20 i
114 1332 56 22 hvad
192 1333 28 27 på
235 1334 40 20 den
298 1334 100 27 möjligen
420 1335 43 20 kan
485 1335 121 25 ankomma,
629 1335 46 21 icke
691 1335 56 21 skall
761 1333 113 22 underlåta
890 1334 32 19 att

91 1361 54 32 söka
157 1362 68 30 verka
241 1362 86 26 derhän,
345 1364 32 20 att
392 1363 63 21 dessa
472 1364 152 26 öfverklagade
639 1364 80 20 brister
734 1363 31 21 uti
780 1362 142 25 militärorga-

91 1390 121 20 nisationen
234 1390 66 21 blifva
321 1391 110 26 afhjelpta,
454 1391 24 21 så
500 1398 64 14 anser
581 1392 38 26 jag
633 1392 43 26 mig
698 1392 35 20 vid
752 1391 76 21 sådant
842 1388 80 22 förhål-

91 1417 64 21 lande
169 1417 54 21 böra
238 1419 110 21 vördsamt
363 1420 114 20 hemställa
492 1422 34 19 att
546 1420 56 26 högl.
619 1420 24 21 R.
660 1426 19 15 o.
694 1420 26 20 A.
736 1420 54 25 ville,
806 1418 68 21 under
889 1418 34 19 ut-

91 1446 87 20 talande
201 1446 24 21 af
238 1447 42 21 den
301 1447 144 27 förhoppning
468 1450 32 19 att
524 1448 40 21 den
587 1448 69 22 finska
671 1449 118 20 militärens
804 1446 57 22 befäl
876 1445 46 21 icke

91 1474 56 20 skall
168 1480 64 20 spara
254 1474 67 28 några
343 1477 181 26 ansträngningar
539 1476 33 21 för
588 1478 33 19 att
635 1477 57 20 inom
708 1477 69 20 denna
791 1475 80 21 militär
886 1474 37 20 be-

91 1502 77 26 främja
182 1502 40 22 och
238 1504 77 26 stadga
329 1504 42 26 god
387 1504 90 27 ordning
493 1505 41 21 och
549 1505 111 26 sedlighet,
672 1505 85 21 besluta
768 1506 32 19 att
811 1502 112 28 petitions-

91 1531 135 21 memorialet
241 1531 47 21 icke
303 1532 122 21 föranleder
439 1533 34 20 till
488 1532 71 27 någon
575 1532 82 28 åtgärd.
