1114 1764
217 124 28 21 56
497 124 16 19 R.
526 129 16 14 e.
555 124 16 19 A.
584 124 48 20 1885.
643 124 21 19 23
671 124 36 19 Jan.

190 198 51 27 ning
256 197 107 28 beträffar,
379 198 38 21 bör
433 199 36 21 det
484 198 154 27 ihägkommas,
654 200 39 25 att,
709 198 29 27 pä
753 199 44 20 sätt
803 198 80 27 jemväl
893 198 35 21 vid
935 200 86 21 senaste

189 226 104 27 landtdag
307 227 8 20 i
329 227 74 27 frågan
422 227 70 22 blifvit
507 227 102 26 erinradt,
629 227 126 22 ständernas
769 227 84 21 utskott
865 227 84 27 jemlikt
964 228 29 21 40
1007 227 14 28 &

190 255 8 21 i
212 255 25 22 L.
254 255 25 22 O.
295 261 40 20 ega
352 255 33 21 för
403 255 138 22 inhemtande
556 255 23 22 af
592 256 105 27 muntliga
711 255 52 22 eller
777 255 107 28 skriftliga
898 255 123 28 upplysnin-

191 290 39 21 gar
244 283 8 22 i
268 283 26 21 de
309 285 82 25 ämnen,
406 290 45 15 som
463 284 34 21 till
512 284 129 27 behandling
656 284 110 27 föreligga,
781 284 90 21 utverka
885 284 58 27 Kejs.
959 283 62 22 Sen:s

191 311 117 27 befallning
330 311 33 22 till
385 313 160 21 vederbörande
560 319 35 15 om
610 313 151 21 meddelandet
777 312 23 21 af
813 313 89 26 sädana;
919 313 39 21 och
973 318 47 15 som

190 340 77 21 härvid
289 339 47 22 icke
355 341 66 27 några
437 341 106 22 förbehäll
558 341 52 22 eller
625 341 110 27 undantag
749 341 74 27 gjorts,
838 341 62 21 torde
914 341 49 26 föga
977 347 45 20 nog

191 369 67 27 något
273 368 23 22 af
308 369 56 22 hvad
379 369 48 22 utaf
439 370 27 21 H.
483 370 190 27 M:tsrädgifvares
680 369 137 22 verksamhet
827 369 119 28 skriftligen
956 369 64 22 beva-

191 399 45 20 rats
251 397 72 22 kunna
338 398 149 27 undandragas
502 399 127 21 ständernas
644 398 89 22 utskott.

261 426 42 21 Väl
317 426 67 22 mäste
399 433 49 15 man
463 428 85 26 antaga,
564 429 33 19 att
606 427 33 21 till
655 433 26 16 en
696 427 76 27 början
783 433 26 14 en
819 426 52 22 eller
879 432 69 16 annan
955 427 66 20 stöte-

192 455 48 20 sten
262 455 37 20 vid
322 455 125 22 utöfvandet
469 455 24 22 af
514 456 70 21 denna
603 455 133 22 omfattande
754 455 130 27 granskning
898 455 42 21 kan
954 456 66 25 möta,

192 489 49 15 men
264 483 23 21 af
305 483 41 22 den
361 483 184 22 konstitutionella
559 484 79 27 praxis,
654 490 47 15 som
715 484 69 21 under
799 483 170 22 förhällandenas
984 483 38 27 pä-

192 511 114 28 tryckning
328 512 7 21 i
358 513 74 26 denna,
455 513 76 21 liksom
551 513 8 20 i
576 513 25 21 sä
620 513 78 27 mänga
713 513 68 21 andra
795 512 78 27 frägor,
889 512 132 27 smäningom

193 540 69 22 måste
291 540 74 22 arbeta
393 541 33 27 sig
452 541 61 26 fram,
543 541 40 22 har
605 547 50 16 man
677 542 45 21 rätt
743 542 34 21 att
798 541 82 26 hoppas
909 541 40 21 den
972 547 49 15 sun-

193 569 61 21 daste
269 569 106 28 reglering
390 570 23 21 af
425 569 157 28 hufvudfrägan
598 569 40 22 och
653 569 167 28 komplettering
835 569 23 22 af
867 569 47 22 dess
925 569 95 27 detaljer.

192 597 11 21 I
226 598 153 27 sammanhang
399 599 90 21 härmed
507 598 40 21 bör
566 598 62 22 äfven
647 599 96 26 antydas,
760 599 33 21 att
807 604 34 15 om
857 598 40 21 ock
912 598 40 21 den
967 597 55 22 före-

192 625 75 27 slagna
289 626 156 27 granskningen
467 626 122 28 lämpligast
611 633 62 21 synes
696 626 53 22 böra
767 626 92 21 fördelas
874 626 28 27 pä
917 626 104 21 särskilda

193 654 91 24 utskott,
301 654 76 22 sädant
391 655 66 21 likväl
471 655 47 21 icke
533 655 68 21 borde
615 662 52 14 vara
682 656 117 21 ständerna
813 654 120 22 förmenadt
943 656 32 20 att
985 654 38 22 der

195 682 26 22 de
240 682 58 22 finna
313 683 36 21 det
364 684 209 26 ändamälsenligare,
590 684 26 21 de
631 684 22 21 få
667 684 92 21 tillsätta
774 685 31 19 ett
819 683 102 21 särskildt
935 682 88 28 gransk-

193 711 153 27 ningsutskott.
377 712 45 22 Och
443 712 34 22 för
499 714 32 19 att
553 712 133 22 förekomma
709 718 26 16 en
753 712 88 27 förtidig
857 712 39 21 och
911 711 113 22 ofruktbar

194 740 124 21 diskussion
340 740 7 21 i
370 742 75 20 ämnen
461 741 23 21 af
497 741 142 27 tilläfventyrs
655 741 88 27 ömtälig
758 742 70 25 natur,
845 746 61 22 synes
923 740 35 22 det
973 746 53 15 vara

193 768 54 26 skäl,
270 770 33 20 att
325 768 33 22 för
381 769 69 22 denna
468 770 97 25 relation,
586 770 7 20 i
608 769 67 21 likhet
691 770 49 21 med
755 770 57 20 hvad
826 769 33 21 för
874 768 151 28 redogörelsen

194 802 35 16 om
253 797 140 21 statsverkets
415 798 97 21 tillständ
536 798 7 21 i
562 798 27 22 53
610 799 13 25 &
643 798 23 21 af
683 798 24 21 L.
725 798 24 21 O.
765 797 68 22 finnes
849 798 104 26 stadgadt,
969 797 55 21 före-

195 825 88 27 skrifva,
299 827 32 19 att
346 826 68 27 nägon
431 826 119 22 diskussion
565 826 8 22 i
588 828 72 20 ämnet
675 826 36 22 vid
726 826 103 22 remissen
843 826 33 21 till
883 826 84 21 utskott
977 825 49 22 icke

195 854 35 20 mä
246 860 39 21 ega
299 860 53 15 rum.

264 882 41 27 Jag
329 883 39 21 har
390 883 115 27 ingalunda
519 883 106 26 förbisett,
645 885 32 19 att
696 889 77 21 genom
791 889 26 15 en
836 882 109 22 föreskrift
960 882 23 22 af
995 888 30 15 nu

197 910 138 22 omförmäldt
357 911 45 27 slag
426 912 57 27 Kejs.
507 912 60 21 Sen:s
587 912 74 21 arbete
675 912 70 21 blefve
759 912 8 20 i
783 911 46 21 icke
843 911 61 27 ringa
919 911 48 21 män
983 910 42 22 för-

196 939 76 26 ökadt;
296 946 48 15 men
359 940 45 21 dels
419 941 62 21 torde
496 940 47 22 Sen.
560 940 75 21 härvid
650 940 132 27 väsentligen
797 940 72 20 kunna
883 940 143 26 tillgodogöra

195 967 33 27 sig
244 968 26 21 de
285 968 23 21 af
322 968 47 21 dess
384 969 105 21 särskilda
505 969 144 27 expeditioner
664 968 140 28 regelbundet
819 968 120 27 afgifvande
953 968 72 21 berät-

195 996 72 27 telser,
291 996 44 22 dels
355 997 46 21 äter
415 998 57 21 lärer
486 1004 50 15 man
551 1004 40 20 ega
605 998 44 20 rätt
665 999 32 19 att
712 997 23 21 af
749 998 41 20 den
804 996 135 28 nyinrättade
954 996 71 27 lagbe-

195 1024 118 27 redningen
328 1027 85 19 emotse.
423 1032 26 15 en
464 1026 47 21 icke
525 1026 62 26 ringa
601 1026 84 21 lättnad
695 1026 7 20 i
713 1026 61 21 detta
788 1025 142 21 centralverks
940 1024 86 22 hittills-

195 1054 94 20 varande
304 1060 43 20 nog
361 1054 67 27 dryga
443 1054 40 22 och
497 1054 156 28 mängslitande
668 1054 79 22 arbete.

266 1081 81 22 Genom
370 1084 32 19 att
424 1083 29 27 pä
474 1090 29 14 nu
525 1083 76 27 antydt
619 1084 43 20 sätt
677 1083 104 21 reducera
795 1082 36 21 det
846 1082 7 20 i
867 1082 88 26 mängas
971 1083 54 25 ögon

193 1110 154 21 skrämmande
370 1110 102 28 förslaget
489 1118 34 14 om
549 1112 24 20 sä
595 1111 72 21 kallad
682 1110 239 27 ministeransvarighet,
937 1110 39 21 har
988 1110 38 27 jag

191 1138 81 26 jemväl
290 1139 87 27 äsyftat,
397 1141 32 19 att
447 1140 42 21 öka
508 1140 113 27 förslagets
636 1140 91 26 utsigter
742 1141 33 20 att
791 1139 61 21 äfven
867 1138 23 22 af
904 1139 40 21 den
959 1138 68 22 första

195 1167 142 22 statsmakten
361 1168 130 26 godkännas.
526 1168 45 22 Och
593 1168 90 22 förbises
703 1168 39 22 bör
757 1168 100 26 slutligen
872 1167 18 27 ej
906 1167 73 26 heller,
995 1168 32 20 att

196 1196 70 21 denna
281 1196 122 27 utveckling
418 1196 23 22 af
454 1196 143 22 förhällandet
612 1197 90 21 emellan
717 1196 168 22 statsmakterna
899 1195 106 21 mähända
1019 1195 8 21 i

195 1224 69 21 sinom
287 1224 32 22 tid
343 1224 42 22 kan
400 1225 57 27 gifva
471 1225 83 27 upphof
567 1226 33 20 till
615 1232 27 14 en
657 1225 35 21 för
707 1226 78 26 mänga
799 1224 83 27 frägors
897 1224 83 26 lösning
995 1225 32 19 sä-

191 1252 49 21 kert
263 1252 179 28 fruktbringande
462 1254 107 26 personlig
584 1254 101 26 beröring
700 1254 92 21 emellan
807 1252 128 22 monarkens
949 1252 79 27 rädgif-

194 1286 51 16 vare
261 1280 41 22 och
317 1282 203 26 representationen.

263 1309 31 21 Pä
316 1310 69 26 grund
400 1310 24 21 af
437 1311 26 21 de
478 1310 47 22 skäl
537 1310 38 28 jag
591 1317 29 15 nu
638 1311 7 20 i
663 1312 80 20 största
758 1310 87 21 korthet
860 1309 47 21 haft
922 1311 52 19 äran
991 1314 37 26 an-

193 1336 54 27 föra,
271 1337 33 21 får
316 1338 38 26 jag
376 1338 64 22 alltså
464 1339 39 21 hos
518 1340 24 20 R.
559 1345 20 15 o.
595 1340 26 20 A.
636 1339 110 21 vördsamt
760 1338 79 22 föreslå
854 1344 26 16 en
895 1337 133 27 underdänig

191 1366 93 25 petition
299 1366 23 21 af
335 1367 116 21 ständerna
467 1368 78 26 derom,

369 1397 34 18 att
428 1395 29 21 H.
478 1395 29 21 K.
531 1396 38 25 M.,
593 1395 48 21 med
665 1395 140 28 begagnande
829 1399 26 22 aj
875 1394 34 20 det
928 1393 77 21 honom
1021 1393 8 20 i

307 1423 200 28 grundlagsfrägor
522 1424 163 21 tillkommande
701 1424 104 24 initiativ,
821 1423 80 20 täcktes
912 1422 119 28 förelägga

299 1453 264 20 nästsammanträdande
586 1452 90 21 ständer
699 1452 69 27 nådig
788 1451 140 28 proposition
945 1457 33 13 om
993 1450 37 20 så-

299 1479 54 21 dant
378 1480 79 28 tillägg
481 1481 36 20 till
530 1481 105 27 gällande
650 1481 28 20 L.
697 1480 33 25 O.,
747 1483 32 18 att
795 1480 36 21 vid
847 1479 75 26 hvarje
939 1478 92 27 lagtima

299 1508 114 27 landtdag,
437 1510 104 26 antingen
561 1509 37 21 vid
613 1509 48 20 dess
677 1509 118 26 öppnande
811 1508 52 21 eller
880 1509 51 19 inom
947 1503 84 37 fjorton

297 1536 71 27 dagar
391 1537 102 28 derefter,
513 1537 35 21 till
564 1537 120 21 ständerna
701 1538 106 26 aflemnas
823 1537 94 20 relation
935 1542 32 13 om
983 1535 47 20 alla
