<?xml version="1.0" encoding="UTF-8"?>
<alto xmlns="http://www.loc.gov/standards/alto/ns-v3#" xmlns:xlink="http://www.w3.org/1999/xlink" xmlns:xsi="http://www.w3.org/2001/XMLSchema-instance" xsi:schemaLocation="http://www.loc.gov/standards/alto/ns-v3# http://www.loc.gov/alto/v3/alto-3-0.xsd">
	<Description>
		<MeasurementUnit>pixel</MeasurementUnit>
		<sourceImageInformation>
			<fileName>/tmp/tess_0k5bc2je_input.PNG</fileName>
		</sourceImageInformation>
		<OCRProcessing ID="OCR_0">
			<ocrProcessingStep>
				<processingSoftware>
					<softwareName>tesseract 5.3.4</softwareName>
				</processingSoftware>
			</ocrProcessingStep>
		</OCRProcessing>
	</Description>
	<Layout>
		<Page WIDTH="1123" HEIGHT="1756" PHYSICAL_IMG_NR="0" ID="page_0">
			<PrintSpace HPOS="0" VPOS="0" WIDTH="1123" HEIGHT="1756">
				<ComposedBlock ID="cblock_0" HPOS="233" VPOS="134" WIDTH="502" HEIGHT="26">
					<TextBlock ID="block_0" HPOS="233" VPOS="134" WIDTH="502" HEIGHT="26">
						<TextLine ID="line_0" HPOS="233" VPOS="134" WIDTH="502" HEIGHT="26">
							<String ID="string_0" HPOS="233" VPOS="137" WIDTH="42" HEIGHT="23" WC="0.95" CONTENT="382"/><SP WIDTH="228" VPOS="137" HPOS="275"/>
							<String ID="string_1" HPOS="503" VPOS="139" WIDTH="16" HEIGHT="19" WC="0.78" CONTENT="R."/><SP WIDTH="7" VPOS="139" HPOS="519"/>
							<String ID="string_2" HPOS="526" VPOS="140" WIDTH="20" HEIGHT="19" WC="0.47" CONTENT="&quot;0,"/><SP WIDTH="15" VPOS="140" HPOS="546"/>
							<String ID="string_3" HPOS="561" VPOS="140" WIDTH="16" HEIGHT="18" WC="0.80" CONTENT="A."/><SP WIDTH="13" VPOS="140" HPOS="577"/>
							<String ID="string_4" HPOS="590" VPOS="140" WIDTH="47" HEIGHT="19" WC="0.78" CONTENT="1885"/><SP WIDTH="20" VPOS="140" HPOS="637"/>
							<String ID="string_5" HPOS="657" VPOS="134" WIDTH="18" HEIGHT="24" WC="0.87" CONTENT="12"/><SP WIDTH="12" VPOS="134" HPOS="675"/>
							<String ID="string_6" HPOS="687" VPOS="138" WIDTH="48" HEIGHT="22" WC="0.57" CONTENT="Mars."/>
						</TextLine>
					</TextBlock>
				</ComposedBlock>
				<ComposedBlock ID="cblock_1" HPOS="202" VPOS="207" WIDTH="838" HEIGHT="1366">
					<TextBlock ID="block_1" HPOS="202" VPOS="207" WIDTH="838" HEIGHT="55">
						<TextLine ID="line_1" HPOS="273" VPOS="207" WIDTH="767" HEIGHT="29">
							<String ID="string_7" HPOS="273" VPOS="207" WIDTH="73" HEIGHT="22" WC="0.96" CONTENT="Under"/><SP WIDTH="15" VPOS="207" HPOS="346"/>
							<String ID="string_8" HPOS="361" VPOS="208" WIDTH="40" HEIGHT="22" WC="0.96" CONTENT="den"/><SP WIDTH="16" VPOS="208" HPOS="401"/>
							<String ID="string_9" HPOS="417" VPOS="208" WIDTH="107" HEIGHT="22" WC="0.93" CONTENT="allmänna"/><SP WIDTH="15" VPOS="208" HPOS="524"/>
							<String ID="string_10" HPOS="539" VPOS="208" WIDTH="188" HEIGHT="28" WC="0.91" CONTENT="öfverläggningen"/><SP WIDTH="15" VPOS="208" HPOS="727"/>
							<String ID="string_11" HPOS="742" VPOS="210" WIDTH="7" HEIGHT="20" WC="0.96" CONTENT="i"/><SP WIDTH="16" VPOS="210" HPOS="749"/>
							<String ID="string_12" HPOS="765" VPOS="209" WIDTH="75" HEIGHT="27" WC="0.96" CONTENT="frågan"/><SP WIDTH="15" VPOS="209" HPOS="840"/>
							<String ID="string_13" HPOS="855" VPOS="210" WIDTH="84" HEIGHT="26" WC="0.96" CONTENT="yttrade"/><SP WIDTH="16" VPOS="210" HPOS="939"/>
							<String ID="string_14" HPOS="955" VPOS="210" WIDTH="32" HEIGHT="26" WC="0.92" CONTENT="sig"/><SP WIDTH="10" VPOS="210" HPOS="987"/>
							<String ID="string_15" HPOS="997" VPOS="210" WIDTH="43" HEIGHT="22" WC="0.90" CONTENT="föl-"/>
						</TextLine>
						<TextLine ID="line_2" HPOS="202" VPOS="236" WIDTH="363" HEIGHT="26">
							<String ID="string_16" HPOS="202" VPOS="236" WIDTH="66" HEIGHT="26" WC="0.90" CONTENT="jande"/><SP WIDTH="15" VPOS="236" HPOS="268"/>
							<String ID="string_17" HPOS="283" VPOS="236" WIDTH="136" HEIGHT="22" WC="0.96" CONTENT="medlemmar"/><SP WIDTH="15" VPOS="236" HPOS="419"/>
							<String ID="string_18" HPOS="434" VPOS="237" WIDTH="23" HEIGHT="21" WC="0.96" CONTENT="af"/><SP WIDTH="12" VPOS="237" HPOS="457"/>
							<String ID="string_19" HPOS="469" VPOS="237" WIDTH="96" HEIGHT="21" WC="0.96" CONTENT="ståndet:"/>
						</TextLine>
					</TextBlock>
					<TextBlock ID="block_2" HPOS="205" VPOS="264" WIDTH="830" HEIGHT="56">
						<TextLine ID="line_3" HPOS="274" VPOS="264" WIDTH="761" HEIGHT="29">
							<String ID="string_20" HPOS="274" VPOS="264" WIDTH="57" HEIGHT="22" WC="0.87" CONTENT="Frih."/><SP WIDTH="20" VPOS="264" HPOS="331"/>
							<String ID="string_21" HPOS="351" VPOS="272" WIDTH="47" HEIGHT="14" WC="0.96" CONTENT="von"/><SP WIDTH="15" VPOS="272" HPOS="398"/>
							<String ID="string_22" HPOS="413" VPOS="266" WIDTH="143" HEIGHT="27" WC="0.85" CONTENT="Knorring,"/><SP WIDTH="17" VPOS="266" HPOS="556"/>
							<String ID="string_23" HPOS="573" VPOS="272" WIDTH="46" HEIGHT="15" WC="0.93" CONTENT="som"/><SP WIDTH="16" VPOS="272" HPOS="619"/>
							<String ID="string_24" HPOS="635" VPOS="266" WIDTH="99" HEIGHT="27" WC="0.92" CONTENT="uppläste"/><SP WIDTH="16" VPOS="266" HPOS="734"/>
							<String ID="string_25" HPOS="750" VPOS="267" WIDTH="31" HEIGHT="21" WC="0.96" CONTENT="ett"/><SP WIDTH="16" VPOS="267" HPOS="781"/>
							<String ID="string_26" HPOS="797" VPOS="266" WIDTH="24" HEIGHT="21" WC="0.96" CONTENT="så"/><SP WIDTH="15" VPOS="266" HPOS="821"/>
							<String ID="string_27" HPOS="836" VPOS="266" WIDTH="97" HEIGHT="27" WC="0.92" CONTENT="lydande,"/><SP WIDTH="16" VPOS="266" HPOS="933"/>
							<String ID="string_28" HPOS="949" VPOS="266" WIDTH="86" HEIGHT="22" WC="0.92" CONTENT="skriftli-"/>
						</TextLine>
						<TextLine ID="line_4" HPOS="205" VPOS="292" WIDTH="276" HEIGHT="28">
							<String ID="string_29" HPOS="205" VPOS="299" WIDTH="40" HEIGHT="20" WC="0.92" CONTENT="gen"/><SP WIDTH="16" VPOS="299" HPOS="245"/>
							<String ID="string_30" HPOS="261" VPOS="292" WIDTH="98" HEIGHT="22" WC="0.88" CONTENT="affattadt"/><SP WIDTH="14" VPOS="292" HPOS="359"/>
							<String ID="string_31" HPOS="373" VPOS="294" WIDTH="108" HEIGHT="26" WC="0.92" CONTENT="yttrande:"/>
						</TextLine>
					</TextBlock>
					<TextBlock ID="block_3" HPOS="204" VPOS="322" WIDTH="834" HEIGHT="796">
						<TextLine ID="line_5" HPOS="274" VPOS="322" WIDTH="764" HEIGHT="23">
							<String ID="string_32" HPOS="274" VPOS="322" WIDTH="11" HEIGHT="20" WC="0.96" CONTENT="I"/><SP WIDTH="14" VPOS="322" HPOS="285"/>
							<String ID="string_33" HPOS="299" VPOS="322" WIDTH="68" HEIGHT="21" WC="0.96" CONTENT="likhet"/><SP WIDTH="14" VPOS="322" HPOS="367"/>
							<String ID="string_34" HPOS="381" VPOS="323" WIDTH="48" HEIGHT="21" WC="0.93" CONTENT="med"/><SP WIDTH="15" VPOS="323" HPOS="429"/>
							<String ID="string_35" HPOS="444" VPOS="322" WIDTH="56" HEIGHT="22" WC="0.93" CONTENT="hvad"/><SP WIDTH="15" VPOS="322" HPOS="500"/>
							<String ID="string_36" HPOS="515" VPOS="324" WIDTH="162" HEIGHT="20" WC="0.92" CONTENT="reservanterne"/><SP WIDTH="14" VPOS="324" HPOS="677"/>
							<String ID="string_37" HPOS="691" VPOS="324" WIDTH="8" HEIGHT="20" WC="0.93" CONTENT="i"/><SP WIDTH="15" VPOS="324" HPOS="699"/>
							<String ID="string_38" HPOS="714" VPOS="323" WIDTH="160" HEIGHT="21" WC="0.96" CONTENT="reservationen"/><SP WIDTH="15" VPOS="323" HPOS="874"/>
							<String ID="string_39" HPOS="889" VPOS="324" WIDTH="33" HEIGHT="20" WC="0.96" CONTENT="till"/><SP WIDTH="15" VPOS="324" HPOS="922"/>
							<String ID="string_40" HPOS="937" VPOS="330" WIDTH="28" HEIGHT="14" WC="0.93" CONTENT="nu"/><SP WIDTH="15" VPOS="330" HPOS="965"/>
							<String ID="string_41" HPOS="980" VPOS="322" WIDTH="58" HEIGHT="23" WC="0.86" CONTENT="före--"/>
						</TextLine>
						<TextLine ID="line_6" HPOS="205" VPOS="349" WIDTH="830" HEIGHT="30">
							<String ID="string_42" HPOS="205" VPOS="349" WIDTH="99" HEIGHT="27" WC="0.91" CONTENT="liggande"/><SP WIDTH="22" VPOS="349" HPOS="304"/>
							<String ID="string_43" HPOS="326" VPOS="350" WIDTH="229" HEIGHT="22" WC="0.92" CONTENT="utskottsbetänkande"/><SP WIDTH="22" VPOS="350" HPOS="555"/>
							<String ID="string_44" HPOS="577" VPOS="352" WIDTH="86" HEIGHT="25" WC="0.91" CONTENT="uttalat,"/><SP WIDTH="24" VPOS="352" HPOS="663"/>
							<String ID="string_45" HPOS="687" VPOS="351" WIDTH="68" HEIGHT="22" WC="0.92" CONTENT="finner"/><SP WIDTH="22" VPOS="351" HPOS="755"/>
							<String ID="string_46" HPOS="777" VPOS="352" WIDTH="48" HEIGHT="21" WC="0.92" CONTENT="icke"/><SP WIDTH="14" VPOS="352" HPOS="825"/>
							<String ID="string_47" HPOS="839" VPOS="351" WIDTH="67" HEIGHT="22" WC="0.97" CONTENT="heller"/><SP WIDTH="13" VPOS="351" HPOS="906"/>
							<String ID="string_48" HPOS="919" VPOS="352" WIDTH="36" HEIGHT="26" WC="0.93" CONTENT="jag"/><SP WIDTH="15" VPOS="352" HPOS="955"/>
							<String ID="string_49" HPOS="970" VPOS="352" WIDTH="65" HEIGHT="27" WC="0.93" CONTENT="nägot"/>
						</TextLine>
						<TextLine ID="line_7" HPOS="206" VPOS="378" WIDTH="829" HEIGHT="30">
							<String ID="string_50" HPOS="206" VPOS="378" WIDTH="53" HEIGHT="26" WC="0.93" CONTENT="skäl,"/><SP WIDTH="23" VPOS="378" HPOS="259"/>
							<String ID="string_51" HPOS="282" VPOS="378" WIDTH="98" HEIGHT="22" WC="0.93" CONTENT="hvarföre"/><SP WIDTH="15" VPOS="378" HPOS="380"/>
							<String ID="string_52" HPOS="395" VPOS="380" WIDTH="146" HEIGHT="26" WC="0.92" CONTENT="värnepligtig,"/><SP WIDTH="24" VPOS="380" HPOS="541"/>
							<String ID="string_53" HPOS="565" VPOS="386" WIDTH="46" HEIGHT="15" WC="0.93" CONTENT="som"/><SP WIDTH="18" VPOS="386" HPOS="611"/>
							<String ID="string_54" HPOS="629" VPOS="380" WIDTH="33" HEIGHT="21" WC="0.96" CONTENT="uti"/><SP WIDTH="19" VPOS="380" HPOS="662"/>
							<String ID="string_55" HPOS="681" VPOS="380" WIDTH="26" HEIGHT="21" WC="0.96" CONTENT="de"/><SP WIDTH="15" VPOS="380" HPOS="707"/>
							<String ID="string_56" HPOS="722" VPOS="380" WIDTH="7" HEIGHT="21" WC="0.96" CONTENT="i"/><SP WIDTH="16" VPOS="380" HPOS="729"/>
							<String ID="string_57" HPOS="745" VPOS="381" WIDTH="13" HEIGHT="20" WC="0.91" CONTENT="2"/><SP WIDTH="15" VPOS="381" HPOS="758"/>
							<String ID="string_58" HPOS="773" VPOS="381" WIDTH="14" HEIGHT="25" WC="0.83" CONTENT="&amp;"/><SP WIDTH="16" VPOS="381" HPOS="787"/>
							<String ID="string_59" HPOS="803" VPOS="380" WIDTH="23" HEIGHT="21" WC="0.93" CONTENT="af"/><SP WIDTH="13" VPOS="380" HPOS="826"/>
							<String ID="string_60" HPOS="839" VPOS="380" WIDTH="138" HEIGHT="21" WC="0.93" CONTENT="förevarande"/><SP WIDTH="15" VPOS="380" HPOS="977"/>
							<String ID="string_61" HPOS="992" VPOS="380" WIDTH="43" HEIGHT="28" WC="0.92" CONTENT="lag-"/>
						</TextLine>
						<TextLine ID="line_8" HPOS="204" VPOS="406" WIDTH="830" HEIGHT="30">
							<String ID="string_62" HPOS="204" VPOS="406" WIDTH="80" HEIGHT="28" WC="0.93" CONTENT="förslag"/><SP WIDTH="15" VPOS="406" HPOS="284"/>
							<String ID="string_63" HPOS="299" VPOS="408" WIDTH="137" HEIGHT="26" WC="0.92" CONTENT="uppräknade"/><SP WIDTH="15" VPOS="408" HPOS="436"/>
							<String ID="string_64" HPOS="451" VPOS="408" WIDTH="36" HEIGHT="22" WC="0.93" CONTENT="fall"/><SP WIDTH="19" VPOS="408" HPOS="487"/>
							<String ID="string_65" HPOS="506" VPOS="408" WIDTH="70" HEIGHT="22" WC="0.92" CONTENT="blifvit"/><SP WIDTH="15" VPOS="408" HPOS="576"/>
							<String ID="string_66" HPOS="591" VPOS="408" WIDTH="48" HEIGHT="22" WC="0.92" CONTENT="frän"/><SP WIDTH="16" VPOS="408" HPOS="639"/>
							<String ID="string_67" HPOS="655" VPOS="408" WIDTH="200" HEIGHT="28" WC="0.92" CONTENT="bysättningshäkte"/><SP WIDTH="16" VPOS="408" HPOS="855"/>
							<String ID="string_68" HPOS="871" VPOS="408" WIDTH="96" HEIGHT="28" WC="0.92" CONTENT="frigifven"/><SP WIDTH="16" VPOS="408" HPOS="967"/>
							<String ID="string_69" HPOS="983" VPOS="409" WIDTH="51" HEIGHT="21" WC="0.95" CONTENT="eller"/>
						</TextLine>
						<TextLine ID="line_9" HPOS="205" VPOS="434" WIDTH="830" HEIGHT="30">
							<String ID="string_70" HPOS="205" VPOS="434" WIDTH="48" HEIGHT="22" WC="0.93" CONTENT="från"/><SP WIDTH="15" VPOS="434" HPOS="253"/>
							<String ID="string_71" HPOS="268" VPOS="435" WIDTH="131" HEIGHT="23" WC="0.91" CONTENT="förrättande"/><SP WIDTH="16" VPOS="435" HPOS="399"/>
							<String ID="string_72" HPOS="415" VPOS="437" WIDTH="22" HEIGHT="21" WC="0.93" CONTENT="af"/><SP WIDTH="13" VPOS="437" HPOS="437"/>
							<String ID="string_73" HPOS="450" VPOS="437" WIDTH="87" HEIGHT="21" WC="0.85" CONTENT="ädömdt"/><SP WIDTH="16" VPOS="437" HPOS="537"/>
							<String ID="string_74" HPOS="553" VPOS="437" WIDTH="74" HEIGHT="21" WC="0.93" CONTENT="arbete"/><SP WIDTH="16" VPOS="437" HPOS="627"/>
							<String ID="string_75" HPOS="643" VPOS="437" WIDTH="88" HEIGHT="27" WC="0.96" CONTENT="befriad,"/><SP WIDTH="17" VPOS="437" HPOS="731"/>
							<String ID="string_76" HPOS="748" VPOS="438" WIDTH="47" HEIGHT="20" WC="0.96" CONTENT="icke"/><SP WIDTH="16" VPOS="438" HPOS="795"/>
							<String ID="string_77" HPOS="811" VPOS="437" WIDTH="67" HEIGHT="21" WC="0.96" CONTENT="skulle"/><SP WIDTH="15" VPOS="437" HPOS="878"/>
							<String ID="string_78" HPOS="893" VPOS="444" WIDTH="49" HEIGHT="14" WC="0.92" CONTENT="vara"/><SP WIDTH="9" VPOS="444" HPOS="942"/>
							<String ID="string_79" HPOS="951" VPOS="437" WIDTH="84" HEIGHT="27" WC="0.96" CONTENT="skyldig"/>
						</TextLine>
						<TextLine ID="line_10" HPOS="206" VPOS="464" WIDTH="829" HEIGHT="28">
							<String ID="string_80" HPOS="206" VPOS="465" WIDTH="32" HEIGHT="19" WC="0.95" CONTENT="att"/><SP WIDTH="23" VPOS="465" HPOS="238"/>
							<String ID="string_81" HPOS="261" VPOS="464" WIDTH="54" HEIGHT="21" WC="0.93" CONTENT="efter"/><SP WIDTH="21" VPOS="464" HPOS="315"/>
							<String ID="string_82" HPOS="336" VPOS="464" WIDTH="109" HEIGHT="28" WC="0.92" CONTENT="fullgjordt"/><SP WIDTH="22" VPOS="464" HPOS="445"/>
							<String ID="string_83" HPOS="467" VPOS="466" WIDTH="107" HEIGHT="26" WC="0.92" CONTENT="krigsvärf"/><SP WIDTH="21" VPOS="466" HPOS="574"/>
							<String ID="string_84" HPOS="595" VPOS="466" WIDTH="133" HEIGHT="21" WC="0.90" CONTENT="äterinträda"/><SP WIDTH="18" VPOS="466" HPOS="728"/>
							<String ID="string_85" HPOS="746" VPOS="466" WIDTH="7" HEIGHT="21" WC="0.93" CONTENT="i"/><SP WIDTH="16" VPOS="466" HPOS="753"/>
							<String ID="string_86" HPOS="769" VPOS="466" WIDTH="199" HEIGHT="26" WC="0.92" CONTENT="bysättningshäkte"/><SP WIDTH="15" VPOS="466" HPOS="968"/>
							<String ID="string_87" HPOS="983" VPOS="466" WIDTH="52" HEIGHT="21" WC="0.97" CONTENT="eller"/>
						</TextLine>
						<TextLine ID="line_11" HPOS="206" VPOS="492" WIDTH="830" HEIGHT="29">
							<String ID="string_88" HPOS="206" VPOS="492" WIDTH="47" HEIGHT="21" WC="0.95" CONTENT="åter"/><SP WIDTH="22" VPOS="492" HPOS="253"/>
							<String ID="string_89" HPOS="275" VPOS="492" WIDTH="86" HEIGHT="28" WC="0.96" CONTENT="vidtaga"/><SP WIDTH="20" VPOS="492" HPOS="361"/>
							<String ID="string_90" HPOS="381" VPOS="494" WIDTH="49" HEIGHT="21" WC="0.96" CONTENT="med"/><SP WIDTH="22" VPOS="494" HPOS="430"/>
							<String ID="string_91" HPOS="452" VPOS="494" WIDTH="78" HEIGHT="21" WC="0.93" CONTENT="honom"/><SP WIDTH="16" VPOS="494" HPOS="530"/>
							<String ID="string_92" HPOS="546" VPOS="494" WIDTH="89" HEIGHT="21" WC="0.92" CONTENT="ädömdt"/><SP WIDTH="16" VPOS="494" HPOS="635"/>
							<String ID="string_93" HPOS="651" VPOS="494" WIDTH="79" HEIGHT="22" WC="0.90" CONTENT="arbete."/><SP WIDTH="32" VPOS="494" HPOS="730"/>
							<String ID="string_94" HPOS="762" VPOS="494" WIDTH="101" HEIGHT="21" WC="0.95" CONTENT="Tvärtom"/><SP WIDTH="16" VPOS="494" HPOS="863"/>
							<String ID="string_95" HPOS="879" VPOS="500" WIDTH="61" HEIGHT="21" WC="0.96" CONTENT="synes"/><SP WIDTH="15" VPOS="500" HPOS="940"/>
							<String ID="string_96" HPOS="955" VPOS="494" WIDTH="42" HEIGHT="26" WC="0.96" CONTENT="mig"/><SP WIDTH="16" VPOS="494" HPOS="997"/>
							<String ID="string_97" HPOS="1013" VPOS="494" WIDTH="23" HEIGHT="21" WC="0.97" CONTENT="af"/>
						</TextLine>
						<TextLine ID="line_12" HPOS="205" VPOS="520" WIDTH="830" HEIGHT="30">
							<String ID="string_98" HPOS="205" VPOS="520" WIDTH="58" HEIGHT="27" WC="0.92" CONTENT="Kejs."/><SP WIDTH="16" VPOS="520" HPOS="263"/>
							<String ID="string_99" HPOS="279" VPOS="521" WIDTH="150" HEIGHT="28" WC="0.96" CONTENT="förordningen"/><SP WIDTH="16" VPOS="521" HPOS="429"/>
							<String ID="string_100" HPOS="445" VPOS="523" WIDTH="39" HEIGHT="21" WC="0.96" CONTENT="den"/><SP WIDTH="17" VPOS="523" HPOS="484"/>
							<String ID="string_101" HPOS="501" VPOS="523" WIDTH="26" HEIGHT="21" WC="0.96" CONTENT="23"/><SP WIDTH="16" VPOS="523" HPOS="527"/>
							<String ID="string_102" HPOS="543" VPOS="523" WIDTH="43" HEIGHT="21" WC="0.96" CONTENT="Juli"/><SP WIDTH="18" VPOS="523" HPOS="586"/>
							<String ID="string_103" HPOS="604" VPOS="524" WIDTH="62" HEIGHT="26" WC="0.93" CONTENT="1868,"/><SP WIDTH="25" VPOS="524" HPOS="666"/>
							<String ID="string_104" HPOS="691" VPOS="523" WIDTH="110" HEIGHT="27" WC="0.90" CONTENT="angäende"/><SP WIDTH="16" VPOS="523" HPOS="801"/>
							<String ID="string_105" HPOS="817" VPOS="523" WIDTH="111" HEIGHT="27" WC="0.92" CONTENT="gäldenärs"/><SP WIDTH="15" VPOS="523" HPOS="928"/>
							<String ID="string_106" HPOS="943" VPOS="522" WIDTH="92" HEIGHT="28" WC="0.93" CONTENT="skyldig-"/>
						</TextLine>
						<TextLine ID="line_13" HPOS="205" VPOS="549" WIDTH="832" HEIGHT="29">
							<String ID="string_107" HPOS="205" VPOS="549" WIDTH="38" HEIGHT="21" WC="0.96" CONTENT="het"/><SP WIDTH="14" VPOS="549" HPOS="243"/>
							<String ID="string_108" HPOS="257" VPOS="551" WIDTH="38" HEIGHT="24" WC="0.96" CONTENT="att,"/><SP WIDTH="16" VPOS="551" HPOS="295"/>
							<String ID="string_109" HPOS="311" VPOS="550" WIDTH="35" HEIGHT="21" WC="0.93" CONTENT="vid"/><SP WIDTH="15" VPOS="550" HPOS="346"/>
							<String ID="string_110" HPOS="361" VPOS="550" WIDTH="108" HEIGHT="22" WC="0.93" CONTENT="bristande"/><SP WIDTH="15" VPOS="550" HPOS="469"/>
							<String ID="string_111" HPOS="484" VPOS="551" WIDTH="217" HEIGHT="27" WC="0.32" CONTENT="betalningstillgäng,"/><SP WIDTH="16" VPOS="551" HPOS="701"/>
							<String ID="string_112" HPOS="717" VPOS="552" WIDTH="81" HEIGHT="26" WC="0.92" CONTENT="aftjena"/><SP WIDTH="15" VPOS="552" HPOS="798"/>
							<String ID="string_113" HPOS="813" VPOS="552" WIDTH="32" HEIGHT="20" WC="0.97" CONTENT="sin"/><SP WIDTH="16" VPOS="552" HPOS="845"/>
							<String ID="string_114" HPOS="861" VPOS="552" WIDTH="61" HEIGHT="20" WC="0.96" CONTENT="skuld"/><SP WIDTH="15" VPOS="552" HPOS="922"/>
							<String ID="string_115" HPOS="937" VPOS="552" WIDTH="48" HEIGHT="20" WC="0.93" CONTENT="med"/><SP WIDTH="16" VPOS="552" HPOS="985"/>
							<String ID="string_116" HPOS="1001" VPOS="558" WIDTH="36" HEIGHT="15" WC="0.90" CONTENT="ar-"/>
						</TextLine>
						<TextLine ID="line_14" HPOS="205" VPOS="577" WIDTH="829" HEIGHT="30">
							<String ID="string_117" HPOS="205" VPOS="577" WIDTH="50" HEIGHT="21" WC="0.91" CONTENT="bete"/><SP WIDTH="23" VPOS="577" HPOS="255"/>
							<String ID="string_118" HPOS="278" VPOS="578" WIDTH="51" HEIGHT="22" WC="0.93" CONTENT="eller"/><SP WIDTH="22" VPOS="578" HPOS="329"/>
							<String ID="string_119" HPOS="351" VPOS="579" WIDTH="83" HEIGHT="21" WC="0.92" CONTENT="derföre"/><SP WIDTH="22" VPOS="579" HPOS="434"/>
							<String ID="string_120" HPOS="456" VPOS="580" WIDTH="95" HEIGHT="26" WC="0.91" CONTENT="undergä"/><SP WIDTH="18" VPOS="580" HPOS="551"/>
							<String ID="string_121" HPOS="569" VPOS="580" WIDTH="131" HEIGHT="27" WC="0.92" CONTENT="bysättning,"/><SP WIDTH="16" VPOS="580" HPOS="700"/>
							<String ID="string_122" HPOS="716" VPOS="580" WIDTH="96" HEIGHT="27" WC="0.93" CONTENT="tydligen"/><SP WIDTH="15" VPOS="580" HPOS="812"/>
							<String ID="string_123" HPOS="827" VPOS="580" WIDTH="87" HEIGHT="26" WC="0.91" CONTENT="framgä,"/><SP WIDTH="17" VPOS="580" HPOS="914"/>
							<String ID="string_124" HPOS="931" VPOS="582" WIDTH="31" HEIGHT="18" WC="0.93" CONTENT="att"/><SP WIDTH="15" VPOS="582" HPOS="962"/>
							<String ID="string_125" HPOS="977" VPOS="580" WIDTH="57" HEIGHT="21" WC="0.92" CONTENT="stad-"/>
						</TextLine>
						<TextLine ID="line_15" HPOS="205" VPOS="606" WIDTH="828" HEIGHT="29">
							<String ID="string_126" HPOS="205" VPOS="606" WIDTH="80" HEIGHT="26" WC="0.93" CONTENT="gandet"/><SP WIDTH="14" VPOS="606" HPOS="285"/>
							<String ID="string_127" HPOS="299" VPOS="607" WIDTH="7" HEIGHT="20" WC="0.94" CONTENT="i"/><SP WIDTH="18" VPOS="607" HPOS="306"/>
							<String ID="string_128" HPOS="324" VPOS="608" WIDTH="25" HEIGHT="20" WC="0.93" CONTENT="10"/><SP WIDTH="16" VPOS="608" HPOS="349"/>
							<String ID="string_129" HPOS="365" VPOS="607" WIDTH="14" HEIGHT="28" WC="0.91" CONTENT="&amp;"/><SP WIDTH="16" VPOS="607" HPOS="379"/>
							<String ID="string_130" HPOS="395" VPOS="608" WIDTH="22" HEIGHT="20" WC="0.96" CONTENT="af"/><SP WIDTH="13" VPOS="608" HPOS="417"/>
							<String ID="string_131" HPOS="430" VPOS="614" WIDTH="80" HEIGHT="15" WC="0.92" CONTENT="samma"/><SP WIDTH="15" VPOS="614" HPOS="510"/>
							<String ID="string_132" HPOS="525" VPOS="608" WIDTH="125" HEIGHT="27" WC="0.91" CONTENT="förordning"/><SP WIDTH="15" VPOS="608" HPOS="650"/>
							<String ID="string_133" HPOS="665" VPOS="609" WIDTH="124" HEIGHT="21" WC="0.92" CONTENT="tillkommit"/><SP WIDTH="16" VPOS="609" HPOS="789"/>
							<String ID="string_134" HPOS="805" VPOS="609" WIDTH="75" HEIGHT="21" WC="0.96" CONTENT="endast"/><SP WIDTH="14" VPOS="609" HPOS="880"/>
							<String ID="string_135" HPOS="894" VPOS="608" WIDTH="33" HEIGHT="21" WC="0.97" CONTENT="för"/><SP WIDTH="15" VPOS="608" HPOS="927"/>
							<String ID="string_136" HPOS="942" VPOS="610" WIDTH="32" HEIGHT="19" WC="0.93" CONTENT="att"/><SP WIDTH="14" VPOS="610" HPOS="974"/>
							<String ID="string_137" HPOS="988" VPOS="608" WIDTH="45" HEIGHT="21" WC="0.93" CONTENT="hin-"/>
						</TextLine>
						<TextLine ID="line_16" HPOS="206" VPOS="634" WIDTH="827" HEIGHT="30">
							<String ID="string_138" HPOS="206" VPOS="634" WIDTH="39" HEIGHT="22" WC="0.89" CONTENT="dra"/><SP WIDTH="22" VPOS="634" HPOS="245"/>
							<String ID="string_139" HPOS="267" VPOS="635" WIDTH="105" HEIGHT="27" WC="0.89" CONTENT="borgenär"/><SP WIDTH="23" VPOS="635" HPOS="372"/>
							<String ID="string_140" HPOS="395" VPOS="638" WIDTH="31" HEIGHT="19" WC="0.96" CONTENT="att"/><SP WIDTH="23" VPOS="638" HPOS="426"/>
							<String ID="string_141" HPOS="449" VPOS="637" WIDTH="54" HEIGHT="21" WC="0.93" CONTENT="efter"/><SP WIDTH="21" VPOS="637" HPOS="503"/>
							<String ID="string_142" HPOS="524" VPOS="637" WIDTH="70" HEIGHT="27" WC="0.92" CONTENT="behag"/><SP WIDTH="14" VPOS="637" HPOS="594"/>
							<String ID="string_143" HPOS="608" VPOS="637" WIDTH="45" HEIGHT="21" WC="0.91" CONTENT="läta"/><SP WIDTH="15" VPOS="637" HPOS="653"/>
							<String ID="string_144" HPOS="668" VPOS="637" WIDTH="50" HEIGHT="21" WC="0.93" CONTENT="flere"/><SP WIDTH="15" VPOS="637" HPOS="718"/>
							<String ID="string_145" HPOS="733" VPOS="638" WIDTH="80" HEIGHT="26" WC="0.92" CONTENT="gänger"/><SP WIDTH="16" VPOS="638" HPOS="813"/>
							<String ID="string_146" HPOS="829" VPOS="637" WIDTH="33" HEIGHT="21" WC="0.96" CONTENT="för"/><SP WIDTH="15" VPOS="637" HPOS="862"/>
							<String ID="string_147" HPOS="877" VPOS="637" WIDTH="80" HEIGHT="21" WC="0.96" CONTENT="samma"/><SP WIDTH="14" VPOS="637" HPOS="957"/>
							<String ID="string_148" HPOS="971" VPOS="636" WIDTH="62" HEIGHT="22" WC="0.96" CONTENT="skuld"/>
						</TextLine>
						<TextLine ID="line_17" HPOS="204" VPOS="663" WIDTH="829" HEIGHT="29">
							<String ID="string_149" HPOS="204" VPOS="663" WIDTH="81" HEIGHT="21" WC="0.85" CONTENT="insätta"/><SP WIDTH="24" VPOS="663" HPOS="285"/>
							<String ID="string_150" HPOS="309" VPOS="664" WIDTH="101" HEIGHT="27" WC="0.85" CONTENT="gäldenär"/><SP WIDTH="23" VPOS="664" HPOS="410"/>
							<String ID="string_151" HPOS="433" VPOS="665" WIDTH="7" HEIGHT="21" WC="0.92" CONTENT="i"/><SP WIDTH="18" VPOS="665" HPOS="440"/>
							<String ID="string_152" HPOS="458" VPOS="666" WIDTH="200" HEIGHT="26" WC="0.89" CONTENT="bysättningshäkte"/><SP WIDTH="15" VPOS="666" HPOS="658"/>
							<String ID="string_153" HPOS="673" VPOS="666" WIDTH="52" HEIGHT="21" WC="0.93" CONTENT="eller"/><SP WIDTH="15" VPOS="666" HPOS="725"/>
							<String ID="string_154" HPOS="740" VPOS="666" WIDTH="58" HEIGHT="21" WC="0.96" CONTENT="hålla"/><SP WIDTH="15" VPOS="666" HPOS="798"/>
							<String ID="string_155" HPOS="813" VPOS="666" WIDTH="77" HEIGHT="20" WC="0.96" CONTENT="honom"/><SP WIDTH="16" VPOS="666" HPOS="890"/>
							<String ID="string_156" HPOS="906" VPOS="665" WIDTH="32" HEIGHT="21" WC="0.95" CONTENT="till"/><SP WIDTH="16" VPOS="665" HPOS="938"/>
							<String ID="string_157" HPOS="954" VPOS="665" WIDTH="79" HEIGHT="25" WC="0.95" CONTENT="arbete,"/>
						</TextLine>
						<TextLine ID="line_18" HPOS="206" VPOS="692" WIDTH="828" HEIGHT="29">
							<String ID="string_158" HPOS="206" VPOS="692" WIDTH="18" HEIGHT="20" WC="0.82" CONTENT="d."/><SP WIDTH="24" VPOS="692" HPOS="224"/>
							<String ID="string_159" HPOS="248" VPOS="698" WIDTH="19" HEIGHT="14" WC="0.91" CONTENT="v."/><SP WIDTH="24" VPOS="698" HPOS="267"/>
							<String ID="string_160" HPOS="291" VPOS="698" WIDTH="14" HEIGHT="15" WC="0.92" CONTENT="s."/><SP WIDTH="25" VPOS="698" HPOS="305"/>
							<String ID="string_161" HPOS="330" VPOS="693" WIDTH="132" HEIGHT="27" WC="0.95" CONTENT="lagstiftaren"/><SP WIDTH="23" VPOS="693" HPOS="462"/>
							<String ID="string_162" HPOS="485" VPOS="694" WIDTH="39" HEIGHT="21" WC="0.93" CONTENT="har"/><SP WIDTH="22" VPOS="694" HPOS="524"/>
							<String ID="string_163" HPOS="546" VPOS="694" WIDTH="46" HEIGHT="21" WC="0.96" CONTENT="icke"/><SP WIDTH="16" VPOS="694" HPOS="592"/>
							<String ID="string_164" HPOS="608" VPOS="694" WIDTH="57" HEIGHT="21" WC="0.93" CONTENT="velat"/><SP WIDTH="15" VPOS="694" HPOS="665"/>
							<String ID="string_165" HPOS="680" VPOS="694" WIDTH="107" HEIGHT="27" WC="0.92" CONTENT="medgifva"/><SP WIDTH="16" VPOS="694" HPOS="787"/>
							<String ID="string_166" HPOS="803" VPOS="694" WIDTH="104" HEIGHT="27" WC="0.92" CONTENT="borgenär"/><SP WIDTH="14" VPOS="694" HPOS="907"/>
							<String ID="string_167" HPOS="921" VPOS="696" WIDTH="44" HEIGHT="18" WC="0.96" CONTENT="rätt"/><SP WIDTH="15" VPOS="696" HPOS="965"/>
							<String ID="string_168" HPOS="980" VPOS="695" WIDTH="32" HEIGHT="20" WC="0.86" CONTENT="att"/><SP WIDTH="14" VPOS="695" HPOS="1012"/>
							<String ID="string_169" HPOS="1026" VPOS="694" WIDTH="8" HEIGHT="20" WC="0.86" CONTENT="i"/>
						</TextLine>
						<TextLine ID="line_19" HPOS="205" VPOS="720" WIDTH="829" HEIGHT="29">
							<String ID="string_170" HPOS="205" VPOS="720" WIDTH="51" HEIGHT="21" WC="0.91" CONTENT="slikt"/><SP WIDTH="23" VPOS="720" HPOS="256"/>
							<String ID="string_171" HPOS="279" VPOS="720" WIDTH="37" HEIGHT="22" WC="0.93" CONTENT="fall"/><SP WIDTH="24" VPOS="720" HPOS="316"/>
							<String ID="string_172" HPOS="340" VPOS="721" WIDTH="21" HEIGHT="21" WC="0.92" CONTENT="fä"/><SP WIDTH="19" VPOS="721" HPOS="361"/>
							<String ID="string_173" HPOS="380" VPOS="722" WIDTH="78" HEIGHT="21" WC="0.91" CONTENT="handla"/><SP WIDTH="22" VPOS="722" HPOS="458"/>
							<String ID="string_174" HPOS="480" VPOS="722" WIDTH="54" HEIGHT="22" WC="0.93" CONTENT="efter"/><SP WIDTH="19" VPOS="722" HPOS="534"/>
							<String ID="string_175" HPOS="553" VPOS="722" WIDTH="111" HEIGHT="27" WC="0.92" CONTENT="godtycke."/><SP WIDTH="31" VPOS="722" HPOS="664"/>
							<String ID="string_176" HPOS="695" VPOS="723" WIDTH="11" HEIGHT="21" WC="0.92" CONTENT="I"/><SP WIDTH="15" VPOS="723" HPOS="706"/>
							<String ID="string_177" HPOS="721" VPOS="729" WIDTH="28" HEIGHT="15" WC="0.92" CONTENT="nu"/><SP WIDTH="16" VPOS="729" HPOS="749"/>
							<String ID="string_178" HPOS="765" VPOS="723" WIDTH="139" HEIGHT="21" WC="0.92" CONTENT="förevarande"/><SP WIDTH="15" VPOS="723" HPOS="904"/>
							<String ID="string_179" HPOS="919" VPOS="722" WIDTH="37" HEIGHT="21" WC="0.96" CONTENT="fall"/><SP WIDTH="15" VPOS="722" HPOS="956"/>
							<String ID="string_180" HPOS="971" VPOS="722" WIDTH="63" HEIGHT="21" WC="0.96" CONTENT="beror"/>
						</TextLine>
						<TextLine ID="line_20" HPOS="205" VPOS="748" WIDTH="830" HEIGHT="30">
							<String ID="string_181" HPOS="205" VPOS="748" WIDTH="135" HEIGHT="28" WC="0.89" CONTENT="frigifningen"/><SP WIDTH="24" VPOS="748" HPOS="340"/>
							<String ID="string_182" HPOS="364" VPOS="750" WIDTH="47" HEIGHT="21" WC="0.92" CONTENT="frän"/><SP WIDTH="15" VPOS="750" HPOS="411"/>
							<String ID="string_183" HPOS="426" VPOS="751" WIDTH="63" HEIGHT="21" WC="0.92" CONTENT="häkte"/><SP WIDTH="16" VPOS="751" HPOS="489"/>
							<String ID="string_184" HPOS="505" VPOS="751" WIDTH="38" HEIGHT="21" WC="0.97" CONTENT="och"/><SP WIDTH="17" VPOS="751" HPOS="543"/>
							<String ID="string_185" HPOS="560" VPOS="751" WIDTH="84" HEIGHT="21" WC="0.96" CONTENT="arbetet"/><SP WIDTH="17" VPOS="751" HPOS="644"/>
							<String ID="string_186" HPOS="661" VPOS="751" WIDTH="54" HEIGHT="21" WC="0.93" CONTENT="dock"/><SP WIDTH="14" VPOS="751" HPOS="715"/>
							<String ID="string_187" HPOS="729" VPOS="752" WIDTH="48" HEIGHT="20" WC="0.93" CONTENT="icke"/><SP WIDTH="16" VPOS="752" HPOS="777"/>
							<String ID="string_188" HPOS="793" VPOS="751" WIDTH="23" HEIGHT="21" WC="0.93" CONTENT="af"/><SP WIDTH="13" VPOS="751" HPOS="816"/>
							<String ID="string_189" HPOS="829" VPOS="751" WIDTH="138" HEIGHT="27" WC="0.92" CONTENT="borgenären,"/><SP WIDTH="15" VPOS="751" HPOS="967"/>
							<String ID="string_190" HPOS="982" VPOS="752" WIDTH="53" HEIGHT="20" WC="0.96" CONTENT="utan"/>
						</TextLine>
						<TextLine ID="line_21" HPOS="205" VPOS="777" WIDTH="830" HEIGHT="29">
							<String ID="string_191" HPOS="205" VPOS="779" WIDTH="24" HEIGHT="19" WC="0.95" CONTENT="är"/><SP WIDTH="23" VPOS="779" HPOS="229"/>
							<String ID="string_192" HPOS="252" VPOS="777" WIDTH="36" HEIGHT="21" WC="0.93" CONTENT="det"/><SP WIDTH="22" VPOS="777" HPOS="288"/>
							<String ID="string_193" HPOS="310" VPOS="778" WIDTH="122" HEIGHT="22" WC="0.90" CONTENT="samhällets"/><SP WIDTH="15" VPOS="778" HPOS="432"/>
							<String ID="string_194" HPOS="447" VPOS="781" WIDTH="68" HEIGHT="19" WC="0.96" CONTENT="större"/><SP WIDTH="16" VPOS="781" HPOS="515"/>
							<String ID="string_195" HPOS="531" VPOS="781" WIDTH="43" HEIGHT="19" WC="0.96" CONTENT="rätt"/><SP WIDTH="15" VPOS="781" HPOS="574"/>
							<String ID="string_196" HPOS="589" VPOS="780" WIDTH="34" HEIGHT="20" WC="0.93" CONTENT="till"/><SP WIDTH="15" VPOS="780" HPOS="623"/>
							<String ID="string_197" HPOS="638" VPOS="780" WIDTH="116" HEIGHT="24" WC="0.92" CONTENT="individen,"/><SP WIDTH="17" VPOS="780" HPOS="754"/>
							<String ID="string_198" HPOS="771" VPOS="786" WIDTH="45" HEIGHT="14" WC="0.96" CONTENT="som"/><SP WIDTH="17" VPOS="786" HPOS="816"/>
							<String ID="string_199" HPOS="833" VPOS="780" WIDTH="39" HEIGHT="20" WC="0.96" CONTENT="här"/><SP WIDTH="15" VPOS="780" HPOS="872"/>
							<String ID="string_200" HPOS="887" VPOS="781" WIDTH="62" HEIGHT="25" WC="0.93" CONTENT="utgör"/><SP WIDTH="15" VPOS="781" HPOS="949"/>
							<String ID="string_201" HPOS="964" VPOS="780" WIDTH="71" HEIGHT="20" WC="0.92" CONTENT="anled-"/>
						</TextLine>
						<TextLine ID="line_22" HPOS="204" VPOS="806" WIDTH="832" HEIGHT="26">
							<String ID="string_202" HPOS="204" VPOS="806" WIDTH="79" HEIGHT="26" WC="0.92" CONTENT="ningen"/><SP WIDTH="22" VPOS="806" HPOS="283"/>
							<String ID="string_203" HPOS="305" VPOS="806" WIDTH="32" HEIGHT="21" WC="0.96" CONTENT="till"/><SP WIDTH="23" VPOS="806" HPOS="337"/>
							<String ID="string_204" HPOS="360" VPOS="809" WIDTH="32" HEIGHT="19" WC="0.96" CONTENT="att"/><SP WIDTH="23" VPOS="809" HPOS="392"/>
							<String ID="string_205" HPOS="415" VPOS="808" WIDTH="40" HEIGHT="20" WC="0.93" CONTENT="den"/><SP WIDTH="22" VPOS="808" HPOS="455"/>
							<String ID="string_206" HPOS="477" VPOS="808" WIDTH="106" HEIGHT="21" WC="0.90" CONTENT="enskildes"/><SP WIDTH="23" VPOS="808" HPOS="583"/>
							<String ID="string_207" HPOS="606" VPOS="810" WIDTH="45" HEIGHT="19" WC="0.96" CONTENT="rätt"/><SP WIDTH="22" VPOS="810" HPOS="651"/>
							<String ID="string_208" HPOS="673" VPOS="808" WIDTH="33" HEIGHT="21" WC="0.96" CONTENT="för"/><SP WIDTH="20" VPOS="808" HPOS="706"/>
							<String ID="string_209" HPOS="726" VPOS="808" WIDTH="94" HEIGHT="21" WC="0.96" CONTENT="tillfället"/><SP WIDTH="15" VPOS="808" HPOS="820"/>
							<String ID="string_210" HPOS="835" VPOS="808" WIDTH="39" HEIGHT="21" WC="0.97" CONTENT="bör"/><SP WIDTH="13" VPOS="808" HPOS="874"/>
							<String ID="string_211" HPOS="887" VPOS="808" WIDTH="50" HEIGHT="20" WC="0.96" CONTENT="vika"/><SP WIDTH="14" VPOS="808" HPOS="937"/>
							<String ID="string_212" HPOS="951" VPOS="808" WIDTH="32" HEIGHT="20" WC="0.96" CONTENT="för"/><SP WIDTH="16" VPOS="808" HPOS="983"/>
							<String ID="string_213" HPOS="999" VPOS="808" WIDTH="37" HEIGHT="21" WC="0.96" CONTENT="det"/>
						</TextLine>
						<TextLine ID="line_23" HPOS="205" VPOS="834" WIDTH="830" HEIGHT="29">
							<String ID="string_214" HPOS="205" VPOS="834" WIDTH="119" HEIGHT="22" WC="0.92" CONTENT="allmännas"/><SP WIDTH="15" VPOS="834" HPOS="324"/>
							<String ID="string_215" HPOS="339" VPOS="835" WIDTH="68" HEIGHT="21" WC="0.92" CONTENT="behof."/><SP WIDTH="32" VPOS="835" HPOS="407"/>
							<String ID="string_216" HPOS="439" VPOS="836" WIDTH="48" HEIGHT="22" WC="0.93" CONTENT="Men"/><SP WIDTH="17" VPOS="836" HPOS="487"/>
							<String ID="string_217" HPOS="504" VPOS="836" WIDTH="61" HEIGHT="22" WC="0.93" CONTENT="deraf"/><SP WIDTH="13" VPOS="836" HPOS="565"/>
							<String ID="string_218" HPOS="578" VPOS="836" WIDTH="63" HEIGHT="27" WC="0.95" CONTENT="följer"/><SP WIDTH="15" VPOS="836" HPOS="641"/>
							<String ID="string_219" HPOS="656" VPOS="837" WIDTH="34" HEIGHT="21" WC="0.93" CONTENT="väl"/><SP WIDTH="15" VPOS="837" HPOS="690"/>
							<String ID="string_220" HPOS="705" VPOS="837" WIDTH="116" HEIGHT="26" WC="0.93" CONTENT="ingalunda"/><SP WIDTH="15" VPOS="837" HPOS="821"/>
							<String ID="string_221" HPOS="836" VPOS="838" WIDTH="33" HEIGHT="19" WC="0.96" CONTENT="att"/><SP WIDTH="15" VPOS="838" HPOS="869"/>
							<String ID="string_222" HPOS="884" VPOS="836" WIDTH="40" HEIGHT="22" WC="0.93" CONTENT="den"/><SP WIDTH="16" VPOS="836" HPOS="924"/>
							<String ID="string_223" HPOS="940" VPOS="836" WIDTH="95" HEIGHT="22" WC="0.93" CONTENT="enskilde"/>
						</TextLine>
						<TextLine ID="line_24" HPOS="204" VPOS="862" WIDTH="829" HEIGHT="30">
							<String ID="string_224" HPOS="204" VPOS="862" WIDTH="132" HEIGHT="22" WC="0.69" CONTENT="fördeoskull"/><SP WIDTH="22" VPOS="862" HPOS="336"/>
							<String ID="string_225" HPOS="358" VPOS="864" WIDTH="54" HEIGHT="21" WC="0.96" CONTENT="skall"/><SP WIDTH="22" VPOS="864" HPOS="412"/>
							<String ID="string_226" HPOS="434" VPOS="864" WIDTH="33" HEIGHT="22" WC="0.97" CONTENT="för"/><SP WIDTH="15" VPOS="864" HPOS="467"/>
							<String ID="string_227" HPOS="482" VPOS="865" WIDTH="28" HEIGHT="21" WC="0.93" CONTENT="all"/><SP WIDTH="15" VPOS="865" HPOS="510"/>
							<String ID="string_228" HPOS="525" VPOS="865" WIDTH="87" HEIGHT="21" WC="0.93" CONTENT="framtid"/><SP WIDTH="15" VPOS="865" HPOS="612"/>
							<String ID="string_229" HPOS="627" VPOS="865" WIDTH="102" HEIGHT="27" WC="0.91" CONTENT="uppgifva"/><SP WIDTH="14" VPOS="865" HPOS="729"/>
							<String ID="string_230" HPOS="743" VPOS="866" WIDTH="38" HEIGHT="20" WC="0.93" CONTENT="sitt"/><SP WIDTH="16" VPOS="866" HPOS="781"/>
							<String ID="string_231" HPOS="797" VPOS="865" WIDTH="124" HEIGHT="26" WC="0.96" CONTENT="rättmätiga"/><SP WIDTH="14" VPOS="865" HPOS="921"/>
							<String ID="string_232" HPOS="935" VPOS="864" WIDTH="98" HEIGHT="27" WC="0.96" CONTENT="anspråk."/>
						</TextLine>
						<TextLine ID="line_25" HPOS="205" VPOS="890" WIDTH="830" HEIGHT="30">
							<String ID="string_233" HPOS="205" VPOS="890" WIDTH="50" HEIGHT="22" WC="0.96" CONTENT="Icke"/><SP WIDTH="23" VPOS="890" HPOS="255"/>
							<String ID="string_234" HPOS="278" VPOS="891" WIDTH="66" HEIGHT="21" WC="0.93" CONTENT="heller"/><SP WIDTH="18" VPOS="891" HPOS="344"/>
							<String ID="string_235" HPOS="362" VPOS="898" WIDTH="61" HEIGHT="21" WC="0.96" CONTENT="synes"/><SP WIDTH="16" VPOS="898" HPOS="423"/>
							<String ID="string_236" HPOS="439" VPOS="893" WIDTH="43" HEIGHT="27" WC="0.93" CONTENT="mig"/><SP WIDTH="15" VPOS="893" HPOS="482"/>
							<String ID="string_237" HPOS="497" VPOS="894" WIDTH="114" HEIGHT="26" WC="0.93" CONTENT="anledning"/><SP WIDTH="14" VPOS="894" HPOS="611"/>
							<String ID="string_238" HPOS="625" VPOS="893" WIDTH="121" HEIGHT="26" WC="0.92" CONTENT="förefinnas,"/><SP WIDTH="17" VPOS="893" HPOS="746"/>
							<String ID="string_239" HPOS="763" VPOS="896" WIDTH="32" HEIGHT="18" WC="0.93" CONTENT="att"/><SP WIDTH="16" VPOS="896" HPOS="795"/>
							<String ID="string_240" HPOS="811" VPOS="894" WIDTH="69" HEIGHT="20" WC="0.92" CONTENT="lemna"/><SP WIDTH="15" VPOS="894" HPOS="880"/>
							<String ID="string_241" HPOS="895" VPOS="893" WIDTH="140" HEIGHT="27" WC="0.92" CONTENT="värnepligtig"/>
						</TextLine>
						<TextLine ID="line_26" HPOS="206" VPOS="919" WIDTH="829" HEIGHT="30">
							<String ID="string_242" HPOS="206" VPOS="919" WIDTH="99" HEIGHT="22" WC="0.96" CONTENT="befrielse"/><SP WIDTH="24" VPOS="919" HPOS="305"/>
							<String ID="string_243" HPOS="329" VPOS="920" WIDTH="46" HEIGHT="22" WC="0.91" CONTENT="från"/><SP WIDTH="23" VPOS="920" HPOS="375"/>
							<String ID="string_244" HPOS="398" VPOS="921" WIDTH="150" HEIGHT="27" WC="0.84" CONTENT="bysättnings*"/><SP WIDTH="13" VPOS="921" HPOS="548"/>
							<String ID="string_245" HPOS="561" VPOS="922" WIDTH="41" HEIGHT="20" WC="0.93" CONTENT="och"/><SP WIDTH="25" VPOS="922" HPOS="602"/>
							<String ID="string_246" HPOS="627" VPOS="922" WIDTH="162" HEIGHT="27" WC="0.92" CONTENT="arbetstvänget"/><SP WIDTH="22" VPOS="922" HPOS="789"/>
							<String ID="string_247" HPOS="811" VPOS="922" WIDTH="74" HEIGHT="21" WC="0.93" CONTENT="endast"/><SP WIDTH="21" VPOS="922" HPOS="885"/>
							<String ID="string_248" HPOS="906" VPOS="922" WIDTH="82" HEIGHT="20" WC="0.92" CONTENT="derföre"/><SP WIDTH="15" VPOS="922" HPOS="988"/>
							<String ID="string_249" HPOS="1003" VPOS="923" WIDTH="32" HEIGHT="19" WC="0.96" CONTENT="att"/>
						</TextLine>
						<TextLine ID="line_27" HPOS="206" VPOS="947" WIDTH="829" HEIGHT="30">
							<String ID="string_250" HPOS="206" VPOS="947" WIDTH="43" HEIGHT="21" WC="0.92" CONTENT="han"/><SP WIDTH="22" VPOS="947" HPOS="249"/>
							<String ID="string_251" HPOS="271" VPOS="948" WIDTH="95" HEIGHT="27" WC="0.95" CONTENT="fullgjort"/><SP WIDTH="22" VPOS="948" HPOS="366"/>
							<String ID="string_252" HPOS="388" VPOS="950" WIDTH="32" HEIGHT="21" WC="0.93" CONTENT="sin"/><SP WIDTH="22" VPOS="950" HPOS="420"/>
							<String ID="string_253" HPOS="442" VPOS="950" WIDTH="54" HEIGHT="27" WC="0.91" CONTENT="pligt"/><SP WIDTH="21" VPOS="950" HPOS="496"/>
							<String ID="string_254" HPOS="517" VPOS="952" WIDTH="45" HEIGHT="19" WC="0.96" CONTENT="mot"/><SP WIDTH="15" VPOS="952" HPOS="562"/>
							<String ID="string_255" HPOS="577" VPOS="950" WIDTH="38" HEIGHT="21" WC="0.92" CONTENT="sitt"/><SP WIDTH="15" VPOS="950" HPOS="615"/>
							<String ID="string_256" HPOS="630" VPOS="950" WIDTH="160" HEIGHT="26" WC="0.92" CONTENT="fädernesland;"/><SP WIDTH="24" VPOS="950" HPOS="790"/>
							<String ID="string_257" HPOS="814" VPOS="952" WIDTH="23" HEIGHT="25" WC="0.93" CONTENT="ty"/><SP WIDTH="15" VPOS="952" HPOS="837"/>
							<String ID="string_258" HPOS="852" VPOS="950" WIDTH="69" HEIGHT="27" WC="0.96" CONTENT="någon"/><SP WIDTH="15" VPOS="950" HPOS="921"/>
							<String ID="string_259" HPOS="936" VPOS="950" WIDTH="99" HEIGHT="26" WC="0.96" CONTENT="belöning"/>
						</TextLine>
						<TextLine ID="line_28" HPOS="205" VPOS="976" WIDTH="830" HEIGHT="26">
							<String ID="string_260" HPOS="205" VPOS="976" WIDTH="29" HEIGHT="26" WC="0.92" CONTENT="pä"/><SP WIDTH="15" VPOS="976" HPOS="234"/>
							<String ID="string_261" HPOS="249" VPOS="976" WIDTH="118" HEIGHT="22" WC="0.96" CONTENT="bekostnad"/><SP WIDTH="16" VPOS="976" HPOS="367"/>
							<String ID="string_262" HPOS="383" VPOS="978" WIDTH="22" HEIGHT="21" WC="0.96" CONTENT="af"/><SP WIDTH="14" VPOS="978" HPOS="405"/>
							<String ID="string_263" HPOS="419" VPOS="979" WIDTH="40" HEIGHT="20" WC="0.93" CONTENT="den"/><SP WIDTH="15" VPOS="979" HPOS="459"/>
							<String ID="string_264" HPOS="474" VPOS="978" WIDTH="95" HEIGHT="22" WC="0.96" CONTENT="enskilde"/><SP WIDTH="15" VPOS="978" HPOS="569"/>
							<String ID="string_265" HPOS="584" VPOS="979" WIDTH="62" HEIGHT="21" WC="0.96" CONTENT="torde"/><SP WIDTH="15" VPOS="979" HPOS="646"/>
							<String ID="string_266" HPOS="661" VPOS="979" WIDTH="34" HEIGHT="21" WC="0.96" CONTENT="väl"/><SP WIDTH="15" VPOS="979" HPOS="695"/>
							<String ID="string_267" HPOS="710" VPOS="979" WIDTH="7" HEIGHT="21" WC="0.93" CONTENT="i"/><SP WIDTH="16" VPOS="979" HPOS="717"/>
							<String ID="string_268" HPOS="733" VPOS="979" WIDTH="51" HEIGHT="21" WC="0.96" CONTENT="slikt"/><SP WIDTH="15" VPOS="979" HPOS="784"/>
							<String ID="string_269" HPOS="799" VPOS="978" WIDTH="37" HEIGHT="22" WC="0.93" CONTENT="fall"/><SP WIDTH="15" VPOS="978" HPOS="836"/>
							<String ID="string_270" HPOS="851" VPOS="978" WIDTH="118" HEIGHT="22" WC="0.85" CONTENT="allraminst"/><SP WIDTH="14" VPOS="978" HPOS="969"/>
							<String ID="string_271" HPOS="983" VPOS="978" WIDTH="52" HEIGHT="22" WC="0.96" CONTENT="böra"/>
						</TextLine>
						<TextLine ID="line_29" HPOS="205" VPOS="1004" WIDTH="830" HEIGHT="30">
							<String ID="string_272" HPOS="205" VPOS="1004" WIDTH="87" HEIGHT="22" WC="0.96" CONTENT="komma"/><SP WIDTH="18" VPOS="1004" HPOS="292"/>
							<String ID="string_273" HPOS="310" VPOS="1006" WIDTH="7" HEIGHT="20" WC="0.93" CONTENT="i"/><SP WIDTH="15" VPOS="1006" HPOS="317"/>
							<String ID="string_274" HPOS="332" VPOS="1006" WIDTH="65" HEIGHT="27" WC="0.92" CONTENT="fräga."/><SP WIDTH="24" VPOS="1006" HPOS="397"/>
							<String ID="string_275" HPOS="421" VPOS="1007" WIDTH="49" HEIGHT="21" WC="0.93" CONTENT="Med"/><SP WIDTH="15" VPOS="1007" HPOS="470"/>
							<String ID="string_276" HPOS="485" VPOS="1007" WIDTH="115" HEIGHT="27" WC="0.92" CONTENT="anledning"/><SP WIDTH="14" VPOS="1007" HPOS="600"/>
							<String ID="string_277" HPOS="614" VPOS="1007" WIDTH="68" HEIGHT="27" WC="0.93" CONTENT="häraf,"/><SP WIDTH="17" VPOS="1007" HPOS="682"/>
							<String ID="string_278" HPOS="699" VPOS="1008" WIDTH="40" HEIGHT="20" WC="0.96" CONTENT="och"/><SP WIDTH="15" VPOS="1008" HPOS="739"/>
							<String ID="string_279" HPOS="754" VPOS="1008" WIDTH="29" HEIGHT="26" WC="0.97" CONTENT="pä"/><SP WIDTH="15" VPOS="1008" HPOS="783"/>
							<String ID="string_280" HPOS="798" VPOS="1007" WIDTH="26" HEIGHT="21" WC="0.96" CONTENT="de"/><SP WIDTH="15" VPOS="1007" HPOS="824"/>
							<String ID="string_281" HPOS="839" VPOS="1007" WIDTH="24" HEIGHT="21" WC="0.93" CONTENT="af"/><SP WIDTH="12" VPOS="1007" HPOS="863"/>
							<String ID="string_282" HPOS="875" VPOS="1008" WIDTH="160" HEIGHT="20" WC="0.92" CONTENT="reservanterne"/>
						</TextLine>
						<TextLine ID="line_30" HPOS="206" VPOS="1032" WIDTH="829" HEIGHT="30">
							<String ID="string_283" HPOS="206" VPOS="1032" WIDTH="127" HEIGHT="23" WC="0.92" CONTENT="framhällna"/><SP WIDTH="15" VPOS="1032" HPOS="333"/>
							<String ID="string_284" HPOS="348" VPOS="1034" WIDTH="52" HEIGHT="27" WC="0.96" CONTENT="skäl,"/><SP WIDTH="16" VPOS="1034" HPOS="400"/>
							<String ID="string_285" HPOS="416" VPOS="1037" WIDTH="55" HEIGHT="19" WC="0.97" CONTENT="samt"/><SP WIDTH="15" VPOS="1037" HPOS="471"/>
							<String ID="string_286" HPOS="486" VPOS="1036" WIDTH="28" HEIGHT="20" WC="0.96" CONTENT="dä"/><SP WIDTH="14" VPOS="1036" HPOS="514"/>
							<String ID="string_287" HPOS="528" VPOS="1036" WIDTH="42" HEIGHT="21" WC="0.96" CONTENT="alla"/><SP WIDTH="15" VPOS="1036" HPOS="570"/>
							<String ID="string_288" HPOS="585" VPOS="1036" WIDTH="140" HEIGHT="26" WC="0.93" CONTENT="medborgare"/><SP WIDTH="16" VPOS="1036" HPOS="725"/>
							<String ID="string_289" HPOS="741" VPOS="1036" WIDTH="53" HEIGHT="20" WC="0.96" CONTENT="böra"/><SP WIDTH="13" VPOS="1036" HPOS="794"/>
							<String ID="string_290" HPOS="807" VPOS="1042" WIDTH="52" HEIGHT="14" WC="0.92" CONTENT="vara"/><SP WIDTH="6" VPOS="1042" HPOS="859"/>
							<String ID="string_291" HPOS="865" VPOS="1035" WIDTH="108" HEIGHT="21" WC="0.96" CONTENT="likställda"/><SP WIDTH="7" VPOS="1035" HPOS="973"/>
							<String ID="string_292" HPOS="980" VPOS="1035" WIDTH="55" HEIGHT="21" WC="0.96" CONTENT="inför"/>
						</TextLine>
						<TextLine ID="line_31" HPOS="205" VPOS="1061" WIDTH="830" HEIGHT="29">
							<String ID="string_293" HPOS="205" VPOS="1061" WIDTH="69" HEIGHT="27" WC="0.93" CONTENT="lagen,"/><SP WIDTH="29" VPOS="1061" HPOS="274"/>
							<String ID="string_294" HPOS="303" VPOS="1062" WIDTH="90" HEIGHT="22" WC="0.91" CONTENT="utbeder"/><SP WIDTH="19" VPOS="1062" HPOS="393"/>
							<String ID="string_295" HPOS="412" VPOS="1064" WIDTH="37" HEIGHT="26" WC="0.96" CONTENT="jag"/><SP WIDTH="24" VPOS="1064" HPOS="449"/>
							<String ID="string_296" HPOS="473" VPOS="1064" WIDTH="44" HEIGHT="26" WC="0.96" CONTENT="mig"/><SP WIDTH="22" VPOS="1064" HPOS="517"/>
							<String ID="string_297" HPOS="539" VPOS="1066" WIDTH="31" HEIGHT="19" WC="0.93" CONTENT="att"/><SP WIDTH="23" VPOS="1066" HPOS="570"/>
							<String ID="string_298" HPOS="593" VPOS="1064" WIDTH="22" HEIGHT="21" WC="0.92" CONTENT="fä"/><SP WIDTH="22" VPOS="1064" HPOS="615"/>
							<String ID="string_299" HPOS="637" VPOS="1064" WIDTH="131" HEIGHT="22" WC="0.92" CONTENT="understöda"/><SP WIDTH="16" VPOS="1064" HPOS="768"/>
							<String ID="string_300" HPOS="784" VPOS="1064" WIDTH="41" HEIGHT="21" WC="0.96" CONTENT="den"/><SP WIDTH="15" VPOS="1064" HPOS="825"/>
							<String ID="string_301" HPOS="840" VPOS="1064" WIDTH="23" HEIGHT="21" WC="0.93" CONTENT="af"/><SP WIDTH="12" VPOS="1064" HPOS="863"/>
							<String ID="string_302" HPOS="875" VPOS="1065" WIDTH="160" HEIGHT="20" WC="0.92" CONTENT="reservanterne"/>
						</TextLine>
						<TextLine ID="line_32" HPOS="204" VPOS="1090" WIDTH="203" HEIGHT="28">
							<String ID="string_303" HPOS="204" VPOS="1090" WIDTH="98" HEIGHT="21" WC="0.92" CONTENT="uttalade"/><SP WIDTH="15" VPOS="1090" HPOS="302"/>
							<String ID="string_304" HPOS="317" VPOS="1091" WIDTH="90" HEIGHT="27" WC="0.96" CONTENT="mening."/>
						</TextLine>
					</TextBlock>
					<TextBlock ID="block_4" HPOS="202" VPOS="1118" WIDTH="834" HEIGHT="455">
						<TextLine ID="line_33" HPOS="278" VPOS="1118" WIDTH="757" HEIGHT="29">
							<String ID="string_305" HPOS="278" VPOS="1118" WIDTH="32" HEIGHT="21" WC="0.93" CONTENT="Hr"/><SP WIDTH="18" VPOS="1118" HPOS="310"/>
							<String ID="string_306" HPOS="328" VPOS="1119" WIDTH="137" HEIGHT="27" WC="0.88" CONTENT="Norrmön,"/><SP WIDTH="16" VPOS="1119" HPOS="465"/>
							<String ID="string_307" HPOS="481" VPOS="1120" WIDTH="32" HEIGHT="22" WC="0.91" CONTENT="A.:"/><SP WIDTH="23" VPOS="1120" HPOS="513"/>
							<String ID="string_308" HPOS="536" VPOS="1120" WIDTH="34" HEIGHT="21" WC="0.93" CONTENT="Dä"/><SP WIDTH="12" VPOS="1120" HPOS="570"/>
							<String ID="string_309" HPOS="582" VPOS="1120" WIDTH="38" HEIGHT="27" WC="0.93" CONTENT="jag"/><SP WIDTH="15" VPOS="1120" HPOS="620"/>
							<String ID="string_310" HPOS="635" VPOS="1120" WIDTH="47" HEIGHT="21" WC="0.88" CONTENT="icke"/><SP WIDTH="15" VPOS="1120" HPOS="682"/>
							<String ID="string_311" HPOS="697" VPOS="1121" WIDTH="43" HEIGHT="20" WC="0.93" CONTENT="kan"/><SP WIDTH="15" VPOS="1121" HPOS="740"/>
							<String ID="string_312" HPOS="755" VPOS="1119" WIDTH="225" HEIGHT="28" WC="0.89" CONTENT="underkännatvigten"/><SP WIDTH="15" VPOS="1119" HPOS="980"/>
							<String ID="string_313" HPOS="995" VPOS="1119" WIDTH="40" HEIGHT="22" WC="0.97" CONTENT="och"/>
						</TextLine>
						<TextLine ID="line_34" HPOS="206" VPOS="1145" WIDTH="829" HEIGHT="29">
							<String ID="string_314" HPOS="206" VPOS="1145" WIDTH="125" HEIGHT="28" WC="0.95" CONTENT="betydelsen"/><SP WIDTH="22" VPOS="1145" HPOS="331"/>
							<String ID="string_315" HPOS="353" VPOS="1147" WIDTH="23" HEIGHT="22" WC="0.96" CONTENT="af"/><SP WIDTH="21" VPOS="1147" HPOS="376"/>
							<String ID="string_316" HPOS="397" VPOS="1148" WIDTH="26" HEIGHT="21" WC="0.96" CONTENT="de"/><SP WIDTH="14" VPOS="1148" HPOS="423"/>
							<String ID="string_317" HPOS="437" VPOS="1149" WIDTH="52" HEIGHT="25" WC="0.93" CONTENT="skäl,"/><SP WIDTH="25" VPOS="1149" HPOS="489"/>
							<String ID="string_318" HPOS="514" VPOS="1151" WIDTH="163" HEIGHT="19" WC="0.93" CONTENT="reservanterna"/><SP WIDTH="15" VPOS="1151" HPOS="677"/>
							<String ID="string_319" HPOS="692" VPOS="1149" WIDTH="75" HEIGHT="21" WC="0.96" CONTENT="anföra"/><SP WIDTH="15" VPOS="1149" HPOS="767"/>
							<String ID="string_320" HPOS="782" VPOS="1149" WIDTH="33" HEIGHT="20" WC="0.95" CONTENT="till"/><SP WIDTH="16" VPOS="1149" HPOS="815"/>
							<String ID="string_321" HPOS="831" VPOS="1149" WIDTH="48" HEIGHT="20" WC="0.96" CONTENT="stöd"/><SP WIDTH="15" VPOS="1149" HPOS="879"/>
							<String ID="string_322" HPOS="894" VPOS="1148" WIDTH="33" HEIGHT="21" WC="0.96" CONTENT="för"/><SP WIDTH="14" VPOS="1148" HPOS="927"/>
							<String ID="string_323" HPOS="941" VPOS="1149" WIDTH="38" HEIGHT="20" WC="0.91" CONTENT="sitt"/><SP WIDTH="14" VPOS="1149" HPOS="979"/>
							<String ID="string_324" HPOS="993" VPOS="1148" WIDTH="42" HEIGHT="21" WC="0.91" CONTENT="för-"/>
						</TextLine>
						<TextLine ID="line_35" HPOS="205" VPOS="1174" WIDTH="831" HEIGHT="30">
							<String ID="string_325" HPOS="205" VPOS="1174" WIDTH="46" HEIGHT="27" WC="0.96" CONTENT="slag"/><SP WIDTH="16" VPOS="1174" HPOS="251"/>
							<String ID="string_326" HPOS="267" VPOS="1181" WIDTH="34" HEIGHT="15" WC="0.96" CONTENT="om"/><SP WIDTH="16" VPOS="1181" HPOS="301"/>
							<String ID="string_327" HPOS="317" VPOS="1177" WIDTH="119" HEIGHT="26" WC="0.96" CONTENT="antagande"/><SP WIDTH="14" VPOS="1177" HPOS="436"/>
							<String ID="string_328" HPOS="450" VPOS="1177" WIDTH="7" HEIGHT="21" WC="0.96" CONTENT="i"/><SP WIDTH="15" VPOS="1177" HPOS="457"/>
							<String ID="string_329" HPOS="472" VPOS="1183" WIDTH="29" HEIGHT="15" WC="0.93" CONTENT="nu"/><SP WIDTH="14" VPOS="1183" HPOS="501"/>
							<String ID="string_330" HPOS="515" VPOS="1177" WIDTH="164" HEIGHT="27" WC="0.95" CONTENT="ifrågavarande"/><SP WIDTH="14" VPOS="1177" HPOS="679"/>
							<String ID="string_331" HPOS="693" VPOS="1177" WIDTH="130" HEIGHT="26" WC="0.96" CONTENT="författning"/><SP WIDTH="14" VPOS="1177" HPOS="823"/>
							<String ID="string_332" HPOS="837" VPOS="1177" WIDTH="24" HEIGHT="21" WC="0.96" CONTENT="af"/><SP WIDTH="13" VPOS="1177" HPOS="861"/>
							<String ID="string_333" HPOS="874" VPOS="1178" WIDTH="31" HEIGHT="20" WC="0.93" CONTENT="ett"/><SP WIDTH="14" VPOS="1178" HPOS="905"/>
							<String ID="string_334" HPOS="919" VPOS="1177" WIDTH="117" HEIGHT="26" WC="0.96" CONTENT="stadgande"/>
						</TextLine>
						<TextLine ID="line_36" HPOS="207" VPOS="1203" WIDTH="829" HEIGHT="30">
							<String ID="string_335" HPOS="207" VPOS="1203" WIDTH="73" HEIGHT="21" WC="0.91" CONTENT="derom"/><SP WIDTH="17" VPOS="1203" HPOS="280"/>
							<String ID="string_336" HPOS="297" VPOS="1206" WIDTH="32" HEIGHT="19" WC="0.93" CONTENT="att"/><SP WIDTH="14" VPOS="1206" HPOS="329"/>
							<String ID="string_337" HPOS="343" VPOS="1205" WIDTH="147" HEIGHT="28" WC="0.92" CONTENT="värnepligtig,"/><SP WIDTH="16" VPOS="1205" HPOS="490"/>
							<String ID="string_338" HPOS="506" VPOS="1206" WIDTH="65" HEIGHT="21" WC="0.93" CONTENT="sedan"/><SP WIDTH="15" VPOS="1206" HPOS="571"/>
							<String ID="string_339" HPOS="586" VPOS="1205" WIDTH="145" HEIGHT="27" WC="0.92" CONTENT="fullgörandet"/><SP WIDTH="15" VPOS="1205" HPOS="731"/>
							<String ID="string_340" HPOS="746" VPOS="1205" WIDTH="23" HEIGHT="22" WC="0.96" CONTENT="af"/><SP WIDTH="13" VPOS="1205" HPOS="769"/>
							<String ID="string_341" HPOS="782" VPOS="1205" WIDTH="54" HEIGHT="22" WC="0.93" CONTENT="hans"/><SP WIDTH="15" VPOS="1205" HPOS="836"/>
							<String ID="string_342" HPOS="851" VPOS="1205" WIDTH="94" HEIGHT="21" WC="0.92" CONTENT="militära"/><SP WIDTH="13" VPOS="1205" HPOS="945"/>
							<String ID="string_343" HPOS="958" VPOS="1205" WIDTH="78" HEIGHT="27" WC="0.93" CONTENT="pligter"/>
						</TextLine>
						<TextLine ID="line_37" HPOS="204" VPOS="1231" WIDTH="832" HEIGHT="30">
							<String ID="string_344" HPOS="204" VPOS="1231" WIDTH="48" HEIGHT="22" WC="0.92" CONTENT="icke"/><SP WIDTH="15" VPOS="1231" HPOS="252"/>
							<String ID="string_345" HPOS="267" VPOS="1233" WIDTH="72" HEIGHT="21" WC="0.93" CONTENT="vidare"/><SP WIDTH="14" VPOS="1233" HPOS="339"/>
							<String ID="string_346" HPOS="353" VPOS="1233" WIDTH="98" HEIGHT="26" WC="0.93" CONTENT="päkallar"/><SP WIDTH="15" VPOS="1233" HPOS="451"/>
							<String ID="string_347" HPOS="466" VPOS="1234" WIDTH="52" HEIGHT="21" WC="0.93" CONTENT="hans"/><SP WIDTH="15" VPOS="1234" HPOS="518"/>
							<String ID="string_348" HPOS="533" VPOS="1234" WIDTH="99" HEIGHT="21" WC="0.91" CONTENT="befrielse"/><SP WIDTH="16" VPOS="1234" HPOS="632"/>
							<String ID="string_349" HPOS="648" VPOS="1234" WIDTH="47" HEIGHT="21" WC="0.91" CONTENT="frän"/><SP WIDTH="14" VPOS="1234" HPOS="695"/>
							<String ID="string_350" HPOS="709" VPOS="1233" WIDTH="202" HEIGHT="28" WC="0.91" CONTENT="bysättningshäkte"/><SP WIDTH="9" VPOS="1233" HPOS="911"/>
							<String ID="string_351" HPOS="920" VPOS="1233" WIDTH="51" HEIGHT="22" WC="0.93" CONTENT="eller"/><SP WIDTH="10" VPOS="1233" HPOS="971"/>
							<String ID="string_352" HPOS="981" VPOS="1233" WIDTH="55" HEIGHT="28" WC="0.93" CONTENT="skyl-"/>
						</TextLine>
						<TextLine ID="line_38" HPOS="205" VPOS="1259" WIDTH="830" HEIGHT="30">
							<String ID="string_353" HPOS="205" VPOS="1259" WIDTH="100" HEIGHT="27" WC="0.91" CONTENT="digheten"/><SP WIDTH="16" VPOS="1259" HPOS="305"/>
							<String ID="string_354" HPOS="321" VPOS="1263" WIDTH="32" HEIGHT="19" WC="0.93" CONTENT="att"/><SP WIDTH="14" VPOS="1263" HPOS="353"/>
							<String ID="string_355" HPOS="367" VPOS="1262" WIDTH="138" HEIGHT="27" WC="0.0" CONTENT="medZarbete"/><SP WIDTH="14" VPOS="1262" HPOS="505"/>
							<String ID="string_356" HPOS="519" VPOS="1262" WIDTH="81" HEIGHT="27" WC="0.93" CONTENT="aftjena"/><SP WIDTH="14" VPOS="1262" HPOS="600"/>
							<String ID="string_357" HPOS="614" VPOS="1263" WIDTH="56" HEIGHT="26" WC="0.92" CONTENT="gäld,"/><SP WIDTH="17" VPOS="1263" HPOS="670"/>
							<String ID="string_358" HPOS="687" VPOS="1265" WIDTH="24" HEIGHT="18" WC="0.93" CONTENT="är"/><SP WIDTH="15" VPOS="1265" HPOS="711"/>
							<String ID="string_359" HPOS="726" VPOS="1263" WIDTH="85" HEIGHT="26" WC="0.96" CONTENT="skyldig"/><SP WIDTH="14" VPOS="1263" HPOS="811"/>
							<String ID="string_360" HPOS="825" VPOS="1264" WIDTH="32" HEIGHT="19" WC="0.96" CONTENT="att"/><SP WIDTH="14" VPOS="1264" HPOS="857"/>
							<String ID="string_361" HPOS="871" VPOS="1262" WIDTH="8" HEIGHT="21" WC="0.93" CONTENT="i"/><SP WIDTH="15" VPOS="1262" HPOS="879"/>
							<String ID="string_362" HPOS="894" VPOS="1262" WIDTH="141" HEIGHT="27" WC="0.92" CONTENT="bysättnings-"/>
						</TextLine>
						<TextLine ID="line_39" HPOS="203" VPOS="1287" WIDTH="832" HEIGHT="30">
							<String ID="string_363" HPOS="203" VPOS="1287" WIDTH="77" HEIGHT="22" WC="0.93" CONTENT="häktet"/><SP WIDTH="23" VPOS="1287" HPOS="280"/>
							<String ID="string_364" HPOS="303" VPOS="1289" WIDTH="132" HEIGHT="22" WC="0.92" CONTENT="äterinträda"/><SP WIDTH="21" VPOS="1289" HPOS="435"/>
							<String ID="string_365" HPOS="456" VPOS="1291" WIDTH="51" HEIGHT="21" WC="0.93" CONTENT="eller"/><SP WIDTH="19" VPOS="1291" HPOS="507"/>
							<String ID="string_366" HPOS="526" VPOS="1291" WIDTH="89" HEIGHT="21" WC="0.85" CONTENT="ädömdt"/><SP WIDTH="15" VPOS="1291" HPOS="615"/>
							<String ID="string_367" HPOS="630" VPOS="1291" WIDTH="73" HEIGHT="21" WC="0.92" CONTENT="arbete"/><SP WIDTH="16" VPOS="1291" HPOS="703"/>
							<String ID="string_368" HPOS="719" VPOS="1291" WIDTH="47" HEIGHT="21" WC="0.95" CONTENT="åter"/><SP WIDTH="15" VPOS="1291" HPOS="766"/>
							<String ID="string_369" HPOS="781" VPOS="1291" WIDTH="94" HEIGHT="26" WC="0.96" CONTENT="vidtaga,"/><SP WIDTH="17" VPOS="1291" HPOS="875"/>
							<String ID="string_370" HPOS="892" VPOS="1290" WIDTH="94" HEIGHT="21" WC="0.96" CONTENT="ansluter"/><SP WIDTH="12" VPOS="1290" HPOS="986"/>
							<String ID="string_371" HPOS="998" VPOS="1290" WIDTH="37" HEIGHT="27" WC="0.96" CONTENT="jag"/>
						</TextLine>
						<TextLine ID="line_40" HPOS="204" VPOS="1316" WIDTH="831" HEIGHT="30">
							<String ID="string_372" HPOS="204" VPOS="1316" WIDTH="44" HEIGHT="27" WC="0.96" CONTENT="mig"/><SP WIDTH="15" VPOS="1316" HPOS="248"/>
							<String ID="string_373" HPOS="263" VPOS="1317" WIDTH="34" HEIGHT="21" WC="0.93" CONTENT="till"/><SP WIDTH="15" VPOS="1317" HPOS="297"/>
							<String ID="string_374" HPOS="312" VPOS="1319" WIDTH="164" HEIGHT="22" WC="0.92" CONTENT="reservationen."/><SP WIDTH="30" VPOS="1319" HPOS="476"/>
							<String ID="string_375" HPOS="506" VPOS="1319" WIDTH="43" HEIGHT="22" WC="0.93" CONTENT="Det"/><SP WIDTH="18" VPOS="1319" HPOS="549"/>
							<String ID="string_376" HPOS="567" VPOS="1325" WIDTH="62" HEIGHT="21" WC="0.92" CONTENT="synes"/><SP WIDTH="16" VPOS="1325" HPOS="629"/>
							<String ID="string_377" HPOS="645" VPOS="1319" WIDTH="44" HEIGHT="27" WC="0.96" CONTENT="mig"/><SP WIDTH="14" VPOS="1319" HPOS="689"/>
							<String ID="string_378" HPOS="703" VPOS="1325" WIDTH="46" HEIGHT="15" WC="0.97" CONTENT="som"/><SP WIDTH="16" VPOS="1325" HPOS="749"/>
							<String ID="string_379" HPOS="765" VPOS="1319" WIDTH="70" HEIGHT="21" WC="0.93" CONTENT="skulle"/><SP WIDTH="15" VPOS="1319" HPOS="835"/>
							<String ID="string_380" HPOS="850" VPOS="1318" WIDTH="106" HEIGHT="21" WC="0.90" CONTENT="utskottet"/><SP WIDTH="14" VPOS="1318" HPOS="956"/>
							<String ID="string_381" HPOS="970" VPOS="1318" WIDTH="65" HEIGHT="21" WC="0.93" CONTENT="förbi-"/>
						</TextLine>
						<TextLine ID="line_41" HPOS="204" VPOS="1345" WIDTH="831" HEIGHT="28">
							<String ID="string_382" HPOS="204" VPOS="1346" WIDTH="43" HEIGHT="19" WC="0.94" CONTENT="sett"/><SP WIDTH="23" VPOS="1346" HPOS="247"/>
							<String ID="string_383" HPOS="270" VPOS="1347" WIDTH="33" HEIGHT="20" WC="0.93" CONTENT="att"/><SP WIDTH="22" VPOS="1347" HPOS="303"/>
							<String ID="string_384" HPOS="325" VPOS="1346" WIDTH="155" HEIGHT="23" WC="0.92" CONTENT="ofvannämnda"/><SP WIDTH="23" VPOS="1346" HPOS="480"/>
							<String ID="string_385" HPOS="503" VPOS="1347" WIDTH="196" HEIGHT="22" WC="0.92" CONTENT="exekutionsmedel"/><SP WIDTH="22" VPOS="1347" HPOS="699"/>
							<String ID="string_386" HPOS="721" VPOS="1348" WIDTH="48" HEIGHT="21" WC="0.91" CONTENT="icke"/><SP WIDTH="22" VPOS="1348" HPOS="769"/>
							<String ID="string_387" HPOS="791" VPOS="1347" WIDTH="105" HEIGHT="21" WC="0.91" CONTENT="innefatta"/><SP WIDTH="23" VPOS="1347" HPOS="896"/>
							<String ID="string_388" HPOS="919" VPOS="1348" WIDTH="30" HEIGHT="20" WC="0.96" CONTENT="ett"/><SP WIDTH="20" VPOS="1348" HPOS="949"/>
							<String ID="string_389" HPOS="969" VPOS="1345" WIDTH="66" HEIGHT="28" WC="0.95" CONTENT="straff,"/>
						</TextLine>
						<TextLine ID="line_42" HPOS="203" VPOS="1374" WIDTH="832" HEIGHT="29">
							<String ID="string_390" HPOS="203" VPOS="1374" WIDTH="53" HEIGHT="21" WC="0.96" CONTENT="utan"/><SP WIDTH="24" VPOS="1374" HPOS="256"/>
							<String ID="string_391" HPOS="280" VPOS="1375" WIDTH="75" HEIGHT="20" WC="0.93" CONTENT="endast"/><SP WIDTH="22" VPOS="1375" HPOS="355"/>
							<String ID="string_392" HPOS="377" VPOS="1375" WIDTH="69" HEIGHT="27" WC="0.96" CONTENT="åsyfta"/><SP WIDTH="21" VPOS="1375" HPOS="446"/>
							<String ID="string_393" HPOS="467" VPOS="1378" WIDTH="32" HEIGHT="19" WC="0.93" CONTENT="att"/><SP WIDTH="22" VPOS="1378" HPOS="499"/>
							<String ID="string_394" HPOS="521" VPOS="1377" WIDTH="71" HEIGHT="20" WC="0.96" CONTENT="lemna"/><SP WIDTH="22" VPOS="1377" HPOS="592"/>
							<String ID="string_395" HPOS="614" VPOS="1383" WIDTH="26" HEIGHT="14" WC="0.93" CONTENT="en"/><SP WIDTH="22" VPOS="1383" HPOS="640"/>
							<String ID="string_396" HPOS="662" VPOS="1376" WIDTH="107" HEIGHT="27" WC="0.75" CONTENT="borgenär"/><SP WIDTH="22" VPOS="1376" HPOS="769"/>
							<String ID="string_397" HPOS="791" VPOS="1377" WIDTH="66" HEIGHT="25" WC="0.96" CONTENT="utväg"/><SP WIDTH="22" VPOS="1377" HPOS="857"/>
							<String ID="string_398" HPOS="879" VPOS="1376" WIDTH="33" HEIGHT="20" WC="0.93" CONTENT="att"/><SP WIDTH="14" VPOS="1376" HPOS="912"/>
							<String ID="string_399" HPOS="926" VPOS="1375" WIDTH="70" HEIGHT="22" WC="0.96" CONTENT="förmå"/><SP WIDTH="13" VPOS="1375" HPOS="996"/>
							<String ID="string_400" HPOS="1009" VPOS="1381" WIDTH="26" HEIGHT="16" WC="0.96" CONTENT="en"/>
						</TextLine>
						<TextLine ID="line_43" HPOS="203" VPOS="1403" WIDTH="832" HEIGHT="28">
							<String ID="string_401" HPOS="203" VPOS="1403" WIDTH="131" HEIGHT="21" WC="0.91" CONTENT="tredskande"/><SP WIDTH="16" VPOS="1403" HPOS="334"/>
							<String ID="string_402" HPOS="350" VPOS="1403" WIDTH="102" HEIGHT="27" WC="0.91" CONTENT="gäldenär"/><SP WIDTH="15" VPOS="1403" HPOS="452"/>
							<String ID="string_403" HPOS="467" VPOS="1406" WIDTH="32" HEIGHT="20" WC="0.93" CONTENT="att"/><SP WIDTH="15" VPOS="1406" HPOS="499"/>
							<String ID="string_404" HPOS="514" VPOS="1404" WIDTH="92" HEIGHT="27" WC="0.93" CONTENT="fullgöra"/><SP WIDTH="15" VPOS="1404" HPOS="606"/>
							<String ID="string_405" HPOS="621" VPOS="1405" WIDTH="33" HEIGHT="21" WC="0.93" CONTENT="sin"/><SP WIDTH="15" VPOS="1405" HPOS="654"/>
							<String ID="string_406" HPOS="669" VPOS="1403" WIDTH="249" HEIGHT="28" WC="0.92" CONTENT="betalningsskyldighet."/><SP WIDTH="26" VPOS="1403" HPOS="918"/>
							<String ID="string_407" HPOS="944" VPOS="1403" WIDTH="33" HEIGHT="22" WC="0.93" CONTENT="En"/><SP WIDTH="15" VPOS="1403" HPOS="977"/>
							<String ID="string_408" HPOS="992" VPOS="1403" WIDTH="43" HEIGHT="28" WC="0.93" CONTENT="gäl-"/>
						</TextLine>
						<TextLine ID="line_44" HPOS="204" VPOS="1430" WIDTH="831" HEIGHT="30">
							<String ID="string_409" HPOS="204" VPOS="1430" WIDTH="73" HEIGHT="27" WC="0.92" CONTENT="denär,"/><SP WIDTH="23" VPOS="1430" HPOS="277"/>
							<String ID="string_410" HPOS="300" VPOS="1438" WIDTH="45" HEIGHT="15" WC="0.91" CONTENT="som"/><SP WIDTH="24" VPOS="1438" HPOS="345"/>
							<String ID="string_411" HPOS="369" VPOS="1432" WIDTH="56" HEIGHT="21" WC="0.92" CONTENT="blott"/><SP WIDTH="23" VPOS="1432" HPOS="425"/>
							<String ID="string_412" HPOS="448" VPOS="1433" WIDTH="22" HEIGHT="20" WC="0.93" CONTENT="af"/><SP WIDTH="12" VPOS="1433" HPOS="470"/>
							<String ID="string_413" HPOS="482" VPOS="1433" WIDTH="82" HEIGHT="26" WC="0.93" CONTENT="verklig"/><SP WIDTH="16" VPOS="1433" HPOS="564"/>
							<String ID="string_414" HPOS="580" VPOS="1433" WIDTH="162" HEIGHT="27" WC="0.81" CONTENT="oförmögenhet"/><SP WIDTH="15" VPOS="1433" HPOS="742"/>
							<String ID="string_415" HPOS="757" VPOS="1432" WIDTH="125" HEIGHT="21" WC="0.96" CONTENT="underlåter"/><SP WIDTH="15" VPOS="1432" HPOS="882"/>
							<String ID="string_416" HPOS="897" VPOS="1433" WIDTH="32" HEIGHT="20" WC="0.93" CONTENT="att"/><SP WIDTH="14" VPOS="1433" HPOS="929"/>
							<String ID="string_417" HPOS="943" VPOS="1432" WIDTH="92" HEIGHT="27" WC="0.96" CONTENT="fullgöra"/>
						</TextLine>
						<TextLine ID="line_45" HPOS="204" VPOS="1458" WIDTH="831" HEIGHT="30">
							<String ID="string_418" HPOS="204" VPOS="1458" WIDTH="129" HEIGHT="27" WC="0.96" CONTENT="densamma,"/><SP WIDTH="23" VPOS="1458" HPOS="333"/>
							<String ID="string_419" HPOS="356" VPOS="1460" WIDTH="43" HEIGHT="21" WC="0.96" CONTENT="kan"/><SP WIDTH="15" VPOS="1460" HPOS="399"/>
							<String ID="string_420" HPOS="414" VPOS="1461" WIDTH="8" HEIGHT="20" WC="0.93" CONTENT="i"/><SP WIDTH="14" VPOS="1461" HPOS="422"/>
							<String ID="string_421" HPOS="436" VPOS="1461" WIDTH="72" HEIGHT="26" WC="0.96" CONTENT="regeln"/><SP WIDTH="15" VPOS="1461" HPOS="508"/>
							<String ID="string_422" HPOS="523" VPOS="1461" WIDTH="69" HEIGHT="21" WC="0.96" CONTENT="befria"/><SP WIDTH="15" VPOS="1461" HPOS="592"/>
							<String ID="string_423" HPOS="607" VPOS="1461" WIDTH="33" HEIGHT="27" WC="0.93" CONTENT="sig"/><SP WIDTH="14" VPOS="1461" HPOS="640"/>
							<String ID="string_424" HPOS="654" VPOS="1461" WIDTH="47" HEIGHT="21" WC="0.93" CONTENT="från"/><SP WIDTH="16" VPOS="1461" HPOS="701"/>
							<String ID="string_425" HPOS="717" VPOS="1460" WIDTH="212" HEIGHT="28" WC="0.92" CONTENT="bysättningshäktet"/><SP WIDTH="14" VPOS="1460" HPOS="929"/>
							<String ID="string_426" HPOS="943" VPOS="1461" WIDTH="40" HEIGHT="20" WC="0.97" CONTENT="och"/><SP WIDTH="15" VPOS="1461" HPOS="983"/>
							<String ID="string_427" HPOS="998" VPOS="1461" WIDTH="37" HEIGHT="20" WC="0.97" CONTENT="det"/>
						</TextLine>
						<TextLine ID="line_46" HPOS="202" VPOS="1486" WIDTH="833" HEIGHT="31">
							<String ID="string_428" HPOS="202" VPOS="1486" WIDTH="81" HEIGHT="23" WC="0.93" CONTENT="honom"/><SP WIDTH="22" VPOS="1486" HPOS="283"/>
							<String ID="string_429" HPOS="305" VPOS="1488" WIDTH="92" HEIGHT="21" WC="0.89" CONTENT="ädömda"/><SP WIDTH="23" VPOS="1488" HPOS="397"/>
							<String ID="string_430" HPOS="420" VPOS="1489" WIDTH="83" HEIGHT="22" WC="0.96" CONTENT="arbetet"/><SP WIDTH="21" VPOS="1489" HPOS="503"/>
							<String ID="string_431" HPOS="524" VPOS="1496" WIDTH="77" HEIGHT="20" WC="0.96" CONTENT="genom"/><SP WIDTH="21" VPOS="1496" HPOS="601"/>
							<String ID="string_432" HPOS="622" VPOS="1491" WIDTH="33" HEIGHT="20" WC="0.93" CONTENT="att"/><SP WIDTH="14" VPOS="1491" HPOS="655"/>
							<String ID="string_433" HPOS="669" VPOS="1490" WIDTH="90" HEIGHT="27" WC="0.92" CONTENT="uppläta"/><SP WIDTH="15" VPOS="1490" HPOS="759"/>
							<String ID="string_434" HPOS="774" VPOS="1489" WIDTH="33" HEIGHT="21" WC="0.96" CONTENT="sin"/><SP WIDTH="16" VPOS="1489" HPOS="807"/>
							<String ID="string_435" HPOS="823" VPOS="1489" WIDTH="103" HEIGHT="27" WC="0.96" CONTENT="egendom"/><SP WIDTH="15" VPOS="1489" HPOS="926"/>
							<String ID="string_436" HPOS="941" VPOS="1488" WIDTH="33" HEIGHT="21" WC="0.96" CONTENT="till"/><SP WIDTH="15" VPOS="1488" HPOS="974"/>
							<String ID="string_437" HPOS="989" VPOS="1488" WIDTH="46" HEIGHT="21" WC="0.96" CONTENT="sina"/>
						</TextLine>
						<TextLine ID="line_47" HPOS="202" VPOS="1515" WIDTH="833" HEIGHT="29">
							<String ID="string_438" HPOS="202" VPOS="1515" WIDTH="141" HEIGHT="27" WC="0.89" CONTENT="borgenärers"/><SP WIDTH="23" VPOS="1515" HPOS="343"/>
							<String ID="string_439" HPOS="366" VPOS="1517" WIDTH="125" HEIGHT="27" WC="0.93" CONTENT="förnöjande"/><SP WIDTH="22" VPOS="1517" HPOS="491"/>
							<String ID="string_440" HPOS="513" VPOS="1518" WIDTH="40" HEIGHT="21" WC="0.93" CONTENT="och"/><SP WIDTH="21" VPOS="1518" HPOS="553"/>
							<String ID="string_441" HPOS="574" VPOS="1518" WIDTH="74" HEIGHT="21" WC="0.92" CONTENT="dervid"/><SP WIDTH="19" VPOS="1518" HPOS="648"/>
							<String ID="string_442" HPOS="667" VPOS="1519" WIDTH="49" HEIGHT="20" WC="0.96" CONTENT="med"/><SP WIDTH="16" VPOS="1519" HPOS="716"/>
							<String ID="string_443" HPOS="732" VPOS="1519" WIDTH="27" HEIGHT="20" WC="0.93" CONTENT="ed"/><SP WIDTH="15" VPOS="1519" HPOS="759"/>
							<String ID="string_444" HPOS="774" VPOS="1517" WIDTH="100" HEIGHT="22" WC="0.90" CONTENT="bekräfta"/><SP WIDTH="15" VPOS="1517" HPOS="874"/>
							<String ID="string_445" HPOS="889" VPOS="1519" WIDTH="32" HEIGHT="19" WC="0.96" CONTENT="att"/><SP WIDTH="15" VPOS="1519" HPOS="921"/>
							<String ID="string_446" HPOS="936" VPOS="1517" WIDTH="42" HEIGHT="20" WC="0.93" CONTENT="han"/><SP WIDTH="14" VPOS="1517" HPOS="978"/>
							<String ID="string_447" HPOS="992" VPOS="1516" WIDTH="43" HEIGHT="21" WC="0.93" CONTENT="rik-"/>
						</TextLine>
						<TextLine ID="line_48" HPOS="202" VPOS="1544" WIDTH="832" HEIGHT="29">
							<String ID="string_448" HPOS="202" VPOS="1544" WIDTH="42" HEIGHT="26" WC="0.92" CONTENT="tigt"/><SP WIDTH="23" VPOS="1544" HPOS="244"/>
							<String ID="string_449" HPOS="267" VPOS="1544" WIDTH="105" HEIGHT="27" WC="0.88" CONTENT="uppgifvit"/><SP WIDTH="23" VPOS="1544" HPOS="372"/>
							<String ID="string_450" HPOS="395" VPOS="1545" WIDTH="47" HEIGHT="22" WC="0.93" CONTENT="sina"/><SP WIDTH="14" VPOS="1545" HPOS="442"/>
							<String ID="string_451" HPOS="456" VPOS="1547" WIDTH="119" HEIGHT="26" WC="0.96" CONTENT="tillgångar."/><SP WIDTH="31" VPOS="1547" HPOS="575"/>
							<String ID="string_452" HPOS="606" VPOS="1546" WIDTH="43" HEIGHT="22" WC="0.96" CONTENT="Det"/><SP WIDTH="15" VPOS="1546" HPOS="649"/>
							<String ID="string_453" HPOS="664" VPOS="1548" WIDTH="25" HEIGHT="20" WC="0.93" CONTENT="är"/><SP WIDTH="14" VPOS="1548" HPOS="689"/>
							<String ID="string_454" HPOS="703" VPOS="1547" WIDTH="66" HEIGHT="21" WC="0.96" CONTENT="också"/><SP WIDTH="15" VPOS="1547" HPOS="769"/>
							<String ID="string_455" HPOS="784" VPOS="1545" WIDTH="178" HEIGHT="27" WC="0.96" CONTENT="hufvudsakligen"/><SP WIDTH="15" VPOS="1545" HPOS="962"/>
							<String ID="string_456" HPOS="977" VPOS="1545" WIDTH="57" HEIGHT="21" WC="0.96" CONTENT="emot"/>
						</TextLine>
					</TextBlock>
				</ComposedBlock>
			</PrintSpace>
		</Page>
	</Layout>
</alto>
