1103 1770
224 145 42 21 114
501 145 18 19 &.
530 150 16 15 0
558 145 17 19 A.
588 145 47 20 1886.
659 145 17 20 IH
688 145 36 19 Jan.

196 213 25 22 så
243 219 62 17 anser
325 213 37 28 jag
384 214 65 22 saken
471 221 53 15 vara
541 214 186 27 behjertansvärd.
756 215 42 26 Jag
812 214 69 22 skulle
895 215 71 22 derför
980 215 44 22 till-

197 242 82 27 styrka,
294 244 33 19 att
343 249 25 15 en
383 243 133 22 öfverläkare
530 243 110 26 tillsättes,
657 249 45 16 som
718 243 66 22 sedan
799 243 35 21 må
848 249 53 16 vara
915 244 34 21 vid
966 244 59 21 skol-

197 271 105 26 styrelsen
317 271 52 21 eller
390 271 219 28 medicinalstyrelsen
624 272 100 26 anställd,
743 271 81 22 hvilket
836 271 38 28 jag
887 272 46 21 icke
949 271 75 28 åtager

196 299 44 26 mig
260 300 34 20 att
308 299 97 26 bedöma,
420 301 56 20 samt
491 306 26 15 en
531 300 82 26 läkare,
634 300 150 27 obligatoriskt
798 300 68 21 borde
880 307 52 14 vara
946 301 78 21 tillsatt

197 327 41 22 och
261 327 80 21 aflönas
363 327 28 28 på
405 328 73 27 hvarje
494 330 40 25 ort,
550 329 40 21 der
605 329 73 21 skolor
692 328 75 21 finnas.
797 328 79 27 Många
890 329 133 26 behjertans-

196 355 69 22 värda
283 355 38 22 fall
335 356 68 22 skulle
418 357 123 27 härigenom
564 357 74 21 kunna
659 357 150 24 förekommas,
832 357 40 21 och
887 358 79 26 otaliga
980 357 43 22 för-

196 385 69 26 tidiga
286 385 91 23 dödsfall
398 385 127 22 förhindras.
555 385 42 28 Jag
618 385 40 22 ber
672 387 34 20 att
720 385 22 22 få
760 385 132 22 understöda
906 386 117 26 petitionen

197 413 40 21 och
252 413 93 27 påyrkar
359 414 75 21 remiss
448 414 33 21 till
496 414 109 21 allmänna
619 414 203 21 besvärsutskottet.

267 441 76 21 Grefve
359 441 167 28 Cronhjelm:
541 442 44 22 Det
599 442 41 21 har
654 443 57 20 varit
725 442 35 21 för
770 442 43 27 mig
826 448 27 15 en
863 442 106 27 synnerlig
978 442 45 26 fäg-

196 469 43 21 nad
255 471 33 20 att
302 476 29 19 se,
347 472 32 19 att
393 470 25 22 R.
435 478 18 14 o.
469 471 25 21 A.
510 470 49 22 med
574 470 25 22 så
612 472 72 20 varmt
701 470 91 22 intresse
807 470 97 27 upptagit
919 476 26 15 en
954 470 68 27 fråga,

196 504 47 15 som
266 500 24 19 är
304 498 24 21 så
342 498 65 28 vigtig
421 499 33 21 för
469 498 38 22 vår
526 499 141 27 uppväxande
682 499 100 27 ungdom.
812 498 42 27 Jag
868 499 41 21 kan
923 498 47 22 icke
985 505 38 15 an-

196 528 38 20 nat
257 528 27 20 än
306 527 81 21 skänka
401 527 26 21 hr
441 534 42 15 von
505 527 87 22 Collans
614 528 81 26 förslag
710 528 50 21 mitt
777 529 108 19 varmaste
899 527 124 21 understöd.

196 554 34 22 Hr
244 561 43 15 von
300 555 82 21 Becker
396 556 40 21 har
450 556 66 21 redan
530 556 125 26 framhällit,
675 556 86 21 hvilken
776 556 45 26 vigt
835 562 49 14 man
899 556 124 21 tillskrifver

197 589 83 15 samma
300 583 61 27 fräga
375 584 8 21 i
397 584 68 22 andra
486 584 81 22 länder.
598 584 57 22 Frän
670 584 44 22 min
736 584 47 22 sida
797 584 39 22 ber
848 584 37 27 jag
900 584 75 21 endast
989 586 33 19 att

195 611 23 21 få
240 612 78 26 bifoga,
341 614 39 24 att,
396 612 24 22 sä
441 613 84 27 mycket
547 613 44 27 mig
606 614 25 20 är
653 613 87 26 bekant,
764 613 98 26 samtliga
881 613 141 27 gymnasier
1008 607 16 37 i

196 640 107 27 Ryssland
318 647 39 20 ega
372 647 26 16 en
413 647 52 21 egen
480 642 80 26 läkare,
576 648 46 15 som
637 642 35 21 vid
687 642 49 21 dem
751 643 25 20 är
790 642 85 21 anstäld
890 641 39 21 och
940 641 39 21 har
989 643 33 20 att

196 669 91 21 aflemna
310 669 37 22 sitt
369 669 111 22 utlätande
502 676 34 15 om
551 670 27 21 de
600 670 127 27 hygieniska
747 670 162 21 förhällandena
923 670 57 21 inom
995 669 26 22 de

196 697 107 22 särskilda
324 697 107 23 skolorna.
460 699 60 20 Att
509 693 16 37 i
542 699 93 20 Finland
658 705 25 15 en
706 698 67 22 sådan
795 699 120 20 institution
934 704 45 15 som
995 703 26 16 en

195 726 118 21 medicinsk
328 727 110 26 inspektor
452 727 84 21 härtills
551 727 41 21 har
606 727 96 26 saknats,
717 727 75 27 tyckes
806 727 44 26 mig
864 733 51 15 vara
930 733 24 15 en
970 732 53 15 ano-

195 755 58 25 mali,
269 761 46 15 som
329 755 48 21 med
392 755 37 22 det
443 757 97 20 snaraste
555 755 67 22 borde
639 755 111 27 afhjelpas.
780 755 41 27 Jag
836 755 33 22 fär
879 755 69 21 säsom
959 755 62 26 sagdt

195 782 29 27 pä
246 783 37 21 det
297 785 107 20 varmaste
425 784 131 21 understöda
578 784 27 21 hr
620 790 41 15 von
684 783 86 22 Collans
785 784 180 26 petitionsförslag
981 783 39 22 och

195 811 39 21 ber
249 817 36 15 om
300 812 73 21 remiss
388 812 32 21 till
435 812 160 21 vederbörande
610 812 91 21 utskott.

266 840 32 21 Hr
313 840 24 21 af
356 840 148 22 Forselles:
527 840 34 21 Dä
576 841 104 21 oväntadt
695 847 49 20 nog,
762 841 37 20 det
814 841 24 20 af
850 840 26 21 hr
889 846 40 15 von
946 839 75 22 Collan

195 867 79 21 väckta
287 868 209 27 petitionsförslaget,
511 869 82 21 hvilket
606 869 37 27 jag
657 869 34 21 för
705 869 44 21 min
764 869 34 21 del
806 869 70 21 helsat
886 869 47 20 med
943 868 77 26 glädje,

195 896 59 21 inom
269 896 36 21 det
320 896 114 28 höglofliga
448 897 85 21 ständet
548 897 40 21 har
602 897 65 21 väckt
682 897 135 27 motsägelse,
832 897 38 21 ber
883 896 36 27 jag
929 898 32 19 att
972 896 48 21 med

194 924 45 20 min
254 924 61 27 ringa
329 926 46 20 röst
389 925 28 27 pä
432 926 36 20 det
482 927 108 20 varmaste
604 925 23 22 fä
641 925 132 21 understöda
787 926 27 20 hr
827 932 41 14 von
883 925 86 21 Collans
976 924 44 22 för-

195 952 53 27 slag.
278 953 32 21 De
333 953 54 27 skäl,
409 954 71 21 hvilka
494 954 45 21 tala
554 954 34 21 för
603 954 126 26 detsamma,
744 954 64 21 hafva
822 954 65 21 redan
903 954 23 20 af
938 953 26 21 hr
978 958 42 16 von

194 980 77 22 Collan
293 981 39 21 och
355 982 61 21 äfven
431 982 22 22 af
473 982 107 22 särskilda
601 982 68 21 andra
684 982 66 22 ärade
770 982 211 21 ständsmedlemmar
995 980 24 22 sä

194 1009 100 27 utförligt
315 1010 69 21 blifvit
405 1010 133 27 framhällna,
554 1012 34 20 att
600 1010 38 27 jag
653 1010 46 22 icke
714 1011 74 21 vidare
802 1011 37 21 vill
853 1012 94 24 upptaga
961 1009 58 21 stän-

195 1037 47 21 dets
258 1038 37 25 tid,
318 1040 52 19 utan
385 1038 97 22 anhåller
496 1041 34 19 att
544 1038 22 22 få
584 1039 111 21 vördsamt
709 1038 83 28 päyrka
806 1038 213 27 petitionsförslagets

193 1066 154 22 remitterande
362 1067 33 21 till
410 1068 107 20 allmänna
531 1067 203 21 besvärsutskottet.

264 1094 33 21 Hr
311 1101 18 15 v.
346 1095 180 26 Willebrand,
542 1096 26 21 K.
584 1096 32 26 F.,
631 1095 117 27 päyrkade,
766 1097 34 19 att
815 1095 101 21 remissen
931 1095 23 21 af
966 1094 54 27 peti-

193 1122 161 28 tionsförslaget
376 1123 67 23 måtte
465 1124 85 27 åtföljas
572 1124 24 21 af
616 1124 41 22 den
678 1124 152 27 försiggängna
852 1123 168 21 diskussionen
1005 1118 17 38 i

193 1152 79 20 ämnet.

263 1179 31 22 Pä
308 1180 27 21 hr
349 1180 207 22 landtmarskalkens
572 1181 157 27 framställning
744 1180 148 22 remitterades
907 1180 67 26 härpä
984 1186 36 20 pe-

192 1208 179 27 titionsförslaget
392 1209 33 21 till
439 1210 107 20 allmänna
569 1209 197 21 besvärsutskottet
780 1209 40 21 och
836 1208 67 22 skulle
919 1208 101 21 remissen

192 1235 87 27 åtföljas
301 1237 24 21 af
337 1238 131 25 protokollet
490 1238 58 21 öfver
571 1238 41 20 den
627 1238 8 20 i
650 1238 66 20 saken
739 1238 35 21 vid
790 1237 60 21 detta
865 1236 39 22 och
919 1238 32 20 ett
965 1236 55 22 före-

191 1263 84 27 gäende
289 1265 87 26 plenum
390 1266 112 26 förelupna
518 1266 154 21 diskussionen.

262 1349 240 23 Riddarhusutskottets
523 1350 49 22 från
595 1352 85 20 senaste
702 1351 86 26 plenum
810 1349 119 27 bordlagda
946 1349 75 21 betän-

189 1376 73 22 kande
284 1377 110 27 angäende
416 1379 65 27 inköp
503 1379 33 22 till
550 1379 26 22 R.
592 1385 20 15 o.
627 1379 39 21 A:s
686 1378 182 28 stenografkansli
882 1377 23 22 af
917 1383 27 15 en
959 1377 62 21 skrif-

189 1405 86 22 maskin
291 1406 56 27 (pag.
364 1406 51 27 102)
430 1407 110 27 föredrogs
556 1407 60 26 härä,
633 1408 73 21 dervid
726 1407 119 22 utskottets
864 1406 79 26 förslag
959 1405 23 21 af
993 1406 27 20 R.

190 1439 21 16 0.
225 1434 28 21 A.
267 1434 8 21 i
290 1435 42 21 allo
347 1435 131 27 godkändes,
493 1436 90 21 hvarom
598 1436 114 22 Utskottet
726 1436 70 21 skulle
803 1441 78 21 genom
892 1433 129 28 protokolls-

188 1462 81 27 utdrag
283 1463 146 22 underrättas.
