1117 1756
256 135 41 21 348
532 136 16 18 R.
561 140 14 14 0.
589 136 16 18 A.
618 136 46 18 1805.
689 135 10 18 2
711 135 48 19 Mars.

228 204 44 20 sats
288 203 72 21 härtill
376 204 39 20 har
429 204 36 26 jag
480 204 125 23 framhållit,
622 206 33 19 att
669 204 78 21 sådant
762 204 114 26 ingalunda
891 204 42 20 kan
948 210 62 14 anses
1020 202 34 22 så-

228 238 45 14 som
289 238 26 14 en
330 232 74 26 fördel,
420 234 53 19 utan
488 232 69 22 såsom
574 234 32 20 ett
621 232 76 22 hinder
712 233 33 21 för
761 233 64 21 deras
839 232 81 22 arbete.
950 232 103 26 Slutligen

228 260 39 20 har
283 260 26 20 hr
323 260 53 22 Rein
392 261 64 21 också
478 261 89 21 tillvitat
582 262 49 26 mig,
647 263 33 19 att
693 261 37 27 jag
745 261 46 21 icke
807 261 69 21 skulle
891 261 65 21 fästat
971 260 83 20 tillbör-

229 288 29 27 lig
272 288 44 27 vigt
331 289 34 21 vid
381 290 25 20 de
422 290 145 26 pedagogiska
582 290 79 21 teorier
676 290 40 20 och
731 290 98 21 metoder
843 289 136 27 professorn
967 284 12 37 i
989 288 65 26 peda-

228 317 64 27 gogik
315 318 38 20 har
377 319 32 19 att
424 318 6 21 i
446 318 45 21 sina
513 318 156 27 föreläsningar
691 318 120 21 framställa
833 318 33 22 för
880 317 174 22 lärarekandida-

228 348 67 18 terna.
325 346 10 21 I
358 346 73 26 sjelfva
453 347 74 21 verket
549 353 64 15 anser
625 347 38 27 jag
681 347 64 21 dessa
766 347 154 26 föreläsningar
935 346 46 21 icke
996 346 59 20 bilda

229 374 40 20 den
292 374 111 27 vigtigaste
427 375 61 21 delen
503 376 23 20 af
546 375 253 27 pedagogieprofessorns
821 375 136 21 verksamhet
976 374 32 22 för
1023 374 31 20 lä-

228 402 179 28 rarebildnmgen.
438 404 108 26 Vigtigare
569 406 30 23 är,
623 404 66 26 enligt
711 404 44 21 min
777 404 71 25 tanke,
876 404 26 20 de
918 403 136 21 konferenser

228 431 42 21 han
293 431 39 22 bör
354 432 57 21 hålla
433 432 48 21 med
503 432 282 27 pedagogiekandidaterne,
807 432 88 21 hvarvid
911 432 41 21 han
968 432 38 20 har
1022 432 32 20 att

228 460 97 21 meddela
341 461 47 21 dem
403 461 97 26 praktisk
515 461 87 27 ledning
618 461 39 22 och
673 462 142 26 anvisningar.
835 461 67 21 Dessa
917 460 137 21 konferenser

228 489 72 20 kunna
323 490 101 21 anställas
439 490 44 21 lika
498 490 34 20 väl
547 490 7 21 i
574 490 133 21 Tavastehus
723 496 45 15 som
784 490 139 26 Helsingfors,
939 491 22 24 ty
976 489 27 20 de
1018 488 36 21 be-

228 517 64 21 höfva
314 518 46 22 icke
383 519 132 21 förekomma
537 525 60 14 mera
619 521 27 18 än
662 525 26 15 en
705 519 52 21 eller
773 525 39 20 par
827 519 79 26 gånger
921 518 7 21 i
942 517 112 25 månaden,

229 546 82 21 kanske
333 547 46 21 icke
395 553 36 15 ens
455 547 22 21 så
493 547 50 21 ofta.
575 547 48 21 Men
639 548 6 20 i
661 547 154 26 sammanhang
833 547 86 21 dermed
934 546 71 21 kunde
1020 545 34 21 väl

229 575 105 25 tillävgas,
357 577 32 19 att
405 581 34 16 om
463 575 64 22 också
549 576 41 21 den
613 576 146 27 pedagogiska
775 576 154 26 vetenskapens
944 574 109 27 betydelse

228 603 34 20 för
278 603 192 28 lärarebildningen
485 604 45 21 icke
547 605 40 20 bör
602 605 159 25 underskattas,
777 604 24 21 så
816 605 67 26 ligger
898 604 36 21 det
949 603 12 21 å
976 609 26 15 en
1018 609 36 14 an-

229 638 43 14 nan
287 632 46 21 sida
348 639 25 14 en
389 633 42 21 viss
446 633 55 21 våda
515 633 32 20 uti
563 635 32 19 att
611 633 132 21 öfverskatta
759 633 129 25 densamma,
904 635 22 24 ty
937 632 36 21 det
983 631 70 21 kunde

230 660 39 21 hos
285 667 26 14 en
326 661 51 21 eller
393 668 68 14 annan
477 662 40 20 lätt
531 661 50 21 leda
595 662 33 20 till
644 662 40 21 den
705 661 61 27 åsigt,
783 664 31 19 ett
829 661 123 21 metoderna
967 666 50 15 vore
1033 659 23 21 af

230 690 69 20 större
316 689 107 27 betydelse
439 692 27 19 än
481 690 40 21 den
536 690 163 27 vetenskapliga
707 690 200 27 underbyggnaden.
923 689 44 21 Och
983 689 36 20 det
1030 689 24 19 är

231 717 54 21 dock
308 718 34 21 det
365 718 68 21 första
455 719 39 20 och
516 719 174 21 hufvudvilkoret
709 719 34 21 för
763 718 181 27 lärareduglighet
959 719 32 19 att
1006 717 47 24 den,

231 751 45 16 som
299 747 54 20 skall
376 747 113 21 undervisa
504 747 73 25 andra,
593 747 50 26 sjelf
661 749 23 19 är
700 747 49 21 fullt
764 748 49 20 inne
828 747 31 21 uti
875 747 37 20 sitt
926 748 68 19 ämne.
1024 745 30 26 Ty

231 781 49 14 man
295 775 40 21 bör
349 775 47 21 icke
411 775 126 27 förglömma
552 776 55 21 hvad
623 782 26 15 en
660 778 45 19 stor
715 776 98 21 skolman
823 775 40 22 och
873 775 95 21 utmärkt
979 773 75 26 biskop

231 803 83 27 engång
328 806 78 25 yttrat:
429 805 36 20 det
480 811 36 19 ges
531 804 78 27 många
624 805 97 21 metoder
736 807 33 18 att
787 804 113 21 undervisa
914 804 6 20 i
936 803 55 20 hvad
1006 808 49 15 man

232 831 49 27 sjelf
301 832 108 27 grundligt
431 833 87 25 känner,
541 839 48 14 men
605 833 37 21 det
656 839 37 20 ges
709 833 63 26 ingen
787 833 71 21 metod
874 834 32 19 att
921 831 113 22 undervisa
1048 830 8 21 i

232 860 42 25 det,
290 866 45 15 som
349 867 49 14 man
413 861 46 21 icke
474 861 87 21 känner.

300 889 58 21 Frih.
381 889 24 21 af
425 889 138 26 Schultén,
587 890 28 21 M.
632 890 39 21 W.:
688 889 33 22 Då
735 890 37 26 jag
794 889 74 22 tillhör
882 889 41 21 den
938 889 34 20 del
987 887 23 21 af
1023 889 33 19 ut-

232 917 82 21 skottet
336 924 45 15 som
404 920 71 19 ansett
497 920 32 19 att
543 919 60 20 detta
625 918 190 27 petitionsförslag,
833 918 62 21 äfven
910 917 70 21 denna
994 915 62 28 gäng,

232 945 46 22 icke
301 946 39 21 bör
363 947 31 20 till
418 946 75 27 åtgärd
515 947 112 21 föranleda
649 947 47 20 från
719 947 127 21 ständernas
866 946 52 25 sida,
934 945 37 21 ber
984 945 37 26 jag
1035 943 22 22 få

232 973 119 28 framlägga
373 975 26 21 de
414 975 131 26 synpunkter
561 982 44 15 som
622 975 74 21 dervid
715 976 56 20 varit
785 975 34 22 för
834 975 42 26 mig
891 974 96 25 ledande,
1003 973 55 20 allra

232 1003 57 20 helst
312 1003 25 21 de
352 1003 47 21 icke
422 1004 133 26 fullständigt
576 1004 84 26 framgå
675 1011 26 14 ur
716 1004 165 21 reservationen.
912 1003 45 20 Den
973 1001 85 26 förelig-

233 1031 68 26 gande
324 1031 74 28 frågan
414 1034 24 19 är
460 1033 45 20 icke
520 1032 70 27 någon
613 1034 69 25 större
697 1032 151 27 principfråga,
864 1031 69 27 någon
948 1030 61 27 fråga
1024 1035 34 16 om

234 1059 25 21 de
282 1060 213 27 bildningssökandes
517 1061 70 21 behof.
617 1062 63 20 Ännu
703 1061 84 21 mindre
811 1063 23 18 är
854 1061 36 20 det
913 1059 70 27 någon
1002 1059 57 26 slags

233 1088 126 27 partifräga,
375 1089 70 21 såsom
461 1095 25 15 en
501 1089 53 21 ärad
569 1089 70 22 talare
654 1089 39 21 har
708 1089 83 27 antydt.
811 1089 84 26 Frågan
911 1090 30 23 är,
956 1086 103 22 beröfvad

234 1117 43 20 alla
299 1117 92 26 onödiga
406 1118 159 25 omklädnader,
581 1118 45 21 helt
642 1118 71 21 enkelt
729 1124 26 15 en
770 1117 130 27 pedagogisk
916 1115 144 27 lämplighets-

234 1145 40 20 och
290 1145 135 27 detaljfråga,
441 1147 112 26 nämligen,
569 1146 106 21 huruvida
690 1147 99 26 samtlige
799 1145 198 22 lärarekandidater
1007 1143 53 21 böra

234 1173 85 27 åtnjuta
340 1175 103 20 teoretisk
466 1175 149 26 undervisning
638 1175 23 21 af
681 1174 239 27 pedagogieprofessorn
940 1173 52 21 eller
1006 1172 54 25 icke,

234 1204 61 23 samt,
311 1201 45 22 ifall
371 1202 74 27 frågan
461 1203 94 26 bejakas,
571 1209 35 15 om
622 1203 69 21 denna
707 1203 108 27 synpunkt
830 1204 24 19 är
870 1202 23 21 så
907 1201 66 27 vigtig
988 1202 32 19 att
1034 1205 26 16 en

234 1230 106 27 rubbning
354 1231 8 20 i
377 1231 36 21 det
429 1231 132 22 närvarande
583 1231 146 22 förhållandet
744 1232 40 21 bör
799 1237 39 20 ega
854 1237 52 14 rum.
936 1231 43 20 Det
994 1231 24 19 är
1033 1227 27 22 då

233 1260 33 19 att
281 1259 104 21 anmärka
400 1261 32 19 att
447 1260 21 21 vi
482 1260 57 21 finna
554 1260 26 21 de
595 1262 56 19 mest
665 1261 58 20 olika
738 1260 79 27 åsigter
833 1259 60 21 äfven
908 1258 47 22 från
970 1259 41 20 den
1024 1263 36 20 pe-

234 1287 117 26 dagogiska
365 1288 61 21 sidan
441 1289 7 20 i
464 1289 64 20 saken
544 1289 103 20 uttalade.
678 1289 77 20 Medan
771 1288 117 21 utskottets
901 1287 109 26 majoritet
1020 1285 40 21 och

234 1315 51 22 flere
308 1316 68 21 talare
391 1316 28 27 på
441 1317 60 21 detta
523 1323 46 14 rum
589 1317 76 21 anföra
680 1317 47 21 skäl
742 1317 35 21 för
791 1317 132 26 flyttningen,
940 1321 22 14 se
977 1315 21 20 vi
1013 1313 48 21 från

233 1344 68 21 andra
317 1344 60 21 sidan
399 1345 150 26 lämpligheten
565 1345 62 22 deraf
641 1345 97 21 betviflas
756 1345 49 21 med
820 1343 160 27 framläggande
995 1342 23 21 af
1031 1342 30 21 äf-

233 1371 66 22 venså
321 1373 56 26 goda
399 1373 53 21 skäl.
482 1373 79 27 Sjelfva
582 1374 199 26 hufvudprincipen,
797 1373 41 21 den
852 1372 118 21 teoretiska
984 1371 78 21 under-

233 1401 121 26 visningens
370 1401 109 27 betydelse
494 1402 33 21 för
542 1402 234 25 lärarekandidaterne,
793 1408 22 21 se
830 1401 20 21 vi
858 1400 145 22 underkastad
1014 1399 48 21 tvif-

233 1429 96 21 velsmäl.
360 1429 27 22 Vi
401 1430 59 21 finna
474 1431 56 20 inom
541 1431 136 20 universitets
688 1431 152 20 konsistorium
851 1429 63 26 högst
925 1429 137 26 kompetente

234 1459 49 19 män
305 1458 120 21 framkasta
447 1459 40 20 den
511 1459 56 26 åsigt
582 1461 33 18 att
634 1458 265 27 pedagogieprofessionen
919 1462 50 15 vore
985 1455 77 26 onödig

234 1485 53 21 eller
310 1486 66 21 borde
391 1487 7 20 i
413 1487 69 26 grund
505 1487 134 21 reformeras.
670 1487 27 21 Vi
713 1493 22 15 se
755 1486 66 22 också
835 1487 6 20 i
857 1486 68 21 andra
940 1485 74 20 länder
1029 1483 33 22 så-

234 1513 56 21 dana
312 1515 261 26 pedagogieprofessioner
595 1516 85 21 saknas,
711 1516 27 20 Vi
760 1515 55 21 höra
835 1514 126 21 framhållas
978 1515 34 18 att
1026 1512 37 21 det

233 1548 52 15 vore
300 1542 126 27 lämpligare
443 1550 34 15 om
492 1544 40 21 den
547 1544 119 21 teoretiska
680 1544 180 26 undervisningen
874 1542 125 26 förknippas
1014 1541 48 21 med
