1114 1764
406 113 16 18 R
434 117 16 15 o.
463 113 16 18 A.
493 113 47 19 1885.
558 113 18 19 31
588 113 35 18 Jan.
856 114 40 21 119

94 184 37 19 att
152 182 110 27 lösningen
284 181 23 22 af
326 181 76 28 frågan
423 182 7 21 i
453 181 49 22 dess
523 182 75 22 helhet
611 181 108 22 försvåras
734 182 8 21 i
756 182 73 21 stället
843 181 34 22 för
891 182 32 20 att

97 210 94 27 främjas.

166 239 33 21 På
219 238 70 27 grund
310 238 23 21 af
352 238 56 21 hvad
429 238 37 27 jag
487 245 30 15 nu
538 238 48 21 haft
603 240 53 20 äran
670 239 77 20 anföra
761 238 66 27 vågar
839 238 38 27 jag
890 237 33 22 för

99 267 63 28 Högl.
177 267 157 26 Ridderskapet
348 267 40 21 och
402 267 70 21 Adeln
483 267 111 22 vördsamt
603 267 80 21 föreslå
693 273 26 15 en
729 267 133 27 underdånig
871 266 54 27 peti-

95 296 49 22 tion
158 296 74 22 derom

271 326 32 19 att
327 323 55 22 hans
397 323 126 28 Kejserliga
545 323 105 28 Majestät
672 323 80 22 täcktes
774 324 47 20 låta
842 324 83 28 öfverse

201 352 103 29 gällande
326 352 136 28 stadganden
477 351 95 22 rörande
588 352 203 21 domstolsväsendet
806 353 38 20 och
858 354 67 19 rätte-

201 381 85 27 gången
308 383 56 18 samt
385 380 99 21 utarbeta
506 381 39 20 och
567 381 9 20 i
598 381 70 20 sinom
690 380 33 21 tid
733 381 118 27 förelägga
864 383 61 19 stän-

203 409 69 21 derna
281 409 90 28 förslag
387 409 34 21 till
432 409 85 20 sådana
522 408 143 28 förändrade
675 408 160 28 bestämningar
845 409 9 20 i
863 409 63 20 dessa

203 439 84 24 ämnen,
310 444 44 14 som
376 437 104 28 befunnes
502 443 54 14 vara
576 437 30 27 af
616 437 216 26 tidsförhållandena
844 436 82 28 påkal-

204 465 50 21 lade
269 465 38 22 och
322 466 90 27 möjliga
427 468 32 18 att
473 465 145 28 genomföras.

167 494 139 27 Helsingfors,
322 495 42 21 den
378 495 27 21 27
418 494 89 21 Januari
520 494 62 21 1885.

687 522 26 21 R.
729 523 26 20 A.
777 522 79 21 Wrede.

170 579 236 22 Petitionsmemorialet
421 579 115 22 bordlades
552 579 32 22 till
600 581 62 20 nästa
676 579 165 22 sammanträde.

171 664 41 21 Till
226 664 129 27 behandling
369 664 95 28 företogs
479 672 29 14 nu
522 665 49 21 frih.
587 664 97 26 Wredes,
700 664 24 21 O.
739 664 32 26 A.,
782 664 145 27 petitionsme-

99 693 86 25 morial,
194 693 108 26 angående
310 693 128 21 förändrade
446 694 94 26 grunder
553 693 34 21 för
596 693 214 27 jordbeskattningen
818 693 57 27 (pag.
884 692 43 26 99).

171 721 33 21 Hr
226 721 226 26 Yrjö-Koskinen,
475 728 46 15 som
538 722 29 26 pä
582 722 94 26 begäran
691 721 53 21 först
759 721 86 21 erhällit
859 720 68 26 ordet,

102 749 95 27 yttrade:
213 750 11 20 I
239 750 113 26 anledning
367 750 23 21 af
402 750 145 27 föreliggande
562 750 214 27 petitionsmemorial
786 749 97 21 anhåller
891 749 37 26 jag

103 779 34 20 att
158 778 33 21 för
213 777 67 27 nägra
302 778 113 27 ögonblick
436 778 22 22 fä
473 780 51 26 taga
537 779 25 21 R.
579 785 19 15 o.
614 778 37 21 A:s
666 778 189 26 uppmärksamhet
869 778 8 20 i
891 783 37 15 an-

103 806 72 26 spräk.
205 806 41 26 Jag
266 808 24 19 är
305 806 40 22 den
359 807 67 21 förste
441 809 33 19 att
490 808 100 25 erkänna,
606 808 33 20 att
653 806 39 22 vär
707 806 122 22 nuvarande
842 806 87 26 jordbe-

104 834 109 27 skattning
228 835 53 21 lider
296 835 23 21 af
332 836 59 20 stora
405 836 86 26 brister,
506 838 34 19 att
554 835 53 22 vära
617 835 110 21 kamerala
736 835 145 21 institutioner
891 836 37 19 äro

104 863 8 21 i
126 863 43 27 hög
183 863 54 26 grad
250 863 128 22 föräldrade.
396 864 47 21 Den
458 864 65 22 ärade
532 864 194 26 förslagsställaren
740 864 45 25 har,
796 864 7 20 i
813 863 39 21 full
863 862 67 22 öfver-

103 892 150 20 enstämmelse
276 892 48 21 med
338 892 96 27 verkliga
447 892 151 25 förhällandet,
613 892 118 22 framhällit
746 892 41 21 den
802 891 107 27 ojemnhet
923 890 8 22 i

105 920 210 26 mantalsättningen,
338 926 46 16 som
398 921 8 20 i
421 921 58 21 olika
498 921 60 21 delar
573 921 23 21 af
609 921 73 21 landet
698 920 39 22 och
752 920 45 22 ofta
811 920 29 26 pä
850 924 81 16 samma

104 950 37 19 ort
163 954 50 21 eger
235 955 54 14 rum.
318 949 49 21 Han
389 949 40 21 har
433 944 12 36 i
466 950 59 21 detta
540 950 99 20 afseende
654 949 66 27 enligt
735 949 43 21 min
793 948 65 22 tanke
873 948 58 26 inga-

105 976 66 22 lunda
193 976 131 22 öfverdrifvit
339 978 130 26 skildringen
488 978 23 21 af
524 978 219 21 missförhällandena.
773 977 100 21 Tvärtom
892 976 39 20 har

105 1005 44 21 han
171 1005 7 21 i
201 1005 73 27 sjelfva
295 1006 75 21 verket
386 1006 47 21 icke
448 1013 42 20 nog
504 1006 118 22 framhållit
638 1006 74 27 sjelfva
727 1008 61 19 arten
802 1006 23 20 af
838 1004 94 22 missför-

107 1032 128 22 hällandena
258 1034 39 21 och
320 1034 62 22 deras
403 1035 97 27 verkliga
518 1035 60 27 grad.
608 1035 43 21 Det
666 1036 25 19 är
706 1035 104 26 nemligen
824 1034 62 21 fallet
900 1034 34 19 att

107 1062 108 20 mantalen
238 1062 47 21 icke
305 1064 77 25 utgöra
397 1063 33 21 för
446 1063 41 22 den
502 1064 106 26 egentliga
630 1063 146 21 kronoräntan
794 1062 71 27 nägon
879 1061 55 21 kon-

105 1092 61 20 stant
187 1090 96 22 kameral
305 1091 70 26 enhet,
390 1094 53 19 utan
458 1092 41 21 den
514 1092 106 27 egentliga
634 1092 147 26 grundräntan
795 1091 53 21 eller
863 1089 71 22 säsom

107 1118 42 22 den
170 1118 69 22 kallas
261 1119 140 22 rubelräntan
419 1120 96 22 varierar
538 1126 38 21 per
599 1120 82 21 mantal
703 1120 7 21 i
725 1120 84 27 mycket
824 1119 43 26 hög
881 1117 54 27 grad

106 1146 42 22 och
163 1146 60 22 detta
237 1147 47 21 icke
299 1148 76 21 endast
389 1149 7 20 i
412 1149 58 21 olika
485 1149 59 21 delar
559 1149 23 21 af
590 1149 80 25 landet,
682 1151 52 19 utan
744 1148 61 22 äfven
815 1147 29 27 pä
854 1152 81 16 samma

108 1176 42 20 ort.
179 1175 78 21 Medan
274 1176 7 20 i
296 1176 50 21 flere
362 1177 60 21 delar
436 1177 23 21 af
472 1178 74 20 landet
560 1177 83 21 antalet
658 1177 61 21 rubel
734 1176 27 27 pä
775 1175 82 22 mantal
872 1176 64 25 utgör

109 1203 28 21 30
155 1202 13 22 å
183 1203 34 27 35,
232 1204 143 22 förekommer
389 1205 27 27 pä
432 1206 78 27 många
524 1207 66 25 orter,
605 1206 7 21 i
627 1206 57 20 vissa
698 1206 67 20 andra
779 1204 60 22 delar
855 1203 24 21 af
891 1203 46 21 lan-

108 1232 43 25 det,
174 1233 33 19 ett
227 1232 49 21 vida
298 1233 66 27 högre
387 1234 94 21 rubeltal
496 1234 28 26 pä
538 1234 115 21 mantalet:
671 1234 34 26 60,
721 1234 33 25 70,
769 1233 28 21 80
809 1232 24 27 ja
848 1231 34 22 till
897 1230 40 33 och

108 1260 49 21 med
180 1260 58 21 öfver
262 1261 47 25 100,
331 1274 29 2 —
374 1268 27 15 en
423 1263 88 25 olikhet,
535 1268 46 16 som
604 1262 32 22 till
654 1262 41 22 och
710 1262 48 21 med
772 1261 144 21 förekommer
930 1265 9 15 i

109 1294 82 16 samma
213 1289 82 27 byalag,
318 1289 13 21 å
352 1290 132 27 lägenheter,
506 1297 46 15 som
574 1292 79 26 gränsa
674 1291 55 21 intill
747 1290 128 21 hvarandra.
905 1286 34 22 Då

109 1323 50 15 man
181 1323 30 15 nu
233 1318 69 20 tillika
320 1318 67 22 fäster
402 1319 219 27 uppmärksamheten
636 1319 80 26 dervid,
731 1320 33 20 att
777 1319 46 27 just
837 1318 27 21 de
880 1318 59 20 orter

109 1345 8 21 i
138 1345 80 27 landet,
241 1346 38 21 der
302 1347 204 27 mantalsättningen
529 1350 24 18 är
568 1348 64 26 högst
654 1348 69 21 tillika
743 1348 65 20 oftast
823 1346 65 21 hafva
903 1344 37 21 det

109 1373 78 27 högsta
202 1374 92 21 rubeltal
309 1381 39 20 per
362 1376 88 25 mantal,
466 1376 24 21 så
504 1376 102 21 framstår
621 1376 122 26 derigenom
753 1375 136 27 ojemnheten
900 1372 41 21 och

110 1401 139 27 obilligheten
270 1403 7 20 i
300 1403 165 28 beskattningen
487 1404 24 21 så
533 1404 85 27 mycket
640 1404 101 27 bjertare.
770 1404 43 21 Det
829 1405 26 18 är
869 1401 72 22 såsom

110 1429 74 27 kändt,
208 1431 183 26 hufvudsakligast
409 1433 27 20 de
456 1433 112 26 sydvestra
582 1433 89 20 delarna
686 1432 23 21 af
721 1432 79 26 landet,
817 1431 36 21 det
869 1430 72 30 egent-

111 1458 43 27 liga
177 1459 91 21 Finland
282 1460 49 21 med
349 1451 76 40 Åland,
441 1467 27 15 en
483 1461 35 21 del
532 1461 24 21 af
568 1461 85 26 Nyland
668 1461 40 21 och
722 1459 136 26 Tavastland,
874 1463 47 16 som
935 1463 8 14 i

111 1486 60 22 detta
194 1487 99 22 afseende
312 1489 37 20 äro
365 1489 135 26 synnerligen
515 1489 151 21 förfördelade.
696 1489 49 21 Man
760 1489 43 20 kan
818 1486 125 31 visserligen

110 1516 59 25 säga,
193 1517 33 20 att
248 1522 26 15 en
297 1516 59 27 dylik
376 1517 110 26 jordskatt
507 1517 48 22 icke
580 1519 25 19 är
627 1517 71 26 någon
720 1517 93 27 egentlig
833 1515 110 24 orättvisa,
