1086 1767
214 118 27 22 82
488 120 15 19 R.
516 126 15 14 0.
544 121 16 19 A.
573 121 47 19 1885.
644 122 20 18 27
677 122 34 19 Jan.

252 187 34 21 Då
308 188 58 22 detta
387 189 79 28 förslag
487 190 40 21 har
542 189 70 21 blifvit
631 190 104 26 välvilligt
756 192 109 25 upptaget,
881 191 35 21 vill
929 192 37 27 jag
980 198 32 16 nu

181 214 48 22 icke
251 216 73 27 längre
345 220 94 25 upptaga
461 218 36 22 det
516 217 115 28 höglofiiga
650 218 95 22 ständets
761 218 38 27 tid,
815 221 52 19 utan
882 219 129 23 förbehäller

181 243 44 27 mig
247 246 33 19 att
298 244 117 28 framdeles,
435 247 27 21 dä
476 247 103 26 förslaget
594 246 116 28 behörigen
725 247 127 21 bearbetadt
867 248 142 23 återkommer

181 271 47 22 frän
244 272 36 22 det
299 273 126 27 insigtsfulla
439 276 89 26 utskott,
545 275 32 21 dit
592 275 36 21 det
644 276 121 26 antagligen
781 276 95 21 kommer
891 279 31 19 att
937 278 73 21 remit-

180 302 64 24 teras,
261 301 72 21 vidare
347 302 21 22 få
382 305 58 25 yttra
454 304 43 26 mig
512 304 7 20 i
534 306 78 19 ämnet.

251 329 32 21 Hr
305 330 182 28 Godenhjelm:
518 332 33 21 Då
573 332 76 26 frågan
672 338 34 15 om
730 334 31 20 ett
783 333 224 27 granskningsutskott

180 357 84 21 förevar
279 358 35 21 vid
329 362 83 19 senaste
426 360 108 27 landtdag,
550 361 55 21 hade
621 360 62 22 äfven
696 360 37 28 jag
748 360 84 22 tillfälle
842 363 32 19 att
885 362 67 20 uttala
962 362 44 27 mig

178 386 7 20 i
201 386 66 21 saken
290 388 39 20 och
348 389 142 21 understödde
505 389 28 21 då
547 389 26 21 hr
588 389 65 21 Reins
668 389 218 27 petitionsmemorial,
903 396 43 15 som
961 390 43 21 för-

179 414 80 22 ordade
281 417 31 19 ett
333 416 75 22 sådant
430 418 230 26 granskningsutskott.
696 418 34 21 Då
744 424 30 14 nu
789 418 40 21 den
844 418 159 27 ifrågavarande

177 442 118 29 petitionen
309 444 33 21 till
357 446 37 21 sitt
408 447 151 26 väsentligaste
573 446 95 21 innehåll
683 446 39 21 har
737 453 81 14 samma
833 447 54 26 syfte
901 454 44 14 som
962 448 40 21 den

177 471 97 27 petition,
290 473 84 22 hvilken
389 475 35 20 vid
439 477 84 19 senaste
538 475 104 26 landtdag
656 475 170 26 framlemnades,
843 475 22 21 så
881 476 76 21 önskar
965 476 39 28 jag

177 499 61 22 äfven
254 500 73 23 förena
342 503 42 26 mig
399 504 48 21 med
463 504 53 25 dem,
532 510 46 15 som
593 503 97 21 förordat
705 503 75 22 remiss
796 503 23 22 af
832 504 68 21 denna
911 505 89 26 petition

176 528 32 21 till
227 529 145 27 lagutskottet.
404 531 69 22 Gerna
488 532 68 21 skulle
568 532 38 26 jag
620 531 64 22 hafva
699 534 48 24 sett,
764 533 32 20 att
811 534 56 19 ännu
882 535 30 19 ett
927 533 75 28 tillägg

175 557 55 21 hade
249 558 74 27 gjorts,
339 565 44 16 som
398 560 68 22 skulle
480 563 53 24 göra
547 560 83 27 möjligt
645 561 65 26 något
726 561 110 21 uttalande
851 561 23 21 af
887 562 113 21 ständerna

174 585 33 21 till
229 587 116 21 monarken
364 588 7 21 i
395 589 113 27 anledning
526 589 23 21 af
562 589 76 26 sjelfva
652 589 167 27 granskningen;
835 596 48 15 men
899 590 26 21 då
940 591 60 21 detta

174 613 115 28 möjligtvis
304 616 70 21 kunde
388 619 59 20 möta
462 618 137 26 svårigheter,
616 617 38 21 vill
667 617 37 27 jag
718 617 48 22 icke
780 618 53 26 yrka
849 619 73 26 derpå;
946 619 53 20 kan-

173 642 47 21 ske
235 645 24 18 är
282 644 35 21 det
336 645 95 27 omöjligt
446 648 32 19 att
493 647 48 20 med
557 652 37 15 ens
610 646 82 21 erhålla
706 646 23 21 sä
746 646 89 27 mycket.
867 647 76 21 Vidare
958 647 40 21 har

170 670 38 28 jag
222 671 48 22 icke
285 674 32 19 att
331 673 93 28 tillägga,
440 677 52 19 utan
507 675 98 21 förordar
620 675 75 20 remiss
711 674 32 21 till
758 675 105 21 utskottet

241 700 33 21 Hr
296 701 138 23 Hackman:
465 703 61 22 Flere
549 703 65 21 ärade
636 703 69 21 talare
727 703 64 21 hafva
808 703 31 21 uti
859 704 36 21 det
912 703 83 28 förelig-

171 728 68 26 gande
255 729 232 26 petitionsmemorialet
502 734 42 19 sett
559 733 32 20 ett
606 731 80 27 förslag
696 731 33 21 till
738 731 112 22 införande
860 732 23 21 af
891 732 106 22 minister-

170 757 142 26 ansvarighet.
345 759 47 21 Den
417 761 64 20 ärade
496 760 143 27 petitionären
654 760 40 21 har
708 760 117 21 framhållit
840 762 32 19 att
886 761 52 21 hans
953 761 43 21 för-

169 785 46 26 slag
236 785 48 22 icke
305 786 39 21 har
365 790 31 19 ett
418 789 76 20 sådant
516 789 60 26 syfte,
600 790 52 19 utan
673 790 32 19 att
724 789 37 20 det
776 789 88 21 innebär
879 790 74 20 endast
968 796 27 15 en

168 813 185 28 granskningsrätt
375 816 33 21 för
430 817 119 21 ständerna.
587 817 39 21 Om
647 817 38 26 jag
706 823 29 15 nu
751 817 32 20 för
798 817 66 26 några
883 818 110 26 ögonblick

167 843 61 26 tager
251 842 24 21 R.
292 849 18 14 o.
327 844 36 21 A:s
378 845 32 20 tid
425 845 7 21 i
447 846 92 26 anspråk
554 847 24 20 är
594 846 36 21 det
645 845 56 21 blott
716 845 33 21 för
765 847 32 20 att
811 846 68 21 uttala
894 847 42 20 min
952 846 42 21 för-

167 869 109 28 hoppning
299 873 31 19 att
345 873 36 20 det
400 874 88 26 utskott,
504 874 33 21 till
552 874 82 21 hvilket
650 874 233 26 petitionsmemorialet
898 875 95 21 kommer

166 900 32 19 att
214 899 125 27 remitteras,
355 901 66 22 måtte
436 903 100 26 uppfatta
551 903 74 26 frågan
641 902 43 21 lika
699 903 108 26 praktiskt
821 909 44 14 som
877 903 39 21 den
928 904 65 21 ärade

165 927 148 26 petitionären.
337 929 85 22 Liksom
431 931 46 21 frih.
487 937 18 15 v.
514 931 58 21 Born
581 937 62 15 anser
654 931 62 20 äfven
722 931 37 26 jag
768 933 31 19 att
807 931 20 21 vi
835 931 46 21 icke
889 932 51 21 böra
948 932 44 21 låta

166 955 78 22 blända
260 962 34 15 oss
309 956 23 21 af
344 957 89 22 liberala
447 959 73 26 fraser,
537 961 51 19 utan
604 961 33 19 att
651 959 21 21 vi
688 959 141 27 synnerligast
844 960 31 21 uti
891 967 24 14 en
931 960 61 27 fråga

165 989 46 16 som
234 984 42 21 kan
296 985 65 22 blifva
378 987 24 21 så
416 987 73 28 vigtig,
506 988 75 21 endast
596 987 54 22 böra
664 987 45 22 låta
723 988 50 21 leda
787 994 34 15 oss
837 988 23 21 af
873 989 39 20 den
928 989 61 26 prak-

162 1012 57 22 tiska
234 1014 67 25 nytta,
319 1016 30 19 ett
363 1015 76 22 sådant
454 1016 89 27 förslags
559 1016 165 27 genomförande
739 1016 43 21 kan
797 1017 94 21 medföra
901 1017 32 21 för
943 1017 47 21 vårt

162 1041 57 21 land.
251 1041 239 24 Petitionsmemorialet
508 1044 163 22 sammanfattar
686 1045 28 26 pä
729 1046 32 19 ett
776 1045 87 27 lyckligt
877 1047 43 19 sätt
934 1045 57 22 hvad

161 1075 46 15 som
222 1070 127 22 framhållits
363 1072 36 21 vid
414 1073 147 21 diskussionen
576 1075 85 19 senaste
676 1073 103 27 landtdag
795 1073 37 22 och
850 1073 99 28 kringgår
964 1075 26 20 de

160 1097 61 22 flesta
237 1098 23 21 af
274 1099 37 20 der
325 1099 124 24 framstälda
464 1102 140 27 svårigheter;
622 1102 36 21 det
674 1103 23 19 är
708 1101 55 22 dock
775 1101 130 22 beträffande
916 1102 74 27 sjelfva

160 1126 124 22 utförandet
299 1127 23 21 af
334 1127 103 29 förslaget
452 1130 80 27 ganska
547 1130 116 21 sväfvande
678 1130 40 21 och
734 1130 127 21 obestämdt.
891 1131 42 21 Det
947 1131 41 21 blir

159 1155 118 22 utskottets
299 1157 83 26 uppgift
404 1160 32 19 att
451 1159 52 21 söka
518 1158 57 21 finna
591 1165 26 14 en
631 1158 97 27 praktisk
745 1160 41 25 väg
800 1159 33 20 för
848 1161 31 19 att
895 1159 94 22 anordna

159 1183 69 22 denna
251 1185 136 27 granskning,
410 1187 24 20 så
457 1189 31 19 att
512 1187 41 21 den
575 1187 108 26 verkligen
698 1187 42 20 blir
756 1187 73 27 nyttig.
862 1188 27 21 Så
904 1188 85 27 mycket

155 1211 37 27 jag
208 1212 43 21 kan
267 1213 72 26 förstå,
355 1214 40 21 bör
410 1215 74 26 sjelfva
498 1215 159 27 granskningen
673 1221 125 21 arrangeras
814 1216 23 21 så
848 1217 31 20 att
890 1216 40 21 den
940 1217 47 20 icke

157 1240 33 21 till
204 1240 55 26 följd
274 1240 25 21 af
312 1242 40 20 den
367 1245 59 19 stora
441 1250 84 15 massan
541 1244 24 21 af
577 1244 94 21 ärenden
686 1250 45 15 som
748 1246 37 19 äro
801 1244 68 27 ifråga
883 1244 41 21 blir
933 1245 55 26 ytlig

157 1268 39 21 och
219 1268 77 22 formel
317 1272 52 19 utan
392 1271 24 21 så
435 1273 132 20 omfattande
586 1272 40 21 och
649 1272 100 27 grundlig
764 1279 44 14 som
824 1272 86 27 möjligt.
942 1273 45 26 Mig

156 1302 67 21 synes,
241 1298 32 20 att
289 1297 122 27 betydelsen
426 1300 24 21 af
462 1301 48 21 hela
525 1301 158 27 granskningen
699 1301 52 20 eller
766 1301 36 21 det
812 1301 114 30 inflytande
936 1301 50 20 den-

155 1331 82 22 samma
259 1325 42 21 kan
317 1327 73 22 utöfva
404 1328 28 27 på
446 1330 126 26 regeringen
586 1329 180 27 hufvudsakligen
781 1330 96 20 kommer
887 1331 32 19 att
934 1329 51 22 bero

155 1353 23 21 af
200 1354 41 20 den
265 1354 159 24 sakkännedom
447 1358 38 21 och
509 1358 81 21 visdom
606 1364 46 15 som
668 1359 115 20 ständerna
798 1358 100 26 möjligen
912 1358 74 22 kunna

152 1382 106 27 nedlägga
281 1382 7 21 i
311 1383 45 22 sina
376 1386 297 26 granskningsbetänkanden.
704 1387 43 21 Det
762 1388 24 19 är
798 1386 25 27 ju
837 1387 98 25 nogsamt
949 1386 37 22 be-

151 1410 54 21 kant
220 1410 35 21 för
271 1411 37 21 det
322 1412 114 28 höglofliga
450 1414 92 26 ståndet,
557 1416 33 19 att
606 1415 26 21 de
646 1415 161 26 granskningar.
825 1421 45 15 som
885 1414 99 21 utföras
972 1406 15 40 i

151 1439 68 21 andra
242 1439 80 27 länder,
345 1441 67 21 oftast
435 1442 46 22 haft
501 1449 45 15 mer
561 1443 53 21 eller
628 1444 82 20 mindre
725 1443 142 27 betydelselös
882 1443 102 21 karakter

151 1467 39 21 och
210 1467 41 21 den
267 1469 60 25 nytta
343 1469 26 21 de
384 1470 94 22 medfört
490 1472 57 20 visat
562 1471 32 27 sig
609 1472 76 20 endast
696 1472 145 23 öfverräende.
871 1471 77 21 Derför
958 1472 25 20 är

147 1495 37 27 jag
199 1495 34 21 för
249 1496 45 20 min
310 1496 33 22 del
359 1499 58 20 ännu
432 1499 47 21 icke
494 1499 126 27 öfvertygad
636 1506 35 14 om
687 1502 32 19 att
734 1500 107 21 utskottet
855 1500 54 20 skall
924 1499 58 21 finna

149 1530 26 15 en
199 1524 92 28 lösning,
316 1530 44 16 som
376 1526 72 23 kunde
463 1528 96 21 medföra
575 1528 26 21 de
616 1528 93 22 väntade
723 1528 124 22 fördelarna
861 1528 51 21 eller
927 1529 55 20 mot-
