<?xml version="1.0" encoding="UTF-8"?>
<alto xmlns="http://www.loc.gov/standards/alto/ns-v3#" xmlns:xlink="http://www.w3.org/1999/xlink" xmlns:xsi="http://www.w3.org/2001/XMLSchema-instance" xsi:schemaLocation="http://www.loc.gov/standards/alto/ns-v3# http://www.loc.gov/alto/v3/alto-3-0.xsd">
	<Description>
		<MeasurementUnit>pixel</MeasurementUnit>
		<sourceImageInformation>
			<fileName>/tmp/tess_yfjk6692_input.PNG</fileName>
		</sourceImageInformation>
		<OCRProcessing ID="OCR_0">
			<ocrProcessingStep>
				<processingSoftware>
					<softwareName>tesseract 5.3.4</softwareName>
				</processingSoftware>
			</ocrProcessingStep>
		</OCRProcessing>
	</Description>
	<Layout>
		<Page WIDTH="1114" HEIGHT="1764" PHYSICAL_IMG_NR="0" ID="page_0">
			<PrintSpace HPOS="0" VPOS="0" WIDTH="1114" HEIGHT="1764">
				<ComposedBlock ID="cblock_0" HPOS="372" VPOS="127" WIDTH="494" HEIGHT="24">
					<TextBlock ID="block_0" HPOS="372" VPOS="127" WIDTH="494" HEIGHT="24">
						<TextLine ID="line_0" HPOS="372" VPOS="127" WIDTH="494" HEIGHT="24">
							<String ID="string_0" HPOS="372" VPOS="128" WIDTH="16" HEIGHT="19" WC="0.96" CONTENT="R."/><SP WIDTH="13" VPOS="128" HPOS="388"/>
							<String ID="string_1" HPOS="401" VPOS="133" WIDTH="15" HEIGHT="14" WC="0.74" CONTENT="0."/><SP WIDTH="14" VPOS="133" HPOS="416"/>
							<String ID="string_2" HPOS="430" VPOS="128" WIDTH="16" HEIGHT="18" WC="0.91" CONTENT="A."/><SP WIDTH="12" VPOS="128" HPOS="446"/>
							<String ID="string_3" HPOS="458" VPOS="127" WIDTH="46" HEIGHT="19" WC="0.89" CONTENT="1885."/><SP WIDTH="25" VPOS="127" HPOS="504"/>
							<String ID="string_4" HPOS="529" VPOS="127" WIDTH="16" HEIGHT="19" WC="0.83" CONTENT="31"/><SP WIDTH="13" VPOS="127" HPOS="545"/>
							<String ID="string_5" HPOS="558" VPOS="127" WIDTH="34" HEIGHT="19" WC="0.95" CONTENT="Jan."/><SP WIDTH="236" VPOS="127" HPOS="592"/>
							<String ID="string_6" HPOS="828" VPOS="129" WIDTH="38" HEIGHT="22" WC="0.95" CONTENT="121"/>
						</TextLine>
					</TextBlock>
				</ComposedBlock>
				<ComposedBlock ID="cblock_1" HPOS="64" VPOS="195" WIDTH="845" HEIGHT="1362">
					<TextBlock ID="block_1" HPOS="64" VPOS="195" WIDTH="844" HEIGHT="1243">
						<TextLine ID="line_1" HPOS="69" VPOS="195" WIDTH="827" HEIGHT="27">
							<String ID="string_7" HPOS="69" VPOS="196" WIDTH="90" HEIGHT="22" WC="0.92" CONTENT="emedan"/><SP WIDTH="23" VPOS="196" HPOS="159"/>
							<String ID="string_8" HPOS="182" VPOS="196" WIDTH="68" HEIGHT="21" WC="0.96" CONTENT="denna"/><SP WIDTH="21" VPOS="196" HPOS="250"/>
							<String ID="string_9" HPOS="271" VPOS="201" WIDTH="42" HEIGHT="21" WC="0.93" CONTENT="nya"/><SP WIDTH="15" VPOS="201" HPOS="313"/>
							<String ID="string_10" HPOS="328" VPOS="195" WIDTH="58" HEIGHT="22" WC="0.91" CONTENT="skatt"/><SP WIDTH="15" VPOS="195" HPOS="386"/>
							<String ID="string_11" HPOS="401" VPOS="195" WIDTH="69" HEIGHT="22" WC="0.96" CONTENT="skulle"/><SP WIDTH="15" VPOS="195" HPOS="470"/>
							<String ID="string_12" HPOS="485" VPOS="196" WIDTH="83" HEIGHT="21" WC="0.96" CONTENT="minska"/><SP WIDTH="16" VPOS="196" HPOS="568"/>
							<String ID="string_13" HPOS="584" VPOS="195" WIDTH="40" HEIGHT="21" WC="0.93" CONTENT="den"/><SP WIDTH="15" VPOS="195" HPOS="624"/>
							<String ID="string_14" HPOS="639" VPOS="195" WIDTH="158" HEIGHT="27" WC="0.92" CONTENT="priviligierade"/><SP WIDTH="12" VPOS="195" HPOS="797"/>
							<String ID="string_15" HPOS="809" VPOS="195" WIDTH="87" HEIGHT="27" WC="0.92" CONTENT="jordens"/>
						</TextLine>
						<TextLine ID="line_2" HPOS="70" VPOS="223" WIDTH="827" HEIGHT="28">
							<String ID="string_16" HPOS="70" VPOS="225" WIDTH="71" HEIGHT="25" WC="0.96" CONTENT="värde,"/><SP WIDTH="17" VPOS="225" HPOS="141"/>
							<String ID="string_17" HPOS="158" VPOS="231" WIDTH="26" HEIGHT="14" WC="0.93" CONTENT="en"/><SP WIDTH="15" VPOS="231" HPOS="184"/>
							<String ID="string_18" HPOS="199" VPOS="223" WIDTH="102" HEIGHT="27" WC="0.92" CONTENT="aflösning"/><SP WIDTH="15" VPOS="223" HPOS="301"/>
							<String ID="string_19" HPOS="316" VPOS="224" WIDTH="66" HEIGHT="21" WC="0.92" CONTENT="borde"/><SP WIDTH="16" VPOS="224" HPOS="382"/>
							<String ID="string_20" HPOS="398" VPOS="230" WIDTH="40" HEIGHT="21" WC="0.91" CONTENT="ega"/><SP WIDTH="15" VPOS="230" HPOS="438"/>
							<String ID="string_21" HPOS="453" VPOS="231" WIDTH="54" HEIGHT="15" WC="0.95" CONTENT="rum."/><SP WIDTH="29" VPOS="231" HPOS="507"/>
							<String ID="string_22" HPOS="536" VPOS="224" WIDTH="42" HEIGHT="27" WC="0.96" CONTENT="Jag"/><SP WIDTH="14" VPOS="224" HPOS="578"/>
							<String ID="string_23" HPOS="592" VPOS="223" WIDTH="37" HEIGHT="21" WC="0.93" CONTENT="vill"/><SP WIDTH="14" VPOS="223" HPOS="629"/>
							<String ID="string_24" HPOS="643" VPOS="223" WIDTH="47" HEIGHT="22" WC="0.92" CONTENT="icke"/><SP WIDTH="16" VPOS="223" HPOS="690"/>
							<String ID="string_25" HPOS="706" VPOS="223" WIDTH="101" HEIGHT="22" WC="0.91" CONTENT="särskildt"/><SP WIDTH="13" VPOS="223" HPOS="807"/>
							<String ID="string_26" HPOS="820" VPOS="223" WIDTH="77" HEIGHT="22" WC="0.93" CONTENT="beröra"/>
						</TextLine>
						<TextLine ID="line_3" HPOS="71" VPOS="252" WIDTH="825" HEIGHT="27">
							<String ID="string_27" HPOS="71" VPOS="253" WIDTH="26" HEIGHT="21" WC="0.96" CONTENT="de"/><SP WIDTH="14" VPOS="253" HPOS="97"/>
							<String ID="string_28" HPOS="111" VPOS="253" WIDTH="112" HEIGHT="26" WC="0.93" CONTENT="praktiska"/><SP WIDTH="14" VPOS="253" HPOS="223"/>
							<String ID="string_29" HPOS="237" VPOS="252" WIDTH="137" HEIGHT="27" WC="0.92" CONTENT="svärigheter,"/><SP WIDTH="16" VPOS="252" HPOS="374"/>
							<String ID="string_30" HPOS="390" VPOS="258" WIDTH="46" HEIGHT="15" WC="0.96" CONTENT="som"/><SP WIDTH="15" VPOS="258" HPOS="436"/>
							<String ID="string_31" HPOS="451" VPOS="253" WIDTH="37" HEIGHT="21" WC="0.96" CONTENT="det"/><SP WIDTH="14" VPOS="253" HPOS="488"/>
							<String ID="string_32" HPOS="502" VPOS="253" WIDTH="40" HEIGHT="21" WC="0.93" CONTENT="sist"/><SP WIDTH="7" VPOS="253" HPOS="542"/>
							<String ID="string_33" HPOS="549" VPOS="252" WIDTH="76" HEIGHT="27" WC="0.92" CONTENT="gjorda"/><SP WIDTH="14" VPOS="252" HPOS="625"/>
							<String ID="string_34" HPOS="639" VPOS="252" WIDTH="103" HEIGHT="26" WC="0.93" CONTENT="förslaget"/><SP WIDTH="11" VPOS="252" HPOS="742"/>
							<String ID="string_35" HPOS="753" VPOS="252" WIDTH="68" HEIGHT="21" WC="0.93" CONTENT="skulle"/><SP WIDTH="10" VPOS="252" HPOS="821"/>
							<String ID="string_36" HPOS="831" VPOS="253" WIDTH="65" HEIGHT="24" WC="0.92" CONTENT="möta,"/>
						</TextLine>
						<TextLine ID="line_4" HPOS="70" VPOS="280" WIDTH="827" HEIGHT="28">
							<String ID="string_37" HPOS="70" VPOS="281" WIDTH="47" HEIGHT="22" WC="0.92" CONTENT="icke"/><SP WIDTH="15" VPOS="281" HPOS="117"/>
							<String ID="string_38" HPOS="132" VPOS="281" WIDTH="67" HEIGHT="22" WC="0.96" CONTENT="heller"/><SP WIDTH="16" VPOS="281" HPOS="199"/>
							<String ID="string_39" HPOS="215" VPOS="281" WIDTH="36" HEIGHT="20" WC="0.93" CONTENT="det"/><SP WIDTH="14" VPOS="281" HPOS="251"/>
							<String ID="string_40" HPOS="265" VPOS="280" WIDTH="106" HEIGHT="21" WC="0.92" CONTENT="finansielt"/><SP WIDTH="15" VPOS="280" HPOS="371"/>
							<String ID="string_41" HPOS="386" VPOS="281" WIDTH="120" HEIGHT="27" WC="0.92" CONTENT="oegentliga"/><SP WIDTH="16" VPOS="281" HPOS="506"/>
							<String ID="string_42" HPOS="522" VPOS="281" WIDTH="51" HEIGHT="26" WC="0.92" CONTENT="deri,"/><SP WIDTH="16" VPOS="281" HPOS="573"/>
							<String ID="string_43" HPOS="589" VPOS="282" WIDTH="33" HEIGHT="26" WC="0.93" CONTENT="att"/><SP WIDTH="13" VPOS="282" HPOS="622"/>
							<String ID="string_44" HPOS="635" VPOS="281" WIDTH="83" HEIGHT="20" WC="0.93" CONTENT="kronan"/><SP WIDTH="11" VPOS="281" HPOS="718"/>
							<String ID="string_45" HPOS="729" VPOS="281" WIDTH="68" HEIGHT="20" WC="0.91" CONTENT="skulle"/><SP WIDTH="11" VPOS="281" HPOS="797"/>
							<String ID="string_46" HPOS="808" VPOS="281" WIDTH="89" HEIGHT="26" WC="0.90" CONTENT="tillköpa"/>
						</TextLine>
						<TextLine ID="line_5" HPOS="71" VPOS="308" WIDTH="827" HEIGHT="33">
							<String ID="string_47" HPOS="71" VPOS="310" WIDTH="32" HEIGHT="27" WC="0.96" CONTENT="sig"/><SP WIDTH="18" VPOS="310" HPOS="103"/>
							<String ID="string_48" HPOS="121" VPOS="316" WIDTH="27" HEIGHT="15" WC="0.93" CONTENT="en"/><SP WIDTH="15" VPOS="316" HPOS="148"/>
							<String ID="string_49" HPOS="163" VPOS="310" WIDTH="121" HEIGHT="24" WC="0.96" CONTENT="skatterätt,"/><SP WIDTH="17" VPOS="310" HPOS="284"/>
							<String ID="string_50" HPOS="301" VPOS="315" WIDTH="45" HEIGHT="15" WC="0.96" CONTENT="som"/><SP WIDTH="15" VPOS="315" HPOS="346"/>
							<String ID="string_51" HPOS="361" VPOS="309" WIDTH="41" HEIGHT="21" WC="0.96" CONTENT="den"/><SP WIDTH="14" VPOS="309" HPOS="402"/>
							<String ID="string_52" HPOS="416" VPOS="310" WIDTH="69" HEIGHT="21" WC="0.93" CONTENT="under"/><SP WIDTH="15" VPOS="310" HPOS="485"/>
							<String ID="string_53" HPOS="500" VPOS="309" WIDTH="128" HEIGHT="27" WC="0.96" CONTENT="föregående"/><SP WIDTH="15" VPOS="309" HPOS="628"/>
							<String ID="string_54" HPOS="643" VPOS="309" WIDTH="57" HEIGHT="20" WC="0.93" CONTENT="tider"/><SP WIDTH="14" VPOS="309" HPOS="700"/>
							<String ID="string_55" HPOS="714" VPOS="309" WIDTH="134" HEIGHT="26" WC="0.92" CONTENT="bortskänkt,"/><SP WIDTH="16" VPOS="309" HPOS="848"/>
							<String ID="string_56" HPOS="864" VPOS="308" WIDTH="34" HEIGHT="33" WC="0.80" CONTENT="sä-"/>
						</TextLine>
						<TextLine ID="line_6" HPOS="71" VPOS="337" WIDTH="826" HEIGHT="28">
							<String ID="string_57" HPOS="71" VPOS="344" WIDTH="46" HEIGHT="16" WC="0.93" CONTENT="som"/><SP WIDTH="22" VPOS="344" HPOS="117"/>
							<String ID="string_58" HPOS="139" VPOS="339" WIDTH="61" HEIGHT="21" WC="0.92" CONTENT="fallet"/><SP WIDTH="15" VPOS="339" HPOS="200"/>
							<String ID="string_59" HPOS="215" VPOS="339" WIDTH="24" HEIGHT="19" WC="0.96" CONTENT="är"/><SP WIDTH="15" VPOS="339" HPOS="239"/>
							<String ID="string_60" HPOS="254" VPOS="337" WIDTH="48" HEIGHT="22" WC="0.93" CONTENT="med"/><SP WIDTH="16" VPOS="337" HPOS="302"/>
							<String ID="string_61" HPOS="318" VPOS="337" WIDTH="141" HEIGHT="27" WC="0.92" CONTENT="uppkomsten"/><SP WIDTH="16" VPOS="337" HPOS="459"/>
							<String ID="string_62" HPOS="475" VPOS="338" WIDTH="23" HEIGHT="21" WC="0.93" CONTENT="af"/><SP WIDTH="12" VPOS="338" HPOS="498"/>
							<String ID="string_63" HPOS="510" VPOS="337" WIDTH="145" HEIGHT="28" WC="0.93" CONTENT="priviligierad"/><SP WIDTH="13" VPOS="337" HPOS="655"/>
							<String ID="string_64" HPOS="668" VPOS="337" WIDTH="56" HEIGHT="26" WC="0.96" CONTENT="jord."/><SP WIDTH="30" VPOS="337" HPOS="724"/>
							<String ID="string_65" HPOS="754" VPOS="337" WIDTH="41" HEIGHT="26" WC="0.96" CONTENT="Jag"/><SP WIDTH="14" VPOS="337" HPOS="795"/>
							<String ID="string_66" HPOS="809" VPOS="338" WIDTH="36" HEIGHT="21" WC="0.93" CONTENT="vill"/><SP WIDTH="16" VPOS="338" HPOS="845"/>
							<String ID="string_67" HPOS="861" VPOS="343" WIDTH="36" HEIGHT="15" WC="0.93" CONTENT="an-"/>
						</TextLine>
						<TextLine ID="line_7" HPOS="71" VPOS="365" WIDTH="826" HEIGHT="29">
							<String ID="string_68" HPOS="71" VPOS="368" WIDTH="51" HEIGHT="26" WC="0.92" CONTENT="taga"/><SP WIDTH="15" VPOS="368" HPOS="122"/>
							<String ID="string_69" HPOS="137" VPOS="366" WIDTH="117" HEIGHT="22" WC="0.92" CONTENT="tillsvidare"/><SP WIDTH="15" VPOS="366" HPOS="254"/>
							<String ID="string_70" HPOS="269" VPOS="367" WIDTH="33" HEIGHT="20" WC="0.95" CONTENT="att"/><SP WIDTH="14" VPOS="367" HPOS="302"/>
							<String ID="string_71" HPOS="316" VPOS="366" WIDTH="66" HEIGHT="21" WC="0.93" CONTENT="saken"/><SP WIDTH="15" VPOS="366" HPOS="382"/>
							<String ID="string_72" HPOS="397" VPOS="366" WIDTH="99" HEIGHT="27" WC="0.92" CONTENT="möjligen"/><SP WIDTH="16" VPOS="366" HPOS="496"/>
							<String ID="string_73" HPOS="512" VPOS="367" WIDTH="71" HEIGHT="20" WC="0.96" CONTENT="kunde"/><SP WIDTH="15" VPOS="367" HPOS="583"/>
							<String ID="string_74" HPOS="598" VPOS="366" WIDTH="7" HEIGHT="21" WC="0.97" CONTENT="i"/><SP WIDTH="13" VPOS="366" HPOS="605"/>
							<String ID="string_75" HPOS="618" VPOS="366" WIDTH="60" HEIGHT="21" WC="0.93" CONTENT="detta"/><SP WIDTH="11" VPOS="366" HPOS="678"/>
							<String ID="string_76" HPOS="689" VPOS="365" WIDTH="98" HEIGHT="22" WC="0.93" CONTENT="afseende"/><SP WIDTH="10" VPOS="365" HPOS="787"/>
							<String ID="string_77" HPOS="797" VPOS="367" WIDTH="100" HEIGHT="26" WC="0.92" CONTENT="regleras."/>
						</TextLine>
						<TextLine ID="line_8" HPOS="72" VPOS="394" WIDTH="826" HEIGHT="27">
							<String ID="string_78" HPOS="72" VPOS="395" WIDTH="43" HEIGHT="21" WC="0.96" CONTENT="Det"/><SP WIDTH="14" VPOS="395" HPOS="115"/>
							<String ID="string_79" HPOS="129" VPOS="394" WIDTH="68" HEIGHT="22" WC="0.96" CONTENT="skulle"/><SP WIDTH="15" VPOS="394" HPOS="197"/>
							<String ID="string_80" HPOS="212" VPOS="394" WIDTH="6" HEIGHT="21" WC="0.96" CONTENT="i"/><SP WIDTH="17" VPOS="394" HPOS="218"/>
							<String ID="string_81" HPOS="235" VPOS="394" WIDTH="23" HEIGHT="21" WC="0.96" CONTENT="sä"/><SP WIDTH="14" VPOS="394" HPOS="258"/>
							<String ID="string_82" HPOS="272" VPOS="394" WIDTH="38" HEIGHT="21" WC="0.93" CONTENT="fall"/><SP WIDTH="14" VPOS="394" HPOS="310"/>
							<String ID="string_83" HPOS="324" VPOS="394" WIDTH="92" HEIGHT="25" WC="0.92" CONTENT="inträffa,"/><SP WIDTH="16" VPOS="394" HPOS="416"/>
							<String ID="string_84" HPOS="432" VPOS="396" WIDTH="32" HEIGHT="20" WC="0.96" CONTENT="att"/><SP WIDTH="16" VPOS="396" HPOS="464"/>
							<String ID="string_85" HPOS="480" VPOS="395" WIDTH="25" HEIGHT="22" WC="0.96" CONTENT="de"/><SP WIDTH="15" VPOS="395" HPOS="505"/>
							<String ID="string_86" HPOS="520" VPOS="394" WIDTH="123" HEIGHT="22" WC="0.93" CONTENT="nuvarande"/><SP WIDTH="15" VPOS="394" HPOS="643"/>
							<String ID="string_87" HPOS="658" VPOS="394" WIDTH="156" HEIGHT="27" WC="0.93" CONTENT="frälseegarene"/><SP WIDTH="15" VPOS="394" HPOS="814"/>
							<String ID="string_88" HPOS="829" VPOS="394" WIDTH="69" HEIGHT="21" WC="0.96" CONTENT="skulle"/>
						</TextLine>
						<TextLine ID="line_9" HPOS="73" VPOS="422" WIDTH="825" HEIGHT="28">
							<String ID="string_89" HPOS="73" VPOS="423" WIDTH="28" HEIGHT="27" WC="0.96" CONTENT="pä"/><SP WIDTH="22" VPOS="423" HPOS="101"/>
							<String ID="string_90" HPOS="123" VPOS="425" WIDTH="44" HEIGHT="19" WC="0.96" CONTENT="sätt"/><SP WIDTH="22" VPOS="425" HPOS="167"/>
							<String ID="string_91" HPOS="189" VPOS="423" WIDTH="39" HEIGHT="21" WC="0.96" CONTENT="och"/><SP WIDTH="22" VPOS="423" HPOS="228"/>
							<String ID="string_92" HPOS="250" VPOS="423" WIDTH="32" HEIGHT="21" WC="0.93" CONTENT="vis"/><SP WIDTH="21" VPOS="423" HPOS="282"/>
							<String ID="string_93" HPOS="303" VPOS="423" WIDTH="22" HEIGHT="21" WC="0.93" CONTENT="fä"/><SP WIDTH="19" VPOS="423" HPOS="325"/>
							<String ID="string_94" HPOS="344" VPOS="424" WIDTH="32" HEIGHT="20" WC="0.93" CONTENT="ett"/><SP WIDTH="14" VPOS="424" HPOS="376"/>
							<String ID="string_95" HPOS="390" VPOS="422" WIDTH="89" HEIGHT="22" WC="0.92" CONTENT="stäende"/><SP WIDTH="22" VPOS="422" HPOS="479"/>
							<String ID="string_96" HPOS="501" VPOS="422" WIDTH="143" HEIGHT="28" WC="0.92" CONTENT="hypotekslän"/><SP WIDTH="22" VPOS="422" HPOS="644"/>
							<String ID="string_97" HPOS="666" VPOS="423" WIDTH="49" HEIGHT="20" WC="0.96" CONTENT="med"/><SP WIDTH="15" VPOS="423" HPOS="715"/>
							<String ID="string_98" HPOS="730" VPOS="422" WIDTH="121" HEIGHT="27" WC="0.96" CONTENT="skyldighet"/><SP WIDTH="14" VPOS="422" HPOS="851"/>
							<String ID="string_99" HPOS="865" VPOS="423" WIDTH="33" HEIGHT="20" WC="0.96" CONTENT="att"/>
						</TextLine>
						<TextLine ID="line_10" HPOS="73" VPOS="450" WIDTH="825" HEIGHT="28">
							<String ID="string_100" HPOS="73" VPOS="451" WIDTH="52" HEIGHT="22" WC="0.90" CONTENT="derä"/><SP WIDTH="22" VPOS="451" HPOS="125"/>
							<String ID="string_101" HPOS="147" VPOS="451" WIDTH="86" HEIGHT="27" WC="0.89" CONTENT="erlägga"/><SP WIDTH="19" VPOS="451" HPOS="233"/>
							<String ID="string_102" HPOS="252" VPOS="453" WIDTH="68" HEIGHT="24" WC="0.91" CONTENT="ränta,"/><SP WIDTH="16" VPOS="453" HPOS="320"/>
							<String ID="string_103" HPOS="336" VPOS="457" WIDTH="48" HEIGHT="15" WC="0.96" CONTENT="men"/><SP WIDTH="14" VPOS="457" HPOS="384"/>
							<String ID="string_104" HPOS="398" VPOS="453" WIDTH="53" HEIGHT="19" WC="0.93" CONTENT="utan"/><SP WIDTH="15" VPOS="453" HPOS="451"/>
							<String ID="string_105" HPOS="466" VPOS="452" WIDTH="138" HEIGHT="26" WC="0.93" CONTENT="amortering."/><SP WIDTH="30" VPOS="452" HPOS="604"/>
							<String ID="string_106" HPOS="634" VPOS="451" WIDTH="49" HEIGHT="21" WC="0.96" CONTENT="Men"/><SP WIDTH="16" VPOS="451" HPOS="683"/>
							<String ID="string_107" HPOS="699" VPOS="457" WIDTH="34" HEIGHT="15" WC="0.93" CONTENT="om"/><SP WIDTH="15" VPOS="457" HPOS="733"/>
							<String ID="string_108" HPOS="748" VPOS="450" WIDTH="150" HEIGHT="27" WC="0.92" CONTENT="frälsejordens"/>
						</TextLine>
						<TextLine ID="line_11" HPOS="72" VPOS="479" WIDTH="826" HEIGHT="28">
							<String ID="string_109" HPOS="72" VPOS="480" WIDTH="105" HEIGHT="27" WC="0.92" CONTENT="läggande"/><SP WIDTH="14" VPOS="480" HPOS="177"/>
							<String ID="string_110" HPOS="191" VPOS="479" WIDTH="68" HEIGHT="22" WC="0.93" CONTENT="under"/><SP WIDTH="15" VPOS="479" HPOS="259"/>
							<String ID="string_111" HPOS="274" VPOS="480" WIDTH="58" HEIGHT="21" WC="0.92" CONTENT="skatt"/><SP WIDTH="15" VPOS="480" HPOS="332"/>
							<String ID="string_112" HPOS="347" VPOS="479" WIDTH="90" HEIGHT="22" WC="0.92" CONTENT="sälunda"/><SP WIDTH="10" VPOS="479" HPOS="437"/>
							<String ID="string_113" HPOS="447" VPOS="480" WIDTH="69" HEIGHT="21" WC="0.92" CONTENT="blefve"/><SP WIDTH="16" VPOS="480" HPOS="516"/>
							<String ID="string_114" HPOS="532" VPOS="480" WIDTH="113" HEIGHT="27" WC="0.90" CONTENT="regleradt,"/><SP WIDTH="17" VPOS="480" HPOS="645"/>
							<String ID="string_115" HPOS="662" VPOS="479" WIDTH="24" HEIGHT="21" WC="0.93" CONTENT="sä"/><SP WIDTH="12" VPOS="479" HPOS="686"/>
							<String ID="string_116" HPOS="698" VPOS="485" WIDTH="51" HEIGHT="15" WC="0.93" CONTENT="vore"/><SP WIDTH="11" VPOS="485" HPOS="749"/>
							<String ID="string_117" HPOS="760" VPOS="479" WIDTH="87" HEIGHT="21" WC="0.93" CONTENT="dermed"/><SP WIDTH="10" VPOS="479" HPOS="847"/>
							<String ID="string_118" HPOS="857" VPOS="479" WIDTH="41" HEIGHT="20" WC="0.96" CONTENT="den"/>
						</TextLine>
						<TextLine ID="line_12" HPOS="74" VPOS="508" WIDTH="824" HEIGHT="27">
							<String ID="string_119" HPOS="74" VPOS="509" WIDTH="95" HEIGHT="26" WC="0.93" CONTENT="åsyftade"/><SP WIDTH="16" VPOS="509" HPOS="169"/>
							<String ID="string_120" HPOS="185" VPOS="508" WIDTH="143" HEIGHT="27" WC="0.91" CONTENT="utjemningen"/><SP WIDTH="15" VPOS="508" HPOS="328"/>
							<String ID="string_121" HPOS="343" VPOS="509" WIDTH="46" HEIGHT="20" WC="0.96" CONTENT="icke"/><SP WIDTH="15" VPOS="509" HPOS="389"/>
							<String ID="string_122" HPOS="404" VPOS="508" WIDTH="49" HEIGHT="21" WC="0.96" CONTENT="fullt"/><SP WIDTH="14" VPOS="508" HPOS="453"/>
							<String ID="string_123" HPOS="467" VPOS="509" WIDTH="122" HEIGHT="21" WC="0.95" CONTENT="förberedd."/><SP WIDTH="30" VPOS="509" HPOS="589"/>
							<String ID="string_124" HPOS="619" VPOS="508" WIDTH="43" HEIGHT="21" WC="0.96" CONTENT="Det"/><SP WIDTH="15" VPOS="508" HPOS="662"/>
							<String ID="string_125" HPOS="677" VPOS="509" WIDTH="25" HEIGHT="20" WC="0.92" CONTENT="är"/><SP WIDTH="13" VPOS="509" HPOS="702"/>
							<String ID="string_126" HPOS="715" VPOS="508" WIDTH="106" HEIGHT="27" WC="0.92" CONTENT="nemligen"/><SP WIDTH="18" VPOS="508" HPOS="821"/>
							<String ID="string_127" HPOS="839" VPOS="509" WIDTH="59" HEIGHT="19" WC="0.95" CONTENT="utom"/>
						</TextLine>
						<TextLine ID="line_13" HPOS="73" VPOS="535" WIDTH="825" HEIGHT="29">
							<String ID="string_128" HPOS="73" VPOS="537" WIDTH="40" HEIGHT="21" WC="0.93" CONTENT="allt"/><SP WIDTH="14" VPOS="537" HPOS="113"/>
							<String ID="string_129" HPOS="127" VPOS="537" WIDTH="73" HEIGHT="21" WC="0.91" CONTENT="tvifvel"/><SP WIDTH="15" VPOS="537" HPOS="200"/>
							<String ID="string_130" HPOS="215" VPOS="538" WIDTH="32" HEIGHT="19" WC="0.96" CONTENT="att"/><SP WIDTH="15" VPOS="538" HPOS="247"/>
							<String ID="string_131" HPOS="262" VPOS="543" WIDTH="34" HEIGHT="14" WC="0.96" CONTENT="om"/><SP WIDTH="16" VPOS="543" HPOS="296"/>
							<String ID="string_132" HPOS="312" VPOS="537" WIDTH="40" HEIGHT="20" WC="0.96" CONTENT="den"/><SP WIDTH="15" VPOS="537" HPOS="352"/>
							<String ID="string_133" HPOS="367" VPOS="537" WIDTH="123" HEIGHT="21" WC="0.93" CONTENT="nuvarande"/><SP WIDTH="12" VPOS="537" HPOS="490"/>
							<String ID="string_134" HPOS="502" VPOS="537" WIDTH="144" HEIGHT="27" WC="0.92" CONTENT="jordskatten,"/><SP WIDTH="16" VPOS="537" HPOS="646"/>
							<String ID="string_135" HPOS="662" VPOS="536" WIDTH="52" HEIGHT="21" WC="0.96" CONTENT="eller"/><SP WIDTH="11" VPOS="536" HPOS="714"/>
							<String ID="string_136" HPOS="725" VPOS="537" WIDTH="41" HEIGHT="20" WC="0.96" CONTENT="den"/><SP WIDTH="10" VPOS="537" HPOS="766"/>
							<String ID="string_137" HPOS="776" VPOS="535" WIDTH="122" HEIGHT="22" WC="0.96" CONTENT="nuvarande"/>
						</TextLine>
						<TextLine ID="line_14" HPOS="73" VPOS="563" WIDTH="826" HEIGHT="28">
							<String ID="string_138" HPOS="73" VPOS="565" WIDTH="146" HEIGHT="26" WC="0.88" CONTENT="rubelräntan,"/><SP WIDTH="21" VPOS="565" HPOS="219"/>
							<String ID="string_139" HPOS="240" VPOS="565" WIDTH="34" HEIGHT="21" WC="0.96" CONTENT="för"/><SP WIDTH="22" VPOS="565" HPOS="274"/>
							<String ID="string_140" HPOS="296" VPOS="567" WIDTH="32" HEIGHT="19" WC="0.96" CONTENT="att"/><SP WIDTH="21" VPOS="567" HPOS="328"/>
							<String ID="string_141" HPOS="349" VPOS="566" WIDTH="21" HEIGHT="20" WC="0.96" CONTENT="vi"/><SP WIDTH="21" VPOS="566" HPOS="370"/>
							<String ID="string_142" HPOS="391" VPOS="565" WIDTH="102" HEIGHT="22" WC="0.96" CONTENT="särskildt"/><SP WIDTH="21" VPOS="565" HPOS="493"/>
							<String ID="string_143" HPOS="514" VPOS="565" WIDTH="36" HEIGHT="22" WC="0.95" CONTENT="må"/><SP WIDTH="18" VPOS="565" HPOS="550"/>
							<String ID="string_144" HPOS="568" VPOS="565" WIDTH="58" HEIGHT="21" WC="0.95" CONTENT="hålla"/><SP WIDTH="15" VPOS="565" HPOS="626"/>
							<String ID="string_145" HPOS="641" VPOS="571" WIDTH="35" HEIGHT="15" WC="0.96" CONTENT="oss"/><SP WIDTH="16" VPOS="571" HPOS="676"/>
							<String ID="string_146" HPOS="692" VPOS="565" WIDTH="32" HEIGHT="20" WC="0.96" CONTENT="till"/><SP WIDTH="15" VPOS="565" HPOS="724"/>
							<String ID="string_147" HPOS="739" VPOS="565" WIDTH="76" HEIGHT="25" WC="0.96" CONTENT="denna,"/><SP WIDTH="16" VPOS="565" HPOS="815"/>
							<String ID="string_148" HPOS="831" VPOS="563" WIDTH="68" HEIGHT="22" WC="0.96" CONTENT="skulle"/>
						</TextLine>
						<TextLine ID="line_15" HPOS="72" VPOS="593" WIDTH="827" HEIGHT="28">
							<String ID="string_149" HPOS="72" VPOS="595" WIDTH="69" HEIGHT="26" WC="0.92" CONTENT="jemnt"/><SP WIDTH="20" VPOS="595" HPOS="141"/>
							<String ID="string_150" HPOS="161" VPOS="593" WIDTH="93" HEIGHT="22" WC="0.96" CONTENT="fördelas"/><SP WIDTH="22" VPOS="593" HPOS="254"/>
							<String ID="string_151" HPOS="276" VPOS="593" WIDTH="28" HEIGHT="26" WC="0.96" CONTENT="på"/><SP WIDTH="14" VPOS="593" HPOS="304"/>
							<String ID="string_152" HPOS="318" VPOS="594" WIDTH="43" HEIGHT="21" WC="0.96" CONTENT="alla"/><SP WIDTH="14" VPOS="594" HPOS="361"/>
							<String ID="string_153" HPOS="375" VPOS="594" WIDTH="125" HEIGHT="26" WC="0.96" CONTENT="lägenheter"/><SP WIDTH="17" VPOS="594" HPOS="500"/>
							<String ID="string_154" HPOS="517" VPOS="595" WIDTH="32" HEIGHT="20" WC="0.96" CONTENT="uti"/><SP WIDTH="15" VPOS="595" HPOS="549"/>
							<String ID="string_155" HPOS="564" VPOS="594" WIDTH="78" HEIGHT="25" WC="0.95" CONTENT="landet,"/><SP WIDTH="17" VPOS="594" HPOS="642"/>
							<String ID="string_156" HPOS="659" VPOS="593" WIDTH="24" HEIGHT="21" WC="0.96" CONTENT="så"/><SP WIDTH="15" VPOS="593" HPOS="683"/>
							<String ID="string_157" HPOS="698" VPOS="593" WIDTH="68" HEIGHT="21" WC="0.93" CONTENT="skulle"/><SP WIDTH="13" VPOS="593" HPOS="766"/>
							<String ID="string_158" HPOS="779" VPOS="593" WIDTH="78" HEIGHT="27" WC="0.91" CONTENT="jemväl"/><SP WIDTH="16" VPOS="593" HPOS="857"/>
							<String ID="string_159" HPOS="873" VPOS="598" WIDTH="26" HEIGHT="15" WC="0.96" CONTENT="en"/>
						</TextLine>
						<TextLine ID="line_16" HPOS="74" VPOS="621" WIDTH="825" HEIGHT="28">
							<String ID="string_160" HPOS="74" VPOS="622" WIDTH="95" HEIGHT="27" WC="0.96" CONTENT="betydlig"/><SP WIDTH="17" VPOS="622" HPOS="169"/>
							<String ID="string_161" HPOS="186" VPOS="622" WIDTH="34" HEIGHT="21" WC="0.96" CONTENT="del"/><SP WIDTH="16" VPOS="622" HPOS="220"/>
							<String ID="string_162" HPOS="236" VPOS="622" WIDTH="22" HEIGHT="20" WC="0.96" CONTENT="af"/><SP WIDTH="14" VPOS="622" HPOS="258"/>
							<String ID="string_163" HPOS="272" VPOS="622" WIDTH="26" HEIGHT="21" WC="0.96" CONTENT="de"/><SP WIDTH="14" VPOS="622" HPOS="298"/>
							<String ID="string_164" HPOS="312" VPOS="623" WIDTH="122" HEIGHT="20" WC="0.92" CONTENT="nuvarande"/><SP WIDTH="16" VPOS="623" HPOS="434"/>
							<String ID="string_165" HPOS="450" VPOS="622" WIDTH="224" HEIGHT="27" WC="0.92" CONTENT="skattelägenheterna"/><SP WIDTH="15" VPOS="622" HPOS="674"/>
							<String ID="string_166" HPOS="689" VPOS="622" WIDTH="85" HEIGHT="20" WC="0.96" CONTENT="komma"/><SP WIDTH="15" VPOS="622" HPOS="774"/>
							<String ID="string_167" HPOS="789" VPOS="623" WIDTH="33" HEIGHT="19" WC="0.96" CONTENT="att"/><SP WIDTH="14" VPOS="623" HPOS="822"/>
							<String ID="string_168" HPOS="836" VPOS="621" WIDTH="22" HEIGHT="21" WC="0.96" CONTENT="få"/><SP WIDTH="15" VPOS="621" HPOS="858"/>
							<String ID="string_169" HPOS="873" VPOS="626" WIDTH="26" HEIGHT="15" WC="0.96" CONTENT="en"/>
						</TextLine>
						<TextLine ID="line_17" HPOS="75" VPOS="649" WIDTH="825" HEIGHT="28">
							<String ID="string_170" HPOS="75" VPOS="651" WIDTH="46" HEIGHT="21" WC="0.96" CONTENT="icke"/><SP WIDTH="18" VPOS="651" HPOS="121"/>
							<String ID="string_171" HPOS="139" VPOS="650" WIDTH="24" HEIGHT="22" WC="0.96" CONTENT="så"/><SP WIDTH="15" VPOS="650" HPOS="163"/>
							<String ID="string_172" HPOS="178" VPOS="650" WIDTH="60" HEIGHT="27" WC="0.96" CONTENT="ringa"/><SP WIDTH="14" VPOS="650" HPOS="238"/>
							<String ID="string_173" HPOS="252" VPOS="650" WIDTH="112" HEIGHT="27" WC="0.96" CONTENT="tillökning"/><SP WIDTH="15" VPOS="650" HPOS="364"/>
							<String ID="string_174" HPOS="379" VPOS="650" WIDTH="7" HEIGHT="21" WC="0.93" CONTENT="i"/><SP WIDTH="13" VPOS="650" HPOS="386"/>
							<String ID="string_175" HPOS="399" VPOS="650" WIDTH="119" HEIGHT="27" WC="0.91" CONTENT="jordränta."/><SP WIDTH="30" VPOS="650" HPOS="518"/>
							<String ID="string_176" HPOS="548" VPOS="650" WIDTH="71" HEIGHT="22" WC="0.86" CONTENT="Saken"/><SP WIDTH="15" VPOS="650" HPOS="619"/>
							<String ID="string_177" HPOS="634" VPOS="650" WIDTH="56" HEIGHT="21" WC="0.96" CONTENT="låter"/><SP WIDTH="14" VPOS="650" HPOS="690"/>
							<String ID="string_178" HPOS="704" VPOS="650" WIDTH="81" HEIGHT="26" WC="0.95" CONTENT="ganska"/><SP WIDTH="14" VPOS="650" HPOS="785"/>
							<String ID="string_179" HPOS="799" VPOS="650" WIDTH="41" HEIGHT="21" WC="0.93" CONTENT="lätt"/><SP WIDTH="15" VPOS="650" HPOS="840"/>
							<String ID="string_180" HPOS="855" VPOS="649" WIDTH="45" HEIGHT="21" WC="0.92" CONTENT="kal-"/>
						</TextLine>
						<TextLine ID="line_18" HPOS="75" VPOS="677" WIDTH="824" HEIGHT="29">
							<String ID="string_181" HPOS="75" VPOS="679" WIDTH="75" HEIGHT="27" WC="0.90" CONTENT="kylera"/><SP WIDTH="15" VPOS="679" HPOS="150"/>
							<String ID="string_182" HPOS="165" VPOS="679" WIDTH="40" HEIGHT="26" WC="0.93" CONTENT="sig;"/><SP WIDTH="16" VPOS="679" HPOS="205"/>
							<String ID="string_183" HPOS="221" VPOS="679" WIDTH="20" HEIGHT="21" WC="0.92" CONTENT="d."/><SP WIDTH="16" VPOS="679" HPOS="241"/>
							<String ID="string_184" HPOS="257" VPOS="685" WIDTH="18" HEIGHT="14" WC="0.91" CONTENT="v."/><SP WIDTH="17" VPOS="685" HPOS="275"/>
							<String ID="string_185" HPOS="292" VPOS="685" WIDTH="15" HEIGHT="15" WC="0.89" CONTENT="s."/><SP WIDTH="15" VPOS="685" HPOS="307"/>
							<String ID="string_186" HPOS="322" VPOS="679" WIDTH="21" HEIGHT="21" WC="0.96" CONTENT="vi"/><SP WIDTH="15" VPOS="679" HPOS="343"/>
							<String ID="string_187" HPOS="358" VPOS="679" WIDTH="72" HEIGHT="21" WC="0.96" CONTENT="kunna"/><SP WIDTH="15" VPOS="679" HPOS="430"/>
							<String ID="string_188" HPOS="445" VPOS="679" WIDTH="34" HEIGHT="21" WC="0.96" CONTENT="väl"/><SP WIDTH="14" VPOS="679" HPOS="479"/>
							<String ID="string_189" HPOS="493" VPOS="680" WIDTH="47" HEIGHT="20" WC="0.96" CONTENT="icke"/><SP WIDTH="11" VPOS="680" HPOS="540"/>
							<String ID="string_190" HPOS="551" VPOS="679" WIDTH="86" HEIGHT="21" WC="0.96" CONTENT="komma"/><SP WIDTH="10" VPOS="679" HPOS="637"/>
							<String ID="string_191" HPOS="647" VPOS="678" WIDTH="33" HEIGHT="21" WC="0.96" CONTENT="till"/><SP WIDTH="12" VPOS="678" HPOS="680"/>
							<String ID="string_192" HPOS="692" VPOS="684" WIDTH="24" HEIGHT="15" WC="0.96" CONTENT="en"/><SP WIDTH="11" VPOS="684" HPOS="716"/>
							<String ID="string_193" HPOS="727" VPOS="678" WIDTH="98" HEIGHT="21" WC="0.95" CONTENT="bestämd"/><SP WIDTH="10" VPOS="678" HPOS="825"/>
							<String ID="string_194" HPOS="835" VPOS="677" WIDTH="64" HEIGHT="25" WC="0.95" CONTENT="siffra,"/>
						</TextLine>
						<TextLine ID="line_19" HPOS="76" VPOS="706" WIDTH="825" HEIGHT="23">
							<String ID="string_195" HPOS="76" VPOS="714" WIDTH="48" HEIGHT="15" WC="0.94" CONTENT="men"/><SP WIDTH="23" VPOS="714" HPOS="124"/>
							<String ID="string_196" HPOS="147" VPOS="707" WIDTH="55" HEIGHT="21" WC="0.96" CONTENT="dock"/><SP WIDTH="21" VPOS="707" HPOS="202"/>
							<String ID="string_197" HPOS="223" VPOS="708" WIDTH="33" HEIGHT="20" WC="0.96" CONTENT="till"/><SP WIDTH="23" VPOS="708" HPOS="256"/>
							<String ID="string_198" HPOS="279" VPOS="709" WIDTH="31" HEIGHT="19" WC="0.96" CONTENT="ett"/><SP WIDTH="22" VPOS="709" HPOS="310"/>
							<String ID="string_199" HPOS="332" VPOS="707" WIDTH="114" HEIGHT="21" WC="0.95" CONTENT="minimum."/><SP WIDTH="30" VPOS="707" HPOS="446"/>
							<String ID="string_200" HPOS="476" VPOS="708" WIDTH="48" HEIGHT="20" WC="0.96" CONTENT="Den"/><SP WIDTH="23" VPOS="708" HPOS="524"/>
							<String ID="string_201" HPOS="547" VPOS="707" WIDTH="123" HEIGHT="21" WC="0.93" CONTENT="nuvarande"/><SP WIDTH="18" VPOS="707" HPOS="670"/>
							<String ID="string_202" HPOS="688" VPOS="707" WIDTH="138" HEIGHT="21" WC="0.91" CONTENT="rubelräntan"/><SP WIDTH="16" VPOS="707" HPOS="826"/>
							<String ID="string_203" HPOS="842" VPOS="706" WIDTH="59" HEIGHT="21" WC="0.96" CONTENT="öfver"/>
						</TextLine>
						<TextLine ID="line_20" HPOS="77" VPOS="735" WIDTH="824" HEIGHT="27">
							<String ID="string_204" HPOS="77" VPOS="736" WIDTH="48" HEIGHT="21" WC="0.96" CONTENT="hela"/><SP WIDTH="21" VPOS="736" HPOS="125"/>
							<String ID="string_205" HPOS="146" VPOS="736" WIDTH="80" HEIGHT="25" WC="0.96" CONTENT="landet,"/><SP WIDTH="22" VPOS="736" HPOS="226"/>
							<String ID="string_206" HPOS="248" VPOS="736" WIDTH="48" HEIGHT="20" WC="0.91" CONTENT="med"/><SP WIDTH="22" VPOS="736" HPOS="296"/>
							<String ID="string_207" HPOS="318" VPOS="736" WIDTH="110" HEIGHT="26" WC="0.91" CONTENT="undantag"/><SP WIDTH="18" VPOS="736" HPOS="428"/>
							<String ID="string_208" HPOS="446" VPOS="736" WIDTH="23" HEIGHT="21" WC="0.93" CONTENT="af"/><SP WIDTH="12" VPOS="736" HPOS="469"/>
							<String ID="string_209" HPOS="481" VPOS="736" WIDTH="100" HEIGHT="26" WC="0.93" CONTENT="Wiborgs"/><SP WIDTH="15" VPOS="736" HPOS="581"/>
							<String ID="string_210" HPOS="596" VPOS="736" WIDTH="42" HEIGHT="26" WC="0.96" CONTENT="län,"/><SP WIDTH="16" VPOS="736" HPOS="638"/>
							<String ID="string_211" HPOS="654" VPOS="736" WIDTH="38" HEIGHT="20" WC="0.93" CONTENT="der"/><SP WIDTH="14" VPOS="736" HPOS="692"/>
							<String ID="string_212" HPOS="706" VPOS="735" WIDTH="124" HEIGHT="21" WC="0.91" CONTENT="rubelränta"/><SP WIDTH="15" VPOS="735" HPOS="830"/>
							<String ID="string_213" HPOS="845" VPOS="736" WIDTH="56" HEIGHT="18" WC="0.96" CONTENT="ännu"/>
						</TextLine>
						<TextLine ID="line_21" HPOS="77" VPOS="762" WIDTH="825" HEIGHT="28">
							<String ID="string_214" HPOS="77" VPOS="764" WIDTH="47" HEIGHT="21" WC="0.96" CONTENT="icke"/><SP WIDTH="21" VPOS="764" HPOS="124"/>
							<String ID="string_215" HPOS="145" VPOS="764" WIDTH="149" HEIGHT="26" WC="0.96" CONTENT="förekommer,"/><SP WIDTH="21" VPOS="764" HPOS="294"/>
							<String ID="string_216" HPOS="315" VPOS="764" WIDTH="65" HEIGHT="26" WC="0.96" CONTENT="stiger"/><SP WIDTH="14" VPOS="764" HPOS="380"/>
							<String ID="string_217" HPOS="394" VPOS="764" WIDTH="33" HEIGHT="21" WC="0.93" CONTENT="till"/><SP WIDTH="16" VPOS="764" HPOS="427"/>
							<String ID="string_218" HPOS="443" VPOS="765" WIDTH="91" HEIGHT="25" WC="0.92" CONTENT="700,000"/><SP WIDTH="16" VPOS="765" HPOS="534"/>
							<String ID="string_219" HPOS="550" VPOS="764" WIDTH="141" HEIGHT="24" WC="0.91" CONTENT="skatterubel,"/><SP WIDTH="15" VPOS="764" HPOS="691"/>
							<String ID="string_220" HPOS="706" VPOS="764" WIDTH="47" HEIGHT="20" WC="0.93" CONTENT="litet"/><SP WIDTH="16" VPOS="764" HPOS="753"/>
							<String ID="string_221" HPOS="769" VPOS="762" WIDTH="133" HEIGHT="26" WC="0.76" CONTENT="derutöfver"/><SP WIDTH="-10" VPOS="762" HPOS="902"/>
							<String ID="string_222" HPOS="892" VPOS="758" WIDTH="12" HEIGHT="36" WC="0.76" CONTENT=";"/>
						</TextLine>
						<TextLine ID="line_22" HPOS="78" VPOS="792" WIDTH="825" HEIGHT="27">
							<String ID="string_223" HPOS="78" VPOS="793" WIDTH="57" HEIGHT="21" WC="0.96" CONTENT="inom"/><SP WIDTH="24" VPOS="793" HPOS="135"/>
							<String ID="string_224" HPOS="159" VPOS="798" WIDTH="79" HEIGHT="16" WC="0.93" CONTENT="samma"/><SP WIDTH="24" VPOS="798" HPOS="238"/>
							<String ID="string_225" HPOS="262" VPOS="792" WIDTH="92" HEIGHT="26" WC="0.92" CONTENT="omräde,"/><SP WIDTH="24" VPOS="792" HPOS="354"/>
							<String ID="string_226" HPOS="378" VPOS="793" WIDTH="19" HEIGHT="20" WC="0.93" CONTENT="d."/><SP WIDTH="21" VPOS="793" HPOS="397"/>
							<String ID="string_227" HPOS="418" VPOS="799" WIDTH="19" HEIGHT="15" WC="0.96" CONTENT="v."/><SP WIDTH="23" VPOS="799" HPOS="437"/>
							<String ID="string_228" HPOS="460" VPOS="799" WIDTH="16" HEIGHT="15" WC="0.93" CONTENT="s."/><SP WIDTH="24" VPOS="799" HPOS="476"/>
							<String ID="string_229" HPOS="500" VPOS="793" WIDTH="100" HEIGHT="26" WC="0.93" CONTENT="Wiborgs"/><SP WIDTH="22" VPOS="793" HPOS="600"/>
							<String ID="string_230" HPOS="622" VPOS="793" WIDTH="36" HEIGHT="20" WC="0.93" CONTENT="län"/><SP WIDTH="18" VPOS="793" HPOS="658"/>
							<String ID="string_231" HPOS="676" VPOS="792" WIDTH="146" HEIGHT="25" WC="0.92" CONTENT="fränräknadt,"/><SP WIDTH="16" VPOS="792" HPOS="822"/>
							<String ID="string_232" HPOS="838" VPOS="792" WIDTH="65" HEIGHT="25" WC="0.96" CONTENT="utgör"/>
						</TextLine>
						<TextLine ID="line_23" HPOS="79" VPOS="819" WIDTH="824" HEIGHT="28">
							<String ID="string_233" HPOS="79" VPOS="826" WIDTH="97" HEIGHT="16" WC="0.87" CONTENT="summan"/><SP WIDTH="22" VPOS="826" HPOS="176"/>
							<String ID="string_234" HPOS="198" VPOS="822" WIDTH="87" HEIGHT="24" WC="0.87" CONTENT="mantal,"/><SP WIDTH="22" VPOS="822" HPOS="285"/>
							<String ID="string_235" HPOS="307" VPOS="821" WIDTH="140" HEIGHT="26" WC="0.92" CONTENT="frälsejorden"/><SP WIDTH="18" VPOS="821" HPOS="447"/>
							<String ID="string_236" HPOS="465" VPOS="821" WIDTH="139" HEIGHT="25" WC="0.89" CONTENT="inberäknad,"/><SP WIDTH="25" VPOS="821" HPOS="604"/>
							<String ID="string_237" HPOS="629" VPOS="821" WIDTH="83" HEIGHT="23" WC="0.92" CONTENT="17,300."/><SP WIDTH="30" VPOS="821" HPOS="712"/>
							<String ID="string_238" HPOS="742" VPOS="820" WIDTH="72" HEIGHT="21" WC="0.92" CONTENT="Jemnt"/><SP WIDTH="18" VPOS="820" HPOS="814"/>
							<String ID="string_239" HPOS="832" VPOS="819" WIDTH="71" HEIGHT="21" WC="0.92" CONTENT="förde-"/>
						</TextLine>
						<TextLine ID="line_24" HPOS="78" VPOS="848" WIDTH="825" HEIGHT="28">
							<String ID="string_240" HPOS="78" VPOS="850" WIDTH="48" HEIGHT="20" WC="0.92" CONTENT="lade"/><SP WIDTH="21" VPOS="850" HPOS="126"/>
							<String ID="string_241" HPOS="147" VPOS="849" WIDTH="29" HEIGHT="27" WC="0.95" CONTENT="pä"/><SP WIDTH="22" VPOS="849" HPOS="176"/>
							<String ID="string_242" HPOS="198" VPOS="850" WIDTH="25" HEIGHT="20" WC="0.96" CONTENT="de"/><SP WIDTH="23" VPOS="850" HPOS="223"/>
							<String ID="string_243" HPOS="246" VPOS="850" WIDTH="121" HEIGHT="20" WC="0.92" CONTENT="nuvarande"/><SP WIDTH="22" VPOS="850" HPOS="367"/>
							<String ID="string_244" HPOS="389" VPOS="850" WIDTH="114" HEIGHT="25" WC="0.90" CONTENT="mantalen,"/><SP WIDTH="23" VPOS="850" HPOS="503"/>
							<String ID="string_245" HPOS="526" VPOS="850" WIDTH="96" HEIGHT="20" WC="0.93" CONTENT="kommer"/><SP WIDTH="16" VPOS="850" HPOS="622"/>
							<String ID="string_246" HPOS="638" VPOS="849" WIDTH="147" HEIGHT="21" WC="0.91" CONTENT="rubelskatten"/><SP WIDTH="15" VPOS="849" HPOS="785"/>
							<String ID="string_247" HPOS="800" VPOS="849" WIDTH="33" HEIGHT="20" WC="0.93" CONTENT="att"/><SP WIDTH="14" VPOS="849" HPOS="833"/>
							<String ID="string_248" HPOS="847" VPOS="848" WIDTH="56" HEIGHT="26" WC="0.93" CONTENT="stiga"/>
						</TextLine>
						<TextLine ID="line_25" HPOS="78" VPOS="876" WIDTH="825" HEIGHT="28">
							<String ID="string_249" HPOS="78" VPOS="878" WIDTH="33" HEIGHT="21" WC="0.96" CONTENT="till"/><SP WIDTH="22" VPOS="878" HPOS="111"/>
							<String ID="string_250" HPOS="133" VPOS="878" WIDTH="28" HEIGHT="20" WC="0.93" CONTENT="40"/><SP WIDTH="22" VPOS="878" HPOS="161"/>
							<String ID="string_251" HPOS="183" VPOS="878" WIDTH="60" HEIGHT="21" WC="0.95" CONTENT="rubel"/><SP WIDTH="19" VPOS="878" HPOS="243"/>
							<String ID="string_252" HPOS="262" VPOS="878" WIDTH="28" HEIGHT="26" WC="0.96" CONTENT="pä"/><SP WIDTH="14" VPOS="878" HPOS="290"/>
							<String ID="string_253" HPOS="304" VPOS="878" WIDTH="45" HEIGHT="21" WC="0.93" CONTENT="helt"/><SP WIDTH="15" VPOS="878" HPOS="349"/>
							<String ID="string_254" HPOS="364" VPOS="878" WIDTH="87" HEIGHT="21" WC="0.94" CONTENT="mantal."/><SP WIDTH="29" VPOS="878" HPOS="451"/>
							<String ID="string_255" HPOS="480" VPOS="878" WIDTH="35" HEIGHT="21" WC="0.96" CONTENT="Då"/><SP WIDTH="15" VPOS="878" HPOS="515"/>
							<String ID="string_256" HPOS="530" VPOS="878" WIDTH="70" HEIGHT="21" WC="0.96" CONTENT="såsom"/><SP WIDTH="15" VPOS="878" HPOS="600"/>
							<String ID="string_257" HPOS="615" VPOS="878" WIDTH="68" HEIGHT="20" WC="0.96" CONTENT="kändt"/><SP WIDTH="15" VPOS="878" HPOS="683"/>
							<String ID="string_258" HPOS="698" VPOS="879" WIDTH="29" HEIGHT="24" WC="0.93" CONTENT="är,"/><SP WIDTH="16" VPOS="879" HPOS="727"/>
							<String ID="string_259" HPOS="743" VPOS="877" WIDTH="110" HEIGHT="27" WC="0.93" CONTENT="betydliga"/><SP WIDTH="14" VPOS="877" HPOS="853"/>
							<String ID="string_260" HPOS="867" VPOS="876" WIDTH="36" HEIGHT="20" WC="0.93" CONTENT="de-"/>
						</TextLine>
						<TextLine ID="line_26" HPOS="78" VPOS="904" WIDTH="825" HEIGHT="29">
							<String ID="string_261" HPOS="78" VPOS="906" WIDTH="33" HEIGHT="21" WC="0.96" CONTENT="lar"/><SP WIDTH="22" VPOS="906" HPOS="111"/>
							<String ID="string_262" HPOS="133" VPOS="906" WIDTH="23" HEIGHT="21" WC="0.96" CONTENT="af"/><SP WIDTH="21" VPOS="906" HPOS="156"/>
							<String ID="string_263" HPOS="177" VPOS="906" WIDTH="72" HEIGHT="21" WC="0.93" CONTENT="landet"/><SP WIDTH="22" VPOS="906" HPOS="249"/>
							<String ID="string_264" HPOS="271" VPOS="906" WIDTH="45" HEIGHT="21" WC="0.92" CONTENT="icke"/><SP WIDTH="24" VPOS="906" HPOS="316"/>
							<String ID="string_265" HPOS="340" VPOS="908" WIDTH="36" HEIGHT="19" WC="0.92" CONTENT="äro"/><SP WIDTH="16" VPOS="908" HPOS="376"/>
							<String ID="string_266" HPOS="392" VPOS="906" WIDTH="128" HEIGHT="22" WC="0.91" CONTENT="beskattade"/><SP WIDTH="15" VPOS="906" HPOS="520"/>
							<String ID="string_267" HPOS="535" VPOS="906" WIDTH="33" HEIGHT="22" WC="0.96" CONTENT="till"/><SP WIDTH="15" VPOS="906" HPOS="568"/>
							<String ID="string_268" HPOS="583" VPOS="906" WIDTH="66" HEIGHT="27" WC="0.93" CONTENT="högre"/><SP WIDTH="16" VPOS="906" HPOS="649"/>
							<String ID="string_269" HPOS="665" VPOS="906" WIDTH="77" HEIGHT="26" WC="0.93" CONTENT="belopp"/><SP WIDTH="15" VPOS="906" HPOS="742"/>
							<String ID="string_270" HPOS="757" VPOS="907" WIDTH="27" HEIGHT="19" WC="0.96" CONTENT="än"/><SP WIDTH="16" VPOS="907" HPOS="784"/>
							<String ID="string_271" HPOS="800" VPOS="906" WIDTH="27" HEIGHT="20" WC="0.93" CONTENT="30"/><SP WIDTH="15" VPOS="906" HPOS="827"/>
							<String ID="string_272" HPOS="842" VPOS="904" WIDTH="61" HEIGHT="21" WC="0.92" CONTENT="rubel"/>
						</TextLine>
						<TextLine ID="line_27" HPOS="79" VPOS="932" WIDTH="824" HEIGHT="29">
							<String ID="string_273" HPOS="79" VPOS="940" WIDTH="38" HEIGHT="21" WC="0.91" CONTENT="per"/><SP WIDTH="22" VPOS="940" HPOS="117"/>
							<String ID="string_274" HPOS="139" VPOS="935" WIDTH="87" HEIGHT="26" WC="0.96" CONTENT="mantal,"/><SP WIDTH="20" VPOS="935" HPOS="226"/>
							<String ID="string_275" HPOS="246" VPOS="935" WIDTH="85" HEIGHT="21" WC="0.93" CONTENT="komma"/><SP WIDTH="15" VPOS="935" HPOS="331"/>
							<String ID="string_276" HPOS="346" VPOS="935" WIDTH="81" HEIGHT="21" WC="0.96" CONTENT="sådana"/><SP WIDTH="14" VPOS="935" HPOS="427"/>
							<String ID="string_277" HPOS="441" VPOS="935" WIDTH="124" HEIGHT="26" WC="0.96" CONTENT="lägenheter"/><SP WIDTH="15" VPOS="935" HPOS="565"/>
							<String ID="string_278" HPOS="580" VPOS="936" WIDTH="33" HEIGHT="20" WC="0.93" CONTENT="att"/><SP WIDTH="15" VPOS="936" HPOS="613"/>
							<String ID="string_279" HPOS="628" VPOS="934" WIDTH="21" HEIGHT="22" WC="0.96" CONTENT="få"/><SP WIDTH="16" VPOS="934" HPOS="649"/>
							<String ID="string_280" HPOS="665" VPOS="936" WIDTH="31" HEIGHT="20" WC="0.93" CONTENT="ett"/><SP WIDTH="15" VPOS="936" HPOS="696"/>
							<String ID="string_281" HPOS="711" VPOS="934" WIDTH="92" HEIGHT="21" WC="0.96" CONTENT="tillskott"/><SP WIDTH="15" VPOS="934" HPOS="803"/>
							<String ID="string_282" HPOS="818" VPOS="933" WIDTH="23" HEIGHT="21" WC="0.97" CONTENT="af"/><SP WIDTH="14" VPOS="933" HPOS="841"/>
							<String ID="string_283" HPOS="855" VPOS="933" WIDTH="26" HEIGHT="26" WC="0.62" CONTENT="1/3"/><SP WIDTH="15" VPOS="933" HPOS="881"/>
							<String ID="string_284" HPOS="896" VPOS="932" WIDTH="7" HEIGHT="21" WC="0.91" CONTENT="i"/>
						</TextLine>
						<TextLine ID="line_28" HPOS="77" VPOS="961" WIDTH="828" HEIGHT="29">
							<String ID="string_285" HPOS="77" VPOS="962" WIDTH="118" HEIGHT="27" WC="0.89" CONTENT="jordränta."/><SP WIDTH="30" VPOS="962" HPOS="195"/>
							<String ID="string_286" HPOS="225" VPOS="963" WIDTH="66" HEIGHT="21" WC="0.96" CONTENT="Detta"/><SP WIDTH="22" VPOS="963" HPOS="291"/>
							<String ID="string_287" HPOS="313" VPOS="964" WIDTH="67" HEIGHT="20" WC="0.93" CONTENT="under"/><SP WIDTH="14" VPOS="964" HPOS="380"/>
							<String ID="string_288" HPOS="394" VPOS="964" WIDTH="154" HEIGHT="26" WC="0.92" CONTENT="förutsättning"/><SP WIDTH="22" VPOS="964" HPOS="548"/>
							<String ID="string_289" HPOS="570" VPOS="965" WIDTH="32" HEIGHT="19" WC="0.96" CONTENT="att"/><SP WIDTH="16" VPOS="965" HPOS="602"/>
							<String ID="string_290" HPOS="618" VPOS="964" WIDTH="40" HEIGHT="20" WC="0.96" CONTENT="den"/><SP WIDTH="19" VPOS="964" HPOS="658"/>
							<String ID="string_291" HPOS="677" VPOS="962" WIDTH="122" HEIGHT="22" WC="0.93" CONTENT="nuvarande"/><SP WIDTH="14" VPOS="962" HPOS="799"/>
							<String ID="string_292" HPOS="813" VPOS="961" WIDTH="92" HEIGHT="21" WC="0.92" CONTENT="mantal-"/>
						</TextLine>
						<TextLine ID="line_29" HPOS="79" VPOS="991" WIDTH="826" HEIGHT="27">
							<String ID="string_293" HPOS="79" VPOS="992" WIDTH="121" HEIGHT="26" WC="0.91" CONTENT="sättningen"/><SP WIDTH="15" VPOS="992" HPOS="200"/>
							<String ID="string_294" HPOS="215" VPOS="992" WIDTH="123" HEIGHT="25" WC="0.92" CONTENT="bibehälles,"/><SP WIDTH="15" VPOS="992" HPOS="338"/>
							<String ID="string_295" HPOS="353" VPOS="992" WIDTH="81" HEIGHT="21" WC="0.93" CONTENT="hvilket"/><SP WIDTH="14" VPOS="992" HPOS="434"/>
							<String ID="string_296" HPOS="448" VPOS="992" WIDTH="136" HEIGHT="26" WC="0.92" CONTENT="naturligtvis"/><SP WIDTH="14" VPOS="992" HPOS="584"/>
							<String ID="string_297" HPOS="598" VPOS="992" WIDTH="46" HEIGHT="20" WC="0.92" CONTENT="icke"/><SP WIDTH="16" VPOS="992" HPOS="644"/>
							<String ID="string_298" HPOS="660" VPOS="993" WIDTH="24" HEIGHT="19" WC="0.93" CONTENT="är"/><SP WIDTH="15" VPOS="993" HPOS="684"/>
							<String ID="string_299" HPOS="699" VPOS="991" WIDTH="152" HEIGHT="27" WC="0.92" CONTENT="petitionärens"/><SP WIDTH="10" VPOS="991" HPOS="851"/>
							<String ID="string_300" HPOS="861" VPOS="995" WIDTH="44" HEIGHT="15" WC="0.93" CONTENT="me-"/>
						</TextLine>
						<TextLine ID="line_30" HPOS="79" VPOS="1018" WIDTH="826" HEIGHT="29">
							<String ID="string_301" HPOS="79" VPOS="1020" WIDTH="56" HEIGHT="26" WC="0.95" CONTENT="ning,"/><SP WIDTH="23" VPOS="1020" HPOS="135"/>
							<String ID="string_302" HPOS="158" VPOS="1020" WIDTH="28" HEIGHT="21" WC="0.96" CONTENT="dä"/><SP WIDTH="21" VPOS="1020" HPOS="186"/>
							<String ID="string_303" HPOS="207" VPOS="1020" WIDTH="42" HEIGHT="20" WC="0.93" CONTENT="han"/><SP WIDTH="18" VPOS="1020" HPOS="249"/>
							<String ID="string_304" HPOS="267" VPOS="1022" WIDTH="93" HEIGHT="19" WC="0.92" CONTENT="tvärtom"/><SP WIDTH="12" VPOS="1022" HPOS="360"/>
							<String ID="string_305" HPOS="372" VPOS="1020" WIDTH="46" HEIGHT="26" WC="0.93" CONTENT="just"/><SP WIDTH="14" VPOS="1020" HPOS="418"/>
							<String ID="string_306" HPOS="432" VPOS="1020" WIDTH="64" HEIGHT="27" WC="0.91" CONTENT="yrkat"/><SP WIDTH="15" VPOS="1020" HPOS="496"/>
							<String ID="string_307" HPOS="511" VPOS="1026" WIDTH="26" HEIGHT="15" WC="0.93" CONTENT="en"/><SP WIDTH="15" VPOS="1026" HPOS="537"/>
							<String ID="string_308" HPOS="552" VPOS="1020" WIDTH="119" HEIGHT="26" WC="0.92" CONTENT="utjemning"/><SP WIDTH="15" VPOS="1020" HPOS="671"/>
							<String ID="string_309" HPOS="686" VPOS="1020" WIDTH="24" HEIGHT="20" WC="0.93" CONTENT="af"/><SP WIDTH="11" VPOS="1020" HPOS="710"/>
							<String ID="string_310" HPOS="721" VPOS="1019" WIDTH="114" HEIGHT="25" WC="0.92" CONTENT="mantalen,"/><SP WIDTH="16" VPOS="1019" HPOS="835"/>
							<String ID="string_311" HPOS="851" VPOS="1018" WIDTH="54" HEIGHT="21" WC="0.92" CONTENT="hvil-"/>
						</TextLine>
						<TextLine ID="line_31" HPOS="64" VPOS="1046" WIDTH="841" HEIGHT="30">
							<String ID="string_312" HPOS="64" VPOS="1048" WIDTH="57" HEIGHT="28" WC="0.52" CONTENT="ken"/><SP WIDTH="22" VPOS="1048" HPOS="121"/>
							<String ID="string_313" HPOS="143" VPOS="1048" WIDTH="117" HEIGHT="27" WC="0.90" CONTENT="utjemning"/><SP WIDTH="21" VPOS="1048" HPOS="260"/>
							<String ID="string_314" HPOS="281" VPOS="1049" WIDTH="135" HEIGHT="26" WC="0.95" CONTENT="naturligtvis"/><SP WIDTH="22" VPOS="1049" HPOS="416"/>
							<String ID="string_315" HPOS="438" VPOS="1048" WIDTH="110" HEIGHT="22" WC="0.96" CONTENT="medförde"/><SP WIDTH="23" VPOS="1048" HPOS="548"/>
							<String ID="string_316" HPOS="571" VPOS="1055" WIDTH="26" HEIGHT="15" WC="0.96" CONTENT="en"/><SP WIDTH="15" VPOS="1055" HPOS="597"/>
							<String ID="string_317" HPOS="612" VPOS="1050" WIDTH="58" HEIGHT="19" WC="0.96" CONTENT="ännu"/><SP WIDTH="15" VPOS="1050" HPOS="670"/>
							<String ID="string_318" HPOS="685" VPOS="1050" WIDTH="68" HEIGHT="19" WC="0.93" CONTENT="större"/><SP WIDTH="16" VPOS="1050" HPOS="753"/>
							<String ID="string_319" HPOS="769" VPOS="1046" WIDTH="136" HEIGHT="26" WC="0.96" CONTENT="nedsättning"/>
						</TextLine>
						<TextLine ID="line_32" HPOS="80" VPOS="1076" WIDTH="826" HEIGHT="27">
							<String ID="string_320" HPOS="80" VPOS="1076" WIDTH="23" HEIGHT="21" WC="0.93" CONTENT="af"/><SP WIDTH="13" VPOS="1076" HPOS="103"/>
							<String ID="string_321" HPOS="116" VPOS="1076" WIDTH="85" HEIGHT="22" WC="0.92" CONTENT="skatten"/><SP WIDTH="15" VPOS="1076" HPOS="201"/>
							<String ID="string_322" HPOS="216" VPOS="1077" WIDTH="7" HEIGHT="20" WC="0.96" CONTENT="i"/><SP WIDTH="16" VPOS="1077" HPOS="223"/>
							<String ID="string_323" HPOS="239" VPOS="1077" WIDTH="25" HEIGHT="21" WC="0.93" CONTENT="de"/><SP WIDTH="16" VPOS="1077" HPOS="264"/>
							<String ID="string_324" HPOS="280" VPOS="1077" WIDTH="63" HEIGHT="26" WC="0.92" CONTENT="högst"/><SP WIDTH="15" VPOS="1077" HPOS="343"/>
							<String ID="string_325" HPOS="358" VPOS="1077" WIDTH="126" HEIGHT="21" WC="0.92" CONTENT="beskattade"/><SP WIDTH="16" VPOS="1077" HPOS="484"/>
							<String ID="string_326" HPOS="500" VPOS="1077" WIDTH="88" HEIGHT="21" WC="0.96" CONTENT="delarna"/><SP WIDTH="16" VPOS="1077" HPOS="588"/>
							<String ID="string_327" HPOS="604" VPOS="1077" WIDTH="22" HEIGHT="21" WC="0.95" CONTENT="af"/><SP WIDTH="8" VPOS="1077" HPOS="626"/>
							<String ID="string_328" HPOS="634" VPOS="1077" WIDTH="74" HEIGHT="21" WC="0.95" CONTENT="landet"/><SP WIDTH="10" VPOS="1077" HPOS="708"/>
							<String ID="string_329" HPOS="718" VPOS="1076" WIDTH="39" HEIGHT="22" WC="0.97" CONTENT="och"/><SP WIDTH="11" VPOS="1076" HPOS="757"/>
							<String ID="string_330" HPOS="768" VPOS="1078" WIDTH="57" HEIGHT="18" WC="0.96" CONTENT="ännu"/><SP WIDTH="10" VPOS="1078" HPOS="825"/>
							<String ID="string_331" HPOS="835" VPOS="1076" WIDTH="71" HEIGHT="20" WC="0.96" CONTENT="större"/>
						</TextLine>
						<TextLine ID="line_33" HPOS="81" VPOS="1104" WIDTH="825" HEIGHT="28">
							<String ID="string_332" HPOS="81" VPOS="1105" WIDTH="78" HEIGHT="27" WC="0.95" CONTENT="ökning"/><SP WIDTH="22" VPOS="1105" HPOS="159"/>
							<String ID="string_333" HPOS="181" VPOS="1105" WIDTH="23" HEIGHT="21" WC="0.92" CONTENT="af"/><SP WIDTH="20" VPOS="1105" HPOS="204"/>
							<String ID="string_334" HPOS="224" VPOS="1105" WIDTH="111" HEIGHT="21" WC="0.96" CONTENT="skatterna"/><SP WIDTH="21" VPOS="1105" HPOS="335"/>
							<String ID="string_335" HPOS="356" VPOS="1106" WIDTH="8" HEIGHT="20" WC="0.96" CONTENT="i"/><SP WIDTH="22" VPOS="1106" HPOS="364"/>
							<String ID="string_336" HPOS="386" VPOS="1106" WIDTH="26" HEIGHT="20" WC="0.96" CONTENT="de"/><SP WIDTH="23" VPOS="1106" HPOS="412"/>
							<String ID="string_337" HPOS="435" VPOS="1106" WIDTH="65" HEIGHT="26" WC="0.96" CONTENT="delar,"/><SP WIDTH="16" VPOS="1106" HPOS="500"/>
							<String ID="string_338" HPOS="516" VPOS="1106" WIDTH="38" HEIGHT="20" WC="0.93" CONTENT="der"/><SP WIDTH="15" VPOS="1106" HPOS="554"/>
							<String ID="string_339" HPOS="569" VPOS="1106" WIDTH="149" HEIGHT="20" WC="0.92" CONTENT="rubelskatten"/><SP WIDTH="15" VPOS="1106" HPOS="718"/>
							<String ID="string_340" HPOS="733" VPOS="1111" WIDTH="38" HEIGHT="20" WC="0.96" CONTENT="per"/><SP WIDTH="14" VPOS="1111" HPOS="771"/>
							<String ID="string_341" HPOS="785" VPOS="1104" WIDTH="81" HEIGHT="21" WC="0.96" CONTENT="mantal"/><SP WIDTH="15" VPOS="1104" HPOS="866"/>
							<String ID="string_342" HPOS="881" VPOS="1104" WIDTH="25" HEIGHT="19" WC="0.96" CONTENT="är"/>
						</TextLine>
						<TextLine ID="line_34" HPOS="79" VPOS="1131" WIDTH="827" HEIGHT="30">
							<String ID="string_343" HPOS="79" VPOS="1133" WIDTH="61" HEIGHT="26" WC="0.96" CONTENT="ringa"/><SP WIDTH="15" VPOS="1133" HPOS="140"/>
							<String ID="string_344" HPOS="155" VPOS="1133" WIDTH="40" HEIGHT="21" WC="0.93" CONTENT="och"/><SP WIDTH="16" VPOS="1133" HPOS="195"/>
							<String ID="string_345" HPOS="211" VPOS="1134" WIDTH="68" HEIGHT="20" WC="0.96" CONTENT="tillika"/><SP WIDTH="8" VPOS="1134" HPOS="279"/>
							<String ID="string_346" HPOS="287" VPOS="1134" WIDTH="23" HEIGHT="20" WC="0.84" CONTENT="af"/><SP WIDTH="12" VPOS="1134" HPOS="310"/>
							<String ID="string_347" HPOS="322" VPOS="1134" WIDTH="209" HEIGHT="27" WC="0.87" CONTENT="mantalsättningen."/><SP WIDTH="30" VPOS="1134" HPOS="531"/>
							<String ID="string_348" HPOS="561" VPOS="1134" WIDTH="43" HEIGHT="21" WC="0.93" CONTENT="Det"/><SP WIDTH="14" VPOS="1134" HPOS="604"/>
							<String ID="string_349" HPOS="618" VPOS="1140" WIDTH="51" HEIGHT="15" WC="0.96" CONTENT="vore"/><SP WIDTH="15" VPOS="1140" HPOS="669"/>
							<String ID="string_350" HPOS="684" VPOS="1134" WIDTH="89" HEIGHT="20" WC="0.96" CONTENT="sålunda"/><SP WIDTH="16" VPOS="1134" HPOS="773"/>
							<String ID="string_351" HPOS="789" VPOS="1139" WIDTH="26" HEIGHT="15" WC="0.93" CONTENT="en"/><SP WIDTH="14" VPOS="1139" HPOS="815"/>
							<String ID="string_352" HPOS="829" VPOS="1131" WIDTH="77" HEIGHT="27" WC="0.80" CONTENT="utjem-"/>
						</TextLine>
						<TextLine ID="line_35" HPOS="79" VPOS="1162" WIDTH="826" HEIGHT="26">
							<String ID="string_353" HPOS="79" VPOS="1162" WIDTH="56" HEIGHT="26" WC="0.95" CONTENT="ning,"/><SP WIDTH="16" VPOS="1162" HPOS="135"/>
							<String ID="string_354" HPOS="151" VPOS="1168" WIDTH="46" HEIGHT="14" WC="0.96" CONTENT="som"/><SP WIDTH="16" VPOS="1168" HPOS="197"/>
							<String ID="string_355" HPOS="213" VPOS="1162" WIDTH="67" HEIGHT="21" WC="0.96" CONTENT="skulle"/><SP WIDTH="16" VPOS="1162" HPOS="280"/>
							<String ID="string_356" HPOS="296" VPOS="1162" WIDTH="62" HEIGHT="21" WC="0.96" CONTENT="kosta"/><SP WIDTH="15" VPOS="1162" HPOS="358"/>
							<String ID="string_357" HPOS="373" VPOS="1168" WIDTH="27" HEIGHT="16" WC="0.96" CONTENT="en"/><SP WIDTH="15" VPOS="1168" HPOS="400"/>
							<String ID="string_358" HPOS="415" VPOS="1163" WIDTH="34" HEIGHT="21" WC="0.96" CONTENT="del"/><SP WIDTH="15" VPOS="1163" HPOS="449"/>
							<String ID="string_359" HPOS="464" VPOS="1163" WIDTH="24" HEIGHT="21" WC="0.96" CONTENT="af"/><SP WIDTH="13" VPOS="1163" HPOS="488"/>
							<String ID="string_360" HPOS="501" VPOS="1163" WIDTH="26" HEIGHT="21" WC="0.96" CONTENT="de"/><SP WIDTH="15" VPOS="1163" HPOS="527"/>
							<String ID="string_361" HPOS="542" VPOS="1162" WIDTH="123" HEIGHT="21" WC="0.93" CONTENT="nuvarande"/><SP WIDTH="16" VPOS="1162" HPOS="665"/>
							<String ID="string_362" HPOS="681" VPOS="1162" WIDTH="164" HEIGHT="26" WC="0.92" CONTENT="skattdragarne"/><SP WIDTH="10" VPOS="1162" HPOS="845"/>
							<String ID="string_363" HPOS="855" VPOS="1166" WIDTH="50" HEIGHT="20" WC="0.92" CONTENT="gan-"/>
						</TextLine>
						<TextLine ID="line_36" HPOS="80" VPOS="1188" WIDTH="827" HEIGHT="30">
							<String ID="string_364" HPOS="80" VPOS="1190" WIDTH="38" HEIGHT="21" WC="0.93" CONTENT="ska"/><SP WIDTH="16" VPOS="1190" HPOS="118"/>
							<String ID="string_365" HPOS="134" VPOS="1190" WIDTH="54" HEIGHT="26" WC="0.89" CONTENT="dyrt."/><SP WIDTH="31" VPOS="1190" HPOS="188"/>
							<String ID="string_366" HPOS="219" VPOS="1190" WIDTH="38" HEIGHT="21" WC="0.95" CONTENT="Att"/><SP WIDTH="15" VPOS="1190" HPOS="257"/>
							<String ID="string_367" HPOS="272" VPOS="1190" WIDTH="33" HEIGHT="21" WC="0.93" CONTENT="för"/><SP WIDTH="15" VPOS="1190" HPOS="305"/>
							<String ID="string_368" HPOS="320" VPOS="1191" WIDTH="225" HEIGHT="27" WC="0.92" CONTENT="skattelägenheterna"/><SP WIDTH="21" VPOS="1191" HPOS="545"/>
							<String ID="string_369" HPOS="566" VPOS="1191" WIDTH="58" HEIGHT="21" WC="0.92" CONTENT="inom"/><SP WIDTH="22" VPOS="1191" HPOS="624"/>
							<String ID="string_370" HPOS="646" VPOS="1191" WIDTH="72" HEIGHT="21" WC="0.92" CONTENT="halfva"/><SP WIDTH="15" VPOS="1191" HPOS="718"/>
							<String ID="string_371" HPOS="733" VPOS="1190" WIDTH="72" HEIGHT="21" WC="0.93" CONTENT="landet"/><SP WIDTH="15" VPOS="1190" HPOS="805"/>
							<String ID="string_372" HPOS="820" VPOS="1188" WIDTH="87" HEIGHT="26" WC="0.93" CONTENT="vidtaga"/>
						</TextLine>
						<TextLine ID="line_37" HPOS="79" VPOS="1216" WIDTH="827" HEIGHT="30">
							<String ID="string_373" HPOS="79" VPOS="1224" WIDTH="27" HEIGHT="15" WC="0.93" CONTENT="en"/><SP WIDTH="21" VPOS="1224" HPOS="106"/>
							<String ID="string_374" HPOS="127" VPOS="1218" WIDTH="59" HEIGHT="26" WC="0.91" CONTENT="dylik"/><SP WIDTH="22" VPOS="1218" HPOS="186"/>
							<String ID="string_375" HPOS="208" VPOS="1218" WIDTH="197" HEIGHT="28" WC="0.92" CONTENT="aflösningsätgärd,"/><SP WIDTH="23" VPOS="1218" HPOS="405"/>
							<String ID="string_376" HPOS="428" VPOS="1226" WIDTH="46" HEIGHT="14" WC="0.96" CONTENT="som"/><SP WIDTH="22" VPOS="1226" HPOS="474"/>
							<String ID="string_377" HPOS="496" VPOS="1220" WIDTH="48" HEIGHT="25" WC="0.93" CONTENT="den,"/><SP WIDTH="20" VPOS="1220" HPOS="544"/>
							<String ID="string_378" HPOS="564" VPOS="1219" WIDTH="86" HEIGHT="21" WC="0.91" CONTENT="hvilken"/><SP WIDTH="15" VPOS="1219" HPOS="650"/>
							<String ID="string_379" HPOS="665" VPOS="1219" WIDTH="70" HEIGHT="21" WC="0.88" CONTENT="blifvit"/><SP WIDTH="14" VPOS="1219" HPOS="735"/>
							<String ID="string_380" HPOS="749" VPOS="1218" WIDTH="22" HEIGHT="21" WC="0.96" CONTENT="af"/><SP WIDTH="14" VPOS="1218" HPOS="771"/>
							<String ID="string_381" HPOS="785" VPOS="1218" WIDTH="40" HEIGHT="20" WC="0.93" CONTENT="den"/><SP WIDTH="16" VPOS="1218" HPOS="825"/>
							<String ID="string_382" HPOS="841" VPOS="1216" WIDTH="65" HEIGHT="21" WC="0.93" CONTENT="ärade"/>
						</TextLine>
						<TextLine ID="line_38" HPOS="79" VPOS="1245" WIDTH="827" HEIGHT="29">
							<String ID="string_383" HPOS="79" VPOS="1246" WIDTH="143" HEIGHT="27" WC="0.92" CONTENT="petitionären"/><SP WIDTH="15" VPOS="1246" HPOS="222"/>
							<String ID="string_384" HPOS="237" VPOS="1247" WIDTH="125" HEIGHT="27" WC="0.96" CONTENT="föreslagen,"/><SP WIDTH="15" VPOS="1247" HPOS="362"/>
							<String ID="string_385" HPOS="377" VPOS="1248" WIDTH="8" HEIGHT="20" WC="0.93" CONTENT="i"/><SP WIDTH="15" VPOS="1248" HPOS="385"/>
							<String ID="string_386" HPOS="400" VPOS="1248" WIDTH="100" HEIGHT="21" WC="0.92" CONTENT="afseende"/><SP WIDTH="16" VPOS="1248" HPOS="500"/>
							<String ID="string_387" HPOS="516" VPOS="1248" WIDTH="12" HEIGHT="20" WC="0.89" CONTENT="å"/><SP WIDTH="13" VPOS="1248" HPOS="528"/>
							<String ID="string_388" HPOS="541" VPOS="1248" WIDTH="189" HEIGHT="26" WC="0.93" CONTENT="frälselägenheter"/><SP WIDTH="10" VPOS="1248" HPOS="730"/>
							<String ID="string_389" HPOS="740" VPOS="1252" WIDTH="50" HEIGHT="16" WC="0.93" CONTENT="vore"/><SP WIDTH="11" VPOS="1252" HPOS="790"/>
							<String ID="string_390" HPOS="801" VPOS="1245" WIDTH="105" HEIGHT="26" WC="0.92" CONTENT="klarligen"/>
						</TextLine>
						<TextLine ID="line_39" HPOS="79" VPOS="1273" WIDTH="828" HEIGHT="29">
							<String ID="string_391" HPOS="79" VPOS="1276" WIDTH="32" HEIGHT="20" WC="0.94" CONTENT="ett"/><SP WIDTH="22" VPOS="1276" HPOS="111"/>
							<String ID="string_392" HPOS="133" VPOS="1277" WIDTH="56" HEIGHT="19" WC="0.93" CONTENT="stort"/><SP WIDTH="22" VPOS="1277" HPOS="189"/>
							<String ID="string_393" HPOS="211" VPOS="1276" WIDTH="232" HEIGHT="21" WC="0.73" CONTENT="nationalekonomiskt"/><SP WIDTH="22" VPOS="1276" HPOS="443"/>
							<String ID="string_394" HPOS="465" VPOS="1277" WIDTH="95" HEIGHT="25" WC="0.96" CONTENT="misstag,"/><SP WIDTH="24" VPOS="1277" HPOS="560"/>
							<String ID="string_395" HPOS="584" VPOS="1276" WIDTH="65" HEIGHT="21" WC="0.96" CONTENT="redan"/><SP WIDTH="22" VPOS="1276" HPOS="649"/>
							<String ID="string_396" HPOS="671" VPOS="1276" WIDTH="24" HEIGHT="20" WC="0.96" CONTENT="af"/><SP WIDTH="13" VPOS="1276" HPOS="695"/>
							<String ID="string_397" HPOS="708" VPOS="1276" WIDTH="36" HEIGHT="20" WC="0.93" CONTENT="det"/><SP WIDTH="15" VPOS="1276" HPOS="744"/>
							<String ID="string_398" HPOS="759" VPOS="1275" WIDTH="64" HEIGHT="21" WC="0.96" CONTENT="enkla"/><SP WIDTH="14" VPOS="1275" HPOS="823"/>
							<String ID="string_399" HPOS="837" VPOS="1273" WIDTH="70" HEIGHT="21" WC="0.96" CONTENT="skälet"/>
						</TextLine>
						<TextLine ID="line_40" HPOS="79" VPOS="1302" WIDTH="829" HEIGHT="29">
							<String ID="string_400" HPOS="79" VPOS="1305" WIDTH="38" HEIGHT="25" WC="0.94" CONTENT="att,"/><SP WIDTH="24" VPOS="1305" HPOS="117"/>
							<String ID="string_401" HPOS="141" VPOS="1304" WIDTH="66" HEIGHT="20" WC="0.93" CONTENT="sedan"/><SP WIDTH="21" VPOS="1304" HPOS="207"/>
							<String ID="string_402" HPOS="228" VPOS="1304" WIDTH="83" HEIGHT="21" WC="0.91" CONTENT="kronan"/><SP WIDTH="22" VPOS="1304" HPOS="311"/>
							<String ID="string_403" HPOS="333" VPOS="1305" WIDTH="34" HEIGHT="20" WC="0.93" CONTENT="väl"/><SP WIDTH="22" VPOS="1305" HPOS="367"/>
							<String ID="string_404" HPOS="389" VPOS="1305" WIDTH="69" HEIGHT="21" WC="0.91" CONTENT="tillöst"/><SP WIDTH="22" VPOS="1305" HPOS="458"/>
							<String ID="string_405" HPOS="480" VPOS="1305" WIDTH="32" HEIGHT="26" WC="0.93" CONTENT="sig"/><SP WIDTH="14" VPOS="1305" HPOS="512"/>
							<String ID="string_406" HPOS="526" VPOS="1304" WIDTH="104" HEIGHT="27" WC="0.92" CONTENT="rättighet"/><SP WIDTH="15" VPOS="1304" HPOS="630"/>
							<String ID="string_407" HPOS="645" VPOS="1306" WIDTH="33" HEIGHT="19" WC="0.93" CONTENT="att"/><SP WIDTH="13" VPOS="1306" HPOS="678"/>
							<String ID="string_408" HPOS="691" VPOS="1306" WIDTH="94" HEIGHT="24" WC="0.92" CONTENT="upptaga"/><SP WIDTH="14" VPOS="1306" HPOS="785"/>
							<String ID="string_409" HPOS="799" VPOS="1309" WIDTH="27" HEIGHT="15" WC="0.97" CONTENT="en"/><SP WIDTH="14" VPOS="1309" HPOS="826"/>
							<String ID="string_410" HPOS="840" VPOS="1302" WIDTH="68" HEIGHT="26" WC="0.96" CONTENT="högre"/>
						</TextLine>
						<TextLine ID="line_41" HPOS="78" VPOS="1330" WIDTH="829" HEIGHT="28">
							<String ID="string_411" HPOS="78" VPOS="1334" WIDTH="69" HEIGHT="24" WC="0.90" CONTENT="ränta,"/><SP WIDTH="21" VPOS="1334" HPOS="147"/>
							<String ID="string_412" HPOS="168" VPOS="1332" WIDTH="129" HEIGHT="22" WC="0.92" CONTENT="statsverket"/><SP WIDTH="14" VPOS="1332" HPOS="297"/>
							<String ID="string_413" HPOS="311" VPOS="1333" WIDTH="47" HEIGHT="21" WC="0.90" CONTENT="icke"/><SP WIDTH="16" VPOS="1333" HPOS="358"/>
							<String ID="string_414" HPOS="374" VPOS="1333" WIDTH="68" HEIGHT="21" WC="0.93" CONTENT="skulle"/><SP WIDTH="22" VPOS="1333" HPOS="442"/>
							<String ID="string_415" HPOS="464" VPOS="1333" WIDTH="65" HEIGHT="21" WC="0.92" CONTENT="hafva"/><SP WIDTH="15" VPOS="1333" HPOS="529"/>
							<String ID="string_416" HPOS="544" VPOS="1333" WIDTH="101" HEIGHT="21" WC="0.93" CONTENT="säkerhet"/><SP WIDTH="15" VPOS="1333" HPOS="645"/>
							<String ID="string_417" HPOS="660" VPOS="1332" WIDTH="33" HEIGHT="22" WC="0.96" CONTENT="för"/><SP WIDTH="15" VPOS="1332" HPOS="693"/>
							<String ID="string_418" HPOS="708" VPOS="1334" WIDTH="33" HEIGHT="20" WC="0.96" CONTENT="att"/><SP WIDTH="15" VPOS="1334" HPOS="741"/>
							<String ID="string_419" HPOS="756" VPOS="1332" WIDTH="70" HEIGHT="21" WC="0.96" CONTENT="denna"/><SP WIDTH="14" VPOS="1332" HPOS="826"/>
							<String ID="string_420" HPOS="840" VPOS="1330" WIDTH="67" HEIGHT="26" WC="0.96" CONTENT="högre"/>
						</TextLine>
						<TextLine ID="line_42" HPOS="79" VPOS="1360" WIDTH="829" HEIGHT="27">
							<String ID="string_421" HPOS="79" VPOS="1362" WIDTH="63" HEIGHT="19" WC="0.90" CONTENT="ränta"/><SP WIDTH="19" VPOS="1362" HPOS="142"/>
							<String ID="string_422" HPOS="161" VPOS="1361" WIDTH="83" HEIGHT="21" WC="0.92" CONTENT="komme"/><SP WIDTH="16" VPOS="1361" HPOS="244"/>
							<String ID="string_423" HPOS="260" VPOS="1362" WIDTH="32" HEIGHT="20" WC="0.93" CONTENT="att"/><SP WIDTH="16" VPOS="1362" HPOS="292"/>
							<String ID="string_424" HPOS="308" VPOS="1360" WIDTH="58" HEIGHT="27" WC="0.90" CONTENT="utgä."/><SP WIDTH="30" VPOS="1360" HPOS="366"/>
							<String ID="string_425" HPOS="396" VPOS="1362" WIDTH="41" HEIGHT="25" WC="0.96" CONTENT="Jag"/><SP WIDTH="14" VPOS="1362" HPOS="437"/>
							<String ID="string_426" HPOS="451" VPOS="1362" WIDTH="43" HEIGHT="20" WC="0.96" CONTENT="kan"/><SP WIDTH="15" VPOS="1362" HPOS="494"/>
							<String ID="string_427" HPOS="509" VPOS="1361" WIDTH="29" HEIGHT="26" WC="0.96" CONTENT="pä"/><SP WIDTH="14" VPOS="1361" HPOS="538"/>
							<String ID="string_428" HPOS="552" VPOS="1361" WIDTH="69" HEIGHT="26" WC="0.96" CONTENT="grund"/><SP WIDTH="15" VPOS="1361" HPOS="621"/>
							<String ID="string_429" HPOS="636" VPOS="1361" WIDTH="24" HEIGHT="21" WC="0.93" CONTENT="af"/><SP WIDTH="12" VPOS="1361" HPOS="660"/>
							<String ID="string_430" HPOS="672" VPOS="1361" WIDTH="56" HEIGHT="21" WC="0.91" CONTENT="hvad"/><SP WIDTH="13" VPOS="1361" HPOS="728"/>
							<String ID="string_431" HPOS="741" VPOS="1361" WIDTH="37" HEIGHT="26" WC="0.93" CONTENT="jag"/><SP WIDTH="15" VPOS="1361" HPOS="778"/>
							<String ID="string_432" HPOS="793" VPOS="1360" WIDTH="46" HEIGHT="20" WC="0.92" CONTENT="haft"/><SP WIDTH="16" VPOS="1360" HPOS="839"/>
							<String ID="string_433" HPOS="855" VPOS="1360" WIDTH="53" HEIGHT="19" WC="0.93" CONTENT="äran"/>
						</TextLine>
						<TextLine ID="line_43" HPOS="78" VPOS="1387" WIDTH="829" HEIGHT="51">
							<String ID="string_434" HPOS="78" VPOS="1390" WIDTH="59" HEIGHT="48" WC="0.22" CONTENT="a"/><SP WIDTH="14" VPOS="1390" HPOS="137"/>
							<String ID="string_435" HPOS="151" VPOS="1389" WIDTH="46" HEIGHT="21" WC="0.92" CONTENT="icke"/><SP WIDTH="15" VPOS="1389" HPOS="197"/>
							<String ID="string_436" HPOS="212" VPOS="1389" WIDTH="114" HEIGHT="21" WC="0.92" CONTENT="instämma"/><SP WIDTH="14" VPOS="1389" HPOS="326"/>
							<String ID="string_437" HPOS="340" VPOS="1389" WIDTH="8" HEIGHT="21" WC="0.96" CONTENT="i"/><SP WIDTH="16" VPOS="1389" HPOS="348"/>
							<String ID="string_438" HPOS="364" VPOS="1389" WIDTH="36" HEIGHT="21" WC="0.94" CONTENT="det"/><SP WIDTH="15" VPOS="1389" HPOS="400"/>
							<String ID="string_439" HPOS="415" VPOS="1389" WIDTH="81" HEIGHT="27" WC="0.96" CONTENT="förslag"/><SP WIDTH="15" VPOS="1389" HPOS="496"/>
							<String ID="string_440" HPOS="511" VPOS="1395" WIDTH="46" HEIGHT="16" WC="0.91" CONTENT="som"/><SP WIDTH="15" VPOS="1395" HPOS="557"/>
							<String ID="string_441" HPOS="572" VPOS="1389" WIDTH="48" HEIGHT="21" WC="0.91" CONTENT="utaf"/><SP WIDTH="12" VPOS="1389" HPOS="620"/>
							<String ID="string_442" HPOS="632" VPOS="1389" WIDTH="49" HEIGHT="21" WC="0.91" CONTENT="frih."/><SP WIDTH="12" VPOS="1389" HPOS="681"/>
							<String ID="string_443" HPOS="693" VPOS="1389" WIDTH="50" HEIGHT="21" WC="0.96" CONTENT="Otto"/><SP WIDTH="11" VPOS="1389" HPOS="743"/>
							<String ID="string_444" HPOS="754" VPOS="1388" WIDTH="79" HEIGHT="22" WC="0.93" CONTENT="Wrede"/><SP WIDTH="10" VPOS="1388" HPOS="833"/>
							<String ID="string_445" HPOS="843" VPOS="1387" WIDTH="64" HEIGHT="21" WC="0.92" CONTENT="fram-"/>
						</TextLine>
						<TextLine ID="line_44" HPOS="79" VPOS="1418" WIDTH="70" HEIGHT="20">
							<String ID="string_446" HPOS="79" VPOS="1418" WIDTH="70" HEIGHT="20" WC="0.92" CONTENT="stälts."/>
						</TextLine>
					</TextBlock>
					<TextBlock ID="block_2" HPOS="77" VPOS="1443" WIDTH="832" HEIGHT="114">
						<TextLine ID="line_45" HPOS="147" VPOS="1443" WIDTH="761" HEIGHT="30">
							<String ID="string_447" HPOS="147" VPOS="1445" WIDTH="43" HEIGHT="21" WC="0.96" CONTENT="För"/><SP WIDTH="23" VPOS="1445" HPOS="190"/>
							<String ID="string_448" HPOS="213" VPOS="1451" WIDTH="52" HEIGHT="21" WC="0.96" CONTENT="egen"/><SP WIDTH="23" VPOS="1451" HPOS="265"/>
							<String ID="string_449" HPOS="288" VPOS="1446" WIDTH="34" HEIGHT="21" WC="0.93" CONTENT="del"/><SP WIDTH="22" VPOS="1446" HPOS="322"/>
							<String ID="string_450" HPOS="344" VPOS="1445" WIDTH="67" HEIGHT="27" WC="0.91" CONTENT="vägar"/><SP WIDTH="19" VPOS="1445" HPOS="411"/>
							<String ID="string_451" HPOS="430" VPOS="1446" WIDTH="38" HEIGHT="27" WC="0.93" CONTENT="jag"/><SP WIDTH="14" VPOS="1446" HPOS="468"/>
							<String ID="string_452" HPOS="482" VPOS="1446" WIDTH="71" HEIGHT="21" WC="0.93" CONTENT="säsom"/><SP WIDTH="15" VPOS="1446" HPOS="553"/>
							<String ID="string_453" HPOS="568" VPOS="1446" WIDTH="44" HEIGHT="21" WC="0.93" CONTENT="min"/><SP WIDTH="14" VPOS="1446" HPOS="612"/>
							<String ID="string_454" HPOS="626" VPOS="1445" WIDTH="121" HEIGHT="27" WC="0.93" CONTENT="personliga"/><SP WIDTH="15" VPOS="1445" HPOS="747"/>
							<String ID="string_455" HPOS="762" VPOS="1445" WIDTH="55" HEIGHT="26" WC="0.93" CONTENT="äsigt"/><SP WIDTH="15" VPOS="1445" HPOS="817"/>
							<String ID="string_456" HPOS="832" VPOS="1443" WIDTH="76" HEIGHT="26" WC="0.93" CONTENT="uttala,"/>
						</TextLine>
						<TextLine ID="line_46" HPOS="79" VPOS="1473" WIDTH="829" HEIGHT="28">
							<String ID="string_457" HPOS="79" VPOS="1475" WIDTH="32" HEIGHT="19" WC="0.95" CONTENT="att"/><SP WIDTH="22" VPOS="1475" HPOS="111"/>
							<String ID="string_458" HPOS="133" VPOS="1479" WIDTH="27" HEIGHT="16" WC="0.93" CONTENT="en"/><SP WIDTH="21" VPOS="1479" HPOS="160"/>
							<String ID="string_459" HPOS="181" VPOS="1473" WIDTH="117" HEIGHT="28" WC="0.91" CONTENT="utjemning"/><SP WIDTH="20" VPOS="1473" HPOS="298"/>
							<String ID="string_460" HPOS="318" VPOS="1474" WIDTH="23" HEIGHT="21" WC="0.90" CONTENT="af"/><SP WIDTH="11" VPOS="1474" HPOS="341"/>
							<String ID="string_461" HPOS="352" VPOS="1474" WIDTH="216" HEIGHT="27" WC="0.90" CONTENT="jordbeskattningen"/><SP WIDTH="15" VPOS="1474" HPOS="568"/>
							<String ID="string_462" HPOS="583" VPOS="1474" WIDTH="89" HEIGHT="21" WC="0.93" CONTENT="alldeles"/><SP WIDTH="15" VPOS="1474" HPOS="672"/>
							<String ID="string_463" HPOS="687" VPOS="1474" WIDTH="46" HEIGHT="21" WC="0.90" CONTENT="icke"/><SP WIDTH="16" VPOS="1474" HPOS="733"/>
							<String ID="string_464" HPOS="749" VPOS="1473" WIDTH="56" HEIGHT="21" WC="0.93" CONTENT="läter"/><SP WIDTH="15" VPOS="1473" HPOS="805"/>
							<String ID="string_465" HPOS="820" VPOS="1477" WIDTH="88" HEIGHT="22" WC="0.92" CONTENT="genom-"/>
						</TextLine>
						<TextLine ID="line_47" HPOS="77" VPOS="1501" WIDTH="832" HEIGHT="28">
							<String ID="string_466" HPOS="77" VPOS="1502" WIDTH="48" HEIGHT="21" WC="0.96" CONTENT="föra"/><SP WIDTH="15" VPOS="1502" HPOS="125"/>
							<String ID="string_467" HPOS="140" VPOS="1503" WIDTH="31" HEIGHT="26" WC="0.96" CONTENT="sig"/><SP WIDTH="15" VPOS="1503" HPOS="171"/>
							<String ID="string_468" HPOS="186" VPOS="1502" WIDTH="29" HEIGHT="26" WC="0.93" CONTENT="pä"/><SP WIDTH="14" VPOS="1502" HPOS="215"/>
							<String ID="string_469" HPOS="229" VPOS="1502" WIDTH="70" HEIGHT="27" WC="0.96" CONTENT="någon"/><SP WIDTH="15" VPOS="1502" HPOS="299"/>
							<String ID="string_470" HPOS="314" VPOS="1509" WIDTH="71" HEIGHT="14" WC="0.96" CONTENT="annan"/><SP WIDTH="15" VPOS="1509" HPOS="385"/>
							<String ID="string_471" HPOS="400" VPOS="1503" WIDTH="76" HEIGHT="26" WC="0.96" CONTENT="grund,"/><SP WIDTH="16" VPOS="1503" HPOS="476"/>
							<String ID="string_472" HPOS="492" VPOS="1505" WIDTH="27" HEIGHT="18" WC="0.96" CONTENT="än"/><SP WIDTH="15" VPOS="1505" HPOS="519"/>
							<String ID="string_473" HPOS="534" VPOS="1504" WIDTH="33" HEIGHT="19" WC="0.84" CONTENT="ätt"/><SP WIDTH="15" VPOS="1504" HPOS="567"/>
							<String ID="string_474" HPOS="582" VPOS="1502" WIDTH="83" HEIGHT="21" WC="0.93" CONTENT="kronan"/><SP WIDTH="11" VPOS="1502" HPOS="665"/>
							<String ID="string_475" HPOS="676" VPOS="1502" WIDTH="81" HEIGHT="26" WC="0.92" CONTENT="nödgas"/><SP WIDTH="11" VPOS="1502" HPOS="757"/>
							<String ID="string_476" HPOS="768" VPOS="1503" WIDTH="53" HEIGHT="19" WC="0.93" CONTENT="utan"/><SP WIDTH="10" VPOS="1503" HPOS="821"/>
							<String ID="string_477" HPOS="831" VPOS="1501" WIDTH="78" HEIGHT="20" WC="0.92" CONTENT="ersätt-"/>
						</TextLine>
						<TextLine ID="line_48" HPOS="78" VPOS="1526" WIDTH="831" HEIGHT="31">
							<String ID="string_478" HPOS="78" VPOS="1530" WIDTH="51" HEIGHT="27" WC="0.93" CONTENT="ning"/><SP WIDTH="20" VPOS="1530" HPOS="129"/>
							<String ID="string_479" HPOS="149" VPOS="1530" WIDTH="56" HEIGHT="21" WC="0.92" CONTENT="afstä"/><SP WIDTH="14" VPOS="1530" HPOS="205"/>
							<String ID="string_480" HPOS="219" VPOS="1537" WIDTH="26" HEIGHT="14" WC="0.97" CONTENT="en"/><SP WIDTH="16" VPOS="1537" HPOS="245"/>
							<String ID="string_481" HPOS="261" VPOS="1531" WIDTH="34" HEIGHT="20" WC="0.96" CONTENT="del"/><SP WIDTH="15" VPOS="1531" HPOS="295"/>
							<String ID="string_482" HPOS="310" VPOS="1531" WIDTH="24" HEIGHT="21" WC="0.93" CONTENT="af"/><SP WIDTH="12" VPOS="1531" HPOS="334"/>
							<String ID="string_483" HPOS="346" VPOS="1531" WIDTH="148" HEIGHT="26" WC="0.92" CONTENT="grundräntan"/><SP WIDTH="15" VPOS="1531" HPOS="494"/>
							<String ID="string_484" HPOS="509" VPOS="1530" WIDTH="28" HEIGHT="27" WC="0.96" CONTENT="pä"/><SP WIDTH="15" VPOS="1530" HPOS="537"/>
							<String ID="string_485" HPOS="552" VPOS="1531" WIDTH="26" HEIGHT="21" WC="0.93" CONTENT="de"/><SP WIDTH="16" VPOS="1531" HPOS="578"/>
							<String ID="string_486" HPOS="594" VPOS="1532" WIDTH="65" HEIGHT="24" WC="0.93" CONTENT="orter,"/><SP WIDTH="17" VPOS="1532" HPOS="659"/>
							<String ID="string_487" HPOS="676" VPOS="1537" WIDTH="45" HEIGHT="14" WC="0.93" CONTENT="som"/><SP WIDTH="15" VPOS="1537" HPOS="721"/>
							<String ID="string_488" HPOS="736" VPOS="1531" WIDTH="37" HEIGHT="20" WC="0.93" CONTENT="äro"/><SP WIDTH="17" VPOS="1531" HPOS="773"/>
							<String ID="string_489" HPOS="790" VPOS="1529" WIDTH="63" HEIGHT="26" WC="0.92" CONTENT="högst"/><SP WIDTH="16" VPOS="1529" HPOS="853"/>
							<String ID="string_490" HPOS="869" VPOS="1526" WIDTH="40" HEIGHT="22" WC="0.96" CONTENT="och"/>
						</TextLine>
					</TextBlock>
				</ComposedBlock>
			</PrintSpace>
		</Page>
	</Layout>
</alto>
