1120 1767
371 124 44 19 Roe
428 124 16 18 A.
456 124 46 19 1885.
526 123 21 19 20
560 123 47 20 Mars.
832 125 42 21 457

146 196 31 22 På
198 197 256 21 hr'landtmarskalkens
476 197 158 26 framställning
648 196 72 22 beslöt
741 197 25 21 R.
788 202 18 15 o.
821 197 25 21 A.
862 198 41 24 att,

77 225 49 22 med
148 225 155 27 godkännande
325 225 23 21 af
360 226 26 20 hr
409 226 161 27 Montgomerys
590 225 87 27 förslag,
694 225 32 21 till
742 226 161 20 statsutskottet

78 254 158 22 återremittera
252 254 57 20 såväl
324 254 11 26 $
352 255 10 19 1
379 254 32 21 uti
426 261 29 14 nu
470 254 141 22 förevarande
625 253 219 27 författningsförslag
857 259 47 16 som

79 288 82 16 samma
175 282 95 21 utskotts
284 282 128 21 förevordna
434 283 137 21 betänkande
590 282 7 21 i
613 282 115 26 anledning
743 282 23 20 af
778 282 48 20 nåd.
843 288 60 20 prop.

80 317 34 15 om
136 310 115 21 förändrad
274 310 39 21 och
329 310 53 22 efter
405 311 100 21 metriskt
520 311 55 21 mått
591 310 100 26 afpassad
706 310 150 26 undervisning
871 310 34 22 för

79 338 155 26 skatterubeln,
256 339 49 21 med
327 339 106 21 anmodan
455 340 33 20 till
503 340 108 20 utskottet
633 341 33 19 att
682 338 64 22 ställa
760 338 66 27 begge
841 339 63 20 dessa

79 367 217 27 författningsförslag
310 368 7 20 i
332 367 221 22 öfverensstämmelse
569 368 48 20 med
632 368 25 20 R.
674 374 18 15 o.
707 367 37 21 A:s
759 367 76 26 beslut,
849 368 56 20 samt

79 396 8 21 i
103 396 111 26 samklang
229 396 47 20 med
291 396 120 21 hvarandra
426 396 107 21 inbördes.

149 424 11 27 $
176 424 13 20 2
204 424 122 26 godkändes
341 426 50 19 utan
408 425 147 26 anmärkning.

150 452 10 21 I
175 451 99 22 afseende
290 452 12 21 å
316 452 11 27 $
343 453 13 20 3
371 453 85 26 yttrade

150 480 26 21 hr
191 481 147 20 Hackman:
361 481 41 27 Jag
416 481 37 21 vill
468 481 57 21 fästa
544 480 217 27 uppmärksamheten
776 480 35 21 vid
826 482 31 19 ett
871 480 7 21 i
893 479 13 27 $

83 509 12 21 3
118 509 105 26 begånget
244 509 139 22 förbiseende.
413 509 34 22 Då
462 510 36 21 det
513 510 38 21 der
567 511 61 25 säges
647 509 119 26 ,beräknad
782 509 53 21 efter
851 509 10 20 1
878 508 29 27 2/3

82 537 83 26 tunna”,
189 537 25 21 så
228 537 54 22 hade
305 538 35 21 det
363 538 56 21 varit
442 538 129 27 egentligare
593 539 34 20 att
641 539 78 19 nämna
738 537 99 27 beloppet
852 536 55 22 efter

83 566 99 21 metriskt
196 565 55 22 mått
266 566 39 21 och
320 566 64 21 sedan
400 567 72 26 bifoga
481 567 57 20 inom
548 568 100 25 parentes
660 567 24 24 ,,1
697 565 25 28 '/,
730 566 84 25 tunna”;
825 565 81 22 kanske

84 593 65 22 också
171 594 69 21 denna
255 594 11 27 $
281 595 66 20 borde
370 595 169 21 äterremitteras
562 595 33 21 till
610 594 107 21 utskottet
731 593 34 22 för
780 593 128 28 vidtagande

83 622 24 21 af
120 623 69 20 denna
203 623 94 21 rättelse.

152 651 32 21 Hr
208 651 155 26 Schauman,
385 651 61 27 Aug.,
470 652 99 21 biträdde
584 651 27 21 hr
633 651 123 21 Hackmans
770 651 94 27 yrkande
879 649 29 27 på

84 679 128 22 återremiss.

153 708 57 21 Frih.
226 708 212 26 Langenskiöld,
454 709 27 21 K.
497 709 26 20 J.:
540 709 50 20 Med
605 708 114 26 anledning
730 708 22 21 af
761 708 40 21 den
809 707 99 21 anmärk-

84 737 51 26 ning
157 736 25 21 hr
197 737 111 20 Hackman
329 737 122 26 framställt,
475 737 68 21 skulle
557 737 37 26 jag
609 737 50 26 vilja
674 736 56 21 fästa
745 736 95 21 ståndets
855 741 53 20 upp-

85 765 145 21 märksamhet
245 765 34 20 vid
295 767 32 19 att
341 765 7 20 i
363 765 40 20 den
418 771 50 21 nyss
484 767 93 25 antagna
585 765 151 26 förordningen
746 764 109 24 angående
863 765 46 19 sär-

85 793 70 21 skilda'
177 795 85 19 räntors
277 793 39 21 och
338 793 161 27 skattebelopps
522 794 129 26 erläggande
674 793 54 22 efter
742 793 98 21 metriskt
855 791 54 22 mått

86 821 40 21 och
148 821 44 27 vigt
207 821 60 27 ingår
282 828 26 15 en
321 821 140 28 bestämning,
484 822 55 21 huru
555 822 87 21 tionden
658 822 23 21 af
694 822 102 21 särskildt
810 821 99 21 tertialen

86 849 55 22 skall
155 849 106 22 beräknas
275 851 7 20 i
297 850 98 21 metriskt
410 850 61 25 mått,
488 851 37 20 der
541 851 70 20 denna
626 850 71 27 afgäld
712 849 66 22 finnes
792 849 96 26 uttryckt
902 848 7 21 i

85 878 83 26 kappar
184 878 39 21 och
238 880 85 24 tunnor,
338 878 24 21 så
378 880 32 19 att
424 878 71 27 någon
511 879 114 26 olägenhet
633 879 22 20 af
664 879 36 20 det
710 885 28 14 nu
748 877 162 28 ifrågavarande

86 907 128 26 stadgandet
228 907 46 20 icke
290 907 60 21 torde
365 907 120 21 förefinnas.
516 907 61 21 Dock
592 907 36 21 vill
641 907 37 26 jag
693 907 47 21 icke
755 907 103 20 motsätta
868 905 44 26 mig

87 934 127 22 återremiss.

156 963 40 21 Till
212 963 84 21 ståndet
312 963 166 22 öfverlemnades
493 964 54 21 härå
569 964 95 26 följande
679 963 132 27 proposition
826 962 33 21 till
874 961 38 22 be-

87 992 115 21 svarande:

156 1020 47 21 Den
218 1026 44 15 som
278 1021 122 26 godkänner
415 1021 11 27 $
442 1021 13 20 3
470 1021 7 21 i
492 1021 119 21 utskottets
626 1020 134 21 betänkande
776 1018 136 26 oförändrad,

88 1049 71 20 röstar
171 1048 34 27 ja;

157 1077 74 20 vinner
246 1077 40 26 nej,
302 1077 167 22 återremitteras
485 1077 34 28 $:n
533 1078 34 21 till
581 1077 107 21 utskottet
703 1077 33 21 för
746 1076 110 22 införande
867 1074 46 22 deri

88 1104 23 21 af
123 1105 100 21 metriskt
237 1105 60 21 mått.

157 1133 81 22 Genom
254 1140 71 20 prop:s
339 1134 133 21 besvarande
486 1135 49 20 med
551 1135 155 26 öfvervägande
715 1134 33 27 nej
759 1139 37 15 var
806 1133 26 21 hr
842 1131 73 22 Hack-

88 1167 61 15 mans
164 1161 141 22 ofvannämda
319 1162 79 27 förslag
414 1169 34 14 om
464 1163 123 21 återremiss
603 1163 23 20 af
638 1163 25 20 R.
680 1169 19 14 o.
716 1163 24 20 A.
755 1161 114 27 godkändt.

158 1190 24 27 88
198 1191 55 20 4—7
269 1191 122 26 godkändes
406 1193 52 19 utan
474 1191 147 27 anmärkning.

157 1219 11 20 I
184 1219 99 21 afseende
299 1219 12 21 å
326 1219 10 28 $
352 1220 13 21 8
380 1220 86 26 yttrade

159 1247 25 21 hr
207 1254 41 15 von
270 1248 152 25 Haartman,
438 1248 33 21 V.:
487 1247 68 22 Äfven
578 1248 69 21 denna
662 1247 12 28 &
689 1247 62 22 torde
766 1247 53 20 böra
834 1245 82 21 äterre-

89 1275 98 22 mitteras
209 1276 33 21 för
258 1278 32 19 att
312 1276 76 21 ändras
403 1277 7 20 i
426 1276 68 21 likhet
516 1276 49 21 med
581 1277 10 26 $
608 1276 19 21 3.
656 1276 42 27 Jag
719 1276 126 21 förutsätter
860 1273 56 21 dock

89 1305 43 19 att
144 1303 108 28 säväli&
268 1305 12 20 3
296 1311 44 14 som
354 1305 8 20 i
377 1305 12 26 $
404 1305 13 20 8
432 1305 58 20 inom
512 1307 101 23 parentes
634 1304 84 21 utföras
733 1304 25 20 de
773 1309 29 15 nu
816 1301 101 28 gällande

89 1331 89 27 mätten,
194 1333 90 21 emedan
299 1333 35 21 det
356 1332 69 22 skulle
440 1332 35 22 stä
489 1333 8 20 i
513 1332 220 27 öfverensstämmelse
747 1332 49 20 med
810 1330 57 22 hvad
882 1330 36 20 ut-

90 1360 82 21 skottet
186 1361 41 20 har
241 1361 100 27 iakttagit
355 1361 7 21 i
377 1360 12 28 &
405 1362 18 20 1.

159 1388 57 22 Frih.
233 1390 75 26 Boije
324 1389 98 21 biträdde
438 1389 61 21 detta
514 1389 102 27 yrkande.

157 1417 33 21 Hr
211 1417 227 27 Yrjö-Koskinen,
461 1417 20 21 G
497 1418 28 20 Z.:
549 1418 41 20 Vid
606 1418 62 20 dessa
690 1419 76 19 tvenne
781 1414 136 28 paragrafers

91 1445 200 23 3terremitterande
306 1446 32 21 till
352 1446 108 21 utskottet
474 1446 39 21 ber
527 1446 37 26 jag
579 1447 33 20 att
626 1445 22 21 få
662 1446 57 21 fästa
728 1442 191 30 uppmärksamhe-

90 1476 37 19 ten
149 1474 81 26 dervid,
252 1476 33 20 att
300 1474 26 21 de
346 1474 139 21 härförinnan
507 1474 113 21 bestämda
637 1474 105 26 beloppen
757 1473 23 21 af
794 1472 25 21 15
835 1471 83 26 kappar

92 1502 39 22 och
148 1503 10 20 1
175 1503 68 21 tunna
266 1503 26 21 15
307 1503 81 26 kappar
404 1502 52 22 eller
473 1503 10 20 1
501 1503 27 27 1/,
546 1504 68 19 tunna
628 1502 46 22 icke
690 1501 91 23 behöfva
796 1500 23 22 sä
834 1500 86 25 strängt

93 1530 109 27 vidhällas,
219 1532 33 20 att
267 1531 54 21 bråk
335 1530 23 22 af
371 1531 49 21 liter
436 1531 74 21 dervid
524 1530 161 27 ifrägakomma.
715 1530 43 21 Det
772 1531 24 19 är
810 1528 110 25 nämligen
