1120 1753
260 143 41 22 346
532 143 16 19 R.
561 148 14 14 o.
589 143 15 19 A.
617 143 45 19 1885.
687 142 9 19 2
710 143 47 19 Mars.

232 212 23 21 af
275 212 65 21 saken
362 212 57 21 förer
440 212 33 21 till
493 213 32 20 ett
542 212 45 21 helt
602 214 65 19 annat
682 213 97 20 resultat.
808 212 39 21 Att
862 211 74 28 frågan
951 211 34 21 vid
1003 212 54 21 1877

232 241 35 21 års
284 241 101 27 landtdag
402 241 46 21 icke
463 241 102 26 förekom,
581 241 89 26 betyder
684 241 115 26 ingenting.
830 241 33 21 Då
878 241 75 20 funnos
968 239 89 22 skolfrå-

231 275 45 21 gor,
292 270 68 20 såsom
376 269 67 22 under
458 270 40 21 den
511 269 128 27 föregående
649 269 148 22 diskussionen
807 269 65 21 redan
882 269 70 21 blifvit
961 269 95 25 nämndt,

232 297 72 22 hvilka
326 300 49 25 togo
398 299 41 20 den
460 298 106 21 allmänna
588 297 216 28 uppmärksamheten
822 298 8 21 i
844 298 101 27 anspråk;
960 303 48 15 men
1024 299 33 19 att

233 327 69 20 denna
323 325 66 28 fråga,
412 333 44 15 som
472 327 89 21 sålunda
575 327 67 20 under
658 333 25 15 en
698 327 104 26 landtdag
816 326 69 21 blifvit
900 327 109 24 åsidosatt,
1025 331 32 16 se-

232 355 97 21 dermera
350 355 36 21 vid
408 355 72 27 hvarje
497 355 144 21 ständermöte
664 355 46 21 åter
732 354 96 28 uppdykt
843 355 40 21 och
898 354 87 22 förmått
999 354 58 22 hålla

232 383 32 27 sig
286 389 62 20 uppe,
372 384 58 21 detta
451 384 84 20 bevisar
557 385 32 19 att
607 383 66 21 saken
691 384 39 20 allt
747 386 57 18 ännu
821 383 84 21 fordrar
920 383 31 21 sin
966 383 89 26 lösning.

231 411 42 21 Vid
296 411 42 21 alla
360 412 26 21 de
408 412 91 27 följande
518 412 154 26 landtdagarna
689 412 65 21 hafva
772 412 114 27 petitioner
901 412 68 20 blifvit
984 411 73 21 inlem-

231 440 62 25 nade,
308 440 8 21 i
330 440 72 22 hvilka
417 440 104 28 uttryckts
537 441 40 21 den
593 441 87 25 önskan,
696 442 32 20 att
744 440 131 22 Tavastehus
888 440 68 22 finska
966 440 91 21 normal-

232 469 82 26 lyceum
336 469 66 21 måtte
418 468 128 28 öfverflyttas
561 469 32 21 till
609 468 143 28 Helsingfors,
768 469 39 21 och
822 476 40 14 ena
877 468 80 22 hälften
972 468 23 21 af
1008 468 49 20 Fin-

230 497 62 21 lands
307 498 167 26 representation
488 498 39 21 har
537 498 60 21 alltid
607 498 127 21 understödt
750 498 68 22 denna
828 498 93 21 fordran.
947 498 37 20 Att
995 497 62 21 dessa

232 526 115 26 petitioner
369 526 61 21 alltid
450 526 69 22 blifvit
541 526 117 22 framförda
673 526 23 21 af
709 526 26 22 de
751 528 55 24 män,
822 526 72 21 hvilka
909 525 100 22 särskildt
1023 531 32 15 re-

230 556 123 25 presentera
377 555 39 20 den
438 555 143 27 pedagogiska
602 555 145 27 vetenskapen
770 556 7 20 i
798 555 78 26 landet,
899 554 82 27 styrker
1000 556 56 19 ännu

234 589 59 15 mera
317 583 69 21 denna
408 584 42 20 sak.
481 583 40 27 Jag
543 585 51 24 tror,
614 585 38 21 att,
668 590 34 14 om
719 584 21 20 vi
754 590 30 14 nu
798 584 68 20 skulle
880 583 72 21 kunna
966 582 91 22 försätta

233 617 35 15 oss
290 611 89 21 tillbaka
401 612 33 20 till
456 612 35 21 det
510 612 91 21 stadium
625 612 23 21 af
664 612 162 22 skolväsendets
845 612 126 26 utveckling,
988 611 26 21 då
1030 617 26 15 en

232 640 77 21 svensk
330 640 143 22 normalskola
494 640 111 22 härstädes
626 640 54 22 först
702 641 118 21 inrättades
836 640 39 22 och
890 640 60 27 fråga
963 640 93 26 uppstod

233 674 34 16 om
287 669 121 21 inrättande
423 669 23 21 af
459 676 25 14 en
499 668 60 24 finsk,
576 669 40 21 och
632 675 33 15 om
681 670 20 20 vi
717 670 48 21 icke
779 669 91 21 behöfde
884 671 51 24 taga
949 669 7 20 i
970 668 86 21 betrak-

233 697 64 21 tande
313 697 25 21 de
358 698 185 26 omständigheter,
559 704 46 15 som
620 698 121 21 sedermera
756 698 128 25 tillkommit,
900 698 63 26 ingen
977 697 79 20 tvekan

230 725 69 21 skulle
320 726 78 26 uppstå
413 726 78 25 derom,
514 727 32 20 att
567 726 105 21 hvardera
689 726 172 27 normallyceum,
877 726 55 21 både
946 725 36 22 det
997 731 59 15 sven-

231 753 39 22 ska
285 754 40 21 och
340 755 36 20 det
391 754 74 27 finska,
480 755 65 21 borde
560 754 69 22 finnas
643 755 8 20 i
665 755 219 21 universitetsstaden.
913 753 27 22 Vi
950 753 63 22 hafva
1023 753 33 22 för

230 782 64 27 afsigt
316 784 32 19 att
362 783 111 26 uppfostra
487 783 74 22 lärare.
591 783 44 22 Det
649 785 24 19 är
688 785 118 26 meningen,
822 785 32 19 att
868 789 57 20 unga
939 785 55 23 män,
1010 788 45 15 som

230 811 51 26 vilja
304 817 52 21 egna
377 811 32 27 sig
424 811 22 22 åt
460 811 141 26 lärarekallet,
617 811 61 22 skola
692 812 64 21 hafva
771 811 83 22 tillfälle
869 813 32 20 att
916 811 35 21 vid
965 811 91 21 normal-

230 839 75 21 skolan
327 839 83 22 utbilda
431 840 33 27 sig
485 841 78 24 dertill;
593 841 57 20 hvad
672 843 24 18 är
716 841 27 21 då
762 840 137 27 naturligare,
918 841 28 20 än
960 841 32 20 att
1007 839 49 21 de
1044 835 15 37 i

232 873 82 16 samma
336 869 189 25 universitetsstad,
549 869 38 21 der
605 869 27 21 de
649 869 77 21 hittills
742 869 102 25 studerat,
860 868 22 21 få
896 868 99 21 fortsätta
1010 868 47 21 sina

232 897 94 20 studier?
356 897 32 21 De
410 897 71 21 kunna
503 897 27 22 då
551 898 98 21 använda
670 898 42 21 alla
732 898 26 21 de
777 897 69 22 medel
860 897 33 21 för
908 896 147 27 sjelfstudium

232 930 45 15 som
293 924 67 22 finnas
375 925 7 21 i
398 925 215 26 universitetsstaden,
630 926 32 21 för
678 928 32 19 att
725 925 96 22 förkofra
835 926 32 26 sig
882 926 7 20 i
901 925 155 26 vetenskapligt

231 953 100 22 afseende
346 953 39 22 och
400 954 69 21 tillika
483 955 34 20 vid
532 955 181 26 normallyceerna
728 954 73 22 beflita
816 954 32 27 sig
858 960 34 15 om
903 954 32 21 sin
945 953 110 27 praktiska

228 981 120 28 utbildning
370 982 33 21 till
425 983 73 21 lärare.
528 983 65 21 Detta
616 989 37 15 var
676 983 71 27 också,
767 983 27 21 då
812 983 79 21 tanken
908 982 28 27 på
955 983 31 20 ett
1001 983 53 26 nytt,

229 1009 66 22 finskt
309 1011 165 26 normallyceum
488 1012 98 26 uppstod,
603 1012 40 21 den
659 1012 108 21 allmänna
782 1011 120 27 meningen:
919 1017 48 14 man
977 1011 36 20 vet
1023 1012 32 19 att

230 1038 54 21 först
307 1041 30 19 ett
358 1039 65 21 finskt
446 1040 163 26 normallyceum
631 1040 118 21 inrättades
765 1041 7 20 i
788 1039 138 27 Helsingfors,
946 1040 31 20 att
996 1039 59 21 detta

231 1067 165 27 normallyceum
418 1068 119 21 sedermera
558 1068 119 27 upphäfdes
700 1068 40 22 och
758 1068 54 22 efter
827 1068 69 26 någon
911 1067 32 21 tid
957 1067 98 27 flyttades

228 1094 33 22 till
283 1095 137 27 Tavastehus,
443 1096 39 21 och
504 1098 31 20 att
555 1097 60 21 detta
633 1097 94 21 berodde
743 1097 23 21 af
780 1097 40 21 den
835 1096 107 21 allmänna
956 1097 99 19 omstört-

228 1123 57 27 ning,
308 1130 46 15 som
374 1124 40 21 den
429 1125 57 21 tiden
502 1125 52 27 egde
568 1132 47 14 rum
631 1126 28 26 på
673 1126 113 20 skolornas
800 1124 93 22 område.
923 1124 72 21 Under
1010 1124 45 26 lug-

229 1158 53 15 nare
299 1152 147 22 förhållanden
461 1153 54 21 hade
530 1154 76 21 sådant
621 1154 47 21 icke
683 1154 92 21 kommit
790 1154 7 20 i
811 1153 65 27 fråga.
908 1152 39 22 Om
962 1158 49 15 man
1026 1158 29 15 nu

228 1180 37 21 vill
288 1181 62 21 ställa
372 1182 66 20 saken
460 1182 27 26 på
510 1182 47 21 dess
571 1182 108 27 naturliga
694 1182 140 27 ståndpunkt,
850 1182 24 20 så
888 1181 42 21 kan
945 1187 49 15 man
1007 1181 48 21 icke

228 1210 53 25 göra
303 1211 66 19 annat
389 1212 27 19 än
438 1210 83 27 placera
536 1210 106 22 hvardera
655 1210 186 22 normalskolorna
855 1210 8 20 i
878 1209 177 21 universitetssta-

228 1237 48 21 den.
306 1238 32 20 De
360 1238 78 27 frågor,
454 1245 44 15 som
513 1239 39 21 här
567 1239 63 21 hafva
644 1239 70 21 blifvit
730 1239 102 21 särskildt
848 1238 141 25 diskuterade,
1005 1239 50 19 röra

228 1266 45 20 dels
296 1266 40 21 den
359 1266 91 28 ledning,
474 1273 43 15 som
539 1268 241 26 pedagogieprofessorn
798 1267 40 21 bör
862 1266 56 28 gifva
933 1266 122 21 auskultan-

226 1295 63 20 terna
311 1294 35 21 vid
361 1296 169 26 normallyceum,
547 1296 39 21 och
602 1296 44 21 dels
662 1296 62 22 dessa
739 1296 149 21 auskultanter
903 1294 79 27 sjelfva.
1012 1294 43 21 Det

226 1322 40 21 har
281 1325 63 24 sagts,
361 1325 32 19 att
408 1324 69 27 någon
492 1324 212 22 normalskolelärare
719 1324 72 22 kunde
806 1323 122 22 handhafva
941 1323 40 21 den
991 1323 64 26 peda-

226 1351 90 26 gogiska
340 1352 113 27 ledningen
474 1353 35 21 vid
525 1353 35 21 det
578 1352 69 22 finska
661 1353 158 27 normallyceet.
850 1352 66 21 Detta
930 1353 45 20 tror
987 1352 43 26 jag,
1047 1351 7 21 i

226 1379 69 21 likhet
315 1380 48 21 med
380 1380 26 22 de
421 1381 126 26 föregående
562 1381 88 26 talarne,
667 1388 51 14 vara
734 1381 103 26 omöjligt,
849 1380 27 21 då
886 1380 169 21 normalskolans

226 1407 129 22 öfverlärare
380 1408 63 22 hafva
467 1409 123 27 tillräckligt
615 1409 73 22 arbete
712 1411 54 20 utan
791 1411 32 19 att
845 1408 93 21 belastas
959 1408 94 21 härmed.

226 1436 47 21 Den
296 1437 67 20 andra
381 1439 91 25 utvägen
491 1444 49 15 vore
556 1438 27 21 då
598 1439 33 20 att
646 1438 91 21 anställa
752 1444 27 15 en
795 1437 91 21 särskild
901 1443 75 20 person
992 1437 6 20 i
1015 1436 40 21 Ta-

224 1465 102 21 vastehus
341 1465 33 21 för
390 1466 36 21 det
440 1465 67 22 finska
522 1466 162 27 normallyceets
694 1466 101 27 räkning;
811 1472 48 15 men
870 1465 60 21 detta
939 1471 50 14 vore
999 1464 56 21 dock

224 1492 110 27 verkligen
350 1499 26 15 en
392 1494 40 26 lyx,
450 1494 26 21 då
490 1495 36 21 det
540 1494 67 21 finnes
624 1501 25 14 en
659 1494 228 27 pedagogieprofessor
896 1493 8 21 i
914 1493 138 26 Helsingfors.

224 1520 40 21 Att
279 1521 46 21 åter
340 1521 95 22 anförtro
452 1523 57 21 detta
523 1523 80 26 vigtiga
618 1523 97 27 uppdrag
731 1523 22 21 åt
769 1523 70 26 någon
854 1528 83 21 person,
952 1527 44 15 som
1006 1521 48 21 icke

223 1549 46 22 helt
285 1549 39 22 och
339 1550 67 22 hållet
422 1553 61 25 egnat
499 1552 31 26 sig
545 1552 22 21 åt
582 1552 155 26 vetenskapligt
753 1551 145 27 pedagogiska
908 1549 86 27 studier,
1005 1549 49 22 med
