1120 1756
371 136 16 18 R.
400 141 14 14 0.
427 136 16 18 A.
457 136 46 19 1886.
528 136 9 18 5
550 136 45 18 Febr.
838 137 40 21 197

83 212 40 20 gen
147 206 31 25 de,
195 212 44 14 som
261 207 55 19 mest
338 206 91 26 bidraga
451 206 33 20 till
507 205 171 26 subtraktionen,
702 205 67 26 skola,
792 205 28 21 dä
841 205 20 21 vi
883 204 22 22 få

83 234 134 27 protokollen
232 234 34 21 för
280 234 73 27 hvarje
368 234 68 22 vecka
450 234 93 27 tryckta,
554 234 76 21 ledsna
640 235 33 20 att
683 240 22 15 se
717 234 46 21 sina
773 240 64 16 namn
847 235 58 20 stän-

84 262 45 28 digt
144 262 45 22 äter
204 262 144 28 uppräknade.
371 263 43 21 För
428 264 80 24 resten,
523 262 37 22 vill
574 269 51 15 man
641 262 125 27 allvarligen
777 263 85 22 komma
871 261 33 22 till

84 298 26 14 en
124 292 99 27 personal
238 292 119 26 utredning,
373 291 24 21 sä
411 297 39 21 ger
462 292 164 20 subtraktionen
640 291 85 27 mycket
740 291 81 28 hastigt
829 293 31 20 ett
867 297 38 21 po-

85 320 58 22 sitivt
163 320 97 22 resultat.
282 332 28 2 —
324 320 63 21 Hvad
410 320 100 27 slutligen
532 320 133 21 vidkommer
690 320 25 20 de
731 319 39 22 här
784 327 29 15 nu
827 320 78 21 väckta

84 348 113 28 förslagen,
213 348 64 21 hafva
291 348 26 22 de
332 348 70 21 blifvit
417 348 24 22 sä
456 348 136 27 fullständigt
607 348 103 26 bemötta,
727 350 32 19 att
764 348 37 28 jag
810 349 46 21 icke
867 348 37 21 be-

84 377 74 22 höfver
180 377 73 21 vidare
275 378 72 20 derom
369 378 64 26 yttra,
450 379 28 19 än
496 384 38 17 om
550 377 26 21 hr
591 377 165 27 Pippingskölds
770 377 86 27 förslag,
872 378 32 20 att

85 406 36 21 det
135 406 61 21 torde
211 405 21 21 fä
247 406 110 21 betraktas
372 406 70 21 säsom
457 406 136 26 fullständigt
613 406 121 26 opraktiskt
749 406 27 26 pä
791 406 53 26 skäl,
859 411 45 15 som

84 435 67 21 redan
165 434 124 26 framstälts,
305 434 39 22 och
360 440 33 15 om
408 434 49 21 frih.
473 434 100 23 Palm6ns
590 434 89 27 förslag,
695 436 32 19 att
742 434 90 27 mången
847 435 58 20 vote-

85 464 47 26 ring
147 464 6 20 i
169 469 26 15 en
209 463 164 27 bagatell-fräga
389 465 24 19 är
428 463 24 21 af
465 464 83 21 mindre
563 464 91 21 intresse
671 465 26 19 än
705 463 147 22 kännedomen
863 469 40 18 om,

85 492 73 21 hvilka
172 497 102 21 personer
288 492 47 21 med
351 493 37 20 sitt
403 494 58 25 tysta
477 493 52 20 eller
543 492 91 27 ljudliga
647 493 73 20 votum
733 492 92 27 bidragit
835 491 34 21 till
879 497 26 14 en

86 521 66 26 vigtig
173 520 72 27 frägas
260 521 114 26 afgörande
397 523 51 18 utan
465 521 138 26 omröstning.
633 521 44 20 Det
691 521 40 20 har
745 521 56 21 varit
816 520 33 21 för
863 519 42 27 mig

85 549 64 26 klart,
172 551 31 19 att
227 549 58 21 detta
307 549 79 27 förslag
402 549 68 22 skulle
486 550 68 21 väcka
572 549 64 27 ovilja
650 549 29 27 pä
693 549 77 27 många
784 549 51 21 håll.
864 549 41 25 Jag

86 577 39 22 har
141 577 117 22 emellertid
273 578 55 27 gjort
343 578 36 21 det
394 578 24 21 sä
433 578 48 21 litet
496 579 33 20 till
545 585 26 14 en
586 578 161 26 ambitionssak,
764 580 32 19 att
803 578 37 27 jag
849 577 57 22 varit

86 606 41 21 den
142 606 66 21 förste
223 607 7 20 i
245 607 25 20 R.
286 606 32 27 U.,
334 613 45 14 som
395 607 57 20 velat
467 607 59 26 gifva
540 607 37 21 det
592 607 41 20 den
647 607 137 21 modifierade
799 607 54 21 form
870 605 35 22 det

86 641 29 14 nu
131 635 44 26 har,
192 635 39 21 och
246 641 49 15 vore
311 635 35 22 det
361 636 83 26 möjligt
460 637 32 20 att
508 636 39 21 här
563 635 190 26 öfverenskomma,
769 637 32 20 att
815 635 34 21 för
862 634 43 21 för-

87 663 78 27 slagets
188 664 119 26 antagande
328 664 46 21 icke
398 664 61 21 enkel
482 666 53 19 utan
550 670 26 15 en
591 663 106 22 förstärkt
711 664 116 27 pluralitet,
842 665 15 20 t.
873 669 33 15 ex.

86 692 37 21 tvä
137 692 128 27 tredjedelar
287 692 22 21 af
330 693 92 26 ständet,
441 693 69 21 skulle
526 693 115 23 erfordras,
657 692 24 22 sä
696 699 50 15 vore
759 693 37 27 jag
810 693 41 20 den
864 691 43 22 för-

87 723 32 18 ste
143 722 30 19 att
195 721 114 21 medverka
330 721 33 21 till
386 728 26 14 en
434 721 68 22 sådan
524 722 145 26 bestämning;
689 721 24 21 sä
727 721 47 21 litet
788 721 68 21 skulle
869 720 38 27 jag

88 749 49 26 vilja
159 749 74 21 utöfva
255 751 30 20 ett
300 749 64 27 tväng
386 750 28 27 pä
429 750 42 21 den
494 757 38 14 ene
548 750 52 21 eller
619 750 66 21 andre
701 750 23 21 af
738 749 95 22 ständets
847 749 60 21 med-

87 777 94 22 lemmar.
208 791 20 2 —
247 778 65 21 Detta
334 778 80 27 förslag
437 781 24 18 är
477 779 86 21 frukten
578 778 23 21 af
619 785 26 15 en
660 779 92 26 mognad
767 777 139 28 öfvertygelse

88 812 34 15 om
144 808 32 19 att
191 806 24 21 sä
237 806 45 26 förr
304 807 51 21 eller
371 813 74 15 senare
465 807 69 22 mäste
550 807 43 22 ske.
624 808 41 25 Jag
681 809 24 19 är
719 807 46 21 icke
780 805 127 23 oförberedd

87 834 28 27 pä
137 836 32 20 att
190 835 102 27 förslaget
313 842 28 14 nu
364 835 68 22 faller.
463 837 41 26 Jag
528 836 40 21 har
584 842 26 15 en
633 836 42 27 god
694 837 55 20 tröst
764 835 44 22 deri
825 836 32 20 att
871 835 36 20 det

88 863 54 22 dock
157 864 61 21 torde
234 864 73 21 verkat
323 865 65 26 något
403 865 39 20 och
458 867 33 18 att
506 865 36 21 det
558 865 55 21 skall
628 865 53 20 falla
691 864 93 27 framåt.
808 864 42 21 Det
860 862 47 22 blif-

88 898 37 15 ver
141 898 25 15 en
182 893 41 26 dag
239 898 25 15 en
279 893 163 27 nödvändighet.

157 921 34 20 Då
206 921 58 21 såväl
279 921 26 21 hr
320 921 164 28 Pippingskölds
500 928 44 15 som
560 922 49 21 frih.
625 922 99 21 Palmens
739 921 80 26 förslag
834 920 75 21 vunnit

89 949 122 26 understöd,
227 949 123 22 framstälde
365 951 25 20 hr
405 951 199 21 landtmarskalken
620 950 93 27 följande
729 950 140 27 proposition:

157 978 36 21 vill
208 978 25 21 R.
249 985 18 14 o.
283 979 24 20 A.
329 979 113 26 godkänna
457 979 26 21 R.
499 979 37 21 U:s
556 979 140 21 förevarande
712 978 133 22 betänkande
860 977 48 22 med

90 1007 52 20 eller
163 1009 52 18 utan
238 1007 25 20 de
279 1007 22 21 af
321 1007 49 21 frih.
392 1007 90 22 Palmén
505 1008 53 21 eller
578 1008 26 21 hr
624 1007 152 28 Pippingsköld
792 1007 44 21 deri
851 1006 58 21 före-

93 1035 74 27 slagna
181 1035 155 26 amendement
328 1031 12 35 ;

157 1064 74 21 vinner
253 1064 40 27 nej,
316 1064 96 21 förfaller
434 1065 76 26 hvarje
533 1065 76 26 åtgärd
631 1065 49 21 med
696 1065 113 26 anledning
824 1063 23 22 af
860 1063 49 21 frih.

89 1098 41 15 von
145 1092 68 21 Borns
227 1093 88 26 förslag.

155 1121 31 20 På
201 1121 94 27 begäran
310 1122 108 21 anstäldes
434 1122 72 21 sluten
522 1122 137 27 omröstning,
677 1122 39 21 och
731 1123 51 20 enär
797 1121 69 21 denna
876 1122 33 19 ut-

89 1149 38 20 föll
149 1150 48 20 med
214 1150 26 21 33
253 1150 23 27 ja
291 1151 38 20 och
346 1151 26 20 36
387 1151 41 26 nej,
452 1150 56 21 hade
524 1151 86 20 ståndet
625 1151 94 20 beslutat
734 1149 44 22 låta
792 1150 29 21 all
836 1150 73 20 vidare

89 1177 76 27 åtgärd
179 1179 49 20 med
243 1179 113 26 anledning
371 1179 22 20 af
407 1179 37 21 det
459 1179 79 21 väckta
553 1179 103 27 förslaget
671 1179 91 21 förfalla.

157 1206 32 21 Hr
212 1207 180 27 Montgomery
416 1207 74 22 anhöll
512 1209 33 20 att
559 1207 22 22 få
599 1208 33 21 till
654 1207 129 28 protokollet
797 1207 112 24 anteckna,

90 1234 36 21 det
141 1234 42 22 han
198 1235 46 21 icke
260 1236 88 27 deltagit
366 1236 3 21 i
384 1237 168 26 omröstningen.

158 1264 31 20 Hr
212 1264 234 27 Standertskjöld,
471 1265 27 21 K.
514 1265 19 21 J.
549 1265 32 26 R.,
606 1265 93 21 anmälte
722 1266 32 19 att
768 1263 90 22 emedan
873 1269 38 15 an-

91 1291 114 22 ställandet
215 1293 23 20 af
244 1293 160 27 ifrågavarande
415 1300 92 20 upprop,
518 1294 72 21 derest
600 1294 25 21 R.
639 1293 38 21 U:s
688 1293 133 22 betänkande
831 1293 7 20 i
849 1294 62 19 ären-

90 1321 36 20 det
141 1321 23 20 af
177 1321 85 21 ståndet
277 1322 111 26 godkänts,
404 1322 63 25 hade,
483 1323 7 20 i
505 1322 67 21 likhet
587 1322 49 21 med
651 1322 57 21 hvad
722 1321 77 22 hittills
806 1321 35 21 vid
851 1321 59 20 inne-

90 1350 92 21 varande
205 1349 102 28 landtdag
328 1351 56 20 varit
406 1351 69 25 fallet,
492 1350 70 27 ålegat
580 1351 79 20 honom
674 1351 7 20 i
697 1351 53 21 hans
765 1349 106 28 egenskap
888 1348 24 21 af

90 1377 209 28 riddarhuskanslist,
322 1379 42 20 han
380 1379 22 21 af
416 1379 69 21 sådan
500 1379 64 21 orsak
579 1381 71 19 ansett
666 1379 31 27 sig
712 1379 46 21 icke
774 1379 53 20 böra
847 1379 7 20 i
870 1378 41 21 den

90 1413 28 14 nu
134 1406 105 21 afslutade
255 1408 157 26 omröstningen
427 1407 95 27 deltaga.

158 1521 10 20 I
190 1521 153 26 ordningsföljd
365 1521 114 26 föredrogs
501 1521 95 21 härefter
618 1521 26 20 hr
666 1521 161 26 Björkenheims
849 1519 64 21 bord-

89 1549 64 26 lagda
167 1549 211 26 petitionsmemorial
394 1555 34 15 om
445 1549 107 22 särskilda
568 1549 130 27 ändringar
688 1545 10 35 i
709 1549 158 26 lagstiftningen
877 1549 36 20 rö-
