1117 1773
255 126 41 23 188
514 126 17 19 R.
543 131 15 14 0.
572 127 16 18 A.
601 126 47 20 1886.
683 126 11 19 2
706 126 45 19 Fobr.

225 201 60 16 mera
303 195 58 21 delas
376 194 23 22 af
411 195 42 22 alla
468 194 183 23 samhällsklasser
666 195 8 22 i
688 195 49 21 vårt
751 195 56 24 land,
823 194 40 22 och
878 195 39 26 att,
932 194 55 21 huru
995 193 61 23 olika

225 223 108 27 åsigterna
347 223 8 21 i
369 223 64 28 öfrigt
448 225 27 20 än
489 223 73 22 kunna
576 229 53 16 vara
643 229 35 16 om
692 223 57 22 hvad
763 223 84 22 landets
861 223 35 22 väl
910 223 90 25 fordrar,
1016 223 38 22 det

225 251 48 22 icke
291 251 64 22 råder
368 258 45 15 mer
428 253 28 20 än
471 258 26 16 en
511 252 87 27 mening
612 258 35 16 om
662 252 186 27 nödvändigheten
862 251 24 23 af
899 251 68 22 denna
981 251 75 27 frågas:

227 286 64 16 snara
305 279 88 28 lösning.

313 308 14 21 å
341 309 68 26 grund
424 308 67 27 häraf,
508 309 40 21 och
562 309 119 22 förvissade
696 315 35 15 om
746 311 33 20 att
793 309 70 22 denna
877 308 34 22 för
920 307 132 22 framåtskri-

226 337 80 21 dandet
327 337 185 27 magtpåliggande
535 337 156 28 angelägenhet
712 337 56 22 skall
781 337 58 22 finna
854 339 32 20 ett
899 337 89 26 manligt
1002 335 51 22 stöd

225 365 41 21 hos
288 365 73 27 hvarje
383 365 175 27 fosterlandsvän,
580 366 64 21 hafva
663 366 173 22 undertecknade
854 367 55 20 trott
923 365 32 27 sig
973 365 79 26 kunna,

226 395 53 20 utan
293 393 159 28 framläggande
466 395 23 20 af
501 394 74 22 vidare
590 394 53 25 skäl,
658 394 34 22 för
706 394 121 28 Höglofliga
840 394 25 22 R.
877 401 19 15 o.
908 393 25 22 A.
943 394 110 21 vördsamt

226 422 79 22 föreslå
319 429 26 15 en
359 423 132 27 underdånig
504 423 84 27 petiton
604 423 80 27 derom,

399 453 31 19 att
444 451 30 21 H.
486 451 29 21 K.
526 451 42 21 M:t
579 451 81 22 täcktes
666 451 119 28 förelägga
795 451 86 21 landets
892 452 161 19 nästsamman-

331 479 107 22 trädande
454 479 94 22 Ständer
560 481 140 26 proposition
716 487 33 14 om
765 487 26 14 en
806 480 37 27 lag
859 478 111 29 angående
981 477 72 29 tryck-

325 508 104 27 friheten.

296 536 132 27 Helsingfors
443 537 41 21 den
498 537 13 21 2
526 537 104 22 Februari
647 537 62 22 1885.

297 565 29 20 K.
342 565 79 21 Antell.
725 565 26 21 T.
766 565 23 21 J.
804 564 106 28 Aminoff.

302 593 23 20 V.
341 593 30 21 M.
387 600 39 15 von
442 593 68 22 Born.
722 594 55 21 Ivar
791 593 90 22 Ekbom.

297 622 26 20 A.
344 621 30 21 W.
390 621 131 29 Lagerborg.
723 621 86 28 Gustaf
819 621 170 28 Langenskiöld.

297 650 28 21 N.
341 649 30 22 K.
386 650 169 22 Nordenskiöld.
721 651 50 21 Elis
786 650 137 27 Furuhjelm.

296 678 31 21 M.
348 679 30 21 W.
393 679 31 27 af
434 679 108 21 Schulten.
720 679 27 21 F.
764 679 126 27 Stjernvall.

295 707 28 21 RB.
337 708 28 20 A.
386 707 80 22 Wrede.
719 708 23 20 J.
757 707 170 28 Pippingsköld.

227 737 56 20 samt
297 736 82 22 tillade:
409 736 34 22 En
458 736 103 22 äterblick
575 736 29 27 pä
618 736 43 22 alla
676 736 26 22 de
717 736 80 22 skeden
811 736 75 27 frägan
901 741 35 16 om
946 742 26 15 en
982 735 71 27 tryck-

226 764 112 28 frihetslag
352 764 33 22 för
399 764 91 22 Finland
504 765 125 27 genomgätt
642 765 69 21 under
721 765 27 21 de
758 767 84 20 senaste
852 764 145 26 decennierna,
1008 764 43 22 kan

225 792 49 22 icke
295 792 40 22 här
356 799 52 15 vara
426 793 24 22 af
466 794 75 21 nöden.
572 793 41 27 Jag
628 793 78 22 önskar
721 793 40 21 här
776 793 71 22 derför
862 793 75 22 endast
951 792 22 22 få
986 792 65 22 fram-

225 821 60 21 hålla
306 823 33 20 att
357 823 31 20 ett
402 822 68 27 dylikt
484 822 86 27 förslag,
585 822 65 22 väckt
664 822 58 22 inom
737 823 32 21 ett
783 823 66 21 annat
863 822 63 21 stånd
940 821 36 21 vid
991 827 60 15 sena-

226 850 33 21 ste
282 850 108 27 landtdag,
413 850 54 22 efter
487 850 117 28 beredning
618 850 8 22 i
640 850 148 28 lagutskottet,
803 850 46 22 blef
862 850 23 22 af
897 850 25 22 R.
939 856 19 15 o.
973 850 25 21 A.
1014 855 36 16 en-

225 878 83 27 hälligt,
331 880 52 20 utan
397 878 125 28 diskussion,
538 880 94 26 antaget.
661 879 43 22 Det
718 879 63 22 torde
795 878 62 23 äfven
871 885 52 16 vara
937 878 67 22 kändt
1018 879 34 21 att

225 907 203 28 petitionsförslaget
443 908 121 21 sedermera
577 914 56 15 vann
648 909 99 20 senatens
761 908 123 21 understöd.
914 907 43 22 Det
971 913 38 15 var
1019 907 33 22 sä-

225 935 60 22 ledes
299 935 90 28 kraftigt
403 936 152 22 samverkande
568 936 108 27 impulser,
687 942 47 16 som
744 937 28 21 dä
781 936 83 28 tycktes
873 935 100 22 befordra
982 935 70 22 denna

225 963 82 28 vigtiga
325 963 154 29 angelägenhet
499 965 33 21 till
552 971 26 15 en
593 971 88 21 gynsam
696 965 86 27 utgäng.
811 964 41 22 Att
865 964 108 27 utgängen
988 963 64 22 emel-

225 992 65 21 lertid
305 992 45 22 blef
363 999 26 16 en
404 999 76 20 annan,
494 993 43 22 kan
551 993 65 22 hafva
630 993 72 22 berott
717 993 72 28 derpä,
805 995 33 20 att
852 993 36 22 vid
903 993 70 21 denna
981 991 72 28 frägas

225 1021 125 27 ytterligare
372 1021 116 28 beredning
509 1021 39 22 hos
563 1021 91 28 landets,
674 1024 60 19 utom
751 1023 89 20 senaten
855 1021 88 22 stående
958 1020 94 22 auktori-

225 1050 64 26 teter,
312 1055 27 16 en
362 1050 66 21 sädan
443 1049 135 28 uppfattning
593 1050 122 27 antagligen
729 1051 70 21 mäste
813 1049 64 22 hafva
890 1049 59 28 gjort
962 1049 32 27 sig
1008 1049 44 27 gäl-

224 1077 65 22 lande
311 1079 33 20 att
365 1079 154 27 medborgarne
540 1079 8 21 i
570 1079 61 21 detta
650 1079 51 21 land
720 1079 48 22 icke
782 1081 57 20 ännu
853 1085 52 15 vore
919 1083 78 22 mogna
1011 1077 41 27 för,

226 1105 53 22 eller
300 1107 88 26 värdiga
410 1113 26 16 en
459 1107 88 26 förmån,
568 1113 46 16 som
631 1107 7 21 i
652 1109 78 20 nästan
744 1107 43 22 alla
801 1107 68 22 andra
883 1106 147 22 kulturländer
1044 1106 8 21 i

225 1134 88 27 Europa
337 1135 66 22 redan
416 1135 62 28 länge
492 1135 56 22 varit
563 1135 81 22 erkänd
659 1136 40 21 och
714 1135 126 28 medgifven.
870 1135 43 22 Det
927 1137 24 19 är
965 1136 46 20 mot
1025 1140 27 16 en

225 1162 67 22 sädan
315 1163 137 28 uppfattning
472 1164 36 21 det
522 1164 131 21 tillkommer
667 1164 197 27 representationen
879 1165 33 20 att
926 1163 85 27 inlägga
1024 1169 28 16 en

225 1191 52 27 lojal
299 1198 99 21 gensaga,
421 1193 40 21 och
477 1192 36 21 det
531 1193 63 21 torde
613 1192 72 22 derför
699 1192 22 22 få
735 1194 89 25 antagas
839 1194 33 20 att
886 1192 115 21 ständerna
1014 1197 37 22 nu,

225 1219 46 22 lika
285 1220 48 21 litet
347 1227 46 15 som
408 1221 111 25 tillförene,
535 1221 61 21 skola
610 1221 113 22 underläta
737 1223 33 20 att
782 1221 75 22 förena
866 1221 33 27 sig
908 1226 35 16 om
953 1226 26 16 en
988 1219 64 22 fram-

225 1248 102 27 ställning
351 1249 40 22 hos
410 1249 26 22 H.
452 1249 26 22 K.
494 1249 46 26 M:t,
559 1249 112 27 angäende
683 1249 84 22 landets
782 1249 130 27 önskningar
926 1249 8 20 i
949 1249 59 21 detta
1022 1248 30 22 af-

225 1277 84 26 seende,
333 1277 40 22 och
394 1278 62 22 torde
477 1284 29 15 nu
524 1278 42 22 den
580 1277 143 29 förhoppning
737 1278 23 22 fä
773 1278 87 26 uttalas,
875 1279 33 20 att
923 1277 26 22 de
963 1277 39 21 hos
1018 1282 34 16 oss

224 1306 75 26 tyvärr
313 1306 146 22 traditionella
472 1306 200 28 betänkligheterna
686 1312 35 16 om
736 1313 27 16 en
777 1306 173 28 tryckfrihetslag
964 1305 33 22 för
1008 1305 45 22 lan-

225 1333 44 27 det,
284 1333 100 28 slutligen
399 1335 70 22 denna
482 1335 56 27 gäng
552 1335 29 27 pä
595 1335 44 22 alla
652 1335 45 22 häll
711 1335 62 22 skola
787 1335 141 22 öfvervinnas.

295 1362 32 22 På
341 1362 26 22 hr
382 1363 205 22 landtmarskalkens
602 1363 156 28 framställning
773 1363 69 22 beslöt
856 1363 86 22 ståndet
952 1362 102 27 enhälligt

225 1391 34 20 att
273 1392 52 20 utan
340 1391 127 27 föregående
481 1392 156 27 bordläggning
651 1392 111 22 remittera
771 1392 61 22 detta
841 1390 213 30 petitionsmemorial

224 1418 35 21 till
274 1418 146 28 lagutskottet.

295 1481 90 22 Plenum
400 1482 53 22 slöts
466 1482 28 22 kl.
511 1483 28 27 1/,
554 1484 14 21 8
583 1489 18 15 e.
616 1489 28 15 m.

836 1510 25 18 In
872 1509 67 19 fidem:

800 1538 22 23 J.
838 1538 27 22 F.
880 1537 104 28 Aminoff.
