1114 1761
377 133 16 18 R.
406 137 15 14 0.
434 132 15 19 A.
462 132 45 19 1885.
533 131 16 19 17
563 131 34 19 Jan.
844 133 27 21 25

74 201 130 26 nödvändigt
227 200 60 21 skola
309 201 124 26 hänskjutas
455 200 32 21 till
501 201 26 20 R.
543 200 25 22 U.
588 199 33 22 för
635 199 154 22 förberedande
804 200 104 28 behand-,

73 230 50 26 ling.
154 229 75 22 Såvidt
249 229 37 26 jag
307 228 74 27 funnit,
398 229 38 21 har
458 229 63 26 ingen
539 228 110 27 föreslagit
665 229 69 26 någon
749 229 88 27 ändring
852 229 6 20 i
873 229 24 20 R.

75 258 32 25 O.;
130 257 101 27 förslaget
246 257 66 26 gäller
327 259 31 19 ett
373 257 73 27 tillägg
460 257 33 21 till
518 257 9 22 R
549 263 18 16 o.
585 257 36 21 A:s
637 257 181 27 ordningsstadga.
849 257 51 21 Man

74 286 40 22 har
136 286 73 22 dervid
228 285 98 21 anmärkt
341 287 32 19 att
388 286 59 20 detta
462 285 74 27 tillägg
551 285 46 21 icke
612 285 82 26 lämpar
708 285 31 27 sig
755 288 32 18 att
801 285 77 22 införas
893 285 7 21 i

76 314 197 28 ordningsstadgan,
296 314 88 21 emedan
399 315 36 20 det
451 315 23 20 är
489 314 22 21 af
525 314 40 21 den
581 315 40 25 art,
637 315 32 19 att
685 313 36 21 det
735 314 39 20 bör
789 314 48 26 ingä
852 314 7 21 i
874 314 25 21 R.

77 342 31 27 0.,
132 350 34 15 om
189 342 148 27 nägonstädes.
367 342 40 26 Jag
429 348 62 16 anser
507 342 71 22 derför
592 342 54 21 intet
661 341 77 22 hinder
752 342 101 27 föreligga
868 342 32 21 för

75 371 59 22 bifall
155 371 34 22 till
211 371 48 21 mitt
273 370 95 28 yrkande
383 372 32 20 att
429 370 101 28 förslaget
545 370 46 22 icke
607 371 66 21 mätte
688 370 119 22 remitteras
821 370 33 22 till
869 372 32 20 ut-

76 400 64 26 skott,
155 402 52 19 utan
223 399 80 21 lemnas
319 401 50 19 utan
385 399 102 22 afseende.

145 433 58 22 Frih.
228 439 39 15 von
292 433 75 21 Born:
393 433 40 27 Jag
460 433 94 22 hvarken
577 433 42 21 kan
635 433 51 21 eller
701 433 34 20 vill
751 433 60 25 neka,
827 435 32 19 att
875 433 25 20 de

77 462 22 22 af
128 462 45 21 frih.
199 461 78 22 Wrede
302 461 39 22 och
367 462 65 25 några
457 462 66 21 andra
545 463 68 20 talare
638 461 93 28 antydda
750 461 96 22 formella
866 461 35 21 be-

77 490 142 27 tänkligheter
237 490 6 21 i
260 489 96 22 afseende
385 491 13 20 &
413 492 65 19 sättet
503 492 32 19 att
560 490 75 27 bringa
664 490 59 21 detta
759 490 77 26 förslag
868 489 32 21 till

78 519 159 26 verkställighet
259 520 36 19 äro
307 519 79 26 ganska
410 519 115 26 grundade,
535 525 33 14 om
577 519 65 20 ocksä
649 518 101 27 förslaget
763 519 32 20 till
819 518 81 21 formen

78 547 38 21 bra
139 553 40 21 nog
199 547 69 21 liknar
283 547 26 21 de
325 547 136 26 stadganden,
477 553 45 15 som
538 547 49 27 ingä
601 547 7 21 i
625 547 39 21 den
679 547 98 26 gällande
793 547 107 26 ordnings-

78 576 95 25 stadgan.
204 575 40 21 Om
267 575 63 21 också
352 575 100 26 förslaget
474 575 46 22 icke
543 577 44 19 står
602 575 7 21 i
625 575 70 21 direkt
709 576 53 20 strid
778 576 47 20 med
841 575 60 21 orda-

77 603 94 28 lydelsen
196 606 5 18 i
217 604 24 20 R.
259 604 31 25 O.,
307 604 24 20 så
349 603 104 22 erkänner
465 604 37 27 jag
517 606 32 19 att
565 604 36 21 det
615 603 106 22 måhända
736 604 91 27 ingriper
843 604 6 20 i
865 609 36 15 an-

79 632 40 21 dan
142 632 22 22 af
185 632 68 22 denna
268 632 25 21 R.
317 632 24 21 O.
361 632 41 26 Jag
416 633 41 20 kan
471 632 82 22 således
569 632 33 21 för
617 632 42 21 min
675 632 34 21 del
724 632 39 22 alls
777 632 46 22 icke
837 632 64 21 hafva

78 661 69 26 någon
169 660 113 27 anledning
305 663 32 19 att
361 662 102 20 motsätta
485 661 48 27 mig,
557 663 32 19 att
606 661 24 20 R.
646 660 26 22 U.
689 660 66 22 skulle
770 663 49 25 taga
834 660 67 22 under

79 689 88 21 särskild
193 689 133 27 ompröfning
349 689 67 21 denna
441 689 78 27 vigtiga
534 689 163 26 omständighet.
727 689 40 27 Jag
781 689 40 21 har
835 689 66 21 redan

79 717 6 21 i
101 718 37 26 gär
160 718 75 26 antydt
259 719 32 19 att
316 724 25 14 en
357 717 96 27 pröfning
468 718 6 20 i
490 718 23 20 R.
530 717 26 22 U.
573 718 23 20 sä
611 717 54 21 väli
681 718 80 26 princip
776 724 45 15 som
837 716 63 26 detalj

79 745 68 22 blefve
171 746 125 26 nödvändig.
327 746 33 21 Dä
385 752 28 14 nu
436 746 117 21 emellertid
575 746 106 26 förslaget,
705 747 23 20 sä
752 746 44 20 vidt
809 746 36 26 jag
859 745 43 21 kan

79 773 62 24 finna,
164 774 39 21 har
225 774 68 21 blifvit
317 774 80 27 ganska
421 774 102 27 välvilligt
545 774 84 22 bemött
643 775 27 26 pä
685 774 50 21 flere
749 774 49 26 håll,
814 775 23 20 sä
853 779 49 21 eger

77 802 42 27 jag,
136 804 69 20 såsom
227 802 37 27 jag
287 804 64 25 vågar
372 805 40 24 tro,
428 803 95 27 grundad
538 802 142 28 förhoppning
695 804 32 20 att
741 802 73 22 remiss
829 802 31 21 till
876 802 24 20 R.

79 830 24 22 U.
121 831 53 21 skall
190 831 93 27 beviljas.
307 831 40 27 Jag
362 832 80 26 hoppas
458 831 75 27 tillika,
549 834 32 18 att
597 832 40 20 den
653 831 134 27 behandling,
803 830 48 21 mitt
861 830 41 21 för-

80 859 45 26 slag
150 860 37 21 der
212 859 95 21 kommer
332 862 31 18 att
387 860 100 26 undergå,
511 860 53 21 skall
581 866 50 15 vara
646 859 69 27 egnad
730 862 31 18 att
776 860 85 25 skingra
877 858 26 21 de

80 888 75 26 många
178 887 145 22 missförstånd
346 888 38 21 och
407 888 128 27 bekymmer,
551 894 46 15 som
614 888 35 21 det
665 887 72 28 tyckes
752 887 62 22 hafva
829 887 72 25 väckt;

79 915 38 21 och
133 916 53 21 skall
199 915 44 27 jag,
259 916 27 21 då
302 916 68 21 denna
386 917 40 25 dag
441 919 24 18 är
480 916 74 21 afsedd
569 916 32 21 för
617 916 136 26 ceremonier,
769 916 46 21 icke
831 915 71 22 vidare

77 946 94 25 upptaga
196 945 95 20 ståndets
316 945 30 20 tid
369 945 47 21 med
431 947 32 19 att
478 945 6 20 i
501 945 62 26 detalj
581 945 126 26 vederlägga
723 945 26 20 de
765 945 76 21 inkast,
857 949 46 16 som

79 971 22 22 af
114 979 25 15 en
155 973 52 21 eller
222 979 68 15 annan
307 973 81 22 enskild
403 973 66 21 talare
484 973 69 21 blifvit
568 973 79 27 gjorda.

147 1007 49 21 Med
221 1007 111 27 anledning
357 1007 23 22 af
393 1007 40 21 den
458 1007 148 27 försiggångna
622 1007 145 21 diskussionen
781 1005 122 23 framstälde

77 1034 26 21 hr
121 1035 194 22 landtmarskalken
338 1035 32 21 till
389 1035 96 22 ståndets
500 1035 131 22 besvarande
647 1035 91 27 följande
753 1035 150 26 omröstnings-

78 1063 137 27 proposition:

146 1098 46 21 Den
209 1104 45 15 som
277 1098 35 21 vill
336 1098 31 21 till
397 1098 24 21 R.
451 1098 26 21 U.
508 1098 109 21 remittera
647 1098 46 21 frih.
725 1104 39 15 von
779 1098 68 21 Borns
862 1096 42 22 för-

78 1125 45 26 slag
141 1132 33 15 om
190 1126 74 27 tillägg
279 1127 32 20 till
327 1127 23 21 R.
367 1133 18 15 o.
403 1127 36 21 A:s
455 1127 183 26 ordningsstadga,
654 1129 70 19 röstar
737 1127 31 26 ja;

145 1160 80 21 Vinner
241 1161 39 27 nej,
296 1161 93 21 förfaller
404 1161 46 21 frih,
467 1167 40 15 von
523 1161 68 21 Borns
606 1160 85 27 förslag.

145 1194 94 21 Emedan
263 1195 68 21 denna
354 1195 273 27 omröstningsproposition
643 1195 22 21 af
679 1195 84 21 ståndet
778 1193 125 22 besvarades

79 1222 47 21 med
149 1222 152 27 öfvervägande
318 1224 29 26 ja,
371 1224 54 20 hade
447 1224 86 21 ståndet
558 1223 93 21 beslutat
683 1223 31 21 till
743 1223 39 21 den
810 1221 22 22 af
857 1221 46 21 frih.

77 1256 42 44 Ton
127 1250 72 50 an
235 1252 73 26 gjorda
332 1252 191 26 framställningens
546 1258 34 15 om
598 1252 139 27 pleniupprop
756 1250 149 22 remitterande

88 1285 6 15 ill
146 1296 4 4 R.
187 1296 4 3 U.

142 1324 88 22 Plenum
246 1324 73 23 afslöts
334 1326 27 21 kl.
379 1327 27 26 1/,
421 1326 12 21 2
450 1332 17 15 e.
484 1332 26 15 m.

686 1370 23 18 In
721 1370 68 18 fidem:

651 1400 22 20 J.
692 1400 23 20 F.
733 1398 101 27 Aminoff.
