1120 1770
218 133 43 22 234
496 133 17 18 R.
525 137 16 14 oc
553 132 17 19 A.
581 132 47 19 1886.
653 132 10 19 9
676 132 45 19 Fehr.

190 207 37 17 om
247 201 91 22 stånden
353 207 29 15 nu
402 201 67 22 hafva
482 201 8 21 i
505 201 32 21 sin
551 201 59 21 hand
625 207 26 16 en
670 201 86 26 ritning,
773 202 31 20 ett
818 200 80 26 förslag
913 199 33 21 till
960 201 59 20 stän-

191 231 86 24 derhus,
293 236 45 15 som
354 229 66 22 borde
437 229 158 22 tillfredsställa
610 230 39 21 allt
663 230 64 21 deras
743 229 66 27 begär
823 230 33 19 att
870 228 47 26 lysa
931 227 40 22 och
986 229 34 20 att

192 259 46 21 visa
259 259 33 20 sin
314 257 124 28 myndighet
453 258 8 21 i
477 264 25 15 en
518 257 73 28 ståtlig
612 258 105 27 byggnad,
733 257 25 22 så
773 259 36 20 äro
826 256 115 22 ständerna
955 255 65 22 också

192 293 30 15 nu
236 287 8 21 i
257 286 50 21 fullt
321 286 83 21 tillfälle
420 288 34 19 att
469 286 72 21 erfara
556 287 56 20 hvad
628 293 27 14 en
663 286 67 21 sådan
739 286 111 27 byggning,
866 285 89 26 upprest
966 284 54 21 efter

193 316 64 21 deras
271 315 35 20 vid
320 316 85 19 senaste
420 315 105 26 landtdag
539 315 86 26 yttrade
641 315 88 25 önskan,
746 315 84 20 komme
845 315 33 20 att
893 313 69 20 kosta.

260 343 64 21 Emot
346 343 281 27 ständerhusdelegationen
649 343 64 21 hafva
735 343 106 21 särskilda
856 341 164 26 anmärkningar

193 372 24 21 af
237 372 41 21 den
300 373 54 20 mest
376 372 133 26 graverande
532 373 35 20 art
588 372 70 21 blifvit
673 371 82 27 gjorda,
775 371 45 21 dels
835 371 23 20 af
871 369 66 22 ärade
951 369 69 21 talare

194 400 41 21 här
256 400 7 21 i
279 400 59 21 detta
361 400 40 21 och
422 400 70 21 andra
514 400 64 21 stånd
593 400 40 21 och
655 400 46 21 dels
716 400 23 21 af
753 400 25 21 R.
794 406 18 15 o.
828 400 37 20 A:s
880 399 32 26 sig
927 403 94 16 reserve-

195 429 66 21 rande
283 428 139 22 medlemmar
436 429 8 21 i
459 429 157 26 delegationen.
646 429 50 20 Man
712 429 41 20 har
766 429 55 20 först
836 427 39 21 och
890 427 82 24 främst,
988 425 33 21 så-

195 463 47 15 som
257 457 42 21 den
313 458 55 20 mest
382 457 133 26 graverande
537 457 175 26 anmärkningen,
727 456 117 22 framhållit
859 457 32 19 att
906 454 116 26 delegatio-

195 492 42 15 nen
253 485 135 22 öfverskridit
410 486 33 20 sin
459 485 128 27 befogenhet
602 486 72 20 deruti
693 487 33 19 att
741 485 41 21 den
797 484 94 22 beslutat
906 485 32 19 att
953 483 69 26 bygga

196 516 33 20 ett
250 514 40 21 hus
312 514 33 22 för
360 514 26 21 de
397 514 57 27 fyra
477 514 97 21 stånden.
603 514 41 26 Jag
666 514 117 26 medgifver
805 515 33 19 att
853 510 169 28 delegationen
1011 506 15 39 i

197 542 60 22 detta
279 543 76 25 beslut,
378 548 46 15 som
446 542 78 22 fattats
546 542 49 22 med
612 543 27 21 10
654 544 70 20 röster
745 544 56 19 emot
817 542 19 25 9,
852 540 74 27 begått
941 541 30 20 ett
986 539 35 26 fel,

197 577 49 15 men
261 571 54 21 dock
330 571 76 21 endast
420 572 33 20 ett
467 571 91 21 formfel.
588 571 36 27 Ty,
641 571 68 21 ehuru
725 570 158 27 delegationens
892 568 130 22 instruktion

196 600 124 26 visserligen
335 599 76 21 endast
425 600 58 20 talar
498 606 35 15 om
548 601 32 19 ett
595 600 157 26 ,ständerhus*,
768 599 40 21 och
823 598 66 22 ehuru
905 596 24 22 så
938 596 84 27 mycket

197 628 56 20 hade
269 628 63 20 talats
348 628 68 20 under
431 630 86 19 senaste
532 628 104 26 landtdag
651 634 34 15 om
701 628 55 21 både
770 629 32 19 ett
817 629 43 19 tre-
875 626 39 21 och
925 626 32 20 ett
966 624 56 27 fyra-

197 656 122 26 ståndshus,
335 656 24 21 så
374 656 54 21 hade
444 656 56 22 dock
515 658 77 20 tvenne
607 656 64 22 stånd
685 656 33 22 för
733 656 33 22 sin
781 656 34 21 del
830 654 141 27 uttryckligen
987 652 36 22 be-

198 685 73 25 slutat,
287 686 33 20 att
334 684 63 22 huset
412 685 70 21 skulle
497 685 80 27 byggas
593 685 76 21 endast
683 685 35 21 för
732 687 34 19 tre
780 684 69 25 stånd,
860 696 29 2 —
899 683 59 21 detta
968 680 55 22 dock

198 719 76 21 genom
289 713 128 26 voteringar,
433 720 47 14 som
495 714 83 25 utföllo,
602 714 40 20 den
657 714 7 20 i
679 712 158 28 presteståndet
851 711 48 21 med
915 712 12 20 2
942 711 81 20 rösters

199 742 110 26 pluralitet
324 742 40 20 och
380 742 41 20 den
435 742 7 20 i
457 742 181 26 borgareståndet
652 742 49 21 med
716 748 26 15 en
758 743 55 19 rösts
828 740 116 27 pluralitet.
959 738 65 21 Emot

199 770 148 26 delegationen
368 770 40 21 har
430 770 104 27 derjemte
557 770 65 21 bland
638 772 65 20 annat
718 770 82 21 anförts
815 771 33 19 att
862 769 37 21 det
913 767 75 26 anslag
1002 765 24 22 af

201 799 112 25 1,200,000
327 798 69 26 mark,
412 805 46 15 som
473 799 34 21 för
522 798 122 22 ändamålet
659 799 23 21 af
697 799 54 21 1882
767 798 35 21 års
817 797 88 21 ständer
919 794 104 27 beviljats,

199 833 39 15 var
253 826 101 27 beviljadt
368 827 34 21 för
418 829 31 19 ett
464 827 40 21 hus
527 828 33 20 för
575 828 26 20 de
616 829 33 19 tre
665 827 97 21 stånden.
793 826 44 21 Och
853 826 35 20 det
903 824 45 22 står
962 823 62 21 verk-

200 855 56 27 ligen
279 854 24 22 så
317 856 6 20 i
338 856 127 21 ständernas
488 862 49 15 svar
552 856 27 26 på
594 856 27 21 H.
638 856 25 21 K.
679 856 41 21 M:s
734 853 227 28 anslagsproposition;
976 857 49 15 men

201 889 34 15 om
250 889 49 15 man
321 884 55 21 läser
392 884 174 21 statsutskottets
586 884 135 21 betänkande
736 884 92 20 rörande
843 880 182 27 anslagsproposi-

200 912 79 25 tionen,
295 911 24 22 sä
333 912 56 21 skall
404 919 49 14 man
468 912 58 21 finna
542 914 32 19 att
589 913 67 20 orden
672 913 37 20 der
724 912 60 27 lyda:
800 911 47 26 ,för
862 909 132 27 uppförande
1004 907 24 21 af

201 941 32 20 ett
257 940 127 21 ständerhus
408 941 52 21 eller
486 943 32 19 ett
540 941 40 21 hus
602 941 34 21 för
658 941 26 20 de
700 941 78 21 ofrälse
800 939 90 22 stånden
905 941 121 18 reserveras

203 969 112 26 1,200,000
336 969 79 21 mark".
444 969 42 27 Jag
509 969 39 21 har
564 969 52 27 sjelf,
640 969 71 22 såsom
726 969 95 21 ledamot
835 969 7 20 i
857 965 169 24 statsutskottet,

201 997 56 21 varit
272 997 48 21 med
336 1003 34 16 om
393 997 170 22 formulerandet
577 998 24 21 af
614 998 70 21 denna
699 1000 45 19 sats
759 997 40 21 och
814 997 25 20 de
856 995 89 22 anförda
960 993 67 22 orden

202 1025 118 22 tillkommo
342 1026 47 21 icke
404 1026 24 21 af
440 1033 27 14 en
490 1027 76 26 slump,
582 1028 52 19 utan
649 1026 86 27 tillföljd
755 1025 62 22 deraf
836 1026 33 19 att
890 1023 34 21 vid
939 1022 41 21 den
996 1021 31 21 tid

202 1054 161 21 statsutskottet
378 1056 101 25 uppsatte
495 1055 61 21 detta
571 1055 142 25 betänkande,
729 1061 49 14 man
793 1053 66 22 hörde
875 1051 47 23 från
937 1050 91 21 stånden

201 1082 56 21 talas
272 1083 68 26 precis
356 1083 43 21 lika
414 1083 86 27 mycket
515 1089 35 15 om
565 1085 32 20 ett
618 1083 128 27 fyrastånds,
762 1089 46 14 som
823 1083 32 20 ett
872 1079 155 23 treståndshus.

202 1110 56 26 Men,
281 1111 70 21 såsom
369 1111 66 22 redan
449 1113 79 24 nämts,
544 1112 56 21 läser
615 1118 48 15 man
679 1112 107 25 verkligen
802 1111 32 20 uti
849 1109 125 22 ständernas
990 1112 38 15 un-

202 1139 116 27 derdåniga
340 1146 49 15 svar
412 1141 92 20 rörande
527 1146 81 15 samma
630 1139 219 28 anslagsproposition
870 1137 93 27 följande
979 1135 49 21 ord:

202 1167 77 26 »sedan
301 1168 85 21 ståndet
404 1169 65 27 fattat
484 1169 72 21 beslut
572 1175 34 15 om
622 1169 132 26 uppförande
770 1167 23 22 af
806 1169 31 20 ett
852 1167 40 20 hus
905 1165 34 21 för
954 1165 26 20 de
995 1165 33 19 tre

203 1195 77 22 ofrälse
303 1197 107 21 stånden".
440 1197 64 21 Ännu
527 1197 81 22 känner
628 1197 37 27 jag
687 1197 108 26 verkligen
817 1196 46 21 icke
886 1195 56 20 huru
959 1193 71 21 denna

203 1224 81 21 olikhet
305 1225 140 26 uppkommit.
475 1226 42 26 Jag
538 1232 38 15 var
598 1226 125 26 visserligen
740 1224 140 22 frånvarande
895 1222 49 21 från
959 1221 71 21 landt-

202 1248 75 40 dagen,
293 1253 27 21 då
342 1254 66 21 saken
430 1260 38 14 var
492 1254 46 21 före
561 1255 33 20 till
616 1255 73 26 slutlig
704 1253 128 26 behandling
847 1253 6 20 i
868 1251 96 24 stånden,
980 1254 50 16 men

199 1287 38 20 jag
252 1281 39 21 har
306 1281 46 22 icke
368 1282 51 21 hört
434 1283 98 25 omtalas,
549 1283 39 21 och
604 1283 136 26 protokollen
755 1282 44 21 tala
814 1281 46 21 icke
870 1279 67 22 heller
949 1278 80 23 derom,

202 1311 33 19 att
257 1309 64 27 något
344 1310 54 20 enda
420 1310 23 21 af
463 1311 94 21 stånden
575 1311 68 21 skulle
663 1311 8 20 i
686 1311 70 21 denna
770 1310 68 26 punkt
852 1308 64 22 hafva
931 1306 57 26 gjort
1004 1310 26 15 en

201 1337 125 28 förändring
343 1338 7 21 i
366 1339 174 21 statsutskottets
556 1339 141 21 betänkande.
728 1339 62 21 Huru
805 1337 83 22 således
903 1335 67 21 denna
980 1333 50 33 för-

202 1366 95 22 ändrade
315 1368 45 20 text
374 1367 113 21 inkommit
501 1368 7 20 i
524 1370 78 24 svaret,
611 1367 68 21 måste
695 1373 62 15 anses
771 1367 54 20 höra
840 1366 33 21 till
889 1363 142 31 expeditions-

201 1394 41 21 och
257 1395 239 27 justeringsutskottens
512 1396 147 26 hemligheter,
675 1396 59 25 eller,
750 1395 56 21 hvad
821 1400 46 16 som
882 1395 24 19 är
921 1392 109 25 troligare,

201 1422 34 21 till
257 1424 63 20 deras
334 1436 29 3 —
378 1424 108 21 blunders.
518 1425 50 21 Men
582 1425 8 20 i
604 1424 74 26 hvarje
693 1424 38 21 fall
746 1423 68 21 måste
827 1423 37 26 jag
879 1420 101 22 betrakta
995 1418 36 20 de-

200 1450 132 27 legationens
354 1452 71 21 beslut
446 1453 7 20 i
468 1453 72 21 denna
561 1454 41 25 väg
624 1453 76 21 endast
721 1452 71 21 såsom
807 1453 32 19 ett
853 1449 91 25 formfel,
960 1450 21 24 ty
998 1446 34 20 att

201 1480 157 30 ständerhuset,
382 1487 34 15 om
439 1487 48 15 man
518 1488 27 14 en
568 1481 56 27 gång
652 1480 97 27 frängick
778 1480 80 21 tanken
883 1478 28 26 pä
934 1482 26 15 en
982 1473 50 22 med

201 1507 137 23 riddarhuset
361 1511 96 19 närmast
478 1510 135 20 annekterad
636 1509 105 27 byggnad,
763 1508 68 21 måste
854 1508 69 20 förses
941 1502 91 32 med
1005 1498 31 44 en

201 1536 32 20 sal
255 1536 34 22 för
312 1538 85 25 plenum
420 1538 113 26 plenorum
555 1538 34 20 för
611 1539 32 19 att
661 1538 73 20 kunna
749 1539 108 19 motsvara
872 1535 44 21 alla
930 1530 103 23 framtida
