1123 1767
381 126 16 19 R.
409 126 47 19 o.-A.
466 126 55 24 1885.
549 126 10 18 7
572 126 48 19 Mars.
855 127 40 21 379

90 196 118 20 omnämna
233 196 32 20 att
283 194 57 22 inom
355 194 49 21 hela
418 194 73 22 landet
506 194 34 22 för
555 194 133 22 närvarande
703 194 75 26 finnas,
794 194 131 22 oberäknadt

95 223 107 26 Mustiala,
219 223 74 21 endast
309 223 12 20 6
337 222 58 27 lägre
410 223 207 25 landtbruksskolor,
629 223 36 21 vid
675 222 73 22 hvilka
758 222 68 22 under
836 223 23 21 år
870 222 55 22 1883

96 253 24 21 91
140 252 69 21 elever
224 257 51 15 voro
291 251 95 27 intagna;
410 253 55 19 samt
481 254 33 18 att
529 252 112 26 styrelsen,
657 251 102 21 inseende
772 251 61 22 dessa
843 250 82 23 skolors

96 280 171 26 otillräcklighet,
292 280 46 26 gått
362 279 7 21 i
394 279 121 28 befattning
539 286 35 15 om
600 280 143 26 anläggandet
765 279 23 21 af
803 280 123 26 ytterligare

94 311 76 19 trenne
192 308 59 26 lägre
275 308 205 21 landtbruksskolor.
513 308 40 22 Om
576 308 129 22 elevantalet
726 308 35 21 vid
777 308 61 21 dessa
852 314 74 15 senare

97 337 71 21 ansläs
189 336 34 22 till
247 338 24 20 15
294 336 33 22 för
345 336 73 27 hvarje
433 337 68 26 skola,
517 336 70 22 skulle
602 336 83 22 säledes
701 336 127 22 elevantalet
843 336 84 21 komma

97 367 33 20 att
151 365 72 27 uppgä
244 365 33 21 till
299 365 39 21 136
355 365 57 26 eller,
425 365 68 27 jemte
509 366 99 21 eleverna
622 365 37 21 vid
674 365 101 21 Mustiala
790 364 58 28 lägre
863 364 64 22 afdel-

97 394 57 27 ning,
169 394 75 21 inalles
259 394 33 20 till
307 393 97 27 omkring
420 394 40 20 176
475 394 34 21 för
525 394 49 21 hela
584 394 83 23 landet;
682 395 33 20 att
725 393 100 21 behofvet
835 393 22 21 af
867 394 60 21 dessa

98 423 72 21 skolor
185 422 88 21 härmed
289 422 18 27 ej
323 422 28 27 pä
366 422 58 27 längt
439 424 40 19 när
494 422 42 21 blir
551 422 55 27 fyldt
621 422 64 21 torde
700 428 51 15 vara
766 422 161 27 ovedersägligt.

98 451 41 22 Om
155 451 102 27 derjemte
272 453 31 19 ett
317 450 64 21 finskt
397 451 65 26 högre
477 451 101 22 läroverk
593 451 42 21 kan
651 451 158 21 ästadkommas
824 453 24 18 är
859 451 35 20 det
905 450 23 21 sä

98 480 85 27 mycket
205 480 77 23 bättre,
305 479 6 21 i
333 479 114 27 synnerhet
469 486 47 15 som
537 480 36 21 det
588 481 24 20 är
628 481 31 20 ett
675 479 88 21 allmänt
777 479 67 21 kändt
859 478 68 21 behof.

98 509 41 26 Jag
162 509 32 20 fär
217 508 70 21 derför
309 507 77 22 föreslä
411 510 31 19 att
462 508 36 21 det
518 508 23 21 af
558 510 162 19 reservanterne
739 508 75 27 gjorda
829 507 100 26 förslaget

99 537 67 21 mätte
182 539 94 24 antagas,
289 537 48 20 med
352 537 109 26 undantag
476 537 24 21 af
513 537 53 21 sista
574 537 119 26 meningen,
709 543 45 14 som
768 537 39 20 bör
817 536 50 27 utgä
878 535 51 22 eller

100 565 111 22 förändras
232 565 7 20 i
261 565 66 21 sådan
351 565 94 26 riktning
468 582 5 8 ,
474 568 41 22 att
534 565 84 21 landets
633 564 114 28 höglofliga
761 565 87 22 ständer
863 564 66 21 måtte

100 594 32 21 uti
155 593 105 22 aflätande
282 593 131 27 underdånig
435 594 91 26 petition
547 594 85 21 anhålla
651 594 36 21 det
702 593 27 22 H.
745 593 26 22 K.
787 593 28 22 M.
831 593 48 21 ville
894 593 36 20 be-

101 622 71 27 hjerta
186 622 59 25 (eller
261 622 66 21 hellre
343 622 85 26 beakta)
445 622 100 21 behofvet
560 622 23 21 af
596 624 32 19 ett
643 622 66 26 högre
720 621 209 22 landtbruksinstitut

101 651 49 21 med
165 650 65 22 finskt
245 650 225 27 undervisningsspräk
485 651 25 20 sä
526 653 63 18 snart
604 650 212 27 omständigheterna
827 651 35 20 det
872 649 58 21 med-

101 679 81 28 gifva”.
213 679 75 21 Denna
305 679 248 27 redaktionsförändring
568 679 69 21 skulle
650 679 37 27 jag
703 679 66 21 önska
783 679 62 21 äfven
860 677 70 22 derför

103 709 33 20 att
155 708 37 26 jag
212 713 61 15 anser
289 707 36 21 det
339 707 46 22 icke
401 714 50 15 vore
466 708 99 27 lämpligt
580 709 32 20 att
627 707 7 21 i
650 714 26 14 en
692 707 23 21 sä
730 707 65 27 vigtig
810 707 60 26 fräga
885 712 46 15 som

104 736 68 21 denna
187 736 24 21 sä
227 737 32 20 att
273 737 51 25 säga
339 736 65 21 binda
418 737 138 26 regeringens
571 736 88 21 händer.
690 736 42 21 Det
747 738 24 19 är
785 735 84 28 mycket
883 741 47 15 san-

103 764 69 21 nolikt
196 766 33 19 att
244 765 122 26 regeringen
382 765 102 27 uppgjort
500 771 25 15 en
541 765 51 26 plan
607 764 133 21 beträffande
755 764 140 27 anläggandet
911 762 22 22 af

104 795 32 19 ett
157 793 125 26 tillräckligt
304 793 57 21 antal
384 793 58 26 lägre
462 793 199 26 jordbruksskolor,
685 793 39 21 och
746 795 32 19 att
799 793 68 21 denna
881 791 51 27 plan

103 821 69 21 skulle
197 821 85 21 komma
303 821 8 21 i
335 821 98 22 kollision
453 822 50 21 med
527 822 41 21 den
588 828 29 14 nu
632 821 119 27 föreslagna
766 821 116 27 petitionen
897 826 35 15 om

103 850 134 21 omedelbart
251 850 120 21 inrättande
387 850 22 21 af
423 851 32 20 ett
469 851 86 20 institut
566 850 49 21 med
625 849 66 22 finskt
700 848 232 28 undervisningsspräk,

103 885 49 14 men
174 878 28 21 dä
217 878 20 21 vi
259 878 76 21 hittills
350 880 42 19 sett
407 880 32 19 att
455 879 104 26 styrelsen
575 879 47 20 icke
637 879 76 21 endast
727 879 62 25 velat,
805 880 52 19 utan
872 877 61 21 äfven

103 907 83 20 kunnat
208 907 113 26 tillgodose
341 907 138 26 jordbrukets
502 907 106 21 intressen
630 907 8 20 i
654 907 42 21 alla
711 907 26 21 de
751 907 78 26 frägor,
845 912 45 15 som
905 905 28 26 pä

104 937 84 19 senaste
213 935 55 21 tider
290 935 107 26 förevarit,
420 935 80 22 förstär
520 935 38 27 jag
580 935 18 27 ej
618 935 87 22 hvarför
723 935 20 21 vi
761 935 46 21 icke
823 935 48 21 med
886 933 48 22 fullt

104 963 123 22 förtroende
242 963 70 22 kunde
328 964 128 21 öfverlemna
471 965 121 20 ordnandet
608 964 23 21 af
641 964 80 27 jemväl
731 964 69 21 denna
810 963 125 26 angelägen-

104 992 38 21 het
157 992 23 21 ät
195 993 109 26 styrelsen.

175 1020 32 21 Hr
230 1020 115 27 Schildt,
369 1020 24 22 O.
416 1021 47 20 W.:
494 1021 74 21 Under
583 1021 50 20 fullt
649 1020 135 22 erkännande
799 1020 23 21 af
836 1020 25 21 de
876 1020 60 20 stora

104 1048 102 27 framsteg
229 1055 45 15 som
293 1049 13 21 &
322 1049 100 21 Mustiala
436 1049 94 26 vunnits,
551 1049 42 21 kan
606 1049 38 27 jag
659 1049 65 21 likväl
739 1049 46 21 icke
800 1049 79 26 frigöra
893 1047 43 26 mig

104 1077 48 21 frän
165 1077 40 21 den
221 1077 78 22 tanken
315 1079 32 20 att
362 1080 31 19 ett
408 1078 92 26 institut,
517 1078 148 27 organiseradt
681 1078 30 25 sä,
727 1083 44 15 som
787 1077 65 26 detta,
868 1076 68 21 skulle

104 1107 110 20 motsvara
229 1106 36 21 det
281 1106 78 21 dubbla
374 1106 105 27 syftemäl,
496 1113 45 14 som
558 1107 89 20 dermed
662 1106 61 26 afses,
739 1107 31 20 att
781 1106 98 25 bibringa
889 1104 47 21 full-

105 1134 86 27 ständig
206 1135 103 20 teoretisk
324 1135 39 21 och
378 1135 98 26 praktisk
492 1135 104 26 kunskap.
626 1135 42 26 Jag
678 1135 39 20 har
727 1135 46 20 icke
783 1134 81 27 lyckats
874 1133 64 20 vinna

104 1163 67 26 något
192 1163 118 21 understöd
332 1163 33 21 för
382 1163 44 21 min
441 1163 57 27 åsigt
513 1165 33 19 att
561 1164 41 20 den
617 1163 118 22 teoretiska
750 1163 61 20 delen
826 1162 23 21 af
862 1161 76 21 under-

105 1191 111 27 visningen
239 1191 66 22 borde
319 1191 105 27 förflyttas
439 1192 34 21 till
488 1192 169 27 polyteknikum.
688 1192 47 21 Den
749 1191 40 21 har
803 1190 82 21 således
901 1189 37 21 fal-

105 1219 27 22 lit
147 1220 94 26 dermed,
257 1227 47 14 men
317 1220 37 27 jag
369 1222 24 19 är
409 1221 36 20 det
461 1221 91 20 oaktadt
568 1220 125 27 öfvertygad
708 1226 34 15 om
757 1221 33 19 att
799 1219 75 26 frågan
884 1217 55 21 skall

106 1247 45 22 förr
174 1248 51 21 eller
247 1255 74 14 senare
343 1251 61 24 tagas
427 1249 69 21 under
518 1249 100 26 pröfning
637 1249 40 21 och
693 1251 24 18 är
732 1248 68 21 tillika
815 1246 124 27 öfvertygad

106 1282 42 19 om,
168 1278 33 19 att
223 1283 35 15 om
274 1277 91 27 dyrbara
379 1277 118 22 kostnader
511 1277 116 27 nedläggas
642 1277 29 27 på
685 1277 141 27 uppförandet
841 1275 23 22 af
876 1275 65 26 bygg-

107 1305 67 21 nader
196 1305 34 21 för
255 1307 31 20 ett
308 1306 91 26 institut,
420 1306 63 21 dessa
498 1306 117 21 kostnader
630 1306 61 21 skola
706 1311 51 16 vara
772 1306 31 20 ett
817 1304 76 21 hinder
908 1303 33 21 för

108 1333 168 27 öfvergifvandet
295 1334 22 21 af
330 1341 29 14 nu
374 1334 67 27 följda
456 1336 87 26 system.
574 1334 63 22 Hvad
652 1334 87 27 specielt
753 1334 132 21 vidkommer
901 1332 40 21 den

106 1361 123 27 föreslagna
251 1365 67 23 orten,
341 1363 135 27 Kronoborg,
501 1364 24 20 så
547 1369 61 21 synes
632 1363 37 21 det
691 1363 42 26 mig
752 1362 155 26 inkonseqvent
921 1359 23 21 af

107 1390 55 25 dem,
183 1396 46 15 som
245 1391 96 21 förordat
364 1392 40 20 den
420 1392 7 20 i
443 1392 48 26 dag,
509 1393 32 19 att
556 1392 14 20 å
585 1398 40 14 ena
640 1392 61 20 sidan
717 1391 62 27 påstå
794 1392 33 19 att
841 1388 102 22 Mustiala

107 1418 75 21 behöft
198 1425 27 15 en
239 1420 109 26 tiotalårig
363 1420 50 26 lång
427 1420 168 26 utvecklingstid
610 1420 33 20 för
659 1422 32 19 att
706 1420 85 21 komma
805 1418 33 21 till
854 1418 37 20 det
901 1418 42 20 sta-

108 1447 66 26 dium,
197 1447 82 27 hvarpä
302 1448 36 21 det
359 1454 29 15 nu
410 1448 97 22 befinner
523 1449 38 26 sig,
577 1454 49 15 men
641 1448 14 21 å
670 1448 67 21 andra
751 1448 60 21 sidan
826 1446 58 21 hålla
898 1445 46 21 före

108 1477 34 19 att
164 1475 130 28 Kronoborg
316 1476 57 21 inom
392 1477 57 26 kort,
465 1476 35 22 för
515 1479 33 19 att
564 1476 18 27 ej
598 1478 53 26 säga
665 1483 30 15 nu
709 1476 72 27 redan,
797 1474 69 22 skulle
881 1473 64 22 hafva

109 1504 93 26 uppnått
225 1504 69 22 denna
318 1505 128 27 utveckling.
481 1505 40 21 Att
544 1505 70 21 denna
637 1505 122 27 utveckling
773 1503 114 27 möjligtvis
902 1502 43 20 kan

109 1532 28 26 gå
152 1532 106 22 snabbare
273 1533 13 21 å
301 1533 128 27 Kronoborg
444 1535 29 20 än
488 1534 13 20 å
517 1534 107 25 Mustiala,
640 1534 38 20 vill
690 1533 37 27 jag
737 1533 46 21 icke
793 1530 92 27 betvifla,
897 1536 48 15 men
