1120 1764
380 135 16 18 R.
409 140 15 14 0.
437 135 15 18 A.
465 135 46 19 1885.
536 135 17 18 12
566 135 47 19 Mars.
845 137 40 21 389

89 204 34 21 års
145 204 123 26 förordning
286 204 32 21 får
333 204 32 21 sin
380 204 135 26 tillämpning
530 204 61 20 äfven
607 204 28 20 dä
649 204 158 26 värnepligtens
821 204 92 26 äliggan-

89 233 40 21 den
144 234 77 25 utgöra
236 232 112 27 anledning
362 232 34 21 till
411 232 120 21 befriandet
546 232 46 21 från
608 232 162 27 tvångsmedlet.
800 232 113 22 Dessutom

89 262 36 21 vill
145 261 37 27 jag
196 262 71 20 erinra
282 267 33 15 om
331 262 32 20 att
377 260 123 28 bysättning
515 262 33 19 för
563 261 133 21 närvarande
711 261 42 21 kan
769 267 60 15 anses
844 261 70 21 såsom

88 290 69 21 medel
179 292 32 18 att
232 290 73 26 tvinga
326 289 100 27 gäldenär
449 291 32 19 att
502 289 89 27 upplåta
606 290 32 20 sin
654 290 103 26 egendom
772 290 33 20 till
820 290 93 21 konkurs

89 318 40 22 och
144 320 32 19 att
191 318 202 21 exekutionsmedlet
408 318 65 21 också
487 318 7 20 i
510 318 69 21 denna
593 318 96 27 riktning
699 318 77 21 verkar
785 318 128 21 hufvudsak-

89 347 56 26 ligen
160 346 6 21 i
182 346 75 26 början
280 346 22 22 af
323 346 46 21 dess
391 346 140 27 tillämpande
553 348 56 20 samt
625 348 31 20 att
672 348 32 20 ett
718 346 146 28 långvarigare
878 346 35 21 be-

89 375 101 21 röfvande
206 375 22 21 af
241 375 90 21 friheten
346 375 70 21 såsom
432 376 31 20 ett
478 375 68 21 medel
563 377 32 19 att
609 375 89 21 hämnas
710 381 61 15 anses
781 374 48 28 föga
839 376 75 21 heder-

90 405 55 20 samt
159 403 33 21 för
207 404 46 25 den,
269 410 45 14 som
329 404 107 26 begagnar
450 404 33 26 sig
499 404 64 20 deraf.
594 403 41 27 Jag
650 403 68 22 finner
732 404 34 20 för
780 404 43 21 min
838 404 34 21 del
887 404 26 20 de

90 432 52 26 skäl,
164 438 46 15 som
232 432 44 21 tala
298 432 32 21 för
351 432 250 21 utskottsbetänkandets
624 432 80 27 förslag
718 438 52 15 vara
784 432 24 22 så
822 432 92 27 kraftiga

91 463 56 19 emot
161 461 175 26 reservationens,
352 462 32 20 att
396 461 38 26 jag
448 461 38 21 ber
501 463 32 19 att
549 461 21 21 få
585 461 85 21 biträda
684 461 150 21 betänkandet.

159 489 56 21 Frih.
239 496 48 14 von
310 490 73 20 Born:
407 489 33 21 Då
455 490 39 21 här
509 496 29 14 nu
553 490 46 21 icke
615 492 24 19 är
654 490 60 26 fråga
730 496 34 15 om
779 492 32 19 att
826 489 88 22 afskaffa

91 518 141 28 bysättnings-
254 518 39 22 och
316 518 158 27 arbetstvånget
496 525 26 14 ur
537 518 38 22 vår
590 518 139 27 lagstiftning,
752 518 24 22 så
791 520 72 20 ämnar
877 518 39 27 jag

91 548 33 20 för
145 548 44 21 min
212 547 34 22 del
263 547 47 22 icke
324 547 49 27 ingå
387 547 29 27 på
430 547 36 21 det
481 550 62 19 ämne
559 547 40 21 och
614 548 82 20 således
712 547 46 21 icke
773 549 94 25 upptaga
881 546 33 22 till

91 576 127 22 bemötande
238 576 25 22 hr
286 576 156 27 Montgomerys
465 576 78 27 skarpa
565 576 132 21 uttalanden.
728 576 44 21 För
791 576 42 26 mig
848 575 69 27 gäller

93 606 35 20 det
143 605 7 21 i
166 606 68 20 denna
256 605 60 27 fråga
331 607 31 19 att
377 605 79 21 bevara
470 605 65 27 nödig
549 605 133 26 konseqvens
698 605 7 20 i
721 605 40 21 den
776 604 139 28 lagstiftning,

92 634 21 21 vi
127 634 33 21 för
174 634 132 21 närvarande
321 640 45 20 ega,
383 634 172 20 öfverlemnande
570 634 22 20 åt
607 634 125 26 regeringen
748 635 32 19 att
794 634 7 20 i
817 639 25 15 en
852 633 63 21 fram-

92 662 32 22 tid
146 664 50 26 taga
217 662 91 21 initiativ
330 662 32 21 till
377 662 97 26 lagarnes
490 662 114 21 ändrande.
636 662 41 21 Vid
692 662 76 21 sådant
783 661 132 22 förhållande

92 691 81 27 hoppas
190 691 37 27 jag
242 690 66 27 lifligt,
332 693 32 19 att
379 691 158 21 reservationen
552 691 27 26 på
595 690 59 21 detta
669 697 47 14 rum
732 690 53 21 skall
800 690 65 21 blifva
879 696 37 14 an-

93 722 69 24 tagen.
191 719 41 27 Jag
253 719 39 21 har
314 720 34 20 vid
370 719 173 27 genomläsandet
563 719 24 21 af
608 719 40 21 den
671 719 48 21 nåd.
733 725 59 21 prop.
807 718 47 22 icke
869 718 47 21 haft

93 748 57 21 klart
164 748 33 20 för
212 748 48 26 mig,
276 754 34 15 om
325 754 37 15 ens
376 748 125 26 regeringen
520 748 105 20 beräknat
639 748 184 26 konseqvenserna
839 747 22 21 af
873 746 43 22 för-

93 776 203 27 fattningsförslaget
315 776 6 21 i
337 777 40 20 den
394 776 39 26 del,
456 782 46 15 som
518 783 28 14 nu
562 778 23 19 är
601 776 67 21 under
684 776 80 21 debatt.
793 776 40 26 Jag
847 775 70 21 måste

94 805 70 21 derför
186 805 83 21 ansluta
291 805 42 26 mig
356 805 31 21 till
403 805 40 21 den
458 805 114 27 synpunkt,
596 805 25 20 hr
636 804 106 21 Norrmén
758 804 80 27 antydt,
857 803 58 21 tti

93 834 100 20 händelse
215 833 124 27 uttryckligt
361 834 74 26 tillägg
450 834 7 20 i
472 833 153 27 författningen
647 833 47 21 icke
713 835 60 24 göres
789 833 78 25 derom,
883 833 35 20 att

93 862 140 26 värnepligtig
255 862 45 21 icke
323 862 77 21 efteråt
422 862 32 20 får
477 862 137 21 återinsättas
629 862 7 20 i
652 861 203 27 bysättningshäkte,
872 860 43 27 lag-

93 890 99 27 skiparen
214 890 54 21 skall
290 892 75 19 stanna
380 890 7 21 i
402 890 133 21 tvifvelsmål.
566 890 32 21 Hr
618 890 140 21 Oker-Bloms
773 890 92 26 antydan
881 895 34 15 om

93 919 56 21 hvad
170 918 43 22 han
236 924 60 16 anser
318 918 63 22 hafva
402 919 56 21 varit
473 919 136 27 regeringens
625 919 85 26 mening
724 918 134 26 härutinnan,
874 918 41 20 kan

92 947 37 27 jag
150 947 46 21 icke
210 947 128 21 tillerkänna
352 948 69 26 någon
437 947 85 21 absolut
537 947 108 27 betydelse
661 947 33 21 för
709 947 164 26 lagtolkningen,
889 946 28 21 då

94 976 7 20 i
116 976 152 26 motiveringen
275 976 32 20 till
316 976 237 26 författningsförslaget
561 976 72 20 derom
642 976 54 20 intet
706 975 66 21 finnes
782 974 97 28 angifvet.
892 986 22 3 —

94 1004 69 22 Jemte
186 1004 36 21 det
242 1004 42 26 jag,
306 1004 69 21 såsom
398 1004 68 26 sagdt,
490 1004 85 21 förenar
593 1004 43 26 mig
650 1010 35 15 om
701 1004 162 22 reservationen,
879 1003 38 21 ber

92 1032 37 28 jag
151 1034 31 19 att
205 1032 61 22 äfven
288 1032 21 21 få
330 1033 130 21 understöda
479 1033 36 21 det
530 1032 23 21 af
566 1032 25 21 hr
607 1032 63 27 Prytz
686 1032 75 27 gjorda
776 1031 142 27 ändringsför-

95 1061 73 27 slaget,
192 1062 32 20 att
244 1061 2 21 i
262 1061 150 27 sammanhang
430 1062 49 20 med
494 1061 158 21 reservationen
668 1061 33 21 till
716 1061 114 21 utskottets
845 1060 73 21 vidare

94 1089 128 27 behandling
237 1090 172 20 återremitteras.

184 1118 13 20 å
212 1118 22 20 af
248 1118 25 21 de
288 1118 108 26 yrkanden
412 1124 44 15 som
472 1118 68 27 gjorts
555 1118 28 26 på
601 1118 121 21 återremiss
738 1118 22 21 af
768 1116 149 25 betänkandet,

95 1146 75 21 endast
192 1146 42 25 det,
257 1152 45 15 som
320 1146 68 21 blifvit
410 1147 122 21 framstäldt
547 1147 48 20 med
611 1146 121 27 anslutning
747 1146 33 21 till
794 1146 125 21 reservatio-

95 1180 47 20 nen,
158 1175 74 21 vunnit
247 1175 121 26 understöd,
384 1177 55 19 samt
455 1177 51 19 enär
521 1182 26 14 en
563 1175 195 27 detaljgranskning
773 1174 22 21 af
803 1174 116 21 betänkan-

95 1203 36 21 det
153 1204 67 20 under
242 1204 79 20 sådana
343 1203 147 22 förhållanden
513 1210 50 14 vore
586 1204 121 26 nödvändig
729 1204 32 20 för
779 1204 32 20 att
826 1202 93 21 undvika

95 1231 98 27 möjligen
216 1232 111 21 framdeles
349 1232 93 21 skeende
464 1232 123 27 ytterligare
603 1232 127 26 återremiss,
754 1231 124 22 hemställde
893 1230 26 21 hr

95 1259 194 22 landtmarskalken
311 1261 32 20 till
366 1261 91 26 ståndet,
481 1261 105 20 huruvida
602 1261 35 21 det
652 1267 29 14 nu
697 1261 48 21 ville
760 1260 48 27 ingå
823 1260 6 21 i
846 1259 73 27 detalj-

95 1288 129 27 granskning
240 1289 22 20 af
274 1289 144 26 lagförslaget;
434 1289 88 21 hvartill
537 1289 85 21 ståndet
638 1289 64 21 biföll.

164 1317 42 20 Vid
221 1317 149 27 föredragning
385 1317 23 22 af
420 1318 110 26 ingressen
545 1318 84 27 yttrade
644 1318 33 26 sig
687 1317 47 21 frih.
744 1317 91 22 Wrede
850 1317 24 21 R.
886 1316 32 22 A.:

95 1345 34 20 Då
147 1345 37 26 jag
198 1345 46 22 icke
259 1346 41 21 kan
315 1345 57 22 finna
387 1348 65 19 annat
467 1348 27 19 än
510 1348 33 19 att
558 1347 41 20 den
614 1346 39 21 här
668 1346 118 27 föreslagna
801 1345 120 22 förordnin-

95 1379 40 20 gen
151 1374 94 21 ansluter
260 1375 32 26 sig
306 1374 32 21 till
353 1374 152 27 förordningen
521 1375 23 20 af
557 1375 24 20 år
598 1375 61 25 1868,
676 1375 108 26 angående
798 1373 126 28 bysättning

95 1401 40 21 och
149 1402 155 27 tvångsarbete,
320 1403 24 20 så
358 1403 38 21 ber
408 1403 38 26 jag
461 1403 34 20 för
511 1403 43 21 min
571 1403 33 21 del
620 1405 32 19 att
667 1403 21 21 få
704 1403 86 21 förorda
804 1403 116 25 ingressen,

95 1429 65 21 sådan
176 1430 40 21 den
232 1431 23 20 af
268 1431 140 26 lagutskottet
423 1431 71 21 blifvit
509 1431 124 26 föreslagen.

164 1458 32 21 Då
211 1459 62 26 ingen
288 1459 73 27 gjorde
376 1460 70 26 någon
462 1460 140 26 anmärkning
617 1461 45 19 mot
677 1460 114 26 ingressen,
813 1458 46 21 blef
872 1459 50 20 den-

95 1493 81 14 samma
191 1487 23 21 af
227 1487 84 22 ståndet
325 1488 28 26 på
368 1488 73 21 derom
458 1490 21 19 af
495 1489 25 20 hr
536 1488 195 21 landtmarskalken
742 1488 61 27 gjord
813 1487 110 26 förfrågan

95 1515 128 21 oförändrad
239 1516 103 26 godkänd.

164 1543 40 22 Vid
220 1544 148 27 föredragning
383 1544 23 21 af
420 1544 13 27 $
451 1546 8 19 1
478 1545 85 26 yttrade
