1114 1750
235 130 28 20 44
502 128 16 18 R.
530 133 15 14 0.
559 128 16 19 A.
588 128 46 20 1885.
658 128 21 19 22
692 128 34 19 Jan.

206 197 38 21 dre
267 197 120 27 betydande
410 197 46 26 roll,
472 197 94 27 bidragit
581 198 33 20 till
628 198 148 20 inkomsterna
791 197 49 21 med
855 203 26 15 en
896 197 101 27 fjerdedel
1013 197 23 21 af

206 226 115 20 desamma.
351 226 69 20 Häraf
439 226 100 26 framgår,
562 226 86 20 hvilken
671 226 44 26 vigt
737 226 6 20 i
759 226 116 20 allmänhet
897 227 137 25 transporten

207 254 23 21 af
251 254 182 26 skogsprodukter
455 254 39 20 har
512 254 34 21 för
561 254 52 21 våra
626 254 121 27 jernvägar.
778 254 42 21 Det
836 256 24 18 är
875 254 34 20 väl
924 254 32 21 för
972 254 63 26 tidigt

206 284 33 19 att
265 283 66 25 draga
353 282 69 27 någon
451 283 88 21 slutsats
570 289 34 14 om
635 282 91 22 trafiken
751 282 27 27 på
801 282 142 26 Wasabanan,
967 282 67 21 sådan

207 311 40 21 den
270 311 61 25 varit,
354 311 54 21 efter
430 318 25 14 en
476 311 140 26 exploitation
631 311 23 21 af
668 312 56 20 blott
740 312 12 20 2
768 311 35 21 års
818 311 38 25 tid,
872 317 48 15 men
936 310 98 22 anmärk-

205 339 124 27 ningsvärdt
352 341 24 19 är
391 340 60 25 dock,
467 342 33 18 att
518 340 147 20 inkomsterna
687 340 35 20 vid
738 340 70 21 denna
822 340 54 20 efter
892 340 12 20 2
920 339 35 21 års
970 338 64 22 trafik

205 368 47 20 icke
275 367 46 27 höjt
340 368 32 26 sig
387 368 82 21 utöfver
484 368 56 21 hvad
555 368 26 21 de
596 368 100 26 utgjorde
712 369 26 20 de
754 368 68 21 första
837 368 130 21 månaderna
982 368 53 20 eller

205 396 80 23 40,000
298 396 61 21 mark
374 403 37 20 per
426 396 84 26 månad,
526 396 70 27 någon
611 396 56 27 gång
682 397 48 21 litet
746 396 128 26 derutöfver,
891 396 33 21 för
939 398 33 19 att
987 396 48 21 åter

206 424 78 27 nedgå;
300 425 144 21 inkomsterna
459 425 34 21 för
509 425 23 21 år
548 425 71 27 uppgå
634 425 83 21 således
733 425 33 21 till
780 425 98 26 omkring
889 425 91 25 500,000
990 424 44 21 mk.

205 453 130 26 Utgifterna,
359 453 23 21 så
404 454 126 26 nedtryckta
546 454 25 20 de
595 454 69 20 blifvit
680 454 33 21 för
728 454 70 20 denna
814 454 63 25 bana,
893 453 71 27 uppgå
979 452 55 22 dock

206 482 66 26 enligt
287 482 101 26 förslaget
403 482 31 21 till
449 482 65 26 något
528 482 59 21 öfver
602 482 93 26 600,000
710 483 42 25 mk,
769 482 63 21 alltså
848 488 26 15 en
889 482 53 20 brist
953 481 80 27 årligen

205 510 24 20 af
252 510 90 26 100,000
365 511 66 20 mark.
461 511 42 20 Det
526 512 23 19 är
572 511 34 21 väl
622 511 111 26 antagligt,
757 512 33 19 att
811 511 145 20 inkomsterna
978 509 56 22 små-

205 539 86 25 ningom
307 539 60 20 skola
387 540 59 25 stiga,
467 545 47 15 men
529 539 6 21 i
552 539 40 21 den
608 539 49 21 mån
673 540 71 20 banan
758 539 42 21 blir
815 539 65 25 äldre,
896 538 92 22 förestår
1002 538 31 21 äf-

204 573 41 15 ven
268 573 26 16 en
316 569 68 20 större
407 570 82 19 remont
512 568 22 21 af
547 568 41 21 den
604 568 80 27 rörliga
698 568 125 21 materielen
843 568 40 21 och
898 567 135 27 banbyggna-

205 596 48 21 den.
284 595 101 23 Orsaken,
402 597 85 20 hvarför
509 597 147 20 inkomsterna
676 597 12 20 å
707 597 137 21 Wasabanan
858 597 46 20 icke
919 596 59 26 stigit
993 595 40 21 och

205 624 18 27 ej
247 625 72 20 kunna
342 625 60 26 stiga,
426 625 38 20 har
477 625 37 26 jag
530 626 82 25 antagit
628 625 56 26 ligga
700 625 52 26 deri,
768 627 32 18 att
816 625 69 26 någon
902 624 131 27 betydligare

204 654 111 25 transport
338 653 22 21 af
380 653 67 21 andra
470 654 182 26 skogsprodukter
675 656 27 19 än
725 654 56 26 tjära
799 653 47 21 icke
868 653 42 20 kan
925 652 107 21 komma
1016 648 19 37 i

204 681 72 26 fråga;
293 681 37 21 der
346 687 22 15 se
383 682 20 21 vi
419 682 51 26 åter,
487 682 81 21 hvilket
583 684 55 19 stort
654 682 116 27 inflytande
786 683 136 25 transporten
932 681 23 20 af
964 681 69 20 denna

205 716 52 14 vara
280 716 49 20 eger
351 710 33 21 för
407 711 50 20 våra
480 711 74 20 banor.
584 710 192 27 Uleåborgsbanan
794 712 24 19 är
832 710 68 21 under
916 709 116 27 byggande,

205 738 88 21 hvarför
315 739 19 26 ej
356 739 42 20 kan
420 739 126 26 förutsägas,
570 739 56 21 huru
646 739 92 21 trafiken
761 739 37 21 der
819 739 54 20 skall
888 738 92 27 gestalta
994 738 38 26 sig.

206 766 49 21 Man
279 767 39 20 har
341 767 54 21 dock
418 768 46 20 skäl
486 769 32 20 att
540 770 41 22 tro,
605 769 33 19 att
661 767 27 22 då
704 768 70 20 banan
789 767 39 26 går
842 773 76 20 genom
934 766 100 27 skoglösa

205 795 91 26 trakter,
319 796 39 20 och
380 795 69 27 någon
473 798 69 19 större
565 798 179 25 mass-transport
762 796 46 21 icke
824 795 60 22 torde
900 795 85 21 komma
1000 796 33 19 att

206 823 38 21 der
268 830 39 20 ega
329 831 53 18 rum,
404 824 40 21 den
459 825 93 20 inkomst
567 825 71 20 banan
654 825 82 20 lemnar
752 824 105 27 svårligen
873 824 54 21 skall
943 823 91 21 betäcka

205 852 124 26 utgifterna,
345 855 52 18 utan
412 853 60 20 torde
489 853 61 21 äfven
566 853 38 21 här
620 859 25 14 en
662 853 54 21 brist
731 852 78 27 uppstå
824 853 68 20 under
907 858 25 15 en
946 851 52 27 följd
1012 851 23 21 af

206 880 31 21 år.
267 881 32 20 De
321 881 153 21 förhållanden,
498 888 45 14 som
560 882 56 26 gälla
639 882 33 20 för
688 881 196 26 Uleåborgsbanan,
900 881 56 26 gälla
972 879 61 22 äfven

205 909 34 20 för
255 909 181 21 Savolaksbanan.
466 909 75 27 Någon
557 912 45 19 stor
618 912 111 24 transport
740 910 23 21 af
776 909 183 26 skogsprodukter
974 909 59 20 kom-

205 943 46 15 mer
273 937 40 21 här
334 938 46 21 icke
402 940 32 19 att
457 944 39 20 ega
519 945 52 14 rum.
602 939 94 20 Landets
714 938 68 21 andra
798 940 59 19 stora
872 937 160 26 exportartikel,

205 967 65 24 smör,
293 966 55 21 skall
366 967 52 20 söka
434 967 30 26 sig
480 967 32 20 till
526 967 98 20 utlandet
639 967 28 26 på
682 973 82 14 samma
778 967 115 25 vattenväg
908 971 45 15 som
968 965 65 20 förut.

206 994 64 21 Svårt
293 996 24 19 är
340 995 71 21 derför
433 997 33 19 att
487 995 51 25 inse,
561 995 57 21 hvad
640 1001 46 15 som
706 995 68 21 skulle
790 994 116 27 tillskynda
922 994 69 20 banaa
1007 999 26 15 en

205 1024 76 24 större,
305 1023 131 27 betydligare
460 1023 72 26 trafik;
556 1023 61 22 äfven
640 1024 38 20 der
700 1023 62 22 torde
785 1023 122 26 antagligen
924 1022 67 21 under
1007 1021 26 21 de

204 1051 69 20 första
296 1051 50 21 åren
369 1052 77 26 uppstå
462 1058 26 15 en
503 1052 60 21 brist.
594 1052 73 21 Skulle
683 1052 72 21 dertill
770 1052 42 20 den
827 1051 64 21 trafik
906 1051 127 25 landskapet

205 1079 42 21 kan
271 1080 88 26 erbjuda
374 1080 92 21 fördelas
482 1080 27 26 på
524 1080 36 21 två
573 1081 121 26 jernvägar,
712 1081 40 20 blir
768 1080 36 21 det
819 1079 46 21 icke
880 1079 66 27 något
961 1079 72 20 tvifvel

204 1108 164 26 underkastadt,
392 1111 32 18 att
440 1115 25 14 en
480 1109 81 26 ganska
577 1109 95 26 betydlig
687 1109 54 20 brist
756 1109 55 20 skall
826 1107 79 27 uppstå
919 1107 35 21 vid
970 1107 63 20 dessa

204 1136 75 21 banor.
310 1137 41 26 Jag
366 1137 39 20 har
421 1137 18 26 ej
455 1137 57 21 velat
527 1137 56 21 måla
598 1138 6 19 i
620 1139 59 19 svart
694 1137 33 21 för
742 1139 34 18 att
791 1137 53 20 söka
855 1135 112 22 motverka
974 1135 59 27 jern-

204 1166 77 25 vägars
304 1165 110 27 byggande
437 1166 6 20 i
466 1165 82 26 landet;
564 1167 94 19 tvärtom
674 1167 24 19 är
710 1165 37 27 jag
763 1165 23 21 af
799 1165 41 21 den
856 1165 60 26 åsigt,
933 1165 32 19 att
980 1163 53 21 ban-

204 1193 153 27 byggnaderna
373 1194 65 21 borde
454 1194 108 21 oafbrutet
576 1194 71 26 fortgå
662 1195 32 20 till
710 1194 48 21 dess
774 1193 61 21 äfven
851 1194 25 20 de
888 1193 58 21 delar
957 1192 23 21 af
988 1192 45 21 lan-

204 1222 43 24 det,
271 1228 45 15 som
339 1224 57 19 ännu
418 1223 67 20 sakna
505 1222 89 27 jernväg
614 1222 86 22 erhållit
715 1222 77 25 sådan;
808 1228 49 14 men
870 1221 37 27 jag
921 1221 39 20 har
975 1221 58 21 velat

203 1250 115 21 framhålla
341 1251 127 27 ställningen
491 1251 66 21 sådan
580 1252 41 20 den
643 1252 6 20 i
672 1251 146 26 verkligheten
834 1250 102 26 gestaltat
951 1250 31 26 sig
997 1248 35 22 vid

203 1278 53 20 våra
279 1284 28 15 nu
329 1279 129 21 trafikerade
481 1279 67 21 banor
571 1280 39 20 och
631 1280 48 21 med
694 1280 29 20 all
738 1278 136 22 sannolikhet
889 1278 95 21 kommer
1000 1279 33 19 att

203 1307 94 26 gestalta
316 1307 32 26 sig
362 1308 35 20 vid
413 1308 25 20 de
454 1308 67 20 under
537 1308 98 26 byggnad
651 1308 93 20 varande
760 1307 40 21 och
816 1313 28 14 nu
859 1306 121 26 föreslagna
994 1306 38 20 ba-

203 1341 76 19 norna,
302 1334 28 27 på
352 1336 36 20 det
412 1338 32 18 att
459 1338 45 19 stor
519 1336 123 21 varsamhet
656 1336 67 21 måtte
738 1336 109 26 iakttagas
862 1335 7 21 i
884 1335 98 21 besluten
997 1340 35 15 om

203 1362 124 27 byggandet
350 1364 23 21 af
392 1364 68 21 banor
482 1365 6 20 i
510 1371 65 15 norra
596 1365 62 21 delen
674 1364 23 21 af
710 1364 80 25 landet,
806 1363 28 27 på
850 1364 36 20 det
902 1364 32 20 att
948 1368 50 16 man
1013 1362 19 26 ej

203 1390 68 22 måtte
295 1392 70 26 bygga
388 1392 80 21 sådana
490 1393 73 25 banor,
588 1399 45 15 som
649 1393 57 21 blott
720 1392 45 22 afse
781 1392 185 26 beqvämligheten
981 1391 52 21 eller

203 1420 198 22 tillfredställandet
408 1421 24 21 af
438 1422 150 20 rivaliserande
600 1424 69 18 orters
677 1422 112 24 intressen,
798 1422 53 19 utan
859 1420 76 21 endast
946 1419 87 25 sådana,

203 1454 47 15 som
265 1448 45 21 afse
325 1449 93 26 fyllande
433 1450 23 20 af
470 1452 31 18 ett
516 1450 92 26 verkligt
622 1450 66 20 behof
701 1450 34 20 för
750 1449 131 21 landsdelen.

273 1476 32 21 Hr
329 1477 92 26 Spåre:
445 1477 49 21 Med
517 1478 114 26 anledning
653 1478 24 21 af
698 1478 41 21 den
758 1479 85 19 senaste
858 1476 66 21 ärade
940 1476 93 20 talarens

201 1504 146 28 andragande,
363 1506 67 21 finner
443 1506 37 26 jag
496 1508 26 19 än
537 1512 46 15 mer
598 1507 47 20 skäl
660 1506 104 26 föreligga
779 1507 33 19 att
827 1505 49 21 med
892 1506 80 19 största
984 1510 49 14 var-

203 1533 84 22 sanihet
309 1534 93 26 granska
416 1534 103 27 förslaget
534 1541 34 15 om
584 1535 40 21 den
640 1534 240 22 Savolaks—Karelska
891 1533 81 21 banans
982 1532 51 27 byg-
