1123 1770
230 131 42 22 236
394 152 2 2 N
503 131 44 24 Re
559 132 17 18 4.
588 131 47 20 1885.
671 131 11 19 9
695 131 44 20 Fobr.

201 199 125 27 detsamma,
349 199 24 22 sä
392 199 44 22 kan
451 206 52 15 man
517 206 67 20 gerna
598 200 65 27 lägga
678 200 93 24 500,000
785 200 62 21 mark
862 200 72 21 dertill
948 200 35 22 för
998 203 33 20 att

201 228 82 22 erhälla
305 229 32 20 ett
358 228 33 21 för
406 228 30 21 all
459 227 89 22 framtid
570 228 180 27 ändamälsenligt
765 229 83 21 sädant.
878 228 39 21 Att
932 230 100 21 ständer-

200 257 75 24 husen,
290 256 176 27 riksdagshusen,
481 257 48 20 icke
544 257 69 21 heller
628 257 8 20 i
651 257 68 21 andra
734 257 75 21 länder
824 257 45 21 läta
884 257 32 26 sig
927 257 105 26 uppföras

200 284 35 21 för
250 285 88 21 alldeles
353 284 70 27 billigt
439 285 52 26 pris,
507 285 74 21 derom
596 285 41 21 har
651 291 51 16 man
717 287 32 20 ett
763 285 134 22 vittnesbörd
911 285 48 21 frän
972 285 59 21 Dan-

200 313 68 26 mark,
291 313 89 21 alldeles
401 313 79 26 färskt,
503 313 89 22 alldeles
614 315 54 26 nytt,
687 313 28 22 dä
731 314 36 21 det
781 314 54 27 gällt
850 315 33 20 att
898 313 54 22 efter
966 313 68 22 bran-

200 341 42 21 den
256 342 8 20 i
279 341 174 27 Kristiansborgs
470 342 52 21 slott
536 342 92 27 uppföra
644 348 41 21 nya
700 342 129 27 byggnader,
845 342 66 21 bland
925 342 48 21 dem
985 344 45 19 sär-

200 369 67 22 skildt
288 371 31 20 ett
341 369 34 22 för
397 370 122 27 riksdagen.
549 370 41 27 Jag
612 371 56 21 läste
683 371 7 20 i
705 371 134 26 tidningarne
854 371 41 20 här
910 377 34 15 om
959 370 71 27 dagen

199 399 34 20 att
250 398 34 21 för
299 399 70 21 denna
383 399 205 26 riksdagsbyggnad,
605 405 46 15 som
666 399 47 21 icke
729 399 96 22 kommer
835 401 32 20 att
877 399 106 21 innefatta
992 399 40 21 nä-

200 428 37 25 got
253 429 65 19 annat
333 429 27 19 än
375 427 58 21 lokal
448 427 35 21 för
498 427 116 27 riksdagen
629 427 40 21 och
685 428 49 20 dess
748 428 70 21 kansli
833 428 40 20 och
888 427 100 27 tryckeri,
1005 429 26 19 är

200 454 91 28 begärdt
313 456 32 20 ett
367 456 75 26 anslag
465 455 23 21 af
510 455 13 21 3
538 456 99 26 miljoner
651 456 82 21 kronor
747 456 21 22 d.
783 462 19 15 v.
818 462 16 15 s.
850 458 53 19 nära
918 457 14 20 4
947 456 40 21 och
1003 462 27 15 en

200 483 47 21 half
267 484 98 27 miljoner
387 484 69 21 mark.
487 484 89 21 Danska
590 484 115 27 riksdagen
721 484 40 22 har
775 485 46 21 icke
837 484 50 22 flere
903 484 126 26 ledamöter,

199 513 94 21 tvärtom
315 512 65 26 färre,
403 514 28 19 än
453 512 40 22 vär
515 512 109 28 landtdag,
648 513 42 21 den
709 513 102 21 behöfver
825 513 8 21 i
847 514 55 20 intet
916 514 67 20 annat
998 512 36 22 af-

200 541 78 21 seende
293 541 134 27 vidlyftigare
443 541 60 21 lokal
518 542 27 20 än
560 541 45 26 vär,
622 542 41 20 den
678 542 41 20 har
734 543 31 20 ett
780 542 82 21 mindre
872 541 160 27 kompliceradt

200 569 121 26 maskineri,
338 569 39 21 och
393 576 34 14 om
443 570 41 20 den
499 570 126 26 visserligen
641 570 170 21 sammanträder
825 570 44 21 alla
883 570 30 26 är,
929 570 25 21 sä
968 570 62 21 skola

200 597 21 20 vi
243 598 67 20 tänka
329 599 33 20 att
376 598 20 21 vi
411 598 48 21 icke
475 598 71 27 bygga
561 600 32 20 ett
608 598 129 22 ständerhus
753 599 75 21 endast
843 599 33 21 för
891 599 41 20 den
947 598 38 26 tid,
1001 598 28 21 dä

202 626 12 20 5
233 626 52 21 eller
301 626 12 21 3
329 626 60 27 åriga
404 626 130 27 landtdagar
549 627 99 26 existera,
664 628 53 20 utan
733 627 61 21 äfven
809 628 33 21 för
857 633 27 15 en
891 626 94 26 framtid,
1001 626 29 22 dä

200 655 198 25 representationen
414 655 40 21 här
465 655 97 22 kommer
573 657 32 20 att
615 655 82 28 ärligen
708 656 166 21 sammanträda.
894 656 47 21 Den
952 655 79 21 hätska

200 683 65 26 ovilja
279 683 40 21 och
335 683 36 22 det
385 684 116 27 plötsligen
515 684 109 27 päkomna
634 685 139 20 ekonomiska
787 685 74 25 raseri,
877 691 45 14 som
937 684 7 21 i
960 684 71 21 denna

200 711 63 27 fräga
276 712 57 27 gjort
349 712 31 27 sig
395 713 100 26 gällande
509 713 59 20 inom
583 713 24 21 R.
624 719 19 15 o.
659 713 26 21 A.
701 713 40 21 och
757 713 61 21 äfven
833 713 7 21 i
856 713 67 20 andra
937 713 92 25 kretsar,

200 741 25 19 är
246 740 109 27 verkligen
378 741 223 26 anmärkningsvärdt.
632 741 51 21 Man
705 743 25 19 är
752 741 55 22 dock
824 741 46 22 icke
885 741 24 21 sä
925 747 54 15 ovan
993 740 38 21 vid

200 768 197 27 miljonbyggnader
412 770 7 20 i
435 770 62 21 detta
511 769 57 22 land.
598 770 44 21 Det
657 771 25 20 är
695 770 24 26 ju
734 770 46 21 icke
795 770 108 27 underligt
918 776 34 15 om
966 769 65 21 enkla

200 797 163 26 landtbrukare,
386 804 45 15 som
445 797 58 22 ifrän
518 798 46 21 sina
579 798 82 22 kanske
677 798 152 27 anspräkslösa
843 799 84 26 hyddor
941 797 28 27 pä
983 797 47 21 lan-

200 825 37 21 det
252 825 109 22 inkomma
375 826 38 26 hit,
429 826 74 27 häpna
521 826 59 21 öfver
596 828 32 19 att
643 827 124 26 byggnader
783 827 60 21 skola
858 826 109 27 uppföras,
983 832 46 15 som

199 853 64 21 kosta
279 854 23 21 sä
317 855 85 26 mycket
417 861 46 15 som
479 855 105 26 miljoner,
600 861 49 15 men
665 857 33 19 att
708 855 65 21 ocksä
785 856 67 21 andra
861 861 110 20 personer,
983 860 46 15 som

199 881 74 27 sjelfva
295 883 64 21 hafva
381 883 56 21 varit
456 884 50 20 med
521 890 35 14 om
571 883 145 27 uppförandet
732 884 23 20 af
767 883 50 21 fullt
831 885 24 19 ut
870 883 44 21 lika
929 883 54 27 dyra
998 882 33 21 of-

198 910 89 26 fentliga
309 911 128 27 byggnader,
453 912 62 21 skola
530 912 121 21 framkasta
666 912 25 21 sä
705 912 68 21 bittra
788 912 166 26 anmärkningar
969 910 62 22 öfver

199 938 60 21 detta
281 940 91 26 projekt,
396 940 36 21 det
447 942 25 19 är
492 940 57 21 hvad
564 947 46 14 som
632 940 102 22 förvänar
748 941 49 27 mig.
827 941 50 21 Man
893 940 137 27 sysselsätter

198 967 32 26 sig
245 967 49 21 med
309 970 33 19 att
356 968 103 26 beräkna,
475 969 57 21 huru
547 969 54 27 dyra
615 969 96 27 hyrorna
725 969 34 21 för
773 969 101 21 ständens
889 968 39 21 och
943 967 86 22 utskot-

198 997 47 19 tens
267 996 83 21 lokaler
372 997 68 21 skulle
464 998 66 20 ställa
551 998 33 26 sig
598 998 34 20 för
647 997 74 27 hvarje
743 998 108 26 landtdag,
869 997 26 21 dä
911 996 118 22 ständerna

198 1025 160 21 sammanträda
373 1026 76 20 endast
463 1026 65 21 hvart
542 1026 70 26 tredje
628 1026 30 26 är,
675 1026 40 21 och
730 1032 49 15 man
795 1026 38 21 har
848 1026 90 21 kommit
953 1024 34 22 till
1001 1030 27 16 en

197 1052 82 26 ganska
294 1053 65 27 riktig
373 1054 79 27 kalkyl,
469 1060 46 16 som
531 1054 63 21 äfven
606 1054 39 27 jag
659 1054 56 22 hade
731 1056 52 20 äran
798 1057 59 24 göra,
873 1054 66 21 redan
953 1053 28 21 dä
991 1053 38 21 det

197 1081 57 21 varit
275 1081 62 27 fräga
359 1088 34 15 om
409 1084 32 20 att
462 1082 50 22 icke
533 1083 65 21 kosta
612 1083 29 27 pä
663 1083 152 21 ständerhuset
831 1089 46 15 mer
892 1084 27 19 än
934 1082 94 26 400,000

197 1109 68 26 mark,
288 1116 49 15 men
359 1117 49 15 man
424 1111 40 21 bör
481 1111 103 27 jemsides
607 1112 103 26 beräkna,
726 1112 86 20 hvilken
826 1112 54 26 hyra
895 1110 84 22 betalas
993 1110 35 21 för

198 1138 67 20 andra
279 1138 106 22 ändamål.
415 1140 43 21 Det
474 1146 51 15 vore
540 1142 15 19 t.
572 1146 32 15 ex.
620 1142 53 19 utan
688 1140 72 21 tvifvel
776 1140 85 27 mycket
875 1140 99 26 billigare
993 1144 35 16 om

196 1172 56 20 man,
276 1166 28 22 dä
325 1167 56 21 blott
400 1168 63 21 hvart
479 1169 74 21 tionde
569 1168 24 21 är
609 1170 32 20 ett
656 1168 112 27 kejserligt
783 1169 67 21 besök
865 1168 40 21 här
920 1167 106 25 inträffar,

197 1194 74 22 skulle.
281 1195 96 27 inlogera
392 1196 25 21 de
433 1197 58 27 höga
505 1199 102 25 gästerna
616 1197 29 27 pä
655 1197 102 21 Kleinehs
768 1198 58 21 hotel
844 1197 53 21 eller
912 1196 115 22 Societets-

196 1222 69 26 huset,
289 1225 27 19 än
339 1226 32 19 att
387 1225 72 21 derför
474 1225 129 21 underhälla
618 1227 32 20 ett
665 1226 110 27 kejserligt
790 1226 79 27 palats;
886 1231 49 15 men
951 1224 75 21 derom

196 1251 57 21 talar
274 1258 50 14 man
339 1252 54 22 icke.
423 1254 51 20 Man
491 1254 69 21 skulle
576 1254 45 21 helt
637 1254 74 21 säkert
725 1254 74 22 kunna
813 1254 70 21 skaffa
897 1260 47 15 rum
960 1253 7 20 i
983 1254 44 20 sta-

196 1280 52 20 dens
270 1280 49 21 bäst
342 1281 91 27 belägna
455 1282 126 27 byggnader
596 1282 23 21 ät
635 1283 26 21 de
677 1283 42 21 400
735 1282 102 28 fängarne
853 1282 27 27 pä
896 1281 81 21 Sörnäs
991 1280 36 21 för

195 1308 85 26 mycket
303 1309 98 26 billigare
416 1312 44 24 pris
477 1313 28 18 än
521 1312 42 19 300
578 1311 63 20 mark
656 1311 34 21 för
706 1311 47 21 äret
767 1318 39 20 per
820 1317 56 19 man,
893 1310 71 21 säsom
979 1308 48 21 fak-

195 1336 53 21 tiskt
269 1343 29 15 nu
321 1337 92 27 betalas;
436 1339 70 21 likaså
528 1339 72 21 kunde
622 1345 50 16 man
695 1339 101 27 möjligen
815 1339 22 21 få
853 1339 122 21 soldaterne
991 1337 38 24 vid

194 1364 96 27 Nylands
313 1366 96 27 bataljon
431 1367 125 27 inlogerade
580 1367 34 22 för
636 1368 97 27 billigare
756 1369 44 26 pris
823 1370 26 19 än
872 1367 34 21 för
927 1367 12 21 3
955 1365 13 22 &
983 1366 44 21 400

194 1393 62 21 mark
271 1400 38 20 per
324 1401 50 15 man
389 1402 35 15 om
442 1395 54 22 äret.

263 1422 50 22 Men
327 1423 38 27 jag
379 1424 43 21 kan
437 1425 73 21 lemna
525 1425 63 21 dessa
601 1424 142 27 jemförelser.
765 1426 42 26 Jag
822 1425 40 21 har
877 1424 59 22 förut
951 1423 76 21 nämnt

194 1451 32 19 att
246 1450 38 27 jag
305 1454 71 19 ansett
391 1452 39 21 och
446 1453 135 21 fortfarande
597 1460 64 14 anser
677 1454 36 20 det
727 1454 34 20 för
776 1454 49 20 bäst
840 1453 40 22 och
896 1453 33 21 för
944 1450 83 23 förnuf-

192 1478 67 26 tigast
274 1480 33 20 att
323 1480 151 22 ständerhuset
489 1482 103 26 uppföres
607 1482 28 26 pä
650 1483 111 25 gvarteret
772 1482 101 21 Servalen
884 1481 40 21 och
932 1480 38 27 jag
979 1478 48 22 häl-

192 1506 32 21 ler
242 1507 36 21 det
293 1508 46 21 icke
355 1509 34 21 för
404 1509 89 22 alldeles
510 1510 98 26 omöjligt
623 1511 33 20 att
671 1510 67 22 saken
753 1512 57 20 ännu
824 1511 35 21 vid
875 1510 70 21 denna
955 1507 72 21 landt-

193 1535 42 27 dag
257 1535 72 22 kunde
347 1539 51 25 taga
413 1543 26 15 en
455 1538 68 21 sädan
539 1538 114 27 vändning.
683 1539 50 21 Men
747 1539 36 21 vid
799 1538 77 22 sädant
890 1535 138 24 förhällande
