1117 1770
386 121 16 18 R.
415 125 14 14 o.
442 121 16 18 A.
470 120 46 19 1885.
541 119 10 19 2
564 119 45 19 Febr.
842 120 39 21 165

85 190 89 24 utskott,
197 188 46 22 icke
266 194 36 15 ens
324 189 68 21 under
410 188 80 22 sådana
511 188 151 22 förhållanden
678 188 65 26 vågar
758 188 53 26 hysa
826 194 26 15 en
867 187 42 21 för-

85 218 107 26 hoppning
215 217 72 21 derom
306 218 33 20 att
361 219 32 19 ett
414 217 163 26 fullständigare
594 216 88 27 förslag,
697 216 7 21 i
720 216 40 22 den
776 216 132 26 omfattning,

86 252 45 16 som
147 246 40 21 den
203 245 64 21 ärade
283 246 141 25 petitionären
439 246 39 20 har
494 246 72 25 afsett,
581 245 72 21 kunde
668 244 87 22 komma
765 247 33 19 att
806 244 103 26 föreligga

85 275 33 21 till
133 274 126 22 ständernas
273 274 129 26 behandling
417 274 68 21 under
500 274 70 21 denna
584 273 111 27 landtdag,
711 273 40 21 och
766 273 27 21 då
801 275 37 26 jag
848 273 61 21 äfven

86 304 62 26 hyser
167 303 40 21 den
224 302 54 27 åsigt
293 304 32 19 att
339 302 140 22 förevarande
495 302 79 22 ärende
590 304 80 19 rättast
686 302 39 21 bör
740 302 121 22 remitteras
876 301 33 21 till

86 332 167 24 statsutskottet,
275 331 80 26 nödgas
369 331 36 27 jag
420 333 103 19 motsätta
538 331 42 27 mig
596 330 107 28 yrkandet
717 336 35 15 om
767 330 142 22 tillsättandet

86 361 22 21 af
122 362 31 20 ett
168 360 101 21 särskildt
283 360 84 20 utskott
381 360 33 20 för
429 360 156 26 behandlingen
601 359 24 21 af
638 359 60 21 detta
713 359 80 26 förslag
808 360 32 20 till
855 358 53 27 peti-

86 390 51 20 tion.
167 389 41 25 Jag
229 390 38 24 gör
290 388 35 21 det
347 388 101 21 särskildt
470 388 62 21 äfven
554 388 24 21 af
592 388 41 21 den
649 387 64 21 orsak
728 388 32 20 att
776 388 28 20 då
816 388 43 26 jag,
873 386 36 22 vid

85 417 86 27 frågans
193 418 84 20 senaste
298 416 156 27 föredragning,
477 417 115 21 förordade
615 416 75 22 remiss
713 416 33 21 till
769 416 89 25 utskott,
872 416 37 26 jag

86 445 175 26 hufvudsakligen
283 445 87 21 dermed
392 445 56 21 blott
465 445 60 27 afsåg
540 447 33 19 att
589 446 31 20 ett
636 445 126 20 ständernas
777 444 110 21 uttalande
901 443 8 21 i

86 475 69 20 denna
169 473 122 27 högvigtiga
306 473 37 21 sak
359 474 68 21 skulle
442 474 36 21 vid
494 474 69 21 denna
578 473 104 27 landtdag
696 473 86 21 komma
797 473 33 21 till
840 471 69 26 stånd,

86 515 28 3 —
130 504 31 19 ett
174 502 111 21 uttalande
301 508 44 15 som
361 502 67 21 borde
442 502 57 27 gifva
514 503 84 20 landets
614 502 97 27 styrelse,
721 501 64 22 hvars
795 500 114 28 uppmärk-

86 531 89 26 samhet,
198 530 69 21 såsom
290 531 19 20 vi
332 533 53 21 veta,
409 531 55 21 varit
485 531 73 21 riktad
572 530 28 27 på
616 531 70 20 denna
699 529 67 28 fråga,
783 532 31 21 ett
828 529 82 28 ytterli-

87 566 49 20 gare
159 559 46 22 skäl
227 561 38 24 att,
284 559 23 21 så
321 559 44 21 fort
381 559 31 27 sig
426 561 54 25 göra
494 559 62 26 låter,
572 559 77 27 bringa
664 559 69 21 denna
749 559 37 21 sak
801 559 67 21 under
883 563 26 16 en

86 588 124 26 fullständig
224 588 118 26 utredning.

155 616 49 21 Med
226 616 85 27 ledning
333 616 22 21 af
369 616 40 21 den
424 616 90 21 sålunda
528 615 154 28 försiggångna
696 616 147 22 diskussionen
858 614 51 22 aflät

87 645 26 21 hr
120 645 197 21 landtmarskalken
325 645 32 21 till
366 645 95 21 ståndets
467 645 132 21 besvarande
608 651 26 15 en
642 645 24 21 så
672 645 90 26 lydande
767 644 141 27 proposition:

156 674 40 21 den
214 680 45 15 som
273 673 37 21 vill
325 673 32 21 till
373 674 161 21 statsutskottet
549 674 111 21 remittera
675 673 48 21 frih.
734 673 89 22 Wredes
833 672 76 27 ifråga-

87 703 92 20 varande
195 702 217 26 petitionsmemorial,
429 704 70 26 röstar
512 702 34 27 ja;

155 731 74 20 vinner
250 731 41 26 nej,
313 731 121 20 remitteras
455 731 238 26 petitionsmemorialet
715 731 32 20 till
763 732 31 19 ett
809 729 100 22 särskildt

88 759 89 26 utskott,
201 765 34 15 om
250 759 63 21 hvars
328 759 131 21 tillsättande
475 759 140 22 medstånden
631 759 31 21 uti
678 759 186 26 protokollutdrag
878 758 32 20 in-

88 787 75 27 bjudas
179 789 32 19 att
226 788 31 26 sig
271 787 80 22 förena.

157 816 46 21 Den
218 816 28 26 på
261 816 92 27 begäran
368 817 98 20 anstälda
482 817 71 21 slutna
568 816 161 27 omröstningen
743 815 62 22 utföll
820 815 49 22 med
882 815 27 20 38

86 845 24 26 ja
132 847 56 18 emot
203 845 26 21 26
245 845 40 26 nej,
302 845 32 21 till
349 845 53 26 följd
417 845 77 22 hvaraf
507 845 25 21 R.
549 851 19 15 o.
584 845 25 21 A.
626 845 95 21 beslutat
735 845 127 26 petitionens
877 849 32 15 re-

88 873 50 21 miss
152 873 32 21 till
199 873 166 26 statsutskottet,
382 873 31 21 dit
426 873 78 27 jemväl
519 873 110 27 protokoll
640 873 59 21 öfver
710 873 40 21 den
760 873 150 26 försiggångna

88 902 146 20 diskussionen
249 901 68 21 skulle
333 902 129 26 expedieras.

87 988 109 20 memorial
212 993 34 15 om
261 988 74 26 anslag
349 988 34 21 för
398 988 129 26 utvidgande
547 988 23 21 af
583 988 51 20 kur-
650 987 40 21 och
704 987 159 21 vårdanstalten
878 986 31 21 in-

87 1016 35 21 vid
136 1016 84 26 Kuopio
236 1016 53 20 stad.
306 1016 57 27 (pag.
379 1017 57 26 127).

155 1045 32 20 Hr
202 1044 138 21 Mechelin:
357 1045 48 21 Med
420 1045 100 21 afseende
536 1045 12 21 å
564 1045 36 21 det
614 1044 127 22 framstälda
755 1044 109 26 förslaget,
877 1044 33 20 att

86 1073 115 21 ständerna
222 1073 49 21 ville
295 1080 76 20 genom
400 1074 74 26 anslag
498 1073 102 22 befordra
625 1080 26 14 en
676 1073 123 27 utvidgning
824 1072 23 21 af
869 1072 42 20 den

86 1108 42 20 nya
149 1101 210 23 dårvårdsanstalten
380 1102 58 21 invid
460 1102 85 26 Kuopio
568 1102 56 25 stad,
644 1102 63 21 utber
720 1102 37 26 jag
771 1102 43 26 mig
829 1102 38 24 att,
883 1099 27 22 då

86 1130 26 21 hr
127 1136 18 15 v.
168 1130 109 27 Kraemer,
293 1137 45 15 som
359 1131 54 21 hade
428 1131 47 21 haft
490 1131 92 21 särskild
597 1130 114 27 anledning
725 1132 32 19 att
772 1130 70 21 uttala
856 1129 32 26 sig
902 1128 8 21 i

86 1159 72 25 saken,
180 1165 62 20 synes
263 1160 56 21 varit
340 1160 91 20 hindrad
453 1161 34 20 att
501 1160 86 20 komma
605 1159 113 25 tillstädes,
733 1165 29 14 nu
777 1158 76 22 endast
867 1157 22 21 få
903 1157 8 21 i

86 1187 86 21 korthet
193 1187 114 22 framhålla
328 1188 93 27 följande
444 1188 193 26 omständigheter:
660 1188 34 20 för
710 1189 31 19 ett
755 1187 59 21 antal
829 1186 24 21 år
868 1186 43 20 till-

86 1216 56 21 baka
163 1216 110 27 beviljade,
296 1216 28 27 på
339 1217 73 20 derom
434 1216 113 21 framstäld
569 1216 140 26 proposition,
725 1215 82 21 landets
823 1214 88 21 ständer

86 1245 73 26 anslag
173 1244 33 21 för
222 1244 129 22 dårvårdens
366 1245 129 27 utvidgande
511 1245 39 21 och
566 1245 157 21 förbättrande.
741 1244 103 21 Förutom
854 1242 57 21 hvad

86 1273 114 21 ständerna
215 1273 67 21 under
298 1273 120 22 dåvarande
438 1273 150 22 förhållanden
604 1273 94 26 anslogo,
714 1273 39 20 har
767 1272 23 21 af
804 1271 107 22 ordinarie

85 1301 124 22 statsmedel
224 1302 121 21 sedermera
360 1302 104 21 användts
479 1303 47 20 icke
542 1302 123 26 obetydliga
680 1301 83 26 belopp,
778 1301 34 20 för
827 1301 34 20 att
878 1299 33 21 till

86 1336 25 14 en
127 1330 74 26 början
217 1330 75 27 bringa
307 1330 32 22 till
355 1330 63 21 stånd
433 1331 248 26 upptagningsanstalter
695 1330 34 20 för
743 1329 64 21 dårar
817 1328 36 21 vid
863 1327 48 21 fler-

85 1358 53 21 talet
159 1358 138 27 länesjukhus
319 1360 56 20 samt
398 1359 213 21 dårvårdsanstalten
626 1359 6 21 i
648 1358 91 26 Kuopio.
768 1358 43 20 Det
825 1357 40 21 har
879 1356 32 20 in-

84 1386 47 28 gått
145 1387 31 21 uti
191 1390 144 24 programmet
350 1387 33 21 för
399 1387 133 22 dårvårdens
551 1387 157 25 förbättrande,
724 1388 32 19 att
771 1386 66 21 redan
853 1386 59 20 snart

84 1415 149 21 åstadkomma
255 1422 26 14 en
296 1422 71 15 annan
382 1418 69 19 större
472 1416 80 21 anstalt
566 1416 34 21 för
616 1415 111 22 enahanda
742 1414 53 27 syfte
810 1414 7 21 i
833 1419 26 15 en
875 1419 36 15 an-

84 1450 42 15 nan
149 1444 33 20 del
197 1444 24 21 af
240 1444 79 26 landet,
339 1445 2 21 i
357 1444 143 22 Tammerfors
516 1445 94 21 trakten.
640 1444 74 21 Under
728 1442 144 22 förberedelse
887 1443 24 19 är

82 1472 78 26 jemväl
175 1478 25 15 en
217 1472 130 28 ombildning
362 1472 23 22 af
399 1473 59 21 äldre
473 1473 84 21 kronan
572 1472 110 27 tillhöriga
697 1471 122 27 byggnader
834 1471 7 20 i
856 1470 57 21 Kex-

84 1500 68 24 holms
167 1501 92 26 fästning
273 1501 34 21 för
329 1501 192 21 åstadkommande
536 1501 23 21 af
573 1507 26 15 en
619 1501 45 26 asyl
679 1501 33 21 för
727 1500 99 21 kriminal
842 1498 70 21 dårar.

84 1529 68 21 Dessa
173 1529 66 26 fakta,
252 1529 67 27 jemte
335 1530 40 21 den
399 1530 159 26 omständighet
572 1531 34 19 att
621 1529 124 21 anvisandet
760 1528 23 21 af
796 1527 70 21 medel
880 1526 34 20 för
