1123 1773
227 119 49 39 294
502 125 16 18 R.
531 125 45 21 och
588 125 47 22 1985.
659 126 22 19 20
693 126 45 19 Kaks,

204 191 68 28 slaget
294 195 24 19 är
339 193 92 27 kortare,
454 194 36 21 det
513 193 92 23 afhäller
619 194 34 27 sig
666 194 48 22 från
729 194 108 27 åtskilliga
851 193 96 28 detaljer,
962 200 46 16 som
1023 195 8 21 i

204 220 75 27 sjelfva
300 221 74 22 verket
394 222 47 22 icke
464 224 37 20 äro
525 223 102 27 lämpliga
645 225 33 19 att
692 223 49 27 ingå
755 223 8 21 i
779 223 145 26 reglementet,
939 223 40 21 och
994 223 37 22 det

204 250 110 22 utmärker
335 251 32 27 sig
388 251 64 22 också
467 251 7 22 i
488 251 58 22 vissa
569 251 60 22 delar
651 251 33 22 för
698 258 27 15 en
740 251 116 28 lyckligare
870 251 118 22 redaktion.
1019 251 11 22 I

204 278 40 21 sak
264 279 117 22 innehåller
402 280 36 21 det
453 280 47 22 icke
515 280 73 21 alltför
602 280 78 27 många
695 280 118 27 väsentliga
828 279 148 28 förändringar
990 279 40 22 och

204 308 58 20 ännu
276 307 56 22 färre
346 307 24 22 af
382 310 68 20 större
465 309 115 27 betydelse.
603 309 42 27 Jag
659 309 68 22 skulle
742 309 65 22 också
822 308 34 21 för
870 309 44 20 min
924 309 34 21 del
968 308 63 21 hafva

204 334 84 23 afhållit
311 337 44 26 mig
378 336 46 22 från
446 339 32 20 att
500 337 50 27 ingå
573 337 7 21 i
603 344 26 15 en
651 337 130 28 granskning
799 337 23 21 af
835 337 27 22 de
876 337 153 27 förändringar,

204 363 73 23 hvilka
295 365 37 27 jag
354 365 46 22 icke
418 366 41 21 kan
474 366 121 27 godkänna,
610 366 64 21 innan
689 367 87 21 ståndet
791 365 41 22 fått
847 365 53 22 höra
915 365 115 22 utskottets

204 393 110 22 uttalande
336 393 8 21 i
358 394 71 27 saken,
449 395 7 21 i
471 395 38 21 fall
523 395 47 21 icke
586 395 64 21 bland
665 395 27 21 de
707 395 24 21 af
743 393 97 24 komitön
855 394 119 27 föreslagna
989 394 42 21 för-

204 421 142 28 ändringarne
367 422 68 23 skulle
456 423 50 27 ingä
528 429 26 16 en
576 423 23 22 af
619 425 46 20 stor
687 423 45 28 vigt
754 423 41 22 och
814 423 88 21 hvarom
915 423 37 27 jag
966 429 65 21 gerna

204 449 50 22 ville
268 450 161 28 tillkännagifva
443 452 44 21 min
502 452 65 21 tanke
582 452 33 21 till
631 452 41 21 den
687 452 57 21 kraft
759 451 41 22 och
815 451 80 22 verkan
910 452 40 21 den
965 451 65 22 sedan

204 478 43 22 kan
268 485 58 16 vara.
355 480 42 21 Det
418 483 24 19 är
464 481 107 26 nämligen
586 481 7 21 i
608 481 61 26 fräga
684 487 35 15 om
734 481 42 21 den
791 480 124 27 förändring
929 480 22 22 af
965 479 65 22 bank-

202 507 278 28 fullmäktigsinstitutionen
502 515 46 16 som
571 509 23 22 af
611 509 96 22 komitön
721 509 129 27 föreslagits,
867 515 49 15 men
931 509 23 21 af
965 508 65 22 bank-

204 535 133 29 fullmäktige
352 537 106 27 afstyrkts.
488 538 42 27 Jag
544 538 39 21 har
603 538 49 21 med
667 540 55 19 stort
737 538 91 21 intresse
842 537 55 28 tagit
911 537 119 22 kännedom

204 571 35 15 om
261 565 26 22 de
308 566 98 27 grunder,
428 573 46 15 som
496 566 117 22 framstälts
628 567 56 21 bäde
698 566 33 22 för
746 567 41 21 och
802 567 58 20 emot
874 566 101 27 förslaget
990 565 40 22 och

200 593 38 27 jag
252 594 68 21 mäste
335 594 95 28 beklaga,
454 597 32 20 att
501 595 26 22 de
542 595 133 22 närvarande
690 595 192 26 bankfullmäktige
897 595 62 21 hafva
974 596 56 20 stan-

203 624 37 19 nat
255 623 36 21 vid
305 625 33 19 att
352 623 94 27 afstyrka
461 624 107 27 förslaget,
584 624 68 21 ehuru
667 624 26 21 de
708 624 7 21 i
730 624 43 21 viss
788 623 50 22 män
854 623 93 22 erkänna
957 623 72 22 behof-

202 652 37 20 vet
261 651 23 21 af
297 658 26 15 en
337 651 129 28 förändring,
482 653 95 21 erkänna
592 655 32 19 att
639 653 36 21 det
690 652 124 22 nuvarande
829 652 81 21 antalet
924 651 105 22 bankfull-

202 679 94 28 mäktige
318 680 46 22 icke
384 681 89 22 innebär
487 681 128 27 tillräckliga
630 682 108 26 garantier
752 681 35 21 för
802 681 56 21 vissa
873 681 23 21 af
909 681 27 21 de
949 681 80 26 vigtiga

202 707 129 27 funktioner,
354 715 45 16 som
421 710 119 21 tillkomma
562 710 139 27 fullmäktige.
733 710 41 27 Jag
796 709 55 21 skall
873 709 47 22 icke
934 711 94 25 upptaga

203 737 37 21 det
261 737 56 27 högl.
340 738 95 22 ständets
450 739 32 21 tid
496 739 49 21 med
560 740 33 20 att
607 739 134 21 äterkomma
755 738 35 21 till
805 738 57 21 hvad
876 737 57 22 förut
947 738 7 21 i
969 737 59 22 tiden

202 765 40 21 har
256 765 126 29 föreslagits,
397 767 40 21 och
452 767 85 22 hvaruti
549 767 38 27 jag
602 767 65 22 också
685 767 47 22 haft
747 767 71 27 någon
833 766 41 23 del,
890 767 8 21 i
908 766 98 22 afseende
1016 766 12 22 å

202 794 70 22 denna
285 795 127 27 institution,
426 802 49 16 men
487 796 38 28 jag
538 796 43 21 kan
596 796 47 22 icke
657 796 56 22 neka
727 798 34 19 att
776 796 27 21 de
818 796 122 26 upprepade
954 795 74 21 försla-

202 828 40 21 gen
265 823 55 22 dock
334 824 45 22 visa
394 826 31 20 att
440 825 65 27 nägot
520 825 47 21 skäl
581 824 68 22 finnes
664 825 33 21 till
712 831 27 15 en
753 824 127 26 förändring
894 824 23 21 af
930 824 36 21 det
980 826 48 19 när-

201 852 99 26 varande,
316 852 28 22 dä
358 853 105 27 yrkandet
482 854 65 26 derpä
561 853 40 21 har
615 853 146 22 framkommit
776 852 37 22 vid
827 855 25 19 sä
866 852 76 27 mänga
956 852 72 21 tillfäl-

201 880 41 27 len,
258 880 40 22 och
313 880 47 23 frän
375 882 23 21 sä
412 882 78 27 mänga
503 889 108 20 personer,
628 882 56 21 ända
697 882 47 21 frän
761 881 76 27 början
852 881 24 22 af
888 881 37 22 det
940 881 40 21 den
990 887 38 15 nu-

201 909 93 22 varande
316 911 171 26 organisationen
510 911 75 21 trädde
600 911 8 21 i
623 911 142 21 verksamhet.
797 910 59 21 Hvar
878 909 40 22 och
933 916 33 20 en,
981 915 46 16 som

199 937 56 22 varit
278 939 48 21 med
340 939 8 21 i
362 939 95 22 bankens
478 939 129 28 förvaltning
629 940 68 21 under
718 939 71 27 någon
811 939 74 26 längre
898 939 39 24 tid,
959 938 68 22 måste

201 966 94 22 erkänna
317 969 32 20 att
372 968 40 21 den
429 968 132 21 närvarande
576 968 173 27 organisationen
764 967 48 22 icke
827 969 25 19 är
866 967 48 21 fullt
928 966 100 22 tillfreds-

200 995 110 22 ställande.
341 996 128 28 Visserligen
491 997 39 21 har
552 997 145 26 inrättningen
719 997 86 21 arbetat
823 995 40 22 och
878 995 85 22 arbetat
977 1001 50 21 gan-

199 1023 40 21 ska
260 1023 166 29 framgängsrikt
447 1025 50 22 med
513 1025 41 22 den
569 1025 133 22 närvarande
720 1024 181 28 organisationen,
917 1029 48 16 men
979 1023 47 22 icke

200 1051 60 22 desto
276 1053 82 22 mindre
372 1053 39 22 har
425 1054 37 21 det
476 1053 94 22 inträffat
585 1054 152 26 förhållanden,
753 1059 47 16 som
815 1053 56 21 visat
881 1052 146 27 önskligheten

200 1081 32 20 att
241 1081 102 22 förändra
353 1082 40 21 den
404 1083 86 26 derhän,
502 1084 32 19 att
541 1083 191 26 bankfullmäktige
743 1082 131 21 ätminstone
881 1081 33 21 för
922 1081 55 21 vissa
983 1081 44 26 vig-

198 1109 70 26 tigare
282 1109 72 28 frägor
368 1111 68 21 skulle
450 1111 72 21 kunna
536 1113 164 19 sammansättas
715 1111 30 26 sä,
761 1112 34 20 att
810 1110 27 21 de
850 1109 68 22 skulle
928 1109 58 21 bilda
996 1110 30 20 ett

198 1137 160 28 tillförlitligare
379 1145 66 21 organ
466 1139 34 22 för
515 1139 26 22 de
556 1140 85 27 äsigter,
665 1146 46 15 som
725 1140 60 21 inom
801 1139 41 21 den
857 1137 170 27 sakförständiga

197 1166 145 23 allmänheten
364 1168 35 21 vid
420 1168 57 21 vissa
498 1168 80 27 vigtiga
595 1168 99 21 tillfällen
709 1168 84 21 kunnat
807 1169 53 25 göra
875 1166 33 27 sig
922 1166 102 27 gällande.

196 1195 12 21 I
229 1195 61 28 fråga
311 1202 35 15 om
369 1197 172 26 organisationen
554 1197 24 21 af
591 1197 76 26 högsta
682 1197 105 26 styrelsen
802 1195 33 22 för
850 1195 70 22 denna
934 1194 33 22 för
981 1195 45 20 lan-

196 1223 48 22 dets
267 1224 49 21 hela
337 1225 199 22 affärsverksamhet
557 1225 24 22 sä
603 1225 80 27 vigtiga
705 1224 123 22 institution
850 1229 62 22 synes
927 1223 43 27 mig
984 1223 42 21 alla

196 1251 64 22 hafva
274 1253 56 21 varit
345 1259 49 16 ense
410 1254 52 23 deri,
478 1255 32 20 att
525 1254 80 21 antalet
620 1253 134 27 fullmäktige
769 1253 68 21 borde
853 1253 61 25 ökas;
924 1251 65 22 ocksä
999 1251 27 22 de

196 1281 133 22 närvarande
352 1281 196 28 bankfullmäktige,
571 1289 46 15 som
639 1284 52 25 säga
713 1284 32 19 att
768 1282 37 21 det
821 1287 51 15 vore
887 1280 93 27 önskligt
993 1281 33 20 att

196 1308 145 29 fullmäktiges
364 1311 58 21 antal
436 1311 72 21 kunde
523 1311 52 21 ökas
590 1311 33 21 till
638 1311 49 22 fem,
703 1310 33 21 för
752 1312 34 20 att
801 1309 129 22 ätminstone
945 1308 81 21 undan-

195 1337 63 28 rödja
280 1344 26 15 en
324 1338 68 22 sädan
406 1339 140 22 eventualitet
560 1341 32 20 att
607 1341 77 20 tvenne
699 1338 194 27 bankfullmäktige
907 1337 72 21 kunde
993 1337 33 21 uti

195 1367 32 20 ett
242 1366 76 27 vigtigt
332 1369 96 20 moment
441 1368 146 27 genomdrifva
602 1374 27 15 en
644 1368 81 27 ätgärd,
741 1373 48 16 som
804 1367 56 21 hade
876 1367 45 20 mot
935 1366 32 27 sig
977 1365 49 22 hela

195 1394 134 23 direktionen
344 1395 41 22 och
401 1396 26 21 de
441 1396 37 21 tvä
493 1396 72 27 öfrige.
591 1397 42 21 Det
648 1396 108 26 behöfver,
773 1401 64 21 synes
851 1395 51 26 mig,
917 1394 46 22 icke
977 1396 49 19 när-

193 1429 60 17 mare
267 1424 110 22 utvecklas
392 1424 34 22 för
440 1425 52 21 hvar
508 1425 39 22 och
562 1431 33 18 en,
611 1431 46 15 som
672 1425 39 21 har
721 1425 42 21 läst
777 1423 155 27 motiveringen
942 1423 7 21 i
958 1423 67 21 komi-

194 1451 48 22 töns
264 1452 80 28 förslag
367 1453 40 21 och
429 1454 32 21 uti
484 1454 144 21 direktionens
649 1454 107 26 yttrande,
780 1452 88 22 hvarför
888 1452 36 21 det
938 1458 50 15 vore
1004 1450 23 22 af

193 1480 46 27 vigt
253 1483 33 19 att
300 1481 192 29 bankfullmäktige
506 1482 68 22 under
582 1482 106 22 särskilda
698 1481 166 23 eventualiteter
874 1480 69 22 skulle
952 1480 73 21 kunna

192 1508 104 23 talrikare
311 1510 86 27 deltaga
410 1510 8 22 i
434 1512 26 21 de
474 1511 97 25 ärender,
587 1511 84 21 hvilkas
685 1510 134 27 behandling
828 1509 130 22 tillkommer
969 1508 54 21 dem.

191 1537 68 23 Detta
272 1540 26 20 är
312 1538 78 28 tydligt
404 1540 41 21 och
460 1540 85 22 släende
559 1539 128 26 framhället,
702 1539 55 22 först
772 1545 27 15 ur
815 1538 41 22 den
870 1536 108 28 synpunkt
991 1537 33 21 att
