1120 1756
373 127 16 19 R.
401 132 15 14 0.
428 127 16 18 A.
457 127 46 19 1885.
520 123 9 33 —
539 127 10 18 5
561 127 46 18 Febr.
834 129 39 21 195

77 198 53 19 utan
152 195 70 27 nägon
244 195 130 27 tidsutdrägt
396 197 74 20 kunna
485 196 50 21 leda
549 196 34 21 till
599 202 83 15 samma
697 196 49 27 mäl,
764 203 44 16 som
823 197 25 20 R.
864 196 37 22 U:s

77 224 82 27 förslag
182 223 62 26 afser,
260 225 23 26 ty
306 224 121 27 derigenom
443 226 35 19 att
492 225 62 21 listor
569 231 50 15 vore
635 224 122 27 framsatta,
774 227 39 20 der
827 225 74 26 hvarje

78 253 91 21 medlem
191 252 68 21 under
282 253 166 21 sammanträdet
464 253 71 22 kunde
555 253 108 21 anteckna
679 254 37 26 sig,
733 254 68 22 skulle
817 260 48 15 man
880 253 22 21 fä

79 288 27 15 en
120 281 134 26 förteckning
270 281 58 21 öfver
343 281 43 21 alla
401 282 55 26 dem,
474 288 44 15 som
533 282 69 21 under
617 282 74 27 längre
707 282 53 21 eller
774 283 86 22 kortare
871 282 31 21 tid

79 311 87 21 bivistat
188 312 32 19 ett
236 310 156 21 sammanträde
414 311 41 20 och
471 310 65 27 nägot
559 313 66 18 annat
640 310 70 22 skulle
725 311 47 21 icke
788 312 67 21 heller
870 317 32 15 er-

79 339 38 21 nås
139 345 76 21 genom
235 339 41 20 den
291 338 23 21 af
326 338 24 21 R.
368 338 24 21 U.
412 339 125 27 föreslagna
560 339 153 26 anordningen.
743 339 41 28 Jag
806 340 95 21 biträder

80 367 24 22 sä
118 367 84 27 mycket
218 367 66 20 hellre
299 367 26 20 hr
340 367 165 27 Pippingskölds
527 367 82 27 förslag
624 368 7 20 i
646 368 62 21 detta
723 369 68 26 ämne,
807 375 45 15 som
865 368 36 27 jag

81 398 42 19 sett
138 402 26 15 en
179 395 58 27 dylik
252 396 71 20 metod
338 396 108 27 tillämpas
463 397 35 20 vid
519 396 194 21 sammankomster
728 396 34 21 för
777 397 125 26 vet-nskap-

79 425 44 26 liga
139 424 69 27 syften
223 424 126 21 utomlands.
378 425 69 21 Afven
464 425 37 21 der
518 427 24 19 är
552 425 37 21 det
600 425 82 26 vanligt
692 427 33 19 att
737 425 165 22 medlemmarne

81 453 73 27 sjelfve
170 453 106 21 anteckna
291 453 30 26 sig
335 453 28 27 pä
378 459 26 15 en
420 453 34 22 för
471 453 77 22 sådant
563 453 101 22 ändamål
679 453 106 28 framlagd
801 455 56 20 lista.

149 481 57 22 Frih.
230 481 23 21 af
274 481 137 27 Schulten,
434 483 30 20 M.
488 483 40 21 W.:
544 483 32 20 Hr
599 482 122 21 Schauman
744 483 111 21 anmärkte
871 483 32 20 att

81 510 130 27 protokollet
233 510 83 21 komme
338 512 32 19 att
385 511 81 21 bevara
480 517 92 15 namnen
587 511 77 21 endast
679 511 28 27 pä
722 511 25 21 de
763 511 140 22 fränvarande

82 539 39 21 och
137 539 45 21 icke
198 538 28 27 pä
241 539 25 20 de
282 539 138 21 närvarande.
451 539 67 22 Detta
533 546 50 15 vore
599 539 55 22 dock
670 539 23 21 af
709 540 63 27 ingen
788 539 114 28 betydelse,

82 567 27 22 dä
125 568 36 21 det
176 570 24 19 är
216 574 25 15 en
256 568 41 21 lätt
312 568 37 21 sak
364 570 32 19 att
414 568 119 21 verkställa
543 569 41 20 den
595 568 24 21 af
628 569 78 20 honom
718 569 127 21 omnämnda
855 568 49 21 sub-

81 597 130 21 traktionen.
241 596 57 21 Frih.
313 597 97 21 Paimens
426 597 82 26 förslag
529 603 63 15 anser
613 597 37 26 jag
673 597 54 21 böra
749 598 105 21 uteslutas
875 596 28 27 pä

84 625 69 27 grund
175 625 62 21 äfven
252 625 23 20 af
288 626 41 21 den
347 625 131 27 invändning
500 632 45 15 som
567 625 50 22 frih.
643 626 79 21 Wrede
744 626 81 27 gjorde,
849 631 55 15 eme-

85 654 42 21 dan
145 654 119 21 detsamma
286 654 66 21 skulle
374 654 67 21 blifva
460 654 138 27 otillämpligt
620 655 36 20 vid
671 654 77 27 mänga
764 655 140 21 sammanträ-

85 683 47 20 den.
161 683 33 20 Hr
208 682 162 27 Pippingskölds
384 682 82 27 förslag
482 683 68 21 skulle
559 683 47 21 icke
622 683 84 26 utreda,
722 685 39 19 när
776 690 55 21 resp.
846 683 59 21 leda-

83 713 70 19 möter
168 711 105 26 aflägsnat
290 711 37 26 sig,
343 711 39 21 och
402 713 40 19 när
458 712 26 21 de
501 712 98 25 anländt;
616 712 37 21 det
668 711 70 22 blefve
754 712 55 21 blott
824 711 81 22 bekant

85 741 33 19 att
133 740 62 21 dessa
217 740 117 21 ledamöter
356 740 56 21 varit
434 740 71 27 nägon
527 741 32 20 tid
574 741 69 20 under
661 741 87 26 plenum
763 740 140 25 närvarande,

84 774 49 15 men
154 768 47 22 icke
216 770 39 20 när
270 768 40 22 och
324 769 68 21 under
407 769 87 21 hvilken
509 769 38 21 tid.
577 769 82 21 Genom
675 769 25 21 R.
716 769 41 22 U:s
772 769 87 27 förslag,
883 767 24 22 af

85 797 24 21 R.
133 804 19 14 o.
168 798 37 20 A:s
226 798 138 21 medlemmar
385 798 28 26 pä
428 800 33 19 ett
476 798 62 26 lojalt
554 800 43 19 sätt
613 798 129 26 tillämpadt,
758 798 68 21 skulle
842 798 63 20 dessa

85 826 182 26 omständigheter
282 826 65 21 blifva
368 826 78 21 kända.
482 827 67 21 Detta
571 826 82 28 förslag
676 833 62 21 synes
760 827 43 27 mig
821 825 85 22 derföre

85 854 133 22 fortfarande
233 861 52 15 vara
300 855 35 21 det
350 855 62 21 bästa
428 855 40 21 och
481 855 38 27 jag
534 856 39 20 ber
587 855 22 21 fä
625 856 133 21 understöda
780 856 125 20 detsamma.

153 883 58 21 Frih.
234 883 115 27 Palm6n,
373 884 24 20 E.
421 884 33 21 G.:
471 884 42 26 Jag
528 890 63 15 anser
611 884 46 21 icke
674 884 70 21 denna
762 884 38 21 sak
815 890 52 15 vara
882 882 24 22 sä

85 911 155 27 betydelsefull,
256 914 32 19 att
300 912 37 27 jag
351 912 91 22 behöfde
459 915 95 25 upptaga
569 912 97 22 ständets
682 913 31 21 tid
728 913 48 21 med
786 912 65 27 nägot
861 912 45 20 län-

85 946 37 21 gre
145 941 141 26 andragande,
309 947 48 15 men
379 941 55 21 efter
449 948 47 14 som
511 942 37 20 det
563 941 136 26 framhällits,
716 943 32 19 att
763 942 48 20 mitt
826 940 81 27 förslag

86 969 69 21 skulle
169 976 53 14 vara
236 970 120 26 opraktiskt
370 970 40 21 och
424 970 48 21 icke
493 970 74 27 belysa
581 970 57 21 hvad
654 970 36 21 det
705 970 39 21 bör
759 970 80 27 belysa,
857 969 50 21 ville

84 998 37 26 jag
135 998 56 21 blott
214 999 77 25 erinra,
307 1000 31 19 att
354 998 56 22 hvad
426 1005 26 15 en
469 999 115 21 efterverld
603 999 37 21 vill
656 1001 55 23 veta,
728 1001 30 24 är,
774 998 73 22 hvilka
862 1004 44 15 som

87 1027 89 26 deltagit
190 1027 8 21 i
214 1026 94 22 ständets
329 1028 80 26 vigtiga
424 1028 81 25 beslut;
526 1028 97 20 deremot
637 1028 62 20 torde
714 1028 63 26 ingen
792 1026 115 22 efterverld

84 1055 67 27 fråga,
167 1056 73 20 hvilka
255 1062 44 15 som
314 1056 55 21 varit
384 1057 135 20 närvarande
539 1056 36 21 vid
589 1056 117 26 afgörande
722 1056 24 21 af
759 1056 72 26 frågor
847 1054 23 22 af
883 1054 24 22 sä

85 1084 61 26 ringa
167 1084 115 27 betydelse,
298 1086 32 20 att
345 1085 64 26 ingen
427 1086 100 26 votering
542 1085 75 21 dervid
633 1087 35 25 egt
684 1091 54 15 rum.
768 1084 86 22 Sädana
869 1083 38 21 fall

85 1114 38 19 äro
146 1112 23 22 af
183 1113 24 21 sä
221 1114 150 20 underordnad
392 1114 51 26 vigt,
460 1115 33 19 att
507 1120 56 20 man,
583 1114 66 26 enligt
664 1114 44 20 min
723 1114 71 25 tanke,
809 1113 48 21 icke
872 1112 37 21 be-

85 1140 75 22 höfver
176 1141 57 21 fästa
248 1142 31 26 sig
293 1142 36 21 vid
344 1142 54 21 dem.
428 1143 35 20 En
478 1142 70 22 fördel
564 1142 23 21 af
600 1142 50 21 mitt
665 1142 81 27 förslag
756 1148 51 15 vore
818 1142 7 20 i
835 1140 74 27 hvarje

85 1169 46 27 fall,
147 1172 33 19 att
194 1170 37 21 det
246 1171 46 21 icke
308 1171 68 21 skulle
391 1171 63 21 kosta
471 1171 85 21 ständet
574 1171 95 27 ringaste
685 1170 137 26 tidsutdrägt.
847 1169 62 21 Hvad

86 1198 26 21 hr
127 1198 163 28 Pippingskölds
304 1199 80 27 förslag
400 1200 110 26 beträffar,
527 1206 62 21 synes
605 1200 36 20 det
656 1200 44 26 mig
714 1205 78 15 annars
807 1204 52 15 vara
873 1204 38 14 an-

85 1227 84 27 tagligt,
191 1234 49 15 men
252 1228 39 27 jag
312 1228 92 26 befarar,
420 1230 34 20 att
476 1228 78 27 mänga
568 1228 141 21 medlemmar
726 1228 24 21 af
763 1227 86 22 ständet
863 1226 48 22 icke

87 1256 69 22 skulle
179 1256 71 22 erinra
272 1258 31 26 sig
325 1259 32 19 att
378 1259 54 25 göra
447 1257 72 21 denna
538 1258 135 26 anteckning.
704 1257 59 21 Skall
777 1262 50 15 man
842 1255 69 21 under

87 1284 50 22 hela
158 1285 172 27 landtdagstiden
344 1286 36 20 vid
395 1286 75 26 hvarje
490 1286 86 27 plenum
591 1288 53 24 göra
660 1292 27 15 en
702 1286 58 27 dylik
776 1284 135 26 anteckning,

87 1315 47 20 tror
147 1314 37 26 jag
199 1314 37 21 det
250 1314 42 21 blir
306 1314 32 22 för
353 1314 92 27 mängen
461 1315 92 27 ogjordt.

157 1343 32 21 Hr
203 1342 204 28 Pippingsköld:
430 1344 10 20 I
464 1344 115 26 anledning
601 1343 24 21 af
638 1343 48 21 frih.
710 1343 23 21 af
746 1342 113 22 Schultens
881 1342 33 20 in-

88 1370 107 28 vändning
217 1371 81 22 tilläter
318 1372 36 26 jag
374 1372 42 26 mig
432 1374 59 19 ännu
506 1378 27 15 en
547 1372 56 26 gäng
618 1374 54 24 göra
687 1378 26 15 en
728 1370 184 26 motinvändning;

89 1400 36 20 det
140 1400 43 20 kan
197 1400 39 21 allt
250 1400 34 21 för
298 1401 34 20 väl
347 1400 71 21 hända
433 1402 34 20 att
484 1407 25 15 en
525 1401 91 21 medlem
635 1400 23 21 af
678 1401 60 21 detta
760 1399 63 22 ständ
845 1398 69 21 under

89 1428 48 21 dess
152 1428 49 21 hela
216 1429 156 21 sammanträde
388 1429 92 27 deltagit
494 1430 7 20 i
514 1429 154 26 diskussionen,
685 1429 89 27 deltagit
789 1428 7 21 i
812 1428 43 21 alla
869 1433 46 15 om-

90 1457 128 27 röstningar,
240 1464 48 15 men
310 1458 46 21 icke
378 1458 57 21 varit
455 1458 136 21 närvarande
606 1458 36 21 vid
657 1458 68 21 första
740 1457 39 22 och
794 1457 53 21 sista
861 1456 55 21 kon-

89 1485 85 27 trollen,
197 1486 83 21 säledes
298 1488 23 19 är
336 1486 103 27 förslaget
454 1487 65 26 högst
534 1486 212 22 otillfredsställande
761 1485 70 22 säsom
847 1485 24 20 R.
887 1483 29 22 U-

90 1515 110 26 föreslagit
215 1515 123 21 detsamma.

159 1544 32 20 Hr
201 1544 97 25 Antell,
310 1543 34 22 K.:
360 1543 50 21 Med
420 1544 125 26 anslutning
555 1544 33 21 till
597 1543 115 27 förslagets
723 1542 98 28 syftemä]
832 1541 39 21 och
881 1539 35 22 till
