1120 1756
355 136 17 20 B.
381 141 18 16 0.
412 136 16 19 &
440 136 46 20 1885.
510 136 23 19 20
544 136 46 19 Fehr.
843 138 40 21 321

84 205 27 22 åt
133 206 48 22 dem
203 212 45 16 som
271 206 36 21 äro
323 211 59 16 mera
397 205 96 28 lagfarne
508 207 29 20 än
549 205 38 27 jag
601 206 34 20 att
649 204 103 28 förklara,
767 205 105 22 huruvida
886 211 27 15 en

85 234 69 22 sådan
170 234 133 26 bestämning
318 234 78 22 strider
411 236 58 20 emot
483 234 64 27 lagen
562 234 52 21 eller
629 233 54 22 icke.
713 233 163 29 Hufvudnyttan
890 233 24 21 af

87 262 186 28 postsparbanken
294 262 83 27 hoppas
396 262 38 28 jag
457 263 55 21 skall
531 262 79 27 uppstå
624 268 78 21 genom
717 262 38 22 det
769 264 69 20 större
853 262 59 22 antal

84 292 201 26 sparbankskontor
307 291 39 21 och
368 291 41 21 den
424 291 186 27 omständigheten
626 292 33 20 att
674 290 63 22 dessa
751 291 78 22 kontor
843 290 69 23 hållas

89 322 70 25 öppna
180 320 25 21 så
226 319 51 27 godt
299 326 45 15 som
366 320 44 21 alla
432 320 56 22 tider
507 319 29 27 på
551 320 76 26 dagen,
643 319 28 21 då
686 319 63 22 äfven
763 320 150 26 postkontoret

88 348 68 22 hålles
171 350 72 25 öppet.
267 348 112 27 Vanskligt
394 350 24 20 är
434 350 33 20 att
481 348 109 27 uppställa
600 348 71 26 någon
682 348 73 27 kalkyl
766 348 63 27 öfver,
840 348 73 22 hvilka

88 376 78 28 belopp
181 377 20 21 vi
216 376 72 22 kunna
302 378 70 25 vänta,
388 382 50 16 men
454 377 7 21 i
471 377 100 27 England
581 377 40 21 har
631 376 282 27 postsparbanksinsättnin-

85 411 79 22 garnes
187 412 82 14 summa
285 405 59 27 stigit
357 406 8 20 i
380 406 37 21 det
433 407 108 20 närmaste
556 405 45 21 lika
615 405 54 27 högt
683 411 47 16 som
745 405 168 27 insättningarne

87 434 30 27 på
139 434 203 27 sparbanksböcker.
371 434 113 22 Hvardera
508 434 66 22 hafva
596 434 34 21 för
651 434 134 21 närvarande
807 434 59 27 stigit
880 433 33 22 till

87 463 107 28 betydligt
209 463 57 21 öfver
281 464 84 20 ettusen
380 463 99 27 miljoner
493 463 70 22 finska
577 463 68 21 mark.
676 463 11 21 TI
701 463 37 21 fall
753 463 21 21 vi
787 463 50 27 vilja
846 462 68 21 räkna

89 494 26 20 ut
129 492 53 21 efter
196 491 212 22 innevånareantalet
422 492 41 21 och
471 492 92 27 jemföra
578 491 49 22 med
642 491 26 21 de
683 491 144 28 insättningar
837 497 46 15 som
893 491 21 20 vi

90 520 64 22 hafva
168 521 8 20 i
190 520 52 21 våra
275 520 121 27 gparbanker
411 520 60 21 cirka
485 521 28 21 20
529 521 105 26 miljoner,
649 520 41 21 och
705 520 26 21 de
747 520 106 27 depositer
868 525 45 16 som

90 549 21 21 vi
124 549 63 21 hafva
201 549 7 20 i
223 548 51 30 våra
289 549 172 26 depositbanker,
477 549 59 22 cirka
550 549 28 21 40
593 549 100 26 miljoner
708 549 52 21 eller
774 549 139 21 tillsammans

89 577 30 22 60
134 577 102 27 miljoner,
251 579 56 19 samt
320 579 51 25 taga
385 578 8 21 i
407 577 143 28 betraktande
566 579 33 20 att
610 577 232 27 durchsnittsbeloppet
853 577 23 21 af
883 577 31 20 in-

91 606 145 27 sättningarne
251 606 7 21 i
273 606 209 27 postsparbankerne
497 607 7 20 i
514 606 99 27 England
623 606 47 21 icke
682 606 125 27 öfverstiger
817 606 27 21 70
854 605 61 22 mark

89 635 44 22 och
151 635 299 26 durchsnittsinsättningarne
465 636 8 21 i
487 635 85 27 vanliga
587 635 134 26 sparbanker
735 635 7 20 i
757 634 97 28 England
869 634 46 21 icke

93 663 114 27 öfverstiga
222 663 41 22 100
277 663 68 26 mark,
360 663 24 22 så
399 663 60 22 skola
475 665 20 20 vi
510 664 50 21 med
574 663 112 27 förvåning
701 669 22 16 se
739 665 33 20 att
786 664 62 21 dessa
863 663 52 21 min-

93 692 38 21 dre
153 691 125 22 bemedlade
304 698 102 21 personer
428 692 8 21 i
457 693 99 26 England
571 692 8 21 i
593 692 127 27 proportion
734 692 33 21 till
781 692 84 21 landets
879 691 36 22 be-

92 720 95 27 folkning
201 720 63 21 hafva
278 721 142 26 insättningar
435 721 7 21 i
457 721 133 26 sparbanker
608 721 34 20 till
658 721 85 26 mycket
757 721 66 27 högre
838 721 77 26 belopp

94 750 28 20 än
136 749 55 21 hvad
206 755 46 15 som
266 749 43 21 alla
322 749 53 21 våra
390 750 109 26 depositer
514 749 142 22 tillsammans
671 751 84 25 utgöra.

161 777 57 21 Frih.
233 777 117 27 Palmén,
366 778 18 21 E
407 777 32 22 G.:
455 778 33 21 En
504 778 127 27 föregående
646 777 53 22 ärad
713 777 74 27 talare,
802 777 26 22 hr
838 777 77 27 Antell,

90 805 41 22 har
145 806 104 26 anmärkt,
265 807 32 20 att
312 806 40 21 den
367 806 100 22 afvikelse
481 806 48 22 från
544 806 273 27 postsparbankskomiténs
832 805 83 28 förslag,

89 839 48 16 som
160 834 31 21 uti
216 835 47 20 nåd.
279 841 71 21 prop:s
364 834 80 27 förslag
457 835 34 21 till
505 834 124 27 förordning
644 835 73 27 gjorts,
733 834 46 22 icke
794 834 67 22 blifvit
876 834 41 21 för-

91 861 76 23 bisedd
188 862 22 22 af
224 863 54 24 dem,
300 869 46 15 som
366 865 63 25 egnat
443 863 75 27 frågan
533 863 33 22 sin
581 863 136 27 granskning.
745 863 41 27 Jag
801 863 39 22 har
854 863 62 27 ingen

89 891 115 26 anledning
226 893 32 19 att
280 891 84 22 betvifla
383 892 66 26 detta,
465 898 49 15 men
530 893 27 20 dä
572 892 12 27 &
600 893 33 25 10,
649 892 66 27 enligt
729 891 56 22 hvad
814 898 25 15 en
859 891 58 22 med-

90 918 44 23 lem
149 919 21 22 af
190 919 158 22 statsutskottet
370 921 120 21 sedermera
512 921 92 27 upplyst,
627 921 46 21 icke
696 927 37 15 ens
747 921 49 20 med
811 922 31 20 ett
857 919 60 22 ord
905 914 15 39 i

90 947 161 22 statsutskottet
265 949 54 20 varit
333 948 88 22 föremål
436 949 33 21 för
484 950 66 26 något
565 949 177 27 meningsutbyte,
758 949 61 21 torde
832 949 35 21 det
885 948 32 21 til-

91 975 56 22 låtas
154 976 42 27 mig
203 978 33 19 att
243 977 122 27 ytterligare
372 977 49 22 med
430 978 66 26 några
504 978 40 21 ord
552 977 21 22 få
578 977 96 22 försvara
681 977 44 22 min
733 977 59 27 åsigt,
801 977 67 22 ehuru
877 977 40 21 den

91 1003 48 23 icke
154 1005 73 21 vunnit
242 1005 115 22 understöd
366 1006 58 21 inom
436 1007 91 21 ståndet.
544 1007 42 20 Det
601 1006 55 21 enda
664 1005 75 27 skälet,
747 1012 45 15 som
799 1005 118 27 förebragts

89 1035 62 19 emot
165 1033 47 21 mitt
227 1033 99 28 yrkande,
341 1034 39 21 har
394 1035 56 21 varit
463 1035 37 21 det
512 1035 22 21 af
542 1035 26 21 hr
578 1034 72 22 Antell
666 1034 94 26 anförda,
771 1037 32 19 att
813 1033 104 27 nämligen

92 1061 110 22 införande
217 1061 22 22 af
255 1068 26 15 en
296 1063 66 21 sådan
376 1062 134 28 bestämning
524 1063 69 22 skulle
608 1063 96 22 medföra
721 1063 100 21 afvikelse
835 1061 46 22 från
892 1062 26 21 de

90 1089 133 22 föreskrifter
246 1097 46 15 som
317 1091 77 22 allmän
416 1091 35 27 lag
473 1091 119 22 innehåller
614 1098 35 15 om
664 1091 39 28 gift
717 1091 87 28 qvinnas
819 1091 100 26 ställning

95 1117 33 22 till
143 1118 31 22 sin
189 1119 66 21 make.
272 1119 41 27 Jag
326 1119 38 22 ber
374 1121 39 20 att:
421 1119 22 25 få
446 1119 102 31 påpeka,
564 1120 132 25 attisådant
710 1120 36 21 fall
757 1120 60 21 torde
825 1119 94 22 emeller-

92 1146 33 22 tid
140 1153 26 15 en
181 1149 68 20 större
266 1148 96 27 ändring,
378 1150 27 19 än
421 1148 41 22 den
477 1149 58 26 Kejs.
554 1149 49 22 Sen.
619 1155 29 15 nu
658 1142 61 38 gjort
728 1148 7 21 i
745 1147 174 29 postsparbanks-

92 1174 105 23 komiténs
219 1175 84 28 förslag,
326 1183 50 15 vara
391 1177 27 26 pä
433 1177 33 21 sin
480 1177 63 27 plats.
560 1177 76 22 Denna
649 1177 100 27 paragraf
762 1179 24 19 är
801 1176 61 22 neml.
878 1175 42 23 for-

92 1203 96 22 mulerad
210 1205 28 26 pä
259 1204 92 27 följande
365 1207 53 20 sätt:
443 1205 150 28 ,Minderärig,
616 1212 45 15 som
684 1206 90 27 uppnått
793 1205 80 22 femton
887 1205 32 26 år,

93 1232 36 21 mä
143 1234 51 19 utan
208 1233 90 21 särskild
313 1233 99 22 tillätelse
427 1233 23 22 af
462 1234 104 21 mälsman
581 1233 82 28 förfoga
679 1233 58 22 öfver
751 1233 25 22 de
792 1233 74 26 medel,
877 1233 43 21 han

92 1260 29 27 pä
136 1266 52 21 egen
203 1261 87 22 motbok
305 1261 39 22 har
358 1262 159 22 innestäende*.
534 1262 34 22 Nu
583 1262 38 22 ber
634 1262 37 27 jag
687 1265 32 24 att
733 1261 21 22 fä
763 1261 66 28 fräga,
843 1273 23 4 —
878 1261 42 28 (jag

91 1289 27 20 är
132 1288 47 23 icke
193 1289 94 26 lagfaren
310 1296 44 15 mer
369 1293 27 19 än
412 1291 41 22 den
467 1291 129 27 föregäende
618 1291 65 21 ärade
695 1291 89 26 talaren,
800 1291 23 21 sä
839 1292 32 19 att
883 1290 38 27 jag

91 1317 52 22 med
164 1317 29 22 ali
215 1319 129 21 reservation
366 1319 81 22 uttalar
468 1319 44 22 min
528 1319 70 27 åsigt)
623 1331 24 4 —
665 1325 35 16 om
722 1319 46 22 icke
783 1319 64 22 också
862 1319 59 21 detta

93 1345 78 22 strider
192 1348 45 21 mot
259 1347 77 21 allmän
358 1347 41 27 lag,
422 1349 33 20 att
477 1354 27 15 en
520 1348 105 27 omyndig,
641 1354 46 15 som
703 1354 77 15 annars
794 1348 45 21 stär
853 1347 69 22 under

93 1373 176 32 mälsmansskap,
291 1375 55 22 skall
360 1375 64 22 hafva
438 1376 104 27 rättighet
556 1378 34 20 att
604 1376 104 22 mälsman
723 1376 103 22 ovetande
841 1375 81 27 förfoga

91 1407 23 16 ei
128 1403 81 21 mindre
231 1403 59 22 öfver
304 1404 26 21 de
348 1404 138 27 besparingar
500 1405 42 22 han
558 1404 49 28 sjelf
619 1405 82 21 kunnat
716 1405 104 21 förvärfva
835 1406 28 18 än
884 1403 39 21 ock

91 1430 63 26 öfver
168 1430 57 21 hvad
240 1438 75 15 annan
327 1433 33 27 pä
374 1433 57 21 hans
446 1440 68 14 namn
530 1434 74 21 insatt.
624 1433 40 22 Om
681 1433 36 22 det
731 1435 24 20 är
771 1433 65 26 fallet,
852 1433 71 21 såsom

93 1458 27 22 hr
142 1459 71 21 Antell
235 1460 84 27 uttalat,
342 1462 32 20 att
389 1461 37 21 det
450 1461 70 22 skulle
535 1462 68 21 strida
617 1464 46 19 mot
677 1462 78 21 allmän
770 1461 34 28 lag
819 1461 33 21 att
866 1461 58 22 med-

93 1486 57 27 gifva
170 1487 39 32 gift
229 1488 78 29 avipha
321 1489 66 22 sådan
402 1491 51 25 rätt,
469 1491 69 20 måste
548 1490 71 27 enligt
633 1490 44 21 min
692 1491 64 21 tanke
771 1490 64 21 också
850 1495 75 16 senare

93 1521 63 16 mom.
172 1522 9 15 i
195 1515 14 29 &
225 1517 27 21 10
267 1517 115 28 utstrykas,
401 1519 24 26 ty
440 1524 50 16 man
506 1519 42 21 kan
564 1519 34 22 väl
614 1518 47 21 icke
675 1518 75 22 härvid
764 1517 56 28 gifva
835 1518 23 21 åt
873 1517 52 22 min-

92 1543 87 28 derärig
200 1546 69 21 större
291 1547 45 21 rätt
350 1548 26 20 än
392 1552 50 16 man
459 1546 141 23 tillerkänner
614 1547 41 21 den
671 1547 32 21 till
718 1553 76 21 mogna
808 1547 25 21 är
847 1545 79 25 komna

163 1580 43 19 N:o
224 1586 30 14 10.
834 1585 20 17 2
