1117 1770
235 139 41 21 116
517 139 16 18 R.
546 143 15 15 0.
575 139 15 18 A.
603 139 46 19 1885.
674 139 17 19 31
704 139 35 18 Jan.

205 207 92 22 stånden
311 209 55 20 samt
380 207 41 22 fick
444 208 124 27 härigenom
583 208 91 26 förfalla,
693 208 161 27 propositionen
870 214 34 15 om
919 209 113 27 tingsgäst-

204 236 79 27 ningen
305 236 71 21 förföll
391 237 107 25 likaledes,
518 237 90 21 emedan
623 237 25 21 R.
664 243 20 14 o.
699 237 27 20 A.
741 237 35 20 vid
792 237 48 20 dess
855 238 120 26 antagande
990 237 42 22 fäst

205 264 37 21 det
264 264 68 21 vilkor
347 266 32 19 att
393 265 103 26 förslaget
514 271 35 15 om
565 265 212 21 domstolsreformen
792 265 68 21 skulle
876 267 89 26 antagas
978 266 54 26 jem-

204 293 35 20 väl
262 293 23 20 af
298 293 25 20 de
345 293 67 27 öfriga
434 293 96 26 stånden,
554 293 40 22 och
616 293 56 21 hvad
694 293 103 22 beträffar
818 294 159 26 propositionen
997 301 34 14 om

204 321 104 21 nämdens
330 321 138 26 tillsättande,
492 322 44 21 blef
557 322 41 21 den
620 322 124 27 visserligen
759 322 23 21 af
802 323 116 20 ständerna
933 324 97 25 antagen,

204 355 50 15 men
269 349 95 22 deremot
378 350 46 21 icke
440 350 23 21 af
475 351 60 20 Hans
550 351 58 26 Kejs.
624 350 102 27 Majestät
741 350 157 22 sanktionerad.

274 378 60 21 Efter
357 379 36 21 det
415 379 157 26 emottagande,
588 385 46 15 som
649 379 161 26 propositionen
826 385 34 15 om
875 379 156 21 häradsrätter-

204 412 39 15 nes
259 407 129 26 ombildning
403 409 49 19 rönt
467 407 39 21 hos
521 407 84 22 landets
628 407 94 24 ständer,
738 407 71 21 hvilka
824 407 76 21 endast
916 408 12 21 5
944 408 23 21 år
982 407 49 21 tidi-

204 441 52 19 gare
272 435 73 26 sjelfva
359 436 137 25 petitionerat
512 442 34 14 om
562 435 101 27 åtgärder
677 436 7 20 i
700 442 82 14 samma
800 435 60 27 syfte,
877 436 42 20 kan
934 436 36 20 det
984 436 46 20 icke

203 463 69 21 väcka
293 463 111 27 förvåning
426 466 32 19 att
480 464 65 26 något
567 464 91 21 initiativ
681 464 32 21 till
731 464 86 26 frågans
836 464 83 26 lösning
933 464 35 20 vid
982 464 48 21 sist-

204 490 73 22 hållna
291 492 103 27 landtdag
408 492 46 22 icke
469 494 48 25 togs
532 492 24 21 af
569 493 131 26 regeringen.
730 492 103 22 Deremot
847 492 135 21 framstäldes
995 493 35 21 vid

204 526 82 15 samma
308 520 102 27 landtdag
429 521 58 21 inom
502 521 26 21 R.
544 527 18 15 o.
578 521 26 21 A.
619 521 81 26 förslag
715 521 33 21 till
764 527 26 15 en
804 521 90 26 petition
910 521 72 21 derom
997 523 33 19 att

203 548 28 21 H.
248 548 28 22 M.
292 549 48 21 ville
354 548 45 22 läta
414 550 86 26 vidtaga
510 549 102 27 ätgärder
623 556 34 14 om
668 549 214 27 rättegängsbalkens
893 549 136 21 öfverseende

203 579 57 19 samt
276 583 34 15 om
325 578 141 21 utarbetande
481 578 24 20 af
517 578 81 26 förslag
613 578 32 21 till
660 578 78 26 nödiga
754 578 114 26 ändringar
882 578 147 26 irättegängs-

204 605 123 27 ordningen.
357 606 65 21 Detta
436 606 86 27 förslag,
538 606 80 21 hvilket
634 606 32 21 till
680 606 54 27 följd
749 606 23 21 af
785 606 68 21 tidens
864 606 108 26 knapphet
982 606 46 21 icke

202 633 59 22 hann
276 634 85 21 komma
376 635 32 21 till
422 635 126 21 ständernas
563 635 135 26 behandling,
715 636 25 20 är
754 634 123 27 isynnerhet
891 634 137 22 fördenskuld

202 663 220 26 anmärkningsvärdt,
438 665 33 20 att
485 663 75 27 frägan
575 663 40 22 här
630 663 33 22 för
678 663 68 22 första
760 663 82 27 gängen
858 663 110 22 betraktas
980 663 48 21 frän

202 697 28 15 en
252 697 46 15 mer
313 691 131 22 omfattande
467 692 112 27 synpunkt,
596 694 23 25 ty
634 692 77 21 medan
728 692 26 21 de
768 692 91 27 tidigare
874 692 154 21 reformförsla-

201 725 48 21 gen,
272 726 50 15 vare
338 721 31 26 sig
384 722 32 19 att
432 721 25 21 de
472 720 72 27 utgätt
558 720 48 21 frän
625 721 125 26 regeringen
766 721 52 20 eller
832 720 48 21 frän
895 722 133 25 representa-

201 748 81 27 tionen,
304 749 76 21 endast
401 749 86 21 hänfört
510 750 31 26 sig
556 749 33 21 till
606 749 175 21 häradsrätterne
797 749 40 21 och
852 749 33 20 till
900 749 105 21 bristerna
1020 749 7 20 i

201 776 64 21 deras
280 777 150 26 organisation,
446 778 62 21 sökte
523 778 143 26 petitionären
686 778 70 21 denna
769 777 57 27 gäng
841 777 57 21 rikta
913 777 114 27 uppmärk-

201 805 111 22 samheten
334 806 28 26 pä
377 806 48 21 hela
447 807 198 26 process-systemet
668 806 39 21 och
724 806 26 21 de
765 806 85 25 brister,
866 805 102 22 hvarmed
982 806 44 27 lag-

200 833 126 28 skipningen
341 835 7 20 i
363 835 59 21 detta
437 835 99 21 afseende
551 835 56 20 varit
622 835 108 20 behäftad.

271 862 69 22 Ocksä
362 863 54 21 lider
431 863 37 22 det
482 863 65 26 enligt
562 863 43 21 min
620 863 65 21 tanke
704 863 55 21 intet
774 863 72 21 tvifvel
861 864 33 19 att
909 863 36 20 det
960 864 24 19 är
998 862 28 26 pä

199 890 71 21 denna
284 891 155 21 vidsträcktare
454 891 109 27 grundval,
572 897 46 15 som
628 890 231 22 reformsträfvandena
874 890 28 27 pä
912 891 60 21 detta
982 896 44 16 om-

199 918 53 22 räde
268 919 60 21 skola
343 920 86 26 byggas.
460 920 73 21 Under
548 920 41 21 den
604 920 38 26 tid,
658 926 46 15 som
714 919 91 21 förflutit
814 919 66 21 sedan
890 919 74 27 frägan
972 919 54 21 först

198 946 89 28 bragtes
309 948 28 26 pä
360 948 165 27 dagordningen,
548 948 40 21 har
610 954 49 15 man
688 948 86 21 alltmer
795 948 91 20 kommit
909 948 33 20 till
963 948 64 26 insigt

199 975 75 21 derom
290 978 32 19 att
344 976 107 22 bristerna
466 977 7 20 i
487 976 37 21 vär
539 976 135 27 lagskipning
693 976 117 27 ingalunda
825 976 51 21 bero
892 976 134 21 uteslutande

198 1003 29 27 på
242 1010 27 15 en
283 1004 89 28 felaktig
387 1005 144 27 organisation
546 1006 24 20 af
582 1005 176 21 häradsrätterne
773 1006 53 19 utan
840 1004 85 21 hänföra
931 999 43 37 "sig
995 1004 31 21 till

198 1034 61 20 snart
281 1033 63 27 sagdt
366 1034 42 20 alla
431 1034 60 20 delar
505 1033 23 21 af
540 1035 165 25 processrätten.
736 1033 60 21 Eller
810 1034 25 20 är
850 1033 37 21 det
901 1033 46 21 icke
962 1032 64 26 klart,

197 1062 34 20 att
246 1061 28 26 på
289 1068 81 15 samma
384 1062 76 26 grund,
476 1068 46 15 som
536 1068 50 15 man
601 1068 63 15 anser
678 1064 33 19 att
727 1062 119 21 domstolar
856 1061 28 27 på
896 1061 72 21 landet
978 1060 49 22 med

197 1089 78 21 endast
290 1096 26 15 en
330 1090 98 27 lagfaren
442 1090 91 22 medlem
548 1090 46 22 icke
610 1091 71 21 lämna
696 1090 131 26 tillräckliga
841 1090 109 26 garantier
959 1089 33 21 för
1000 1096 26 14 en

196 1118 44 26 god
262 1119 161 27 rättsskipning,
447 1120 36 20 det
498 1119 61 21 äfven
574 1118 68 22 måste
657 1119 87 26 medges
763 1120 33 19 att
812 1118 214 21 stadsdomstolarnes

197 1147 147 25 Organisation
359 1147 24 21 så
397 1148 33 20 till
445 1148 50 20 vida
509 1149 25 19 är
548 1148 64 26 högst
627 1147 120 27 bristfällig,
763 1148 33 20 att
811 1147 63 21 deras
889 1146 137 22 medlemmar

196 1174 68 27 väljas
280 1176 23 20 af
316 1176 82 26 staden,
414 1176 63 21 hvars
493 1176 133 21 förvaltande
641 1176 124 26 myndighet
780 1176 27 20 de
822 1175 68 21 tillika
899 1177 77 25 utgöra
986 1175 40 21 och

196 1204 33 20 att
252 1204 26 21 de
293 1204 47 22 icke
356 1210 37 16 ens
415 1204 130 27 nödvändigt
568 1204 92 21 behöfva
674 1205 44 20 alla
732 1210 52 15 vara
799 1203 101 27 lagfarne,
917 1204 68 20 ehuru
1000 1204 26 20 de

195 1230 65 22 hafva
275 1233 115 21 individuel
406 1234 90 20 rösträtt
512 1233 39 21 och
567 1232 120 22 domstolen
702 1234 24 19 är
742 1232 83 22 domför
840 1232 49 20 med
905 1232 75 20 endast
992 1234 34 18 tre

194 1260 156 22 medlemmar?
371 1261 142 27 Naturligtvis
532 1261 120 21 framträda
674 1261 62 21 dessa
751 1260 200 22 missförhållanden
966 1260 60 20 skar-

193 1290 51 24 past
259 1289 7 20 i
282 1289 26 21 de
323 1290 83 20 mindre
421 1290 107 26 städerna,
544 1290 83 20 hvilkas
642 1289 115 27 tillgångar
772 1289 46 21 icke
833 1288 106 27 medgifva
947 1294 26 15 en
983 1288 43 20 rik-

193 1316 68 27 ligare
277 1318 52 20 eller
344 1324 38 15 ens
396 1318 116 26 tillräcklig
526 1318 93 26 aflöning
633 1318 34 20 för
682 1317 196 21 rådstufvurättens
888 1316 138 21 medlemmar

194 1345 41 20 och
258 1345 38 21 der
312 1346 26 21 de
360 1346 107 27 egentliga
489 1345 213 27 domaregöromålen
717 1347 38 20 äro
772 1345 24 21 så
810 1345 22 21 få
848 1345 39 21 och
902 1345 50 26 föga
966 1344 60 27 bety-

192 1372 72 22 dande
288 1375 32 20 att
336 1374 26 21 de
384 1376 52 25 taga
459 1375 55 21 blott
528 1381 26 15 en
577 1375 61 26 ringa
652 1375 35 20 del
702 1374 24 21 af
743 1373 282 22 domstolsmedlemmarnes

192 1401 32 21 tid
240 1402 41 21 och
296 1403 172 27 arbetsförmåga
482 1404 7 20 i
504 1402 99 28 anspråk.

262 1430 34 22 Gå
310 1432 20 20 vi
346 1432 66 20 sedan
427 1432 33 21 till
476 1432 40 21 den
531 1431 137 26 förebråelse,
684 1437 46 15 som
746 1431 66 21 oftast
828 1430 60 27 höjes
903 1431 46 20 mot
962 1431 64 20 rätts-

191 1457 129 29 skipningen
334 1460 36 21 vid
385 1460 175 21 häradsrätterne
576 1460 40 21 och
631 1460 85 20 hvilken
736 1460 69 26 gäller
820 1459 49 21 dess
884 1458 140 27 långsamhet,

190 1486 26 21 så
237 1487 44 21 kan
297 1488 37 21 det
349 1488 19 26 ej
391 1488 107 22 bestridas
521 1490 33 19 att
569 1488 41 21 den
625 1488 49 21 med
696 1488 108 21 måhända
819 1488 44 20 lika
878 1487 86 27 mycket
978 1486 48 21 skäl

189 1514 73 23 kunde
278 1516 69 21 riktas
362 1518 46 20 mot
422 1517 133 21 hofrätterne
571 1516 40 22 och
626 1516 38 21 vår
679 1516 76 27 högste
772 1516 99 21 domstol.
902 1515 62 21 Hvad
978 1514 47 22 åter

190 1542 105 24 beträffar
318 1545 92 21 orsaken
425 1546 33 20 till
474 1546 68 21 denna
563 1544 141 28 långsamhet,
720 1545 25 21 så
760 1544 74 22 består
850 1544 41 21 den
905 1543 36 21 vid
956 1542 69 22 öfver-
