1117 1767
238 124 41 21 104
511 125 16 19 R
540 126 37 18 oh
667 126 18 20 31
697 126 35 20 Jan.

276 192 69 22 Sedan
366 193 26 21 hr
413 194 199 22 landtmarskalken
633 195 166 27 tillkännagifvit
821 196 33 20 att
870 196 105 21 särskilda
989 202 43 21 nya

208 226 60 21 prop.
283 227 76 20 genom
374 227 26 16 en
413 222 95 22 ledamot
522 223 23 21 af
558 223 27 21 K.
601 223 49 22 Sen.
665 223 36 22 vid
716 223 79 28 dagens
809 224 85 26 plenum
904 223 84 24 komme
998 225 34 20 att

208 249 33 21 till
263 249 85 22 ståndet
370 250 146 27 öfverlemnas,
537 251 107 27 inträdde,
667 252 116 27 behörigen
803 253 127 26 emottagen,
945 254 87 19 senator

208 277 25 21 G.
257 277 21 21 Z.
289 277 174 32 Yrjö-Koskinen
486 282 56 19 samt
565 280 157 22 öfverlemnade
745 281 32 21 till
798 281 25 21 R.
845 287 19 15 o.
879 281 25 21 Å.
920 282 74 20 trenne
1009 287 22 15 n.

208 308 163 25 propositioner,
387 309 114 26 nemligen
492 304 13 35 :

276 334 40 21 N:o
339 335 33 27 29,
387 336 108 27 angäende
517 337 108 22 utsträckt
646 337 65 22 frihet
726 339 34 20 att
773 338 51 21 idka
838 337 76 22 bruks-
929 337 39 22 och
983 337 48 27 säg-

207 363 91 26 rörelse;

276 391 40 22 N:o
339 393 33 21 30.
387 393 108 27 angäende
517 394 91 27 ändring
623 395 23 21 af
659 395 40 21 och
714 395 75 27 tillägg
806 395 33 21 till
853 395 105 21 särskilda
972 394 58 21 stad-

207 420 82 26 ganden
304 421 7 20 i
326 423 192 26 värnepligtslagen
533 425 56 19 samt

276 449 39 21 N:o
332 450 33 26 31,
380 451 108 26 angäende
503 451 120 27 antagande
639 452 24 21 af
675 452 99 27 strafflag
787 452 34 21 för
835 451 68 22 finska
916 451 113 22 militären.

276 477 32 22 Hr
329 478 195 23 landtmarskalken
545 480 92 21 tackade
652 480 13 21 &
679 481 26 20 R.
729 487 18 15 o.
763 480 38 21 A:s
815 482 79 25 vägnar
911 480 33 21 för
960 480 25 21 de
1000 486 30 15 nu

208 505 156 23 Ofverlemnade
378 507 48 22 nåd.
441 515 60 20 prop.
517 515 46 15 som
578 509 87 21 ståndet
679 509 47 22 icke
737 509 68 21 skulle
816 508 112 22 underlåta
934 510 33 19 att
975 515 55 20 egna

207 535 172 28 grundlagsenlig
393 537 137 27 behandling;
545 537 68 22 hvarä
628 537 25 21 hr
669 540 101 19 senatorn
785 537 103 22 afträdde.

276 591 70 22 Sedan
361 593 25 21 hr
400 600 41 15 von
456 594 142 27 Knorring,
614 595 25 20 A.
655 595 31 26 L.,
702 595 81 21 anmält
793 596 32 19 att
838 594 192 21 ekonomi-utskot-

207 620 32 21 tet
261 619 142 24 konstituerat
417 623 32 26 sig
465 623 39 21 och
519 623 32 21 till
567 623 129 22 ordförande
715 624 68 21 utsett
798 623 25 21 hr
837 623 102 25 Lindelöf,
955 623 74 21 anhöll

206 647 27 21 hr
254 649 99 21 Lindelöf
366 652 32 19 att
420 651 96 21 ständets
531 651 108 22 elektorer
657 651 68 22 mätte
740 657 117 21 uppmanas
872 653 32 19 att
918 651 66 21 redan
999 657 30 14 nu

206 676 78 27 invälja
307 684 25 14 en
347 678 67 27 tredje
437 680 112 26 suppleant
563 680 7 20 i
586 680 78 21 nämda
685 680 92 26 utskott,
797 682 50 19 enär
870 680 35 20 det
927 680 54 20 visat
996 679 33 27 sig

206 706 33 20 att
261 705 106 28 ätskillige
381 708 24 20 af
417 708 116 22 utskottets
555 709 140 21 medlemmar
710 709 39 21 och
764 708 136 27 suppleanter
915 707 114 23 emellanät

205 739 51 15 vore
271 734 102 23 hindrade
388 738 33 19 att
435 736 86 28 deltaga
535 737 7 21 i
557 737 50 21 dess
621 738 96 21 arbeten.

274 762 33 22 Dä
329 764 84 22 ständet
435 765 60 21 biföll
516 766 33 21 till
572 766 69 21 denna
662 766 163 26 framställning,
847 765 132 27 uppmanade
1001 764 27 22 hr

205 790 196 24 landtmarskalken
422 794 127 22 valmännen
571 796 33 19 att
626 795 49 21 med
690 795 37 21 det
741 795 69 21 första
824 794 72 21 skrida
910 794 32 20 till
957 794 34 20 val
1006 793 26 21 af

205 824 27 16 en
246 820 68 27 tredje
329 821 112 27 suppleant
455 823 7 21 i
477 823 212 21 ekonomiutskottet.

274 904 40 22 Till
336 906 72 22 vidare
430 907 157 28 handläggning
606 908 110 27 föredrogs
731 908 94 21 härefter
839 908 26 21 hr
879 907 70 27 Boijes
964 907 63 21 bord-

205 933 63 27 lagda
290 934 217 29 petitionsmemorial,
529 937 109 26 angående
661 937 68 27 skydd
748 937 33 21 för
796 936 96 22 enskilda
906 935 124 22 andaktsöf-

206 961 96 27 Ofningar
317 967 50 23 (pag
389 964 41 26 96).

273 990 57 22 Frih.
347 992 102 25 Wrede,
465 993 24 21 R.
505 993 32 25 A.,
552 994 85 26 yttrade
653 1000 34 15 om
703 994 59 21 detta
772 993 118 21 memorial:
907 993 46 21 Den
963 992 63 22 fram-

205 1018 106 28 ställning,
334 1026 45 16 som
401 1022 141 26 petitionären
557 1022 7 21 i
579 1022 38 22 sitt
631 1022 111 22 memorial
757 1022 79 21 lemnat
850 1021 24 21 af
886 1028 28 14 nu
929 1021 100 27 gällande

204 1047 193 29 lagbestämningar
419 1050 91 22 rörande
532 1051 96 21 enskilda
646 1050 194 27 andaktsöfningar,
856 1052 23 19 är
894 1050 24 21 sä
932 1050 45 21 vidt
989 1050 38 26 jag

204 1076 43 21 kan
269 1076 57 22 finna
340 1077 7 21 i
363 1078 40 21 allo
426 1079 65 26 riktig
513 1079 39 21 och
575 1079 68 21 exakt.
674 1080 10 20 I
706 1080 38 20 vär
759 1079 121 21 nuvarande
895 1078 133 27 lagstiftning

204 1103 113 23 förefinnes
333 1106 108 27 verkligen
457 1107 40 21 den
512 1107 87 26 bristen,
615 1109 32 20 att
663 1108 72 27 dylika
749 1107 193 26 andaktsöfningar,
959 1107 68 21 ehuru

204 1132 26 21 de
253 1139 93 20 numera,
370 1134 53 22 efter
441 1135 243 28 konventikelplakatets
706 1135 154 28 upphäfvande,
883 1137 37 20 äro
935 1135 93 27 tillätna,

203 1161 48 21 icke
273 1161 83 28 åtnjuta
371 1163 36 22 det
421 1164 68 27 skydd
504 1164 23 21 af
539 1165 68 26 lagen,
624 1171 45 15 som
685 1165 79 21 allmän
779 1164 118 27 gudstjenst
912 1166 23 19 är
950 1163 76 22 tillför-

203 1189 84 22 säkrad.
318 1191 65 22 Detta
405 1194 24 19 är
452 1194 31 20 ett
504 1193 139 26 förhällande,
667 1199 46 16 som
735 1193 66 26 enligt
815 1193 44 21 min
873 1193 64 20 tanke
953 1194 24 19 är
991 1192 37 21 väl

202 1219 64 20 värdt
280 1221 33 19 att
327 1219 107 28 behjertas
449 1221 24 21 af
485 1221 72 27 hvarje
572 1223 41 20 vän
629 1221 23 22 af
664 1221 171 28 religionsfrihet,
854 1223 22 24 ty
891 1220 135 27 religionsfri-

202 1246 65 22 heten
289 1248 89 21 innebär
400 1249 47 22 icke
469 1249 55 22 blott
545 1250 37 21 det
597 1251 32 20 att
643 1250 64 27 ingen
722 1252 45 19 mot
783 1250 32 21 sin
830 1249 50 27 vilja
893 1249 35 21 mä
942 1249 84 26 tvingas

202 1276 33 20 att
257 1275 53 22 höra
331 1277 33 20 till
385 1277 70 27 nägon
470 1278 42 21 viss
526 1279 89 26 religion
631 1279 51 21 eller
697 1280 32 20 att
745 1279 85 26 deltaga
843 1278 8 21 i
866 1278 48 21 dess
928 1277 99 27 religiösa

201 1303 62 27 bruk,
279 1305 52 20 utan
345 1305 62 22 äfven
422 1308 33 19 att
469 1307 78 21 enhvar
562 1307 35 21 mä
612 1307 63 21 hafva
689 1307 104 27 rättighet
808 1308 31 19 att
853 1306 73 21 utöfva
935 1306 32 21 sin
978 1305 47 22 reli-

201 1332 50 26 gion
274 1333 40 21 och
336 1333 48 22 dess
405 1334 132 28 handlingar,
561 1336 70 21 sävidt
645 1336 46 21 deri
705 1336 47 21 icke
766 1335 68 27 ligger
847 1335 66 26 nägot
927 1334 100 22 stötande

200 1360 48 21 frän
264 1361 78 22 allmän
357 1363 67 26 sedlig
439 1364 110 26 synpunkt.
573 1364 41 27 Jag
629 1364 42 21 kan
686 1364 82 21 säledes
783 1364 48 21 icke
844 1365 65 20 annat
923 1365 27 19 än
956 1356 11 39 i
964 1363 62 21 allo

200 1389 115 26 godkänna
336 1391 64 26 syftet
414 1391 8 21 i
438 1392 40 21 den
496 1392 143 27 föreliggande
654 1393 125 26 petitionen.
808 1392 34 21 Då
856 1391 117 22 emellertid
988 1391 38 22 det

200 1419 69 22 ämne,
285 1424 46 15 som
346 1420 133 22 memorialet
493 1420 122 25 behandlar,
632 1421 157 26 otvifvelaktigt
803 1421 40 20 har
857 1421 32 20 sin
904 1421 57 20 rätta
968 1420 57 26 plats

199 1446 8 21 i
222 1446 128 28 strafflagen,
372 1449 106 26 nämligen
493 1449 8 21 i
515 1450 41 21 den
571 1449 34 22 del
621 1449 65 26 deraf,
702 1456 45 15 som
763 1449 90 22 handlar
867 1455 35 15 om
916 1449 112 26 religions-

199 1473 145 29 förbrytelser,
360 1477 24 20 så
398 1477 72 22 kunde
485 1478 36 21 det
535 1478 165 27 önskningsmål,
716 1485 45 14 som
777 1478 141 27 petitionären
933 1477 39 20 här
987 1478 39 25 gör

198 1503 106 27 gällande,
319 1504 8 21 i
341 1505 102 22 händelse
465 1507 114 21 ständerna
600 1507 85 21 komme
707 1509 32 19 att
759 1506 119 27 föreläggas
892 1505 133 27 proposition

199 1537 34 15 om
250 1538 27 20 ny
293 1533 101 27 strafflag,
410 1534 62 22 äfven
487 1535 73 21 vinnas
575 1535 90 21 sålunda
680 1537 33 19 att
725 1536 38 20 der
773 1535 83 27 intoges
867 1536 31 20 ett
908 1533 118 27 stadgande
