1117 1725
252 123 40 21 110
524 124 16 18 R.
553 128 15 15 o.
581 124 16 18 A.
609 124 46 19 1885.
680 123 18 19 31
711 124 34 18 Jan.

222 197 58 15 mera
301 191 90 22 skonadt
413 194 26 19 än
461 192 60 22 fallet
543 199 29 15 nu
589 195 30 19 är.
650 193 42 21 Det
710 192 57 28 gifna
782 192 105 28 exemplet
901 192 44 22 blef
960 194 17 26 ej
993 195 52 20 utan

222 215 110 35 efterföljd.
897 233 9 9 .

290 248 148 22 Motsvarande
453 251 82 20 ämnets
555 250 110 26 praktiska
679 250 44 26 vigt
739 250 39 21 och
794 250 114 27 betydelse,
925 250 39 21 har
977 250 73 22 under:

222 276 97 21 sednaste
342 276 111 23 decennier
467 279 97 26 uppstätt
579 284 26 15 en
620 278 93 22 särdeles
729 278 100 26 rikhaltig
845 278 39 22 och
900 278 146 22 uttömmande

221 304 107 21 litteratur
350 306 107 25 angående
478 306 157 28 närsyntheten,
652 307 47 21 dess
715 307 115 27 uppkomst
845 307 38 21 och
899 306 147 22 förhållanden

221 332 33 21 till
277 332 25 21 de
324 332 123 29 fordringar,
471 341 44 15 som
539 336 38 20 vår
592 335 123 21 nuvarande
730 335 73 21 kultur
817 335 73 21 ställer
904 336 28 26 på
946 335 100 27 skolung-

222 361 87 21 domens
324 363 60 25 ögon.

290 389 42 21 För
351 392 128 20 närvarande
502 391 68 21 hvilar
592 392 128 22 hithörande
735 392 118 22 statistiska
868 392 95 21 material
978 392 66 21 redan

220 418 28 26 på
263 418 180 28 undersökningar
458 419 22 22 af
493 426 44 15 mer
553 422 26 20 än
595 421 78 25 50,000
688 420 112 22 skolbarns
815 422 60 25 ögon,
887 420 38 22 och
936 420 110 21 bekräftar

220 446 7 21 i
246 446 41 22 allo
303 446 153 24 ofvannämnda
471 448 94 22 resultat.
596 449 11 22 I
621 449 38 21 sitt
674 449 98 21 sednaste
788 448 72 22 arbete
876 448 114 28 ,Hygienie
1006 448 37 22 des

220 474 84 28 Auges*
329 476 54 21 1883
403 476 80 22 lemnar
497 476 52 27 prof.
567 477 60 21 Cohn
643 484 26 15 en
684 478 84 27 mycket
784 477 138 25 öfverskädlig
938 477 38 21 och
992 483 50 21 upp-

220 503 87 28 lysande
329 504 123 22 tabellarisk
475 505 100 27 öfversigt
593 506 58 21 öfver
671 506 110 21 tillväxten
797 505 22 22 af
832 506 149 26 närsyntheten
996 505 47 22 frän

220 532 57 22 klass
292 532 31 21 till
338 532 57 22 klass
410 533 57 22 inom
482 534 27 21 24
525 534 62 27 tyska
602 534 119 28 gymnasier
736 534 40 22 och
791 534 122 22 realskolor.

289 561 42 22 För
353 563 32 19 att
399 562 56 27 gifva
470 564 37 24 ett,
523 569 34 15 om
573 564 40 20 ock
628 562 69 28 ytligt,
713 562 94 28 begrepp
823 569 33 15 om
871 563 54 21 huru
940 562 103 28 betydligt

220 590 168 25 procentantalet
410 590 22 22 af
456 593 99 26 närsynta
577 591 66 27 stiger
664 592 57 21 inom
749 592 26 21 de
802 591 56 22 olika
880 591 162 27 skolklasserna,

220 617 38 22 ber
270 618 36 27 jag
321 620 32 19 att
368 618 20 21 fä
403 619 74 22 anföra
491 619 32 22 för
538 620 124 21 korthetens
678 620 55 21 skull
749 620 76 21 endast
842 622 30 19 ett
888 626 38 20 par
941 619 99 27 exempel.

219 646 37 21 Uti
278 647 40 20 fem
342 647 124 27 treklassiga
487 648 101 27 byskolor
615 648 33 21 vid
671 648 88 22 Breslau
775 648 47 21 med
839 649 59 25 1,486
914 648 75 24 elever,
1005 654 38 15 var

220 675 168 26 procentantalet
409 678 99 26 närsynta
530 677 7 20 i
559 677 70 26 lägsta
651 677 84 21 klassen
758 677 46 23 19
821 677 38 21 och
874 677 7 20 i
895 677 75 26 högsta
986 677 11 21 3
1007 677 34 26 '/,

219 703 68 21 under
309 703 36 22 det
364 706 32 19 att
415 705 6 20 i
444 705 36 21 det
494 705 35 22 illa
545 705 90 27 belägna
650 705 129 27 sexklassiga
794 705 247 27 Elisabeth-gymnasium

219 731 7 21 i
241 732 91 21 nämnde
347 733 47 21 stad
409 733 64 22 bland
488 734 41 21 532
545 734 70 21 elever
630 733 171 28 procentantalet
816 733 86 22 befanns
917 740 50 15 vara
981 733 60 28 iläg-

220 762 33 19 sta
275 760 83 21 klassen
381 762 68 26 11%),
473 762 39 22 och
531 762 92 22 derefter
645 763 96 26 stigande
764 769 76 20 genom
856 762 185 21 mellanklasserna

220 789 47 20 med
291 789 68 27 17%,
384 790 67 27 19/0,
475 791 68 26 31%
567 791 40 21 och
630 791 62 27 48%,
711 791 33 21 till
760 792 26 20 65
797 792 26 25 %,
839 790 6 21 i
860 791 75 26 högsta
950 790 89 21 klassen.

219 816 36 22 Uti
278 817 78 27 Upsala
379 819 138 27 ättaklassiga
537 819 131 27 gymnasium
687 819 48 21 med
751 819 39 22 431
809 819 68 22 elever
892 819 48 21 fann
955 819 85 21 Schultz

220 846 55 21 1870
297 846 6 21 i
325 846 68 27 lägsta
416 847 82 22 klassen
522 848 69 27 14/,,
615 850 45 19 mot
677 849 6 19 i
698 847 76 27 högsta
789 848 68 26 54.
887 848 10 21 I
912 847 128 27 Petersburg

218 873 95 23 förekom
329 875 63 27 enligt
407 876 97 22 Erisman
521 877 54 21 1870
591 876 6 21 i
614 877 26 21 13
655 876 157 26 läroanstalter,
828 876 122 21 hvaribland
961 877 11 20 7
984 882 56 21 gym-

218 902 75 27 nasier,
309 903 138 23 tillsammans
461 905 63 26 4,358
535 904 75 26 elever,
622 904 7 22 i
640 905 68 26 lägsta
719 905 57 21 klass
790 906 25 20 14
824 904 33 28 %/,,
868 905 6 20 i
885 904 74 27 högsta
970 905 26 20 42
1005 905 34 26 ?/,,

218 930 38 22 allt
277 931 7 21 i
301 931 67 27 jemnt
383 932 96 26 stigande
495 934 138 26 progression.
665 933 50 21 Med
731 934 44 20 små
791 933 127 21 variationer
932 932 62 22 ställa
1008 932 32 27 sig

217 958 160 23 förhällandena
399 962 110 21 enahanda
523 962 7 21 i
545 962 43 21 alla
603 962 57 21 inom
676 962 57 21 olika
749 962 75 21 länder
838 963 109 25 uppmätta
961 960 77 22 skolor.

217 987 50 22 Som
290 991 31 19 ett
336 988 113 23 intressant
465 990 78 22 faktum
559 990 102 26 förtjenar
677 990 122 27 ytterligare
815 989 125 26 framhällas,
956 991 32 19 att
1003 989 37 21 der

216 1016 82 22 tillfälle
320 1019 76 25 yppats
419 1020 31 19 att
469 1021 56 19 mäta
540 1018 140 22 refractionen
695 1018 39 22 hos
750 1024 81 16 samma
846 1018 74 26 elever,
936 1018 65 26 några
1015 1018 25 21 år

216 1044 95 28 sednare,
334 1045 53 22 efter
410 1046 85 22 skolans
516 1047 97 27 flyttning
636 1047 32 21 till
691 1053 25 15 en
739 1053 34 21 ny,
797 1046 134 27 tidsenligare
946 1046 94 21 inrättad

216 1072 63 27 lokal,
303 1080 26 15 en
351 1074 152 28 förminskning
525 1075 22 22 af
565 1075 152 27 närsyntheten
733 1076 82 20 kunnat
829 1075 140 26 konstateras,
985 1075 23 21 sä
1022 1076 16 19 t.

216 1107 30 15 ex.
264 1103 54 21 1877
333 1102 7 21 i
355 1102 86 28 Coburg
455 1103 23 22 af
491 1104 130 21 Florschäitz.

284 1131 88 21 Säsnart
394 1131 147 23 kännedomen
556 1138 35 16 om
608 1132 61 22 dessa
684 1132 59 22 fakta
759 1132 76 21 hunnit
849 1131 71 28 sprida
934 1131 32 27 sig
982 1131 56 22 inom

214 1158 153 23 vidsträcktare
383 1160 89 27 kretsar,
489 1168 36 14 var
540 1161 37 21 det
591 1161 103 26 naturligt
709 1163 33 19 att
756 1160 109 28 yrkanden
881 1161 26 26 pä
922 1159 117 27 aflägsnan-

215 1187 36 21 det
266 1187 23 22 af
301 1188 26 21 de
342 1188 6 21 i
363 1188 101 23 skolorna
479 1189 132 22 existerande
626 1189 91 27 menliga
731 1189 144 28 intlytandena
889 1188 68 21 skulle
977 1187 63 22 fram-

214 1216 70 25 träda;
308 1217 38 20 och
371 1217 26 21 dä
412 1224 49 15 man
476 1218 92 21 hvarken
583 1218 71 21 kunde
669 1217 72 22 fordra
757 1217 52 22 eller
824 1218 63 20 vänta
902 1218 32 20 att
947 1217 91 26 pedago-

213 1250 65 19 gerna
300 1245 73 26 sjelfva
395 1246 68 21 skulle
487 1249 38 24 äga
543 1247 26 20 de
587 1245 172 28 specialinsigter,
775 1252 47 15 som
836 1245 105 21 erfordras
956 1244 32 22 för
1003 1244 35 21 be-

214 1272 103 22 dömande
340 1273 22 21 af
383 1273 26 22 de
432 1274 193 27 ifrägakommande
643 1274 122 27 hygieniska
781 1273 166 26 förhällandena,
963 1273 74 26 mäste,

213 1301 70 20 säsom
305 1301 59 22 äfven
387 1302 66 22 redan
476 1303 6 21 i
497 1303 78 22 talrika
589 1303 36 21 fall
641 1303 63 26 skett,
719 1303 121 26 fordringar
854 1303 28 25 pä
896 1301 142 22 anställandet

212 1328 23 21 af
248 1335 53 20 egna
317 1329 146 25 yskolläkare*
480 1333 82 26 uppstå,
578 1333 29 26 ty,
623 1331 50 22 sade
689 1337 54 20 man,
759 1331 28 22 dä
803 1331 69 21 staten
887 1329 83 22 fordrar
985 1329 51 22 obli-

212 1357 95 26 gatorisk
322 1358 109 28 skolgång,
447 1359 39 22 bör
501 1360 40 21 den
556 1360 65 21 också
636 1359 56 27 sörja
707 1359 33 22 för
755 1361 32 20 att
803 1359 107 21 elevernes
922 1357 60 22 helsa
992 1358 46 21 der-

212 1385 34 21 vid
262 1386 18 27 ej
297 1389 60 24 tager
371 1387 74 22 skada.
466 1388 68 21 Bland
548 1387 143 22 framstäende
705 1388 80 26 läkare,
801 1393 47 16 som
862 1386 114 22 framhällit
987 1386 51 21 nöd-

212 1414 139 27 vändigheten
369 1415 23 22 af
405 1416 141 22 anställandet
561 1416 23 21 af
597 1423 54 20 egna
669 1416 128 26 skolläkare,
813 1415 36 21 vill
861 1415 37 27 jag
913 1415 75 21 endast
1002 1420 36 15 an-

210 1441 47 22 föra
272 1443 40 21 den
328 1443 82 22 celebre
424 1445 25 20 R.
466 1445 101 26 Virchow,
584 1451 46 15 som
645 1445 6 21 i
667 1447 31 19 ett
712 1444 30 22 tal
753 1445 18 21 d.
785 1444 27 21 13
823 1444 49 21 Dec.
885 1443 55 22 1880
949 1443 7 21 i
966 1448 72 21 preus-

212 1470 57 22 siska
283 1471 218 27 Abgeordnetenhaus
515 1473 98 22 framhöll
629 1473 99 22 behofvet
742 1472 67 22 häraf.

280 1499 72 22 Under
373 1501 87 22 sednast
479 1501 97 22 förflutna
590 1502 25 21 är
629 1501 64 22 hafva
707 1502 109 21 dessutom
832 1501 18 26 ej
866 1499 82 33 mindre
962 1501 27 30 än
1004 1501 38 19 tre:

210 1528 64 27 stora,
299 1527 21 23 af
341 1528 142 24 framstående
503 1530 98 22 fackmän
615 1531 152 20 sammansatta
782 1529 105 22 komiteer
902 1527 80 28 afgifvit
996 1529 42 26 ytt-
