1123 1756
255 129 40 22 286
537 131 16 18 R.
566 135 14 15 0.
594 131 15 18 A.
622 131 47 19 1885.
693 131 22 18 20
728 131 45 19 Febr.

225 197 32 22 ler
278 199 137 26 vårdslöshet,
438 199 47 22 från
506 201 12 20 5
534 200 32 21 till
582 201 28 20 50
625 200 67 27 mark,
709 200 117 27 hvarjemte
841 206 25 15 ur
882 202 125 20 momentets
1022 207 31 15 re-

225 226 87 22 daktion
336 227 92 28 tydligen
449 227 68 22 borde
539 228 87 27 framgå,
650 231 33 19 att
715 229 61 21 dessa
798 228 62 22 böter
880 231 37 19 äro
933 229 119 26 vitesböter,

225 257 54 19 samt
294 255 51 22 sista
360 256 51 21 eller
426 257 12 21 5
455 263 62 15 mom.
533 263 25 14 ur
573 256 152 28 författningen
740 257 57 27 utgå.

292 283 33 22 Då
341 284 67 21 denna
423 285 132 27 proposition
570 285 128 22 besvarades
709 285 48 22 med
769 285 156 27 öfvervägande
935 286 40 27 nej,
984 285 67 22 skulle

224 311 144 22 betänkandet
390 313 31 22 till
437 314 105 21 utskottet
564 314 168 22 återremitteras
754 314 33 21 för
803 314 153 27 omredigeriug
971 314 6 21 i
991 314 61 21 ofvan

224 340 99 27 antydda,
339 341 22 21 af
373 341 46 22 frih.
436 343 157 26 Langenskiöld
608 343 113 21 förordade
737 342 60 28 syfte.

295 369 57 21 Utan
368 370 118 22 diskussion
501 371 124 26 godkändes
641 378 64 15 mom.
724 372 12 21 3
753 371 39 22 och
809 372 19 21 4.

293 397 33 22 Då
348 399 12 20 5
377 405 62 16 mom.
455 401 6 19 i
484 399 93 27 enlighet
600 401 48 21 med
671 400 36 21 det
730 400 34 21 vid
780 406 62 15 mom.
859 401 12 20 2
888 400 78 21 fattade
981 399 71 22 beslut

224 425 69 22 skulle
315 433 25 14 ur
357 427 150 28 författningen
528 429 56 26 utgå,
602 429 156 21 öfverlemnade
773 428 26 21 hr
814 427 194 22 landtmarskalken
1024 435 27 14 nu

224 453 32 22 till
280 455 125 28 behandling
420 456 73 27 frågan
509 463 34 15 om
558 457 121 27 ingressens
695 457 86 27 lydelse,
798 457 39 21 och
853 457 50 21 aflät
918 457 47 21 med
981 456 70 21 anled-

223 482 51 27 ning
296 483 22 22 af
332 484 25 21 hr
371 491 40 15 von
427 485 118 27 Knorrings
567 486 68 21 under
651 486 40 21 den
707 486 107 21 allmänna
829 485 145 22 diskussionen
989 485 62 21 fram-

224 511 77 22 ställda
316 512 77 27 förslag
409 520 25 15 en
449 515 24 20 så
487 513 92 28 lydande
595 514 140 27 proposition:

290 541 47 21 Den
352 547 45 16 som
413 543 122 26 godkänner
551 543 216 21 ekonomiutskottets
777 543 80 26 förslag
868 543 31 21 till
907 543 80 26 ingress
998 542 53 22 oför-

224 569 97 26 ändradt,
337 572 69 19 röstar
419 571 31 26 ja;

289 598 72 21 vinner
383 599 40 26 nej,
441 599 84 28 utbytas
541 599 65 22 orden
623 601 44 26 ,ett
682 600 118 27 stadgande
816 600 22 21 af
851 599 92 28 följande
959 599 90 27 lydelse"

223 628 46 19 mot
284 633 39 18 en
339 628 24 20 så
378 627 91 27 lydande
485 628 123 27 förordning
624 629 110 26 angående
750 628 77 21 förbud
843 630 57 19 emot
907 628 105 27 hingstars
1020 629 31 20 ut-

223 653 115 28 släppande
354 657 12 20 å
381 662 120 21 gemensam
517 657 141 21 betesmark".

291 683 80 23 Genom
396 685 130 22 besvarande
551 685 23 21 af
598 685 69 22 denna
692 685 133 28 proposition
849 685 47 21 med
916 684 87 22 allmänt
1017 684 32 27 nej

223 711 54 22 hade
293 712 23 21 R.
334 720 17 13 o.
373 714 23 20 A.
413 714 94 26 godkänt
523 714 40 22 den
578 714 22 22 af
614 714 26 21 hr
656 720 40 16 von
712 714 108 26 Knorring
843 713 118 27 föreslagna
983 713 68 22 förän-

223 740 66 22 drade
305 741 78 27 lydelse
398 742 22 22 af
433 742 113 28 ingressen.

293 827 39 21 Till
347 828 130 28 behandling
492 831 92 25 upptogs
600 829 69 27 härpä
680 830 109 20 allmänna
801 828 204 22 besvärsutskottets
1015 828 36 21 be-

224 855 107 22 tänkande
358 858 48 20 med
432 858 113 26 anledning
570 858 24 21 af
617 860 31 19 ett
673 858 33 21 till
732 857 179 27 borgareständet
935 856 116 22 inlemnadt

223 884 188 28 petitionsförslag,
427 886 110 27 angående
556 887 135 21 tillsättande
708 886 23 21 af
745 892 26 15 en
787 886 81 20 komit6
883 886 34 20 för
932 885 119 21 utrönande

223 912 24 20 af
260 912 215 24 hondtverkeriernas
490 916 7 20 i
512 915 74 21 landet
601 915 104 25 tillstånd,
722 914 90 22 hvarvid
828 914 61 21 ordet
904 914 108 21 lemnades
1030 913 22 21 ät

293 942 26 20 hr
338 942 96 27 Späre,
451 950 44 14 som
511 944 97 26 yttrade:
625 944 10 21 I
650 944 156 26 frägavarande
830 945 68 23 ämne,
915 949 44 14 som
975 942 22 20 af
1011 942 41 21 den

224 969 65 21 ärade
304 971 142 25 petitionären
461 972 39 21 här
515 972 92 27 berörts,
624 975 25 18 är
667 972 24 21 af
705 972 23 21 sä
743 974 47 19 stor
805 971 109 27 betydelse
925 971 33 21 för
969 970 83 21 landets

223 997 140 23 ekonomiska
384 1000 154 26 förhällanden,
561 1003 34 19 att
608 1001 37 27 jag
667 1001 56 21 ifrän
746 1001 44 20 min
813 1000 47 20 sida
875 1006 68 19 anser,
960 1001 32 19 att
1007 999 45 21 det-

223 1032 82 16 samma
327 1029 34 20 väl
377 1031 24 18 är
415 1030 63 20 värdt
497 1031 33 19 att
545 1030 98 21 beaktas.
674 1029 175 21 Förhällandena
863 1028 64 21 hafva
941 1028 63 26 gjort,
1020 1029 32 19 att

221 1060 38 21 jag
281 1056 68 21 under
371 1058 74 26 loppet
459 1058 23 21 af
501 1064 46 15 mer
563 1060 27 19 än
607 1059 26 20 12
650 1058 24 21 år
689 1058 54 21 stått
759 1057 52 21 våra
826 1056 133 22 industriella
973 1056 79 21 förhäl-

223 1083 79 22 landen
317 1086 81 25 ganska
413 1088 59 20 nära.
501 1086 73 22 Under
590 1087 70 21 denna
675 1087 32 21 tid
723 1086 40 21 har
776 1086 37 27 jag
823 1086 71 20 säsom
905 1085 89 21 ledande
1005 1090 47 21 per-

224 1117 38 15 son
286 1113 51 21 eller
359 1114 208 28 bestyrelsemedlem
591 1116 35 20 vid
642 1116 12 20 6
670 1115 160 26 utställningar,
855 1114 58 21 säväl
927 1114 125 20 internatio-

223 1140 58 22 nella
303 1148 45 15 som
371 1143 116 26 inhemska,
510 1144 56 22 varit
580 1145 7 21 i
603 1144 84 21 tillfälle
711 1145 32 19 att
766 1143 93 21 b>döma
873 1142 26 21 de
914 1142 7 21 i
936 1142 116 26 petitionen

224 1170 115 22 omordade
355 1171 148 22 förhällanden
518 1172 27 27 pä
560 1175 100 19 närmare
676 1172 50 26 häll,
743 1172 40 21 och
799 1171 28 21 dä
842 1178 50 14 man
907 1177 26 15 en
947 1170 56 27 gäng
1012 1169 41 22 fätt

223 1203 27 15 en
265 1199 80 21 inblick
359 1200 7 21 i
383 1207 25 15 en
425 1201 45 25 sak,
486 1203 24 19 är
526 1202 36 21 det
577 1202 113 26 naturligt,
706 1202 33 20 att
754 1206 51 15 man
821 1199 94 22 derefter
925 1199 48 21 med
985 1200 67 19 större

223 1226 90 22 intresse
329 1228 62 27 följer
407 1230 128 21 densamma.
565 1230 33 21 Hr
613 1230 97 26 Ignatius
726 1228 133 26 framhäller,
876 1230 32 19 att
915 1228 49 21 vära
977 1222 76 42 handt-

222 1256 109 22 verkerier
347 1258 39 21 och
401 1259 100 26 näringar
517 1258 64 21 hafva
596 1258 68 21 under
679 1264 76 16 senare
771 1257 113 22 ärtionden
897 1256 104 27 betydligt
1011 1255 42 22 till-

223 1283 112 28 bakagätt,
358 1287 40 20 och
420 1289 33 20 att
468 1288 25 21 de
512 1287 47 22 icke
575 1288 6 20 i
597 1287 66 28 nägot
679 1287 38 21 fall
731 1286 61 22 utstä
807 1286 134 21 konkurrens
957 1285 48 21 med
1019 1285 34 20 ut-

222 1312 92 22 ländska
335 1321 70 15 varor.
435 1317 48 20 Han
505 1316 125 21 framhäller
652 1322 26 15 en
694 1316 35 21 hel
745 1316 43 25 hop
811 1315 49 20 med
875 1314 86 21 talande
977 1313 76 25 siffror,

223 1347 46 15 som
293 1342 72 22 bevisa
380 1345 33 20 att
435 1344 28 27 pä
477 1346 32 20 ett
523 1345 83 26 ganska
625 1345 118 26 beklagligt
759 1346 44 19 sätt
819 1344 107 25 importen
941 1342 23 21 af
977 1341 76 22 handt-

223 1370 152 23 verkerialster
398 1373 25 21 är
438 1373 33 21 för
487 1373 24 20 år
530 1374 72 26 stiger.
632 1373 77 21 Ibland
725 1373 74 27 dylika
814 1371 125 27 uppräknar
954 1371 42 21 han
1010 1370 43 21 fär-

223 1399 50 26 diga
289 1400 81 26 kläder,
387 1401 109 27 skoplagg,
511 1402 85 27 färdiga
610 1404 90 23 mössor,
717 1401 115 21 konfekter
848 1407 27 14 m.
891 1407 27 14 m.
934 1400 41 27 Jag
985 1399 68 21 skulle

223 1427 74 22 härtill
313 1431 56 19 ännu
384 1430 73 21 kunna
471 1430 88 27 tillägga
575 1431 109 26 åtskilliga
699 1430 69 21 andra
783 1429 178 21 handtverkerier
970 1428 39 21 och
1019 1433 35 20 yr-

223 1456 48 27 ken,
295 1457 71 22 såsom
389 1460 15 19 t.
421 1465 32 15 ex.
475 1459 210 26 möbelfabrikation,
709 1465 45 15 som
770 1459 7 20 i
799 1457 50 21 vårt
869 1457 51 22 land
940 1458 7 20 i
962 1457 92 32 yttersta

222 1487 55 26 grad
292 1489 25 18 är
331 1487 7 20 i
353 1487 153 27 nedätgäende.
536 1488 42 27 Jag
592 1490 47 19 tror
655 1489 32 20 att
703 1493 34 15 om
753 1488 42 21 den
806 1486 104 21 berömda
921 1484 133 32 statistikern

223 1515 70 22 skulle
309 1515 53 22 söka
377 1517 33 20 att
424 1517 56 20 inom
496 1517 165 20 tullstatistiken
676 1517 87 20 komma
778 1515 122 21 underfund
915 1513 55 26 med,
981 1512 74 21 hvilka

223 1545 61 20 stora
306 1545 131 26 gvantiteter
451 1545 23 21 af
487 1545 84 27 färdiga
593 1545 84 22 möbler
692 1545 83 27 ärligen
793 1543 108 22 inhemtas
915 1542 49 21 frän
980 1541 74 21 Stock-
