1117 1770
359 113 60 30 Rus.
430 125 18 18 .
461 125 47 19 1885;
543 124 9 19 2
567 124 45 19 Fobr.
807 110 73 37 187

254 195 32 20 att
300 200 26 14 en
348 194 91 20 lärostol
455 194 7 20 i
477 193 78 28 hygien
576 193 67 27 blefve
658 193 101 20 inrättad
773 194 37 20 vid
825 193 84 21 landets

186 222 124 21 universitet
330 225 57 17 samt
402 223 39 19 att
463 224 28 18 ett
506 221 49 21 med
577 221 120 27 tillbörliga
717 221 68 21 medel
800 221 109 22 utrustadt

175 250 338 27 -undersökningslaboratorium
529 249 69 28 blefve
613 249 88 22 dermed
711 249 161 28 förknippadt;

254 281 38 22 att,
311 279 4 20 i
331 279 41 20 den
395 279 51 20 mån
461 278 161 27 lärarekrafter
640 278 75 21 kunna
730 279 85 25 vinnas,
831 278 78 21 under-

185 308 86 26 visning
291 307 9 20 i
314 307 113 20 helsovård
449 306 86 27 införes
550 307 8 20 i
573 307 26 20 de
615 307 112 27 offentliga
743 306 113 22 skolornas
870 307 38 20 och

184 336 194 21 läroanstalternas
389 342 112 21 program.

593 363 31 21 M.
645 363 30 21 W.
691 363 30 27 af
733 363 107 21 Schultén.

153 398 11 22 I
179 398 112 27 anledning
306 397 23 22 af
342 398 59 21 detta
415 397 213 28 petitionsmemorial
642 397 86 28 yttrade

154 427 26 21 hr
202 426 92 27 Spåre:
323 426 12 21 I
356 427 38 20 vår
416 427 38 24 tid,
477 427 27 21 då
522 426 144 26 vetenskapen
685 425 39 21 allt
741 431 45 15 mer
805 426 39 21 och
864 432 45 14 mer

78 455 161 28 populariseras
267 454 39 22 och
333 454 76 22 blifver
431 455 90 21 sålunda
543 455 155 21 allmänhetens
723 454 109 27 egendom,
847 454 61 21 torde

82 484 82 27 knappt
180 484 70 26 nägon
267 483 127 27 vetenskaps
413 483 58 22 läror
488 490 53 15 vara
557 490 60 15 mera
631 482 136 28 berättigade
784 483 40 21 och
845 482 63 22 hafva

81 519 61 15 mera
160 512 66 26 utsigt
245 513 32 19 att
295 511 64 21 blifva
374 512 103 26 populära
492 512 70 22 säsom
577 512 120 27 utgörande
711 513 32 19 ett
757 512 90 21 vetande
862 517 46 15 som

83 541 40 21 bör
138 541 86 21 tillhöra
246 540 72 27 hvarje
340 540 73 21 bildad
435 540 116 27 menniska,
571 542 27 20 än
623 541 42 21 den
689 540 124 26 hygieniska
836 542 72 19 veten-

83 569 87 28 skapen.
201 569 41 27 Jag
263 568 38 22 ber
320 568 71 22 derför
412 569 29 27 på
464 570 36 20 det
523 570 108 20 varmaste
652 568 22 22 få
691 568 130 22 understöda
836 568 36 22 det
886 567 23 22 af

82 598 49 21 frih.
144 598 23 21 af
179 597 101 23 Schultén
294 597 119 21 inlemnade
428 598 235 26 petitionsmemorialet
692 597 42 21 Det
744 599 25 20 är
778 597 88 27 onödigt
876 598 32 20 att

82 626 113 22 framhälla
217 626 40 21 den
279 627 59 20 stora
358 626 109 27 betydelse
487 627 60 21 detta
565 627 92 21 vetande
671 626 40 21 har
725 625 34 23 för
772 626 73 27 hvarje
860 625 48 22 ord-

83 655 117 27 ningsman,
223 654 206 28 magistratsperson,
453 655 75 26 lärare,
551 654 224 22 militärbefälhafvare
794 661 27 15 m.
836 654 28 26 fl,
877 654 29 27 ja,

83 683 73 27 hvarje
178 683 144 27 medborgare,
347 683 101 21 husfader
471 684 39 21 och
532 684 115 21 husmoder
666 684 40 20 har
720 684 66 21 behof
799 683 65 22 deraf.
882 694 22 4 —

82 711 42 28 Jag
145 712 68 21 skulle
235 712 27 26 pä
280 712 40 20 den
335 712 69 26 grund
419 712 50 26 vilja
483 712 69 21 uttala
567 714 32 19 ett
614 712 158 28 önskningsmä]
787 714 39 24 att,
842 711 65 22 sedan

84 740 41 22 den
147 740 120 27 föreslagna
287 740 116 21 lärostolen
424 740 77 22 hunnit
515 740 66 22 verka
595 741 8 20 i
618 740 220 24 öfverensstämmelse
858 739 49 22 med

83 768 39 22 sitt
142 768 104 27 syftemäl,
268 768 106 27 nämligen
396 769 124 27 spridandet
542 769 23 21 af
586 769 97 27 kunskap
703 770 7 21 i
725 770 82 27 hygien,
823 769 28 27 pä
865 768 42 22 alla

82 802 60 16 mera
156 797 120 27 betydande
290 798 58 20 orter
362 797 70 22 säsom
447 797 246 23 läneresidensstäderna
707 798 40 23 och
761 798 67 21 andra
842 798 63 25 orter,

83 825 38 21 der
131 827 69 20 större
209 826 88 21 lasarett
307 825 40 21 och
357 826 93 26 hospital
459 826 74 24 finnas,
547 826 70 22 skulle
626 826 73 22 kunna
708 826 101 26 anställas
820 825 87 22 föreläs-

82 854 75 27 ningar
166 854 41 21 och
216 854 150 27 undervisning
375 854 88 27 specielt
472 855 32 21 uti
513 855 113 27 helsolära,
639 856 123 27 isynnerhet
769 855 33 21 för
811 854 95 28 sjukvär-

82 882 107 27 darinnor,
203 882 88 22 emedan
301 882 7 21 i
318 882 49 21 vårt
375 883 50 21 land
436 884 36 20 det
482 885 25 19 är
514 889 27 16 en
551 884 108 27 synnerlig
669 884 54 21 brist
732 884 28 27 på
769 884 80 21 sådana
859 888 47 21 per-

81 916 69 16 soner.
173 910 59 22 Hvar
246 910 39 22 och
301 917 26 15 en
341 916 46 16 som
402 911 40 22 har
455 911 67 28 familj
538 912 39 21 och
592 912 122 22 erfarenhet
727 912 48 21 frän
789 911 117 28 sjukdoms-

81 939 41 21 och
136 939 134 21 dödsbäddar
279 941 35 19 vet
324 941 33 20 att
367 940 36 21 det
413 941 25 20 är
445 940 108 28 synnerlig
562 941 55 21 brist
626 941 29 26 pä
664 941 103 27 skickliga
777 939 129 28 sjuksköter-

80 967 52 22 skor
146 967 39 22 hos
200 971 34 18 oss
250 967 102 22 öfverallt.
375 968 78 21 Derför
467 969 69 22 skulle
548 969 38 27 jag
601 969 110 22 vördsamt
725 969 84 22 anhälla
824 974 34 16 om
873 969 33 20 att

80 996 70 21 såsom
166 996 156 27 önskningsmä!
337 997 33 20 till
384 997 131 26 protokollet
529 997 22 22 få
565 997 89 28 tillägga
669 1000 32 19 att
711 999 7 20 i
728 997 80 22 mån
781 992 22 38 af
816 996 89 27 tillgång

80 1024 62 22 äfven
164 1025 36 21 vid
215 1024 27 22 de
256 1026 68 20 större
339 1025 116 22 lasaretten
469 1026 96 21 i'landet
579 1026 52 22 kurs
645 1027 8 20 i
668 1026 101 28 sjukvård
783 1025 40 22 och
836 1025 70 21 helso-

79 1052 47 22 lära
147 1053 68 21 skulle
237 1053 113 26 meddelas,
368 1053 29 28 på
416 1054 37 22 det
468 1054 85 28 dugliga
568 1055 173 26 sjuksköterskor
755 1055 34 21 må
803 1053 100 22 utbildas.

148 1081 31 22 På
194 1081 26 21 hr
234 1081 205 23 landtmarskalkens
454 1083 80 28 förslag
547 1083 115 22 bordlades
671 1082 233 29 petitionsmemorialet

79 1109 31 22 till
124 1109 85 28 plenum
225 1110 40 21 den
280 1111 13 20 9
309 1111 85 21 dennes.
733 1115 3 2 :

145 1177 34 23 Hr
200 1177 103 28 Antell,
319 1179 34 27 K.,
376 1179 99 28 uppläste
489 1180 53 22 härä
557 1180 258 28 ettTpetitionsmemorial
829 1179 23 22 af
864 1179 39 21 föl-

78 1205 62 24 jande
154 1205 90 28 lydelse:
262 1233 2 2 -

366 1242 115 22 Vördsamt
496 1243 117 22 memorial.

145 1273 69 34 Bland
236 1275 27 22 de
284 1275 85 25 brister,
384 1276 73 23 hvilka
475 1279 57 19 ännu
546 1277 86 22 vidläda
647 1277 52 22 våra
713 1277 151 22 institutioner.
879 1278 25 20 är

76 1301 107 24 måhända
204 1309 63 21 ingen
288 1304 25 21 så
327 1305 89 22 allmänt
431 1305 40 22 och
486 1305 25 22 sä
525 1305 62 27 lifligt
602 1306 58 22 känd
674 1306 24 21 af
710 1306 49 21 hela
773 1306 48 21 vårt
835 1305 69 22 finska

76 1329 46 33 folk
143 1336 45 16 som
204 1331 129 23 afsaknaden
348 1332 24 22 af
385 1339 26 15 en
425 1333 93 27 lagligen
533 1334 82 22 ordnad
630 1334 134 27 tryckfrihet.
793 1334 34 22 De
841 1333 63 22 önsk-

75 1364 76 27 pingar
166 1360 39 32 och
220 1360 93 28 känslor,
329 1367 46 16 som
390 1362 8 20 i
413 1362 61 21 detta
487 1362 100 22 afseende
602 1362 33 22 tid
645 1362 54 22 efter
709 1369 70 15 annan
789 1362 49 22 med
848 1362 56 21 oför-

74 1387 99 22 minskad
194 1388 121 28 ihärdighet
329 1390 62 27 gifvit
405 1390 33 27 sig
452 1390 87 28 uttryck
552 1391 29 21 bl.
598 1397 18 15 a.
632 1391 8 21 i
654 1391 115 27 petitioner
783 1391 36 21 vid
833 1390 70 22 landt-

75 1415 99 28 dagarne,
194 1416 70 25 hafva,
278 1418 71 22 säsom
364 1419 111 27 grundade
490 1419 28 27 pä
533 1425 27 16 en
574 1420 8 20 i
597 1420 84 21 vidaste
695 1420 84 21 kretsar
793 1419 62 27 djupt
870 1424 34 16 ro-

73 1444 39 21 tad
134 1444 145 28 öfvertygelse,
302 1446 48 22 icke
373 1447 56 21 varit
452 1448 81 26 egnade
556 1449 33 20 att
607 1448 102 26 afsvalna,
728 1450 53 20 utan
798 1447 64 22 hafva
876 1447 27 21 de

73 1473 93 21 tvärtom
188 1474 95 27 ständigt
304 1475 93 21 tillvuxit
418 1476 9 20 i
444 1476 59 22 kraft
521 1476 41 22 och
577 1476 135 28 utbredning.
741 1476 33 27 Ja,
789 1478 53 21 utan
856 1475 48 22 fara

72 1500 35 22 för
122 1501 117 28 öfverdrift,
254 1502 42 22 kan
311 1509 50 16 man
376 1505 52 25 säga
443 1506 32 19 att
490 1504 63 22 dessa
564 1504 160 28 önskningsmäl
736 1517 25 3 —
772 1504 37 22 det
818 1504 85 27 tryckta

72 1529 74 23 ordets
164 1530 121 28 lagbundna
298 1531 66 22 frihet
379 1532 40 21 och
433 1532 161 28 upphäfvandet
608 1532 24 22 af
645 1533 163 27 censurtvänget
822 1544 28 4 —
864 1537 40 15 nu-
