<?xml version="1.0" encoding="UTF-8"?>
<alto xmlns="http://www.loc.gov/standards/alto/ns-v3#" xmlns:xlink="http://www.w3.org/1999/xlink" xmlns:xsi="http://www.w3.org/2001/XMLSchema-instance" xsi:schemaLocation="http://www.loc.gov/standards/alto/ns-v3# http://www.loc.gov/alto/v3/alto-3-0.xsd">
	<Description>
		<MeasurementUnit>pixel</MeasurementUnit>
		<sourceImageInformation>
			<fileName>/tmp/tess_vvt50icq_input.PNG</fileName>
		</sourceImageInformation>
		<OCRProcessing ID="OCR_0">
			<ocrProcessingStep>
				<processingSoftware>
					<softwareName>tesseract 5.3.4</softwareName>
				</processingSoftware>
			</ocrProcessingStep>
		</OCRProcessing>
	</Description>
	<Layout>
		<Page WIDTH="1120" HEIGHT="1767" PHYSICAL_IMG_NR="0" ID="page_0">
			<PrintSpace HPOS="0" VPOS="0" WIDTH="1120" HEIGHT="1767">
				<ComposedBlock ID="cblock_0" HPOS="378" VPOS="142" WIDTH="499" HEIGHT="24">
					<TextBlock ID="block_0" HPOS="378" VPOS="142" WIDTH="499" HEIGHT="24">
						<TextLine ID="line_0" HPOS="378" VPOS="142" WIDTH="499" HEIGHT="24">
							<String ID="string_0" HPOS="378" VPOS="143" WIDTH="15" HEIGHT="18" WC="0.96" CONTENT="R."/><SP WIDTH="13" VPOS="143" HPOS="393"/>
							<String ID="string_1" HPOS="406" VPOS="148" WIDTH="14" HEIGHT="13" WC="0.91" CONTENT="0."/><SP WIDTH="14" VPOS="148" HPOS="420"/>
							<String ID="string_2" HPOS="434" VPOS="143" WIDTH="16" HEIGHT="18" WC="0.63" CONTENT="A."/><SP WIDTH="12" VPOS="143" HPOS="450"/>
							<String ID="string_3" HPOS="462" VPOS="142" WIDTH="46" HEIGHT="19" WC="0.90" CONTENT="1886."/><SP WIDTH="24" VPOS="142" HPOS="508"/>
							<String ID="string_4" HPOS="532" VPOS="142" WIDTH="21" HEIGHT="18" WC="0.93" CONTENT="20"/><SP WIDTH="13" VPOS="142" HPOS="553"/>
							<String ID="string_5" HPOS="566" VPOS="142" WIDTH="47" HEIGHT="18" WC="0.82" CONTENT="Mars."/><SP WIDTH="225" VPOS="142" HPOS="613"/>
							<String ID="string_6" HPOS="838" VPOS="144" WIDTH="39" HEIGHT="22" WC="0.96" CONTENT="451"/>
						</TextLine>
					</TextBlock>
				</ComposedBlock>
				<ComposedBlock ID="cblock_1" HPOS="84" VPOS="210" WIDTH="833" HEIGHT="1362">
					<TextBlock ID="block_1" HPOS="84" VPOS="210" WIDTH="825" HEIGHT="256">
						<TextLine ID="line_1" HPOS="84" VPOS="210" WIDTH="824" HEIGHT="28">
							<String ID="string_7" HPOS="84" VPOS="210" WIDTH="37" HEIGHT="22" WC="0.92" CONTENT="fixt"/><SP WIDTH="21" VPOS="210" HPOS="121"/>
							<String ID="string_8" HPOS="142" VPOS="211" WIDTH="188" HEIGHT="27" WC="0.92" CONTENT="penningebelopp,"/><SP WIDTH="24" VPOS="211" HPOS="330"/>
							<String ID="string_9" HPOS="354" VPOS="212" WIDTH="41" HEIGHT="20" WC="0.91" CONTENT="han"/><SP WIDTH="23" VPOS="212" HPOS="395"/>
							<String ID="string_10" HPOS="418" VPOS="212" WIDTH="121" HEIGHT="26" WC="0.91" CONTENT="påtagligen"/><SP WIDTH="20" VPOS="212" HPOS="539"/>
							<String ID="string_11" HPOS="559" VPOS="211" WIDTH="74" HEIGHT="21" WC="0.92" CONTENT="dervid"/><SP WIDTH="15" VPOS="211" HPOS="633"/>
							<String ID="string_12" HPOS="648" VPOS="211" WIDTH="99" HEIGHT="21" WC="0.92" CONTENT="förbisett"/><SP WIDTH="15" VPOS="211" HPOS="747"/>
							<String ID="string_13" HPOS="762" VPOS="212" WIDTH="40" HEIGHT="20" WC="0.92" CONTENT="den"/><SP WIDTH="16" VPOS="212" HPOS="802"/>
							<String ID="string_14" HPOS="818" VPOS="213" WIDTH="90" HEIGHT="19" WC="0.90" CONTENT="omstän-"/>
						</TextLine>
						<TextLine ID="line_2" HPOS="85" VPOS="239" WIDTH="823" HEIGHT="27">
							<String ID="string_15" HPOS="85" VPOS="239" WIDTH="104" HEIGHT="27" WC="0.92" CONTENT="digheten,"/><SP WIDTH="16" VPOS="239" HPOS="189"/>
							<String ID="string_16" HPOS="205" VPOS="241" WIDTH="38" HEIGHT="23" WC="0.94" CONTENT="att,"/><SP WIDTH="16" VPOS="241" HPOS="243"/>
							<String ID="string_17" HPOS="259" VPOS="246" WIDTH="34" HEIGHT="14" WC="0.96" CONTENT="om"/><SP WIDTH="16" VPOS="246" HPOS="293"/>
							<String ID="string_18" HPOS="309" VPOS="240" WIDTH="64" HEIGHT="20" WC="0.96" CONTENT="också"/><SP WIDTH="15" VPOS="240" HPOS="373"/>
							<String ID="string_19" HPOS="388" VPOS="240" WIDTH="47" HEIGHT="20" WC="0.96" CONTENT="icke"/><SP WIDTH="15" VPOS="240" HPOS="435"/>
							<String ID="string_20" HPOS="450" VPOS="240" WIDTH="56" HEIGHT="20" WC="0.96" CONTENT="inom"/><SP WIDTH="17" VPOS="240" HPOS="506"/>
							<String ID="string_21" HPOS="523" VPOS="240" WIDTH="26" HEIGHT="20" WC="0.96" CONTENT="de"/><SP WIDTH="15" VPOS="240" HPOS="549"/>
							<String ID="string_22" HPOS="564" VPOS="241" WIDTH="107" HEIGHT="19" WC="0.95" CONTENT="närmaste"/><SP WIDTH="11" VPOS="241" HPOS="671"/>
							<String ID="string_23" HPOS="682" VPOS="240" WIDTH="51" HEIGHT="20" WC="0.96" CONTENT="åren"/><SP WIDTH="14" VPOS="240" HPOS="733"/>
							<String ID="string_24" HPOS="747" VPOS="240" WIDTH="24" HEIGHT="20" WC="0.96" CONTENT="så"/><SP WIDTH="9" VPOS="240" HPOS="771"/>
							<String ID="string_25" HPOS="780" VPOS="240" WIDTH="64" HEIGHT="21" WC="0.96" CONTENT="likväl"/><SP WIDTH="11" VPOS="240" HPOS="844"/>
							<String ID="string_26" HPOS="855" VPOS="240" WIDTH="53" HEIGHT="21" WC="0.96" CONTENT="efter"/>
						</TextLine>
						<TextLine ID="line_3" HPOS="84" VPOS="268" WIDTH="824" HEIGHT="27">
							<String ID="string_27" HPOS="84" VPOS="268" WIDTH="65" HEIGHT="26" WC="0.96" CONTENT="något"/><SP WIDTH="16" VPOS="268" HPOS="149"/>
							<String ID="string_28" HPOS="165" VPOS="268" WIDTH="128" HEIGHT="26" WC="0.96" CONTENT="decennium,"/><SP WIDTH="17" VPOS="268" HPOS="293"/>
							<String ID="string_29" HPOS="310" VPOS="270" WIDTH="80" HEIGHT="19" WC="0.96" CONTENT="statens"/><SP WIDTH="16" VPOS="270" HPOS="390"/>
							<String ID="string_30" HPOS="406" VPOS="269" WIDTH="116" HEIGHT="20" WC="0.96" CONTENT="inkomster"/><SP WIDTH="15" VPOS="269" HPOS="522"/>
							<String ID="string_31" HPOS="537" VPOS="269" WIDTH="7" HEIGHT="20" WC="0.96" CONTENT="i"/><SP WIDTH="16" VPOS="269" HPOS="544"/>
							<String ID="string_32" HPOS="560" VPOS="268" WIDTH="24" HEIGHT="21" WC="0.95" CONTENT="så"/><SP WIDTH="14" VPOS="268" HPOS="584"/>
							<String ID="string_33" HPOS="598" VPOS="268" WIDTH="37" HEIGHT="21" WC="0.93" CONTENT="fall"/><SP WIDTH="15" VPOS="268" HPOS="635"/>
							<String ID="string_34" HPOS="650" VPOS="268" WIDTH="70" HEIGHT="21" WC="0.93" CONTENT="blefve"/><SP WIDTH="15" VPOS="268" HPOS="720"/>
							<String ID="string_35" HPOS="735" VPOS="268" WIDTH="48" HEIGHT="21" WC="0.96" CONTENT="vida"/><SP WIDTH="9" VPOS="268" HPOS="783"/>
							<String ID="string_36" HPOS="792" VPOS="268" WIDTH="65" HEIGHT="27" WC="0.96" CONTENT="lägre,"/><SP WIDTH="12" VPOS="268" HPOS="857"/>
							<String ID="string_37" HPOS="869" VPOS="268" WIDTH="39" HEIGHT="22" WC="0.96" CONTENT="och"/>
						</TextLine>
						<TextLine ID="line_4" HPOS="85" VPOS="296" WIDTH="824" HEIGHT="28">
							<String ID="string_38" HPOS="85" VPOS="296" WIDTH="102" HEIGHT="21" WC="0.95" CONTENT="förlusten"/><SP WIDTH="23" VPOS="296" HPOS="187"/>
							<String ID="string_39" HPOS="210" VPOS="297" WIDTH="64" HEIGHT="20" WC="0.96" CONTENT="redan"/><SP WIDTH="22" VPOS="297" HPOS="274"/>
							<String ID="string_40" HPOS="296" VPOS="297" WIDTH="34" HEIGHT="20" WC="0.96" CONTENT="vid"/><SP WIDTH="24" VPOS="297" HPOS="330"/>
							<String ID="string_41" HPOS="354" VPOS="297" WIDTH="65" HEIGHT="20" WC="0.94" CONTENT="slutet"/><SP WIDTH="15" VPOS="297" HPOS="419"/>
							<String ID="string_42" HPOS="434" VPOS="296" WIDTH="23" HEIGHT="22" WC="0.96" CONTENT="af"/><SP WIDTH="14" VPOS="296" HPOS="457"/>
							<String ID="string_43" HPOS="471" VPOS="297" WIDTH="58" HEIGHT="21" WC="0.96" CONTENT="detta"/><SP WIDTH="15" VPOS="297" HPOS="529"/>
							<String ID="string_44" HPOS="544" VPOS="296" WIDTH="58" HEIGHT="22" WC="0.96" CONTENT="sekel"/><SP WIDTH="15" VPOS="296" HPOS="602"/>
							<String ID="string_45" HPOS="617" VPOS="296" WIDTH="120" HEIGHT="27" WC="0.96" CONTENT="säkerligen"/><SP WIDTH="15" VPOS="296" HPOS="737"/>
							<String ID="string_46" HPOS="752" VPOS="297" WIDTH="76" HEIGHT="27" WC="0.93" CONTENT="många"/><SP WIDTH="14" VPOS="297" HPOS="828"/>
							<String ID="string_47" HPOS="842" VPOS="297" WIDTH="67" HEIGHT="26" WC="0.92" CONTENT="miljo-"/>
						</TextLine>
						<TextLine ID="line_5" HPOS="85" VPOS="324" WIDTH="822" HEIGHT="28">
							<String ID="string_48" HPOS="85" VPOS="331" WIDTH="38" HEIGHT="15" WC="0.95" CONTENT="ner"/><SP WIDTH="23" VPOS="331" HPOS="123"/>
							<String ID="string_49" HPOS="146" VPOS="326" WIDTH="67" HEIGHT="20" WC="0.95" CONTENT="större"/><SP WIDTH="16" VPOS="326" HPOS="213"/>
							<String ID="string_50" HPOS="229" VPOS="327" WIDTH="26" HEIGHT="19" WC="0.96" CONTENT="än"/><SP WIDTH="24" VPOS="327" HPOS="255"/>
							<String ID="string_51" HPOS="279" VPOS="325" WIDTH="25" HEIGHT="21" WC="0.96" CONTENT="de"/><SP WIDTH="16" VPOS="325" HPOS="304"/>
							<String ID="string_52" HPOS="320" VPOS="327" WIDTH="11" HEIGHT="19" WC="0.96" CONTENT="7"/><SP WIDTH="16" VPOS="327" HPOS="331"/>
							<String ID="string_53" HPOS="347" VPOS="325" WIDTH="104" HEIGHT="27" WC="0.96" CONTENT="miljoner,"/><SP WIDTH="23" VPOS="325" HPOS="451"/>
							<String ID="string_54" HPOS="474" VPOS="332" WIDTH="45" HEIGHT="14" WC="0.94" CONTENT="som"/><SP WIDTH="23" VPOS="332" HPOS="519"/>
							<String ID="string_55" HPOS="542" VPOS="325" WIDTH="42" HEIGHT="21" WC="0.94" CONTENT="han"/><SP WIDTH="16" VPOS="325" HPOS="584"/>
							<String ID="string_56" HPOS="600" VPOS="324" WIDTH="69" HEIGHT="22" WC="0.95" CONTENT="funnit"/><SP WIDTH="16" VPOS="324" HPOS="669"/>
							<String ID="string_57" HPOS="685" VPOS="325" WIDTH="59" HEIGHT="21" WC="0.96" CONTENT="detta"/><SP WIDTH="15" VPOS="325" HPOS="744"/>
							<String ID="string_58" HPOS="759" VPOS="325" WIDTH="78" HEIGHT="27" WC="0.93" CONTENT="förslag"/><SP WIDTH="14" VPOS="325" HPOS="837"/>
							<String ID="string_59" HPOS="851" VPOS="325" WIDTH="56" HEIGHT="21" WC="0.92" CONTENT="med-"/>
						</TextLine>
						<TextLine ID="line_6" HPOS="85" VPOS="352" WIDTH="824" HEIGHT="28">
							<String ID="string_60" HPOS="85" VPOS="352" WIDTH="46" HEIGHT="22" WC="0.96" CONTENT="föra"/><SP WIDTH="16" VPOS="352" HPOS="131"/>
							<String ID="string_61" HPOS="147" VPOS="353" WIDTH="38" HEIGHT="21" WC="0.95" CONTENT="och"/><SP WIDTH="16" VPOS="353" HPOS="185"/>
							<String ID="string_62" HPOS="201" VPOS="353" WIDTH="76" HEIGHT="24" WC="0.96" CONTENT="hvilka,"/><SP WIDTH="17" VPOS="353" HPOS="277"/>
							<String ID="string_63" HPOS="294" VPOS="354" WIDTH="68" HEIGHT="21" WC="0.96" CONTENT="såsom"/><SP WIDTH="14" VPOS="354" HPOS="362"/>
							<String ID="string_64" HPOS="376" VPOS="354" WIDTH="37" HEIGHT="26" WC="0.96" CONTENT="jag"/><SP WIDTH="15" VPOS="354" HPOS="413"/>
							<String ID="string_65" HPOS="428" VPOS="354" WIDTH="65" HEIGHT="21" WC="0.96" CONTENT="redan"/><SP WIDTH="16" VPOS="354" HPOS="493"/>
							<String ID="string_66" HPOS="509" VPOS="356" WIDTH="80" HEIGHT="23" WC="0.96" CONTENT="nämnt,"/><SP WIDTH="17" VPOS="356" HPOS="589"/>
							<String ID="string_67" HPOS="606" VPOS="354" WIDTH="75" HEIGHT="20" WC="0.96" CONTENT="endast"/><SP WIDTH="14" VPOS="354" HPOS="681"/>
							<String ID="string_68" HPOS="695" VPOS="353" WIDTH="101" HEIGHT="21" WC="0.96" CONTENT="innebära"/><SP WIDTH="16" VPOS="353" HPOS="796"/>
							<String ID="string_69" HPOS="812" VPOS="360" WIDTH="25" HEIGHT="15" WC="0.96" CONTENT="en"/><SP WIDTH="11" VPOS="360" HPOS="837"/>
							<String ID="string_70" HPOS="848" VPOS="353" WIDTH="61" HEIGHT="22" WC="0.96" CONTENT="enkel"/>
						</TextLine>
						<TextLine ID="line_7" HPOS="86" VPOS="382" WIDTH="823" HEIGHT="27">
							<String ID="string_71" HPOS="86" VPOS="382" WIDTH="107" HEIGHT="20" WC="0.70" CONTENT="orättvisa,"/><SP WIDTH="24" VPOS="382" HPOS="193"/>
							<String ID="string_72" HPOS="217" VPOS="394" WIDTH="28" HEIGHT="2" WC="0.92" CONTENT="—"/><SP WIDTH="21" VPOS="394" HPOS="245"/>
							<String ID="string_73" HPOS="266" VPOS="382" WIDTH="41" HEIGHT="26" WC="0.96" CONTENT="Jag"/><SP WIDTH="21" VPOS="382" HPOS="307"/>
							<String ID="string_74" HPOS="328" VPOS="388" WIDTH="62" HEIGHT="15" WC="0.96" CONTENT="anser"/><SP WIDTH="22" VPOS="388" HPOS="390"/>
							<String ID="string_75" HPOS="412" VPOS="382" WIDTH="43" HEIGHT="26" WC="0.96" CONTENT="mig"/><SP WIDTH="19" VPOS="382" HPOS="455"/>
							<String ID="string_76" HPOS="474" VPOS="382" WIDTH="46" HEIGHT="21" WC="0.92" CONTENT="icke"/><SP WIDTH="21" VPOS="382" HPOS="520"/>
							<String ID="string_77" HPOS="541" VPOS="382" WIDTH="91" HEIGHT="21" WC="0.92" CONTENT="behöfva"/><SP WIDTH="15" VPOS="382" HPOS="632"/>
							<String ID="string_78" HPOS="647" VPOS="382" WIDTH="74" HEIGHT="20" WC="0.96" CONTENT="anföra"/><SP WIDTH="15" VPOS="382" HPOS="721"/>
							<String ID="string_79" HPOS="736" VPOS="382" WIDTH="65" HEIGHT="27" WC="0.96" CONTENT="något"/><SP WIDTH="14" VPOS="382" HPOS="801"/>
							<String ID="string_80" HPOS="815" VPOS="382" WIDTH="94" HEIGHT="22" WC="0.96" CONTENT="vidare"/><SP WIDTH="-9" VPOS="382" HPOS="909"/>
							<String ID="string_81" HPOS="900" VPOS="378" WIDTH="14" HEIGHT="35" WC="0.96" CONTENT="i"/>
						</TextLine>
						<TextLine ID="line_8" HPOS="87" VPOS="410" WIDTH="822" HEIGHT="28">
							<String ID="string_82" HPOS="87" VPOS="410" WIDTH="71" HEIGHT="26" WC="0.95" CONTENT="saken,"/><SP WIDTH="15" VPOS="410" HPOS="158"/>
							<String ID="string_83" HPOS="173" VPOS="412" WIDTH="51" HEIGHT="18" WC="0.96" CONTENT="utan"/><SP WIDTH="16" VPOS="412" HPOS="224"/>
							<String ID="string_84" HPOS="240" VPOS="410" WIDTH="80" HEIGHT="27" WC="0.96" CONTENT="hoppas"/><SP WIDTH="16" VPOS="410" HPOS="320"/>
							<String ID="string_85" HPOS="336" VPOS="413" WIDTH="32" HEIGHT="19" WC="0.96" CONTENT="att"/><SP WIDTH="15" VPOS="413" HPOS="368"/>
							<String ID="string_86" HPOS="383" VPOS="411" WIDTH="85" HEIGHT="20" WC="0.96" CONTENT="ståndet"/><SP WIDTH="15" VPOS="411" HPOS="468"/>
							<String ID="string_87" HPOS="483" VPOS="410" WIDTH="67" HEIGHT="22" WC="0.96" CONTENT="håller"/><SP WIDTH="15" VPOS="410" HPOS="550"/>
							<String ID="string_88" HPOS="565" VPOS="410" WIDTH="43" HEIGHT="27" WC="0.96" CONTENT="mig"/><SP WIDTH="16" VPOS="410" HPOS="608"/>
							<String ID="string_89" HPOS="624" VPOS="410" WIDTH="91" HEIGHT="27" WC="0.95" CONTENT="räkning"/><SP WIDTH="14" VPOS="410" HPOS="715"/>
							<String ID="string_90" HPOS="729" VPOS="410" WIDTH="33" HEIGHT="21" WC="0.96" CONTENT="för"/><SP WIDTH="15" VPOS="410" HPOS="762"/>
							<String ID="string_91" HPOS="777" VPOS="413" WIDTH="32" HEIGHT="19" WC="0.96" CONTENT="att"/><SP WIDTH="8" VPOS="413" HPOS="809"/>
							<String ID="string_92" HPOS="817" VPOS="411" WIDTH="36" HEIGHT="27" WC="0.96" CONTENT="jag"/><SP WIDTH="10" VPOS="411" HPOS="853"/>
							<String ID="string_93" HPOS="863" VPOS="411" WIDTH="46" HEIGHT="20" WC="0.95" CONTENT="icke"/>
						</TextLine>
						<TextLine ID="line_9" HPOS="87" VPOS="438" WIDTH="822" HEIGHT="28">
							<String ID="string_94" HPOS="87" VPOS="438" WIDTH="60" HEIGHT="27" WC="0.96" CONTENT="ingår"/><SP WIDTH="14" VPOS="438" HPOS="147"/>
							<String ID="string_95" HPOS="161" VPOS="438" WIDTH="7" HEIGHT="21" WC="0.96" CONTENT="i"/><SP WIDTH="15" VPOS="438" HPOS="168"/>
							<String ID="string_96" HPOS="183" VPOS="440" WIDTH="31" HEIGHT="19" WC="0.93" CONTENT="ett"/><SP WIDTH="16" VPOS="440" HPOS="214"/>
							<String ID="string_97" HPOS="230" VPOS="439" WIDTH="192" HEIGHT="26" WC="0.91" CONTENT="detaljbemötande"/><SP WIDTH="16" VPOS="439" HPOS="422"/>
							<String ID="string_98" HPOS="438" VPOS="439" WIDTH="21" HEIGHT="21" WC="0.96" CONTENT="af"/><SP WIDTH="14" VPOS="439" HPOS="459"/>
							<String ID="string_99" HPOS="473" VPOS="439" WIDTH="42" HEIGHT="22" WC="0.96" CONTENT="alla"/><SP WIDTH="11" VPOS="439" HPOS="515"/>
							<String ID="string_100" HPOS="526" VPOS="440" WIDTH="25" HEIGHT="21" WC="0.93" CONTENT="de"/><SP WIDTH="9" VPOS="440" HPOS="551"/>
							<String ID="string_101" HPOS="560" VPOS="438" WIDTH="171" HEIGHT="28" WC="0.91" CONTENT="sifferuppgifter,"/><SP WIDTH="16" VPOS="438" HPOS="731"/>
							<String ID="string_102" HPOS="747" VPOS="439" WIDTH="39" HEIGHT="21" WC="0.96" CONTENT="här"/><SP WIDTH="7" VPOS="439" HPOS="786"/>
							<String ID="string_103" HPOS="793" VPOS="439" WIDTH="116" HEIGHT="27" WC="0.96" CONTENT="framlagts."/>
						</TextLine>
					</TextBlock>
					<TextBlock ID="block_2" HPOS="87" VPOS="467" WIDTH="825" HEIGHT="366">
						<TextLine ID="line_10" HPOS="155" VPOS="467" WIDTH="754" HEIGHT="27">
							<String ID="string_104" HPOS="155" VPOS="467" WIDTH="32" HEIGHT="21" WC="0.95" CONTENT="Hr"/><SP WIDTH="14" VPOS="467" HPOS="187"/>
							<String ID="string_105" HPOS="201" VPOS="467" WIDTH="206" HEIGHT="22" WC="0.95" CONTENT="Nordenskiöld:"/><SP WIDTH="23" VPOS="467" HPOS="407"/>
							<String ID="string_106" HPOS="430" VPOS="468" WIDTH="40" HEIGHT="26" WC="0.96" CONTENT="Jag"/><SP WIDTH="24" VPOS="468" HPOS="470"/>
							<String ID="string_107" HPOS="494" VPOS="468" WIDTH="40" HEIGHT="21" WC="0.96" CONTENT="kan"/><SP WIDTH="16" VPOS="468" HPOS="534"/>
							<String ID="string_108" HPOS="550" VPOS="468" WIDTH="46" HEIGHT="21" WC="0.96" CONTENT="icke"/><SP WIDTH="15" VPOS="468" HPOS="596"/>
							<String ID="string_109" HPOS="611" VPOS="467" WIDTH="110" HEIGHT="22" WC="0.96" CONTENT="förhindra"/><SP WIDTH="14" VPOS="467" HPOS="721"/>
							<String ID="string_110" HPOS="735" VPOS="467" WIDTH="47" HEIGHT="22" WC="0.94" CONTENT="frih."/><SP WIDTH="15" VPOS="467" HPOS="782"/>
							<String ID="string_111" HPOS="797" VPOS="475" WIDTH="40" HEIGHT="14" WC="0.96" CONTENT="von"/><SP WIDTH="16" VPOS="475" HPOS="837"/>
							<String ID="string_112" HPOS="853" VPOS="468" WIDTH="56" HEIGHT="21" WC="0.96" CONTENT="Born"/>
						</TextLine>
						<TextLine ID="line_11" HPOS="87" VPOS="495" WIDTH="823" HEIGHT="28">
							<String ID="string_113" HPOS="87" VPOS="497" WIDTH="32" HEIGHT="20" WC="0.96" CONTENT="att"/><SP WIDTH="16" VPOS="497" HPOS="119"/>
							<String ID="string_114" HPOS="135" VPOS="502" WIDTH="49" HEIGHT="15" WC="0.96" CONTENT="anse"/><SP WIDTH="15" VPOS="502" HPOS="184"/>
							<String ID="string_115" HPOS="199" VPOS="495" WIDTH="32" HEIGHT="22" WC="0.93" CONTENT="för"/><SP WIDTH="15" VPOS="495" HPOS="231"/>
							<String ID="string_116" HPOS="246" VPOS="496" WIDTH="96" HEIGHT="21" WC="0.92" CONTENT="bevisadt"/><SP WIDTH="15" VPOS="496" HPOS="342"/>
							<String ID="string_117" HPOS="357" VPOS="497" WIDTH="54" HEIGHT="20" WC="0.96" CONTENT="hvad"/><SP WIDTH="16" VPOS="497" HPOS="411"/>
							<String ID="string_118" HPOS="427" VPOS="502" WIDTH="45" HEIGHT="15" WC="0.96" CONTENT="som"/><SP WIDTH="16" VPOS="502" HPOS="472"/>
							<String ID="string_119" HPOS="488" VPOS="496" WIDTH="46" HEIGHT="21" WC="0.96" CONTENT="icke"/><SP WIDTH="16" VPOS="496" HPOS="534"/>
							<String ID="string_120" HPOS="550" VPOS="499" WIDTH="23" HEIGHT="18" WC="0.93" CONTENT="är"/><SP WIDTH="15" VPOS="499" HPOS="573"/>
							<String ID="string_121" HPOS="588" VPOS="496" WIDTH="103" HEIGHT="25" WC="0.93" CONTENT="bevisadt,"/><SP WIDTH="16" VPOS="496" HPOS="691"/>
							<String ID="string_122" HPOS="707" VPOS="502" WIDTH="46" HEIGHT="15" WC="0.96" CONTENT="men"/><SP WIDTH="9" VPOS="502" HPOS="753"/>
							<String ID="string_123" HPOS="762" VPOS="497" WIDTH="36" HEIGHT="26" WC="0.96" CONTENT="jag"/><SP WIDTH="11" VPOS="497" HPOS="798"/>
							<String ID="string_124" HPOS="809" VPOS="497" WIDTH="37" HEIGHT="20" WC="0.96" CONTENT="ber"/><SP WIDTH="11" VPOS="497" HPOS="846"/>
							<String ID="string_125" HPOS="857" VPOS="496" WIDTH="53" HEIGHT="21" WC="0.96" CONTENT="dock"/>
						</TextLine>
						<TextLine ID="line_12" HPOS="88" VPOS="523" WIDTH="823" HEIGHT="27">
							<String ID="string_126" HPOS="88" VPOS="525" WIDTH="31" HEIGHT="20" WC="0.96" CONTENT="att"/><SP WIDTH="14" VPOS="525" HPOS="119"/>
							<String ID="string_127" HPOS="133" VPOS="523" WIDTH="21" HEIGHT="22" WC="0.96" CONTENT="få"/><SP WIDTH="15" VPOS="523" HPOS="154"/>
							<String ID="string_128" HPOS="169" VPOS="524" WIDTH="70" HEIGHT="21" WC="0.96" CONTENT="erinra"/><SP WIDTH="16" VPOS="524" HPOS="239"/>
							<String ID="string_129" HPOS="255" VPOS="525" WIDTH="70" HEIGHT="21" WC="0.96" CONTENT="derom"/><SP WIDTH="17" VPOS="525" HPOS="325"/>
							<String ID="string_130" HPOS="342" VPOS="527" WIDTH="31" HEIGHT="18" WC="0.96" CONTENT="att"/><SP WIDTH="15" VPOS="527" HPOS="373"/>
							<String ID="string_131" HPOS="388" VPOS="525" WIDTH="96" HEIGHT="20" WC="0.92" CONTENT="material"/><SP WIDTH="16" VPOS="525" HPOS="484"/>
							<String ID="string_132" HPOS="500" VPOS="525" WIDTH="31" HEIGHT="20" WC="0.96" CONTENT="till"/><SP WIDTH="16" VPOS="525" HPOS="531"/>
							<String ID="string_133" HPOS="547" VPOS="525" WIDTH="58" HEIGHT="20" WC="0.96" CONTENT="bevis"/><SP WIDTH="15" VPOS="525" HPOS="605"/>
							<String ID="string_134" HPOS="620" VPOS="524" WIDTH="53" HEIGHT="21" WC="0.96" CONTENT="först"/><SP WIDTH="14" VPOS="524" HPOS="673"/>
							<String ID="string_135" HPOS="687" VPOS="524" WIDTH="68" HEIGHT="21" WC="0.93" CONTENT="blifvit"/><SP WIDTH="15" VPOS="524" HPOS="755"/>
							<String ID="string_136" HPOS="770" VPOS="525" WIDTH="95" HEIGHT="25" WC="0.91" CONTENT="samladt,"/><SP WIDTH="14" VPOS="525" HPOS="865"/>
							<String ID="string_137" HPOS="879" VPOS="530" WIDTH="32" HEIGHT="15" WC="0.93" CONTENT="se-"/>
						</TextLine>
						<TextLine ID="line_13" HPOS="89" VPOS="552" WIDTH="822" HEIGHT="27">
							<String ID="string_138" HPOS="89" VPOS="552" WIDTH="40" HEIGHT="21" WC="0.92" CONTENT="dan"/><SP WIDTH="23" VPOS="552" HPOS="129"/>
							<String ID="string_139" HPOS="152" VPOS="552" WIDTH="25" HEIGHT="21" WC="0.90" CONTENT="H."/><SP WIDTH="24" VPOS="552" HPOS="177"/>
							<String ID="string_140" HPOS="201" VPOS="553" WIDTH="26" HEIGHT="20" WC="0.90" CONTENT="K."/><SP WIDTH="17" VPOS="553" HPOS="227"/>
							<String ID="string_141" HPOS="244" VPOS="553" WIDTH="21" HEIGHT="20" WC="0.89" CONTENT="M."/><SP WIDTH="22" VPOS="553" HPOS="265"/>
							<String ID="string_142" HPOS="287" VPOS="553" WIDTH="7" HEIGHT="20" WC="0.95" CONTENT="i"/><SP WIDTH="15" VPOS="553" HPOS="294"/>
							<String ID="string_143" HPOS="309" VPOS="553" WIDTH="72" HEIGHT="26" WC="0.96" CONTENT="nåder,"/><SP WIDTH="16" VPOS="553" HPOS="381"/>
							<String ID="string_144" HPOS="397" VPOS="553" WIDTH="48" HEIGHT="21" WC="0.96" CONTENT="med"/><SP WIDTH="16" VPOS="553" HPOS="445"/>
							<String ID="string_145" HPOS="461" VPOS="553" WIDTH="111" HEIGHT="26" WC="0.80" CONTENT="anledning"/><SP WIDTH="16" VPOS="553" HPOS="572"/>
							<String ID="string_146" HPOS="588" VPOS="552" WIDTH="22" HEIGHT="21" WC="0.96" CONTENT="af"/><SP WIDTH="13" VPOS="552" HPOS="610"/>
							<String ID="string_147" HPOS="623" VPOS="553" WIDTH="125" HEIGHT="21" WC="0.96" CONTENT="ständernas"/><SP WIDTH="15" VPOS="553" HPOS="748"/>
							<String ID="string_148" HPOS="763" VPOS="553" WIDTH="98" HEIGHT="22" WC="0.96" CONTENT="anhållan"/><SP WIDTH="16" VPOS="553" HPOS="861"/>
							<String ID="string_149" HPOS="877" VPOS="553" WIDTH="34" HEIGHT="20" WC="0.96" CONTENT="vid"/>
						</TextLine>
						<TextLine ID="line_14" HPOS="89" VPOS="581" WIDTH="822" HEIGHT="27">
							<String ID="string_150" HPOS="89" VPOS="581" WIDTH="54" HEIGHT="20" WC="0.96" CONTENT="1877"/><SP WIDTH="15" VPOS="581" HPOS="143"/>
							<String ID="string_151" HPOS="158" VPOS="581" WIDTH="34" HEIGHT="21" WC="0.93" CONTENT="års"/><SP WIDTH="23" VPOS="581" HPOS="192"/>
							<String ID="string_152" HPOS="215" VPOS="581" WIDTH="107" HEIGHT="26" WC="0.92" CONTENT="landtdag,"/><SP WIDTH="23" VPOS="581" HPOS="322"/>
							<String ID="string_153" HPOS="345" VPOS="581" WIDTH="77" HEIGHT="27" WC="0.96" CONTENT="påbjöd"/><SP WIDTH="24" VPOS="581" HPOS="422"/>
							<String ID="string_154" HPOS="446" VPOS="584" WIDTH="31" HEIGHT="18" WC="0.96" CONTENT="att"/><SP WIDTH="23" VPOS="584" HPOS="477"/>
							<String ID="string_155" HPOS="500" VPOS="582" WIDTH="26" HEIGHT="20" WC="0.96" CONTENT="de"/><SP WIDTH="22" VPOS="582" HPOS="526"/>
							<String ID="string_156" HPOS="548" VPOS="581" WIDTH="70" HEIGHT="26" WC="0.93" CONTENT="gamla"/><SP WIDTH="16" VPOS="581" HPOS="618"/>
							<String ID="string_157" HPOS="634" VPOS="582" WIDTH="194" HEIGHT="26" WC="0.92" CONTENT="räntepersedlarne"/><SP WIDTH="15" VPOS="582" HPOS="828"/>
							<String ID="string_158" HPOS="843" VPOS="581" WIDTH="68" HEIGHT="22" WC="0.95" CONTENT="skulle"/>
						</TextLine>
						<TextLine ID="line_15" HPOS="89" VPOS="609" WIDTH="822" HEIGHT="27">
							<String ID="string_159" HPOS="89" VPOS="609" WIDTH="53" HEIGHT="27" WC="0.93" CONTENT="ånyo"/><SP WIDTH="25" VPOS="609" HPOS="142"/>
							<String ID="string_160" HPOS="167" VPOS="609" WIDTH="133" HEIGHT="26" WC="0.89" CONTENT="prisnoteras."/><SP WIDTH="32" VPOS="609" HPOS="300"/>
							<String ID="string_161" HPOS="332" VPOS="609" WIDTH="140" HEIGHT="22" WC="0.89" CONTENT="Derförinnan"/><SP WIDTH="25" VPOS="609" HPOS="472"/>
							<String ID="string_162" HPOS="497" VPOS="610" WIDTH="70" HEIGHT="21" WC="0.96" CONTENT="kunde"/><SP WIDTH="26" VPOS="610" HPOS="567"/>
							<String ID="string_163" HPOS="593" VPOS="610" WIDTH="36" HEIGHT="20" WC="0.96" CONTENT="det"/><SP WIDTH="22" VPOS="610" HPOS="629"/>
							<String ID="string_164" HPOS="651" VPOS="609" WIDTH="46" HEIGHT="22" WC="0.96" CONTENT="icke"/><SP WIDTH="23" VPOS="609" HPOS="697"/>
							<String ID="string_165" HPOS="720" VPOS="610" WIDTH="99" HEIGHT="21" WC="0.95" CONTENT="anställas"/><SP WIDTH="23" VPOS="610" HPOS="819"/>
							<String ID="string_166" HPOS="842" VPOS="611" WIDTH="69" HEIGHT="24" WC="0.96" CONTENT="någon"/>
						</TextLine>
						<TextLine ID="line_16" HPOS="89" VPOS="637" WIDTH="822" HEIGHT="28">
							<String ID="string_167" HPOS="89" VPOS="637" WIDTH="63" HEIGHT="21" WC="0.96" CONTENT="exakt"/><SP WIDTH="8" VPOS="637" HPOS="152"/>
							<String ID="string_168" HPOS="160" VPOS="638" WIDTH="155" HEIGHT="26" WC="0.96" CONTENT="undersökning"/><SP WIDTH="7" VPOS="638" HPOS="315"/>
							<String ID="string_169" HPOS="322" VPOS="638" WIDTH="33" HEIGHT="21" WC="0.93" CONTENT="för"/><SP WIDTH="7" VPOS="638" HPOS="355"/>
							<String ID="string_170" HPOS="362" VPOS="638" WIDTH="132" HEIGHT="21" WC="0.92" CONTENT="besvarande"/><SP WIDTH="8" VPOS="638" HPOS="494"/>
							<String ID="string_171" HPOS="502" VPOS="638" WIDTH="22" HEIGHT="21" WC="0.96" CONTENT="af"/><SP WIDTH="6" VPOS="638" HPOS="524"/>
							<String ID="string_172" HPOS="530" VPOS="638" WIDTH="73" HEIGHT="26" WC="0.96" CONTENT="frågan"/><SP WIDTH="16" VPOS="638" HPOS="603"/>
							<String ID="string_173" HPOS="619" VPOS="645" WIDTH="33" HEIGHT="14" WC="0.96" CONTENT="om"/><SP WIDTH="17" VPOS="645" HPOS="652"/>
							<String ID="string_174" HPOS="669" VPOS="638" WIDTH="40" HEIGHT="21" WC="0.95" CONTENT="den"/><SP WIDTH="9" VPOS="638" HPOS="709"/>
							<String ID="string_175" HPOS="718" VPOS="645" WIDTH="27" HEIGHT="14" WC="0.95" CONTENT="nu"/><SP WIDTH="9" VPOS="645" HPOS="745"/>
							<String ID="string_176" HPOS="754" VPOS="639" WIDTH="96" HEIGHT="26" WC="0.96" CONTENT="gällande"/><SP WIDTH="10" VPOS="639" HPOS="850"/>
							<String ID="string_177" HPOS="860" VPOS="638" WIDTH="51" HEIGHT="21" WC="0.96" CONTENT="eller"/>
						</TextLine>
						<TextLine ID="line_17" HPOS="89" VPOS="665" WIDTH="822" HEIGHT="28">
							<String ID="string_178" HPOS="89" VPOS="665" WIDTH="25" HEIGHT="22" WC="0.96" CONTENT="de"/><SP WIDTH="11" VPOS="665" HPOS="114"/>
							<String ID="string_179" HPOS="125" VPOS="666" WIDTH="67" HEIGHT="26" WC="0.93" CONTENT="gamla"/><SP WIDTH="11" VPOS="666" HPOS="192"/>
							<String ID="string_180" HPOS="203" VPOS="666" WIDTH="201" HEIGHT="27" WC="0.91" CONTENT="undervisningarna"/><SP WIDTH="10" VPOS="666" HPOS="404"/>
							<String ID="string_181" HPOS="414" VPOS="667" WIDTH="70" HEIGHT="20" WC="0.96" CONTENT="lemna"/><SP WIDTH="10" VPOS="667" HPOS="484"/>
							<String ID="string_182" HPOS="494" VPOS="667" WIDTH="65" HEIGHT="25" WC="0.93" CONTENT="högre"/><SP WIDTH="9" VPOS="667" HPOS="559"/>
							<String ID="string_183" HPOS="568" VPOS="666" WIDTH="183" HEIGHT="27" WC="0.90" CONTENT="jordeboksränta."/><SP WIDTH="21" VPOS="666" HPOS="751"/>
							<String ID="string_184" HPOS="772" VPOS="667" WIDTH="49" HEIGHT="20" WC="0.95" CONTENT="Man"/><SP WIDTH="9" VPOS="667" HPOS="821"/>
							<String ID="string_185" HPOS="830" VPOS="667" WIDTH="38" HEIGHT="20" WC="0.93" CONTENT="har"/><SP WIDTH="9" VPOS="667" HPOS="868"/>
							<String ID="string_186" HPOS="877" VPOS="672" WIDTH="34" HEIGHT="15" WC="0.90" CONTENT="en-"/>
						</TextLine>
						<TextLine ID="line_18" HPOS="89" VPOS="693" WIDTH="823" HEIGHT="28">
							<String ID="string_187" HPOS="89" VPOS="693" WIDTH="47" HEIGHT="22" WC="0.91" CONTENT="dast"/><SP WIDTH="14" VPOS="693" HPOS="136"/>
							<String ID="string_188" HPOS="150" VPOS="694" WIDTH="124" HEIGHT="21" WC="0.91" CONTENT="framkastat"/><SP WIDTH="15" VPOS="694" HPOS="274"/>
							<String ID="string_189" HPOS="289" VPOS="695" WIDTH="291" HEIGHT="26" WC="0.90" CONTENT="sannolikhetsberäkningar,"/><SP WIDTH="16" VPOS="695" HPOS="580"/>
							<String ID="string_190" HPOS="596" VPOS="695" WIDTH="46" HEIGHT="21" WC="0.93" CONTENT="lösa"/><SP WIDTH="8" VPOS="695" HPOS="642"/>
							<String ID="string_191" HPOS="650" VPOS="695" WIDTH="157" HEIGHT="25" WC="0.92" CONTENT="förmodanden,"/><SP WIDTH="11" VPOS="695" HPOS="807"/>
							<String ID="string_192" HPOS="818" VPOS="695" WIDTH="32" HEIGHT="20" WC="0.93" CONTENT="för"/><SP WIDTH="11" VPOS="695" HPOS="850"/>
							<String ID="string_193" HPOS="861" VPOS="694" WIDTH="51" HEIGHT="21" WC="0.92" CONTENT="hvil-"/>
						</TextLine>
						<TextLine ID="line_19" HPOS="87" VPOS="722" WIDTH="824" HEIGHT="27">
							<String ID="string_194" HPOS="87" VPOS="722" WIDTH="39" HEIGHT="21" WC="0.96" CONTENT="kas"/><SP WIDTH="15" VPOS="722" HPOS="126"/>
							<String ID="string_195" HPOS="141" VPOS="723" WIDTH="134" HEIGHT="21" WC="0.96" CONTENT="bestridande"/><SP WIDTH="18" VPOS="723" HPOS="275"/>
							<String ID="string_196" HPOS="293" VPOS="723" WIDTH="34" HEIGHT="21" WC="0.96" CONTENT="det"/><SP WIDTH="23" VPOS="723" HPOS="327"/>
							<String ID="string_197" HPOS="350" VPOS="723" WIDTH="71" HEIGHT="21" WC="0.96" CONTENT="städse"/><SP WIDTH="18" VPOS="723" HPOS="421"/>
							<String ID="string_198" HPOS="439" VPOS="723" WIDTH="79" HEIGHT="22" WC="0.96" CONTENT="funnits"/><SP WIDTH="14" VPOS="723" HPOS="518"/>
							<String ID="string_199" HPOS="532" VPOS="723" WIDTH="44" HEIGHT="21" WC="0.96" CONTENT="lika"/><SP WIDTH="16" VPOS="723" HPOS="576"/>
							<String ID="string_200" HPOS="592" VPOS="723" WIDTH="94" HEIGHT="22" WC="0.96" CONTENT="vägande"/><SP WIDTH="15" VPOS="723" HPOS="686"/>
							<String ID="string_201" HPOS="701" VPOS="723" WIDTH="52" HEIGHT="26" WC="0.95" CONTENT="skäl,"/><SP WIDTH="17" VPOS="723" HPOS="753"/>
							<String ID="string_202" HPOS="770" VPOS="730" WIDTH="44" HEIGHT="15" WC="0.96" CONTENT="som"/><SP WIDTH="15" VPOS="730" HPOS="814"/>
							<String ID="string_203" HPOS="829" VPOS="723" WIDTH="33" HEIGHT="21" WC="0.93" CONTENT="för"/><SP WIDTH="15" VPOS="723" HPOS="862"/>
							<String ID="string_204" HPOS="877" VPOS="723" WIDTH="34" HEIGHT="21" WC="0.92" CONTENT="de-"/>
						</TextLine>
						<TextLine ID="line_20" HPOS="88" VPOS="750" WIDTH="823" HEIGHT="28">
							<String ID="string_205" HPOS="88" VPOS="756" WIDTH="35" HEIGHT="15" WC="0.96" CONTENT="ras"/><SP WIDTH="15" VPOS="756" HPOS="123"/>
							<String ID="string_206" HPOS="138" VPOS="750" WIDTH="163" HEIGHT="27" WC="0.95" CONTENT="framställande,"/><SP WIDTH="23" VPOS="750" HPOS="301"/>
							<String ID="string_207" HPOS="324" VPOS="751" WIDTH="40" HEIGHT="21" WC="0.96" CONTENT="och"/><SP WIDTH="17" VPOS="751" HPOS="364"/>
							<String ID="string_208" HPOS="381" VPOS="751" WIDTH="71" HEIGHT="22" WC="0.96" CONTENT="hvilka"/><SP WIDTH="15" VPOS="751" HPOS="452"/>
							<String ID="string_209" HPOS="467" VPOS="751" WIDTH="6" HEIGHT="21" WC="0.96" CONTENT="i"/><SP WIDTH="16" VPOS="751" HPOS="473"/>
							<String ID="string_210" HPOS="489" VPOS="752" WIDTH="62" HEIGHT="26" WC="0.96" CONTENT="ingen"/><SP WIDTH="15" VPOS="752" HPOS="551"/>
							<String ID="string_211" HPOS="566" VPOS="751" WIDTH="101" HEIGHT="22" WC="0.96" CONTENT="händelse"/><SP WIDTH="16" VPOS="751" HPOS="667"/>
							<String ID="string_212" HPOS="683" VPOS="751" WIDTH="67" HEIGHT="22" WC="0.96" CONTENT="skulle"/><SP WIDTH="15" VPOS="751" HPOS="750"/>
							<String ID="string_213" HPOS="765" VPOS="752" WIDTH="70" HEIGHT="21" WC="0.96" CONTENT="kunna"/><SP WIDTH="14" VPOS="752" HPOS="835"/>
							<String ID="string_214" HPOS="849" VPOS="751" WIDTH="62" HEIGHT="21" WC="0.96" CONTENT="bestå"/>
						</TextLine>
						<TextLine ID="line_21" HPOS="88" VPOS="778" WIDTH="824" HEIGHT="29">
							<String ID="string_215" HPOS="88" VPOS="778" WIDTH="83" HEIGHT="27" WC="0.91" CONTENT="profvet"/><SP WIDTH="14" VPOS="778" HPOS="171"/>
							<String ID="string_216" HPOS="185" VPOS="779" WIDTH="35" HEIGHT="21" WC="0.96" CONTENT="vid"/><SP WIDTH="15" VPOS="779" HPOS="220"/>
							<String ID="string_217" HPOS="235" VPOS="786" WIDTH="25" HEIGHT="14" WC="0.96" CONTENT="en"/><SP WIDTH="17" VPOS="786" HPOS="260"/>
							<String ID="string_218" HPOS="277" VPOS="779" WIDTH="103" HEIGHT="27" WC="0.95" CONTENT="ordentlig"/><SP WIDTH="23" VPOS="779" HPOS="380"/>
							<String ID="string_219" HPOS="403" VPOS="780" WIDTH="157" HEIGHT="27" WC="0.96" CONTENT="undersökning"/><SP WIDTH="19" VPOS="780" HPOS="560"/>
							<String ID="string_220" HPOS="579" VPOS="781" WIDTH="48" HEIGHT="20" WC="0.96" CONTENT="med"/><SP WIDTH="15" VPOS="781" HPOS="627"/>
							<String ID="string_221" HPOS="642" VPOS="780" WIDTH="85" HEIGHT="27" WC="0.96" CONTENT="ledning"/><SP WIDTH="16" VPOS="780" HPOS="727"/>
							<String ID="string_222" HPOS="743" VPOS="780" WIDTH="21" HEIGHT="21" WC="0.93" CONTENT="af"/><SP WIDTH="13" VPOS="780" HPOS="764"/>
							<String ID="string_223" HPOS="777" VPOS="780" WIDTH="135" HEIGHT="27" WC="0.92" CONTENT="prisnoterin-"/>
						</TextLine>
						<TextLine ID="line_22" HPOS="89" VPOS="807" WIDTH="218" HEIGHT="26">
							<String ID="string_224" HPOS="89" VPOS="813" WIDTH="64" HEIGHT="20" WC="0.91" CONTENT="garne"/><SP WIDTH="15" VPOS="813" HPOS="153"/>
							<String ID="string_225" HPOS="168" VPOS="807" WIDTH="63" HEIGHT="21" WC="0.97" CONTENT="sedan"/><SP WIDTH="18" VPOS="807" HPOS="231"/>
							<String ID="string_226" HPOS="249" VPOS="809" WIDTH="58" HEIGHT="20" WC="0.96" CONTENT="1878."/>
						</TextLine>
					</TextBlock>
					<TextBlock ID="block_3" HPOS="87" VPOS="835" WIDTH="827" HEIGHT="276">
						<TextLine ID="line_23" HPOS="156" VPOS="835" WIDTH="755" HEIGHT="28">
							<String ID="string_227" HPOS="156" VPOS="835" WIDTH="148" HEIGHT="22" WC="0.92" CONTENT="Skatterubeln"/><SP WIDTH="23" VPOS="835" HPOS="304"/>
							<String ID="string_228" HPOS="327" VPOS="837" WIDTH="39" HEIGHT="20" WC="0.95" CONTENT="har"/><SP WIDTH="23" VPOS="837" HPOS="366"/>
							<String ID="string_229" HPOS="389" VPOS="837" WIDTH="131" HEIGHT="26" WC="0.95" CONTENT="naturligtvis"/><SP WIDTH="20" VPOS="837" HPOS="520"/>
							<String ID="string_230" HPOS="540" VPOS="837" WIDTH="59" HEIGHT="26" WC="0.95" CONTENT="stigit"/><SP WIDTH="16" VPOS="837" HPOS="599"/>
							<String ID="string_231" HPOS="615" VPOS="836" WIDTH="52" HEIGHT="22" WC="0.96" CONTENT="efter"/><SP WIDTH="16" VPOS="836" HPOS="667"/>
							<String ID="string_232" HPOS="683" VPOS="837" WIDTH="40" HEIGHT="21" WC="0.96" CONTENT="den"/><SP WIDTH="16" VPOS="837" HPOS="723"/>
							<String ID="string_233" HPOS="739" VPOS="837" WIDTH="119" HEIGHT="21" WC="0.93" CONTENT="nuvarande"/><SP WIDTH="15" VPOS="837" HPOS="858"/>
							<String ID="string_234" HPOS="873" VPOS="842" WIDTH="38" HEIGHT="15" WC="0.90" CONTENT="un-"/>
						</TextLine>
						<TextLine ID="line_24" HPOS="90" VPOS="863" WIDTH="823" HEIGHT="28">
							<String ID="string_235" HPOS="90" VPOS="863" WIDTH="144" HEIGHT="27" WC="0.92" CONTENT="dervisningen"/><SP WIDTH="16" VPOS="863" HPOS="234"/>
							<String ID="string_236" HPOS="250" VPOS="864" WIDTH="87" HEIGHT="22" WC="0.94" CONTENT="likasom"/><SP WIDTH="25" VPOS="864" HPOS="337"/>
							<String ID="string_237" HPOS="362" VPOS="865" WIDTH="39" HEIGHT="21" WC="0.94" CONTENT="den"/><SP WIDTH="23" VPOS="865" HPOS="401"/>
							<String ID="string_238" HPOS="424" VPOS="865" WIDTH="58" HEIGHT="26" WC="0.96" CONTENT="stigit"/><SP WIDTH="20" VPOS="865" HPOS="482"/>
							<String ID="string_239" HPOS="502" VPOS="865" WIDTH="53" HEIGHT="22" WC="0.96" CONTENT="efter"/><SP WIDTH="16" VPOS="865" HPOS="555"/>
							<String ID="string_240" HPOS="571" VPOS="866" WIDTH="41" HEIGHT="20" WC="0.96" CONTENT="den"/><SP WIDTH="14" VPOS="866" HPOS="612"/>
							<String ID="string_241" HPOS="626" VPOS="865" WIDTH="77" HEIGHT="26" WC="0.95" CONTENT="gamla,"/><SP WIDTH="15" VPOS="865" HPOS="703"/>
							<String ID="string_242" HPOS="718" VPOS="872" WIDTH="46" HEIGHT="15" WC="0.96" CONTENT="men"/><SP WIDTH="17" VPOS="872" HPOS="764"/>
							<String ID="string_243" HPOS="781" VPOS="865" WIDTH="38" HEIGHT="21" WC="0.96" CONTENT="här"/><SP WIDTH="15" VPOS="865" HPOS="819"/>
							<String ID="string_244" HPOS="834" VPOS="867" WIDTH="23" HEIGHT="19" WC="0.93" CONTENT="är"/><SP WIDTH="15" VPOS="867" HPOS="857"/>
							<String ID="string_245" HPOS="872" VPOS="864" WIDTH="41" HEIGHT="21" WC="0.93" CONTENT="frå-"/>
						</TextLine>
						<TextLine ID="line_25" HPOS="89" VPOS="893" WIDTH="823" HEIGHT="28">
							<String ID="string_246" HPOS="89" VPOS="898" WIDTH="48" HEIGHT="20" WC="0.91" CONTENT="gan,"/><SP WIDTH="16" VPOS="898" HPOS="137"/>
							<String ID="string_247" HPOS="153" VPOS="898" WIDTH="33" HEIGHT="15" WC="0.96" CONTENT="om"/><SP WIDTH="24" VPOS="898" HPOS="186"/>
							<String ID="string_248" HPOS="210" VPOS="893" WIDTH="39" HEIGHT="20" WC="0.94" CONTENT="den"/><SP WIDTH="24" VPOS="893" HPOS="249"/>
							<String ID="string_249" HPOS="273" VPOS="893" WIDTH="57" HEIGHT="26" WC="0.94" CONTENT="stigit"/><SP WIDTH="18" VPOS="893" HPOS="330"/>
							<String ID="string_250" HPOS="348" VPOS="894" WIDTH="7" HEIGHT="20" WC="0.96" CONTENT="i"/><SP WIDTH="16" VPOS="894" HPOS="355"/>
							<String ID="string_251" HPOS="371" VPOS="893" WIDTH="96" HEIGHT="22" WC="0.91" CONTENT="starkare"/><SP WIDTH="15" VPOS="893" HPOS="467"/>
							<String ID="string_252" HPOS="482" VPOS="894" WIDTH="140" HEIGHT="27" WC="0.90" CONTENT="progression."/><SP WIDTH="32" VPOS="894" HPOS="622"/>
							<String ID="string_253" HPOS="654" VPOS="893" WIDTH="44" HEIGHT="22" WC="0.96" CONTENT="Och"/><SP WIDTH="16" VPOS="893" HPOS="698"/>
							<String ID="string_254" HPOS="714" VPOS="894" WIDTH="32" HEIGHT="21" WC="0.96" CONTENT="för"/><SP WIDTH="15" VPOS="894" HPOS="746"/>
							<String ID="string_255" HPOS="761" VPOS="893" WIDTH="62" HEIGHT="27" WC="0.96" CONTENT="öfrigt"/><SP WIDTH="15" VPOS="893" HPOS="823"/>
							<String ID="string_256" HPOS="838" VPOS="895" WIDTH="23" HEIGHT="19" WC="0.96" CONTENT="är"/><SP WIDTH="16" VPOS="895" HPOS="861"/>
							<String ID="string_257" HPOS="877" VPOS="893" WIDTH="35" HEIGHT="20" WC="0.96" CONTENT="det"/>
						</TextLine>
						<TextLine ID="line_26" HPOS="87" VPOS="920" WIDTH="826" HEIGHT="29">
							<String ID="string_258" HPOS="87" VPOS="920" WIDTH="47" HEIGHT="21" WC="0.96" CONTENT="icke"/><SP WIDTH="22" VPOS="920" HPOS="134"/>
							<String ID="string_259" HPOS="156" VPOS="927" WIDTH="41" HEIGHT="20" WC="0.96" CONTENT="nog"/><SP WIDTH="22" VPOS="927" HPOS="197"/>
							<String ID="string_260" HPOS="219" VPOS="923" WIDTH="32" HEIGHT="18" WC="0.96" CONTENT="att"/><SP WIDTH="22" VPOS="923" HPOS="251"/>
							<String ID="string_261" HPOS="273" VPOS="921" WIDTH="61" HEIGHT="21" WC="0.96" CONTENT="hafva"/><SP WIDTH="24" VPOS="921" HPOS="334"/>
							<String ID="string_262" HPOS="358" VPOS="922" WIDTH="68" HEIGHT="21" WC="0.96" CONTENT="denna"/><SP WIDTH="22" VPOS="922" HPOS="426"/>
							<String ID="string_263" HPOS="448" VPOS="921" WIDTH="59" HEIGHT="28" WC="0.96" CONTENT="fråga"/><SP WIDTH="23" VPOS="921" HPOS="507"/>
							<String ID="string_264" HPOS="530" VPOS="922" WIDTH="53" HEIGHT="26" WC="0.96" CONTENT="klar,"/><SP WIDTH="19" VPOS="922" HPOS="583"/>
							<String ID="string_265" HPOS="602" VPOS="922" WIDTH="64" HEIGHT="21" WC="0.96" CONTENT="innan"/><SP WIDTH="16" VPOS="922" HPOS="666"/>
							<String ID="string_266" HPOS="682" VPOS="929" WIDTH="48" HEIGHT="14" WC="0.96" CONTENT="man"/><SP WIDTH="16" VPOS="929" HPOS="730"/>
							<String ID="string_267" HPOS="746" VPOS="922" WIDTH="81" HEIGHT="21" WC="0.95" CONTENT="skrider"/><SP WIDTH="15" VPOS="922" HPOS="827"/>
							<String ID="string_268" HPOS="842" VPOS="921" WIDTH="32" HEIGHT="21" WC="0.95" CONTENT="till"/><SP WIDTH="15" VPOS="921" HPOS="874"/>
							<String ID="string_269" HPOS="889" VPOS="921" WIDTH="24" HEIGHT="21" WC="0.96" CONTENT="så"/>
						</TextLine>
						<TextLine ID="line_27" HPOS="88" VPOS="948" WIDTH="825" HEIGHT="29">
							<String ID="string_270" HPOS="88" VPOS="948" WIDTH="146" HEIGHT="22" WC="0.96" CONTENT="allvarsamma"/><SP WIDTH="22" VPOS="948" HPOS="234"/>
							<String ID="string_271" HPOS="256" VPOS="950" WIDTH="100" HEIGHT="26" WC="0.93" CONTENT="åtgärder"/><SP WIDTH="22" VPOS="950" HPOS="356"/>
							<String ID="string_272" HPOS="378" VPOS="956" WIDTH="44" HEIGHT="15" WC="0.95" CONTENT="som"/><SP WIDTH="17" VPOS="956" HPOS="422"/>
							<String ID="string_273" HPOS="439" VPOS="951" WIDTH="39" HEIGHT="20" WC="0.95" CONTENT="den"/><SP WIDTH="17" VPOS="951" HPOS="478"/>
							<String ID="string_274" HPOS="495" VPOS="950" WIDTH="47" HEIGHT="21" WC="0.96" CONTENT="nåd."/><SP WIDTH="16" VPOS="950" HPOS="542"/>
							<String ID="string_275" HPOS="558" VPOS="957" WIDTH="60" HEIGHT="20" WC="0.96" CONTENT="prop."/><SP WIDTH="17" VPOS="957" HPOS="618"/>
							<String ID="string_276" HPOS="635" VPOS="950" WIDTH="94" HEIGHT="26" WC="0.96" CONTENT="föreslår,"/><SP WIDTH="16" VPOS="950" HPOS="729"/>
							<String ID="string_277" HPOS="745" VPOS="952" WIDTH="50" HEIGHT="19" WC="0.96" CONTENT="utan"/><SP WIDTH="15" VPOS="952" HPOS="795"/>
							<String ID="string_278" HPOS="810" VPOS="956" WIDTH="48" HEIGHT="15" WC="0.96" CONTENT="man"/><SP WIDTH="16" VPOS="956" HPOS="858"/>
							<String ID="string_279" HPOS="874" VPOS="949" WIDTH="39" HEIGHT="20" WC="0.96" CONTENT="bör"/>
						</TextLine>
						<TextLine ID="line_28" HPOS="89" VPOS="976" WIDTH="824" HEIGHT="29">
							<String ID="string_280" HPOS="89" VPOS="976" WIDTH="69" HEIGHT="22" WC="0.93" CONTENT="dertill"/><SP WIDTH="15" VPOS="976" HPOS="158"/>
							<String ID="string_281" HPOS="173" VPOS="977" WIDTH="62" HEIGHT="21" WC="0.93" CONTENT="hafva"/><SP WIDTH="15" VPOS="977" HPOS="235"/>
							<String ID="string_282" HPOS="250" VPOS="978" WIDTH="71" HEIGHT="21" WC="0.92" CONTENT="utredt"/><SP WIDTH="15" VPOS="978" HPOS="321"/>
							<String ID="string_283" HPOS="336" VPOS="979" WIDTH="66" HEIGHT="26" WC="0.96" CONTENT="något"/><SP WIDTH="14" VPOS="979" HPOS="402"/>
							<String ID="string_284" HPOS="416" VPOS="979" WIDTH="24" HEIGHT="20" WC="0.97" CONTENT="sä"/><SP WIDTH="15" VPOS="979" HPOS="440"/>
							<String ID="string_285" HPOS="455" VPOS="981" WIDTH="39" HEIGHT="19" WC="0.96" CONTENT="när"/><SP WIDTH="16" VPOS="981" HPOS="494"/>
							<String ID="string_286" HPOS="510" VPOS="979" WIDTH="100" HEIGHT="26" WC="0.96" CONTENT="beloppet"/><SP WIDTH="16" VPOS="979" HPOS="610"/>
							<String ID="string_287" HPOS="626" VPOS="979" WIDTH="22" HEIGHT="21" WC="0.97" CONTENT="af"/><SP WIDTH="14" VPOS="979" HPOS="648"/>
							<String ID="string_288" HPOS="662" VPOS="979" WIDTH="68" HEIGHT="21" WC="0.96" CONTENT="denna"/><SP WIDTH="17" VPOS="979" HPOS="730"/>
							<String ID="string_289" HPOS="747" VPOS="979" WIDTH="97" HEIGHT="26" WC="0.96" CONTENT="stegring."/><SP WIDTH="25" VPOS="979" HPOS="844"/>
							<String ID="string_290" HPOS="869" VPOS="977" WIDTH="44" HEIGHT="21" WC="0.95" CONTENT="Allt"/>
						</TextLine>
						<TextLine ID="line_29" HPOS="89" VPOS="1005" WIDTH="824" HEIGHT="29">
							<String ID="string_291" HPOS="89" VPOS="1005" WIDTH="59" HEIGHT="21" WC="0.96" CONTENT="detta"/><SP WIDTH="13" VPOS="1005" HPOS="148"/>
							<String ID="string_292" HPOS="161" VPOS="1007" WIDTH="24" HEIGHT="19" WC="0.90" CONTENT="är"/><SP WIDTH="21" VPOS="1007" HPOS="185"/>
							<String ID="string_293" HPOS="206" VPOS="1005" WIDTH="47" HEIGHT="22" WC="0.92" CONTENT="icke"/><SP WIDTH="22" VPOS="1005" HPOS="253"/>
							<String ID="string_294" HPOS="275" VPOS="1007" WIDTH="77" HEIGHT="25" WC="0.92" CONTENT="utredt,"/><SP WIDTH="20" VPOS="1007" HPOS="352"/>
							<String ID="string_295" HPOS="372" VPOS="1013" WIDTH="48" HEIGHT="15" WC="0.96" CONTENT="men"/><SP WIDTH="16" VPOS="1013" HPOS="420"/>
							<String ID="string_296" HPOS="436" VPOS="1007" WIDTH="68" HEIGHT="22" WC="0.96" CONTENT="skulle"/><SP WIDTH="16" VPOS="1007" HPOS="504"/>
							<String ID="string_297" HPOS="520" VPOS="1007" WIDTH="80" HEIGHT="27" WC="0.96" CONTENT="ganska"/><SP WIDTH="15" VPOS="1007" HPOS="600"/>
							<String ID="string_298" HPOS="615" VPOS="1007" WIDTH="33" HEIGHT="21" WC="0.96" CONTENT="väl"/><SP WIDTH="16" VPOS="1007" HPOS="648"/>
							<String ID="string_299" HPOS="664" VPOS="1007" WIDTH="71" HEIGHT="21" WC="0.93" CONTENT="kunna"/><SP WIDTH="15" VPOS="1007" HPOS="735"/>
							<String ID="string_300" HPOS="750" VPOS="1007" WIDTH="90" HEIGHT="21" WC="0.92" CONTENT="utredas."/><SP WIDTH="31" VPOS="1007" HPOS="840"/>
							<String ID="string_301" HPOS="871" VPOS="1005" WIDTH="42" HEIGHT="21" WC="0.96" CONTENT="Det"/>
						</TextLine>
						<TextLine ID="line_30" HPOS="87" VPOS="1033" WIDTH="827" HEIGHT="27">
							<String ID="string_302" HPOS="87" VPOS="1033" WIDTH="101" HEIGHT="22" WC="0.87" CONTENT="behöfves"/><SP WIDTH="23" VPOS="1033" HPOS="188"/>
							<String ID="string_303" HPOS="211" VPOS="1034" WIDTH="45" HEIGHT="21" WC="0.96" CONTENT="icke"/><SP WIDTH="24" VPOS="1034" HPOS="256"/>
							<String ID="string_304" HPOS="280" VPOS="1041" WIDTH="43" HEIGHT="14" WC="0.96" CONTENT="mer"/><SP WIDTH="19" VPOS="1041" HPOS="323"/>
							<String ID="string_305" HPOS="342" VPOS="1037" WIDTH="27" HEIGHT="19" WC="0.96" CONTENT="än"/><SP WIDTH="16" VPOS="1037" HPOS="369"/>
							<String ID="string_306" HPOS="385" VPOS="1037" WIDTH="32" HEIGHT="19" WC="0.93" CONTENT="att"/><SP WIDTH="15" VPOS="1037" HPOS="417"/>
							<String ID="string_307" HPOS="432" VPOS="1037" WIDTH="35" HEIGHT="19" WC="0.96" CONTENT="två"/><SP WIDTH="15" VPOS="1037" HPOS="467"/>
							<String ID="string_308" HPOS="482" VPOS="1037" WIDTH="33" HEIGHT="20" WC="0.93" CONTENT="tre"/><SP WIDTH="15" VPOS="1037" HPOS="515"/>
							<String ID="string_309" HPOS="530" VPOS="1035" WIDTH="147" HEIGHT="22" WC="0.92" CONTENT="kameralister"/><SP WIDTH="14" VPOS="1035" HPOS="677"/>
							<String ID="string_310" HPOS="691" VPOS="1035" WIDTH="68" HEIGHT="22" WC="0.93" CONTENT="skulle"/><SP WIDTH="14" VPOS="1035" HPOS="759"/>
							<String ID="string_311" HPOS="773" VPOS="1035" WIDTH="66" HEIGHT="22" WC="0.96" CONTENT="räkna"/><SP WIDTH="15" VPOS="1035" HPOS="839"/>
							<String ID="string_312" HPOS="854" VPOS="1035" WIDTH="6" HEIGHT="20" WC="0.96" CONTENT="i"/><SP WIDTH="15" VPOS="1035" HPOS="860"/>
							<String ID="string_313" HPOS="875" VPOS="1040" WIDTH="39" HEIGHT="20" WC="0.97" CONTENT="par"/>
						</TextLine>
						<TextLine ID="line_31" HPOS="87" VPOS="1062" WIDTH="826" HEIGHT="27">
							<String ID="string_314" HPOS="87" VPOS="1062" WIDTH="34" HEIGHT="21" WC="0.93" CONTENT="tre"/><SP WIDTH="15" VPOS="1062" HPOS="121"/>
							<String ID="string_315" HPOS="136" VPOS="1062" WIDTH="106" HEIGHT="27" WC="0.92" CONTENT="mänader,"/><SP WIDTH="25" VPOS="1062" HPOS="242"/>
							<String ID="string_316" HPOS="267" VPOS="1063" WIDTH="26" HEIGHT="20" WC="0.95" CONTENT="dä"/><SP WIDTH="22" VPOS="1063" HPOS="293"/>
							<String ID="string_317" HPOS="315" VPOS="1063" WIDTH="67" HEIGHT="22" WC="0.95" CONTENT="skulle"/><SP WIDTH="21" VPOS="1063" HPOS="382"/>
							<String ID="string_318" HPOS="403" VPOS="1064" WIDTH="25" HEIGHT="21" WC="0.96" CONTENT="de"/><SP WIDTH="16" VPOS="1064" HPOS="428"/>
							<String ID="string_319" HPOS="444" VPOS="1064" WIDTH="86" HEIGHT="21" WC="0.96" CONTENT="komma"/><SP WIDTH="15" VPOS="1064" HPOS="530"/>
							<String ID="string_320" HPOS="545" VPOS="1064" WIDTH="31" HEIGHT="21" WC="0.96" CONTENT="till"/><SP WIDTH="16" VPOS="1064" HPOS="576"/>
							<String ID="string_321" HPOS="592" VPOS="1064" WIDTH="41" HEIGHT="21" WC="0.93" CONTENT="den"/><SP WIDTH="16" VPOS="1064" HPOS="633"/>
							<String ID="string_322" HPOS="649" VPOS="1064" WIDTH="119" HEIGHT="21" WC="0.90" CONTENT="erfarenhet"/><SP WIDTH="15" VPOS="1064" HPOS="768"/>
							<String ID="string_323" HPOS="783" VPOS="1070" WIDTH="48" HEIGHT="15" WC="0.96" CONTENT="man"/><SP WIDTH="15" VPOS="1070" HPOS="831"/>
							<String ID="string_324" HPOS="846" VPOS="1069" WIDTH="29" HEIGHT="15" WC="0.96" CONTENT="nu"/><SP WIDTH="14" VPOS="1069" HPOS="875"/>
							<String ID="string_325" HPOS="889" VPOS="1063" WIDTH="24" HEIGHT="20" WC="0.95" CONTENT="är"/>
						</TextLine>
						<TextLine ID="line_32" HPOS="87" VPOS="1089" WIDTH="145" HEIGHT="22">
							<String ID="string_326" HPOS="87" VPOS="1089" WIDTH="8" HEIGHT="22" WC="0.93" CONTENT="i"/><SP WIDTH="16" VPOS="1089" HPOS="95"/>
							<String ID="string_327" HPOS="111" VPOS="1090" WIDTH="80" HEIGHT="21" WC="0.91" CONTENT="saknad"/><SP WIDTH="15" VPOS="1090" HPOS="191"/>
							<String ID="string_328" HPOS="206" VPOS="1090" WIDTH="26" HEIGHT="21" WC="0.94" CONTENT="af."/>
						</TextLine>
					</TextBlock>
					<TextBlock ID="block_4" HPOS="88" VPOS="1119" WIDTH="829" HEIGHT="453">
						<TextLine ID="line_33" HPOS="157" VPOS="1119" WIDTH="757" HEIGHT="28">
							<String ID="string_329" HPOS="157" VPOS="1119" WIDTH="32" HEIGHT="20" WC="0.96" CONTENT="Hr"/><SP WIDTH="15" VPOS="1119" HPOS="189"/>
							<String ID="string_330" HPOS="204" VPOS="1119" WIDTH="146" HEIGHT="25" WC="0.96" CONTENT="Molander,"/><SP WIDTH="16" VPOS="1119" HPOS="350"/>
							<String ID="string_331" HPOS="366" VPOS="1120" WIDTH="101" HEIGHT="22" WC="0.96" CONTENT="Herman:"/><SP WIDTH="16" VPOS="1120" HPOS="467"/>
							<String ID="string_332" HPOS="483" VPOS="1121" WIDTH="41" HEIGHT="26" WC="0.96" CONTENT="Jag"/><SP WIDTH="15" VPOS="1121" HPOS="524"/>
							<String ID="string_333" HPOS="539" VPOS="1120" WIDTH="37" HEIGHT="21" WC="0.96" CONTENT="ber"/><SP WIDTH="16" VPOS="1120" HPOS="576"/>
							<String ID="string_334" HPOS="592" VPOS="1122" WIDTH="32" HEIGHT="19" WC="0.93" CONTENT="att"/><SP WIDTH="17" VPOS="1122" HPOS="624"/>
							<String ID="string_335" HPOS="641" VPOS="1120" WIDTH="22" HEIGHT="21" WC="0.92" CONTENT="fä"/><SP WIDTH="14" VPOS="1120" HPOS="663"/>
							<String ID="string_336" HPOS="677" VPOS="1120" WIDTH="85" HEIGHT="21" WC="0.91" CONTENT="bemöta"/><SP WIDTH="15" VPOS="1120" HPOS="762"/>
							<String ID="string_337" HPOS="777" VPOS="1127" WIDTH="25" HEIGHT="14" WC="0.93" CONTENT="en"/><SP WIDTH="15" VPOS="1127" HPOS="802"/>
							<String ID="string_338" HPOS="817" VPOS="1120" WIDTH="97" HEIGHT="21" WC="0.92" CONTENT="anmärk-"/>
						</TextLine>
						<TextLine ID="line_34" HPOS="88" VPOS="1146" WIDTH="828" HEIGHT="29">
							<String ID="string_339" HPOS="88" VPOS="1146" WIDTH="50" HEIGHT="27" WC="0.95" CONTENT="ning"/><SP WIDTH="15" VPOS="1146" HPOS="138"/>
							<String ID="string_340" HPOS="153" VPOS="1153" WIDTH="45" HEIGHT="15" WC="0.93" CONTENT="som"/><SP WIDTH="16" VPOS="1153" HPOS="198"/>
							<String ID="string_341" HPOS="214" VPOS="1147" WIDTH="67" HEIGHT="22" WC="0.92" CONTENT="blifvit"/><SP WIDTH="15" VPOS="1147" HPOS="281"/>
							<String ID="string_342" HPOS="296" VPOS="1149" WIDTH="60" HEIGHT="26" WC="0.92" CONTENT="gjord"/><SP WIDTH="16" VPOS="1149" HPOS="356"/>
							<String ID="string_343" HPOS="372" VPOS="1148" WIDTH="22" HEIGHT="21" WC="0.97" CONTENT="af"/><SP WIDTH="13" VPOS="1148" HPOS="394"/>
							<String ID="string_344" HPOS="407" VPOS="1149" WIDTH="26" HEIGHT="20" WC="0.96" CONTENT="hr"/><SP WIDTH="15" VPOS="1149" HPOS="433"/>
							<String ID="string_345" HPOS="448" VPOS="1149" WIDTH="116" HEIGHT="21" WC="0.95" CONTENT="Hackman."/><SP WIDTH="31" VPOS="1149" HPOS="564"/>
							<String ID="string_346" HPOS="595" VPOS="1149" WIDTH="47" HEIGHT="21" WC="0.95" CONTENT="Den"/><SP WIDTH="15" VPOS="1149" HPOS="642"/>
							<String ID="string_347" HPOS="657" VPOS="1151" WIDTH="24" HEIGHT="19" WC="0.93" CONTENT="är"/><SP WIDTH="16" VPOS="1151" HPOS="681"/>
							<String ID="string_348" HPOS="697" VPOS="1148" WIDTH="120" HEIGHT="27" WC="0.93" CONTENT="visserligen"/><SP WIDTH="15" VPOS="1148" HPOS="817"/>
							<String ID="string_349" HPOS="832" VPOS="1148" WIDTH="46" HEIGHT="21" WC="0.93" CONTENT="icke"/><SP WIDTH="16" VPOS="1148" HPOS="878"/>
							<String ID="string_350" HPOS="894" VPOS="1148" WIDTH="22" HEIGHT="21" WC="0.96" CONTENT="af"/>
						</TextLine>
						<TextLine ID="line_35" HPOS="88" VPOS="1175" WIDTH="826" HEIGHT="29">
							<String ID="string_351" HPOS="88" VPOS="1175" WIDTH="106" HEIGHT="27" WC="0.87" CONTENT="synnerlig"/><SP WIDTH="22" VPOS="1175" HPOS="194"/>
							<String ID="string_352" HPOS="216" VPOS="1176" WIDTH="43" HEIGHT="27" WC="0.87" CONTENT="vigt"/><SP WIDTH="21" VPOS="1176" HPOS="259"/>
							<String ID="string_353" HPOS="280" VPOS="1176" WIDTH="33" HEIGHT="21" WC="0.96" CONTENT="för"/><SP WIDTH="19" VPOS="1176" HPOS="313"/>
							<String ID="string_354" HPOS="332" VPOS="1177" WIDTH="69" HEIGHT="21" WC="0.93" CONTENT="denna"/><SP WIDTH="15" VPOS="1177" HPOS="401"/>
							<String ID="string_355" HPOS="416" VPOS="1177" WIDTH="70" HEIGHT="27" WC="0.92" CONTENT="frägas"/><SP WIDTH="17" VPOS="1177" HPOS="486"/>
							<String ID="string_356" HPOS="503" VPOS="1177" WIDTH="119" HEIGHT="26" WC="0.92" CONTENT="afgörande,"/><SP WIDTH="17" VPOS="1177" HPOS="622"/>
							<String ID="string_357" HPOS="639" VPOS="1183" WIDTH="48" HEIGHT="15" WC="0.96" CONTENT="men"/><SP WIDTH="12" VPOS="1183" HPOS="687"/>
							<String ID="string_358" HPOS="699" VPOS="1177" WIDTH="37" HEIGHT="26" WC="0.96" CONTENT="jag"/><SP WIDTH="15" VPOS="1177" HPOS="736"/>
							<String ID="string_359" HPOS="751" VPOS="1183" WIDTH="60" HEIGHT="15" WC="0.97" CONTENT="anser"/><SP WIDTH="16" VPOS="1183" HPOS="811"/>
							<String ID="string_360" HPOS="827" VPOS="1178" WIDTH="31" HEIGHT="19" WC="0.96" CONTENT="att"/><SP WIDTH="15" VPOS="1178" HPOS="858"/>
							<String ID="string_361" HPOS="873" VPOS="1176" WIDTH="41" HEIGHT="21" WC="0.96" CONTENT="den"/>
						</TextLine>
						<TextLine ID="line_36" HPOS="89" VPOS="1203" WIDTH="825" HEIGHT="28">
							<String ID="string_362" HPOS="89" VPOS="1203" WIDTH="54" HEIGHT="22" WC="0.96" CONTENT="dock"/><SP WIDTH="15" VPOS="1203" HPOS="143"/>
							<String ID="string_363" HPOS="158" VPOS="1203" WIDTH="39" HEIGHT="22" WC="0.93" CONTENT="bör"/><SP WIDTH="15" VPOS="1203" HPOS="197"/>
							<String ID="string_364" HPOS="212" VPOS="1204" WIDTH="102" HEIGHT="27" WC="0.92" CONTENT="bemötas,"/><SP WIDTH="16" VPOS="1204" HPOS="314"/>
							<String ID="string_365" HPOS="330" VPOS="1205" WIDTH="33" HEIGHT="21" WC="0.96" CONTENT="för"/><SP WIDTH="15" VPOS="1205" HPOS="363"/>
							<String ID="string_366" HPOS="378" VPOS="1207" WIDTH="32" HEIGHT="19" WC="0.93" CONTENT="att"/><SP WIDTH="15" VPOS="1207" HPOS="410"/>
							<String ID="string_367" HPOS="425" VPOS="1205" WIDTH="21" HEIGHT="22" WC="0.93" CONTENT="fä"/><SP WIDTH="15" VPOS="1205" HPOS="446"/>
							<String ID="string_368" HPOS="461" VPOS="1205" WIDTH="65" HEIGHT="22" WC="0.93" CONTENT="saken"/><SP WIDTH="16" VPOS="1205" HPOS="526"/>
							<String ID="string_369" HPOS="542" VPOS="1208" WIDTH="97" HEIGHT="19" WC="0.92" CONTENT="närmare"/><SP WIDTH="15" VPOS="1208" HPOS="639"/>
							<String ID="string_370" HPOS="654" VPOS="1205" WIDTH="113" HEIGHT="21" WC="0.91" CONTENT="förklarad."/><SP WIDTH="30" VPOS="1205" HPOS="767"/>
							<String ID="string_371" HPOS="797" VPOS="1205" WIDTH="32" HEIGHT="21" WC="0.93" CONTENT="Hr"/><SP WIDTH="15" VPOS="1205" HPOS="829"/>
							<String ID="string_372" HPOS="844" VPOS="1204" WIDTH="70" HEIGHT="21" WC="0.92" CONTENT="Hack-"/>
						</TextLine>
						<TextLine ID="line_37" HPOS="89" VPOS="1232" WIDTH="826" HEIGHT="28">
							<String ID="string_373" HPOS="89" VPOS="1237" WIDTH="48" HEIGHT="16" WC="0.96" CONTENT="man"/><SP WIDTH="15" VPOS="1237" HPOS="137"/>
							<String ID="string_374" HPOS="152" VPOS="1232" WIDTH="39" HEIGHT="21" WC="0.92" CONTENT="har"/><SP WIDTH="15" VPOS="1232" HPOS="191"/>
							<String ID="string_375" HPOS="206" VPOS="1235" WIDTH="47" HEIGHT="24" WC="0.96" CONTENT="sagt"/><SP WIDTH="22" VPOS="1235" HPOS="253"/>
							<String ID="string_376" HPOS="275" VPOS="1235" WIDTH="32" HEIGHT="19" WC="0.93" CONTENT="att"/><SP WIDTH="18" VPOS="1235" HPOS="307"/>
							<String ID="string_377" HPOS="325" VPOS="1235" WIDTH="91" HEIGHT="24" WC="0.96" CONTENT="utvägen"/><SP WIDTH="16" VPOS="1235" HPOS="416"/>
							<String ID="string_378" HPOS="432" VPOS="1233" WIDTH="33" HEIGHT="22" WC="0.96" CONTENT="för"/><SP WIDTH="15" VPOS="1233" HPOS="465"/>
							<String ID="string_379" HPOS="480" VPOS="1240" WIDTH="26" HEIGHT="15" WC="0.93" CONTENT="en"/><SP WIDTH="13" VPOS="1240" HPOS="506"/>
							<String ID="string_380" HPOS="519" VPOS="1234" WIDTH="141" HEIGHT="26" WC="0.96" CONTENT="jordbrukare"/><SP WIDTH="15" VPOS="1234" HPOS="660"/>
							<String ID="string_381" HPOS="675" VPOS="1235" WIDTH="32" HEIGHT="20" WC="0.93" CONTENT="att"/><SP WIDTH="15" VPOS="1235" HPOS="707"/>
							<String ID="string_382" HPOS="722" VPOS="1233" WIDTH="21" HEIGHT="22" WC="0.93" CONTENT="få"/><SP WIDTH="15" VPOS="1233" HPOS="743"/>
							<String ID="string_383" HPOS="758" VPOS="1232" WIDTH="110" HEIGHT="23" WC="0.93" CONTENT="tillhandla"/><SP WIDTH="15" VPOS="1232" HPOS="868"/>
							<String ID="string_384" HPOS="883" VPOS="1233" WIDTH="32" HEIGHT="26" WC="0.97" CONTENT="sig"/>
						</TextLine>
						<TextLine ID="line_38" HPOS="88" VPOS="1260" WIDTH="827" HEIGHT="29">
							<String ID="string_385" HPOS="88" VPOS="1260" WIDTH="96" HEIGHT="27" WC="0.91" CONTENT="spanmäl"/><SP WIDTH="22" VPOS="1260" HPOS="184"/>
							<String ID="string_386" HPOS="206" VPOS="1261" WIDTH="47" HEIGHT="21" WC="0.91" CONTENT="frän"/><SP WIDTH="22" VPOS="1261" HPOS="253"/>
							<String ID="string_387" HPOS="275" VPOS="1262" WIDTH="223" HEIGHT="27" WC="0.89" CONTENT="kronomagasinerna,"/><SP WIDTH="24" VPOS="1262" HPOS="498"/>
							<String ID="string_388" HPOS="522" VPOS="1262" WIDTH="31" HEIGHT="21" WC="0.92" CONTENT="dit"/><SP WIDTH="22" VPOS="1262" HPOS="553"/>
							<String ID="string_389" HPOS="575" VPOS="1262" WIDTH="184" HEIGHT="27" WC="0.92" CONTENT="räntespanmälen"/><SP WIDTH="22" VPOS="1262" HPOS="759"/>
							<String ID="string_390" HPOS="781" VPOS="1261" WIDTH="134" HEIGHT="26" WC="0.92" CONTENT="inlevereras,"/>
						</TextLine>
						<TextLine ID="line_39" HPOS="88" VPOS="1288" WIDTH="826" HEIGHT="29">
							<String ID="string_391" HPOS="88" VPOS="1288" WIDTH="47" HEIGHT="21" WC="0.91" CONTENT="icke"/><SP WIDTH="15" VPOS="1288" HPOS="135"/>
							<String ID="string_392" HPOS="150" VPOS="1289" WIDTH="81" HEIGHT="21" WC="0.93" CONTENT="medför"/><SP WIDTH="14" VPOS="1289" HPOS="231"/>
							<String ID="string_393" HPOS="245" VPOS="1290" WIDTH="69" HEIGHT="26" WC="0.93" CONTENT="nägon"/><SP WIDTH="16" VPOS="1290" HPOS="314"/>
							<String ID="string_394" HPOS="330" VPOS="1291" WIDTH="108" HEIGHT="26" WC="0.92" CONTENT="synnerlig"/><SP WIDTH="14" VPOS="1291" HPOS="438"/>
							<String ID="string_395" HPOS="452" VPOS="1290" WIDTH="75" HEIGHT="26" WC="0.92" CONTENT="fördel,"/><SP WIDTH="17" VPOS="1290" HPOS="527"/>
							<String ID="string_396" HPOS="544" VPOS="1297" WIDTH="49" HEIGHT="14" WC="0.93" CONTENT="vare"/><SP WIDTH="15" VPOS="1297" HPOS="593"/>
							<String ID="string_397" HPOS="608" VPOS="1291" WIDTH="32" HEIGHT="26" WC="0.96" CONTENT="sig"/><SP WIDTH="15" VPOS="1291" HPOS="640"/>
							<String ID="string_398" HPOS="655" VPOS="1292" WIDTH="32" HEIGHT="19" WC="0.97" CONTENT="att"/><SP WIDTH="16" VPOS="1292" HPOS="687"/>
							<String ID="string_399" HPOS="703" VPOS="1291" WIDTH="40" HEIGHT="20" WC="0.96" CONTENT="den"/><SP WIDTH="16" VPOS="1291" HPOS="743"/>
							<String ID="string_400" HPOS="759" VPOS="1290" WIDTH="21" HEIGHT="21" WC="0.96" CONTENT="af"/><SP WIDTH="9" VPOS="1290" HPOS="780"/>
							<String ID="string_401" HPOS="789" VPOS="1290" WIDTH="77" HEIGHT="21" WC="0.93" CONTENT="honom"/><SP WIDTH="11" VPOS="1290" HPOS="866"/>
							<String ID="string_402" HPOS="877" VPOS="1289" WIDTH="37" HEIGHT="21" WC="0.92" CONTENT="kö-"/>
						</TextLine>
						<TextLine ID="line_40" HPOS="88" VPOS="1317" WIDTH="827" HEIGHT="29">
							<String ID="string_403" HPOS="88" VPOS="1323" WIDTH="38" HEIGHT="21" WC="0.93" CONTENT="pes"/><SP WIDTH="15" VPOS="1323" HPOS="126"/>
							<String ID="string_404" HPOS="141" VPOS="1317" WIDTH="31" HEIGHT="21" WC="0.93" CONTENT="till"/><SP WIDTH="15" VPOS="1317" HPOS="172"/>
							<String ID="string_405" HPOS="187" VPOS="1317" WIDTH="103" HEIGHT="23" WC="0.83" CONTENT="brödföda"/><SP WIDTH="15" VPOS="1317" HPOS="290"/>
							<String ID="string_406" HPOS="305" VPOS="1319" WIDTH="51" HEIGHT="21" WC="0.96" CONTENT="eller"/><SP WIDTH="15" VPOS="1319" HPOS="356"/>
							<String ID="string_407" HPOS="371" VPOS="1318" WIDTH="33" HEIGHT="22" WC="0.93" CONTENT="till"/><SP WIDTH="15" VPOS="1318" HPOS="404"/>
							<String ID="string_408" HPOS="419" VPOS="1319" WIDTH="81" HEIGHT="26" WC="0.95" CONTENT="utsäde,"/><SP WIDTH="17" VPOS="1319" HPOS="500"/>
							<String ID="string_409" HPOS="517" VPOS="1319" WIDTH="39" HEIGHT="21" WC="0.95" CONTENT="och"/><SP WIDTH="15" VPOS="1319" HPOS="556"/>
							<String ID="string_410" HPOS="571" VPOS="1319" WIDTH="6" HEIGHT="21" WC="0.96" CONTENT="i"/><SP WIDTH="16" VPOS="1319" HPOS="577"/>
							<String ID="string_411" HPOS="593" VPOS="1318" WIDTH="114" HEIGHT="28" WC="0.93" CONTENT="synnerhet"/><SP WIDTH="13" VPOS="1318" HPOS="707"/>
							<String ID="string_412" HPOS="720" VPOS="1319" WIDTH="55" HEIGHT="21" WC="0.96" CONTENT="hvad"/><SP WIDTH="11" VPOS="1319" HPOS="775"/>
							<String ID="string_413" HPOS="786" VPOS="1318" WIDTH="84" HEIGHT="22" WC="0.92" CONTENT="utsädet"/><SP WIDTH="9" VPOS="1318" HPOS="870"/>
							<String ID="string_414" HPOS="879" VPOS="1317" WIDTH="36" HEIGHT="22" WC="0.93" CONTENT="be-"/>
						</TextLine>
						<TextLine ID="line_41" HPOS="88" VPOS="1345" WIDTH="828" HEIGHT="29">
							<String ID="string_415" HPOS="88" VPOS="1345" WIDTH="81" HEIGHT="27" WC="0.91" CONTENT="träffar,"/><SP WIDTH="16" VPOS="1345" HPOS="169"/>
							<String ID="string_416" HPOS="185" VPOS="1348" WIDTH="32" HEIGHT="19" WC="0.96" CONTENT="att"/><SP WIDTH="16" VPOS="1348" HPOS="217"/>
							<String ID="string_417" HPOS="233" VPOS="1346" WIDTH="39" HEIGHT="22" WC="0.93" CONTENT="den"/><SP WIDTH="16" VPOS="1346" HPOS="272"/>
							<String ID="string_418" HPOS="288" VPOS="1347" WIDTH="95" HEIGHT="26" WC="0.90" CONTENT="spanmäl"/><SP WIDTH="15" VPOS="1347" HPOS="383"/>
							<String ID="string_419" HPOS="398" VPOS="1354" WIDTH="46" HEIGHT="15" WC="0.93" CONTENT="som"/><SP WIDTH="17" VPOS="1354" HPOS="444"/>
							<String ID="string_420" HPOS="461" VPOS="1348" WIDTH="62" HEIGHT="26" WC="0.93" CONTENT="säljes"/><SP WIDTH="15" VPOS="1348" HPOS="523"/>
							<String ID="string_421" HPOS="538" VPOS="1347" WIDTH="46" HEIGHT="21" WC="0.92" CONTENT="frän"/><SP WIDTH="16" VPOS="1347" HPOS="584"/>
							<String ID="string_422" HPOS="600" VPOS="1348" WIDTH="213" HEIGHT="26" WC="0.92" CONTENT="kronomagasinerna"/><SP WIDTH="20" VPOS="1348" HPOS="813"/>
							<String ID="string_423" HPOS="833" VPOS="1346" WIDTH="44" HEIGHT="22" WC="0.96" CONTENT="ofta"/><SP WIDTH="15" VPOS="1346" HPOS="877"/>
							<String ID="string_424" HPOS="892" VPOS="1348" WIDTH="24" HEIGHT="19" WC="0.96" CONTENT="är"/>
						</TextLine>
						<TextLine ID="line_42" HPOS="88" VPOS="1374" WIDTH="828" HEIGHT="28">
							<String ID="string_425" HPOS="88" VPOS="1374" WIDTH="84" HEIGHT="26" WC="0.96" CONTENT="mycket"/><SP WIDTH="21" VPOS="1374" HPOS="172"/>
							<String ID="string_426" HPOS="193" VPOS="1374" WIDTH="48" HEIGHT="22" WC="0.93" CONTENT="litet"/><SP WIDTH="22" VPOS="1374" HPOS="241"/>
							<String ID="string_427" HPOS="263" VPOS="1375" WIDTH="82" HEIGHT="27" WC="0.92" CONTENT="grobar,"/><SP WIDTH="21" VPOS="1375" HPOS="345"/>
							<String ID="string_428" HPOS="366" VPOS="1375" WIDTH="86" HEIGHT="22" WC="0.92" CONTENT="hvarför"/><SP WIDTH="20" VPOS="1375" HPOS="452"/>
							<String ID="string_429" HPOS="472" VPOS="1376" WIDTH="156" HEIGHT="26" WC="0.92" CONTENT="jordbrukaren"/><SP WIDTH="22" VPOS="1376" HPOS="628"/>
							<String ID="string_430" HPOS="650" VPOS="1376" WIDTH="47" HEIGHT="21" WC="0.92" CONTENT="icke"/><SP WIDTH="14" VPOS="1376" HPOS="697"/>
							<String ID="string_431" HPOS="711" VPOS="1376" WIDTH="39" HEIGHT="20" WC="0.93" CONTENT="har"/><SP WIDTH="14" VPOS="1376" HPOS="750"/>
							<String ID="string_432" HPOS="764" VPOS="1376" WIDTH="69" HEIGHT="26" WC="0.92" CONTENT="nägon"/><SP WIDTH="15" VPOS="1376" HPOS="833"/>
							<String ID="string_433" HPOS="848" VPOS="1374" WIDTH="68" HEIGHT="22" WC="0.92" CONTENT="fördel"/>
						</TextLine>
						<TextLine ID="line_43" HPOS="89" VPOS="1401" WIDTH="828" HEIGHT="29">
							<String ID="string_434" HPOS="89" VPOS="1401" WIDTH="22" HEIGHT="22" WC="0.96" CONTENT="af"/><SP WIDTH="14" VPOS="1401" HPOS="111"/>
							<String ID="string_435" HPOS="125" VPOS="1403" WIDTH="31" HEIGHT="19" WC="0.96" CONTENT="att"/><SP WIDTH="15" VPOS="1403" HPOS="156"/>
							<String ID="string_436" HPOS="171" VPOS="1402" WIDTH="57" HEIGHT="27" WC="0.96" CONTENT="köpa"/><SP WIDTH="15" VPOS="1402" HPOS="228"/>
							<String ID="string_437" HPOS="243" VPOS="1403" WIDTH="46" HEIGHT="21" WC="0.93" CONTENT="den."/><SP WIDTH="30" VPOS="1403" HPOS="289"/>
							<String ID="string_438" HPOS="319" VPOS="1404" WIDTH="125" HEIGHT="21" WC="0.92" CONTENT="Emellertid"/><SP WIDTH="23" VPOS="1404" HPOS="444"/>
							<String ID="string_439" HPOS="467" VPOS="1406" WIDTH="23" HEIGHT="19" WC="0.93" CONTENT="är"/><SP WIDTH="16" VPOS="1406" HPOS="490"/>
							<String ID="string_440" HPOS="506" VPOS="1404" WIDTH="141" HEIGHT="21" WC="0.92" CONTENT="förhällandet"/><SP WIDTH="14" VPOS="1404" HPOS="647"/>
							<String ID="string_441" HPOS="661" VPOS="1404" WIDTH="83" HEIGHT="26" WC="0.92" CONTENT="sädant,"/><SP WIDTH="16" VPOS="1404" HPOS="744"/>
							<String ID="string_442" HPOS="760" VPOS="1406" WIDTH="32" HEIGHT="19" WC="0.96" CONTENT="att"/><SP WIDTH="15" VPOS="1406" HPOS="792"/>
							<String ID="string_443" HPOS="807" VPOS="1404" WIDTH="25" HEIGHT="20" WC="0.93" CONTENT="de"/><SP WIDTH="16" VPOS="1404" HPOS="832"/>
							<String ID="string_444" HPOS="848" VPOS="1402" WIDTH="69" HEIGHT="22" WC="0.92" CONTENT="skilda"/>
						</TextLine>
						<TextLine ID="line_44" HPOS="88" VPOS="1430" WIDTH="829" HEIGHT="29">
							<String ID="string_445" HPOS="88" VPOS="1430" WIDTH="62" HEIGHT="21" WC="0.93" CONTENT="årens"/><SP WIDTH="15" VPOS="1430" HPOS="150"/>
							<String ID="string_446" HPOS="165" VPOS="1430" WIDTH="93" HEIGHT="27" WC="0.92" CONTENT="intägter"/><SP WIDTH="15" VPOS="1430" HPOS="258"/>
							<String ID="string_447" HPOS="273" VPOS="1432" WIDTH="68" HEIGHT="21" WC="0.93" CONTENT="sävidt"/><SP WIDTH="15" VPOS="1432" HPOS="341"/>
							<String ID="string_448" HPOS="356" VPOS="1432" WIDTH="83" HEIGHT="27" WC="0.93" CONTENT="möjligt"/><SP WIDTH="14" VPOS="1432" HPOS="439"/>
							<String ID="string_449" HPOS="453" VPOS="1432" WIDTH="95" HEIGHT="22" WC="0.96" CONTENT="förvaras"/><SP WIDTH="18" VPOS="1432" HPOS="548"/>
							<String ID="string_450" HPOS="566" VPOS="1432" WIDTH="101" HEIGHT="22" WC="0.96" CONTENT="särskildt"/><SP WIDTH="15" VPOS="1432" HPOS="667"/>
							<String ID="string_451" HPOS="682" VPOS="1432" WIDTH="40" HEIGHT="21" WC="0.93" CONTENT="och"/><SP WIDTH="16" VPOS="1432" HPOS="722"/>
							<String ID="string_452" HPOS="738" VPOS="1432" WIDTH="117" HEIGHT="22" WC="0.92" CONTENT="desammas"/><SP WIDTH="14" VPOS="1432" HPOS="855"/>
							<String ID="string_453" HPOS="869" VPOS="1436" WIDTH="48" HEIGHT="21" WC="0.93" CONTENT="gro-"/>
						</TextLine>
						<TextLine ID="line_45" HPOS="88" VPOS="1458" WIDTH="829" HEIGHT="30">
							<String ID="string_454" HPOS="88" VPOS="1458" WIDTH="77" HEIGHT="22" WC="0.92" CONTENT="barhet"/><SP WIDTH="15" VPOS="1458" HPOS="165"/>
							<String ID="string_455" HPOS="180" VPOS="1459" WIDTH="44" HEIGHT="21" WC="0.93" CONTENT="ofta"/><SP WIDTH="15" VPOS="1459" HPOS="224"/>
							<String ID="string_456" HPOS="239" VPOS="1460" WIDTH="88" HEIGHT="26" WC="0.92" CONTENT="profvas."/><SP WIDTH="28" VPOS="1460" HPOS="327"/>
							<String ID="string_457" HPOS="355" VPOS="1460" WIDTH="58" HEIGHT="21" WC="0.92" CONTENT="Frän"/><SP WIDTH="15" VPOS="1460" HPOS="413"/>
							<String ID="string_458" HPOS="428" VPOS="1460" WIDTH="297" HEIGHT="28" WC="0.91" CONTENT="kronospanmälsmagasinen"/><SP WIDTH="16" VPOS="1460" HPOS="725"/>
							<String ID="string_459" HPOS="741" VPOS="1460" WIDTH="60" HEIGHT="26" WC="0.93" CONTENT="säljes"/><SP WIDTH="10" VPOS="1460" HPOS="801"/>
							<String ID="string_460" HPOS="811" VPOS="1459" WIDTH="33" HEIGHT="21" WC="0.93" CONTENT="till"/><SP WIDTH="11" VPOS="1459" HPOS="844"/>
							<String ID="string_461" HPOS="855" VPOS="1458" WIDTH="62" HEIGHT="22" WC="0.93" CONTENT="bröd-"/>
						</TextLine>
						<TextLine ID="line_46" HPOS="89" VPOS="1486" WIDTH="828" HEIGHT="30">
							<String ID="string_462" HPOS="89" VPOS="1486" WIDTH="50" HEIGHT="22" WC="0.92" CONTENT="föda"/><SP WIDTH="14" VPOS="1486" HPOS="139"/>
							<String ID="string_463" HPOS="153" VPOS="1487" WIDTH="65" HEIGHT="21" WC="0.92" CONTENT="sädan"/><SP WIDTH="16" VPOS="1487" HPOS="218"/>
							<String ID="string_464" HPOS="234" VPOS="1488" WIDTH="94" HEIGHT="26" WC="0.87" CONTENT="spanmäl"/><SP WIDTH="23" VPOS="1488" HPOS="328"/>
							<String ID="string_465" HPOS="351" VPOS="1494" WIDTH="46" HEIGHT="16" WC="0.91" CONTENT="som"/><SP WIDTH="23" VPOS="1494" HPOS="397"/>
							<String ID="string_466" HPOS="420" VPOS="1489" WIDTH="47" HEIGHT="21" WC="0.91" CONTENT="icke"/><SP WIDTH="15" VPOS="1489" HPOS="467"/>
							<String ID="string_467" HPOS="482" VPOS="1491" WIDTH="24" HEIGHT="19" WC="0.93" CONTENT="är"/><SP WIDTH="15" VPOS="1491" HPOS="506"/>
							<String ID="string_468" HPOS="521" VPOS="1489" WIDTH="74" HEIGHT="27" WC="0.92" CONTENT="tjenlig"/><SP WIDTH="15" VPOS="1489" HPOS="595"/>
							<String ID="string_469" HPOS="610" VPOS="1488" WIDTH="31" HEIGHT="21" WC="0.92" CONTENT="till"/><SP WIDTH="16" VPOS="1488" HPOS="641"/>
							<String ID="string_470" HPOS="657" VPOS="1489" WIDTH="75" HEIGHT="21" WC="0.92" CONTENT="utsäde"/><SP WIDTH="15" VPOS="1489" HPOS="732"/>
							<String ID="string_471" HPOS="747" VPOS="1488" WIDTH="39" HEIGHT="22" WC="0.96" CONTENT="och"/><SP WIDTH="15" VPOS="1488" HPOS="786"/>
							<String ID="string_472" HPOS="801" VPOS="1488" WIDTH="59" HEIGHT="21" WC="0.93" CONTENT="detta"/><SP WIDTH="15" VPOS="1488" HPOS="860"/>
							<String ID="string_473" HPOS="875" VPOS="1486" WIDTH="42" HEIGHT="22" WC="0.92" CONTENT="till-"/>
						</TextLine>
						<TextLine ID="line_47" HPOS="89" VPOS="1515" WIDTH="828" HEIGHT="28">
							<String ID="string_474" HPOS="89" VPOS="1515" WIDTH="136" HEIGHT="27" WC="0.92" CONTENT="kännagifves"/><SP WIDTH="16" VPOS="1515" HPOS="225"/>
							<String ID="string_475" HPOS="241" VPOS="1516" WIDTH="64" HEIGHT="22" WC="0.92" CONTENT="ocksä"/><SP WIDTH="14" VPOS="1516" HPOS="305"/>
							<String ID="string_476" HPOS="319" VPOS="1517" WIDTH="34" HEIGHT="21" WC="0.93" CONTENT="vid"/><SP WIDTH="17" VPOS="1517" HPOS="353"/>
							<String ID="string_477" HPOS="370" VPOS="1517" WIDTH="146" HEIGHT="21" WC="0.90" CONTENT="auktionerne."/><SP WIDTH="31" VPOS="1517" HPOS="516"/>
							<String ID="string_478" HPOS="547" VPOS="1517" WIDTH="107" HEIGHT="25" WC="0.91" CONTENT="Deremot,"/><SP WIDTH="17" VPOS="1517" HPOS="654"/>
							<String ID="string_479" HPOS="671" VPOS="1516" WIDTH="27" HEIGHT="22" WC="0.93" CONTENT="dä"/><SP WIDTH="22" VPOS="1516" HPOS="698"/>
							<String ID="string_480" HPOS="720" VPOS="1516" WIDTH="65" HEIGHT="22" WC="0.91" CONTENT="behof"/><SP WIDTH="20" VPOS="1516" HPOS="785"/>
							<String ID="string_481" HPOS="805" VPOS="1517" WIDTH="27" HEIGHT="26" WC="0.93" CONTENT="pä"/><SP WIDTH="15" VPOS="1517" HPOS="832"/>
							<String ID="string_482" HPOS="847" VPOS="1516" WIDTH="70" HEIGHT="25" WC="0.92" CONTENT="nägon"/>
						</TextLine>
						<TextLine ID="line_48" HPOS="90" VPOS="1542" WIDTH="827" HEIGHT="30">
							<String ID="string_483" HPOS="90" VPOS="1545" WIDTH="34" HEIGHT="19" WC="0.96" CONTENT="ort"/><SP WIDTH="15" VPOS="1545" HPOS="124"/>
							<String ID="string_484" HPOS="139" VPOS="1543" WIDTH="21" HEIGHT="21" WC="0.93" CONTENT="af"/><SP WIDTH="13" VPOS="1543" HPOS="160"/>
							<String ID="string_485" HPOS="173" VPOS="1544" WIDTH="76" HEIGHT="22" WC="0.92" CONTENT="utsäde"/><SP WIDTH="15" VPOS="1544" HPOS="249"/>
							<String ID="string_486" HPOS="264" VPOS="1546" WIDTH="93" HEIGHT="26" WC="0.92" CONTENT="uppstär,"/><SP WIDTH="24" VPOS="1546" HPOS="357"/>
							<String ID="string_487" HPOS="381" VPOS="1546" WIDTH="24" HEIGHT="20" WC="0.93" CONTENT="sä"/><SP WIDTH="15" VPOS="1546" HPOS="405"/>
							<String ID="string_488" HPOS="420" VPOS="1545" WIDTH="96" HEIGHT="27" WC="0.92" CONTENT="försäljes"/><SP WIDTH="16" VPOS="1545" HPOS="516"/>
							<String ID="string_489" HPOS="532" VPOS="1545" WIDTH="46" HEIGHT="21" WC="0.93" CONTENT="frän"/><SP WIDTH="15" VPOS="1545" HPOS="578"/>
							<String ID="string_490" HPOS="593" VPOS="1545" WIDTH="122" HEIGHT="27" WC="0.92" CONTENT="magasinen"/><SP WIDTH="15" VPOS="1545" HPOS="715"/>
							<String ID="string_491" HPOS="730" VPOS="1544" WIDTH="77" HEIGHT="28" WC="0.93" CONTENT="grobar"/><SP WIDTH="14" VPOS="1544" HPOS="807"/>
							<String ID="string_492" HPOS="821" VPOS="1542" WIDTH="96" HEIGHT="29" WC="0.89" CONTENT="spanmäl"/>
						</TextLine>
					</TextBlock>
				</ComposedBlock>
			</PrintSpace>
		</Page>
	</Layout>
</alto>
