1109 1767
362 124 45 20 R.
389 111 22 42 6.
420 124 16 19 &.
449 124 46 21 1886.
519 124 22 19 20
553 124 49 20 Mars.
628 111 17 42 =
834 126 43 22 483

72 194 54 26 det
148 192 108 26 verkligen
277 192 45 21 står
344 192 91 27 sorgligt
457 192 39 26 till,
519 192 102 22 särskildt
642 192 36 21 vid
702 192 36 22 det
752 192 154 28 värnepligtiga

75 220 211 27 reservmanskapet"
303 220 40 22 och
357 220 27 22 hr
398 220 110 22 Avellans:
526 220 54 26 ,och
594 220 43 22 kan
652 221 38 21 det
705 221 71 21 derför
790 221 47 22 icke
852 221 54 21 före-

75 250 53 22 falla
150 249 107 26 oväntadt,
282 255 34 15 om
339 249 145 21 allmänheten
506 249 49 21 med
570 249 86 27 häpnad
671 249 40 21 och
727 256 37 15 oro
779 249 71 28 frågar
865 250 39 27 sig:

74 281 28 19 är
124 278 36 22 det
183 278 27 20 då
228 277 109 27 verkligeu
351 278 33 23 till
400 284 26 15 en
442 278 80 21 lastens
537 278 61 21 skola
613 278 21 20 vi
649 278 63 21 hafva
727 280 33 19 att
774 279 67 21 sända
854 279 52 21 våra

71 307 94 22 -söner?*
188 306 66 21 Detta
276 308 24 19 är
321 306 84 27 mycket
423 308 63 19 värre
501 308 26 19 än
543 306 161 26 insinuationer,
726 308 23 25 ty
765 307 35 21 det
815 309 25 19 är
854 313 52 15 rena

73 335 137 27 -anklagelser
232 334 38 22 och
287 335 47 21 dem
350 334 64 22 hafva
428 334 48 22 icke
492 335 62 21 dessa
569 335 37 21 tvä
620 335 64 21 ständ
698 335 152 27 tillbakavisat,
865 335 40 21 och

77 364 48 22 icke
147 364 66 20 heller
235 363 111 26 utskottet,
370 363 90 21 oaktadt
476 364 61 20 dessa
552 363 134 27 anklagelser
700 365 38 19 äro
753 364 90 25 riktade,
858 364 47 21 icke

78 394 46 20 mot
138 392 162 26 korporationer
315 392 51 21 eller
381 392 70 26 ständ,
467 394 51 19 utan
534 394 45 19 mot
594 392 49 21 hela
658 392 83 22 landets
756 393 99 26 ungdom.

147 420 32 22 Hr
194 420 90 27 Späre:
307 420 41 27 Jag
363 420 37 22 ber
416 420 76 21 endast
507 423 33 19 att
556 420 21 21 fä
591 420 129 22 understöda
737 421 36 21 det
788 421 23 21 af
824 421 25 21 hr
864 426 41 16 von

78 449 118 22 Haartman
211 449 74 27 gjorda
300 449 130 21 motiverade
446 448 86 28 förslag,
548 455 45 15 som
606 449 79 26 jemväl
700 449 70 21 blifvit
780 450 128 21 understödt

74 478 28 21 af
115 478 47 21 frih.
179 477 161 27 Langenskiöld,
363 477 56 22 blott
434 478 49 20 med
498 478 41 21 den
554 478 45 20 lilla
613 478 124 26 förändring
752 478 23 21 af
787 478 47 22 frih.
851 478 54 21 Lan-

74 506 126 27 -genskiölds
214 506 119 26 föreslagna
343 506 119 26 redaktion,
480 508 31 19 att
522 506 66 21 orden
600 506 54 25 ,den
665 506 161 28 förhoppning",
837 506 69 22 skulle

79 535 111 21 förändras
205 534 33 21 till
253 534 54 26 ,den
323 534 140 27 öfvertygelse
479 537 31 19 att
525 534 173 22 militärbefälet*
714 542 18 14 o.
750 542 16 14 s.
781 542 19 14 v.

149 563 32 21 Hr
196 562 22 22 af
232 562 132 22 Lindfors:
388 563 96 21 Oaktadt
506 564 60 20 tiden
588 566 25 18 är
635 564 24 20 sä
680 564 60 26 längt
759 564 146 27 framskriden,

80 591 38 22 ber
131 591 37 27 jag
182 592 82 20 ändock
279 593 32 19 att
326 592 21 20 få
361 593 58 25 yttra
434 592 44 21 min
493 592 85 26 mening
593 592 7 21 i
616 593 69 20 denna
699 592 66 27 fråga.
796 593 45 21 Min
852 592 54 27 äsigt

77 622 29 19 är
120 620 41 21 den
176 622 33 19 att
222 620 112 26 utskottet,
350 620 27 22 dä
392 620 36 22 det
444 620 116 22 behandlat
576 620 26 22 de
617 621 63 21 svåra
694 621 157 27 beskyllningar
861 626 45 16 som

80 649 166 27 petitionärerne
275 648 64 22 hafva
364 649 57 27 gjort
446 651 47 19 mot
515 650 38 20 vär
576 656 56 20 unga
654 650 86 26 militär,
762 650 89 20 kommit
873 649 33 21 till

81 679 32 19 ett
134 679 77 25 ytterst
233 679 60 25 svagt
312 678 96 26 resultat,
424 678 27 20 dä
466 678 106 21 utskottet
588 680 46 19 tror
648 680 33 19 att
696 684 76 21 genom
786 678 120 26 förhöjning

76 706 12 20 i
106 705 118 27 aflöningen
238 706 33 20 för
286 706 271 26 bataljonspredikanterne
572 706 132 27 sedligheten
719 707 57 21 inom
791 709 115 25 trupperne

80 734 8 21 i
112 734 40 22 och
167 735 48 20 med
230 734 117 22 detsamma
362 735 54 21 skall
431 734 123 22 förbättras.
586 735 45 21 Och
647 735 89 21 oaktadt
751 735 105 21 utskottet
870 741 36 21 ge-

79 769 50 15 nom
151 762 273 28 befälhafvarebestyrelsen
447 763 78 21 skaffat
543 764 32 26 sig
590 764 42 21 alla
647 764 86 26 möjliga
748 764 156 27 upplysningar,

80 791 40 21 har
145 791 35 21 det
198 791 54 21 ändå
267 792 46 20 icke
328 792 89 20 kommit
431 792 29 26 pä
476 792 40 21 den
531 792 49 21 idén
596 794 32 19 att
644 792 115 27 svagheten
774 793 32 21 uti
820 793 37 21 vär
872 798 33 15 ar-

76 820 48 20 mös
140 820 143 26 organisation
298 822 24 19 är
338 820 122 22 densamma
474 826 46 16 som
535 821 36 21 vid
587 821 42 21 alla
643 827 57 21 unga
715 821 83 21 arméer
805 821 40 21 och
856 821 50 21 den-

75 854 86 15 :samma
176 854 45 15 som
236 848 7 21 i
257 848 49 22 hela
320 849 86 26 Europa
418 849 75 27 klagas
504 849 65 27 öfver,
580 849 115 27 svagheten
706 850 38 21 hos
754 849 151 22 underhefälet.

80 876 34 22 Dä
136 876 59 21 detta
219 876 229 23 utskottsbetänkande
470 878 68 21 slutar
558 878 48 21 med
622 884 26 15 en
663 878 63 26 kläm,
742 884 46 16 som
802 878 48 22 icke
864 878 42 20 kan

80 904 48 22 leda
143 905 33 21 till
191 905 36 21 det
241 906 89 20 resultat
346 912 45 15 som
406 906 170 26 petitionärerne
592 907 56 21 velat
658 906 86 22 komma
754 907 40 26 till,
804 907 24 21 sä
838 906 68 22 skulle

73 933 42 27 jag
136 934 8 20 i
167 934 41 20 allo
231 933 73 22 förena
326 934 43 27 mig
386 935 48 21 med
450 935 56 25 dem,
522 935 72 21 hvilka
608 935 90 21 anhällit
713 937 32 19 att
760 936 59 20 detta
834 935 73 21 betän-

79 962 70 21 kande
164 962 46 21 icke
225 962 66 22 mätte
306 962 109 22 föranleda
429 964 33 20 till
478 963 69 27 nägon
564 964 72 21 vidare
651 964 75 26 ätgärd
741 964 47 21 frän
804 964 36 21 det
850 963 55 27 högl.

75 990 101 22 :ständets
191 991 51 21 sida.

138 1019 32 21 Hr
192 1019 174 27 Gripenberg,
389 1020 35 21 A.:
455 1020 76 22 Ehuru
553 1021 59 21 tiden
633 1023 24 19 är
671 1020 84 28 mycket
770 1021 59 27 långt
843 1020 63 22 fram-

79 1046 93 27 skriden,
192 1048 23 20 sä
237 1048 42 20 kan
292 1048 36 26 jag
343 1048 47 21 icke
404 1049 114 21 underläta
533 1051 32 19 att
579 1050 85 26 päpeka
679 1050 36 21 det
729 1050 105 26 märkliga
848 1049 60 21 miss-

79 1075 97 22 förständ
186 1082 44 15 som
241 1076 40 21 den
292 1082 74 16 senare
376 1076 107 22 klämmen
491 1078 7 20 i
507 1078 116 21 utskottets
631 1078 134 21 betänkande
774 1078 55 21 varit
839 1078 68 20 utsatt

79 1104 39 21 för.
149 1105 32 20 De
206 1104 61 22 flesta
281 1105 73 26 talare,
371 1111 45 15 som
431 1106 104 26 uppträdt
550 1108 44 20 mot
610 1107 150 25 betänkandet,
776 1106 62 22 hafva
853 1107 54 20 trott

75 1134 37 20 att
128 1133 35 21 det
178 1133 54 21 varit
248 1133 115 21 utskottets
378 1134 85 27 mening
478 1136 33 20 att
526 1141 56 17 man,
598 1141 76 21 genom
690 1137 32 19 att
736 1135 50 27 höja
795 1135 113 27 predikan-

78 1163 72 19 ternes
166 1162 65 26 löner,
248 1162 68 21 skulle
330 1162 72 21 kunna
413 1163 148 22 ästadkomma
572 1170 25 14 en
608 1164 129 27 förbättring
747 1164 23 21 af
776 1163 131 27 sedligheten

80 1189 40 21 hos
146 1190 111 21 militären.
288 1190 70 22 Hafva
380 1191 62 21 dessa
464 1192 38 20 hrr
524 1192 47 21 icke
589 1192 87 21 förstått
691 1194 32 19 att
738 1192 36 21 det
789 1194 24 19 är
827 1192 33 20 för
875 1193 32 19 att

77 1218 219 27 bataljonspresterne
318 1219 68 21 skulle
408 1220 72 21 kunna
500 1221 135 21 uteslutande
651 1227 55 20 egna
720 1221 32 27 sig
767 1221 22 21 åt
804 1221 37 20 sitt
856 1220 50 26 kall,

76 1246 84 22 hvilket
176 1247 54 21 dock
245 1248 39 20 bör
299 1248 138 21 tillerkännas
453 1255 26 15 en
494 1249 82 27 ganska
592 1251 45 19 stor
652 1250 114 26 betydelse,
782 1255 46 15 som
838 1249 70 21 denna

77 1274 122 28 förhöjning
214 1278 24 18 är
252 1276 133 27 föreslagen?

148 1303 69 21 Sedan
240 1304 147 22 diskussionen
409 1306 8 20 i
432 1305 75 27 frägan
523 1306 95 21 härefter
633 1306 114 21 förklarats
762 1305 99 27 afslutad,
878 1304 30 22 öf-

75 1332 137 21 -verlemnade
234 1332 27 21 hr
284 1333 196 22 landtmarskalken
503 1334 33 21 till
558 1335 96 21 ständets
670 1335 131 21 besvarande
815 1334 93 27 följande

73 1361 146 25 Proposition:

147 1389 47 21 Den
212 1395 45 15 som
277 1390 37 20 vill
329 1390 31 21 till
376 1390 139 28 kontraprop.
532 1393 45 19 mot
592 1392 116 21 utskottets
724 1391 134 22 betänkande
874 1396 35 15 an-

76 1418 51 25 taga
142 1419 32 19 ett
189 1417 67 27 afslag
271 1418 13 21 å
298 1419 241 26 petitionsmemorialet,
556 1420 128 21 motiveradt
700 1420 51 21 eller
762 1418 146 26 omotiveradt,

76 1447 71 19 röstar
160 1446 32 26 ja;

145 1474 75 21 vinner
241 1475 41 27 nej,
306 1477 88 25 antages
413 1476 34 21 till
461 1476 140 27 kontraprop.
617 1476 157 22 betänkandets
789 1475 121 23 återremiss

75 1502 34 21 för
124 1502 148 28 omarbetning
287 1504 49 20 med
351 1504 51 21 eller
418 1506 51 20 utan
485 1506 27 20 de
527 1505 23 21 af
563 1505 26 21 hr
603 1505 96 27 Procopé
714 1506 39 21 och
764 1505 47 21 frih.
824 1504 86 27 Gripen-

73 1530 55 27 berg
143 1530 120 28 föreslagna
278 1532 74 27 tillägg
367 1533 40 21 och
422 1533 180 26 modifikationer;
