1111 1767
375 129 16 19 R.
402 134 17 14 0.
432 129 16 19 A.
461 128 47 20 1885.
532 128 21 20 20
566 128 48 19 Mars.
839 130 41 22 465

151 196 37 22 Uti
202 196 179 28 tidpingspressen
397 196 68 25 hafva,
482 196 142 28 synnerligast
638 196 68 22 under
721 196 40 22 den
776 197 98 21 sednaste
884 196 26 22 ti-

80 226 51 26 den,
153 225 93 22 särdeles
261 225 130 27 graverande
408 225 164 27 anmärkningar
587 224 67 27 gjorts
670 224 58 22 öfver
743 225 40 21 den
799 225 111 22 otillfreds-

81 254 106 22 ställande
209 253 159 27 bildningsgrad
390 253 84 22 landets
498 255 83 25 prester
600 252 119 27 innehafva,
735 255 51 19 utan
801 256 32 19 att
848 254 62 23 dessa

82 284 29 26 pä
132 283 66 26 något
212 283 44 20 sätt
270 281 69 22 blifvit
354 281 132 27 vederlagda.
518 281 50 22 Man
584 281 39 21 och
638 287 49 15 man
702 281 90 22 emellan
807 282 39 22 hör:
860 288 49 16 man

81 312 44 20 tidt
147 310 39 22 och
210 310 44 21 ofta
276 310 70 26 ordas,
364 311 33 21 att
413 310 171 27 religionslärare
598 309 121 27 förefinnas,
736 310 25 21 de
777 310 38 22 der
828 310 81 27 lyckats

82 338 122 23 nedskrifva
227 340 32 19 ett
274 339 27 21 60
316 338 30 21 tal
361 338 207 27 religionsföredrag,
584 338 71 21 hvilka
670 338 66 21 sedan
751 338 106 22 auvändas
872 345 38 15 un-

83 367 40 22 der
146 368 78 20 dennes
246 366 100 22 fortsatta
367 366 136 22 verksamhet
525 368 70 20 säsom
616 366 76 26 lärare,
712 366 39 22 och
763 367 64 26 detta,
843 366 66 22 ehuru

82 396 86 21 tiderna
190 395 110 21 förändrat
321 395 32 27 sig
375 395 40 21 och
433 395 20 21 vi
471 395 49 21 med
535 395 53 21 dem.
619 394 40 22 Att
674 394 168 27 religionslärare
856 394 54 23 före-

84 424 69 21 finnas
175 424 27 21 de
224 424 38 20 der
283 423 121 27 visserligen
427 424 81 21 erhälla
530 423 120 27 periodiska
668 423 40 20 och
723 424 66 21 andra
803 423 107 22 skrifter
899 419 15 36 i

85 452 94 27 religion,
202 457 48 16 men
274 453 32 20 att
329 451 61 22 dessa
411 451 57 27 ligga
487 451 136 28 ouppskurna
638 451 27 26 pä
681 451 120 28 bokhyllan.
830 452 39 21 Att
884 451 26 22 de

84 486 38 16 sex
138 480 150 26 hvilodagarne
303 480 106 21 användas
424 480 7 21 i
442 480 62 21 bästa
513 479 37 22 fall
560 479 33 22 till
603 479 81 22 studier
695 479 6 21 i
712 480 115 26 agronomi,
838 480 72 27 spräk-

84 509 40 21 och
139 509 112 26 lagfrägor.
273 508 38 21 Att
326 508 181 22 skriftskoletiden
522 508 106 21 användes
644 507 32 22 för
687 507 118 23 inlärandet
815 509 38 20 hos
863 508 48 21 bar-

85 543 42 15 nen
149 537 85 21 utantill
257 536 23 22 af
300 537 121 26 katekesen,
445 543 48 15 men
517 537 74 21 endast
612 537 7 20 i
642 536 136 27 förbigäende
803 536 106 22 meddelas

85 565 106 28 principer
206 565 33 21 för
254 565 36 21 det
304 567 57 19 rätta
376 565 39 22 och
430 571 73 16 sanna.
535 565 37 21 Att
588 565 33 20 vid
637 564 132 22 läsförhören
784 565 74 22 endast
873 571 37 15 un-

85 593 121 28 dantagsvis
221 593 98 27 föredrag
334 593 72 22 hälles.
428 593 38 22 Att
482 593 176 28 myndigheterna
672 593 69 21 tilläta
756 594 55 21 ända
825 593 32 22 till
872 594 38 21 85-

84 621 60 28 ärige
166 622 70 21 lärare
258 628 50 15 vara
322 622 7 20 i
344 621 47 22 fullt
406 621 115 22 utöfvande
537 621 22 22 af
573 627 26 16 en
614 621 143 27 kyrkoherdes
773 621 138 22 ansvarsfulla

85 650 51 27 kall,
153 651 66 20 ehuru
235 650 59 21 desse
309 651 28 26 pä
352 650 67 21 andra
433 650 68 21 banor
516 650 66 21 redan
597 649 7 21 i
619 650 27 21 20
662 650 34 21 ärs
712 649 31 22 tid
758 650 68 21 skulle
840 651 70 20 säsom

85 679 119 26 Ofveräriga
226 678 68 21 blifvit
316 679 118 21 kasserade.
465 679 69 21 Dessa
552 678 82 27 rykten,
654 678 61 21 dessa
730 677 181 28 tidningsartiklar

85 707 72 22 kunna
176 707 104 21 måhända
302 707 62 21 hafva
378 707 54 21 varit
447 707 134 25 öfverdrifna,
597 713 48 14 men
660 706 91 27 följande
765 707 147 26 petitionärer-

85 741 38 16 nes
133 735 155 27 förfaringssätt
298 735 71 22 kunde
377 741 48 16 man
437 735 61 21 äfven
508 735 82 27 grunda
602 735 39 21 den
653 735 61 26 åsigt,
723 737 32 19 att
763 735 71 26 folket,
844 741 68 15 varse-

85 763 107 22 blifvande
215 770 26 15 en
259 763 128 27 likgiltighet
401 764 7 20 i
423 763 116 22 allmänhet
554 764 12 21 å
581 763 107 21 lärarenes
704 763 39 21 och
758 763 154 27 myndigheter-

87 797 38 16 nas
139 792 52 26 sida,
207 791 73 28 sjelfva
296 792 68 21 blifvit
378 791 105 28 likgiltiga
499 792 39 21 och
554 791 32 26 de,
602 791 73 21 hvilka
685 791 18 26 ej
714 791 119 22 besmittats
844 791 66 26 häraf,

86 819 63 22 hafva
171 820 67 21 bildat
253 821 77 25 sekter,
346 820 81 21 hvilkas
443 821 88 26 dogmer
546 820 7 21 i
568 821 68 20 större
653 819 53 22 eller
720 820 81 21 mindre
816 819 52 27 grad
883 819 29 21 af-

87 847 48 22 vika
149 848 46 21 från
211 848 176 27 statsreligionen.
417 849 40 26 Jag
476 849 36 20 vill
531 851 56 18 ännu
602 850 119 24 omnämna,
737 848 46 21 icke
798 850 31 19 ett
844 847 69 28 rykte,

87 882 48 16 men
151 883 26 15 en
192 877 100 27 passerad
306 877 101 21 händelse
422 879 32 19 att
467 877 33 21 uti
515 883 26 15 en
556 877 101 20 kommun
672 876 47 21 icke
730 876 59 27 långt
799 876 53 21 ifrån
863 875 49 22 Hel-

86 905 90 26 singfors
199 911 26 15 en
248 905 80 26 söndag
350 905 66 21 under
436 905 104 21 Februari
556 905 77 21 månad
648 905 63 26 ingen
726 905 99 26 predikan
842 904 70 21 kunde

87 932 74 27 hållas,
180 933 89 22 emedan
286 933 36 21 det
336 933 46 22 icke
397 933 46 22 fans
458 934 71 26 någon
544 933 95 22 åhörare.
661 934 69 25 Antag
745 935 32 19 att
792 939 49 15 man
856 933 57 26 leger

87 961 137 27 predikanter
245 961 33 22 för
299 968 109 15 reservens
431 961 161 27 öfningsmöten,
620 968 47 15 men
683 963 32 20 att
729 961 149 21 reservisterne
894 960 18 27 ej

87 989 80 22 infinna
189 990 32 26 sig
243 989 33 22 för
300 990 117 21 ähörandet
433 989 22 22 af
468 990 109 27 predikan.
607 990 41 26 Jag
662 989 36 22 vill
713 989 104 26 nämligen
832 989 82 26 hoppas

87 1019 34 20 att
135 1018 62 26 ingen
212 1018 82 27 tvingas
310 1018 37 27 dit,
362 1019 32 20 väl
407 1019 90 20 vetande
513 1018 22 21 af
549 1025 52 20 egen
617 1018 124 26 erfarenhet,
756 1019 31 20 att
800 1017 35 22 det
846 1017 18 26 ej
875 1016 39 22 fin-

87 1051 38 16 nes
141 1047 65 26 nägot
221 1047 85 21 omräde
315 1047 37 21 der
367 1047 86 26 tvänget
468 1053 51 15 vore
535 1053 58 15 mera
608 1046 110 27 olämpligt
728 1048 26 19 än
762 1046 44 26 just
816 1047 44 20 här.
882 1045 32 21 Pä

87 1075 70 26 grund
176 1075 22 21 af
216 1075 55 21 hvad
288 1075 36 26 jag
340 1075 44 21 haft
399 1077 52 19 äran
467 1075 101 26 andraga,
583 1074 68 22 skulle
664 1075 37 26 jag
716 1081 55 19 anse,
787 1075 32 20 att
834 1073 32 22 för
880 1079 34 15 re-

87 1108 86 16 servens
189 1103 154 26 öfningsmöten
358 1105 65 25 nägot
438 1103 75 27 anslag
529 1103 18 27 ej
563 1103 106 22 behöfves.
700 1103 40 26 Jag
753 1105 24 19 är
792 1101 123 28 öfvertygad

89 1131 73 21 derom
184 1134 38 24 att,
238 1131 44 22 ifall
300 1131 121 27 föredraget
436 1134 24 19 är
474 1132 59 26 godt,
549 1131 151 22 reservisterne
715 1131 60 21 skola
790 1130 78 21 infinna
883 1129 32 27 sig

88 1159 34 21 till
137 1160 103 21 socknens
255 1160 74 27 kyrka,
345 1160 60 21 äfven
420 1167 35 14 om
471 1161 70 20 denna
555 1166 51 15 vore
620 1159 74 27 längre
708 1159 88 27 belägen
811 1159 46 20 frän
872 1159 44 20 mö-

88 1187 123 28 tesplatsen.
232 1188 63 21 Hvad
306 1189 131 20 vidkommer
451 1188 166 22 fördubblandet
632 1188 22 21 af
668 1187 204 27 religionslärarenes
886 1185 30 22 lö-

88 1221 39 16 ner
149 1217 34 20 vid
206 1217 26 21 de
255 1217 71 21 aktiva
344 1217 154 26 bataljonerna,
515 1217 24 21 sä
554 1216 68 22 skulle
634 1216 38 27 jag
687 1222 50 15 anse
753 1216 34 21 det
802 1221 51 15 vara
867 1213 49 22 fullt

87 1243 49 22 skäl
159 1245 76 26 dertill,
259 1245 73 21 sävida
354 1245 106 21 utskottet
482 1245 55 21 hade
562 1245 76 26 anfört,
661 1246 32 20 att
708 1244 35 21 vid
758 1250 25 15 en
799 1243 52 21 eller
865 1241 51 22 flere

88 1271 120 28 bataljoner
223 1273 69 27 någon
307 1273 170 27 religionslärare
492 1273 47 22 icke
548 1273 67 26 åtagit
625 1273 32 26 sig
668 1272 131 27 själavärden
809 1270 33 22 för
853 1271 63 26 1,500

88 1301 67 21 mark.
185 1301 41 27 Jag
245 1301 43 21 kan
306 1302 39 20 och
361 1301 35 21 vill
411 1302 47 20 icke
473 1302 63 20 kasta
552 1302 40 20 den
608 1301 80 26 skugga
703 1302 27 25 pä
745 1301 26 20 de
787 1299 130 27 religionslä-

87 1334 56 21 rare,
159 1328 71 22 hvilka
245 1336 28 14 nu
291 1329 83 27 besörja
388 1329 135 27 själavärden
538 1329 34 21 vid
587 1329 153 27 bataljonerna,
756 1330 31 20 att
799 1328 60 21 desse
869 1327 47 21 icke

87 1356 70 22 skulle
179 1359 52 25 göra
255 1358 36 21 det
314 1358 48 21 med
384 1358 32 20 nit
435 1358 40 21 och
495 1357 54 22 efter
564 1360 99 19 samvete.
694 1358 33 20 Dä
741 1356 42 22 alla
798 1355 120 28 bataljoner

87 1384 64 22 hafva
166 1385 75 27 lärare,
258 1387 24 20 sä
296 1387 68 20 mäste
377 1386 37 26 jag
429 1388 85 24 antaga,
531 1387 31 20 att
578 1386 26 21 de
619 1392 50 14 anse
685 1385 32 21 sin
732 1385 63 21 möda
809 1390 51 15 vara
876 1383 42 21 till-

87 1412 92 27 räckligt
202 1416 73 19 ersatt.
306 1414 70 21 Medel
398 1414 33 21 för
449 1414 127 22 biblioteket
599 1414 62 21 torde
676 1412 158 22 vederbörande
848 1411 70 21 batal-

87 1440 127 28 jonschefer,
238 1442 28 26 pä
287 1442 156 27 framställning
460 1443 40 21 hos
519 1442 38 22 sitt
572 1442 100 26 chefskap
686 1442 71 20 kunna
773 1439 81 23 erhälla
870 1438 47 22 frän

89 1468 230 29 militieexpeditionen,
335 1470 73 22 sävida
423 1470 47 22 skäl
487 1470 71 22 dertill
573 1470 119 21 förefinnes.

159 1498 32 21 Hr
214 1504 41 15 von
278 1498 142 22 Frenckell
442 1499 99 27 uppläste
556 1500 31 20 ett
602 1498 89 21 sålunda
706 1498 97 21 affattadt
818 1495 101 27 skriftligt

87 1526 149 26 andragande:
252 1526 64 22 Hvad
330 1526 53 22 först
398 1527 194 26 anmärkningarna
608 1532 34 15 om
657 1526 68 22 finska
740 1525 117 21 militärens
872 1524 48 21 sed-

159 1562 42 19 N:o
218 1567 32 20 15.
828 1564 23 17 30
