1114 1761
382 133 16 18 k.
410 137 15 14 0.
438 132 16 19 R.
467 131 46 20 1885,
531 127 12 34 —
548 131 21 19 22
582 131 35 19 Jan.
844 133 27 20 47

73 201 33 21 för
114 201 152 21 landtmannen
276 200 85 26 uppstä,
372 206 34 15 om
414 200 43 21 han
465 200 71 21 kunde
544 200 5 21 i
556 200 119 26 penningar
685 199 70 22 aflöna
763 200 137 27 tjenstemän-

73 235 39 15 nen
129 229 39 21 och
183 229 47 21 icke
245 228 68 21 skulle
324 229 92 20 behöfva
426 229 91 20 besvära
528 229 32 26 sig
570 228 48 21 med
630 234 25 15 en
668 228 79 27 mängd
756 229 90 26 onödiga
855 234 45 15 om-

73 257 86 27 gängar.
189 257 82 22 Genom
287 256 59 21 detta
361 258 43 19 sätt
420 258 32 20 att
467 257 21 21 in
503 259 78 18 natura
597 256 70 21 aflöna
682 257 160 26 presterskapet
852 257 46 25 har,

73 288 59 19 utom
155 288 33 19 att
210 285 122 26 derigenom
354 285 98 26 uppstätt
474 285 134 26 svärigheter
630 285 33 21 för
676 285 165 26 jordbrukaren,
856 285 43 21 till-

73 314 90 22 kommit
185 314 41 22 den
249 313 184 26 omständigheten
454 315 32 19 att
500 315 113 25 presterna
628 313 123 27 derigenom
766 313 66 22 blifva
846 314 54 25 köp-

73 344 56 25 män,
151 342 66 28 nägot
239 348 45 14 som
300 341 40 21 bör
355 348 51 14 vara
425 341 89 27 aflägset
528 341 48 21 frän
592 342 168 26 presterskapet.
790 342 48 21 Men
853 341 46 22 icke

73 370 56 22 blott
147 371 63 21 dessa
224 370 132 26 svårigheter
372 370 74 26 åtfölja
462 372 66 19 sättet
544 372 32 19 att
592 370 47 21 med
656 370 96 26 spanmäl
767 370 70 20 aflöna
852 376 48 20 pre-

74 400 127 25 sterskapet.
217 398 73 22 Under
305 398 55 21 tider
371 398 27 21 dä
413 398 102 22 missväxt
530 399 114 20 hemsöker
654 398 49 21 värt
713 398 56 26 land,
781 398 27 21 dä
818 398 82 22 frosten

74 427 79 27 härjar,
176 427 27 20 dä
221 427 66 26 stiger
302 428 97 24 prestens
414 426 99 27 atlöning.
543 427 48 20 Den
606 427 78 26 mängd
700 426 102 27 spanmäl,
818 427 42 20 han
876 427 24 19 är

74 455 145 22 tillförsäkrad
234 455 23 20 af
275 455 157 26 församlingen,
448 455 33 21 får
497 455 42 20 han
554 455 115 21 oafkortad
686 455 40 21 och
740 461 76 20 genom
832 455 70 20 denna

74 484 49 21 nåd.
145 490 61 20 prop.
228 483 33 22 får
278 483 43 21 han
337 483 40 21 den
392 483 28 26 pä
435 479 103 26 sockhens
553 483 143 27 ansvarighet,
712 483 137 26 hvarigenom
864 482 37 21 nä-

75 519 41 20 gon
139 512 93 27 eftergift
253 512 47 21 icke
322 511 102 22 behöfver
446 512 161 27 ifrägakomma.
638 511 39 22 Om
700 511 76 27 någon,
799 511 54 22 skall
867 511 35 20 väl

75 543 86 24 presten
184 541 117 20 vidkännas
323 540 105 27 följderna
443 541 23 20 af
486 547 26 15 en
527 541 113 25 missväxt;
656 547 34 14 om
706 540 76 27 nägon,
798 540 54 21 skall
867 539 35 20 väl

76 569 42 21 han
141 569 48 21 dela
211 569 48 26 ljuft
282 569 39 21 och
336 569 45 20 ledt
400 569 49 20 med
464 569 32 21 sin
511 569 136 25 församling;
664 569 40 20 och
719 571 25 18 är
758 569 37 21 det
809 569 34 20 väl
858 569 44 20 rätt

77 598 38 20 och
138 597 69 27 billigt
229 599 38 22 att,
291 596 27 22 dä
340 597 151 27 församlingen
514 598 84 24 svälter,
623 599 97 24 prestens
740 597 92 27 aflöning
847 596 55 21 skall

76 626 55 27 stiga
153 626 49 20 med
226 626 40 20 100
289 626 42 26 %?
354 625 46 26 Nej,
417 626 36 20 det
468 628 24 18 är
508 626 90 26 obilligt.
628 626 43 20 Det
686 627 24 19 är
725 627 33 19 att
772 626 82 26 hoppas
869 625 33 20 att

77 654 25 22 de
124 654 62 21 flesta
207 656 84 24 prester
312 654 47 21 icke
380 654 51 26 vilja
453 654 144 27 tillgodogöra
618 654 32 26 sig
666 654 68 21 denna
748 654 89 25 förmån,
854 659 48 15 men

75 682 36 27 jag
126 683 39 20 har
185 683 42 26 mig
241 682 80 21 bekant
337 684 32 19 att
384 688 32 20 en,
432 683 124 26 visserligen
571 688 89 16 numera
675 682 76 21 afliden
767 683 134 26 tjensteman,

77 711 63 21 hvars
163 712 36 20 lön
220 717 38 14 var
280 711 64 21 ställd
359 710 27 27 pä
408 710 47 22 från
470 711 129 21 kommunen
614 710 106 28 utgående
736 710 102 27 spanmäl,
854 709 48 21 med

77 740 128 26 förtjusning
227 741 96 24 emottog
344 739 91 21 nödäret
456 740 54 21 1867
527 740 40 20 och
582 740 49 20 med
646 740 70 26 glädje
731 739 83 26 motsäg
829 738 73 26 hvarje

77 768 107 20 frostnatt.
214 768 42 20 Det
278 769 24 19 är
321 769 32 19 ett
367 768 118 26 beklagligt
498 768 91 26 faktum,
605 770 33 18 att
653 768 77 21 sädant
744 768 40 20 har
799 766 104 27 tilldragit

77 796 38 26 sig,
138 796 39 21 och
200 802 34 15 om
249 796 36 21 det
301 796 65 21 ocksä
380 796 57 21 blott
462 798 24 19 är
509 798 32 20 ett
556 796 90 22 enstaka
662 796 39 21 och
717 796 88 27 sällsynt
820 796 42 24 fall,
879 796 24 19 är

79 824 35 22 det
131 825 56 21 dock
202 824 65 27 något
281 830 46 15 som
343 825 116 21 ständerna
474 825 67 21 borde
557 825 79 21 beakta
652 825 34 20 vid
701 824 144 27 föreliggande
860 824 44 20 för-

78 853 52 27 slag.
160 852 33 22 Dä
213 853 37 27 jag
272 853 119 21 emellertid
412 853 47 21 icke
475 855 53 24 tror,
544 855 32 19 att
592 860 25 14 en
634 854 164 26 omgestaltning
812 853 8 20 i
834 852 70 21 denna

77 881 62 26 fräga
162 881 35 21 vid
218 881 139 21 förevarande
377 881 103 27 landtdag
495 882 43 20 kan
552 881 162 27 ifrägakomma,
730 881 40 21 och
785 881 37 20 det
836 880 67 21 finnes

78 909 126 22 kommuner
225 910 8 20 i
254 909 48 22 värt
324 910 56 25 land,
397 916 45 15 som
466 911 37 20 äro
519 910 23 21 sä
557 910 124 21 vanlottade
698 909 131 22 beträffande
845 909 59 20 kom-

78 938 191 25 munikationerna,
292 939 33 20 att
347 939 35 20 det
404 939 33 20 för
460 939 49 20 dem
530 939 7 20 i
552 939 82 26 vanligt
649 939 36 20 fall
702 940 24 19 är
741 945 26 14 en
781 938 75 24 fördel,
872 937 33 20 att

78 967 73 20 kunna
166 967 20 20 in
201 968 78 19 natura
293 966 71 21 aflöna
378 967 167 26 presterskapet,
562 967 24 20 sä
601 967 68 20 skulle
683 967 37 26 jag
735 967 50 26 vilja
795 966 110 21 vördsamt

78 995 69 21 uttala
169 995 43 20 min
235 995 54 26 äsigt
311 995 87 26 derhän,
422 997 33 19 att
477 996 7 20 i
499 995 11 28 $
527 995 12 21 3
554 995 24 21 af
590 995 49 21 nåd.
655 1001 61 20 prop.
732 995 68 21 skulle
815 993 49 28 ingå
879 999 26 15 en

78 1023 135 26 bestämning
235 1025 32 19 att
290 1023 25 21 de
338 1023 133 26 kommuner,
490 1030 46 15 som
552 1024 73 21 derom
640 1023 75 21 förena
730 1024 37 26 sig,
783 1023 68 21 skulle
867 1028 39 20 ega

78 1053 44 20 rätt
145 1053 32 20 att
200 1052 48 21 med
267 1054 32 19 ett
313 1051 91 22 fixeradt
419 1052 79 27 belopp
513 1052 71 21 aflöna
599 1053 46 20 sina
660 1054 90 24 prester.
781 1050 40 22 Om
836 1051 70 20 denna

77 1079 99 28 aflöning,
195 1086 45 15 som
256 1081 66 26 enligt
336 1081 103 26 förslaget
454 1081 101 21 skulleaf
568 1081 207 26 komunalstyrelsen
790 1079 115 27 uppbäras,

78 1108 67 21 borde
168 1109 55 20 dock
245 1109 129 21 bestämmas
396 1111 33 19 att
454 1109 40 21 den
514 1109 68 21 skulle
598 1109 38 21 ske
652 1109 99 21 samfäldt
766 1109 48 20 med
828 1108 79 21 krono-

78 1137 132 26 uppbörden,
226 1140 23 24 ty
264 1139 33 19 att
311 1138 70 20 lemna
396 1138 38 20 allt
448 1137 34 21 för
498 1139 59 20 stora
571 1137 217 27 uppbördskapitaler
802 1137 8 20 i
820 1142 26 15 en
857 1141 50 16 oan-

78 1165 70 26 svarig
162 1165 226 21 kommunalstämmas
403 1166 139 20 ordförandes
558 1166 88 25 händer,
662 1166 40 20 har
718 1165 81 21 bevisat
814 1165 32 25 sig
860 1164 47 20 icke

78 1199 53 15 vara
145 1193 115 26 praktiskt.
290 1194 41 26 Jag
346 1194 96 21 anhäller
458 1196 33 19 att
506 1194 25 21 R.
548 1200 19 15 o.
583 1194 26 21 A.
624 1194 50 21 ville
689 1194 75 21 förena
778 1193 32 26 sig
825 1192 7 21 i
848 1192 60 20 detta

78 1222 49 20 mitt
141 1222 87 26 förslag.

147 1250 32 21 Pä
201 1250 25 21 hr
245 1251 209 21 landtmarskalkens
469 1251 157 26 framställning
641 1251 72 21 beslöt
728 1250 86 21 ständet
828 1250 33 19 att
876 1254 33 15 re-

79 1279 87 20 mittera
181 1278 49 21 näd.
245 1285 60 20 prop.
322 1280 40 20 N:o
379 1280 26 20 19
420 1279 33 21 till
468 1280 46 26 lag-
522 1279 40 21 och
578 1279 214 25 ekonomiutskottet,
808 1277 33 21 till
856 1276 54 21 hvil-

79 1306 37 22 ket
131 1307 61 21 äfven
208 1307 25 21 hr
249 1308 92 20 Schildts
356 1308 100 26 yttrande
472 1308 69 20 skulle
552 1308 148 20 öfverlemnas.

151 1392 54 21 Näd.
228 1398 59 20 prop.
303 1392 41 21 N:o
367 1393 34 25 25,
425 1399 35 15 om
482 1392 116 27 bevillning
612 1393 34 21 för
660 1392 137 26 tillverkning
812 1391 22 21 af
848 1390 63 21 malt-

81 1420 96 27 drycker,
199 1421 148 21 remitterades
363 1423 51 19 utan
430 1421 122 21 diskussion
567 1421 32 21 till
614 1423 64 19 stats-
695 1421 39 21 och
750 1420 160 25 bevillningsut-

79 1448 96 26 skotten;
199 1449 32 20 till
253 1450 162 20 statsutskottet
437 1450 7 19 i
464 1450 100 20 afseende
580 1449 12 20 å
608 1449 100 26 yttrande
724 1455 34 14 om
773 1447 101 22 behofvet
890 1446 23 20 af

80 1477 40 20 den
133 1477 121 26 föreslagna
268 1477 149 26 bevillningen,
434 1479 56 19 samt
505 1477 32 21 till
552 1477 234 27 bevillningsutskottet
801 1476 33 21 för
850 1474 61 27 afgif-

79 1505 68 21 vande
170 1505 23 21 af
209 1505 112 22 utlätande
337 1511 35 15 om
387 1507 67 20 sättet
469 1506 40 21 och
525 1505 119 27 detaljerna
658 1505 34 22 för
708 1505 153 26 bevillningens
877 1504 34 19 ut-

79 1533 100 26 görande.
