1120 1767
386 132 15 18 R.
414 136 14 14 o.
442 132 15 17 A.
470 132 46 18 1885.
541 132 16 18 17
570 132 47 18 Mars.
844 132 41 21 413

90 202 40 20 den
147 200 169 21 internationella
331 200 91 21 handeln
437 200 39 22 har
487 203 31 19 ett
533 200 112 26 väsentligt
660 206 54 20 gagn
726 200 22 21 af
756 200 156 20 öfverensstäm-

90 229 77 22 mande
182 231 78 24 system
275 229 27 26 pä
318 228 58 21 detta
392 229 91 21 omräde.
515 228 76 22 Dertill
615 229 96 20 kommer
733 230 56 19 ännu
806 228 107 20 förmänen

91 258 22 22 af
126 264 26 15 en
168 256 75 27 vidgad
258 257 58 21 krets
330 256 47 22 utaf
390 257 47 21 dem
460 264 45 14 som
521 258 71 20 kunna
608 257 63 21 vinna
685 256 78 21 inblick
778 256 7 20 i
801 256 55 21 olika
871 256 44 20 län-

91 287 48 21 ders
155 285 137 21 ekonomiska
314 285 38 21 och
374 285 78 21 sociala
474 286 153 25 förhällanden,
650 284 80 22 hvilket
745 284 122 21 förutsätter
882 285 31 19 att

90 320 49 16 man
154 313 46 21 icke
223 314 27 26 pä
264 313 72 27 hvarje
355 316 46 24 steg
417 316 68 19 möter
499 313 132 22 främmande
646 313 145 26 expressioner
806 312 31 22 för
853 313 61 20 mätt-

90 342 126 26 begreppen.
248 342 41 21 Det
304 341 99 21 behöfves
418 342 133 26 sannerligen
567 343 18 25 ej
602 342 69 26 nägon
687 342 115 20 stormakts
818 340 95 27 pätryck-

90 371 47 25 ning
151 370 35 20 för
202 372 32 18 att
255 370 98 21 befordra
376 370 35 21 det
426 370 100 22 metriska
541 373 111 25 systemets
667 369 115 22 införande.
813 370 24 21 Vi
853 368 61 22 hafva

88 399 25 27 ju
127 400 42 20 sett
184 400 32 19 att
238 398 169 21 internationella
429 398 102 22 reformer
553 399 22 21 af
588 399 43 21 lika
650 398 54 27 syfte
720 398 128 25 genomförts
863 399 50 19 utan

91 427 57 27 dylik
168 427 73 26 grund.
272 426 26 21 Vi
313 427 33 21 mä
361 426 56 22 blott
432 427 69 21 erinra
517 434 34 14 oss
566 426 240 27 verldspost-reformen,
822 432 44 15 som
882 428 32 18 ut-

90 456 48 26 gick
152 455 46 21 frän
214 454 90 22 Schweiz
321 455 38 21 och
374 455 33 21 till
426 455 84 21 hvilken
527 456 41 20 alla
583 456 84 20 makter
682 455 82 21 anslöto
780 455 37 26 sig,
827 454 86 21 emedan

91 484 72 26 sjelfva
178 483 59 21 idöns
252 483 100 27 riktighet
367 484 72 26 gjorde
454 484 31 26 sig
500 484 97 25 gällande

159 512 62 21 Hvad
236 511 64 21 sedan
316 512 100 21 beträffar
431 512 25 21 de
472 513 103 25 påstådda
591 512 165 21 e'ägenheterna
771 511 21 21 af
801 518 28 14 nu
839 510 75 26 ifräga-

90 540 91 21 varande
204 540 84 25 reform,
312 542 36 19 äro
369 542 65 25 några
456 540 22 21 af
500 541 47 21 dem
570 540 22 22 af
613 542 67 20 större
697 540 112 26 betydelse,
827 545 45 15 men
888 538 26 21 de

90 568 61 22 flesta
166 568 22 21 af
199 568 150 26 jemförelsevis
364 568 66 27 ringa.
455 568 143 27 Obligatorisk
613 569 41 21 blir
669 568 158 26 tillämpningen
843 567 22 21 af
879 567 35 21 det

90 603 41 21 nya
146 598 101 25 systemet
262 596 173 27 hufvudsakligen
450 597 7 21 i
472 597 142 21 förhållandet
630 597 89 21 emellan
734 599 69 19 staten
819 596 38 21 och
874 595 39 21 den

91 625 101 25 enskilde,
210 624 136 27 obligatorisk
362 626 68 20 tillika
444 626 6 20 i
467 626 42 21 alla
523 626 80 21 sädana
617 625 43 25 fall,
678 626 37 20 der
729 625 46 21 icke
790 625 73 21 endast
879 624 35 20 det

90 653 40 21 fria
145 653 73 21 aftalet
232 653 88 21 emellan
335 656 76 19 tvenne
427 654 96 22 enskilda
537 654 103 21 individer
655 656 24 18 är
694 653 165 21 bestämmande.
889 652 25 21 Vi

90 681 62 22 hafva
166 684 43 18 sett
224 681 6 21 i
246 682 46 20 värt
308 684 46 24 eget
369 682 50 21 land
434 682 39 22 och
489 683 6 20 i
511 683 92 26 Sverige,
619 682 54 21 huru
689 682 40 20 den
745 688 39 15 ena
798 681 116 21 förändrin-

89 716 41 20 gen
154 709 52 22 efter
226 710 39 20 den
282 710 65 22 andra
361 710 100 22 särskildt
475 711 7 21 i
498 712 160 26 myntsystemet
673 710 67 21 blifvit
755 710 104 26 päbjuden
875 709 39 21 och

90 738 74 21 vunnit
179 738 139 27 tillämpning,
332 741 52 19 utan
400 741 31 19 att
446 740 54 20 dock
519 740 28 26 pä
568 739 62 26 länge
652 738 72 22 kunna
746 738 48 21 fulit
815 740 99 24 uttränga

91 766 58 21 äldre
165 766 65 21 tiders
247 766 150 22 värdemätare.
424 768 42 20 Det
481 770 24 18 är
519 768 46 21 icke
580 769 77 24 mänga
672 768 24 20 är
707 767 64 21 sedan
782 766 84 26 skilling
877 766 39 20 och

90 794 114 28 runstyeke
219 796 56 19 ännu
298 801 50 15 voro
364 796 112 26 uttrycken
491 796 33 21 för
539 796 145 21 varuvärdena
708 795 7 21 i
731 794 138 27 torghandeln
885 793 31 21 uti

91 822 91 27 Sverige,
198 822 66 22 ehuru
281 823 25 21 de
321 824 59 26 längt
394 824 57 21 förut
465 824 56 21 hade
535 824 68 21 blifvit
619 826 80 19 ersatta
714 824 47 20 med
772 823 65 21 andra
848 824 67 25 mynt-

90 851 88 21 valörer.
194 850 135 22 Beträffande
348 852 133 26 svärigheten
499 855 32 19 att
545 853 52 20 reda
611 853 31 25 sig
658 852 6 20 i
680 852 158 21 förhällandena
855 850 62 22 emel-

90 879 35 21 lan
141 879 83 21 debitor
247 880 39 20 och
309 880 94 21 kreditor
426 883 24 18 är
472 883 32 19 att
526 881 80 23 märka,
631 882 31 20 att
676 880 129 27 jemförande
821 878 94 23 tabeller,

90 907 132 27 tillgängliga
238 907 102 27 öfverallt,
363 909 118 21 uträknade
504 910 39 20 och
559 908 101 22 affattade
676 909 47 20 med
738 910 78 19 största
831 907 86 27 möjliga

89 935 91 26 klarhet,
196 936 72 21 städse
290 936 60 22 skola
372 939 51 24 göra
446 938 35 20 det
496 937 81 27 möjligt
591 936 34 22 för
640 937 46 25 den,
702 937 83 20 hvilken
801 936 65 21 hellre
881 935 36 21 vill

90 964 67 20 räkna
171 964 6 20 i
194 964 36 20 det
244 964 70 26 gamla
329 966 75 20 måttet
418 967 15 19 t.
450 972 38 20 ex.,
505 966 26 21 dä
547 966 36 20 det
598 965 66 27 gäller
679 965 101 27 spanmä!,
796 967 31 19 att
841 964 76 21 utreda

91 992 47 21 dess
153 992 77 26 belopp
247 992 66 26 enligt
329 994 35 20 det
386 1000 41 20 nya
446 995 81 20 mättet.
558 994 107 26 Pätagligt
680 996 24 18 är
719 995 31 19 att
765 993 45 21 icke
826 992 91 21 bestäm-

90 1020 102 26 ningarna
214 1020 7 20 i
244 1026 26 15 en
293 1021 64 21 sädan
379 1022 35 26 lag
436 1028 45 15 som
505 1022 39 22 den
565 1029 34 14 om
615 1023 178 26 metersystemets
807 1020 110 22 införande

90 1048 72 32 kunna
178 1048 132 22 omedelbart
323 1050 98 26 intränga
436 1050 6 21 i
462 1051 37 21 det
514 1050 106 22 allmänna
642 1050 154 22 medvetandet.
826 1049 92 21 Konser-

91 1078 101 20 vatismen
209 1079 24 19 är
248 1079 65 20 störst
328 1078 38 21 hos
382 1078 54 26 dem,
452 1079 81 21 hvilkas
544 1079 97 27 synkrets
652 1081 24 19 är
686 1079 68 25 träng,
764 1078 81 21 hvilkas
857 1077 60 21 verk-

91 1104 83 33 samhet
196 1107 36 19 rör
247 1106 31 26 sig
295 1107 7 20 i
316 1107 45 21 små
376 1106 153 28 förhällanden,
545 1107 39 21 och
599 1113 42 21 nog
656 1107 42 21 kan
715 1107 35 21 det
765 1106 63 22 räcka
844 1106 74 21 decen-

91 1139 46 15 nier
159 1133 39 21 och
221 1135 153 25 generationer,
391 1135 65 21 innan
477 1137 52 20 vära
550 1136 71 26 gamla
642 1142 64 14 namn
722 1134 38 22 och
775 1135 92 26 begrepp
883 1140 35 14 om

91 1162 60 24 mätt,
167 1162 42 21 mäl
225 1162 40 21 och
280 1163 43 26 vigt
337 1162 123 23 försvunnit.
487 1164 50 22 Men
553 1164 59 21 detta
627 1164 88 20 innebär
724 1163 46 21 icke
781 1165 55 19 ännu
848 1163 69 25 nägon

91 1189 112 27 anledning
218 1190 34 21 till
266 1191 99 27 farhägor
380 1192 34 20 vid
430 1192 36 21 det
480 1199 41 21 nya
536 1194 112 25 systemets
658 1192 115 21 införande.
796 1192 42 20 Det
848 1190 70 27 gamla

90 1217 69 21 häller
181 1218 31 26 sig
234 1218 7 21 i
264 1219 73 27 början
360 1220 98 26 parallelt
480 1221 49 21 med
545 1221 36 21 det
596 1227 50 21 nya;
663 1220 36 22 det
714 1226 41 21 nya
769 1222 37 24 gör
821 1218 98 26 ständiga

90 1245 101 33 framsteg
206 1246 40 22 och
262 1247 97 27 slutligen
375 1248 39 21 har
428 1255 50 15 man
492 1249 8 21 i
515 1249 42 21 alla
571 1255 77 20 grenar
666 1248 22 22 af
702 1248 40 22 den
757 1248 44 21 inre
816 1246 102 23 samfärd-

91 1273 52 27 seln,
159 1274 75 22 liksom
250 1275 7 21 i
273 1276 41 21 alla
329 1282 77 20 grenar
421 1277 22 21 af
457 1277 40 21 den
513 1276 172 22 internationella
700 1276 143 25 samfärdseln,
854 1274 65 26 infört

91 1303 32 20 ett
139 1304 85 25 system,
247 1310 46 15 som
316 1306 23 19 är
361 1305 106 26 grundadt
485 1306 27 26 pä
527 1305 159 27 vetenskapliga
701 1306 58 26 lagar
774 1304 39 22 och
828 1310 45 15 som
889 1302 29 22 af-

91 1330 85 26 lägsnar
191 1331 29 21 all
243 1332 77 26 onödig
341 1333 159 26 partikularism
522 1334 7 20 i
545 1334 56 21 detta
618 1334 121 22 hänseende
754 1339 43 16 som
813 1339 29 15 nu
857 1332 62 21 räder

91 1358 90 22 emellan
196 1366 35 14 oss
256 1360 40 22 och
318 1362 78 20 största
420 1362 60 21 delen
503 1362 23 22 af
544 1362 40 21 den
600 1362 66 27 öfriga
682 1362 128 22 civiliserade
825 1360 94 22 verlden.

90 1386 41 32 Jag
146 1388 65 26 vägar
234 1390 33 20 tro
290 1388 32 22 för
344 1390 43 20 min
403 1390 34 20 del
452 1392 32 19 att
499 1391 66 21 sädan
580 1396 93 20 gensaga
688 1392 44 20 mot
747 1390 110 24 reformen,
873 1394 46 14 som

91 1420 20 15 vi
126 1420 48 21 nyss
190 1415 57 27 hört,
263 1417 46 21 icke
331 1418 54 20 skall
409 1420 49 24 taga
473 1418 106 27 gestalten
594 1418 21 22 af
630 1421 31 19 ett
677 1419 85 27 positivt
777 1416 142 28 afstyrkande,

91 1444 53 20 utan
159 1445 32 19 att
207 1444 40 21 den
263 1446 125 21 ständernas
403 1446 127 27 tillstyrkan,
546 1453 45 15 som
607 1446 66 28 ligger
688 1447 32 21 till
731 1446 67 28 grund
808 1446 32 21 för
851 1445 69 21 denna

91 1466 48 34 näd.
164 1478 59 26 prop.
249 1473 55 21 skall
328 1474 65 21 varda
408 1474 7 21 i
430 1475 32 21 sin
487 1475 57 21 kraft
558 1475 120 22 bibehållen
708 1476 39 20 och
762 1477 32 19 att
818 1480 49 15 man
892 1479 29 15 nu

91 1499 54 21 skall
160 1500 73 22 skrida
248 1501 32 21 till
292 1504 112 25 systemets
419 1503 170 26 genomförande.
