1123 1767
373 140 16 18 R.
403 145 15 14 0.
432 140 16 18 A.
461 140 46 19 1885.
532 140 18 18 12
563 140 47 19 Mars.
835 141 40 22 385

71 210 34 22 sin
128 208 81 22 arbets-
233 208 51 22 eller
306 208 188 28 bysättningsdom
516 208 34 21 till
572 207 162 27 verkställighet
756 208 28 26 på
799 214 26 16 en
839 208 67 22 sådan

72 238 38 25 tid,
134 237 27 21 då
184 237 40 21 den
246 236 155 28 värnepligtige
423 237 47 21 icke
493 237 39 21 har
553 238 33 20 att
604 238 69 20 motse
687 236 146 28 tjenstgöring.
863 236 43 22 Det

73 266 56 22 enda
143 265 43 27 fall,
202 265 27 22 då
244 272 26 14 en
284 265 114 27 borgenär,
416 265 88 21 oaktadt
520 264 29 22 all
564 264 108 26 omtanke,
688 264 47 22 icke
750 265 69 21 skulle
833 265 73 21 kunna

72 294 94 22 undvika
189 300 26 15 en
230 294 66 21 sådan
317 293 139 22 eventualitet
472 296 23 19 är
511 294 42 26 det,
570 294 27 20 då
613 293 146 26 krigsmakten
774 293 131 21 mobiliseras

72 322 34 22 för
127 322 115 21 infallande
264 322 56 26 krig;
344 328 49 15 men
416 323 32 20 att
472 328 26 15 en
521 321 148 27 värnepligtig,
688 327 45 15 som
749 321 96 27 frigifvits
860 321 46 22 från

74 350 198 28 bysättningshäkte
288 350 53 22 eller
356 350 138 26 arbetstvång
509 350 33 21 för
558 352 32 19 att
605 351 51 25 tåga
670 351 24 19 ut
704 350 33 20 till
747 350 53 26 krig,
811 351 24 21 så
844 350 62 26 länge

74 379 99 26 fälttåget
196 385 67 20 varar,
288 378 54 22 skall
358 378 62 22 hafva
445 378 60 22 detta
520 378 187 22 Damokles-svärd
722 378 111 27 hängande
850 378 57 22 öfver

74 407 39 22 sitt
127 406 81 22 hufvud
223 407 39 21 och
277 409 49 19 veta
342 408 32 20 att
388 406 50 27 han,
455 413 34 15 om
504 407 44 21 han
564 406 49 22 med
627 406 60 22 lifvet
702 408 115 26 genomgår
831 407 76 26 kriget,

75 436 54 21 efter
152 436 47 20 dess
222 435 42 21 slut
286 436 68 20 måste
376 436 48 20 åter
438 435 86 22 inträda
539 435 7 20 i
561 435 66 21 häkte
643 434 52 22 eller
710 435 48 21 med
773 436 73 21 arbete
861 436 47 19 åter

75 464 93 27 vidtaga,
185 463 59 22 detta
260 469 61 22 synes
336 463 43 26 mig
396 463 54 22 dock
466 465 81 24 ganska
563 463 128 21 barbariskt.
718 463 10 21 I
743 463 42 22 alla
796 463 66 26 öfriga
872 462 36 21 fall

75 493 43 21 kan
134 499 25 14 en
168 492 105 26 borgenär
288 492 48 21 med
351 491 79 22 lätthet
445 492 67 21 räkna
528 494 30 24 ut,
574 491 105 22 huruvida
692 491 53 22 hans
755 491 102 27 gäldenär
867 493 19 19 är
900 490 7 21 i

77 521 41 21 den
133 520 59 22 ålder
204 523 32 18 att
247 521 36 20 det
294 522 23 19 är
328 522 32 19 att
371 519 73 22 befara
455 522 33 19 att
498 521 41 20 han
551 520 56 21 skall
616 519 69 22 kallas
694 521 21 20 in
726 519 33 22 till
769 519 139 28 tjenstgöring

77 549 52 21 eller
144 548 98 27 lottning.
267 549 42 21 Det
324 551 24 19 är
363 549 7 20 i
386 549 115 26 synnerhet
516 549 7 20 i
539 549 59 21 detta
608 548 133 21 sistnämnda
751 548 42 26 fall,
804 548 105 26 nämligen

78 577 28 22 då
122 577 138 27 värnepligtig
276 577 67 21 kallas
359 577 33 21 för
407 579 33 19 att
456 577 86 26 deltaga
556 577 7 20 i
579 577 92 26 lottning
679 577 34 21 vid
724 575 185 28 uppbådstillfälle,

78 611 46 16 som
146 611 50 15 man
218 607 70 20 ansett
311 605 36 21 det
369 612 51 14 vara
435 605 84 27 obilligt
534 607 33 19 att
581 605 42 21 han
639 605 46 21 icke
701 605 68 22 skulle
784 605 53 21 efter
852 605 59 21 verk-

78 633 64 22 ställd
156 633 127 28 förrättning
298 633 132 22 återinträda
444 634 7 20 i
466 633 200 28 bysättningshäkte
681 634 40 21 och
736 633 101 22 likaledes
852 633 8 20 i
875 633 36 21 det

78 661 38 22 fall
132 662 26 21 då
173 662 42 21 han
234 662 68 21 blifvit
316 662 96 21 inkallad
427 662 33 21 för
475 664 33 19 att
522 662 92 27 fullgöra
629 662 32 21 sin
677 662 65 27 tjenst
757 662 34 21 vid
806 667 104 16 reserven.

79 691 41 26 Jag
135 690 115 27 medgifver
266 691 63 20 också
345 692 32 19 att
392 691 7 20 i
416 691 62 20 dessa
494 691 36 21 fall
546 690 139 27 obilligheten
701 690 22 21 af
736 692 32 19 att
780 691 44 21 låta
833 690 79 21 honom

80 719 55 27 ånyo
151 719 95 26 undergå
260 719 123 27 bysättning
399 719 52 21 eller
466 719 74 21 arbete
555 718 34 22 för
603 725 82 15 samma
699 719 50 26 gäld
763 719 46 21 icke
824 724 51 16 vore
889 718 24 21 så

80 749 46 20 stor
148 753 46 15 som
209 746 7 22 i
234 747 25 21 de
275 747 42 26 fall,
334 747 27 21 då
376 747 42 21 han
434 747 173 22 kommenderats
623 749 24 19 ut
662 747 7 21 i
684 747 47 27 krig
747 747 52 22 eller
813 746 100 22 inkallats

81 775 7 22 i
104 775 58 22 aktiv
177 775 146 27 tjenstgöring,
339 782 48 15 men
402 775 8 21 i
426 775 62 22 dessa
503 775 37 22 fall
556 778 23 19 är
594 776 64 21 också
669 776 41 21 den
720 775 109 28 praktiska
839 776 75 26 nyttan

82 803 23 22 af
123 805 31 20 ett
170 803 68 28 dylikt
252 804 118 27 stadgande
386 804 63 26 högst
463 804 61 21 liten.
553 804 41 26 Jag
609 804 39 21 ber
663 804 98 27 slutligen
776 806 56 19 ännu
848 805 32 19 att
893 802 22 21 få

82 834 78 19 nämna
182 838 35 15 om
241 839 25 15 en
286 832 154 27 inkonseqvens
456 832 7 21 i
479 833 165 21 reservationen.
674 833 43 21 Det
731 832 123 27 stadgande,
870 837 45 15 som

82 863 170 23 reservanterne|
268 860 79 22 föreslå
374 863 23 18 är
424 860 69 22 afsedt
518 862 33 20 att
579 861 95 27 vidfogas
696 862 13 20 2
734 861 11 27 &
769 861 8 20 i
802 861 40 20 den
866 859 48 21 nåd.

83 895 59 21 prop.
165 889 40 21 och
220 889 84 21 komme
319 889 83 21 således
418 891 32 19 att
466 889 7 20 i
488 889 91 22 fredstid
594 889 77 22 endast
685 889 56 27 gälla
755 889 34 21 för
802 888 114 27 krigsmän,

84 923 49 15 men
148 917 46 21 icke
209 917 33 21 för
257 917 26 21 de
298 917 32 21 till
345 917 147 26 krigsmakten
506 917 95 22 hörande
612 917 60 22 civile
683 918 174 27 tjenstemännen.
882 915 35 22 Nu

85 945 85 26 stadgas
193 945 7 21 i
224 946 12 21 3
256 946 12 26 &
293 946 22 21 af
335 945 102 28 förslaget
452 946 67 26 enligt
533 946 118 21 utskottets
666 946 133 21 betänkande
815 947 32 20 att
861 943 57 22 hvad

85 973 8 22 i
108 973 26 22 de
149 974 37 21 två
200 973 128 28 föregående
342 975 24 25 SS
384 976 23 19 är
423 975 101 26 stadgadt
538 974 7 21 i
561 975 91 26 krigstid
667 975 64 21 också
745 974 54 21 skall
815 973 56 27 gälla
886 972 32 21 för

86 1001 80 22 enhvar
189 1009 76 18 annan,
288 1009 45 14 som
352 1002 33 21 till
399 1003 145 26 krigsmakten
560 1003 69 21 hörer.
660 1003 89 26 Följden
764 1002 63 21 häraf
840 1004 24 19 är
879 1002 38 25 att,

86 1030 54 22 efter
155 1030 81 21 slutadt
251 1031 81 26 fälttåg,
347 1031 67 26 enligt
423 1033 173 19 reservanternes
607 1031 84 27 förslag,
703 1030 139 28 värnepligtig
852 1029 66 26 krigs-

86 1065 50 15 man
152 1065 50 15 vore
217 1059 83 27 skyldig
315 1061 32 19 att
362 1059 134 21 återinträda
511 1059 7 21 i
534 1059 65 22 häkte
615 1059 52 22 eller
682 1059 85 27 vidtaga
781 1059 48 21 med
839 1057 80 26 arbete,

86 1093 49 15 men
160 1087 95 22 deremot
278 1088 26 21 de
326 1087 61 22 civile
406 1088 136 26 tjenstemän,
557 1088 72 21 hvilka
644 1088 106 21 måhända
764 1088 32 21 för
811 1087 109 25 fälttågets

87 1115 57 22 skull
166 1115 88 22 befriats
276 1116 46 21 från
346 1116 129 27 bysättning,
496 1116 69 21 skulle
579 1116 132 21 fortfarande
725 1115 64 22 blifva
804 1115 46 22 fria.
880 1114 40 26 Jag

87 1143 43 22 kan
152 1143 47 22 icke
221 1144 45 21 inse
284 1146 32 19 att
331 1145 66 26 något
412 1145 46 20 skäl
474 1145 70 21 skulle
559 1144 68 22 finnas
642 1144 33 22 för
691 1151 25 15 en
732 1145 67 21 sådan
815 1143 56 22 olika
885 1142 36 21 be-

88 1171 102 28 handling
212 1172 23 21 af
255 1173 26 21 de
304 1173 60 21 civile
388 1173 40 21 och
444 1173 93 21 militäre
554 1173 166 22 medlemmarne
735 1172 22 22 af
769 1171 151 28 krigsmakten.

88 1200 44 21 För
154 1200 41 21 den
217 1201 101 21 händelse
343 1203 32 19 att
398 1201 25 21 R.
442 1207 18 15 o.
478 1202 26 20 A.
520 1201 85 22 komme
621 1203 32 20 att
668 1201 81 22 skänka
764 1201 37 20 sitt
815 1199 60 22 bifall
890 1198 33 21 till

88 1229 165 26 reservationen,
277 1229 37 21 ber
334 1229 37 27 jag
395 1229 71 22 derför
484 1231 33 20 att
532 1229 21 22 få
568 1229 106 28 tillstyrka
689 1232 32 19 att
735 1227 145 24 betänkandet
896 1227 27 21 då

89 1257 67 21 måtte
178 1257 130 22 åtminstone
330 1258 172 21 återremitteras
517 1258 33 21 för
565 1260 32 19 att
613 1258 120 21 omarbetas
748 1257 7 21 i
771 1257 36 22 det
821 1255 55 28 syfte
892 1256 32 20 att

89 1285 57 21 hvad
167 1287 161 20 reservanterne
349 1286 65 21 hafva
436 1286 111 27 föreslagit
569 1286 33 21 för
616 1286 107 27 krigsman
739 1286 63 21 också
817 1285 35 21 må
867 1283 57 28 gälla

90 1313 33 21 för
146 1313 25 21 de
193 1313 33 21 till
248 1314 146 26 krigsmakten
416 1315 98 21 hörande
530 1315 59 21 civile
605 1315 177 27 tjenstemännen.
812 1313 44 21 För
871 1317 53 21 egen

91 1341 34 22 del
140 1341 39 21 ber
191 1342 38 26 jag
244 1342 119 22 emellertid
378 1342 21 22 få
415 1342 87 22 förorda
516 1343 117 21 utskottets
648 1343 140 21 betänkande.

160 1369 33 21 Hr
216 1370 154 27 Schauman,
394 1371 40 21 M.:
457 1371 11 21 I
491 1371 120 21 hufvudsak
633 1371 92 27 gillande
744 1371 40 21 den
799 1370 47 22 nåd.
864 1374 59 21 prop.

92 1397 39 22 och
146 1398 117 22 utskottets
278 1398 147 28 betänkande,
438 1399 38 21 ber
490 1400 38 26 jag
543 1400 54 21 dock
613 1401 32 19 att
661 1400 96 21 deremot
766 1398 21 22 få
797 1400 52 26 göra
859 1397 67 25 några

91 1426 171 26 anmärkningar.
293 1427 10 21 I
326 1427 68 21 likhet
414 1428 48 21 med
478 1427 48 22 frih.
542 1428 79 21 Wrede
636 1434 62 15 anser
713 1428 60 21 äfven
787 1427 42 27 jag,
846 1426 32 20 att
893 1426 34 30 ut-

92 1454 82 22 skottet
188 1454 47 22 icke
251 1461 41 21 nog
308 1456 108 26 behjertat
431 1457 13 25 &
460 1456 13 21 2
489 1456 7 21 i
512 1456 52 26 kejs.
581 1456 151 27 förordningen
747 1456 22 21 af
783 1456 40 20 den
839 1454 28 20 23
882 1452 44 22 Juli

94 1484 62 25 1868,
172 1484 109 26 angående
304 1484 113 26 gäldenärs
442 1484 122 27 skyldighet
579 1486 32 20 att
625 1484 35 22 vid
675 1484 109 22 bristande
798 1482 130 26 betalnings-

92 1511 91 27 tillgång
207 1511 80 27 aftjena
302 1512 31 21 sin
350 1512 62 21 skuld
428 1513 49 21 med
494 1512 75 22 arbete
584 1513 52 21 eller
651 1513 71 21 derför
736 1512 95 26 undergå
846 1510 81 27 bysätt-

92 1540 56 26 ning.
179 1540 11 20 I
212 1540 11 27 $
240 1540 12 21 2
268 1540 22 22 af
303 1540 139 22 förenämnda
457 1540 126 28 förordning
597 1541 87 27 stadgas
699 1541 113 26 nämligen:
830 1539 53 25 ,Att
898 1536 29 22 af-

163 1576 43 19 N:o
224 1582 31 13 12.
836 1579 22 17 25
