1117 1770
242 126 41 22 122
504 127 17 18 R.
533 131 15 14 0.
561 127 16 19 A.
591 127 47 20 1885.
653 123 12 34 —
673 127 17 18 31
703 127 35 18 Jan.

211 194 84 22 svårast
312 194 131 22 beskattade.
459 194 11 22 I
484 194 82 28 princip
581 197 25 19 är
621 195 60 21 detta
695 194 88 22 alldeles
797 195 64 27 ingen
876 194 70 28 nyhet,
962 197 23 25 ty
998 194 41 22 den

210 222 143 22 förekommer
367 222 7 22 i
389 223 40 21 den
444 223 122 22 nuvarande
580 223 110 22 kamerala
704 223 158 27 lagstiftningen
877 223 67 22 under
954 223 85 22 benäm-

211 250 79 28 ningen
312 250 156 29 ,förmedling*.
505 251 99 28 Nyheten
623 252 68 21 skulle
709 252 56 26 ligga
780 252 45 21 deri
840 254 33 19 att
887 251 152 27 förmedlingen

211 279 81 21 skedde
307 278 54 22 efter
375 286 26 15 en
416 280 77 22 allmän
509 280 50 27 plan
574 280 40 22 och
630 280 58 22 öfver
703 280 154 22 vidsträcktare
873 280 105 22 områden.
996 280 44 21 Hu-

211 307 76 22 ruvida
302 307 41 21 den
357 308 84 22 komme
456 310 32 20 att
495 308 88 22 äsamka
598 308 129 22 statsverket
741 309 69 26 någon
825 308 133 28 synnerligen
972 308 66 21 känn-

211 335 40 22 bar
273 335 119 28 minskning
406 336 7 22 i
428 337 99 24 inkomst,
547 337 43 21 kan
605 343 51 15 vara
670 338 59 20 svärt
743 339 32 19 att
791 337 106 21 bestämdt
912 339 56 25 säga.
997 336 42 27 Jag

211 364 37 22 vill
271 364 64 22 likväl
354 367 77 19 nämna
445 367 32 20 att
493 365 22 22 af
529 365 26 22 de
573 366 92 26 700,000
679 365 138 26 skatterubel,
833 365 84 21 hvartill
933 360 106 26 ordinarie

211 392 93 22 räntan
294 388 13 37 i
319 392 48 23 hela
381 393 72 22 landet
468 394 87 27 belöper
570 393 38 27 sig,
623 394 76 21 endast
713 394 66 26 något
799 394 59 21 öfver
873 394 91 26 400,000
978 393 61 22 rubel

212 420 61 28 ingår
295 421 7 21 i
316 421 199 28 kronouppbörden,
538 423 90 21 emedan
649 422 123 22 återstoden
788 424 86 24 utgöres
889 422 22 21 af
924 422 115 25 rustnings-

212 451 75 20 räntor
303 449 52 22 eller
369 450 66 21 sädan
449 452 69 25 ränta,
533 457 47 14 som
595 452 24 19 är
634 451 57 20 äsatt
706 451 92 20 kronans
814 457 54 20 egna
876 450 105 21 domäner.
998 449 41 22 Om

212 483 51 16 man
278 483 29 16 nu
322 480 88 25 antager
425 481 32 19 att
471 478 23 23 af
507 479 62 21 dessa
584 479 93 25 400,000
691 478 132 22 skatterubel
839 479 54 21 dock
908 478 46 21 icke
969 479 70 26 nägon

213 505 72 23 alltför
307 508 46 20 stor
367 507 34 22 del
416 507 68 22 skulle
506 507 27 27 gä
548 506 94 23 förlorad
657 513 76 21 genom
749 513 26 15 en
790 507 130 21 allmännare
934 506 106 21 utsträckt

212 533 134 29 förmedling,
361 535 40 22 och
416 536 59 21 detta
490 535 120 27 antagande
618 535 42 22 kan
675 542 49 15 man
738 536 48 21 med
801 535 47 22 skäl
862 535 62 22 stöda
934 535 65 27 derpä
1006 536 33 20 att

212 569 28 15 en
255 563 94 28 betydlig
364 563 34 22 del
413 564 22 21 af
449 564 72 22 landet
535 564 46 21 icke
597 564 35 21 vid
648 564 69 21 denna
731 563 127 28 förmedling
872 563 67 22 skulle
954 563 86 22 komma

212 591 9 21 i
234 591 61 27 fräga
317 593 40 20 och
377 591 34 22 för
426 592 67 28 öfriga
506 593 83 21 trakter
604 592 46 22 icke
665 592 28 21 all
708 594 62 19 ränta
785 592 67 21 skulle
868 591 88 28 aflyftas,
972 604 28 3 —
1016 592 24 21 sä

213 625 63 16 anser
288 620 38 27 jag
341 620 41 27 mig
397 621 72 22 kunna
483 621 68 22 uttala
566 621 41 21 den
622 620 153 28 öfvertygelsen
791 623 32 19 att
830 621 133 26 statsverket,
975 619 65 22 bland

212 647 66 23 hvars
299 648 171 23 inkomst-källor
488 649 136 28 jordskatten
645 655 88 16 numera
755 649 46 21 icke
816 651 63 24 utgör
894 655 25 15 en
934 649 24 21 sä
972 649 67 20 öfver-

213 677 96 26 vägande
331 677 40 22 ock
392 678 24 21 sä
437 678 66 27 vigtig
522 677 33 22 del
571 684 46 15 som
632 677 141 26 fordomtima,
789 677 40 22 bör
844 678 71 20 kunna
929 677 69 22 tilläta
1012 683 27 15 en

213 705 25 22 sä
260 705 109 22 beskaffad
391 706 162 27 skattelindring
595 706 41 27 Jag
658 706 79 21 uttalar
753 706 58 21 detta
826 705 132 28 naturligtvis
972 705 68 22 under

212 732 40 22 full
274 734 129 21 reservation
425 735 33 21 för
480 735 40 22 den
545 734 62 27 äsigt,
636 741 52 20 som,
714 734 53 22 efter
791 741 26 14 en
843 733 132 27 omsorgsfull
1000 733 40 22 och

213 760 124 29 fullständig
367 763 97 27 —pröfning
485 763 23 22 af
528 763 165 26 förhållandena,
717 763 42 21 kan
781 763 57 21 inom
854 762 82 22 landets
950 761 89 28 styrelse

228 792 38 20 öra
289 790 32 27 sig
341 791 103 26 gällande.
474 791 77 22 Tillika
573 797 62 16 anser
647 791 38 27 jag
700 791 42 27 mig
757 791 52 21 böra
824 793 112 19 omnämna
951 793 32 19 att
998 790 41 21 den

233 819 47 26 åga,
299 825 46 15 som
360 819 23 22 af
395 819 26 22 hr
436 820 66 21 baron
517 820 78 21 Wrede
610 819 68 22 blifvit
693 826 28 15 nu
735 819 7 21 i
758 819 59 22 detta
832 819 62 22 stånd
909 819 68 26 väckt,
992 818 48 22 icke

213 847 92 27 undgätt
326 847 113 28 styrelsens
454 848 194 27 uppmärksamhet.
671 848 70 21 Sedan
755 848 96 21 sistlidne
866 849 37 20 vär
917 847 67 22 finnes
999 847 41 21 till-

214 877 44 19 satt
280 882 27 14 en
322 875 80 22 komit6
416 876 21 22 af
451 877 35 21 nio
502 877 132 25 sakkunniga
649 883 110 20 personer:
776 876 152 25 kameralister,
941 875 99 27 jordbru-

213 903 59 28 kare,
292 903 142 23 landtmätare
449 905 39 21 och
500 904 94 28 jurister,
610 904 85 22 hvilken
710 904 80 22 komitö
804 904 40 22 har
858 904 32 21 till
905 904 81 27 uppgift
1001 904 38 26 att,

212 931 67 27 jemte
301 932 156 28 undersökning
481 933 23 22 af
517 934 26 20 de
558 933 85 27 möjliga
658 933 105 21 bristerna
777 933 7 20 i
799 932 83 22 landets
896 931 145 23 landtmäteri-

213 959 132 29 författning,
361 960 76 28 afgifva
451 962 100 27 yttrande
564 961 93 21 rörande
671 961 84 21 landets
770 960 194 22 kataster-väsende.
993 960 47 21 Den

214 988 83 28 åtgärd,
319 989 85 22 hvilken
427 990 141 27 petitionären
591 989 174 27 hutvudsakligen
781 990 95 26 päyrkat,
892 991 24 19 är
930 988 90 22 sålunda
1033 988 9 21 i

214 1016 74 27 sjelfva
303 1017 73 22 verket
391 1018 105 27 vidtagen,
511 1018 106 27 nämligen
633 1018 150 21 nedsättandet
798 1018 22 21 af
827 1024 26 15 en
864 1018 79 21 komité
958 1017 32 21 för
1005 1018 36 20 än-

214 1045 100 27 damålet,
337 1046 67 21 ehuru
418 1046 7 21 i
441 1047 151 26 sammanhang
607 1047 48 21 med
669 1046 249 21 landtmäteriväsendets
933 1045 106 27 reorgani-

214 1074 77 21 sation.
312 1086 26 3 —
357 1074 41 27 Jag
413 1077 122 19 omnämner
551 1075 60 21 detta
625 1074 118 22 emellertid
758 1073 235 28 ingalunda
878 1069 12 37 i
901 1073 91 28 ändamål
1009 1074 45 20 att"

214 1101 95 29 afstyrka
331 1102 242 28 petitionsmemorialets
596 1103 74 21 remiss
691 1103 32 21 till
744 1103 89 21 utskott.
864 1102 100 22 Tvärtom
980 1107 61 16 anser

212 1130 38 27 jag
272 1130 37 22 det
331 1131 135 27 synnerligen
481 1131 91 27 önskligt
587 1133 32 19 att
634 1131 83 21 landets
733 1131 87 21 ständer
835 1130 68 22 uttala
918 1130 32 27 sig
964 1137 35 15 om
1015 1130 27 21 de

214 1158 108 22 allmänna
344 1160 139 26 principerna,
506 1160 89 21 emedan
617 1160 41 21 den
679 1159 85 26 reform,
786 1166 47 14 som
848 1160 38 20 här
901 1161 24 19 är
939 1159 6 21 i
960 1158 60 27 fråga
1034 1158 8 21 i

214 1186 42 22 alla
281 1187 113 22 händelser
415 1188 34 21 för
470 1188 31 22 sin
516 1188 86 26 slutliga
617 1188 82 26 lösning
715 1188 106 21 erfordrar
836 1188 206 26 representationens

214 1216 136 21 medverkan.
374 1216 41 27 Jag
436 1216 33 21 får
483 1216 56 21 blott
554 1216 85 21 anhålla
653 1218 32 19 att
701 1216 26 21 de
742 1216 138 27 synpunkter,
892 1216 37 26 jag
944 1214 99 23 framhål-

213 1243 32 27 lit,
261 1245 68 20 måtte
344 1243 21 23 få
379 1244 74 27 åtfölja
469 1245 107 21 remissen.

284 1271 57 22 Frih.
367 1273 99 26 Wrede,
492 1273 24 21 O.
539 1273 32 20 A.:
587 1273 34 21 Då
640 1273 37 26 jag
691 1272 130 21 framställde
837 1271 49 22 mitt
900 1271 143 28 petitionsme-

214 1299 83 28 morial,
322 1301 24 20 så
370 1301 74 26 gjorde
464 1301 37 27 jag
523 1301 36 21 det
577 1301 116 26 ingalunda
707 1301 68 21 under
790 1301 40 20 den
846 1300 150 25 förutsättning
1012 1300 32 20 att

214 1327 48 22 icke
284 1328 165 27 anmärkningar
472 1329 95 21 deremot
591 1328 70 22 kunde
680 1330 63 25 göras
758 1328 39 22 och
813 1330 33 20 att
860 1328 118 21 detsamma
992 1329 52 19 utan

214 1356 82 21 sådana
311 1356 68 22 skulle
399 1357 23 21 af
442 1357 85 21 ståndet
542 1357 107 21 omfattas.
672 1358 42 20 Det
728 1356 90 22 berörde
833 1357 28 27 på
876 1358 31 20 ett
922 1355 72 22 alltför
1008 1361 36 21 ge-

214 1384 155 28 nomgripande
383 1387 45 19 sätt
443 1386 26 21 de
484 1385 147 22 förhållanden
646 1385 40 21 och
700 1384 85 26 former,
801 1391 46 15 som
864 1384 55 27 ligga
934 1384 32 21 till
976 1384 69 26 grund

214 1411 34 22 för
263 1413 47 21 vårt
325 1413 69 26 gamla
406 1414 289 26 jordbeskattningsväsende
709 1413 33 21 för
757 1415 32 19 att
803 1413 47 21 icke
865 1412 47 22 fullt
926 1412 74 27 giltiga
1010 1418 36 15 an-

214 1440 139 28 märkningar
368 1442 97 21 deremot
478 1442 71 21 kunde
564 1444 69 25 göras.
658 1442 43 21 Det
715 1441 139 26 förhällande,
870 1447 45 15 som
930 1440 49 22 mitt
993 1440 53 27 peti-

214 1468 138 28 tionsförslag
373 1470 86 27 åsyftar,
479 1470 106 27 nämligen
601 1472 32 20 att
644 1470 215 27 jordbeskattningen
874 1469 7 21 i
896 1469 73 21 landet
984 1468 62 27 utgår

214 1496 55 22 efter
291 1498 84 26 ojemna
399 1498 106 28 principer
530 1498 39 22 och
593 1498 102 27 metoder,
711 1500 25 20 är
751 1498 46 22 icke
812 1499 70 25 någon
897 1497 73 27 nyhet;
987 1496 59 22 detta

213 1524 134 24 förhållande
371 1526 40 22 har
435 1527 60 27 gifvit
519 1527 32 27 sig
575 1526 87 28 uttryck
677 1526 7 22 i
701 1526 52 22 flere
777 1526 115 27 petitioner
916 1532 35 14 om
974 1524 72 28 sjelfva
