1061 1678
384 114 76 21 Ryska
470 114 134 20 handlingar.
867 107 44 21 469

80 185 53 18 utan
156 189 77 14 censur
254 183 6 20 i
283 182 105 21 särskilda
410 182 77 29 afdrag
509 183 34 20 för
565 185 32 18 att
618 183 32 20 till
673 182 121 22 Ständerna
819 181 93 24 utdelas,

81 210 74 21 hvilka
177 210 76 28 afdrag
275 211 78 21 vunnit
375 210 119 23 vidsträckt
516 211 113 28 spridning
651 211 41 22 och
711 211 58 28 gjort
784 210 59 21 detta
858 210 52 21 tal
900 206 15 37 i

81 239 115 28 tillräcklig
211 239 48 21 mån
276 239 87 21 allmänt
378 239 73 22 kändt.

283 290 193 29 Generaladjutant
491 291 70 21 Furst
578 291 130 28 Obolenskij.

585 336 176 22 Kanslidirektor
777 337 64 27 Seyn.

255 377 171 28 Öfversättningens
439 382 89 23 riktighet
539 382 104 23 bestyrker:
657 382 26 18 H.
695 382 22 18 E.
730 381 110 19 Heideman.

152 445 70 21 Sedan
245 445 129 21 skrifvelsen
396 445 73 21 blifvit
491 445 92 28 uppläst,
598 444 109 22 lemnades
723 445 29 28 på
767 444 94 28 begäran
877 452 35 13 or-

82 473 37 22 det
135 473 22 21 åt

151 530 35 21 Hr
200 530 75 21 Alexis
291 529 202 29 Gripenberg,
508 538 45 13 som
575 531 96 28 yttrade:
701 530 53 21 Med
779 530 103 21 afseende
897 529 14 22 å

82 559 45 28 det]
142 559 103 27 märkliga
265 559 117 21 innehållet
397 560 5 19 i
420 559 70 21 denna
512 559 115 21 skrifvelse
649 559 96 22 anhåller
767 560 36 27 jag
821 561 32 19 att
868 559 42 21 den

83 587 67 22 måtte.
166 587 127 28 bordläggas
309 587 32 21 till
356 589 62 20 nästa
433 588 163 21 sammanträde.

152 645 34 21 Hr
201 645 56 21 Axel
272 645 110 21 Antell
398 645 146 22 understödde
560 645 70 22 denna
646 645 105 22 anhållan.

153 702 32 21 På
207 702 34 21 Hr
263 702 219 21 Landtmarskalkens
506 702 158 28 framställning
679 702 68 21 beslöt
762 702 26 21 R.
804 710 18 13 o.
837 703 27 20 A.
879 704 32 19 att

87 730 117 28 bordlägga
220 730 157 22 ofvanberörda
393 730 115 22 skrifvelse
523 730 32 22 till
571 732 60 20 nästa
647 730 92 28 plenum.

388 856 72 28 Ryska
475 856 128 28 handlingar.

153 914 83 22 Vidare
260 914 126 21 meddelade
406 914 35 21 Hr
456 914 209 21 Landtmarskalken
682 917 30 18 att
727 914 43 21 han
785 914 48 21 från
848 913 65 22 Hans

83 943 116 21 Excellens
237 942 230 28 Generalguvernören
507 944 99 27 mottagit
646 950 26 14 en
702 942 115 22 skrifvelse
847 943 66 27 jemte

83 979 27 13 en
136 971 123 21 densamma
285 971 71 28 bilagd
382 971 87 21 afskrift
494 971 23 21 af
542 975 31 17 ett
596 971 108 21 handbref
728 972 32 20 till
783 974 15 18 t.
815 971 15 21 f.
843 970 70 23 Vice-

84 1000 144 21 ordföranden
244 1000 6 20 i
267 1000 122 27 Kejserliga
404 999 106 22 Senatens
526 1000 33 21 för
574 1000 93 21 Finland
690 1000 224 27 Ekonomiedeparte-

83 1031 65 24 ment,
163 1028 73 21 hvilka
251 1028 132 26 skrifvelser,
398 1028 38 21 här
452 1029 56 20 efter
522 1028 121 21 hvarandra
665 1029 93 27 intagna,
773 1029 7 20 i
796 1028 118 21 öfversätt-

84 1057 52 28 ning
151 1057 49 28 lyda
216 1056 70 22 såsom
302 1057 72 28 följer:

345 1132 8 4 j
664 1110 145 27 Öfversättning.

93 1137 322 24 GENERALGUVERNÖREN

221 1181 66 18 ÖFVER

181 1223 144 20 FINLAND.

201 1264 108 11 —200—

160 1293 189 21 HELSINGFORS,

183 1327 22 17 18
212 1327 94 18 Februari

137 1350 23 12 en
172 1341 24 48 "3
172 1351 137 23 Mars
293 1341 12 48 =
324 1345 56 17 1905.

479 1275 112 22 Välborne
607 1275 58 21 Herr
680 1275 188 21 Landtmarskalk.

207 1408 27 17 NM
248 1408 50 18 1280.

150 1464 13 22 I
177 1464 54 29 följd
247 1465 23 21 af
285 1464 58 22 Herr
365 1465 220 21 Landtmarskalkens
608 1464 132 28 mundtligen
755 1464 74 28 gjorda
845 1464 65 21 fram-

81 1494 102 27 ställning
197 1493 38 21 har
249 1494 36 28 jag
305 1494 51 21 äran
378 1494 78 21 härhos
474 1494 4 20 i
496 1493 101 22 afseende
613 1493 13 21 &
640 1493 120 21 kännedom
779 1492 131 22 öfversända

791 1538 6 22 (
