1061 1678
342 90 273 32 Bevillningsregleringen.
848 91 43 21 749

133 166 21 27 3)
164 165 23 22 af
197 165 48 21 herr
255 165 30 21 M.
296 164 105 28 Hallberg
410 172 26 14 m.
443 164 19 22 fl.
473 165 5 20 i
485 164 183 29 Borgareståndet
676 164 92 29 ingifvet
778 165 112 28 petitions-

62 194 81 28 förslag
158 193 111 28 angående
285 193 187 28 skadeersättning
486 201 26 14 m.
523 201 26 14 m.
561 193 23 22 åt
594 193 146 28 medborgare,
755 192 73 23 hvilka
838 195 52 19 utan

63 223 49 28 laga
127 222 130 28 ransakning
272 221 41 22 och
329 221 49 22 dom
394 221 111 22 beröfvats
521 222 71 28 tjänst,
603 222 89 28 pension
703 221 52 22 eller
764 221 65 22 frihet
839 221 52 22 eller

62 251 74 21 hvilka
151 250 96 22 hindrats
262 253 32 18 att
309 251 66 20 vistas
392 251 6 20 i
414 249 80 23 landet.

309 307 30 22 På
355 307 177 22 Statsutskottets
549 309 89 27 vägnar:

398 364 25 22 L.
441 364 115 22 Mechelin.

724 421 23 18 R.
760 421 60 18 Erich.

343 570 266 29 Bevillningsregleringen.

132 628 120 28 Föredrogs
275 636 25 13 en
323 628 47 21 från
386 628 167 22 Statsutskottet
568 628 107 29 ingången
688 628 24 21 så
723 627 92 30 lydande
826 627 65 22 skrif-

63 657 68 21 velse:

177 742 84 20 FINLANDS
275 739 89 23 STÄNDERS

116 788 312 32 STATSUTSKOTT.

232 846 71 7 TT
505 852 42 21 Till
562 852 126 28 Höglofliga
703 851 160 29 Ridderskapet

185 870 167 39 HELSINGFORS,
621 880 41 22 och
677 880 77 22 Adeln.

167 923 34 17 den
214 924 21 16 14
248 923 57 23 April
317 923 55 17 1905.

228 996 35 17 N:o
277 996 38 17 130.

134 1052 75 22 Under
224 1053 128 28 hänvisning
367 1052 72 22 därtill
455 1055 32 19 att
502 1052 104 22 Finlands
622 1052 92 22 Ständer
729 1053 6 20 i
746 1051 146 29 underdänigt

63 1089 51 14 svar
129 1081 13 21 &
157 1081 62 22 Hans
241 1081 122 29 Kejserliga
384 1081 115 28 Majestäts
516 1081 78 28 nädiga
610 1082 133 28 proposition
758 1081 41 22 N:o
814 1081 33 26 12,
857 1088 34 14 om

64 1110 58 21 skatt
144 1109 34 22 för
199 1110 139 28 tillverkning
360 1110 23 21 af
405 1109 98 28 bränvin,
519 1110 118 28 bevillning
659 1109 34 22 för
715 1109 139 28 tillverkning
869 1109 24 21 af

63 1138 150 29 maltdrycker,
229 1138 117 29 bevillning
366 1138 34 21 för
415 1138 98 29 spelkort
529 1141 55 19 samt
598 1138 211 29 stämpelbevillning
823 1137 69 22 under

63 1167 24 21 är
103 1167 62 28 1905,
180 1167 111 22 äfvensom
314 1167 111 28 angäende
445 1167 131 28 provisionel
591 1167 108 28 reglering
714 1167 23 21 af
752 1167 140 27 bevillnings-

63 1195 114 29 budgeten,
193 1195 41 22 den
249 1197 27 20 31
296 1195 114 22 december
426 1196 56 21 1904
498 1196 83 28 antagit
596 1203 26 14 en
638 1195 127 28 förordning
779 1195 112 28 angäende

63 1224 63 22 dessa
149 1224 82 21 skatter
249 1224 69 21 under
333 1224 58 21 förra
406 1224 83 22 hälften
506 1224 23 22 af
543 1224 24 21 är
582 1225 62 25 1905,
658 1231 77 22 genom
751 1223 88 23 hvilken
854 1223 38 22 de-

63 1260 80 14 samma
166 1253 68 21 skulle
256 1253 69 22 under
348 1253 57 21 förra
423 1253 83 22 hälften
523 1253 23 21 af
561 1253 24 21 är
600 1254 55 21 1905
672 1253 95 28 erläggas
783 1253 42 21 enligt
865 1252 27 21 de

62 1281 99 28 grunder,
177 1289 46 14 som
238 1281 34 22 för
287 1281 50 22 åren
353 1282 61 27 1901,
426 1282 63 26 1902,
505 1283 55 20 1903
576 1281 42 22 och
633 1282 56 21 1904
704 1281 67 22 finnas
787 1281 105 28 stadgade

63 1311 6 20 i
86 1310 79 28 nådiga
183 1310 177 29 förordningarna
376 1310 23 21 af
411 1310 43 21 den
464 1311 14 20 4
490 1310 41 22 och
542 1311 26 21 21
579 1310 115 22 december
710 1311 55 21 1900
780 1309 112 28 angående

63 1338 64 22 dessa
149 1339 86 26 skatter,
258 1339 118 28 hvarjämte
398 1339 150 27 stadgandena
570 1339 6 21 i
599 1338 122 29 åberopade
741 1338 151 27 förordningar

62 1367 78 29 jemväl
156 1368 7 20 i
178 1367 70 28 öfriga
270 1367 60 21 delar
352 1367 69 22 skulle
444 1367 66 21 lända
532 1367 32 21 till
588 1367 143 22 efterrättelse
753 1366 48 22 från
821 1366 42 21 den
880 1367 10 20 1

62 1396 82 28 januari
168 1396 55 21 1905
245 1396 32 20 till
296 1396 108 28 utgången
420 1396 24 20 af
458 1396 46 28 juni
521 1396 76 21 månad
613 1395 66 29 sagda
694 1395 29 26 år,
739 1398 55 19 samt
808 1395 84 21 inkom-

63 1427 72 19 sterna
147 1424 23 21 af
180 1424 66 22 ofvan
257 1424 77 22 nämda
346 1424 213 28 bevillningsskatter
569 1424 113 22 äfvensom
692 1424 27 21 de
730 1424 79 28 anslag,
818 1422 74 22 hvilka

62 1452 49 22 från
135 1452 62 22 dessa
220 1453 118 21 inkomster
359 1452 59 29 utgå,
433 1453 105 21 bokföras
560 1452 68 22 under
650 1460 80 14 samma
753 1452 78 22 fonder
851 1451 41 22 och

63 1481 56 22 efter
141 1481 111 22 enahanda
274 1481 99 29 grunder,
392 1488 45 14 som
461 1481 112 27 härintills,
593 1481 34 21 får
648 1481 165 22 Statsutskottet
836 1480 57 22 häri-
