1061 1678
295 109 32 16 Hr
339 109 25 16 V.
376 114 20 11 v.
409 109 96 20 Wrights
518 109 176 20 motionsförslag.
880 104 24 19 11

152 177 131 28 Skiljenämd
302 185 49 20 eger
386 177 66 28 pröfva,
472 177 57 22 hvad
547 177 7 21 i
572 176 64 21 mälet
658 176 64 29 enligt
743 177 53 21 aftal
816 176 40 22 och
872 177 33 28 lag

83 208 42 19 rätt
139 208 28 19 är.
197 206 55 21 Dess
267 205 49 22 dom
331 206 53 21 skall
400 206 131 21 omedelbart
546 205 62 22 lända
624 205 56 21 bäda
690 209 98 24 parterna
798 205 32 22 till
841 205 64 21 efter-

82 234 91 21 rättelse.

464 276 12 26 s
492 275 34 21 26.

152 314 91 26 Enhvar,
265 322 44 13 som
325 321 50 14 eger
390 317 43 19 rätt
447 317 33 18 att
494 315 7 20 i
516 315 34 20 val
566 314 23 21 af
602 314 197 28 yrkesfullmäktige
815 313 85 28 deltaga

83 350 50 14 vare
159 342 84 29 skyldig
267 346 33 18 att
321 343 32 21 till
376 342 146 22 bestridandet
545 342 22 22 af
589 342 144 28 fullmäktiges
756 342 149 28 förvaltnings-

83 371 113 21 kostnader
217 371 40 21 och
277 371 70 28 öfriga
366 371 12 21 &
398 372 133 28 fullmäktige
547 371 153 21 ankommande
715 371 89 28 utgifter
819 370 87 22 bidraga

83 400 67 27 enligt
171 400 26 21 de
215 400 34 21 för
267 400 218 27 kommunaltaxering
500 401 7 20 i
522 400 48 21 stad
585 400 97 28 gällande
698 400 97 27 grunder,
809 400 7 20 i
827 399 79 21 förhäl-

82 428 63 21 lande
164 428 33 21 till
215 428 37 22 det
272 428 57 21 antal
349 428 115 27 skattören,
479 429 83 21 hvilket
577 428 82 29 päförts
675 428 75 21 honom
766 428 34 21 för
814 428 92 21 inkomst

83 457 23 21 af
124 457 160 22 verksamheten
304 465 45 13 som
367 458 7 20 i
392 458 12 27 $
424 458 26 20 14
470 459 95 25 nämnes;
581 457 55 22 dock
652 460 32 18 att
699 457 78 21 enhvar
792 459 23 19 är
829 456 77 29 pliktig

83 486 85 28 erlägga
182 486 64 21 minst
261 485 74 22 femtio
350 486 63 28 penni
428 493 34 14 om
478 485 51 22 året.

464 555 12 27 8
493 556 34 20 27.

155 604 8 10 »
167 594 142 29 Fullmäktige
329 602 39 20 ega
386 595 32 21 till
437 595 88 21 allmänt
544 597 56 19 möte
622 595 56 21 kalla
696 595 26 20 de
739 594 166 28 valberättigade

83 623 167 28 arbetsgifvarne
265 623 39 22 oah
321 623 111 22 arbetarne
448 623 28 22 dä
490 624 83 27 viktiga
587 623 180 28 omständigheter
781 623 72 21 därtill
863 623 42 20 för-

83 652 76 21 anleda
175 652 50 21 eller
240 653 63 20 minst
319 653 27 26 1/,
361 652 23 21 af
398 652 27 21 de
441 652 176 28 röstberättigade
632 652 39 21 hos
686 652 132 28 fullmäktige
833 651 72 22 därom

84 680 118 28 skriftligen
218 680 101 22 anhälla.»

153 709 141 28 Fullmäktige
313 709 59 21 skola
393 710 6 20 i
419 709 121 21 December
561 709 72 28 hvarje
648 708 24 22 är
686 709 33 21 för
733 709 38 21 det
785 708 121 29 päföljande

83 738 47 20 äret
150 740 99 26 upprätta
269 738 125 28 fullständig
414 738 86 27 budget,
520 738 135 28 upptagande
675 738 17 27 ej
713 738 81 21 mindre
809 737 97 27 samtliga

84 741 131 58 förutsebara
230 766 94 28 utgifter,
339 768 25 19 än
375 766 63 22 äfven
450 766 36 22 det
498 766 83 29 belopp,
591 774 51 18 som,
652 766 32 21 till
696 766 131 21 betäckande
838 765 22 21 af
870 766 35 20 de-

84 802 85 18 samma,
193 795 38 21 bör
252 802 75 21 genom
350 796 120 27 uttaxering
491 795 37 21 hos
549 795 26 21 de
597 795 136 28 beskattning
751 794 154 22 underkastade

84 827 89 25 uttagas,
195 827 55 17 samt
267 824 8 20 i
292 824 103 21 samband
416 824 48 21 med
485 824 41 21 den
544 824 134 20 kommunala
697 823 123 29 uppbörden
836 823 70 21 föran-

84 852 65 21 stalta
163 852 97 29 uppbörd
275 852 23 21 af
310 852 108 22 desamma
428 860 76 20 genom
516 852 135 22 kommunens
661 852 163 28 uppbördsmän,
834 852 72 21 hvilka

85 888 38 21 ega
139 881 26 21 de
180 881 110 29 uppburna
305 881 84 21 medlen
404 881 33 21 till
452 881 143 28 fullmäktiges
611 881 73 21 kassör
699 880 136 22 öfverlemna.

154 909 69 21 Sedan
235 910 242 28 kommunaltaxeringen
490 910 34 20 för
533 910 46 21 året
589 910 118 25 verkstälts,
718 917 39 21 ega
767 909 140 28 fullmäktige,

85 938 48 21 med
151 938 85 28 ledning
251 938 60 21 däraf
326 938 40 21 och
381 938 23 21 af
419 938 56 22 hvad
490 938 64 22 ofvan
569 939 8 20 i
592 939 10 27 $
618 939 28 20 26
662 938 90 28 stadgas,
767 938 28 29 pä
809 938 98 28 samtliga

85 966 215 29 betalningsskyldige
321 967 85 21 fördela
427 967 37 21 det
486 967 83 29 belopp,
590 974 44 14 som
656 966 53 22 skall
724 970 114 22 uttaxeras,
852 969 54 18 samt

83 1003 76 20 genom
181 996 135 20 kommunens
337 996 158 27 uppbördsmän
511 996 124 20 föranstalta
650 996 96 28 uppbörd
762 995 22 21 af
799 995 108 21 desamma

83 1025 8 19 i
106 1023 99 22 samband
222 1024 49 21 med
286 1024 41 21 den
343 1024 134 21 kommunala
493 1023 129 30 uppbörden.

465 1094 12 26 $
493 1094 33 20 28.

152 1133 81 21 Kassor
255 1133 40 21 och
317 1133 75 21 fonder
410 1133 34 20 för
462 1133 160 28 allmännyttiga
642 1133 51 20 eller
709 1133 23 20 af
747 1133 60 20 deras
822 1132 84 21 stiftare

83 1161 110 22 bestämda
208 1161 103 26 ändamål,
326 1161 73 22 hvilka
409 1161 191 22 omhänderhafvas
611 1161 23 22 af
644 1161 27 21 de
682 1161 65 28 enligt
757 1160 149 29 förordningen

83 1197 33 14 om
136 1191 124 27 näringarna
275 1190 22 21 af
312 1190 40 21 den
369 1191 25 20 31
412 1190 60 21 Mars
488 1191 55 20 1879
559 1190 114 21 bestående
688 1190 216 28 yrkesföreningarna,

82 1218 66 27 skola,
163 1218 27 21 då
205 1219 62 21 dessa
281 1219 121 28 föreningar
417 1218 103 29 upphöra,
535 1219 141 21 öfverlemnas
687 1219 31 20 till
729 1218 132 28 fullmäktige
872 1218 34 21 för

83 1247 147 22 motsvarande
252 1247 132 28 yrkesgrupp
408 1247 33 21 för
464 1250 32 19 att
518 1247 23 22 af
563 1247 48 22 dem
630 1247 101 21 förvaltas
749 1247 40 21 och
810 1247 34 20 för
861 1247 45 20 sina

82 1275 96 22 ändamål
194 1276 159 28 upprätthållas.

151 1304 11 21 I
184 1304 125 28 afgörandet
326 1305 23 20 af
365 1304 72 21 frågor
452 1305 91 21 rörande
558 1305 62 20 dessa
635 1305 73 21 kassor
721 1304 39 21 och
777 1303 75 22 fonder
867 1311 38 20 ega

82 1333 76 21 endast
168 1333 25 21 de
204 1333 23 21 af
237 1333 128 28 principaler
375 1341 25 13 och
426 1333 154 27 arbetsgifvare
592 1333 62 21 valde
665 1333 132 27 fullmäktige
807 1335 50 25 taga
865 1331 41 22 del.

465 1396 11 28 8
493 1397 33 20 29.

150 1435 35 21 Dä
203 1436 133 28 fullmäktige
355 1436 73 28 väljas,
443 1436 61 21 skola
519 1436 68 21 tillika
602 1436 65 21 bland
682 1436 53 26 dem,
751 1443 43 14 som
810 1437 36 19 äro
861 1435 44 21 val-

81 1464 52 21 bara
156 1464 32 21 till
209 1464 84 26 sädana,
312 1468 56 17 utses
384 1464 37 22 tvä
437 1466 108 24 revisorer,
562 1472 24 13 en
602 1464 34 21 för
651 1464 103 21 hvardera
769 1464 136 28 valgruppen,

81 1496 56 18 samt
151 1492 27 29 pä
193 1492 42 22 lika
251 1495 42 19 sätt
307 1493 37 21 tvä
359 1493 232 29 revisorssuppleanter.
