1061 1678
149 88 42 20 662
417 94 25 17 R.
456 99 18 12 o.
486 95 25 16 A.
524 95 60 17 1905.
608 95 24 17 13
644 94 67 21 April

149 161 136 23 betänkande
309 163 8 21 i
339 163 151 29 sammanhang
510 163 51 22 med
585 163 174 22 Statsutskottets
782 171 26 13 nu
832 161 144 28 föreliggande

145 185 147 37 betänkande.
948 213 1 3 a

218 248 36 21 Hr
269 248 25 21 L.
309 248 152 23 Mechelin:
491 249 45 22 Det
551 249 86 29 förslag,
648 257 45 14 som
704 249 39 21 här
752 249 119 26 föreligger,
881 248 97 21 inskrän-

149 276 39 22 ker
209 277 34 28 sig
264 277 33 21 till
319 277 37 22 det
370 277 156 29 oundgängliga
547 277 41 22 och
605 278 95 21 normala
714 277 35 22 för
763 276 213 28 folkskolebudgeten

150 305 67 22 under
233 306 142 22 innevarande
390 306 29 21 år.
448 306 46 22 Det
508 314 62 21 synes
582 307 44 27 mig
636 309 33 19 att
678 306 28 22 de
715 305 185 29 omständigheter,
910 304 68 22 under

147 327 76 29 hvilka
239 333 38 22 det
292 335 95 21 kommer
401 335 67 21 under
482 335 106 29 pröfning,
602 335 44 21 tala
661 335 35 21 för
710 337 33 19 att
757 335 48 21 ieke
819 333 88 23 dermed
917 333 61 21 kom-

149 362 74 22 binera
238 362 66 29 några
318 363 66 21 andra
399 363 92 22 ärenden
506 364 52 21 eller
572 364 84 28 förslag.

218 419 35 22 Hr
269 419 28 22 G.
311 420 192 28 Björkenheim
519 420 143 22 understödde
678 420 35 21 Hr
723 419 158 23 Wallenskölds
891 419 86 28 förslag.

219 476 78 34 Härpå
318 477 123 22 framstälde
464 477 34 22 Hr
517 477 206 22 Landtmarskalken
738 477 33 21 till
787 476 100 22 Ståndets
902 476 76 22 besva-

149 505 66 22 rande
231 505 96 29 följande

359 563 406 30 Omröstningsproposition:

218 619 41 27 De,
275 627 44 14 som
335 620 91 22 omfatta
440 621 35 21 Hr
492 621 104 28 Ramsays
611 621 85 28 förslag,
712 622 57 20 rösta
783 621 35 28 ja;

218 676 76 22 vinner
308 678 40 27 nej,
366 677 39 21 har
419 677 91 22 Ståndet
524 677 88 22 beslutit
626 680 33 19 att
672 677 92 22 omfatta
773 677 35 21 Hr
817 676 159 23 Wallenskölds

148 704 87 29 förslag.

217 762 34 21 På
265 762 72 22 derom
352 763 71 28 gjordt
437 763 94 29 yrkande
547 763 132 23 verkstäldes
695 764 68 21 sluten
779 763 140 27 omröstning;
934 762 41 22 och

149 798 45 14 som
216 790 71 22 denna
309 791 62 22 utföll
386 792 49 21 med
458 793 28 21 29
504 793 22 28 ja
543 792 40 22 och
604 793 27 21 68
646 793 40 28 nej,
702 792 55 22 hade
772 792 25 22 R.
813 800 18 14 o.
847 792 26 21 A.
888 791 88 23 beslutit

148 822 33 18 att
201 819 8 21 i
231 819 96 29 enlighet
346 820 49 22 med
417 820 35 22 Hr
472 820 159 23 Wallenskölds
653 821 81 29 förslag
753 820 116 29 bordlägga
884 820 92 22 Stateut-

149 848 92 22 skottets
257 848 134 22 betänkande
406 849 42 22 N:o
463 850 12 20 6
490 850 33 21 till
539 850 167 28 morgondagens
721 849 152 29 aftonplenum.

417 958 283 24 "Kommunikationsfonden.

216 998 119 29 Föredrogs

216 1049 176 23 Statsutskottets
414 1050 134 23 betänkande
569 1051 41 22 N:o
627 1051 11 22 7
654 1050 110 29 angående
775 1049 201 23 kommunikations-

148 1077 90 22 fondens
249 1078 82 29 budget
345 1079 34 21 för
394 1079 23 21 år
434 1080 60 21 1905.

215 1135 36 21 Hr
274 1135 35 22 W.
324 1136 109 29 Ramsay
454 1137 85 28 yttrade
558 1137 108 28 angående
682 1136 61 22 detta
761 1135 143 23 betänkande:
934 1136 42 22 Af-

147 1171 41 14 ven
203 1164 8 21 i
226 1164 110 29 ingressen
351 1165 33 21 till
398 1165 61 22 detta
473 1165 134 22 betänkande
622 1167 20 20 ingår
697 1173 26 14 en
739 1165 65 22 sådan
819 1165 157 29 förutsättning,

146 1195 34 18 att
201 1200 50 14 svar
273 1193 29 29 på
317 1193 73 29 frågan
405 1201 34 14 om
454 1195 133 28 ajournering
602 1194 45 22 skall
670 1194 68 22 hafva
752 1193 93 28 anländt,
857 1194 64 21 innan
940 1194 36 21 be-

146 1220 42 22 slut
209 1221 74 22 fattas.
312 1221 42 30 Jag
375 1222 64 29 begär
475 1223 56 21 derför
552 1223 155 27 bordläggning
731 1222 24 22 af
777 1222 144 23 betänkandet
942 1223 34 22 till

145 1249 68 22 första
235 1249 94 29 plenum,
352 1251 54 22 efter
421 1251 38 22 det
473 1259 49 15 svar
536 1251 69 29 ingått
619 1260 28 21 på
662 1251 76 29 frågan
753 1251 108 29 angående
877 1251 99 23 landtda-

145 1285 52 21 gens
212 1279 140 30 ajournering.

215 1334 36 22 Hr
267 1335 25 22 L.
307 1336 156 22 Mechelin:
492 1332 73 27 Äfven
587 1337 60 22 detta
661 1336 136 23 betänkande
812 1337 67 21 skulle
894 1338 36 28 jag
941 1337 36 21 för

145 1363 43 21 min
211 1362 35 22 del
271 1372 50 14 anse
344 1364 70 22 kunna
434 1364 115 23 behandlas
572 1366 67 21 under
660 1365 43 23 den
719 1365 157 29 förutsättning,
891 1373 45 15 som
952 1367 25 20 är

147 1391 114 28 framlagd,
275 1392 22 22 d.
312 1400 19 14 v.
347 1401 15 13 s.
378 1394 129 22 eventuelt
520 1394 128 26 godkännas.

213 1449 34 21 Hr
263 1450 26 22 L.
305 1449 185 30 Gripenberg:
519 1450 43 29 Jag
578 1451 37 21 ber
630 1454 32 19 att
676 1450 25 22 få
715 1450 130 23 understöda
859 1450 35 22 Hr
908 1451 67 22 Ram-

143 1484 49 22 says
213 1478 88 30 förslag,
323 1478 24 22 sä
361 1480 87 28 mycket
463 1479 65 23 hellre
544 1487 45 14 som
604 1480 105 29 förslaget
723 1480 33 22 till
771 1479 82 31 budget
865 1480 35 21 för
914 1479 61 22 kom-
