1061 1678
169 102 43 15 Hrr
225 102 31 15 W.
270 102 123 16 Hackmans
407 101 38 16 och
458 102 34 19 Hj.
505 102 91 16 Schildts
610 102 176 20 motionsförslag.
861 96 27 20 28

63 169 107 28 delgifves
194 169 27 28 på
236 171 41 19 sätt
293 170 5 20 i
317 170 24 20 16
358 171 12 25 &
386 169 68 21 första
477 177 61 14 mom.
562 169 40 22 och
619 170 26 21 18
662 171 11 26 $
689 172 65 25 sagts,
769 172 32 18 att
815 169 13 21 å
843 170 44 20 viss

63 199 42 27 dag
120 199 49 20 näst
191 197 54 22 efter
268 201 31 18 tre
314 198 31 21 till
361 205 37 14 sex
422 199 81 20 veckor
523 198 62 21 höras
609 198 40 21 och
668 201 57 25 yttra
740 199 33 27 sig
788 199 6 20 i
811 198 76 26 saken;

64 227 95 21 infordre
175 226 46 25 ock,
237 226 38 21 där
291 227 200 27 borgenärsutskott
506 229 24 18 är
544 227 82 24 tillsatt,
642 226 49 22 dess
706 227 105 27 yttrande.

132 255 123 28 Förslagets
271 255 159 28 handläggning
442 255 42 22 kan
495 257 90 20 utsättas
596 255 31 21 till
639 255 186 28 inställelsedagen
837 255 51 21 eller

64 283 170 29 uppropsdagen,
258 283 57 22 ändå
330 287 30 17 att
376 284 41 21 den
439 284 85 21 infaller
547 292 75 13 senare
644 285 25 20 än
693 291 37 14 sex
754 284 85 25 veckor,
854 283 34 22 så-

63 313 64 20 framt
151 312 128 28 gäldenären
303 312 36 21 det
362 313 64 27 begär
450 313 55 25 eller,
528 313 26 27 på
578 313 78 24 landet,
679 313 76 21 urtima
774 314 46 26 ting
836 312 51 28 eljes

63 340 66 22 borde
146 340 32 21 för
194 340 119 22 ändamålet
329 340 73 22 hällas.

443 410 37 20 113
497 412 18 25 $.

132 455 89 27 Förslag
237 463 34 13 om
288 455 196 28 tvångsförlikning
500 457 22 20 är
538 459 92 24 antaget,
646 463 32 14 om
695 456 52 21 flere
764 457 25 19 än
806 455 81 21 hälften

64 484 23 21 af
102 483 26 22 de
145 483 35 22 vid
196 484 165 21 sammanträdet
384 485 132 20 närvarande
537 483 181 29 röstberätti&äde
731 483 156 27 borgenärerna

63 512 96 28 godkänt
175 512 116 21 detsamma
306 513 39 20 och
362 513 68 20 tillika
446 513 61 21 deras
523 513 120 28 fordringar
658 513 138 21 tillsammans
812 514 74 26 utgöra

64 542 65 20 minst
143 544 32 18 tre
190 541 129 28 fjerdedelar
333 541 23 21 af
371 542 98 27 samtliga
485 542 35 21 vid
537 542 128 28 tidpunkten
680 541 33 21 för
729 541 113 28 förslagets
858 542 29 19 in-

63 569 104 28 gifvande
181 569 178 29 röstberättigade
375 570 132 21 fordringars
524 570 157 27 sammanlagda
697 570 84 29 belopp.

133 598 79 21 Finnes
228 598 12 21 å
259 599 102 27 förslaget
384 599 51 21 eller
458 579 99 41 företedd
580 599 88 21 afskrift
688 599 62 20 däraf
773 599 113 28 borgenärs

63 627 108 27 skriftliga
186 627 39 21 och
249 627 123 22 bevittnade
396 628 162 27 godkännande,
581 628 54 21 skall
651 628 36 21 vid
704 627 145 22 beräknandet
865 627 22 20 af

63 657 97 19 rösterna
176 656 23 20 så
215 663 68 18 anses,
298 663 46 13 som
360 664 33 13 om
410 657 40 20 han
468 658 56 19 varit
539 656 112 21 tillstädes.

133 684 76 21 Såvidt
224 684 85 21 fordran
326 685 47 21 icke
390 684 83 22 medför
488 686 93 24 rösträtt,
596 685 34 20 må
646 684 41 22 den
703 686 17 25 ej
737 684 12 21 å
765 684 121 28 någondera

63 713 61 21 sidan
141 713 132 21 medräknas.
295 713 43 21 För
352 713 95 26 fordran,
463 721 47 13 som
526 714 89 20 anmälts
626 713 23 21 af
660 713 140 28 gäldenärens
811 712 75 22 hustru

64 742 51 20 eller
131 742 22 20 af
168 742 68 20 henne
259 742 56 21 efter
331 742 132 21 konkursens
488 743 72 27 början
576 742 31 21 till
624 750 69 13 annan
709 741 129 26 öfverlåtits,
853 741 33 20 må

63 770 48 21 icke
127 770 85 21 utöfvas
228 772 92 20 rösträtt.

440 840 40 20 114
496 842 18 24 8.

132 890 205 28 Tvångsförlikning
351 892 60 24 skall,
427 892 85 20 ändock
528 892 40 20 den
580 892 22 20 af
618 892 155 27 borgenärerna
788 890 99 28 antagits,

63 920 22 20 af
101 922 68 18 rätten
186 920 70 26 afslås,
271 928 34 13 om
321 920 144 21 föreskrifven
481 920 55 21 form
553 920 47 21 icke
616 920 109 27 iakttagits
737 920 51 20 eller
797 919 89 27 tvångs-

63 948 144 27 förlikningen
224 948 77 21 strider
317 952 43 18 mot
377 950 40 20 110
434 949 18 27 $,
469 949 51 21 eller
536 956 33 14 om
585 948 66 22 sådan
668 948 163 28 omständighet,
840 954 45 14 som

63 978 6 20 i
86 978 40 20 111
143 977 11 28 $
170 980 64 24 sagts,
256 978 85 25 inträdt,
356 978 24 20 så
399 978 41 20 ock
464 985 32 19 om
498 978 104 28 mindre
626 979 25 19 än
674 978 60 28 tjugu
756 976 35 22 för
813 976 72 28 hvarje

63 1005 110 21 hundrade
190 1006 22 20 af
228 1006 148 27 fordringarna
392 1006 99 28 erbjudes
508 1005 40 22 och
563 1006 47 25 icke
627 981 96 55 sacntliga
734 1005 36 22 vid
782 1012 104 14 samman-

63 1033 71 22 trädet
150 1034 131 21 närvarande
297 1034 129 28 borgenärer
441 1035 97 27 godkänt
554 1034 148 28 förlikningen.

132 1063 32 20 På
178 1063 95 28 yrkande
285 1063 22 20 af
321 1063 103 28 borgenär
440 1063 66 21 varde
522 1063 137 21 stadfästelse
670 1062 12 21 å
692 1062 194 28 tvångsförlikning

63 1091 41 21 ock
120 1091 85 28 vägrad,
217 1099 34 13 om
267 1092 41 21 han
325 1093 56 20 visar
396 1095 31 17 att
443 1091 70 22 denna
529 1091 142 28 åvägabragts
685 1099 76 20 genom
772 1090 114 29 gynnande

63 1119 23 22 af
101 1120 83 21 enskild
201 1120 104 28 borgenär
323 1121 51 20 eller
389 1120 77 21 strider
482 1124 44 17 mot
549 1121 164 27 borgenärernas
729 1126 157 21 gemensamma

62 1148 76 27 fördel,
153 1148 70 21 såsom
239 1149 28 21 då
282 1149 36 21 det
334 1149 102 28 erbjudna
460 1149 101 28 beloppet
576 1149 44 21 står
635 1150 6 19 i
657 1149 118 28 uppenbart
791 1147 96 21 missför-

63 1177 100 21 hållande
176 1177 31 21 till
223 1177 139 29 gäldenärens
379 1178 121 27 tillgångar,
511 1177 28 22 då
549 1177 27 22 de
588 1180 79 19 utsatta
684 1176 202 28 betalningstiderna

63 1205 97 22 medföra
175 1209 30 18 ett
220 1207 95 27 uppskof
329 1207 23 20 af
367 1207 145 27 betalningen,
527 1214 44 13 som
587 1207 18 27 ej
622 1207 38 20 har
675 1207 31 20 sin
719 1206 69 27 grund
801 1205 4 20 i
817 1205 70 27 rimlig

63 1234 82 28 hänsyn
162 1235 31 20 till
216 1235 139 28 gäldenärens
381 1235 86 27 rörelse,
492 1235 51 21 eller
559 1235 27 20 då
609 1235 93 28 antaglig
725 1234 99 21 säkerhet
840 1233 46 21 icke

63 1263 60 21 stälts
140 1263 33 20 för
188 1263 234 28 tvångsförlikningens
438 1263 141 28 fullgörande.

444 1350 38 20 115
498 1350 17 27 $.

132 1390 98 33 Ändring
246 1396 5 20 i
267 1397 80 19 rättens
371 1396 76 27 utslag,
470 1396 138 27 hvarigenom
625 1395 194 27 tvängsförlikning
835 1394 52 20 fast-

63 1424 61 21 stälts
140 1424 52 20 eller
214 1424 103 28 afslagits,
333 1424 63 21 sökes
411 1432 78 19 genom
506 1424 82 21 besvär.

131 1452 26 28 Ej
174 1452 33 21 må
223 1453 90 27 ändring
335 1453 63 20 sökas
414 1454 6 19 i
436 1453 78 27 utslag,
529 1460 44 14 som
590 1452 22 21 af
628 1452 81 21 hofrätt
724 1452 5 20 i
746 1451 65 21 saken
829 1450 57 21 med-

61 1480 76 22 delats.
