1061 1678
387 99 204 32 Rusdrycksfrågan.
858 101 39 20 681

73 174 28 21 de
117 173 37 22 två
176 174 67 21 första
265 175 94 20 talarene
374 174 124 21 framstälts.
527 174 42 28 Jag
584 181 64 14 anser
663 175 43 27 mig
721 174 48 21 icke
785 174 52 21 böra
849 174 50 28 ingå

74 203 5 20 i
97 202 70 28 någon
184 203 101 28 vidlyftig
305 204 127 27 motivering
448 203 22 21 af
486 203 41 21 den
544 202 100 29 politiska
660 202 139 28 ståndpunkt,
814 210 45 14 som
875 203 24 21 så

74 231 79 28 tydligt
175 231 40 22 och
239 232 133 28 konseqvent
394 231 113 29 uppburits
531 231 36 21 vid
583 231 70 21 denna
670 231 109 28 landtdag,
794 234 51 19 utan
862 231 36 22 vill

75 260 55 21 blott
153 259 92 29 åberopa
268 263 31 18 ett
313 260 24 22 af
350 260 26 21 de
390 260 96 22 enklaste
501 261 74 25 motiv,
590 267 45 14 som
652 260 43 21 tala
710 260 34 21 för
759 263 32 18 att
805 260 49 21 icke
870 267 28 14 nu

73 288 33 21 till
130 289 101 28 pröfning
256 291 93 26 upptaga
371 297 41 20 nya
436 288 226 29 lagstiftningsfrågor,
687 288 37 21 det
740 289 105 27 nämligen
862 292 37 21 att,

75 317 24 21 så
114 317 62 28 länge
201 317 94 21 diktatur
317 319 6 19 i
340 318 72 20 landet
432 317 160 29 upprätthålles,
608 318 63 27 ingen
688 317 81 21 visshet
784 317 67 21 finnes
867 321 32 17 att

75 345 72 29 någon
163 353 45 14 som
233 346 56 21 helst
304 346 35 27 lag
353 346 7 21 i
376 346 112 21 samhället
503 346 54 21 skall
574 346 65 21 varda
654 346 145 28 respekterad,
814 346 40 21 och
871 345 27 21 då

75 375 71 21 finnes
162 374 47 22 icke
225 374 66 22 heller
306 375 45 21 skäl
368 378 31 18 att
415 374 85 22 utfärda
516 382 41 20 nya
573 374 64 28 lagar,
654 382 33 13 om
706 374 83 21 hvilkas
801 374 97 28 verkliga

74 403 135 28 tillämpning
225 403 24 21 så
264 404 58 20 stark
338 404 95 20 ovisshet
448 404 68 20 måste
531 403 57 21 råda.

165 432 243 28 olkrepresentationens
432 431 66 28 lifliga
518 432 83 21 önskan
624 434 32 19 att
678 439 23 13 se
721 431 84 28 stadiga
821 431 78 28 lagliga

75 460 148 21 förhållanden
247 460 129 21 återinträda
400 461 5 20 i
422 460 48 21 vårt
493 460 48 21 land
565 460 54 21 skall
643 460 35 21 väl
696 461 63 26 ingen
776 460 71 21 kunna
864 460 34 21 be-

75 489 66 21 tvifla.
170 489 51 21 Men
245 489 37 21 det
304 497 64 20 synes
392 497 50 13 vara
464 489 22 21 af
503 489 70 21 nöden
589 491 32 19 att
633 489 59 28 gifva
707 491 90 26 yttersta
813 489 87 28 möjliga

75 517 106 28 tydlighet
203 517 22 22 åt
244 517 187 28 nödvändigheten
447 517 23 22 af
485 521 31 18 att
532 517 124 29 yrkandena
672 518 5 20 i
694 517 131 22 Ständernas
841 521 58 17 stora

75 547 98 27 petition,
188 546 85 21 utöfver
288 546 27 21 de
330 550 79 17 tvenne
429 546 41 21 den
486 547 27 21 29
530 554 55 13 mars
595 546 99 28 afgjorda
709 545 112 27 ärendena,
833 546 66 21 varda

75 575 146 26 genomförda.
252 575 48 22 Och
317 576 19 21 vi
352 575 66 21 hafva
434 576 64 27 ingen
515 575 117 27 anledning
648 578 31 17 att
694 577 51 25 göra
756 575 68 27 någon
841 575 58 20 hem-

75 603 68 28 lighet
159 603 22 22 af
196 602 48 23 vt
259 605 76 25 motiv;
351 604 47 21 vårt
413 605 66 20 motiv
496 606 22 19 är
533 607 32 18 att
579 604 23 21 åt
617 603 102 22 Finlands
731 603 45 21 folk
787 603 112 21 återvinua

74 633 51 20 dess
141 632 124 28 dyrbaraste
288 633 103 27 egendom
412 645 26 3 —
455 634 75 19 rätten.
560 632 49 22 Och
625 632 48 21 med
688 632 59 21 detta
763 633 66 20 motiv
844 639 55 14 sam-

75 661 90 27 mangår
186 661 89 24 önskan,
291 665 30 17 att
337 662 5 20 i
358 661 59 21 detta
441 661 48 21 land
506 661 46 21 åter
575 661 65 21 måtte
656 660 51 21 råda
723 660 176 21 förtroendefullt

74 689 135 21 förhållande
225 690 76 20 mellan
317 690 98 28 regering
430 690 41 21 och
486 690 180 28 representation;
682 689 57 21 detta
755 690 24 20 är
793 689 35 21 för
844 688 54 22 båda

73 717 61 22 sidor
149 718 37 21 det
200 718 67 21 bästa.
283 718 48 22 Och
347 719 53 21 visst
415 720 23 19 är
454 721 31 18 att
500 718 56 21 ända
566 718 32 21 till
610 718 49 21 dess
670 718 23 20 af
704 718 194 28 regeringsmakten

75 747 76 21 banats
174 748 41 27 väg
238 747 33 21 för
294 754 26 14 en
344 747 66 23 sådan
432 746 186 50 återupprättelse;
633 746 54 22 skall
703 746 195 28 regeringsmakten

75 775 48 21 icke
140 776 70 20 kunna
231 775 65 21 hafva
313 776 111 28 framgång
439 776 41 21 och
495 775 187 21 tillfredsställelse
699 775 35 21 vid
751 774 148 22 handhafvan-

73 804 39 21 det
127 804 24 21 af
165 804 46 21 sina
226 804 134 28 åligganden.

145 832 47 22 Den
215 832 48 22 från
286 832 214 22 Ekonomiutskottet
522 833 100 21 inkomna
646 832 73 28 frågan
743 835 23 18 är
787 833 5 20 i
809 832 40 21 och
865 832 34 20 för

75 862 34 28 sig
125 861 115 28 ingalunda
255 862 24 20 af
289 861 54 26 dem,
358 869 45 14 som
420 861 51 22 böra
488 862 95 21 bemötas
599 862 48 21 med
663 861 134 28 likgiltighet,
808 868 46 14 men
867 861 33 27 jag

74 894 45 18 tror
135 893 32 18 att
188 890 123 28 bildningen
335 891 6 20 i
357 890 27 21 de
400 890 166 22 vidsträcktaste
587 891 83 20 kretsar
685 891 5 20 i
706 890 48 21 vårt
769 889 48 22 land
833 896 65 15 redan

73 920 26 20 är
113 918 124 28 tillräckligt
260 922 45 18 stor
327 922 31 18 att
373 920 53 25 inse,
440 922 32 18 att
488 927 47 13 man
552 919 47 21 icke
615 919 75 21 räcker
705 918 92 22 hållbart
812 918 49 22 stöd
877 918 22 21 af

74 948 36 28 lag
125 948 22 20 åt
163 947 283 29 nykterhetssträfvandena,
462 948 65 20 innan
543 956 49 12 man
608 948 38 21 har
661 947 24 21 så
701 947 72 28 begått
788 950 31 18 att
837 947 61 27 lagen

74 975 111 29 verkligen
201 976 23 21 af
239 976 175 28 myndigheterna
431 976 41 22 och
488 976 41 21 alla
545 976 140 29 respekteras.
716 976 104 28 (Brarop.)

146 1032 57 21 Frih.
219 1033 68 21 Adolf
302 1040 56 14 von
376 1033 185 21 Bonsdorff:
587 1033 42 28 Jag
645 1033 100 27 beklagar
761 1032 27 29 på
803 1032 37 21 det
855 1032 46 28 dju-

74 1065 63 24 paste
153 1064 31 19 att
198 1061 38 22 två
252 1061 78 28 frågor,
345 1069 47 14 som
408 1063 36 20 äro
460 1061 129 29 hänskjutna
604 1061 32 22 till
652 1061 70 22 denna
741 1060 112 28 landtdags
865 1061 36 21 be-

74 1090 111 28 handling,
207 1091 107 27 nämligen
335 1090 75 28 frågan
433 1098 33 13 om
490 1089 221 30 rusdryckshandelns
734 1089 110 22 ordnande
860 1089 40 22 och

76 1119 77 28 frägan
170 1126 33 14 om
227 1119 42 21 den
289 1119 106 21 allmänna
411 1121 122 24 rösträtten,
547 1126 77 21 genom
641 1119 27 21 de
684 1119 87 28 olidliga
786 1118 115 21 förhällan-

75 1147 69 22 denas
160 1147 58 22 makt
233 1147 48 22 icke
298 1148 71 21 kunna
385 1148 84 21 komma
485 1147 33 22 till
533 1155 26 14 en
575 1147 73 28 slutlig
664 1147 136 28 ompröfning
815 1147 40 21 och
868 1147 32 20 till

74 1179 33 18 ett
123 1176 23 21 af
161 1175 176 22 hundratusental
357 1176 140 29 medborgare
514 1177 61 27 länge
591 1176 91 21 väntadt
697 1175 89 29 lyckligt
801 1175 101 28 afgöran-

75 1204 35 22 de.
142 1204 57 22 Utan
215 1205 78 21 tvifvel
316 1205 54 21 skall
386 1204 70 22 denna
471 1205 160 28 omständighet
647 1205 83 21 komma
746 1207 31 18 att
792 1203 109 22 användas

76 1240 47 14 som
140 1241 68 21 vapen
225 1236 44 19 mot
285 1233 83 22 landets
384 1233 93 22 Ständer
492 1233 28 29 pä
536 1241 26 14 en
578 1233 35 22 del
624 1233 49 22 häll.
699 1233 44 22 Det
753 1233 54 21 skall
817 1233 85 21 komma

76 1262 92 28 mycken
191 1261 57 22 ofrid
271 1261 61 22 ästad
354 1262 42 21 och
406 1262 37 21 det
458 1262 55 21 skall
529 1261 104 23 törhända
648 1261 66 22 ocksä
728 1261 70 22 tolkas
814 1269 45 14 som
875 1261 26 21 de

74 1290 151 29 obotfärdigas
248 1290 114 22 förhinder.
392 1291 52 21 Men
466 1291 38 21 der
520 1291 41 22 den
577 1291 57 28 goda
649 1291 64 28 viljan
729 1291 67 21 finnes
812 1293 32 18 att
859 1290 43 21 för-

74 1319 36 21 stä
125 1319 65 27 detta,
207 1319 38 21 der
260 1319 55 22 skall
330 1319 37 22 det
382 1319 66 22 ocksä
465 1319 72 22 kunna
553 1319 89 27 förstäs;
658 1319 38 22 der
711 1319 40 21 den
767 1318 57 29 goda
837 1318 64 21 viljan

75 1347 86 26 saknas,
184 1347 38 22 der
244 1348 71 21 kunna
330 1348 42 21 alla
392 1355 52 14 vara
468 1347 94 22 beredda
577 1348 27 28 pä
619 1351 32 18 att
665 1347 95 22 hvarken
777 1346 67 22 blifva
869 1348 33 20 för-

75 1375 79 23 städda
170 1376 51 21 eller
238 1376 83 22 trodda.
350 1376 42 28 Jag
407 1376 81 22 tilläter
502 1377 45 28 mig
562 1379 32 19 att
608 1376 88 22 förorda
711 1375 130 29 antagandet
857 1375 46 21 utaf

75 1404 43 22 den
135 1404 32 22 till
184 1404 145 22 betänkandet
345 1404 117 29 vidfogade
478 1406 53 20 sista
547 1406 165 21 reservationen.

147 1462 156 22 Diskussionen
319 1462 119 22 afslutades
453 1462 96 27 härmed,
564 1462 110 22 hvarefter
684 1462 33 21 Hr
728 1461 174 22 Landtmarskal-

74 1491 43 21 ken
133 1490 32 22 till
180 1490 103 22 Ständets
300 1491 133 21 besvarande
448 1490 162 23 öfverlemnade
626 1490 95 29 följande
