1061 1678
406 90 160 35 Skolväsendet.
869 92 41 21 587

76 165 80 22 stödda
172 165 73 22 försök
261 165 32 21 till
310 165 205 29 denationalisering
524 166 39 21 och
574 166 145 27 russificering
731 173 77 20 genom
819 165 87 22 skolans

79 194 120 27 bemedling
223 194 37 21 det
281 194 78 21 vackra
376 195 94 20 slaviska
486 195 138 27 tungomålet,
640 202 46 13 som
703 194 64 21 redan
785 194 72 21 blifvit
873 194 35 21 för

78 223 91 28 mången
186 223 47 20 kärt
247 230 77 20 genom
340 223 27 20 de
382 223 47 20 rika
444 223 82 25 tankar,
542 231 45 13 som
598 223 126 21 förmedlats
737 230 77 21 genom
826 222 81 22 sådana

77 253 49 19 män
142 259 45 13 som
202 251 83 28 Tolstoj
302 251 40 21 och
358 251 130 28 Turgenieff,
502 252 35 28 jag
554 252 101 27 beklagar
671 254 31 18 att
717 251 59 21 detta
791 251 65 28 språk
872 251 36 21 för

77 281 150 27 generationer
241 279 79 22 framåt
336 280 40 21 blir
391 284 31 17 ett
437 280 23 21 af
475 280 121 28 ungdomen
612 280 76 21 hatadt
703 279 116 28 tungomäl.

146 309 42 27 Jag
203 309 37 20 ber
255 311 32 18 att
302 308 23 21 få
341 309 55 20 fästa
412 309 216 28 uppmärksamheten
644 309 28 28 pä
687 308 40 21 sid.
740 309 24 20 11
776 309 6 20 i
795 309 113 27 petitions-

79 337 150 21 betänkandet.
259 337 45 21 Der
319 337 101 21 förmäler
440 337 112 21 Utskottet
567 344 34 14 om
618 340 30 18 att
665 337 27 28 pä
708 337 64 21 vären
791 338 54 20 1903
862 337 46 21 blef

77 373 27 14 en
129 366 136 20 kommission
282 365 85 21 nedsatt
384 366 4 20 i
406 365 221 22 Skolöfverstyrelsen
646 366 35 20 för
704 366 92 21 revision
813 365 22 21 af
851 366 56 20 läro-

78 394 108 21 böckerna
201 395 6 20 i
223 394 95 25 historia,
334 394 93 27 geografi
443 394 41 21 och
500 394 155 21 modersmälet.
681 394 76 21 Säsom
769 394 139 21 medlemmar

75 422 48 21 deri
139 423 86 27 ingingo
241 423 93 20 förutom
351 422 193 28 öfverdirektören,
566 422 281 28 öfverdirektörsadjointen
864 422 41 21 och

74 451 189 28 Ofverinspektorn
279 453 57 19 ännu
352 458 26 14 en
393 451 224 27 generalstabsofficer
627 451 41 21 och
679 454 78 18 tvenne
773 451 64 21 ryska
851 451 55 28 tjen-

77 481 89 20 stemän.
195 479 52 21 Man
264 480 41 20 kan
321 480 55 27 tiga
392 480 50 27 ihjäl
459 487 26 14 en
501 480 45 24 sak,
557 487 47 14 men
616 487 47 14 man
676 480 40 21 kan
729 459 63 42 öckså
805 479 102 22 skratta

78 508 51 28 ihjäl
152 508 47 26 den,
222 508 40 21 och
285 508 37 21 det
342 509 110 20 förefaller
472 509 43 27 mig
530 509 5 20 i
551 511 91 26 yttersta
658 508 53 28 grad
728 508 69 29 löjligt
812 511 31 18 att
859 515 48 21 per-

76 544 72 19 soner,
167 544 44 13 som
232 537 69 27 aldrig
320 537 66 21 hafva
402 537 47 20 hört
464 537 110 28 Topelius”
592 545 63 13 namn
671 539 94 24 nämnas,
781 537 60 21 skola
856 537 52 20 sitta

77 566 7 21 i
101 573 25 13 en
143 565 78 21 komité
244 565 34 21 för
300 568 32 18 att
354 566 93 27 granska
470 566 76 21 Boken
563 573 34 14 om
614 565 49 22 vårt
678 565 56 22 land.
764 565 43 21 Det
823 567 23 19 är
862 573 46 13 mer

77 595 28 20 än
121 593 180 22 förvånansvärdt
315 598 32 17 att
362 602 26 13 en
405 601 83 21 person,
505 602 45 13 som
567 595 81 20 kanske
659 595 47 20 icke
723 595 40 20 kan
780 594 63 28 skilja
856 594 52 21 mel-

78 623 35 21 lan
130 623 83 20 Lifland
230 623 40 20 och
286 623 99 26 Finland,
401 623 54 21 skall
471 625 57 19 sätta
543 624 33 27 sig
591 623 32 20 till
639 623 87 21 domare
741 623 62 21 öfver
815 630 25 13 en
852 622 56 21 läro-

79 651 44 21 bok
146 652 30 20 uti
199 651 54 21 finsk
269 651 87 21 historia
375 651 41 22 och
431 652 100 27 geografi.
562 652 43 21 Det
620 653 24 19 är
659 652 74 27 löjligt,
749 659 47 13 men
812 652 35 26 jag
863 651 43 21 kan

77 680 110 21 föreställa
210 680 48 28 mig,
274 680 54 20 huru
344 680 37 20 det
396 680 68 21 måste
480 680 66 21 hafva
562 680 62 21 känts
640 680 34 20 för
690 680 26 20 de
732 680 138 21 medlemmar
885 679 23 21 af

78 708 172 26 kommissionen,
274 716 45 13 som
344 710 91 20 närvoro
459 709 37 21 vid
520 708 62 22 dessa
605 709 162 27 granskningar.
796 708 42 28 Jag
850 708 58 21 före-

75 737 76 21 ställer
174 738 42 26 mig
239 740 31 18 att
293 737 38 21 det
352 737 35 21 för
405 737 48 21 dem
470 737 68 21 måste
554 738 55 20 varit
626 737 65 28 något
706 736 144 22 förnedrande
865 736 42 22 och

78 765 105 27 hånande,
198 773 35 13 om
249 765 34 21 för
298 766 66 28 öfrigt
379 766 37 20 det
432 774 45 13 mer
493 766 41 21 kan
551 766 66 21 finnas
634 766 118 28 någonting
763 764 144 22 förnedrande

77 794 36 21 för
135 802 26 13 en
184 794 99 28 pedagog
306 802 45 13 som
375 796 55 19 varit
451 795 47 20 med
514 802 32 14 om
563 794 137 28 angifvelser.
729 794 41 28 Jag
786 794 37 21 ber
839 796 31 19 att
886 793 24 21 få

77 822 72 22 lemna
165 824 47 20 mitt
228 823 52 21 fulla
296 823 41 21 och
353 824 48 20 mitt
416 831 74 13 varma
506 823 136 21 erkännande
658 824 22 20 åt
696 823 123 21 Utskottets
830 822 80 22 arbete.

148 880 34 20 Hr
204 880 27 22 U.
247 880 165 21 Lindelöf:
443 880 10 21 I
477 880 109 28 egenskap
609 880 23 21 af
648 880 89 21 medlem
754 880 23 20 af
792 880 115 20 Allmänna

78 908 213 22 Petitionsutskottet
312 908 39 21 har
373 908 38 21 det
434 909 108 28 sjelffallet
565 909 75 21 beredt
662 910 43 26 mig
719 908 189 22 tillfredsställelse

77 940 34 18 att
126 937 127 26 konstatera,
269 937 100 21 hurusom
390 938 150 27 föreliggande
560 937 136 21 betänkande
712 937 37 21 har
766 937 71 21 blifvit
852 944 57 21 upp-

77 968 60 25 taget
153 966 46 20 med
215 967 92 27 sympati
323 966 23 20 af
362 966 26 21 de
404 966 62 21 flesta
482 966 63 21 ärade
558 966 72 26 talare,
641 974 45 13 som
696 969 67 25 yttrat
774 966 33 27 sig
817 966 5 20 i
834 965 74 21 saken.

75 994 46 27 Jag
136 994 94 21 anhäller
252 994 33 21 för
309 996 42 19 min
376 994 34 21 del
427 998 31 17 att
473 994 23 21 fä
512 995 103 27 begränsa
631 994 57 21 hvad
704 995 35 27 jag
754 994 39 21 har
808 997 31 17 att
855 996 53 23 säva

79 1022 180 28 hufvudsakligen
283 1023 32 20 till
339 1023 75 27 frågan
439 1023 92 21 rörande
555 1023 171 28 privatskolorna
749 1022 41 21 och
805 1021 105 22 särskildt

78 1051 33 21 till
135 1051 64 28 några
219 1051 126 21 företeelser
368 1052 22 20 af
413 1051 52 21 allra
481 1054 75 25 nyaste
572 1051 79 26 datum,
667 1051 72 21 hvilka
755 1051 68 20 delvis
840 1051 69 28 knapt

78 1079 68 22 hafva
163 1080 81 21 kunnat
260 1080 126 21 observeras
402 1081 7 20 i
425 1080 152 21 betänkandet.
600 1081 40 20 Att
656 1080 58 28 börja
730 1079 48 22 med
794 1079 61 21 torde
872 1079 38 20 det

79 1109 48 20 icke
150 1108 71 28 undgå
244 1108 77 28 någon,
342 1116 46 13 som
410 1109 40 20 har
464 1109 87 28 jemfört
568 1109 123 21 Utskottets
707 1109 103 20 klämmar
825 1107 60 22 såväl
903 1109 5 19 i

77 1137 70 21 första
163 1144 44 14 som
224 1137 66 20 andra
306 1137 138 28 afdelningen
458 1137 49 21 med
524 1137 26 21 de
565 1137 117 28 yrkanden,
693 1145 45 13 som
749 1137 79 27 göras
820 1133 14 36 i
843 1137 67 20 kläm-

79 1173 72 13 marna
174 1166 31 20 till
221 1165 105 22 särskilda
343 1166 22 21 af
380 1166 27 21 de
424 1166 220 28 petitionsmemorial,
659 1165 72 21 hvilka
746 1165 32 21 till
795 1165 115 22 Utskottet

78 1194 75 21 blifvit
169 1194 142 25 remitterade,
327 1194 101 21 hurusom
444 1195 82 27 ganska
538 1195 118 27 väsentliga
668 1194 115 21 afvikelser
793 1193 117 21 förefinnas

79 1222 78 21 mellan
182 1223 176 27 petitionärernes
383 1223 41 21 och
450 1223 123 22 Utskottets
588 1223 117 28 yrkanden.
735 1223 12 20 I
762 1223 47 20 icke
826 1221 83 22 mindre

77 1252 28 19 än
122 1254 32 17 tre
170 1252 22 20 af
206 1252 240 26 petitionsmemorialen
462 1252 66 28 yrkas
544 1252 106 27 nämligen
668 1251 26 28 på
709 1254 31 18 att
751 1250 84 28 Nådiga
846 1250 63 21 Kun-

77 1279 99 28 görelsen
192 1280 23 20 af
231 1279 41 22 den
289 1281 24 20 11
331 1280 121 21 December
469 1281 62 25 1884,
547 1280 101 21 särskildt
664 1280 48 21 dess
729 1281 12 20 2
758 1280 18 27 8,
793 1279 59 21 hvari
870 1279 40 21 vil-

79 1308 66 21 koren
161 1308 35 21 för
210 1309 192 27 subventionering
416 1309 23 20 af
455 1309 83 28 privata
560 1309 97 21 läroverk
674 1308 93 26 fastslås,
784 1308 71 21 blefve
872 1315 38 13 un-

78 1337 115 21 derkastad
217 1344 26 13 en
267 1338 100 20 revision.
397 1337 78 21 Denna
499 1337 107 28 paragraf,
624 1344 46 14 som
686 1338 77 20 citeras
779 1336 130 21 åtminstone

79 1366 29 27 på
123 1368 38 22 ett,
175 1365 100 28 möjligen
292 1366 27 27 på
335 1366 50 20 flere
402 1366 77 20 ställen
496 1367 6 19 i
521 1365 149 26 betänkandet,
693 1364 117 22 innehåller
825 1365 21 27 ju
862 1372 46 13 som

79 1394 71 20 vilkor
171 1394 34 20 för
224 1394 198 27 subventionering,
440 1397 33 18 att
489 1395 71 27 privat
576 1394 124 21 läroanstalt
715 1394 39 20 bör
769 1394 5 20 i
791 1394 47 20 sina
853 1393 57 20 läro-

79 1422 76 21 kurser
170 1425 93 25 upptaga
279 1430 80 13 samma
375 1423 54 21 mått
445 1422 23 22 af
482 1422 156 28 undervisning
653 1424 6 19 i
676 1424 67 26 bägge
760 1422 26 20 de
798 1421 111 21 inhemska

77 1451 43 21 och
136 1451 63 28 ryska
215 1450 92 28 språken
323 1458 46 14 som
386 1452 6 20 i
408 1454 83 18 statens
508 1452 104 20 läroverk.
644 1450 111 22 Utskottet
774 1449 90 22 föreslår
880 1457 29 13 nu

77 1479 119 21 emellertid
220 1479 48 21 icke
291 1479 71 28 någon
386 1480 95 21 revision
506 1480 22 20 af
553 1480 69 20 denna
646 1479 131 27 förordning.
807 1479 39 21 Att
869 1478 41 22 Ut-
