1061 1678
349 102 206 32 Finansrelationen.
827 103 41 19 643

47 177 139 25 förekommit,
201 177 130 20 åtminstone
348 177 40 20 kan
404 177 35 27 jag
455 177 48 20 icke
520 177 69 20 erinra
605 177 44 27 mig
664 176 37 21 det
718 176 40 22 och
769 176 41 21 kan
821 176 48 21 icke

46 206 63 21 heller
124 205 115 28 godkänna
255 208 31 18 ett
301 205 76 21 sådant
393 205 125 21 förfarande
534 213 34 13 nu.

111 263 34 20 Hr
169 262 25 22 U.
215 262 165 22 Lindelöf:
396 263 41 27 Jag
452 263 79 21 tilltror
547 263 42 27 mig
605 263 47 20 icke
669 265 31 18 att
715 262 90 21 bedöma
827 262 42 21 frä-

47 299 35 20 zan
98 291 118 25 teoretiskt,
237 299 48 13 men
302 291 36 21 vill
354 291 77 21 endast
442 291 130 26 konstatera,
583 294 31 18 att
626 299 24 13 ur
660 291 129 28 föregående
800 291 70 22 landt-

47 320 72 27 Jagars
143 320 107 28 protokoll
274 319 99 28 framgår,
392 323 32 17 att
439 320 25 20 R.
480 328 18 12 o.
515 321 26 19 A.
557 319 91 28 tidigare
664 319 86 21 förfarit
765 319 48 21 med
830 320 39 20 lik-

47 348 70 21 artade
133 348 150 21 betänkanden
307 348 27 28 pä
349 348 24 21 sä
389 350 47 24 sätt,
453 351 32 18 att
501 348 121 21 äterremiss
639 351 35 25 egt
690 356 45 13 rum
751 348 34 21 för
800 351 32 17 att
847 348 23 21 fä

47 377 171 27 amformulering
241 376 111 22 verkstäld
372 378 5 19 i
394 377 225 21 öfverensstämmelse
635 376 50 22 med
701 377 26 21 R.
745 384 18 14 o.
778 377 39 21 A:s
833 377 37 21 be-

47 405 43 21 slut.
121 405 41 28 Jag
178 405 37 21 har
231 405 90 21 framför
337 406 42 27 mig
395 405 131 28 protokollet
541 405 47 21 från
606 406 55 20 1885
678 405 33 21 års
731 405 108 28 landtdag.

113 462 34 21 Hr
163 462 23 21 L.
202 462 168 21 Mechelin:
393 463 42 27 Jag
457 465 45 18 tror
525 462 32 21 Hr
579 462 170 28 Standertskjöld
765 465 43 18 sett
823 462 46 21 litet

47 491 86 28 oriktigt
149 491 27 28 pä
199 491 72 25 saken,
289 491 27 20 dä
332 491 39 20 han
388 493 67 26 säger,
472 494 31 17 att
518 491 39 21 här
572 491 48 21 icke
636 493 23 18 är
675 491 60 27 fråga
751 499 33 13 om
800 491 70 21 Stats-

47 520 114 21 utskottets
177 519 130 28 rättigheter.
339 519 51 22 Icke
406 521 24 20 är
444 520 38 21 det
498 527 33 14 om
548 519 64 28 några
624 519 103 22 särskilda
739 519 130 28 rättigheter,

47 551 48 18 utan
120 548 55 21 blott
198 556 33 13 om
257 556 25 13 en
306 548 62 26 form,
391 556 44 13 som
452 549 20 20 vi
491 556 27 13 nu
534 548 116 21 diskutera.
680 549 42 20 Om
739 548 130 21 Ständernas

47 578 39 19 rätt
101 581 32 16 att
149 577 82 21 besluta
242 577 131 20 annorlunda
385 579 25 18 än
423 577 164 21 Statsutskottet
598 577 110 28 föreslagit
723 578 40 20 kan
776 577 35 20 väl
822 577 47 21 icke

47 605 75 21 tvifvel
146 605 124 21 förefinnas.
300 605 43 21 Det
368 607 23 19 är
414 606 47 21 icke
485 606 70 27 nägon
579 605 55 22 skild
652 605 81 21 förmän
749 605 34 21 för
802 605 68 22 Stats-

47 634 110 26 utskottet,
173 642 33 13 om
223 634 120 21 Ständerna
359 634 89 21 insända
464 642 27 13 en
508 635 113 20 skrifvelse
638 634 40 21 och
693 636 57 26 säga,
765 638 32 17 att
807 633 63 22 Stän-

47 663 65 21 derna
128 663 48 21 icke
191 663 120 27 godkänna,
327 663 47 21 icke
394 663 74 21 förena
485 664 33 26 sig
533 671 32 13 om
583 664 57 20 vissa
656 663 23 20 af
694 663 175 21 Statsutskottets

47 691 85 28 förslag,
147 695 51 17 utan
214 691 111 21 hemställa
341 691 108 21 desamma
465 692 48 20 med
530 691 95 28 ändring.
656 691 79 21 Derför
753 699 64 20 synes
833 691 37 21 det

47 720 46 28 mig,
115 723 31 18 att
161 720 36 20 det
219 720 128 26 förfarande,
363 728 45 13 som
424 721 35 27 jag
475 720 102 26 förordat,
593 722 23 18 är
632 723 54 18 mest
704 720 166 21 öfverensstäm-

47 748 75 22 mande
146 748 47 21 med
217 748 102 28 sakläget,
343 749 100 21 eftersom
466 749 165 27 ansvarigheten
655 748 34 21 för
711 748 116 22 innehållet
847 748 23 22 af

47 777 174 22 Statsutskottets
233 777 135 21 betänkande
379 778 6 20 i
396 777 48 21 hela
456 777 49 21 dess
519 778 130 27 omfattning
660 778 47 20 icke
718 778 6 20 i
738 777 69 28 någon
819 778 50 20 hän-

47 806 57 21 delse
121 806 41 21 kan
178 806 122 28 öfvertagas
316 806 23 20 af
354 806 124 21 Ständerna.

114 863 35 21 Hr
165 863 228 22 Wallensköld:
416 863 59 22 Utan
501 866 31 18 att
555 864 50 26 vilja
622 864 27 28 pä
667 864 64 27 nägot
747 865 43 19 sätt
805 863 66 21 inläta

47 892 42 27 mig
105 892 27 26 pä
154 892 143 21 besvarandet
312 892 22 21 af
357 892 81 28 frägan,
459 893 7 19 i
482 892 87 20 hvilken
586 892 47 21 män
650 892 89 28 tidigare
755 892 53 22 bruk
824 892 47 21 bin-

47 920 37 21 der
107 920 130 21 Ständernas
260 920 129 26 förfarande,
413 921 37 21 ber
464 922 36 26 jag
524 921 53 21 blott
593 924 31 17 att
639 920 23 22 få
677 921 83 28 påpeka
777 929 25 13 en
819 921 51 21 liten

47 949 164 27 omständighet,
234 956 45 14 som
302 949 54 21 talar
380 952 44 18 mot
439 950 37 20 det
492 949 182 28 äskädningssätt,
690 957 44 13 som
752 950 118 20 försvarats

47 978 21 20 af
83 977 34 21 Hr
140 978 113 21 Mechelin.
287 978 43 21 Vid
350 978 72 28 hvarje
438 978 68 28 fräga,
522 986 45 13 som
583 978 140 21 underställes
739 978 131 21 Monarkens

47 1006 105 28 pröfning,
175 1006 38 21 har
236 1006 120 21 Monarken
373 1007 76 20 endast
464 1010 32 17 att
512 1006 78 21 beakta
597 1009 39 25 ett
652 1006 55 21 enda
722 1007 87 27 förslag,
825 1013 45 14 som

47 1035 118 27 förelägges
190 1035 78 21 honom
291 1035 48 20 frän
359 1035 131 21 Ständernas
507 1035 53 22 sida.
591 1036 45 20 Aro
652 1035 27 21 de
695 1035 68 21 skilda
779 1034 91 21 ständen

47 1063 21 20 af
91 1063 58 21 olika
171 1063 61 28 äsigt,
255 1063 24 21 sä
302 1066 31 18 att
355 1064 48 21 icke
426 1063 76 28 nödigt
521 1064 158 21 ständerbeslut
695 1064 66 26 ernäs,
777 1063 94 21 kommer

47 1091 73 28 frägan
143 1093 23 25 ju
188 1093 48 20 icke
260 1092 57 21 inför
338 1092 126 21 Monarken.
495 1093 34 21 Nu
552 1093 68 21 skulle
638 1093 42 20 vii
696 1095 30 18 ett
741 1093 38 20 fall
795 1091 76 22 sädant

47 1127 44 14 som
107 1120 60 22 detta
182 1121 73 21 kunna
270 1121 84 21 komma
370 1122 6 19 i
393 1121 40 21 den
451 1121 151 28 egendomliga
617 1122 135 25 situationen,
768 1124 31 18 att
809 1120 62 21 Hans

47 1149 102 28 Majestät
164 1149 55 21 hade
236 1152 30 18 att
283 1149 55 28 välja
354 1150 89 21 emellan
460 1153 80 18 tvenne
556 1150 88 27 förslag,
658 1150 13 21 ä
686 1157 39 14 ena
735 1150 61 21 sidan
808 1149 63 21 Stän-

47 1177 82 26 dernas,
145 1178 12 21 &
180 1178 66 21 andra
269 1178 61 21 sidan
347 1178 183 22 Statsutskottets.
560 1179 65 21 Detta
642 1179 110 20 förefaller
767 1179 43 27 mig
825 1185 46 14 som

47 1213 24 14 en
87 1206 67 21 sädan
171 1207 143 27 oformlighet,
329 1210 31 17 att
375 1208 35 26 jag
426 1207 111 28 verkligen
553 1208 49 21 icke
613 1207 85 26 förstär,
709 1210 30 18 att
753 1206 119 23 Ständerna

47 1235 70 21 kunna
133 1235 75 21 förena
223 1236 34 27 sig
272 1243 33 14 om
322 1238 31 18 ett
368 1235 77 22 sädant
460 1236 180 28 tillvägagäende.

114 1292 35 21 Hr
164 1292 24 21 C.
211 1292 28 21 G.
257 1292 282 29 Standertskjöld:
562 1293 44 21 Det
628 1295 24 19 är
674 1294 43 27 just
739 1293 133 21 beträffande

47 1320 82 21 formen
145 1321 35 27 jag
196 1321 50 21 ville
261 1321 118 25 framhålla,
398 1324 31 18 att
445 1321 177 22 Statsutskottets
638 1322 170 27 tillvägagäende
825 1322 47 21 icke

47 1348 37 22 bör
105 1356 51 14 vara
178 1352 66 18 annat
266 1351 26 19 än
319 1349 27 21 de
369 1350 69 28 öfriga
454 1350 129 21 utskottens.
612 1350 46 21 När
674 1350 103 21 utskottet
793 1350 80 21 lemnat

47 1378 36 20 sitt
98 1377 136 22 betänkande
258 1378 31 21 till
312 1378 97 26 ständen,
430 1378 167 22 äterremitteras
613 1379 35 21 det
665 1379 32 21 till
712 1379 111 25 utskottet,
839 1386 32 13 om

47 1406 90 21 ständen
159 1414 51 14 anse
226 1406 77 22 sädant
319 1406 101 28 behöfligt
438 1408 3 20 i
458 1407 40 22 och
515 1407 34 21 för
561 1407 209 29 sammanjemkning,
785 1407 42 21 och
837 1407 36 21 det

47 1436 22 19 är
90 1434 102 22 ständens
216 1435 76 27 beslut,
315 1443 45 13 som
384 1436 65 20 sedan
471 1436 55 21 skall
543 1439 102 25 utmynna
662 1437 5 20 i
684 1436 36 21 det
735 1436 86 28 slutliga
837 1436 36 20 be-

47 1464 123 25 tänkandet,
192 1464 41 21 och
251 1472 80 13 samma
347 1466 43 19 sätt
405 1472 45 14 som
467 1464 71 28 öfriga
554 1465 84 21 utskott
652 1465 55 21 skall
722 1464 67 22 ocksä
804 1464 69 21 Stats-

47 1492 105 21 utskottet
175 1493 104 21 använda.
310 1492 143 28 Naturligtvis
472 1494 73 21 finnes
567 1494 37 20 det
620 1494 83 20 skilnad
720 1494 5 20 i
742 1493 37 21 det
794 1493 79 26 arbete,
