1061 1678
381 93 229 31 Folkskolebudgeten.
874 91 40 22 661

157 165 12 22 I
184 165 94 29 enlighet
300 166 48 21 med
363 166 37 22 det
419 166 89 22 sålunda
521 166 74 29 gjorda
609 167 107 28 yrkandet
731 166 112 23 bordlades
858 166 56 22 före-

87 194 93 22 varande
203 194 133 22 betänkande
358 195 32 21 till
406 195 85 29 plenum
512 197 47 20 näst
573 195 56 22 efter
644 195 43 28 det,
702 195 27 22 då
744 203 49 14 svar
807 195 29 30 på
851 195 64 22 Stän-

85 223 78 21 dernas
178 223 155 28 framställning
348 231 33 14 om
397 223 140 29 landtdagens
553 225 134 28 ajournering
702 224 100 22 erhållits.

388 372 222 28 Folkskolebudgeten.

156 423 120 28 Föredrogs

155 480 172 22 Statsutskottets
349 481 117 28 bordlagda
488 481 134 21 betänkande
644 480 41 22 N:o
707 481 13 21 6
736 481 7 21 i
758 481 98 22 anledning
889 481 23 22 af

85 509 48 22 nåd.
156 517 59 21 prop.
236 509 41 22 N:o
300 511 26 20 24
347 509 108 29 angående
470 510 73 27 anslag
559 517 24 14 ur
598 509 196 29 bevillningsmedel
807 510 34 21 för
866 509 45 22 folk-

84 538 164 21 skoleväsendet
263 538 65 21 under
343 538 49 21 åren
408 539 147 21 1905—1907.

155 595 30 21 På
201 595 91 29 begäran
308 595 108 22 lemnades
431 595 62 22 ordet
508 596 22 21 åt

154 652 34 21 Hr
202 652 35 21 W.
253 653 130 27 Ramsay,
404 660 43 14 som
463 653 96 27 yttrade:
589 653 42 27 Jag
647 653 38 20 har
700 652 87 22 anhållit
802 660 34 13 om
851 652 61 22 ordet

86 682 32 20 för
140 684 32 18 att
186 681 7 21 i
208 680 43 29 dag
270 688 95 22 upprepa
387 681 41 21 den
449 680 98 22 anhållan
569 682 35 27 jag
620 682 8 20 i
642 681 39 28 går
702 681 79 28 gjorde,
800 684 32 18 att
847 680 63 22 äfven

84 709 60 22 detta
166 709 133 22 betänkande
323 710 67 21 skulle
412 709 127 29 bordläggas
561 710 31 21 till
616 710 67 21 första
701 710 83 28 plenum
801 710 54 21 efter
875 710 36 20 det

83 746 50 14 svar
155 738 88 22 anländt
265 738 27 29 på
314 738 129 22 Ständernas
465 738 126 22 hemställan
604 746 36 14 om
656 739 131 27 ajournering
802 738 23 21 af
841 738 69 22 landt-

85 766 76 29 dagen.
190 766 67 22 Detta
279 767 77 21 ärende
379 774 61 22 synes
463 768 45 27 mig
529 769 55 19 ännu
607 774 57 14 mera
686 768 103 20 motivera
804 774 26 14 en
845 766 65 22 sådan

86 795 160 29 bordläggning,
262 796 88 21 emedan
365 796 37 21 det
426 796 82 27 förslag
537 796 32 21 till
597 796 120 28 bevillning,
734 803 44 14 som
799 795 112 22 Utskottet

99 825 48 27 jort,
169 826 23 19 är
214 824 127 27 framstäldt,
363 832 45 14 som
430 824 38 22 det
490 824 44 22 står
548 824 28 29 på
598 824 38 22 sid.
652 825 12 21 2
681 825 7 20 i
703 825 112 28 ingressen,
833 824 77 22 »under

96 854 142 27 örutsättning
261 856 32 18 att
315 852 128 22 Ständernas
458 853 92 28 tidigare
565 852 127 22 omnämnda
706 853 125 21 hemställan
847 852 63 29 angå-

83 882 56 21 ende
155 882 132 28 ajournering
302 882 94 21 kommer
411 885 33 18 att
458 882 109 28 beviljas».

153 938 58 22 Frih.
224 946 40 14 von
280 938 112 22 Kothen
408 938 143 22 understödde
567 938 34 22 Hr
616 939 103 29 Ramsays
734 938 85 29 förslag.

153 995 34 21 Hr
201 996 26 21 L.
243 995 147 21 Mechelin:
420 996 45 21 Det
486 995 39 22 har
547 999 58 25 synts
620 997 44 27 mig
680 1004 43 13 som
739 996 68 21 skulle
823 995 86 29 förelig-

82 1023 69 29 gande
174 1023 133 22 betänkande
331 1024 82 21 ändock
429 1024 71 21 kunna
516 1024 114 22 behandlas
651 1024 41 22 och
706 1024 27 22 de
748 1024 77 27 beslut,
840 1031 44 14 som
902 1025 7 20 i

82 1052 114 51 ITI
217 1052 62 22 deraf
294 1053 71 26 fattas,
380 1053 56 28 gälla
451 1053 34 20 för
504 1053 41 21 den
561 1053 100 22 händelse
677 1053 132 28 ajournering
826 1053 83 21 komme

83 1081 32 21 till
131 1081 67 21 ständ.

151 1138 35 21 Hr
207 1138 35 22 W.
263 1139 117 28 Ramsay:
409 1138 42 29 Jag
474 1139 38 21 vill
534 1139 88 28 tillägga
644 1142 32 19 att
699 1139 47 21 mitt
767 1139 79 28 förslag
871 1139 39 28 gär

81 1167 77 21 endast
171 1167 7 20 i
194 1167 40 21 den
250 1168 98 28 riktning,
363 1171 32 18 att
411 1167 79 22 besluts
506 1167 96 22 fattande
617 1167 40 22 bör
672 1167 131 29 bordläggas.

152 1223 34 22 Hr
200 1224 196 22 Wallensköld:
427 1224 43 22 För
485 1224 43 22 den
543 1225 100 22 händelse
660 1225 37 21 det
710 1224 127 29 Höglofliga
847 1224 63 22 Stän-

81 1253 39 21 det
141 1253 92 21 besluter
255 1253 32 28 sig
302 1253 35 21 för
351 1256 32 19 att
398 1256 94 26 upptaga
507 1253 34 22 till
557 1253 128 29 behandling
700 1253 59 22 detta
774 1252 134 23 betänkande

82 1281 46 22 före
149 1281 42 22 den
205 1281 49 29 dag,
269 1289 45 14 som
329 1281 23 22 af
366 1282 35 21 Hr
415 1282 95 29 Ramsay
526 1282 127 29 föreslagits,
668 1282 38 22 ber
719 1283 36 28 jag
769 1285 33 18 att
817 1281 22 22 fä
854 1281 55 22 före-

81 1309 38 28 slå,
134 1313 32 18 att
188 1310 145 22 betänkandet
351 1311 125 28 bordlägges
491 1311 35 21 till
541 1311 67 22 andra
622 1311 85 28 plenum
722 1311 7 21 i
744 1318 93 21 morgon.
867 1310 42 29 Jag

82 1339 39 21 har
143 1339 43 27 mig
207 1339 106 28 nämligen
337 1339 85 26 bekant,
444 1342 32 18 att
497 1339 40 21 det
558 1339 95 21 kommer
678 1342 32 19 att
723 1339 56 21 ifrän
794 1339 116 21 Allmänna

82 1367 209 22 Petitionsutskottet
304 1367 108 22 inkomma
426 1371 32 18 ett
473 1367 136 23 betänkande
624 1368 89 22 rörande
727 1368 76 27 anslag
815 1367 33 21 för
857 1367 53 22 fort-

81 1396 180 27 sättningskurser
276 1396 37 22 vid
328 1396 143 22 folkskolorna
486 1396 30 29 pä
531 1396 77 28 landet,
622 1396 84 22 hvilket
719 1396 136 22 betänkande
871 1403 37 14 an-

81 1424 94 28 tagligen
197 1424 96 22 kommer
315 1428 32 18 att
367 1425 71 21 kunna
452 1425 128 29 bordläggas
595 1425 55 21 först
664 1425 44 21 tills
729 1426 1 20 i
746 1432 86 21 morgon
847 1432 18 14 e.
882 1432 26 13 m.

81 1452 47 22 Det
149 1460 49 14 vore
222 1453 23 21 af
260 1454 51 28 vigt,
327 1456 32 19 att
373 1453 38 22 det
425 1453 128 29 Höglofliga
568 1454 101 21 Ständets
684 1454 138 21 medlemmar
837 1452 71 22 blefve

82 1484 55 19 satte
159 1482 7 20 i
188 1481 84 22 tillfälle
294 1485 33 19 att
349 1482 105 22 behandla
475 1482 62 22 detta
559 1482 114 22 Allmänna
690 1482 219 22 Petitionsutskottets
