1061 1678
382 99 160 32 Deputationer.
838 101 41 20 687

52 179 42 21 gon
109 172 108 28 svårighet
232 171 33 22 för
280 172 47 28 den,
343 180 44 14 som
402 173 23 21 af
441 173 112 22 Utskottet
565 173 95 27 föreslås,
670 177 32 18 att
714 181 26 13 nu
751 173 83 22 anhålla
845 181 34 13 om

52 200 100 22 befrielse
175 200 46 22 från
243 201 38 21 det
300 201 102 29 uppdrag,
417 201 33 22 till
465 201 63 22 hvars
544 202 112 21 utförande
671 202 41 21 han
728 202 22 21 af
767 201 112 23 Utskottet

53 229 127 28 föreslagits.

123 286 71 21 Sedan
217 286 145 22 diskussionen
384 287 88 21 härmed
491 287 113 22 förklarats
623 287 98 27 afslutad,
738 288 68 21 beslöt
821 288 25 21 R.
861 295 18 14 o.

53 315 33 27 A.,
110 315 28 28 på
158 315 34 21 Hr
215 315 215 22 Landtmarskalkens
446 315 161 28 framställning,
623 319 33 18 att
674 317 32 20 till
721 316 138 22 medlemmar
873 317 8 20 i

54 343 239 29 afskedsdeputationen
308 344 33 21 till
355 344 139 21 medständen
512 348 45 18 utse
572 344 73 22 Frihh.
660 344 221 29 Silfverhjelm

52 372 41 21 och
103 372 68 21 Adolf
180 380 49 13 von
239 372 173 22 Bonsdorff
422 376 55 18 samt
487 372 44 22 Hrr
541 373 51 22 Uno
602 373 155 27 Lindelöf,
767 373 53 21 Erik
831 381 49 14 von

53 400 200 21 Willebrand
269 401 40 21 och
324 400 204 28 Svinhufvud,
543 402 22 21 af
580 402 73 21 hvilka
667 402 35 21 Hr
716 402 101 21 Lindelöf
827 402 54 28 egde

53 429 104 21 framföra
179 429 25 21 R.
227 437 18 13 o.
264 430 38 20 A:s
325 429 183 29 afskedshelsning
530 430 32 21 till
586 430 164 27 Presteständet,
765 430 59 21 Frih.
840 438 40 13 von

53 457 120 22 Bonsdorff
187 457 32 22 till
234 457 179 29 Borgareständet
428 458 39 21 och
481 458 35 21 Hr
526 458 136 22 Svinhufvud
672 459 32 21 till
715 459 165 22 Bondeständet.

144 629 152 28 Deputationen
311 629 36 22 för
362 629 280 24 landtmarskalksstafvens
658 631 137 22 aflemnande.

124 686 32 21 Pä
177 686 34 21 Hr
232 686 216 22 Landtmarskalkens
470 687 156 28 framställning
644 687 68 21 beslöt
726 688 25 20 R.
766 695 18 13 o.
800 688 27 20 A.
843 690 38 24 att,

55 716 8 20 i
78 714 94 29 enlighet
187 714 48 22 med
251 718 31 18 ett
296 715 23 21 af
334 715 227 22 Riddarhusutskottet
575 716 114 28 uppgjordt
704 716 84 28 förslag,
803 716 32 22 till
851 716 29 21 le-

53 743 98 21 damöter
173 744 7 20 i
202 743 41 21 den
263 743 128 29 deputation,
407 752 44 13 som
468 744 55 21 efter
538 720 138 57 landtdagens
693 744 118 22 afslutande
827 745 54 28 egde

54 772 34 25 till
103 772 62 21 Hans
181 772 112 21 Excellens
309 772 224 28 Generalguvernören
544 773 136 28 öfverbringa
694 773 187 22 landtmarskalks-

54 800 92 28 stafven,
169 804 46 18 utse
237 800 58 22 Frih.
318 801 84 28 August
423 801 109 22 Wrede
555 805 55 18 samt
631 802 45 21 Hrr
696 802 68 21 Oscar
783 802 98 22 Wasa-

55 830 129 27 stjerna,
200 829 107 28 Uggla,
322 830 166 26 Rosenlew,
503 830 146 22 Forsman
665 831 39 21 och
719 831 120 21 Brakel.

250 972 117 28 Tryckning
384 972 25 23 af
422 973 122 22 utskottens
560 974 127 28 handlingar.

125 1029 35 22 Hr
176 1029 73 22 Alexis
265 1029 195 29 Gripenberg
475 1030 67 21 utbad
557 1031 32 27 sig
604 1031 61 20 ordet
675 1031 39 20 och
724 1031 92 28 yttrade:
838 1031 45 21 Det

55 1058 62 21 torde
141 1059 33 20 väl
196 1066 50 13 vara
265 1058 34 21 för
321 1059 26 21 de
369 1059 63 20 flesta
448 1059 138 21 medlemmar
600 1059 23 21 af
638 1059 89 22 Ständet
743 1059 71 26 kändt,
829 1062 32 19 att
875 1060 8 20 i

59 1087 108 21 utskotten
190 1087 67 21 under
278 1087 69 21 denna
369 1087 102 28 landtdag
492 1087 77 22 utförts
589 1091 30 18 ett
642 1088 79 27 ganska
736 1089 99 20 intensivt
850 1095 32 14 ar-

57 1116 56 26 bete,
135 1123 44 14 som
197 1123 75 20 genom
288 1115 139 29 landtdagens
443 1116 102 28 plötsliga
560 1116 81 21 afbrott
656 1117 54 20 dock
725 1117 47 20 icke
789 1117 94 21 kommer

56 1144 34 21 till
113 1151 67 22 synes.
209 1144 126 21 Emellertid
358 1144 66 21 skulle
447 1145 37 20 det
500 1152 51 14 vara
565 1148 77 25 ytterst
658 1145 119 28 beklagligt,
793 1153 32 13 om
842 1145 41 21 den

57 1173 78 28 mängd
151 1173 22 21 af
188 1173 78 25 arbete,
282 1180 45 14 som
342 1173 88 21 sälunda
445 1173 169 27 ästadkommits,
629 1173 67 22 skulle
711 1173 27 28 gä
753 1174 131 28 fullkomligt

58 1201 93 22 förlorad
174 1201 51 21 eller
241 1201 67 22 blifva
322 1201 51 22 dold
388 1202 7 20 i
411 1201 130 22 Ständernas
557 1202 65 21 arkiv.
652 1202 114 21 Dessutom
782 1210 49 14 vore
847 1203 37 20 det

57 1229 24 22 af
102 1233 45 18 stor
169 1231 51 27 vigt,
243 1233 32 18 att
297 1230 41 21 den
360 1230 78 28 mängd
456 1231 103 26 material,
578 1238 45 14 som
638 1232 8 20 i
660 1231 52 21 flere
727 1231 70 28 frågor
812 1231 73 22 blifvit

58 1258 88 27 samlad,
169 1259 39 21 och
231 1258 27 21 de
280 1258 84 29 äsigter,
384 1267 44 13 som
443 1259 8 21 i
466 1260 82 27 vigtiga
563 1259 71 28 frägor
649 1259 71 22 blifvit
735 1259 94 22 uttalade
844 1259 40 22 och

58 1290 57 18 satta
136 1287 33 21 till
190 1295 98 20 pappers,
311 1287 67 22 skulle
397 1287 67 22 blifva
479 1288 133 28 tillgängliga
627 1288 34 21 för
676 1296 25 13 en
716 1290 66 19 större
797 1288 87 21 allmän-

59 1315 46 27 het;
127 1315 38 22 det
186 1323 50 14 vore
259 1315 63 22 äfven
345 1316 93 28 önskligt
454 1319 32 18 att
501 1316 72 22 kunna
588 1317 78 23 bevisa,
682 1317 36 21 det
732 1317 69 21 denna
816 1317 68 21 landt-

59 1344 43 28 dag
111 1344 48 21 icke
170 1344 96 28 tillbragt
275 1345 33 20 sin
318 1344 32 22 tid
362 1345 8 20 i
380 1344 143 28 sysslolöshet.
538 1344 41 29 Jag
589 1348 60 25 tager
660 1346 42 27 mig
712 1345 71 21 derför
794 1345 91 21 friheten

60 1372 79 22 föreslå
161 1376 31 18 att
211 1373 26 21 R.
252 1380 18 14 o.
286 1374 26 20 A.
328 1373 50 22 ville
392 1374 64 27 Jemte
472 1373 70 28 öfriga
557 1373 62 21 stånd
635 1374 87 27 besluta,
738 1377 32 18 att
784 1374 23 21 ät
821 1376 64 19 samt-

59 1401 44 27 liga
125 1402 81 20 utskott
232 1401 111 29 uppdraga
364 1404 38 24 att,
419 1401 70 21 förrän
506 1402 109 21 desamma
630 1402 99 28 ätskiljas,
743 1402 33 22 till
791 1402 95 28 Expedi-

59 1430 161 21 tionsutskottet
235 1430 131 21 öfverlemna
380 1431 56 20 inom
452 1430 109 22 utskotten
576 1430 175 22 förberedelsevis
762 1430 124 22 utarbetade

61 1458 153 27 betänkanden,
229 1458 124 22 utlätanden
368 1458 41 22 och
424 1459 102 27 material,
543 1459 33 21 för
591 1459 23 21 sä
629 1460 47 21 vidt
690 1459 26 22 de
731 1460 86 21 befinna
832 1460 33 27 sig
879 1460 7 20 i

59 1486 78 22 sädant
151 1487 66 28 skick,
233 1490 32 18 att
279 1487 28 21 de
322 1487 70 21 kunna
407 1487 33 22 till
454 1487 64 29 tryck
533 1488 115 27 befordras,
664 1491 54 19 samt
732 1491 32 19 att
778 1488 23 21 ät
815 1488 71 28 Expe-
