1061 1678
335 461 277 48 Förteckning

448 543 52 18 öfver

60 603 138 22 Finlands
217 602 43 23 till
277 602 170 27 landtdagen
464 601 10 22 i
492 600 166 28 Helsingfors
674 599 30 24 år
720 599 166 24 1904—1905

208 637 164 24 församlade
388 637 172 28 Ridderskap
579 637 48 22 och
644 636 99 28 Adel”).

376 812 202 20 Landtmarskalk:

143 856 56 21 Från
217 856 72 28 början
305 855 22 21 af
343 855 129 28 landtdagen
487 855 33 21 till
536 854 41 22 den
594 856 26 20 25
636 854 88 22 Januari
742 855 65 21 1905:

62 913 36 22 Hr
113 913 101 27 Linder,
227 912 135 26 Constantin,
372 912 188 22 Viceordförande
576 912 6 20 i
598 912 121 28 Kejserliga
735 912 104 21 Senatens
855 910 33 22 för

269 941 91 21 Finland
392 941 274 28 Ekonomiedepartement,
690 940 133 28 Jägmästare
851 939 37 22 vid

269 970 62 21 Hans
348 970 113 28 Majestäts
477 970 54 20 Hof.

168 1032 55 21 Frän
240 1032 40 21 den
297 1033 26 20 27
339 1032 102 21 Februari
459 1032 55 21 1905
530 1031 33 22 till
578 1031 140 28 landtdagens
734 1031 52 22 slut:

63 1079 36 21 Hr
114 1078 198 28 Wuorenheimo,
328 1078 52 21 Erik
397 1078 87 26 Ossian,
500 1077 98 22 Senator.

351 1177 251 20 Vicelandtmarskalk:

153 1221 57 22 Frän
225 1221 141 28 landtdagens
383 1221 73 28 början
472 1221 33 20 till
519 1221 40 21 den
576 1221 26 20 27
618 1220 103 22 Februari
739 1221 64 21 1905:

64 1279 36 21 Hr
115 1279 198 27 Wuorenheimo,
329 1278 53 21 Erik
398 1278 86 27 Ossian,
501 1278 94 22 Senator.

169 1336 57 21 Frän
241 1336 42 21 den
299 1337 25 20 27
341 1335 102 21 Februari
460 1336 56 20 1905
531 1335 32 21 till
580 1335 139 27 landtdagens
736 1335 52 20 slut:

66 1381 58 22 Frih.
138 1387 47 17 von
196 1382 109 27 Hellens,
317 1381 80 21 Gustaf
407 1380 130 28 Waldemar,
549 1380 20 21 J.
580 1380 28 22 U.
618 1379 118 27 Kandidat,
747 1378 147 22 Hofrättsräd.

137 1468 8 9 *)
166 1468 37 17 För
219 1467 24 18 de
254 1466 172 22 ständsledamöter,
443 1472 39 13 som
495 1466 40 18 icke
546 1466 99 18 öfvervarit
658 1465 41 19 hela
710 1464 117 24 landtdagen,
840 1466 20 17 är
873 1464 21 18 ti-

147 1468 5 21 )

66 1490 38 18 den
116 1490 29 18 för
157 1490 97 24 pollettens
267 1490 101 23 uttagande
381 1490 43 18 eller
437 1489 130 19 äterställande
578 1491 65 16 utsatt.

805 1523 20 17 51
