1061 1678
397 69 13 10 .

385 86 189 32 Rösträttsfrägan.
851 88 40 20 723

65 163 100 26 myöntää
182 161 110 22 kuitenkin
309 163 59 26 myös
385 161 172 22 kunnallisveroa
575 161 125 22 maksaville
717 161 83 21 naisille
812 163 79 26 pääsyn

63 190 151 26 ääniuurnalle,
237 191 58 27 joten
319 190 49 21 alku
392 191 84 20 naisten
501 190 143 21 valtiolliselle
661 189 170 22 äänioikeudelle
846 190 46 21 teh-

63 219 78 21 täisiin.

134 247 89 28 Pyydän
239 248 50 20 näin
307 247 55 21 ollen
379 247 96 21 ilmottaa
492 247 154 22 kannattavani
664 250 37 25 nyt
715 247 43 21 heti
775 247 117 28 hyväksyt-

64 276 84 21 täväksi
165 275 145 22 valiokunnan
327 277 117 20 mietinnön
461 275 64 22 ilman
541 277 79 20 mitään
636 275 93 29 lisäystä.

133 333 34 21 Hr
182 333 98 22 V.von
304 333 132 27 Wright:
458 333 75 21 Redan
557 333 28 21 dä
604 333 75 27 frägan
695 340 33 13 om
744 333 148 27 förändringar

64 362 24 21 af
103 361 41 22 den
168 361 101 29 politiska
293 363 115 19 rösträtten
434 361 145 21 behandlades
601 361 28 29 pä
646 361 123 26 1880-talet,
788 361 55 21 tillät
857 362 35 27 jag

67 391 43 27 mig
125 393 32 18 att
179 390 113 21 framhälla
316 390 41 21 den
374 390 178 27 utomordentligt
571 395 57 16 stora
646 390 122 27 betydelsen
785 390 62 21 deraf
862 392 30 19 att

65 419 27 20 de
108 419 65 28 djupa
189 419 72 27 lagren
278 419 22 20 af
317 418 47 21 värt
380 418 45 21 folk
443 418 69 21 skulle
526 426 78 20 genom
620 418 158 21 demokratiska
789 418 103 21 reformer

67 447 88 28 beviljas
179 450 31 18 ett
233 449 69 19 större
326 447 53 21 mätt
395 447 23 21 af
441 447 116 28 inflytande
573 447 27 28 pä
616 447 84 21 landets
715 447 178 28 angelägenheter

65 476 41 21 och
123 476 78 21 väckas
216 476 32 21 till
264 477 90 20 intresse
370 475 34 21 för
426 475 114 22 desamma.
572 476 33 21 De
620 477 74 24 röster,
709 483 45 14 som
770 475 28 21 dä
813 475 80 29 höjdes,

68 512 71 13 vunno
156 505 151 27 bekiagligtvis
323 504 47 21 icke
387 504 128 21 beaktande.
544 504 42 29 Jag
602 506 23 19 är
636 504 61 28 lifligt
707 504 127 28 öfvertygad
846 504 46 21 der-

66 541 34 14 om
126 536 36 23 att,
185 534 5 20 i
213 533 103 21 händelse
340 541 48 13 man
415 533 27 21 dä
466 533 55 21 hade
540 533 150 28 tillmötesgätt
704 533 142 26 arbetarenes,
866 532 26 21 de

67 562 82 21 mindre
167 561 142 26 bemedlades,
325 561 109 28 yrkanden
450 561 135 27 härutinnan,
601 561 48 22 värt
664 561 45 22 folk
725 561 55 22 hade
798 561 47 21 haft
860 565 33 17 ut-

67 591 153 28 omordeniligt
233 591 86 27 mycket
331 591 74 20 lättare
416 593 32 19 att
458 590 106 28 genomgå
572 590 40 22 den
622 591 62 20 svåra
693 591 69 27 kamp,
773 597 45 14 som
827 591 20 20 vi
856 597 37 21 ge-

67 619 137 28 nomkämpat
228 619 68 21 under
319 619 27 21 de
362 626 50 21 nyss
427 619 85 28 gängna
529 619 56 21 ären.
615 619 45 21 Det
675 619 68 21 skulle
758 619 65 21 hafva
839 619 55 21 varit

67 647 50 22 vida
146 648 73 21 lättare
247 651 31 18 att
308 647 151 22 sammansluta
486 648 41 21 alla
553 648 140 27 medborgare
717 647 32 21 till
775 647 118 21 värnandet

67 676 23 21 af
105 676 38 21 vär
158 676 101 29 politiska
283 676 106 28 ställning.
420 676 48 21 Och
491 677 36 27 jag
543 676 107 28 beklagar,
665 679 31 18 att
711 683 48 13 man
775 676 48 21 icke
838 676 54 20 hade

67 705 204 22 förutseende
287 712 42 20 nog
345 708 31 18 att
392 706 42 20 rätt
450 704 90 22 bedöma
555 705 73 21 saken.
658 704 42 28 Jag
715 704 102 28 beklagar
828 704 65 21 äfven

69 733 62 28 lifligt
154 736 32 19 att
207 734 38 21 det
268 734 48 21 icke
338 733 84 33 lyckats
445 736 31 18 att
497 741 37 13 ens
558 734 36 20 vid
615 734 59 20 detta
690 733 142 21 ständermöte
848 732 46 22 föra

67 762 349 28 representationsreform-frägan
443 762 73 28 längre
542 762 54 21 fram
619 764 25 19 än
669 762 56 21 hvad
748 762 61 21 fallet
833 762 61 20 varit.

67 790 52 22 Men
135 792 36 27 jag
186 791 93 28 medger,
304 794 31 18 att
351 791 36 21 det
414 791 48 21 icke
478 792 23 20 är
517 791 81 28 möjligt
613 791 35 21 för
663 790 119 22 Ständerna
797 793 32 18 att
845 798 28 13 nu
888 791 6 19 i

67 820 142 28 landtdagens
233 820 51 21 elfte
305 820 73 20 timme
403 819 72 21 skrida
498 820 33 20 till
547 827 26 13 en
589 820 69 27 saklig
674 819 130 28 behandling
821 819 23 21 af
859 818 36 22 det

69 848 146 28 föreliggande
232 848 152 26 betänkandet,
399 848 40 21 och
455 849 35 27 jag
504 849 66 20 mäste
586 848 81 26 derför,
681 848 62 28 jemte
759 847 38 21 det
807 848 36 28 jag
853 847 42 21 till-

68 877 107 28 kännager
192 878 42 20 min
248 877 124 27 anslutning
385 877 32 21 till
428 877 125 27 yrkandena
565 884 33 14 om
610 876 186 28 nödvändigheten
807 876 23 21 af
840 876 56 21 folk-

67 906 208 28 representationens
298 906 142 27 reformering
464 906 5 20 i
486 905 146 21 demokratisk
656 905 101 27 riktning,
780 905 49 21 dess
845 904 50 22 stäl-

68 934 63 21 lande
147 934 26 28 pä
189 942 26 14 en
236 934 90 21 bredare
350 934 43 26 bas,
416 934 87 21 förorda
520 934 103 28 förslaget
638 934 79 26 derom,
733 936 31 19 att
780 933 115 21 betänkan-

67 962 38 22 det
119 963 65 21 måtte
201 963 130 28 bordläggas
348 963 32 21 till
396 964 61 20 nästa
473 962 108 28 landtdag.

137 1019 34 22 Hr
199 1019 26 22 G.
255 1019 168 22 Schauman:
453 1019 42 28 Jag
518 1019 37 22 ber
580 1019 75 22 endast
679 1022 32 19 att
735 1019 22 21 få
781 1018 115 29 förtydliga

68 1049 49 20 mitt
131 1048 90 28 tidigare
236 1048 99 29 yttrande
351 1048 87 27 derhän,
454 1051 32 18 att
500 1049 36 27 jag
551 1048 94 21 biträder
660 1048 44 21 Hrr
715 1047 131 22 Grotenfelts
857 1047 39 21 och

69 1076 144 29 Gripenbergs
235 1077 187 28 tilläggsyrkande,
438 1079 33 19 att
486 1077 74 28 frågan
584 1077 67 21 skulle
674 1076 103 22 förklaras
797 1075 99 22 hvilande

68 1105 32 22 till
116 1108 60 19 nästa
192 1105 107 29 landtdag,
314 1113 47 14 men
378 1105 49 22 icke
443 1105 68 22 första
527 1106 161 21 reservationen.

136 1163 35 20 Hr
182 1163 72 21 Aarne
271 1162 193 29 Gripenberg:
480 1162 28 21 Jag
538 1162 71 21 anhöll
625 1170 34 13 om
674 1162 61 21 ordet
750 1162 34 21 för
798 1164 33 19 att
840 1164 57 25 yttra

68 1192 43 20 min
126 1191 120 28 anslutning
260 1191 33 21 till
308 1191 37 21 det
360 1191 22 21 af
397 1191 35 21 Hr
446 1170 82 42 Munck
547 1191 75 28 gjorda
636 1191 109 28 yttrandet
759 1190 41 22 och
814 1190 82 29 hoppas

68 1223 38 23 att,
120 1222 38 19 när
173 1219 73 29 frågan
261 1227 34 14 om
311 1219 104 28 utvidgad
430 1221 90 20 rösträtt
535 1222 61 19 nästa
610 1219 56 29 gång
681 1219 23 22 af
714 1219 119 22 Ständerna
843 1226 53 21 upp-

68 1251 60 26 tages
147 1248 32 21 till
198 1248 137 29 behandling,
349 1249 110 28 principen
474 1255 36 14 om
541 1249 88 20 qvinnans
644 1248 40 21 och
700 1255 100 14 mannens
815 1247 81 22 likstäl-

69 1277 66 28 lighet
150 1277 65 21 måtte
238 1277 23 21 af
276 1277 118 22 Ständerna
422 1276 83 22 fastslås.
526 1256 53 42 För
594 1277 68 28 öfrigt
677 1277 36 21 ber
727 1277 36 28 jag
777 1279 32 18 att
824 1276 23 21 få
861 1283 37 14 un-

69 1305 100 22 derstöda
183 1305 34 22 Hr
233 1305 133 22 Grotenfelts
381 1305 79 29 förslag
472 1313 34 14 om
521 1305 155 29 bordläggning
684 1305 31 22 till
723 1307 61 20 nästa
792 1304 106 29 landtdag.

139 1362 35 21 Hr
188 1362 85 22 Rein:
303 1362 42 28 Jag
359 1362 93 28 begärde
467 1362 63 21 ordet
540 1362 33 21 för
583 1365 32 18 att
624 1362 135 21 tillbakavisa
770 1362 27 21 de
808 1361 91 28 beskyll-

71 1392 80 28 ningar,
166 1398 44 14 som
226 1391 39 21 här
279 1391 28 21 ha
322 1391 76 21 riktats
414 1394 44 18 mot
474 1390 118 26 Utskottet,
605 1390 28 22 då
647 1390 37 22 det
696 1398 48 21 nyss
754 1390 39 21 har
803 1390 96 28 påståtts,

71 1423 32 18 att
119 1419 114 22 Utskottet
256 1420 67 21 skulle
340 1419 64 22 hafva
420 1420 106 28 afsigtligt
541 1420 91 27 fördröjt
646 1419 143 21 inlemnandet
803 1418 23 22 af
841 1418 59 22 detta

71 1448 140 22 betänkande.
241 1448 48 22 Här
311 1448 39 22 har
364 1451 15 18 t.
394 1455 19 14 o.
428 1456 27 13 m.
474 1450 90 25 nämnts,
580 1451 31 18 att
625 1448 112 22 Utskottet
752 1448 67 21 skulle
835 1446 65 22 svikit

73 1478 32 20 sin
121 1477 59 29 pligt.
211 1477 42 28 Jag
273 1480 44 18 tror
339 1477 44 27 mig
406 1476 70 22 kunna
496 1476 102 27 försäkra,
613 1480 33 18 att
660 1476 113 22 Utskottet
786 1476 56 28 gjort
856 1475 44 26 allt,
