1061 1678
380 108 76 21 Ryska
467 108 133 21 handlingar.
864 100 42 21 465

221 193 147 34 Fredagen
386 193 56 26 den
462 193 17 26 3
497 193 76 26 Mars
593 193 40 26 kl
653 193 15 26 7
687 200 21 19 e
727 200 36 18 m.

147 256 34 21 Hr
205 256 255 22 Vicelandtmarskalken
482 255 144 28 tillkännagaf
642 257 31 20 att
688 254 219 23 Talmanskonferen-

76 293 40 14 sen
140 285 87 22 beslutit
249 286 80 20 utsätta
351 287 31 19 ett
404 285 87 28 plenum
512 285 32 20 till
560 284 104 28 fredagen
681 284 41 21 den
740 285 27 20 10
782 284 81 21 dennes
879 283 28 21 kl.

77 315 91 20 7em.

384 411 71 27 Ryska
470 410 134 27 handlingar.'

147 462 35 21 Hr
197 461 256 22 Vicelandtmarskalken
469 461 127 22 meddelade
612 464 32 19 att
658 461 63 22 Hans
736 461 116 21 Excellens
864 460 43 21 Ge-

76 491 203 28 neralguvernören,
294 491 8 20 i
317 490 117 28 anledning
449 490 23 21 af
487 490 259 21 Talmanskonferensens
763 489 28 29 pä
805 489 103 22 Ständer-

77 527 38 14 nas
137 519 98 28 uppdrag
258 519 39 20 hos
321 519 78 21 honom
415 519 76 28 gjorda
506 519 158 28 framställning
679 526 33 14 om
729 518 75 29 ätgärd
820 517 89 25 derhän,

77 551 32 18 att
125 547 308 28 Generalguvernörskansliet
447 547 116 22 framdeles
579 547 70 22 skulle
660 547 78 22 affatta
749 548 47 20 sina
807 546 102 22 skrifvel-

75 584 37 14 ser
135 577 32 20 till
191 576 131 21 Ständernas
344 577 84 20 utskott
451 576 29 28 pä
502 576 66 28 nägot
588 576 23 21 af
625 576 27 22 de
674 576 113 21 inhemska
809 575 99 29 spräken,

76 605 75 22 träffat
165 605 41 21 den
226 605 125 28 anordning,
366 607 32 18 att
414 605 182 28 framställningar
611 605 49 21 från
680 604 228 29 landtdagsutskotten

76 634 33 21 till
133 633 106 22 Senatens
255 633 138 22 Ordförande
413 641 35 14 om
469 633 181 22 utbekommande
666 633 23 21 af
704 633 34 21 för
757 633 50 21 dem
829 632 80 28 nödiga

76 662 130 27 handlingar
229 662 48 21 icke
297 669 58 14 mera
378 662 69 21 skulle
470 662 126 28 föredragas
620 661 47 21 frän
684 661 224 28 Generalguvernörs-

77 691 100 25 kansliet,
193 693 51 18 utan
268 690 48 21 frän
339 690 305 29 Ekonomiedepartementets
668 690 76 28 kansli,
768 690 140 28 hvarigenom

77 719 42 21 den
144 719 23 21 af
189 719 120 21 Ständerna
333 719 80 21 äskade
436 719 120 28 ordningen
584 719 133 21 beträffande
743 718 165 22 skrifvelsernas

77 748 66 28 spräk
166 748 83 21 komme
272 750 32 18 att
326 748 156 28 förverkligas;
506 748 41 21 och
569 748 95 21 uttalade
683 748 34 20 Hr
732 746 176 24 Vicelandtmar-

77 776 91 22 skalken
183 777 7 20 i
205 776 153 28 sammanhang
378 776 88 22 härmed
489 776 174 22 önskvärdheten
686 776 62 22 deraf
763 778 32 19 att
809 776 100 27 samtliga

77 805 86 21 utskott
178 804 115 22 framdeles
309 805 51 21 ville
376 805 91 21 aflemna
483 806 46 20 sina
544 806 33 20 till
593 805 154 22 Ordföranden
763 806 6 20 i
785 804 124 28 Kejserliga

77 833 95 22 Senaten
196 834 69 20 stälda
288 834 125 21 skrifvelser
435 834 111 28 angäende
568 834 182 21 utbekommande
771 834 23 20 af
809 833 35 21 för
860 832 48 22 dem

77 862 81 28 nödiga
174 862 127 28 handlingar
315 863 49 21 icke
372 862 32 21 till
418 862 313 28 Generalguvernörskansliet,
742 865 50 18 utan
806 862 33 21 till
850 861 60 21 Eko-

77 890 254 29 nomiedepartementets
347 891 75 21 kansli.

301 982 82 23 Remiss
398 982 27 22 af
436 981 77 29 nädiga
528 982 162 28 propositioner.

151 1033 56 21 Frän
231 1036 85 19 senaste
338 1033 86 28 plenum
440 1033 55 22 hade
510 1034 71 21 härtill
597 1033 109 28 bordlagts
722 1033 41 22 och
779 1033 126 28 föredrogos

79 1069 29 14 nu
124 1062 55 21 efter
193 1062 120 21 hvarandra

302 1125 47 7 TT
546 1127 35 4 PE

278 1125 116 28 nädiga
420 1129 298 25 propositionerna:

150 1177 42 21 N:o
209 1179 32 24 15,
257 1177 149 21 innefattande
422 1177 82 28 förslag
519 1178 32 21 till
562 1177 65 28 nädig
638 1177 126 29 förordning
775 1185 35 14 om
821 1177 91 28 ändring

79 1205 24 21 af
121 1207 26 20 12
163 1207 13 26 8
192 1207 25 20 17
234 1206 57 28 Kap.
313 1206 40 21 och
369 1207 13 20 3
398 1207 12 26 $
428 1207 26 20 18
478 1206 56 28 Kap.
550 1207 7 20 i
573 1207 74 27 Lagen
670 1206 23 21 af
713 1206 42 21 den
779 1207 65 23 10/23
866 1205 46 22 Juli

79 1235 64 49 a
161 1234 112 50 angäendo
296 1243 28 20 ny
347 1234 82 29 lydelse
452 1235 23 21 af
491 1236 25 20 17
533 1235 40 21 och
590 1237 26 19 18
638 1235 56 28 Kap.
704 1234 207 29 ;Byggningabal-

98 1269 30 15 en
152 1270 25 14 oc

151 1319 41 22 N:o
209 1321 32 26 16,
257 1327 34 14 om
307 1320 129 21 utfärdande
452 1320 24 21 af
490 1321 127 27 förordning
629 1321 110 27 angående
759 1321 154 22 arbetstiden

81 1348 9 22 i
106 1348 121 27 bagerier.

152 1404 32 22 Pä
199 1404 157 29 framställning
372 1406 24 21 af
411 1406 35 21 Hr
466 1406 252 22 Vicelandtmarskalken
736 1406 70 22 beslöt
820 1406 26 21 R.
857 1413 19 14 o.
886 1406 29 22 A.

81 1434 110 21 remittera
207 1434 69 28 begge
287 1434 63 21 dessa
364 1435 160 27 prepositioner
534 1435 32 21 till
574 1435 57 27 Lag-
642 1435 40 21 och
693 1435 221 21 Ekonomiutskottet.

151 1531 40 17 N:o
203 1532 29 16 12.
821 1532 24 18 30
