1061 1678
169 89 40 21 722
440 95 24 17 R.
478 100 17 12 o.
507 95 25 17 A.
544 95 60 17 1905.
628 95 24 16 14
664 94 68 21 April.

169 163 72 20 denna
255 162 62 29 fräga
333 163 69 22 skulle
418 163 73 21 kunna
507 163 62 26 lösas,
584 163 41 22 och
640 163 137 28 Regeringen
794 162 37 21 har
841 161 73 22 derför
924 163 49 28 inge

169 193 47 27 ting
238 192 63 28 gjort.
330 191 121 22 Ständerna
474 191 65 22 hafva
558 192 49 21 med
622 194 116 26 yttermera
754 190 141 29 täimodighet
909 191 67 22 anhäi

170 228 33 14 om
219 221 139 28 ajournering
373 220 23 21 af
411 220 156 22 ständermötet
577 220 35 21 för
622 223 32 18 att
664 220 126 28 möjliggöra
800 219 84 27 lösning
895 219 23 22 af
928 219 48 22 dent

169 249 41 22 och
233 249 67 22 andra
325 249 81 28 vigtiga
428 249 79 26 frägor,
529 249 41 21 och
591 249 71 21 denna
686 248 131 22 Ständernas
840 247 98 22 anhällan
960 248 14 21 h

169 279 66 20 mötts
251 277 24 22 af
290 277 144 22 omotiveradt
450 278 76 28 afslag.
556 277 35 22 Då
606 277 42 22 kan
665 285 49 14 man
730 277 62 21 ställa
808 277 41 21 den
865 276 84 29 frågan:
960 277 14 21 h

170 306 138 28 Regeringen
324 306 47 21 haft
383 307 68 20 allvar
461 306 49 21 med
523 307 32 20 sin
566 305 168 29 rösträttsfräga,
746 306 51 21 eller
808 305 38 22 har
857 305 70 22 denna
937 305 37 28 dju

171 335 168 27 betydelsefulla
354 335 61 27 fräga
432 335 105 21 användts
553 335 71 21 säsom
639 337 32 19 ett
686 334 97 28 lämpligt
800 335 177 27 agitationsmotiv

173 370 25 14 en
215 362 108 29 smäaktig
339 364 87 28 politisk
442 363 78 29 kamp?
540 362 42 29 Jag
596 365 24 19 är
635 362 129 29 öfvertygad
779 370 34 14 om
829 365 32 19 att
875 362 41 22 den
928 370 49 20 grup

171 391 23 21 af
219 392 131 25 menniskor,
372 392 35 28 jag
430 392 76 21 tvekar
528 394 32 19 att
579 393 51 26 säga
654 391 145 28 medborgare,
822 398 45 14 som
888 391 90 21 under
962 387 19 37 «

171 419 86 28 gångna
273 419 52 22 åren
341 420 57 21 burit
413 420 105 21 mörkrets
532 420 51 21 fana
598 420 58 28 högt,
672 420 85 21 komma
773 422 32 19 att
820 419 96 28 begagna
932 420 46 27 sig
968 415 13 37 :

171 448 37 21 det
223 448 143 27 förhållande,
383 451 31 19 att
430 449 26 21 de
468 449 77 28 sjelfva
555 448 79 22 försatt
643 449 199 28 representationen
854 449 6 20 i
872 448 106 28 omöjligh:

171 480 31 18 att
225 477 47 21 lösa
296 477 182 28 rösträttsfrågan,
500 477 31 21 till
555 485 26 14 en
605 478 103 27 agitation
732 480 45 18 mot
795 477 182 28 representatione

171 505 52 22 Men
239 506 37 27 jag
302 505 83 22 fruktar
400 506 48 21 icke
465 506 34 21 för
514 506 40 21 den
571 505 96 29 tydning,
683 513 46 14 som
745 509 50 18 utan
811 505 76 22 tvifvel
904 505 75 22 komm:

172 536 31 19 att
219 534 129 22 vindiceras.
376 534 43 28 Jag
434 535 38 21 har
487 534 37 22 det
538 535 124 21 förtroende
677 534 33 21 till
726 534 41 21 den
783 535 99 27 upplysta
898 534 62 21 delen
976 543 3 12 :

171 562 51 22 våra
246 563 105 26 arbetare,
368 563 103 21 särskildt
494 563 27 21 de
539 563 103 28 arbetare,
658 571 46 14 som
721 564 56 20 visat
793 564 33 26 sig
841 570 42 21 nog
898 563 82 28 upplysi

172 593 31 19 att
218 591 74 22 kunna
309 591 57 22 bilda
382 592 94 27 mäktiga
492 599 54 20 egna
562 592 176 27 organisationer,
749 594 32 19 att
791 591 27 21 de
829 594 99 26 nogsamt
938 592 39 20 sko

171 620 148 28 genomskåda
333 620 59 21 detta
408 621 87 20 lumpna
510 621 45 28 spel
572 621 46 26 och,
634 619 117 29 långtifrån
767 623 32 18 att
813 620 73 21 frukta
902 623 31 18 att
944 619 36 22 här

171 655 77 21 genom
273 656 26 14 en
319 649 69 27 klyfta
403 628 64 42 skall
473 651 70 26 öppna
559 650 33 26 sig
608 649 90 21 emellan
715 649 183 21 arbetareklassen
914 648 41 22 och
972 656 8 14 €

171 676 93 22 Tedande
281 677 120 28 borgerliga
416 677 110 21 klasserna
541 678 6 20 i
565 677 47 21 vårt
628 677 56 27 land,
700 678 23 20 är
737 678 36 27 jag
789 677 112 21 medveten
916 684 34 14 om
962 680 18 18 at

171 707 38 19 när
224 705 62 22 detta
313 706 143 21 ständermöte
479 706 96 28 åtskiljes
590 709 51 18 utan
657 706 112 28 möjlighet
784 708 31 18 att
830 706 45 21 lösa
890 707 91 19 rösträtt:

171 733 83 29 frågan,
277 734 59 22 detta
359 734 55 22 skall
437 734 47 22 föra
506 734 32 21 till
561 742 26 14 en
604 736 97 20 närmare
716 734 100 28 förening
830 734 23 21 af
868 735 111 20 arbetaren

172 762 104 22 särskildt
291 762 27 22 de
341 763 157 28 organiserade,
513 763 40 21 och
569 763 26 21 de
612 763 120 28 borgerliga
749 763 110 21 klasserna
873 763 32 21 till
921 770 26 14 en
962 770 20 20 g:

172 798 97 14 mensam
285 792 64 28 kamp
364 792 35 20 för
414 794 32 19 att
461 792 46 21 med
524 792 41 21 alla
579 792 105 21 tänkbara
701 791 108 28 hederliga
826 791 68 21 medel
905 791 77 28 aflägsr

171 819 27 21 de
214 819 119 27 förhinder,
348 828 46 13 som
411 828 28 14 nu
454 820 115 22 förefinnas
585 820 33 22 för
633 821 89 27 frågans
737 820 90 28 lösning,
846 820 105 28 nämligen
962 820 20 21 dt

171 856 28 13 nu
215 848 98 22 rådande
329 848 93 29 olagliga
437 848 118 22 tillståndet
571 850 6 20 i
593 849 78 21 landet.

241 905 36 21 Hr
287 906 47 21 A.
344 906 152 21 Järnefelt:
506 906 87 28 Syvällä
603 906 80 21 surulla
694 906 81 21 valitan
787 906 93 20 minäkin
892 907 43 19 että
943 907 40 19 täm

171 934 74 21 tärkeä
269 934 107 28 kysymys,
400 936 56 19 tämä
479 934 81 22 kansan
585 935 91 21 suurelle
694 934 159 26 enemmistölle,
869 942 37 14 sen
923 934 60 28 syvill

172 962 83 22 riveille
277 964 75 20 tärkeä
375 963 108 29 kysymys,
498 963 83 21 tärkein
598 963 92 21 kaikista
707 963 90 21 laillisen
813 963 87 21 oletilan
917 963 67 28 palau

171 991 88 21 tamista
275 991 120 22 koskevien
411 992 137 28 kysymysten
563 992 91 28 jälkeen,
669 999 29 14 on
715 992 142 21 valiokunnan
874 992 110 20 mietintön

172 1019 111 29 Säädyille
306 1020 65 21 kovin
388 1020 104 28 myöhään
507 1021 73 27 jaettu,
594 1020 85 28 jälkeen
697 1021 152 27 valtiopäivien
865 1020 119 21 lakimääräi

172 1055 37 14 sen
225 1048 50 28 ajan
291 1049 63 20 aivan
372 1049 152 28 valtiopäivien
540 1049 216 28 lopettajaisaattona.
785 1049 161 20 Käsittääkseni
959 1048 25 21 Pe

174 1077 244 21 rustuslakivaliokunta
441 1078 53 21 siinä
514 1078 19 21 ei
549 1078 33 21 ole
597 1079 109 26 täyttänyt
722 1077 193 21 velvollisuuttaan.
946 1077 38 21 Asi

173 1106 18 19 ei
207 1108 39 25 nyt
270 1106 128 21 kuitenkaan
422 1107 54 20 enää
498 1106 32 21 ole
553 1107 147 20 autettavissa.
729 1106 27 21 Ja
775 1106 42 21 kun
834 1106 151 21 aikaisemmist

172 1135 159 27 äänestyksistä
345 1135 21 27 ja
382 1137 37 26 nyt
434 1135 86 20 tänäkin
536 1135 66 21 iltana
617 1135 128 21 lausutuista
759 1134 143 28 mielipiteistä
917 1137 66 18 tunne

172 1163 71 20 tämän
261 1163 86 28 Säädyn
364 1164 138 20 enemmistön
519 1163 91 27 kannan,
624 1171 26 14 en
667 1163 83 21 uskalla
761 1164 78 25 toivoa,
851 1165 43 19 että
904 1163 79 28 nytkää

172 1191 25 20 R.
213 1191 22 28 ja
251 1192 28 21 A.
294 1191 94 22 muuhun
404 1192 128 28 päätökseen
547 1192 73 28 yhtyy,
638 1192 51 21 kuin
705 1193 45 20 että
766 1193 63 19 jättää
841 1192 79 21 asiassa
931 1192 55 28 lopul

172 1219 53 21 lisen
242 1221 142 26 päättämisen
401 1220 65 21 näiltä
482 1221 159 28 valtiopäiviltä,
656 1224 15 18 t.
688 1228 16 13 s.
719 1220 78 29 hylkää
813 1220 107 28 esityksen
939 1220 47 22 vaik

172 1247 65 22 kakin
254 1248 189 22 kaunistelemalla.

241 1276 175 29 Kysymyksessä
432 1278 19 20 ei
468 1278 48 21 näin
528 1277 55 22 ollen
599 1279 53 20 enää
665 1278 37 21 voi
716 1277 43 22 olla
769 1280 73 18 muuta
853 1277 50 22 kuin
915 1278 69 21 kanna

232 1306 98 21 ääminen
346 1306 211 21 äänioikeusasiassa.
586 1307 104 28 Lyhyesti
709 1306 87 21 ilmotan
819 1306 83 21 olevani
917 1307 67 27 yleise

171 1334 21 27 ja
206 1333 130 28 yhtäläisen,
358 1335 50 20 sekä
432 1335 92 21 miehille
540 1337 43 19 että
599 1335 83 21 naisille
699 1337 129 18 annettavan
845 1335 140 21 äänioikeude

173 1362 108 22 kannalla.
310 1362 76 22 Esteet
402 1364 82 20 naisten
500 1363 155 21 äänioikeuden
672 1363 61 21 tieltä
748 1365 51 19 ovat
813 1364 130 20 raivattavat
953 1364 35 27 poi

172 1390 139 22 lähimmässä
335 1392 191 21 tulevaisuudessa.
563 1392 52 21 Kun
638 1392 133 21 kuitenkaan
795 1392 96 21 mietintö
915 1391 72 22 eivätk

172 1419 69 21 siihen
258 1420 81 28 liitetyt
353 1422 145 20 vastalauseet
513 1421 49 21 näin
577 1420 89 28 pitkäiie
682 1428 69 20 mene,
761 1421 21 27 ja
797 1421 68 21 mäistä
876 1428 26 14 ou
913 1420 73 22 sitteki

171 1448 50 20 näin
237 1448 198 28 yhdennellätoista
458 1449 93 21 hetkellä
572 1449 80 21 valinta
667 1448 95 26 tehtävä,
778 1448 100 22 kallistun
894 1450 40 20 itse
950 1449 38 21 mie

172 1477 76 20 tinnön
261 1477 98 28 puoleen,
372 1478 67 21 koska
450 1485 23 13 se
484 1478 134 21 vaikkakaan
630 1479 19 20 ei
659 1478 94 20 kannata
763 1477 78 29 yleistä
851 1477 138 21 äänioikeuttt
