1061 1678
396 89 161 35 Skolväsendet.
839 91 41 21 575

52 165 77 21 endast
145 168 30 18 ett
191 165 265 21 kommunikationsmedel
480 165 41 21 och
536 173 48 13 man
600 165 34 21 får
651 165 47 22 icke
713 165 99 28 glömma,
827 167 31 18 att
873 165 7 20 i

54 194 59 21 detta
129 193 36 22 fall
180 194 64 27 ryska
260 193 87 28 spräket
363 193 41 22 kan
420 193 27 22 ha
463 195 33 20 sin
514 194 110 28 betydelse
648 193 76 22 endast
739 194 33 21 för
787 193 94 22 embets-

54 222 147 21 mannabanan
217 222 41 21 och
274 222 34 21 för
323 222 156 21 affärsmannen
496 222 106 28 möjligen.
633 222 43 21 För
692 223 90 20 flertalet
798 222 39 21 blir
848 225 31 18 ett

54 251 103 20 intensivt
173 251 40 21 och
229 251 108 20 extensivt
351 251 72 21 arbete
439 251 35 21 för
490 251 120 21 inlärandet
625 251 23 21 af
663 251 64 28 ryska
743 251 87 28 spräket
845 250 35 21 för

55 279 41 21 alla
118 279 56 21 tider
194 282 31 18 ett
245 287 44 13 mer
312 279 52 21 eller
380 279 82 22 mindre
478 279 69 22 sterilt
562 279 83 22 sädant.
675 279 44 22 Det
734 282 22 19 är
771 279 109 28 sjelffallet

54 311 31 18 att
101 307 50 22 vära
167 309 83 27 privata
272 308 72 21 skolor
364 310 73 26 tyngst
460 308 103 21 drabbats
579 308 23 21 af
617 308 74 28 slaget.
721 308 68 21 Deras
805 308 74 28 styrka

54 337 39 21 har
107 337 44 27 just
167 336 79 21 bestätt
261 337 6 19 i
283 336 42 21 den
341 338 67 19 större
424 337 73 26 frihet,
512 337 101 20 hvarmed
630 337 26 20 de
672 337 43 20 fätt
728 336 93 21 anordna
831 337 48 20 sina

55 365 167 27 lektionsplaner
237 364 41 22 och
293 365 38 21 sitt
347 365 71 21 arbete
435 366 6 20 i
458 365 72 27 öfrigt.
561 365 43 21 Det
619 365 39 21 har
671 372 77 20 genom
759 364 70 22 denna
840 365 39 20 fri-

54 393 37 22 het
114 393 72 21 blifvit
207 393 48 21 dem
278 394 82 27 möjligt
383 396 31 18 att
429 394 7 20 i
451 395 92 26 gerning
564 395 92 20 omsätta
672 394 26 20 de
713 394 64 25 idéer,
792 400 45 14 som
853 400 27 13 en

54 421 96 29 upphöjd
166 429 38 20 syn
221 421 28 28 pä
263 421 87 22 skolans
366 422 87 28 uppgift
468 422 135 21 frammanat.
634 422 81 28 Hvarje
731 423 42 20 vän
788 421 23 22 af
825 429 55 20 ung-

54 450 89 21 domens
167 450 82 21 välfärd
273 450 38 21 har
332 450 52 21 känt
406 451 32 28 sig
459 458 67 18 varm,
541 451 28 20 dä
585 451 41 20 han
642 451 79 26 erfarit,
736 451 101 20 hurusom
853 451 28 20 de

55 479 84 28 privata
154 479 99 21 skolorna
269 480 56 20 visat
341 487 24 13 en
382 479 110 28 synnerlig
512 479 112 21 förstäelse
640 479 34 21 för
689 479 70 21 tidens
776 479 48 21 kraf
839 479 41 21 och

55 509 6 19 i
77 508 47 21 sina
140 507 118 28 läroplaner
281 509 98 26 upptagit
399 508 64 21 bland
480 507 67 22 andra
563 509 76 20 ämnen
656 507 80 22 sädana
751 515 46 14 som
812 507 69 21 hand-

55 536 61 28 slöjd,
139 536 104 21 helsolära
258 544 26 13 m.
301 544 26 13 m.
359 536 129 28 Betydelsen
512 537 21 20 af
555 539 31 18 att
608 537 31 20 uti
655 537 110 20 skolornas
781 543 99 21 program

56 567 105 26 upptagas
184 565 73 28 dylika
279 567 76 19 ämnen
377 565 33 21 får
431 565 117 28 ingalunda
564 565 71 21 anslås
651 565 35 21 för
701 565 39 28 låg.
770 565 33 21 De
818 565 62 20 flesta

55 593 120 21 läroämnen
192 595 35 19 äro
243 594 21 27 ju
280 601 46 14 som
342 593 66 21 kändt
424 594 23 21 af
462 594 43 21 den
521 596 68 24 natur,
605 597 32 18 att
652 594 27 21 de
692 593 129 22 åtminstone
832 593 48 21 icke

55 621 71 22 direkt
150 622 101 28 befrämja
274 622 126 21 närmandet
423 623 78 20 mellan
524 623 80 20 läraren
628 622 41 21 och
684 623 81 20 eleven.
795 621 87 22 Sådana

54 650 128 26 läroämnen,
198 651 72 20 hvilka
285 651 66 20 hafva
366 658 26 13 en
408 659 58 13 mera
482 651 97 28 praktisk
602 651 111 25 innebörd,
729 651 88 27 erbjuda
832 650 48 21 der-

55 682 58 18 emot
128 679 22 21 åt
166 679 80 21 läraren
269 686 58 14 mera
348 679 84 21 tillfälle
454 682 33 18 att
510 679 52 28 följa
578 679 48 21 med
642 679 87 21 elevens
745 679 23 21 så
783 681 31 19 att
829 680 52 26 säga

55 707 166 29 hvardagssidor
244 707 40 22 och
307 708 43 20 lära
366 708 70 21 känna
451 708 54 21 hans
522 708 232 27 karaktärsegenheter,
769 708 38 20 allt
821 707 59 21 detta

54 736 33 21 till
103 736 90 21 fromma
208 736 34 21 för
257 743 25 15 en
299 736 191 22 individualiserad
510 736 87 28 ledning
612 736 24 22 af
650 736 229 22 karaktärsutbildnin-

54 772 48 20 gen.
132 764 44 22 Det
197 764 68 22 skulle
280 764 28 29 gå
323 765 34 21 för
372 765 59 28 långt
446 768 33 18 att
494 765 38 21 här
547 765 89 21 utbreda
654 766 32 26 sig
702 766 61 20 öfver
779 764 57 22 olika
851 766 30 19 si-

55 793 40 21 dor
109 793 23 21 af
147 793 41 21 den
211 796 66 26 nytta,
293 801 45 14 som
362 794 124 21 införandet
501 794 23 20 af
538 794 81 21 sådana
642 796 75 19 ämnen
733 794 31 20 uti
779 793 101 21 skolorna

55 822 69 21 skulle
139 822 102 21 medföra.
271 822 223 28 Tvängsätgärderna,
510 830 46 14 som
571 822 71 28 åsyfta
658 825 31 18 att
704 822 22 21 åt
740 822 64 28 ryska
820 822 61 28 språ-

54 850 38 22 ket
115 850 78 21 bereda
215 858 26 14 en
264 851 80 21 osundt
367 851 153 21 dominerande
541 852 55 27 plats
618 852 5 20 i
649 851 110 21 skolornas
776 858 105 21 program,

54 879 67 21 hafva
137 879 47 21 med
200 882 31 18 ett
246 879 45 28 slag
307 880 96 28 förqväft
424 880 88 28 mycket
527 880 22 20 af
565 880 36 20 det
615 880 63 28 goda,
694 887 45 14 som
755 879 126 21 decenniers

56 908 145 21 erfarenheter
224 909 76 20 vunnit
323 909 28 27 på
372 908 152 21 skolområdet.
554 908 114 22 Helsolära
689 908 40 22 och
745 908 54 27 slöjd
814 907 67 21 hafva

55 938 138 20 utmönstrats
218 936 48 22 från
289 937 183 27 privatskolornas
494 944 104 21 program,
614 937 42 21 och
677 936 149 29 gymnastiken
843 936 39 21 har

55 965 24 21 så
94 965 53 27 godt
161 972 45 14 som
223 966 6 20 i
245 966 99 27 samtliga
359 965 73 21 skolor
447 965 49 21 lidit
512 969 30 17 ett
557 966 121 28 betänkligt
692 965 90 28 intrång.
813 964 66 22 Hvad

55 997 32 17 ett
103 993 77 21 sådant
201 994 50 20 våld
275 994 89 27 betyder
382 994 34 21 för
432 994 88 21 skolans
535 994 56 27 höga
606 994 86 28 uppgift
707 995 58 20 inses
780 997 50 17 utan
847 994 33 20 vi-

55 1021 57 22 dare.
141 1021 64 22 Emot
221 1029 26 14 en
263 1022 66 21 sådan
346 1022 114 28 ödesdiger
482 1022 107 28 rubbning
604 1023 24 20 af
643 1030 26 13 en
686 1022 33 21 del
735 1022 23 21 af
772 1021 108 28 grundva-

55 1050 59 21 larne
137 1051 34 20 för
194 1051 50 20 våra
267 1051 63 21 barns
352 1051 83 21 välfärd
452 1051 42 21 och
517 1051 34 20 för
565 1051 80 21 folkets
661 1051 59 21 såväl
736 1050 82 29 fysiska
833 1057 46 14 som

54 1079 103 28 psykiska
172 1079 125 28 utveckling
319 1079 41 22 och
382 1079 197 22 framåtskridande
601 1080 72 21 kunna
689 1079 82 21 landets
787 1078 94 22 Ständer

55 1108 48 21 icke
119 1108 34 21 stå
168 1108 110 27 likgiltiga.
301 1107 42 29 Jag
359 1108 63 21 utber
436 1109 45 27 mig
497 1112 31 17 att
543 1108 31 21 till
591 1108 26 21 de
634 1108 63 21 ärade
709 1109 173 27 petitionärerne,

54 1143 46 14 som
128 1136 60 28 bragt
217 1136 70 21 denna
316 1136 60 29 fråga
406 1137 58 20 inför
490 1137 198 28 representationen
711 1137 40 20 och
774 1136 31 21 till
831 1135 47 22 All-

53 1166 78 19 männa
152 1165 217 26 Petitionsutskottet,
392 1173 45 13 som
461 1165 25 22 så
510 1165 114 28 belysande
649 1165 115 21 behandlat
786 1164 95 26 ärendet,

53 1193 101 21 hembära
174 1195 43 19 min
241 1197 69 18 varmt
326 1193 70 22 kända
410 1194 58 26 tack,
484 1194 41 21 och
541 1195 38 20 ber
593 1195 35 27 jag
643 1194 68 21 tillika
727 1197 31 18 att
773 1196 69 18 varmt
857 1193 23 20 få

54 1221 132 22 understöda
201 1222 156 21 betänkandets
373 1223 123 27 antagande
510 1223 6 20 i
531 1223 50 21 dess
596 1223 73 20 helhet
684 1222 40 21 och
739 1222 27 28 på
776 1221 68 28 grund
856 1221 23 21 af

53 1250 40 50 Je
113 1258 50 20 nyss
184 1251 67 28 sagda
273 1251 101 21 särskildt
388 1251 26 21 de
430 1251 110 26 klämmar,
555 1259 46 13 som
624 1251 67 21 finnas
707 1251 28 28 på
750 1251 87 21 sidorna
852 1251 27 20 59

51 1286 26 14 och
109 1280 33 21 60.

121 1336 34 21 Hr
165 1336 26 21 A.
206 1336 172 22 Järnefelt:
392 1337 29 20 Ei
436 1337 63 21 voine
510 1337 83 21 kukaan
604 1337 42 21 olla
655 1339 172 23 tunnustamatta,
837 1337 44 20 että

52 1364 153 22 käsiteltävänä
227 1365 96 21 olevassa
345 1366 137 20 mietinnössä
505 1373 26 13 on
554 1365 94 21 koetettu
669 1365 89 21 tarkkaa
778 1364 65 22 tehdä
857 1364 22 28 ja

50 1389 105 57 paljastaa
176 1393 147 28 täydellisesti,
338 1394 62 21 missä
422 1396 107 19 määrässä
544 1394 220 21 kenraalikuvernööri
780 1393 97 27 vainajan

66 1422 174 28 allinto-ohjelma
260 1422 127 21 koulualalla
407 1423 60 27 pääsi
483 1425 150 19 toteutumaan.
663 1422 139 21 Mietinnössä
817 1428 62 14 sano-

50 1453 56 24 taan,
122 1452 44 20 että
180 1454 50 18 tuon
242 1450 203 28 hallinto-ohjelman
458 1451 161 21 tarkoituksena
629 1451 28 21 oli
668 1450 210 22 koululaitoksemme

50 1479 273 28 epäkansallistuttaminen.
356 1479 52 21 Että
430 1487 23 13 se
475 1479 117 21 todellakin
616 1480 140 28 täydellisesti
781 1480 40 20 sitä
843 1478 35 27 oli,
