1061 1678
167 107 41 21 730
436 113 25 16 R.
475 117 17 12 o.
506 113 24 16 A.
542 112 60 17 1905.
626 113 24 16 14
662 112 67 20 April.

165 181 52 22 åren
238 181 57 22 1906
316 181 40 22 och
376 181 54 22 1907
455 181 37 21 ber
514 181 35 28 jag
571 183 32 19 att
626 180 24 21 få
671 179 84 27 föreslå,
771 182 30 19 att
817 179 38 20 det
869 179 103 29 Höglofli

167 209 91 22 Ständet
273 209 50 22 ville
338 208 72 30 afböja
425 209 124 22 detsamma.

235 266 36 21 Hr
286 267 50 22 Uno
352 267 142 20 Lindelöf
508 266 71 21 anslöt
593 266 33 27 sig
641 265 32 21 till
689 265 59 21 detta
763 265 87 28 förslag.

235 323 33 21 Pä
290 323 34 21 Hr
346 323 219 21 Landtmarskalkens
581 323 157 27 framställning
761 323 68 21 beslöt
845 323 25 21 R.
886 329 18 14 o.
920 323 28 20 A.
964 330 10 13 a

166 351 117 29 godkänna
306 352 112 21 Allmänna
443 352 222 21 Petitionsutskottets
689 351 136 21 betänkande
848 352 5 20 i
861 351 46 21 allt
930 350 44 28 öfri;

166 383 58 19 utom
240 383 33 18 att
288 380 27 22 de
333 380 34 22 för
382 380 164 28 ifrågavarande
561 380 98 21 ändamål
675 380 34 21 för
723 379 51 22 åren
786 380 140 21 1906—1907
938 379 36 21 för:

167 409 74 28 slagna
257 409 101 28 anslagen
373 409 165 21 utmönstrades.

479 551 210 28 Fiskeriföreningen.

236 608 122 28 Föredrogs

236 665 226 21 Ekonomiutskotitets
487 665 133 21 betänkande
644 666 42 21 N:o
710 666 13 20 5
740 666 4 20 i
763 665 116 27 anledning
902 665 22 20 af
942 668 30 18 ett

168 693 166 21 Bondeständet
356 694 122 21 framstäldt
500 694 184 28 petitionsförslag
707 693 112 29 angående
836 693 142 29 beviljande
965 689 17 37 :

168 722 173 22 statsunderstöd
356 722 23 21 ät
394 722 210 28 Fiskeriföreningen
620 724 6 19 i
643 722 99 22 Finland.

236 779 35 21 Hr
287 779 66 21 Ernst
398 787 34 13 von
451 780 106 21 Wendt
573 780 66 20 utbad
658 781 34 26 sig
708 780 61 20 ordet
785 779 40 21 och
841 779 94 28 yttrade:
952 778 28 22 Dc

168 807 43 22 står
228 810 59 18 utom
303 808 38 21 alli
356 808 77 21 tvifvel
449 811 31 18 att
495 808 143 22 förevarande
655 808 135 22 betänkande
810 808 93 20 indirekt
918 808 38 20 har
965 815 15 13 ei

167 836 154 28 sammanhang
343 836 47 21 med
406 836 162 22 återställandet
583 836 23 22 af
621 837 41 21 den
679 837 78 27 lagliga
774 836 125 28 ordningen,
915 836 28 21 dä
959 836 21 20 de

167 866 23 20 är
206 867 31 19 ett
252 864 91 28 faktum,
358 868 32 18 att
405 865 37 21 det
457 865 177 26 statsunderstöd,
645 873 45 13 som
704 865 91 28 tidigare
807 866 55 20 varit
872 864 108 22 tillerkänc

167 893 214 28 Fiskeriföreningen
398 895 6 19 i
420 894 99 26 Finland,
535 894 71 21 blifvit
621 894 99 28 indraget
736 894 27 28 pä
775 894 41 20 den
826 893 75 29 grund,
913 897 31 17 att
959 892 19 22 FF

167 922 185 28 skeriföreningen
370 923 5 19 i
401 923 32 20 sin
456 923 65 27 tjenst
543 922 55 22 hade
621 930 25 14 en
670 930 85 20 person,
772 930 46 14 som
835 930 37 14 var
887 922 93 28 Styrelse

167 950 133 28 misshaglig.
330 950 32 22 På
384 951 70 28 grund
470 951 22 21 af
506 951 63 21 dessa
585 952 134 28 synpunkter
735 951 72 21 kunde
823 958 48 14 man
887 951 62 25 finna,
965 956 17 16 at

167 979 58 21 detta
249 979 225 22 Ekonomiutskottets
499 980 134 21 betänkande
650 980 66 21 borde
732 982 105 26 upptagas
853 980 31 20 till
902 979 80 21 behand

167 1007 44 28 ling
227 1007 42 22 och
286 1008 91 27 afgöras.
403 1008 125 21 Emellertid
544 1008 38 21 har
597 1008 156 28 indragningen
769 1008 24 21 af
808 1007 139 22 understödet
962 1007 20 21 fö

167 1035 214 29 Fiskeriföreningen
405 1037 89 27 tidigare
519 1037 80 21 berörts
618 1038 30 19 uti
668 1036 177 22 Statsutskottets
862 1035 120 22 betänkand

168 1064 47 21 med
231 1065 118 28 anledning
363 1065 23 21 af
402 1065 191 27 finansrelationen,
609 1065 27 28 pä
652 1065 95 28 följande
756 1067 51 19 sätt:
817 1065 57 21 »Det
882 1065 66 21 måste
960 1064 23 21 be

167 1093 73 28 klagas
265 1096 32 18 att
320 1093 35 21 det
379 1093 123 27 understöd,
516 1101 44 14 som
577 1101 25 14 en
618 1094 31 21 tid
664 1094 98 27 ätnjutits
779 1094 22 20 af
816 1093 167 22 Fiskeriförenin

166 1129 41 20 gen
233 1121 42 22 och
298 1122 49 21 med
370 1122 113 28 framgång
506 1122 105 21 användts
627 1123 31 20 till
674 1122 155 28 fiskodlingens
845 1121 139 29 befrämjande

168 1157 87 14 numera
280 1151 113 27 fräntagits
417 1151 65 21 sagda
504 1151 104 28 förening,
624 1151 64 21 hvars
704 1151 70 28 gamla
790 1151 136 21 verksamhet
941 1150 43 21 häri

167 1186 77 20 genom
271 1179 106 21 afbrutits.
407 1179 157 28 Indragningen
581 1180 22 20 af
619 1180 58 21 detta
699 1179 74 28 anslag
796 1179 37 21 har
849 1180 65 20 väckt
931 1187 25 13 en
973 1186 9 14 s

167 1207 88 28 mycket
279 1209 141 26 pinsammare
439 1208 193 29 uppmärksamhet,
648 1216 45 13 som
709 1208 42 21 den
767 1208 62 21 torde
844 1208 66 21 hafva
926 1207 59 21 föran

168 1235 55 22 ledts
239 1236 80 21 endast
329 1237 22 20 af
362 1236 171 22 vederbörandes
545 1237 99 28 missnöje
657 1237 49 21 med
720 1244 26 13 en
759 1236 145 21 framstäende
916 1236 69 21 fiskeri

167 1264 114 21 fackmans
305 1265 99 28 politiska
429 1266 123 21 tänkesätt.»
584 1266 10 20 I
617 1265 142 22 betraktande
783 1265 22 21 af
825 1268 32 18 att
872 1265 74 28 frågan
962 1265 23 20 sä

167 1293 65 20 lunda
253 1293 44 21 fått
313 1301 25 13 en
354 1294 66 27 riktig
437 1294 110 28 belysning
563 1295 5 20 i
583 1293 175 22 Statsutskottets
774 1294 91 27 tidigare
881 1293 105 28 godkänd:

169 1321 136 22 betänkande
327 1322 40 21 och
392 1322 133 28 följaktligen
549 1325 31 18 ett
595 1323 93 20 initiativ
704 1323 6 20 i
726 1322 71 21 denna
817 1322 60 28 fråga
893 1322 65 21 redan
974 1329 12 13 a

167 1349 122 22 Ständerna
313 1350 72 21 blifvit
409 1350 113 26 beslutadt,
537 1350 69 22 skulle
628 1351 35 28 jag
679 1350 80 22 föreslå
774 1353 31 19 att
821 1350 37 22 det
873 1350 113 28 Högloflig:

167 1378 94 22 Ståndet
277 1378 50 22 ville
349 1379 84 21 besluta
456 1382 30 18 att
510 1380 47 20 icke
577 1382 93 25 upptaga
694 1379 143 21 förevarande
861 1378 126 22 betänkand:

167 1407 32 21 till
214 1407 72 28 saklig
302 1407 106 29 pröfning.

235 1464 37 21 Hr
294 1464 57 22 Emil
375 1465 28 21 af
418 1465 186 21 Hällström:
620 1465 114 21 Tahtoisin
751 1464 86 28 käyttää
853 1464 79 28 samoja

167 1493 94 27 missejä,
277 1494 51 20 mitä
344 1493 106 22 edellinen
466 1494 83 21 arvoisa
565 1494 78 28 puhuja
659 1494 76 28 käytti,
748 1493 42 21 kun
803 1493 41 21 hän
852 1492 80 22 viittasi
966 1492 20 21 Val
