1061 1678
165 101 44 16 Hrr
221 101 32 16 W.
266 100 122 17 Hackmans
402 100 39 16 och
453 100 33 19 Hj.
500 99 90 17 Schildts
602 99 176 20 motionsförslag.
861 94 24 19 31

375 204 33 20 10
431 202 144 28 kapitlet.

323 277 111 22 Särskilda
449 276 163 28 bestämningar.

441 340 39 20 121
498 340 17 26 8.

133 380 35 21 Då
192 380 90 27 begäran
306 387 34 13 om
366 379 220 21 konkursförfarande
609 379 136 28 handlägges,
764 379 23 21 så
804 378 40 22 ock
860 378 27 21 då

63 409 52 27 eljes
131 408 118 28 afgörande
265 409 6 20 i
287 407 231 22 konkursförfarandet
533 408 102 28 påkallas,
650 415 39 20 ege
705 407 119 22 domstolen
841 407 46 20 fritt

64 437 83 28 pröfva,
169 436 105 22 huruvida
297 436 129 21 framställdt
449 436 116 28 påstående
581 444 34 13 om
632 437 64 27 något
713 435 174 22 sakförhållande

64 467 23 20 är
102 469 63 18 sannt
188 465 51 21 eller
260 465 53 21 icke.
344 465 116 21 Enahanda
484 465 129 28 befogenhet
636 465 117 21 tillkomme
769 465 118 21 domstolen

65 495 40 22 ock
122 494 37 21 vid
174 494 159 27 handläggning
354 494 23 21 af
392 493 41 22 mål
450 501 34 13 om
507 494 147 27 återvinning;
677 494 39 21 och
733 493 34 22 må
782 493 48 26 den,
846 496 43 17 mot

65 523 86 22 hvilken
174 523 203 27 ätervinningstalan
402 523 63 25 föres,
482 523 55 20 efter
552 523 101 28 pröfning
669 523 71 20 kunna
756 523 86 27 åläggas
859 525 29 18 att

65 552 48 21 med
129 551 26 22 ed
172 551 97 22 bekräfta
285 554 30 18 att
331 551 41 21 han
389 551 36 21 vid
441 551 36 21 det
494 551 116 21 klandrade
626 551 74 21 aftalet
716 551 51 21 eller
780 551 109 27 förfogan-

65 581 36 21 het
117 588 38 13 var
170 581 6 20 i
190 579 43 28 god
243 583 39 18 tro.

443 621 40 20 122
500 621 18 26 8.

134 660 104 21 Ansökan
261 667 34 13 om
319 660 219 20 konkursförfarande
565 660 109 26 inlämnas,
696 660 39 20 där
756 659 133 28 rättegångs-

65 688 157 23 sammanträde
237 689 19 25 ej
273 688 72 28 pågår,
360 688 32 21 till
408 688 41 21 den
467 689 133 27 tjänsteman,
617 696 46 14 som
678 690 24 19 är
717 688 36 22 vid
769 688 120 22 domstolen

65 718 76 21 tillsatt
157 720 31 18 att
202 696 89 42 skrifter
306 717 13 21 å
334 717 49 21 dess
397 718 82 27 vägnar
494 720 99 25 mottaga,
609 717 51 21 eller
676 724 33 14 om
720 717 66 21 sådan
801 718 89 27 tjänste-

67 754 47 14 man
131 747 18 27 ej
166 746 77 26 finnes,
258 746 31 20 till
314 746 131 21 domstolens
467 746 135 21 ordförande.
633 746 45 28 Lag
694 754 79 12 samma
789 753 50 13 vare
855 753 34 13 om

66 775 118 27 förklaring
206 774 41 22 och
269 774 66 21 andra
360 774 88 22 skrifter
471 774 51 22 eller
544 774 132 28 handlingar,
692 774 72 21 hvilka
780 774 61 21 skola
856 774 32 21 till

67 806 69 19 rätten
160 803 93 28 ingifvas
277 803 40 21 och
340 803 48 21 icke
411 803 104 21 inlämnas
531 803 36 21 vid
587 802 301 29 rättegångssammanträde
877 798 14 37 i

67 832 165 22 konkursmålet.

443 878 41 20 123
500 878 18 26 8.

136 918 32 21 På
183 918 72 21 landet
271 926 38 20 ege
325 918 93 27 domare,
433 918 28 20 då
476 918 130 22 häradsrätts
622 918 155 21 sammanträde
793 918 48 21 icke
854 918 36 28 på-

67 947 44 29 går,
127 947 69 21 såsom
212 954 34 13 om
262 946 91 22 domstol
368 948 7 19 i
393 948 10 20 1
420 946 48 28 kap.
479 951 55 17 samt
550 948 39 20 112
601 946 40 22 och
658 948 40 20 119
712 948 25 26 $$
748 950 65 24 sagts,
821 947 86 30 allena

67 976 132 29 handlägga
209 975 95 31 begäran
326 982 33 22 om
371 975 241 29 konkursförfarande,
630 976 195 27 tvångsförlikning
827 967 63 39 "fer

68 1004 133 21 konkursens
225 1001 153 30 nedläggande,
400 1002 25 23 så
440 1004 40 21 ock
504 1004 78 28 bevilja
605 1004 37 26 lof,
661 1011 45 14 som
721 1006 7 19 i
744 1006 27 19 45
787 1005 12 26 &
816 1006 74 19 nämts,

68 1033 47 21 Har
138 1033 90 27 begäran
252 1040 34 13 om
312 1032 219 21 konkursförfarande
554 1033 23 20 af
593 1033 104 26 borgenär
717 1034 73 25 gjorts,
805 1040 47 13 men
869 1032 22 21 af

68 1061 129 28 gäldenären
212 1064 110 24 motsagts,
333 1061 112 21 ankomme
456 1061 56 21 dock
526 1061 48 21 dess
585 1061 85 28 slutliga
686 1061 118 28 pröfvande
819 1061 71 21 städse

69 1090 12 21 å
96 1089 153 28 häradsrätten.

137 1119 72 20 Askar
224 1119 6 20 i
246 1118 114 21 sistnämdt
376 1118 37 21 fall
435 1119 109 20 sökanden
561 1119 33 20 för
610 1119 121 20 ändamålet
746 1119 76 21 urtima
837 1119 52 27 ting,

69 1147 65 21 varde
150 1147 75 21 sådant
249 1149 72 23 utsatt,
337 1147 38 21 där
390 1147 41 21 han
455 1155 61 13 anses
540 1147 135 28 vederhäftig
690 1147 34 21 för
739 1148 52 20 eller
803 1147 28 28 på
847 1147 43 20 för-

68 1176 56 21 hand
141 1176 95 27 erlägger
253 1175 118 22 kostnaden
388 1176 34 20 för
436 1175 125 22 detsamma.
591 1175 71 22 Sådan
680 1177 63 26 utgift
758 1176 53 21 skall
827 1176 63 25 dock,

67 1205 39 20 där
117 1205 92 20 konkurs
221 1204 53 28 följt,
285 1205 77 20 räknas
374 1204 70 21 såsom
456 1205 186 20 konkurskostnad
654 1205 40 21 och
705 1205 110 20 sökanden
828 1205 62 27 godt-

67 1235 63 26 göras
147 1241 23 12 ur
186 1233 150 21 konkursboet.

447 1274 40 20 124
503 1273 17 28 8.

137 1313 37 21 Jäf
189 1313 33 20 för
238 1313 85 21 domare
339 1313 12 20 å
366 1313 73 21 landet
456 1315 74 26 utgöre
553 1313 47 22 icke
616 1313 74 22 hinder
712 1314 33 21 för
766 1314 79 21 honom
861 1316 29 18 att

69 1341 48 21 med
129 1342 90 27 begäran
237 1349 33 13 om
287 1341 219 21 konkursförfarande
518 1345 46 24 taga
577 1342 209 28 domarebefattning
797 1343 5 20 i
815 1341 76 22 sådant

69 1370 94 27 omfång,
178 1377 45 13 som
239 1370 5 20 i
264 1371 38 20 123
319 1370 12 27 $
350 1374 68 23 sagts;
440 1370 82 21 anmäle
545 1370 117 21 emellertid
684 1371 37 21 där
746 1370 144 22 förordnande

69 1398 34 21 för
119 1406 68 13 annan
203 1398 129 21 ordförande
349 1400 5 19 i
370 1398 148 22 häradsrätten
539 1399 87 26 tarfvas,
642 1402 50 18 utan
708 1399 100 28 dröjsmål
823 1399 68 28 jäfvet

68 1428 5 20 i
91 1427 113 21 hofrätten.

139 1455 63 21 Hvad
219 1455 38 21 här
278 1456 87 27 stadgas
385 1464 39 20 ege
441 1456 134 28 tillämpning
590 1456 84 28 jämväl,
689 1456 38 21 där
742 1456 127 22 ordförande
885 1457 6 20 i

69 1484 162 26 rådstufvurätt,
242 1485 5 20 i
259 1484 87 22 hvilken
358 1492 68 14 annan
440 1485 95 27 lagfaren
547 1485 89 21 medlem
646 1485 46 21 icke
703 1485 76 26 finnes,
788 1486 20 20 är
818 1484 74 29 jäfvig.
