1061 1678
277 104 32 15 Hr
321 103 24 16 V.
358 108 20 11 v.
392 103 94 20 Wrights
500 103 176 20 motionsförslag.
877 98 13 21 5

63 171 98 22 fränvaro
184 171 52 22 skall
261 171 80 21 förestä
362 171 102 26 rörelsen;
487 171 92 22 börande
602 171 77 28 jemväl
701 171 28 21 dä
747 172 92 27 utredas,
857 175 32 18 att

63 200 68 21 denne
147 203 24 18 är
186 200 86 28 myndig
287 200 39 21 och
341 201 8 20 i
363 199 123 29 ätnjutande
496 200 24 21 af
529 200 165 28 medborgerligt
702 200 121 22 förtroende
835 204 54 18 samt

63 229 55 21 både
135 229 120 28 berättigad
269 229 40 21 och
325 229 85 28 skyldig
424 232 32 18 att
471 229 57 20 inför
542 229 56 20 finsk
609 229 92 21 domstol
711 237 62 13 svara
783 230 31 21 uti
825 231 64 20 rätte-

63 257 86 28 gängar,
170 265 43 14 som
229 257 23 21 af
266 257 92 21 rörelsen
374 257 93 28 härflyta
482 257 81 22 kunna.
587 257 139 22 Beträffande
742 258 98 21 anmälan
855 265 33 14 om

63 286 41 21 den
124 286 68 23 firma,
210 286 119 21 hvarunder
350 286 91 21 rörelsen
460 286 53 21 skall
533 286 114 25 bedrifvas,
662 286 66 27 gäller
743 286 57 21 hvad
815 287 73 21 därom

63 317 24 18 är
101 315 102 21 särskildt
217 315 106 27 stadgadt.

133 343 59 21 Utan
207 343 100 21 särskildt
322 342 95 22 tillständ
433 342 34 22 mä
481 343 116 21 icke-finsk
612 343 138 28 medborgare
766 343 101 21 öfverallt
882 344 6 20 i

63 372 73 21 landet
151 372 101 28 uppköpa
267 372 200 21 landtmannaalster
482 372 109 21 äfvensom
607 372 8 20 i
628 372 109 21 städerpas
753 372 90 21 hamnar
852 372 36 21 vid

63 404 81 17 masten
162 400 85 28 försälja
262 400 23 21 af
300 400 74 21 honom
390 400 49 28 sjelf
454 400 32 21 till
498 400 71 21 landet
579 400 85 21 införda
675 404 112 23 matvaror,
797 400 91 21 hvarvid

62 429 76 20 honom
162 429 79 27 åligger
263 429 95 28 iakttasa
380 429 57 21 hvad
455 429 7 20 i
481 429 105 21 allmänna
609 429 150 28 författningar
777 429 39 21 och
835 429 27 21 de
881 430 7 19 i

62 457 100 21 städerna
182 457 97 28 gällande
297 457 177 28 hamnordningar
491 457 40 22 och
549 457 66 22 andra
633 457 85 28 stadgar
736 460 23 19 är
779 457 107 29 angående

62 486 87 21 införsel
168 486 22 21 af
205 494 62 13 varor
281 486 143 21 föreskrifvet.
454 486 164 21 Stadskommun
634 489 23 18 är
672 486 121 28 berättigad
808 489 33 18 att
855 486 33 21 för

62 514 65 21 sådan
151 515 124 28 försäljning
296 515 95 28 uppbära
413 515 150 27 näringsafgift
586 515 66 28 enligt
674 515 26 20 de
719 515 23 20 af
761 515 125 21 kommunen

62 543 73 21 härför
151 543 108 21 bestämda
275 543 96 28 grunder.

445 613 11 26 $
475 614 31 19 11.

132 658 43 21 För
193 658 114 21 icke-finsk
327 658 143 28 medborgare,
489 666 43 13 som
552 659 6 19 i
578 658 40 21 den
634 658 88 28 ordning
738 659 12 27 $
768 659 25 20 10
809 659 78 20 omför-

62 686 72 27 mäler,
150 687 73 20 vunnit
238 686 96 22 tillständ
347 690 32 18 att
388 688 8 20 i
407 686 72 22 landet
489 686 51 22 idka
550 686 143 29 näringsyrke,
704 687 55 27 gälle
769 688 8 20 i
787 686 100 22 afseende

61 714 14 22 &
92 716 103 20 rörelsens
214 715 115 21 utöfvande
348 715 108 21 enahanda
476 716 124 28 rättigheter
620 715 39 21 och
681 716 146 28 skyldigheter
842 723 44 13 som

61 743 34 21 för
111 744 57 21 finsk
184 744 142 28 medborgare.

131 772 71 22 Sådan
217 772 116 22 icke-finsk
350 772 136 28 medborgare
502 775 24 19 är
539 773 77 27 jemväl
633 773 118 28 berättigad
766 776 32 18 att
812 773 51 21 reda
879 773 6 20 i

60 801 76 28 skepp,
154 801 54 21 dock
227 804 33 18 att
279 801 101 21 fraktfart
401 801 76 21 mellan
493 801 112 21 inländska
620 804 56 18 orter
692 802 17 28 ej
727 802 34 20 mä
776 801 110 22 bedrifvas

61 830 50 21 med
126 830 64 21 andra
207 830 71 28 fartyg
293 832 25 19 än
334 830 32 26 de,
381 830 35 20 för
430 830 74 21 hvilka
519 830 96 21 inhemsk
631 838 48 13 man
690 832 23 19 är
722 830 164 24 hufvudredare,

60 858 41 21 och
117 858 84 26 sädana,
217 866 44 13 som
277 861 36 18 äro
329 858 177 21 hemmahörande
521 859 7 20 i
544 858 163 28 Kejsaredömet
721 858 112 29 Ryssland.

445 928 11 26 s
473 928 32 20 12.

131 973 64 21 Hvad
211 974 6 20 i
233 973 60 21 detta
308 973 78 29 kapitel
403 976 22 18 är
440 973 101 29 stadgadt
550 981 33 13 om
595 973 101 28 rättighet
706 976 32 18 att
747 973 52 21 idka
809 973 76 21 handel

59 1002 41 21 och
123 1006 65 17 annat
209 1002 142 27 näringsyrke,
369 1002 107 28 tillämpas
500 1002 47 21 icke
565 1002 13 21 &
596 1002 147 21 nedannämda
760 1002 67 28 yrken
845 1002 41 21 och

60 1031 90 27 företag,
168 1030 72 21 hvilka
259 1032 36 19 äro
311 1030 154 21 underkastade
480 1030 79 21 sädana
575 1030 77 21 villkor
666 1030 40 21 och
721 1030 164 28 bestämningar,

59 1067 45 13 som
121 1059 6 20 i
143 1059 104 21 särskilda
261 1059 59 28 lagar
335 1059 37 20 och
390 1059 148 28 förordningar
552 1061 36 19 äro
604 1059 51 20 eller
670 1059 65 21 varda
751 1059 134 21 meddelade:

131 1088 40 27 1:0)
187 1088 134 27 Anläggning
339 1087 34 21 för
391 1087 139 28 bearbetning
544 1087 23 22 af
582 1087 87 28 grufvor
683 1087 40 21 och
739 1087 147 26 malmstreck
876 1083 13 37 ;

130 1118 41 25 2:0)
185 1116 132 22 Bokhandel,
329 1116 50 21 bok-
390 1116 51 21 eller
449 1116 147 28 stentryckeri,
604 1116 52 21 läse-
666 1116 49 21 eller
723 1115 151 22 länebibliotek
881 1124 5 17 ;

130 1146 41 26 3:0)
187 1145 106 28 Apoteks-
309 1145 40 20 och
364 1145 162 28 drogerirörelse
541 1148 55 18 samt
605 1145 137 28 tillverkning
752 1145 40 21 och
803 1144 83 28 försälj-

60 1174 52 26 ning
128 1173 23 21 af
165 1173 65 28 gifter
245 1173 39 22 och
300 1177 105 24 preparat,
421 1174 7 20 i
443 1173 74 22 hvilka
531 1173 42 28 gift
588 1173 69 28 ingär;

129 1203 42 25 4:0)
186 1202 145 28 Tillverkning
347 1202 39 21 och
402 1202 124 28 försäljning
540 1202 23 21 af
577 1202 89 21 bränvin
679 1202 39 21 och
729 1202 66 21 andra
805 1201 80 22 brända

59 1231 53 20 eller
127 1231 135 20 destillerade
277 1231 154 28 spritdrycker;

131 1261 39 23 5:0)
185 1259 132 28 Försäljning
335 1267 14 13 af
373 1260 59 20 viner
447 1259 40 22 och
504 1259 65 22 andra
584 1267 88 20 svagare
688 1259 127 28 rusdrycker
831 1261 55 19 samt

60 1287 153 29 maltdrycker;

130 1317 40 25 6:0)
185 1316 146 28 Tillverkning
351 1316 39 21 och
409 1317 123 27 försäljning
547 1316 23 21 af
585 1316 54 27 krut,
655 1316 101 28 dynamit,
773 1315 113 28 eldfarliga

59 1344 53 29 oljor
127 1344 39 22 och
182 1344 88 22 därmed
284 1344 120 29 jämförliga
418 1344 87 22 vätskor
520 1347 54 19 samt
584 1344 66 22 andra
660 1344 108 29 explosiva
780 1344 51 21 eller
842 1343 44 22 eld-

60 1372 77 29 farliga
153 1375 84 24 ämnen;

130 1402 42 22 7:0)
188 1402 127 23 Värdshus-,
331 1402 60 28 krog-
408 1402 50 21 eller
473 1410 68 13 annan
557 1401 232 29 utskänkningsrörelse
795 1409 6 18 ;

129 1432 41 24 8:0)
185 1430 146 26 Bankrörelse,
347 1438 44 13 som
406 1430 23 21 af
444 1430 63 29 bolag
517 1430 67 26 idkas,
594 1433 55 18 samt
659 1430 104 28 sparbank
774 1429 40 21 och
825 1432 61 26 pant-

59 1458 173 29 läneinrättning;

129 1488 41 25 9:0)
185 1487 227 28 Försäkringsanstalt;
