1061 1678
262 90 219 21 Afskedsdeputation
493 91 34 16 till
537 89 147 18 medstånden.
846 85 41 20 685

195 227 145 34 Fredagen
359 227 55 26 den
433 227 32 26 14
484 227 83 34 April
587 227 37 27 kl.
643 227 24 26 11
687 227 17 26 f.
723 235 34 18 m.

130 295 197 28 Protokollsutdrag
342 296 61 21 öfver
418 297 24 20 R.
458 304 18 14 o.
493 297 37 21 A:s
545 297 66 21 under
622 296 118 29 gårdagens
751 296 84 29 plenum
845 296 41 22 fat-

59 325 52 21 tade
126 325 70 21 beslut
210 325 108 28 upplästes
333 325 31 21 till
380 325 102 28 justering
496 325 40 21 och
551 325 129 28 godkändes.

131 467 34 21 Hr
180 467 205 22 Landtmarskalken
401 468 140 29 tillkännagaf
556 471 33 19 att
602 467 241 22 Talmanskonferensen
854 471 32 18 ut-

61 499 43 18 satt
119 496 63 29 plena
196 496 33 21 till
250 497 1 20 i
267 503 86 22 morgon
368 497 28 20 kl.
412 497 12 21 9
440 497 40 21 och
497 498 59 26 '/,11
574 497 15 21 f.
604 505 27 13 m.

262 651 216 28 Afskedsdeputation
494 651 29 23 till
539 649 145 25 medständen.

129 708 36 21 Hr
186 708 205 22 Landtmarskalken
413 708 118 22 hemstälde
553 708 33 22 till
601 708 26 22 R.
645 716 19 14 o.
683 708 32 26 A.,
730 708 103 22 huruvida
849 708 37 22 det

59 737 50 21 icke
133 744 49 14 vore
205 736 46 22 skäl
271 740 32 18 att
321 737 131 21 omedelbart
470 736 73 22 skrida
557 737 33 21 till
605 737 35 21 val
655 736 23 22 af
692 736 116 22 ledamöter
822 738 7 20 i
845 736 41 22 den

59 765 131 29 deputation,
212 773 45 14 som
279 766 8 20 i
310 766 93 28 enlighet
420 766 49 21 med
484 766 24 21 L.
525 766 52 22 O:ns
592 765 44 22 bud
651 765 67 22 skulle
733 765 33 22 till
781 765 103 22 medstän-

60 794 42 21 den
117 794 103 22 framföra
235 794 26 22 R.
275 802 19 14 o.
309 794 38 22 A:s
362 794 185 29 afskedshelsning
561 794 36 22 vid
611 794 140 28 landtdagens
761 794 125 26 afslutande,

59 822 117 22 hvarjemte
198 822 35 22 Hr
254 822 204 22 Landtmarskalken
475 822 125 22 meddelade
615 826 33 18 att
662 822 224 22 Riddarhusutskottet

59 852 8 20 i
83 851 76 21 sådant
168 851 100 22 afseende
278 852 110 28 föreslagit
396 851 72 22 Frihh.
477 851 221 29 Silfverhjelm
708 851 40 22 och
757 851 68 21 Adolf
835 858 51 15 von

59 880 176 22 Bonsdorff
249 883 55 19 samt
318 876 40 37 Hrr
370 880 342 28 Alexander
512 876 15 37 A
540 880 114 28 minoff,
665 876 56 37 Erik
734 888 39 14 von
797 880 88 21 Wille-

60 908 98 22 brand
180 909 40 21 och
240 908 50 23 Uno
305 909 156 26 Lindelöf,
477 909 23 21 af
515 909 73 21 hvilka
602 908 35 22 Hr
652 908 100 22 Lindelöf
767 908 67 22 skulle
849 916 35 14 an-

60 937 47 21 föra
124 937 151 29 deputationen
295 937 33 21 till
346 937 165 27 Presteståndet,
526 937 57 22 Frih.
598 945 41 14 von
654 937 117 22 Bonsdorff
784 937 33 21 till
832 937 52 21 Bor-

59 965 137 29 gareståndet
209 966 41 21 och
265 966 34 21 Hr
314 966 99 22 Aminoff
427 966 32 22 till
474 966 166 22 Bondeståndet.

128 1022 35 21 Hr
184 1023 66 21 Ernst
270 1023 151 21 Estlander
454 1023 93 28 föreslog
561 1023 41 21 den
618 1022 123 29 förändring
755 1023 8 20 i
778 1022 106 27 förslaget,

59 1054 32 19 att
105 1051 121 29 uppdraget
241 1054 32 19 att
287 1051 74 22 anföra
376 1051 151 29 deputationen
542 1051 33 22 till
590 1051 161 22 Bondeståndet
765 1051 65 21 måtte
840 1058 44 14 om-

59 1079 70 22 betros
145 1079 34 22 Hr
194 1079 139 22 Svinhufvud.

127 1137 34 21 Hr
179 1137 123 21 Alexander
346 1137 125 22 Aminoff:
501 1137 44 21 För
559 1138 43 21 min
617 1137 36 22 del
668 1137 38 22 ber
719 1137 35 28 jag
769 1137 22 21 få
805 1136 28 29 pä
847 1137 37 21 det

58 1168 106 19 varmaste
187 1165 130 22 understöda
338 1165 37 22 det
397 1165 23 22 af
441 1165 35 22 Hr
490 1165 114 22 Estlander
618 1165 74 29 gjorda
706 1165 107 29 förslaget.
842 1165 41 28 Jag

57 1194 40 21 har
111 1194 48 21 icke
175 1194 90 29 deltagit
279 1195 7 20 i
301 1194 238 22 Riddarhusutskottets
553 1170 129 58 behandling
697 1194 22 21 af
731 1194 60 21 detta
800 1193 83 26 ärende,

58 1222 40 22 och
114 1223 62 27 hade,
190 1230 35 14 om
240 1223 47 22 icke
302 1223 35 21 Hr
351 1223 115 22 Estlander
481 1223 90 22 kommit
585 1224 44 27 mig
643 1223 8 21 i
666 1223 80 28 förväg,
761 1223 57 22 velat
833 1224 50 27 göra

58 1259 81 14 samma
154 1251 80 29 förslag
249 1259 45 14 som
309 1251 42 22 han
366 1251 38 22 här
419 1251 113 22 framstält.

126 1308 58 22 Frih.
203 1309 26 21 R.
248 1309 27 21 A.
289 1309 116 21 Wrede:
435 1309 74 21 Ehuru
526 1309 33 28 jag
573 1316 66 21 anser,
654 1311 33 19 att
702 1309 33 21 Hr
750 1308 133 22 Svinhufvud

58 1337 44 21 lika
123 1337 35 21 väl
178 1344 45 14 som
245 1337 34 21 Hr
293 1337 100 22 Aminoff
407 1339 24 19 är
445 1338 133 28 synnerligen
593 1337 88 29 lämplig
695 1340 32 18 att
741 1337 102 21 framföra
857 1337 26 21 R.

57 1373 18 14 0.
97 1366 38 21 A:s
151 1365 184 29 afskedshelsning
349 1366 33 21 till
397 1365 166 27 Bondeständet,
579 1366 67 21 skulle
660 1366 36 28 jag
710 1365 55 22 dock
779 1365 33 21 till
828 1365 55 21 före-

57 1394 126 22 kommande
205 1394 24 22 af
251 1395 131 27 omröstning
403 1394 41 22 och
466 1394 42 22 den
530 1390 135 58 panin
686 1402 45 14 som
754 1393 88 23 dermed
860 1395 23 19 är

56 1422 95 27 förenad,
171 1422 112 22 hemställa
303 1430 34 14 om
356 1426 32 18 att
403 1423 25 21 R.
444 1430 18 14 o.
477 1423 27 21 A.
520 1423 67 21 skulle
601 1423 113 29 godkänna
728 1422 155 22 Riddarhusut-

57 1452 91 21 skottets
163 1451 80 28 förslag
258 1451 144 22 oförändradt.
424 1452 68 21 Detta
506 1452 81 28 förslag
601 1459 63 21 synes
679 1452 43 28 mig
737 1459 51 14 vara
798 1450 85 30 mycket

56 1480 35 21 väl
105 1480 143 29 hopkommet.
594 1486 2 2 N
