1061 1678
181 99 41 20 642
450 106 24 16 R.
488 110 17 12 o.
518 106 24 16 A.
555 106 60 17 1905.
639 106 23 17 12
675 106 67 20 April.

182 174 42 27 mig
240 176 33 18 att
289 176 31 19 ett
342 176 65 19 annat
422 173 124 22 förfarande
562 174 106 28 svårligen
685 173 61 22 torde
762 173 43 22 låta
821 173 73 21 förena
912 174 32 27 sig
960 181 30 14 me

182 201 176 22 beskaffenheten
374 202 23 21 af
412 202 40 21 den
468 202 138 28 granskning,
622 202 89 21 hvarom
726 202 39 21 här
780 204 23 19 är
818 202 68 27 fräga.

251 270 35 21 Hr
301 270 24 21 L.
340 270 166 22 Mechelin:
529 271 53 21 Med
606 271 115 28 anledning
743 271 22 20 af
789 271 34 20 Hr
845 271 54 21 Axel
923 271 65 21 Antel

180 298 102 29 yttrande
295 299 37 20 ber
341 300 35 27 jag
386 302 32 18 att
428 299 23 21 fä
461 299 117 27 framhälla,
589 302 31 19 att
630 299 37 22 det
678 299 47 22 icke
737 299 89 22 bereder
837 299 65 28 nägra
911 299 75 21 formel

182 327 135 27 svårigheter
332 331 30 17 att
385 328 60 27 gifva
461 328 84 28 uttryck
561 328 23 21 ät
599 328 130 21 Ständernas
747 328 70 21 beslut
832 329 6 19 i
854 328 116 27 anledning
985 335 5 13 %

182 356 26 21 de
231 356 193 28 förslagspunkter,
446 364 45 13 som
514 356 51 28 ingå
587 357 27 28 pä
636 356 39 22 sid.
698 357 27 21 65
747 357 6 20 i
770 356 151 26 betänkandet,
937 356 53 21 dere:

182 384 122 21 Ständerna
327 384 89 21 omfatta
440 385 36 20 det
499 385 23 21 af
543 385 58 21 Frih.
623 385 81 21 Wrede
720 385 90 20 anförda
826 385 108 27 förslaget.
965 384 25 21 Di

182 413 69 21 skulle
267 413 125 21 härutöfver
409 415 5 19 i
430 413 127 22 skrifvelsen
574 414 78 21 uttalas
666 417 36 23 att,
713 413 28 21 dä
750 413 59 22 detta
822 413 134 21 betänkande
970 420 20 14 vi

181 441 91 22 föremål
303 441 34 21 för
367 441 101 28 pröfning
491 443 55 20 inom
570 442 98 26 stånden,
696 449 48 14 man
771 442 72 21 funnit
868 445 30 18 att
923 449 67 14 reser

181 471 132 20 kasernerna
328 471 7 20 i
351 470 89 21 främsta
455 474 91 17 rummet
563 471 65 21 borde
644 478 121 14 reserveras
781 471 34 20 för
832 471 68 21 finska
916 470 74 21 militär

183 498 107 26 ändamål,
315 499 27 20 dä
365 507 47 13 man
436 499 41 21 kan
494 503 81 18 emotse
597 503 31 17 att
644 507 27 21 ny
687 500 78 21 militär
781 499 123 28 uppställes,
921 499 41 21 och
977 507 11 12 a

183 527 92 21 ständen
300 527 72 22 derför
387 527 84 22 anhälla
486 531 31 18 att
532 528 88 28 förtidig
636 528 127 29 disposition
779 529 23 20 af
818 529 127 20 kasernerna
961 528 29 21 ick

183 556 67 21 mätte
273 556 38 21 ske
334 557 6 20 i
356 557 37 20 det
408 557 62 27 syfte,
486 564 44 14 som
546 557 39 20 här
599 557 65 28 ingär.
694 557 129 27 Derigenom
841 557 40 20 blir
896 557 21 27 ju
932 556 58 28 fräga

182 585 50 20 fullt
247 585 76 28 tydlig.
339 585 42 21 Om
397 593 28 12 nu
437 585 5 20 i
456 585 58 22 detta
526 586 104 21 särskilda
640 586 44 25 fall,
696 585 38 21 der
744 586 25 20 sä
780 585 76 27 många
867 585 71 27 frågor
950 586 5 19 i
973 585 17 21 b

182 613 121 21 tänkandet
319 614 82 21 berörts
416 614 40 21 och
473 621 44 14 mer
532 616 27 19 än
575 615 82 27 vanligt
673 614 76 27 mänga
765 613 186 29 förslagspunkter
962 613 26 21 de

182 643 32 20 uti
230 642 57 27 ingå,
312 642 111 21 resultatet
445 643 23 20 af
484 643 154 21 betänkandeis
655 643 131 27 behandling
801 643 6 20 i
823 643 90 20 stånden
931 642 59 21 blefv

182 673 32 18 att
236 670 122 22 Ständerna
379 672 6 19 i
402 671 103 21 särskilda
526 671 59 21 delar
601 672 50 27 vilja
667 671 65 21 hafva
748 671 65 27 något
829 671 32 21 till
878 671 50 21 eller
944 671 46 27 någ:

181 699 135 27 förändradt,
339 700 24 20 sä
384 699 83 21 komme
490 700 28 20 dä
541 700 129 21 Ständernas
694 700 122 25 skrifvelse,
832 699 101 21 hvarmed
950 699 40 21 det

181 728 140 21 betänkande
337 728 107 26 insändes,
459 731 31 18 att
505 728 65 22 hafva
585 730 67 20 större
668 728 131 28 omfattning
814 730 26 19 än
851 728 64 25 förut,
927 728 28 20 dä
967 727 23 21 de

182 757 118 27 vanligtvis
323 756 47 22 haft
392 756 83 22 formen
499 757 23 21 af
543 760 30 18 ett
589 757 72 21 enkelt
676 757 91 21 vehikel.
800 756 77 21 Denna
892 756 98 22 skrifvelt

182 785 69 21 skulle
275 786 86 26 tryckas
384 784 40 22 och
443 786 75 28 ätfölja
533 786 270 28 landtdagshandlingarna
818 785 70 21 säsom
906 785 84 28 komple

182 814 77 27 tering,
283 822 48 13 men
354 816 33 20 att
401 814 76 29 trycka
496 822 34 14 om
545 814 59 22 detta
621 814 136 22 betänkande
773 814 34 21 för
823 817 30 18 att
870 814 26 28 pä
912 816 32 18 ett
959 814 31 18 ell

182 846 67 17 annat
265 843 62 21 ställe
341 842 23 22 få
380 843 41 27 detj
436 843 131 27 förändradt,
582 851 63 20 synes
661 844 44 26 mig
721 842 47 22 icke
780 850 51 14 vara
841 842 107 28 praktiskt
959 842 31 21 ell:

182 870 47 22 med
250 870 77 22 hittills
343 872 110 28 iakttagen
469 872 92 28 ordning
573 871 240 23 öfverensstämmande.

252 940 35 21 Hr
300 940 24 21 C.
337 940 27 22 G.
380 940 274 28 Standertskjöld:
669 940 44 22 För
724 941 42 19 min
781 940 34 21 del
826 940 38 20 har
876 941 35 27 jag
923 940 67 21 alldel:

183 976 81 14 samma
280 968 174 29 äskädningssätt
465 977 45 13 som
522 969 33 21 Hr
566 969 83 21 Kasten
661 969 80 21 Antell.
762 968 43 28 Jag
815 969 42 21 kan
869 970 43 20 inte
924 969 66 27 begri;

182 1000 31 18 att
229 997 167 22 Statsutskottet
415 998 68 21 skulle
499 998 64 21 hafva
580 998 65 27 några
660 997 67 22 andra
743 997 124 28 rättigheter
882 999 27 19 än
926 997 64 21 hvilke

182 1028 65 19 annat
270 1026 84 21 utskott
376 1033 45 14 som
437 1026 61 21 helst.
528 1026 44 21 Det
590 1028 23 19 är
628 1026 132 27 fullkomligt
775 1026 42 21 lika
833 1025 66 22 stäldt
914 1033 46 14 som
976 1029 11 17 ö

181 1055 46 27 riga
243 1055 90 21 utskott.
362 1055 78 21 Derest
456 1058 30 18 ett
502 1054 229 22 utskottsbetänkande
747 1055 48 20 icke
810 1054 131 28 godkännes,
952 1054 38 21 äte:

181 1084 121 20 remitteras
325 1083 36 21 det
376 1083 32 21 till
432 1084 109 25 utskottet,
557 1091 43 14 som
617 1091 50 20 eger
683 1086 31 18 att
727 1083 166 28 sammanjemka
908 1083 27 20 de
951 1082 39 21 olik

182 1112 108 27 äsigterna
313 1112 41 21 och
376 1112 92 21 inlemna
487 1113 103 26 förslaget
605 1112 72 21 derom
694 1112 33 21 till
742 1111 98 22 ständen.
870 1112 84 21 Samma
969 1111 21 21 fa

182 1142 23 19 är
220 1140 38 21 det
280 1140 48 21 med
352 1140 169 22 Statsutskottet.
551 1141 42 21 Om
616 1141 167 21 Statsutskottet
807 1140 66 21 ocksä
891 1140 39 21 har
946 1140 44 21 verl

182 1169 51 20 stält
257 1169 132 28 granskning
411 1170 23 20 af
455 1169 177 29 räkenskaperna,
654 1169 25 22 sä
703 1169 40 21 kan
771 1169 36 21 det
822 1169 22 28 ju
860 1169 47 21 icke
923 1169 67 21 komn

181 1198 6 20 i
199 1197 62 28 fråga
277 1201 31 18 att
323 1197 126 26 Ständerna,
464 1205 45 14 som
526 1199 47 20 icke
589 1198 65 21 hafva
670 1198 91 27 tillgång
776 1198 33 21 till
820 1197 76 26 nödigt
906 1198 84 20 materit

182 1226 70 21 skulle
279 1227 59 28 börja
361 1227 98 21 kritisera
482 1227 51 21 eller
555 1227 115 21 verkställa
686 1226 91 28 ändring
793 1226 50 26 deri,
859 1226 57 22 hvad
932 1226 58 28 sjelfs

181 1255 162 28 granskningen
359 1255 138 27 vidkommer,
512 1263 48 14 men
577 1255 132 22 beträffande
725 1255 27 21 de
768 1255 132 26 uttalanden,
915 1262 45 14 som
977 1256 13 19 ti

182 1283 54 28 följd
267 1284 22 20 af
317 1285 158 27 granskningen
502 1284 72 21 blifvit
598 1284 75 28 gjorda
697 1283 22 22 af
745 1283 171 26 Statsutskottet,
942 1283 48 21 mås

182 1312 123 21 Ständerna
328 1320 39 20 ega
389 1315 42 18 rätt
455 1315 31 19 att
500 1313 53 28 yrka
569 1313 27 28 pä
611 1313 98 27 ändring,
725 1312 40 21 och
781 1312 24 21 sä
821 1312 38 21 har
874 1312 66 22 ocksä
955 1319 35 14 var

182 1341 62 20 fallet
268 1341 36 20 vid
328 1341 26 21 de
370 1342 14 20 3
399 1341 51 21 eller
469 1342 13 20 4
498 1341 132 28 landtdagar,
646 1341 28 21 dä
689 1342 36 26 jag
740 1342 61 20 suttit
817 1341 5 20 i
839 1341 151 21 Statsutskotte

182 1372 31 18 att
234 1368 178 22 Statsutskottets
433 1370 134 21 betänkande
583 1370 176 21 äterremitterats
775 1369 41 21 och
832 1369 158 27 förändringarr

182 1398 5 20 i
203 1397 57 20 form
277 1398 23 20 af
313 1398 297 28 sammanjemkningsförslag
620 1398 137 22 återkommit
767 1398 32 21 till
810 1398 126 21 Ständerna.
958 1397 32 21 Me

182 1428 30 18 att
228 1425 168 23 Statsutskottet
410 1426 68 22 skulle
500 1427 85 21 komma
599 1430 31 18 att
645 1428 76 26 utgöra
737 1434 26 14 en
779 1426 56 22 skild
852 1426 50 22 länk
918 1427 7 20 i
940 1425 50 22 land

182 1454 146 28 dagsarbetet,
344 1455 120 21 oberoende
480 1456 22 20 af
518 1456 125 25 Ständerna,
660 1455 42 21 och
718 1458 31 18 att
762 1456 49 20 dess
823 1454 110 22 utlåtande
944 1454 46 21 alld:

182 1483 30 21 les
229 1484 148 28 sjelfständigt
392 1484 69 21 skulle
476 1484 108 22 inskickas
600 1484 31 21 till
647 1484 63 21 Hans
721 1484 110 28 Majestät,
842 1487 44 18 tror
896 1484 36 27 jag
942 1483 46 21 aldr
