1061 1678
173 110 11 21 6
502 116 24 16 R.
540 121 17 10 o.
570 116 25 16 A.
608 116 59 16 1904.

244 185 53 26 10:0)
312 183 108 22 Mäkiare-
435 183 41 22 och
490 183 274 29 auktionsförrättareyrke
754 179 14 37 ;

243 213 54 26 11:0)
314 208 21 57 TJ
338 208 169 57 pplagemagasta
522 212 49 21 med
586 214 42 19 rätt
643 215 33 18 att
690 212 83 29 utgifva
786 215 108 23 warrants;

243 242 54 24 12:0)
313 241 135 28 Anläggning
464 241 39 20 och
514 241 140 21 bedrifvande
664 241 23 21 af
696 242 87 27 jernväg
794 243 55 19 samt
858 240 91 28 telegraf
958 241 40 20 och

173 269 167 28 telefonledning
355 269 34 21 för
404 269 88 22 allmänt
506 269 148 28 begagnande;

243 299 55 25 13:0)
314 298 135 28 Anläggning
464 297 22 22 af
502 298 114 21 elektriska
631 298 67 21 kraft-
714 299 51 20 eller
780 297 155 29 ljusledningar.

241 327 64 21 Efter
323 326 89 22 erhållet
429 326 96 22 tillstånd
543 326 40 22 bör
597 327 97 21 anmälan
709 335 34 13 om
759 327 102 21 rörelsens
877 327 51 20 eller
943 326 55 21 före-

172 358 71 25 tagets
259 354 129 29 päbörjande
403 356 62 27 göras
480 354 38 22 hos
533 355 41 21 den
589 356 8 20 i
612 356 12 26 $
640 356 12 20 2
668 355 77 21 nämda
760 354 129 30 myndighet.

242 384 117 27 Angäende
375 384 114 28 stämpling
504 384 22 20 af
541 384 56 21 vissa
612 384 160 28 tillverkningar
783 384 66 27 gäller
859 383 56 22 hvad
926 383 72 21 därom

174 412 69 21 finnes
260 411 100 22 särskildt
375 412 107 27 stadgadt.

527 504 68 29 Kap.
614 504 35 21 II.

463 567 35 22 Om
514 566 202 28 yrkesfullmäktige.

559 636 11 27 8
587 637 31 19 13.

243 680 11 21 I
272 680 71 29 hvarje
359 680 48 22 stad
422 680 54 22 skall
492 680 78 22 vården
585 688 34 14 om
635 680 181 29 angelägenheter,
831 688 45 13 som
891 682 46 19 röra
950 680 27 21 de
988 680 13 21 ä

175 712 58 19 orten
250 709 99 21 bedrifna
363 709 157 29 näringsyrken,
535 709 133 21 handhafvas
683 708 23 22 af
720 708 203 29 yrkesfullmäktige,
938 708 62 22 valde

175 739 101 27 antingen
291 738 34 20 för
339 738 42 21 alla
396 739 97 27 näringar
503 738 12 21 å
525 741 59 18 orten
594 741 133 25 gemensamt
737 738 51 20 eller
798 737 72 21 dessas
881 737 119 28 fördelning

175 767 6 20 i
192 766 64 28 högst
266 770 32 17 tre
308 766 156 29 yrkesgrupper
474 766 55 22 efter
542 766 84 28 handel,
639 766 172 22 fabriksindustri
824 766 39 21 och
875 766 125 21 handtverk.

243 795 84 28 Frågan
351 803 33 12 om
410 795 36 19 det
468 795 54 22 antal
545 795 162 29 yrkesgrupper,
725 795 34 21 för
776 794 73 22 hvilka
868 794 131 29 fullmäktige

175 824 60 21 skola
250 827 64 23 utses,
329 824 83 20 afgöres
428 824 36 21 vid
480 824 87 21 allmänt
583 825 55 20 möte
654 823 49 21 med
718 823 27 21 de
761 823 167 28 valberättigade
944 823 57 21 inför

176 848 146 36 Magistraten.
351 832 73 42 Yrkar
446 852 76 22 endera
544 852 23 22 af
588 852 68 22 nedan
674 853 7 20 i
701 853 12 26 $
730 853 26 20 14
772 852 76 21 nämda
863 854 77 19 tvänne
956 852 44 21 val-

176 888 169 22 mannagrupper
363 881 33 21 för
415 881 67 28 någon
504 881 132 29 yrkesgrupp
654 884 33 18 att
705 881 69 21 skilda
793 880 132 29 fullmäktige
940 880 61 22 skola

176 909 33 21 för
223 910 160 28 yrkesgruppen
399 913 62 21 utses,
476 910 54 28 gälle
545 910 65 21 detta.

245 938 90 22 Antalet
352 938 132 28 fullmäktige
503 938 126 22 bestämmes
645 938 22 21 af
682 938 26 21 de
724 937 167 27 valberättigade
907 937 36 21 vid
958 938 40 20 all-

175 969 59 19 mänt
252 968 57 20 möte
327 966 49 22 med
393 966 80 29 hänsyn
491 967 32 21 till
543 970 70 18 ortens
628 966 85 27 storlek,
729 966 55 22 dock
800 966 48 21 med
863 966 137 28 iakttagande

175 998 32 18 att
225 995 61 22 detta
304 996 62 26 antal,
385 995 131 22 oberäknadt
533 995 147 27 ordföranden,
701 997 61 26 utgör
780 998 31 18 ett
829 995 48 20 med
895 996 13 19 2
927 994 40 21 och
988 996 11 18 3

175 1023 84 22 delbart
274 1023 36 22 tal.

560 1082 11 26 s
589 1083 31 19 14.

244 1127 144 20 Fullmäktige
404 1130 56 17 utses
476 1127 32 21 till
521 1134 39 14 ena
570 1127 80 21 hälften
662 1127 22 20 af
695 1127 91 20 köpmän
797 1126 40 21 och
848 1126 152 29 skeppsredare

175 1158 55 18 samt
244 1155 106 26 handels-,
362 1131 75 55 Pank-,
452 1155 139 28 försäkrings-
606 1155 40 21 och
657 1155 132 28 rederibolag
799 1155 108 20 äfvensom
918 1155 83 21 andels-

175 1184 40 27 lag,
231 1183 152 29 fabriksegare,
400 1184 154 21 handtverkare
570 1184 39 21 och
625 1184 66 21 andra
704 1183 73 21 idkare
787 1183 23 21 af
820 1183 120 22 industrielt
948 1184 52 28 yrke

174 1215 56 18 samt
248 1212 70 28 bolag,
338 1212 73 21 hvilka
444 1212 13 21 pä
474 1215 58 18 orten
552 1212 97 21 bedrifva
663 1212 111 21 industriel
789 1212 85 25 rörelse,
888 1212 31 21 till
936 1212 65 21 andra

174 1240 80 21 hälften
275 1241 23 21 af
315 1241 55 25 dem,
388 1241 74 21 hvilka
481 1243 35 19 äro
534 1241 36 22 vid
588 1241 96 21 handels-
706 1241 51 21 eller
775 1240 142 21 affärskontor
931 1241 69 21 säsom

174 1269 99 21 biträden
289 1269 110 26 anställda,
414 1269 99 22 tekniska
527 1270 40 21 och
583 1269 163 22 affärsbiträden
764 1269 35 21 vid
812 1269 122 21 industriela
944 1269 57 21 före-

174 1301 42 25 tag,
231 1298 145 21 verkmästare
392 1301 56 18 samt
462 1298 71 29 yrkes-
549 1298 39 21 och
604 1298 186 26 fabriksarbetare,
801 1297 54 22 dock
867 1298 17 28 ej
896 1298 105 28 lärlingar.

243 1326 144 21 Fullmäktige
410 1327 66 28 väljas
498 1327 33 21 för
552 1330 33 18 tre
606 1327 28 21 är.
664 1327 32 20 Af
711 1326 104 22 hvardera
829 1334 96 20 gruppen
940 1327 61 27 afgär

173 1354 80 28 årligen
277 1362 26 14 en
325 1331 110 56 tredjedel.
464 1355 77 21 Första
563 1355 39 21 och
626 1355 66 21 andra
715 1354 45 22 året
779 1354 127 22 bestämmes
924 1362 76 21 genom

173 1383 92 28 lottning
288 1383 72 22 hvilka
382 1384 133 28 fullmäktige
537 1384 60 21 skola
619 1383 55 29 afgå.
704 1383 101 21 Därefter
826 1383 49 21 sker
896 1384 104 28 afgången

173 1411 66 29 enligt
253 1412 117 28 tjäustetiä.
392 1412 44 21 För
450 1412 133 28 fulimäktige
594 1416 56 18 utses
661 1412 34 21 för
704 1412 74 28 hvarje
788 1412 25 20 är
822 1412 136 28 suppieanter
967 1412 33 21 tili

173 1440 37 21 det
225 1440 58 22 antal
299 1440 26 21 de
342 1440 167 29 valberättigade
524 1440 122 22 bestämma.

241 1469 88 21 Aflider
344 1469 121 29 fullmäktig
480 1470 51 20 eller
545 1469 62 29 afgår
622 1469 41 21 han
679 1470 34 20 för
728 1469 151 28 bortflyttning
888 1469 32 21 till
931 1476 68 14 annan

173 1500 33 18 ort
221 1497 53 21 eller
289 1498 23 20 af
327 1501 63 18 annat
404 1498 72 28 giltigt
490 1498 52 28 skäl,
557 1498 63 21 innan
630 1498 60 22 tiden
701 1498 34 21 för
745 1498 52 21 hans
808 1498 97 28 uppdrag
915 1497 86 29 utlupit,
