1061 1678
149 95 12 20 8
188 124 5 2 N
488 99 24 16 R.
526 104 17 12 o.
557 99 24 17 A.
594 100 59 16 1904.

535 169 28 20 30
579 169 18 23 &.

216 208 49 35 Har
288 209 66 28 nägon
370 214 95 25 panträtt
479 213 7 20 i
500 212 138 28 gäldenärens
657 213 56 22 fasta
731 213 103 29 egendom
849 214 51 21 eller
914 217 61 26 pant-

147 237 39 21 och
202 237 139 23 förmänsrätt
355 240 7 20 i
377 240 71 29 fartyg
471 241 51 21 eller
547 241 52 28 gods
615 243 7 20 i
637 242 76 29 fartyg,
737 250 38 20 ege
791 245 49 19 utan
863 243 75 21 hinder
952 244 25 20 af

147 265 121 22 konkursen
291 267 52 22 söka
366 269 108 28 betalning
496 277 24 14 ur
541 273 76 26 panten
634 271 6 20 i
656 271 40 21 den
719 271 33 20 för
774 271 65 22 sädan
862 271 114 29 utsökning

148 295 103 28 stadgade
267 296 93 29 ordning.

154 356 23 8 =.
215 329 48 33 Jag
286 338 80 14 samma
388 339 50 14 vare
453 340 34 13 om
503 333 85 28 utskyld
610 333 39 21 och
674 334 91 21 likartad
785 334 77 28 utlaga,
877 341 44 14 som
938 334 38 21 bör

147 358 46 20 från
208 358 105 28 fastighet
328 360 49 28 utgå
389 360 41 21 och
440 360 48 22 icke
504 361 89 22 utestätt
603 362 71 28 längre
682 362 33 21 tid
723 364 27 19 än
759 363 6 20 i
773 362 137 28 jordabalken
920 364 56 26 sägs.

209 387 141 41 Stadgandet
364 395 7 19 i
387 395 26 20 27
430 395 11 27 $
457 402 38 21 ege
511 396 18 27 ej
545 395 67 21 häller
631 396 135 29 tillämpning
781 396 12 21 å
809 396 167 27 värkställighet,

147 427 44 13 som
207 427 7 13 i
229 421 13 32 2
259 420 48 29 kap.
323 423 27 20 24
367 423 11 26 &
394 423 24 20 af
432 423 62 28 lagen
515 431 34 14 om
573 426 141 19 vattenrätten
730 425 23 20 af
767 425 42 21 den
824 426 27 20 23
866 425 37 28 juli
919 425 55 21 1902

147 448 146 27 föreskrifves,
309 450 50 21 eller
374 451 28 21 dä
416 451 51 28 eljes
483 452 91 22 likartad
590 453 161 26 värkställighet
766 455 23 19 är
801 454 6 20 i
816 453 100 22 särskildt
930 453 45 28 lag-

149 477 41 21 bud
206 477 34 21 för
255 479 54 20 visst
324 479 36 21 fall
377 480 111 28 pähjuden.
705 478 6 2 i

534 545 25 20 31
577 545 16 24 &

216 593 115 32 Borgenär,
353 602 44 13 som
420 595 37 21 har
479 595 126 28 gäldenären
626 595 94 28 tillhörig
744 596 133 28 lösegendom
900 596 6 20 i
922 599 53 25 pant

147 620 51 21 eller
213 621 52 28 eljes
281 622 66 21 under
368 626 96 25 panträtt
478 625 8 19 i
500 623 97 27 handom,
613 631 49 14 vare
679 624 119 28 berättigad
813 627 32 18 att
861 624 53 21 efter
928 625 46 27 gäl-

147 649 52 22 dens
214 649 130 30 förfallodag
358 651 40 22 och
414 653 6 20 i
436 652 72 28 hvarje
524 652 100 21 händelse
648 653 54 20 efter
725 653 182 27 inställelsedagen
924 656 50 18 utan

147 677 129 29 föregående
304 679 149 29 uppbjudande
478 680 85 28 försälja
587 684 78 25 panten
690 680 33 22 till
746 681 87 28 gäldens
856 681 118 21 betalande.

147 706 63 50 via
225 707 184 29 inställelsedagen
425 709 53 21 skall
494 712 77 25 panten
591 710 67 27 säljas,
671 717 26 13 on
713 710 156 28 sysslomannen
884 709 38 22 det
936 709 38 29 pä-

146 743 69 20 yrkar.

215 764 160 29 Försäljningen
391 766 60 26 skall,
466 774 34 13 om
516 767 17 27 ej
549 766 124 22 annorledes
692 766 200 26 öfverenskommes,
908 766 37 22 ske
961 767 13 20 &

147 792 100 28 offentlig
263 794 92 23 auktion,
370 794 86 21 hvarom
480 795 156 27 sysslomannen
651 796 7 20 i
673 794 42 28 god
730 795 32 21 tid
778 795 57 21 förut
851 795 71 21 blifvit
936 803 39 13 un-

147 821 115 21 derrättad.

535 876 27 20 32
579 877 15 23 &

217 919 79 22 Sävidt
308 920 17 28 ej
342 921 7 19 i
366 920 34 28 lag
416 920 99 22 särskildt
528 923 23 18 är
561 920 128 22 annorlunda
705 920 106 28 stadgadt,
823 928 38 20 ege
872 920 104 28 borgenär

149 948 48 21 med
213 948 32 21 sin
261 948 86 22 fordran
363 948 69 22 kvitta
452 949 56 27 gäld,
523 949 33 21 för
571 949 85 21 hvilken
672 949 42 21 han
730 949 36 21 vid
781 948 129 22 konkursens
927 949 47 21 bör-

148 977 34 27 jan
197 976 73 22 häftar
292 977 32 21 till
349 977 133 28 gäldenären,
502 978 56 20 ändä
578 980 32 18 att
631 977 128 28 förfallodag
780 977 34 21 för
828 977 147 28 fordringarna

149 1005 51 21 eller
215 1005 122 28 någondera
351 1006 23 21 af
389 1006 48 21 dem
454 1008 53 19 ännu
526 1006 47 21 icke
588 1006 80 21 inträdt
682 1006 52 21 eller
748 1006 52 21 hans
816 1006 84 21 fordran
915 1005 60 28 lyder

149 1033 13 21 3
176 1037 65 18 annat
255 1036 27 19 än
298 1035 124 28 penningar;
439 1042 49 14 vare
502 1034 55 22 dock
573 1035 91 28 skyldig,
678 1034 39 21 där
732 1034 69 21 denna
816 1034 60 21 beror
888 1034 22 21 af
920 1036 54 19 ännu

149 1062 107 29 oafgjordt
272 1063 74 26 vilkor,
360 1066 32 18 att
407 1063 34 21 för
456 1064 31 20 sin
502 1063 34 21 del
552 1063 84 28 erlägga
651 1063 108 28 betalning
775 1065 44 19 mot
833 1062 99 22 säkerhet
942 1062 34 21 för

149 1094 33 18 att
196 1091 37 21 det
256 1091 86 29 erlagda
363 1092 54 21 intill
436 1092 51 21 fulla
510 1091 100 29 beloppet
624 1092 23 21 af
662 1092 52 21 hans
737 1091 86 21 fordran
846 1091 106 21 äterbäres
969 1092 6 19 i

149 1119 101 22 händelse
266 1120 91 21 vilkoret
371 1120 38 29 gär
424 1121 7 20 i
446 1120 124 21 fullbordan.

217 1148 50 21 Har
289 1149 121 28 fordringen
426 1149 31 21 till
474 1149 125 28 borgenären
623 1148 108 28 öfvergätt
746 1149 54 20 först
815 1149 54 20 efter
884 1148 91 21 konkur-

150 1184 47 13 sens
213 1177 80 26 början,
308 1177 50 21 eller
381 1178 68 21 kände
472 1177 134 28 borgenären,
620 1177 38 22 där
673 1177 123 22 densamma
816 1177 96 28 tidigare,
928 1184 47 13 men

151 1205 64 22 likväl
231 1213 56 14 efter
302 1206 236 28 konkursansökningen
555 1207 50 20 eller
620 1207 56 20 inom
693 1207 72 20 trettio
775 1205 66 28 dagar
852 1205 44 21 före
907 1205 69 21 denna

150 1233 82 22 tillkom
249 1235 52 20 eller
316 1235 31 20 till
370 1235 76 21 honom
472 1235 107 25 öfverläts,
594 1238 32 18 att
646 1235 65 21 sädan
734 1234 94 21 ansökan
854 1233 63 22 redan
939 1241 38 14 var

150 1263 59 28 gjord
226 1263 53 21 eller
294 1271 37 14 var
346 1266 32 19 att
402 1264 103 23 förvänta,
520 1271 39 20 ege
581 1263 107 28 kvittning
704 1263 48 21 med
771 1263 41 21 den
828 1262 84 21 fordran
929 1262 48 21 icke

151 1299 50 18 rum,
217 1294 52 19 utan
285 1291 22 22 sä
322 1294 23 19 är
360 1295 32 18 att
414 1292 140 28 öfvergängen
571 1292 50 21 eller
636 1291 148 22 öfverlätelsen
800 1291 32 21 till
849 1291 127 28 borgenären

151 1319 80 22 skedde
247 1321 33 20 till
303 1321 53 27 följd
378 1321 23 20 af
424 1321 112 27 betalning,
560 1321 85 21 hvilken
667 1321 40 20 han
724 1320 26 28 pä
765 1319 69 29 grund
849 1319 22 22 af
885 1319 91 29 tidigare

150 1348 130 22 tillkommet
295 1348 131 22 förhållande
442 1357 37 13 var
494 1349 83 28 skyldig
592 1349 90 28 erlägga.

538 1412 24 14 TA
580 1414 11 12 N

536 1428 26 5 33
581 1428 16 11 3

223 1456 112 29 Motsäger
349 1458 156 28 sysslomannen
521 1457 241 29 kvittningsförklaring,
778 1464 44 15 som
838 1457 23 21 af
875 1457 103 27 borgenär

151 1486 38 22 hos
204 1486 79 21 honom
298 1488 66 26 göres,
380 1486 52 22 eller
446 1486 36 22 det
497 1486 85 28 angifna
604 1486 180 28 penningevärdet
799 1486 12 22 &
827 1486 90 26 fordran,
932 1492 45 15 som
