1061 1678
275 108 33 16 Hr
319 108 26 17 V.
357 113 19 11 v.
390 108 97 21 Wrights
500 107 176 20 motionsförslag.
863 102 29 20 25

134 177 41 25 3:0)
186 183 34 14 om
227 175 139 28 yrkesidkare
374 175 135 29 öfverflyttar
516 176 32 21 till
557 183 69 14 annan
636 176 107 26 kommun,
751 176 52 21 eller
811 175 82 22 aflider.

133 204 49 21 Och
197 206 24 19 är
235 205 6 20 i
258 204 62 21 dessa
335 204 37 21 fall
387 204 153 29 yrkesidkaren
558 205 51 21 eller
624 204 53 21 hans
693 204 100 21 sterbhus
805 204 89 29 skyldig

63 235 37 24 att,
115 232 29 29 på
159 233 122 26 anfordran,
296 233 161 21 tillhandahålla
473 233 102 28 lärlingen
592 233 160 28 afskedsbetyg.

132 261 123 28 Nedlägger
268 261 139 28 yrkesidkare
423 263 32 20 sin
472 262 85 25 rörelse,
573 269 50 14 vare
639 262 122 21 läroaftalet
771 261 34 22 för
816 262 75 27 ingen-

64 290 51 21 dera
131 293 73 25 parten
221 290 72 21 vidare
309 290 113 22 bindande.

447 364 11 28 $
474 365 34 20 64.

133 409 82 28 Hvarje
238 409 86 28 lärlings
348 409 102 28 framsteg
474 409 51 22 böra
545 409 36 22 vid
604 410 66 21 slutet
693 410 20 20 af
736 409 53 22 hans
813 409 77 22 lärotid

63 438 104 28 granskas
189 438 22 21 af
232 441 77 18 tvenne
328 439 140 28 yrkesidkare
484 438 41 21 och
540 446 26 13 en
581 438 67 29 gesäll
664 438 51 21 eller
731 446 69 13 annan
816 438 74 29 yrkes-

65 467 81 27 kunnig
169 467 101 21 arbetare.
300 467 79 22 Finnes
398 467 12 21 å
432 471 60 17 orten
510 468 56 20 inom
583 467 163 28 ifrågavarande
761 467 52 28 yrke
830 467 62 21 fack-

64 495 105 28 förening,
189 495 115 22 bestående
323 496 22 20 af
359 496 140 28 yrkesidkare
516 496 50 21 eller
582 496 40 21 ock
638 495 22 22 af
675 495 59 22 såväl
749 495 141 28 yrkesidkare

65 531 45 14 som
126 525 102 24 arbetare,
244 524 51 21 eller
310 525 53 20 filial
380 525 22 20 af
418 525 67 20 sådan
502 525 104 27 förening,
622 532 50 21 eger
682 524 49 21 dess
742 525 89 27 styrelse
842 528 47 17 utse

66 553 96 20 bemälde
185 553 125 27 granskare;
332 554 5 20 i
356 561 68 13 annan
449 553 102 21 händelse
574 557 58 18 utses
656 553 27 21 de
705 553 23 21 af
749 553 141 28 fullmäktige.

65 581 74 21 Skulle
154 581 53 22 flere
223 583 25 19 än
265 589 25 13 en
307 582 150 27 fackförening
473 582 23 21 af
511 582 89 21 anförda
616 582 46 27 slag
678 589 49 14 vara
744 581 12 21 å
772 585 59 18 orten
850 582 39 21 bil-

65 609 62 27 dade,
148 610 122 21 ankommer
291 611 36 20 det
345 611 12 20 å
375 611 135 28 fullmäktige
533 614 31 17 att
587 611 79 28 afgöra,
686 610 85 21 hvilken
788 610 23 21 af
826 610 63 21 dessa

65 639 53 20 skall
135 646 38 20 ega
189 642 47 17 utse
251 640 149 27 granskarene.

133 667 139 28 Framstegen
289 667 99 22 bedömas
405 668 27 28 på
448 668 68 28 grund
530 668 23 20 af
563 668 26 20 de
600 668 94 25 arbeten,
705 667 103 28 lärlingen
821 667 69 21 under

65 695 37 21 det
116 696 52 20 sista
184 696 91 20 läroåret
289 696 145 28 sjelfständigt
450 697 74 22 utfört,
541 696 40 22 och
597 696 63 21 lända
676 696 74 21 härvid
767 696 26 21 de
806 696 23 21 af
839 696 50 21 full-

65 724 93 27 mäktige
174 724 27 28 på
215 724 67 28 grund
299 725 23 21 af
337 725 11 28 $
363 726 26 20 25
406 725 125 21 meddelade
547 725 136 21 föreskrifter
698 724 31 22 till
739 724 150 22 efterrättelse.

133 752 92 22 Pröfvas
241 753 103 28 lärlingen
360 754 66 21 hafva
441 754 77 21 vunnit
532 753 187 22 tillfredställande
735 753 130 28 skicklighet
881 754 6 20 i

65 782 37 20 sitt
123 782 53 28 yrke
197 782 40 21 och
260 782 38 21 har
320 782 40 21 han
384 782 85 21 erhållit
491 784 60 26 intyg
575 782 61 21 öfver
655 782 67 28 flitigt
740 782 109 21 anlitande
865 782 24 20 af

64 810 180 28 undervisningen
264 811 6 20 i
289 810 141 22 handtverks-
448 811 52 21 eller
515 818 69 14 annan
600 811 125 28 yrkesskola
741 811 51 21 eller
807 810 81 21 företer

64 839 61 27 intyg
140 839 62 21 öfver
217 842 31 18 att
263 839 40 21 han
321 840 87 21 innehar
423 840 150 21 motsvarande
590 839 169 29 kunskapsmått,
775 846 38 21 ega
824 846 64 21 gran-

64 868 90 20 skarene
178 868 92 20 förklara
293 868 76 21 honom
394 868 120 28 berättigad
533 871 31 18 att
583 868 79 21 erhålla
682 868 122 28 gesällbref.
836 868 51 20 Men

64 903 33 13 om
113 896 103 28 lärlingen
232 897 18 27 ej
266 898 56 26 gjort
337 898 32 26 sig
384 896 87 29 förtjent
487 897 23 21 af
524 897 122 27 gesällbref,
658 897 97 21 utfärdas
766 896 34 21 för
811 896 77 21 honom

64 924 65 28 betyg
144 925 61 21 öfver
221 925 92 21 afslutad
330 926 82 26 lärotid,
428 926 47 20 med
492 926 98 20 omdöme
606 933 34 13 om
657 926 36 21 det
708 925 53 21 mätt
777 925 22 21 af
813 926 76 27 yrkes-

63 953 130 28 skicklighet
215 954 41 20 han
279 954 125 21 förvärfvat.
434 954 66 21 Såväl
520 954 58 21 detta
595 954 65 28 betyg
675 962 44 13 som
735 953 154 28 gesällbrefvet

63 982 62 25 skall,
148 985 57 18 utom
228 982 23 21 af
273 983 149 26 granskarene,
440 982 162 22 underskrifvas
626 983 22 21 af
670 983 146 27 fullmäktiges
839 982 49 21 ord-

63 1009 96 22 förande.

132 1039 115 21 Dessutom
266 1039 81 28 äligger
364 1039 36 22 det
419 1040 154 27 yrkesidkaren
590 1043 30 17 att
636 1039 81 21 tilldela
733 1040 31 21 sin
781 1039 107 28 afgäende

63 1067 76 28 lärling
154 1067 155 29 afgängsbetyg
320 1068 61 21 öfver
392 1068 52 21 hans
456 1068 36 21 flit
502 1068 40 21 och
553 1069 135 28 uppförande
699 1068 67 21 under
777 1067 111 22 lärotiden.

445 1149 11 27 s
472 1149 34 20 65.

132 1192 80 27 Gesäll,
227 1201 46 13 som
289 1195 65 20 minst
369 1194 37 21 tvä
421 1193 23 22 är
460 1194 84 21 arbetat
560 1195 5 20 i
582 1195 38 20 sitt
634 1195 52 27 yrke
702 1194 40 21 och
756 1194 45 21 däri
813 1195 76 20 vunnit

62 1221 130 22 utmärktare
213 1221 133 29 skicklighet,
366 1223 40 25 mä,
426 1230 33 14 om
480 1222 42 21 han
537 1222 129 29 förfärdigat
680 1223 147 28 mästareprof,
842 1230 46 14 som

62 1249 107 28 godkänts
194 1250 23 21 af
241 1254 31 17 tre
295 1251 134 28 sakkunnige
454 1251 146 28 yrkesidkare,
622 1251 34 21 för
681 1251 48 22 dess
755 1251 134 22 bedömande

63 1278 90 22 utsedda
168 1279 28 28 pä
210 1279 111 22 enahanda
336 1281 42 20 sätt
394 1287 45 14 som
456 1279 26 22 de
498 1281 6 20 i
521 1280 12 27 $
549 1281 27 20 59
588 1280 76 21 nämda
675 1280 122 28 granskare,
807 1279 81 22 erhälla

61 1308 162 21 mästarenamn.
245 1307 109 22 Häröfver
370 1308 96 21 utfärdas
484 1309 31 20 till
530 1308 78 21 honom
624 1308 54 27 bref,
694 1309 160 21 underskrifvet
865 1308 24 21 af

60 1335 145 28 fullmäktiges
221 1337 129 21 ordförande
364 1338 64 27 jämte
446 1337 97 21 bemälda
559 1340 32 18 tre
602 1337 140 28 yrkesidkare
