1061 1678
173 110 42 20 538
450 117 25 16 R.
488 121 18 12 o.
518 117 25 16 A.
555 117 60 16 1905.
639 117 13 16 3
664 117 67 20 April.

305 202 156 55 Mändagen
480 219 54 26 den
555 219 17 26 3
591 219 86 34 April
696 218 40 27 kl.
759 218 16 26 2
795 226 22 18 e.
835 226 35 18 m.

533 281 107 23 Polletter.

244 332 165 28 Tillkännagafs
432 336 32 18 att
486 333 65 21 sedan
568 337 85 17 senaste
669 333 86 28 plenum
771 333 94 27 följande
881 333 120 21 förändrin-

174 368 38 20 gar
227 362 6 20 i
250 360 103 22 Ständets
368 362 190 28 sammansättning
573 364 36 26 egt
624 370 55 13 rum:

244 417 71 22 Sedan
339 418 175 22 hufvudmannen
537 419 34 21 för
586 419 81 28 Adliga
682 421 61 19 ätten
760 419 41 21 N:o
819 419 46 20 115.
888 418 111 21 Munster-

173 447 67 27 hjelm
266 447 96 21 Artisten
388 447 98 28 Hjalmar
510 447 170 28 Munsterhjelm
705 447 67 22 under
794 447 107 27 gärdagen
922 446 77 27 aflidit,

173 475 56 21 hade
253 475 67 28 pollet
342 476 107 21 äterstälts
471 476 23 21 af
516 477 69 20 ättens
609 476 122 28 fullmäktig
747 476 34 21 Hr
796 475 50 22 Carl
862 475 70 22 Oscar
950 475 50 22 Wa-

173 504 118 27 sastjerna,
314 504 170 29 Gardeskapten,
505 505 129 21 Kamrerare
657 506 6 20 i
682 505 81 21 Finska
780 504 220 29 Brandstodsbolaget

173 531 34 22 för
228 532 80 27 landet,
331 532 232 29 Riddarhusgenealog,
586 533 31 21 till
640 533 87 22 hvilken
752 532 117 22 emellertid
890 532 28 28 pä
930 533 70 28 grund

173 561 23 20 af
211 569 28 20 ny
256 561 100 21 fullmakt
371 569 29 20 ny
416 562 74 27 pollett
506 562 98 27 utgifvits
620 562 34 21 för
670 569 81 14 samma
767 563 36 20 ätt.

243 618 84 22 Vidare
343 619 55 21 hade
413 619 76 28 pollett
504 619 107 22 äterstälts
628 620 33 20 för
677 620 81 27 Adliga
772 621 59 19 ätten
843 619 40 20 N:o
896 619 46 20 128.
958 625 42 14 von

173 647 105 25 Fieandt,
301 647 23 21 af
346 647 58 21 Herr
426 648 68 21 Arvid
514 647 81 22 Harald
613 655 42 14 von
670 648 103 26 Fieandt,
789 647 140 25 Tandläkare,
945 650 55 18 samt

173 676 90 26 uttagits
289 675 34 21 för
345 683 79 13 samma
444 678 32 19 ätt
496 676 23 21 af
541 676 121 28 fullmäktig
685 676 34 21 Hr
734 676 70 21 Oscar
820 675 122 21 Alexander
957 682 42 14 von

173 703 160 27 Nandelstadh,
352 704 58 21 Med.
425 704 113 22 Licentiat.
569 704 105 29 Slutligen
690 704 55 22 hade
762 704 75 29 pollett
852 704 98 28 utgifvits
966 704 35 20 för

173 732 82 28 Adliga
271 734 60 20 ätten
347 733 41 21 N:o
404 734 46 20 193.
466 734 89 26 Linder,
570 733 23 21 ät
607 733 34 21 Hr
657 734 98 28 Hjalmar
771 732 127 22 Constantin
910 732 90 26 Linder,

175 760 192 29 Kammarjunkare
384 762 35 20 vid
436 762 61 20 Hans
513 762 112 28 Majestäts
642 762 53 27 Hof,
712 762 131 27 Godsegare.

243 858 203 28 Protokollsutdrag
468 858 61 22 öfver
554 859 25 21 R.
594 867 18 13 o.
628 860 38 20 A:s
683 859 71 21 beslut
769 858 36 22 vid
822 858 177 28 nästföregäende

173 886 86 28 plenum
283 887 42 21 den
346 887 25 21 31
395 888 103 20 sistvikne
522 888 59 21 Mars
600 888 109 28 upplästes
726 888 30 20 till
773 888 102 27 justering
891 887 40 21 och
946 887 53 28 god-

173 915 89 21 kändes.

449 1019 109 22 Antellska
569 1019 154 28 Delegationen.

243 1069 76 28 Enligt
335 1069 47 22 från
398 1070 140 21 medständen
555 1071 90 20 anlända
660 1069 198 30 protokollsutdrag
873 1070 55 21 hade
937 1069 62 22 dessa

172 1097 31 21 till
230 1098 139 21 medlemmar
391 1098 41 22 och
447 1099 136 28 suppleanter
599 1100 5 20 i
620 1099 115 21 Antellska
751 1099 156 27 Delegationen
923 1101 75 18 utsett:

241 1149 33 21 till
291 1149 145 22 medlemmar:

172 1200 46 21 från
235 1200 173 22 Presteständet:
424 1201 127 22 Professorn
568 1201 56 22 Frih.
640 1201 25 22 E.
680 1201 28 22 G.
723 1201 131 26 Palmén,

171 1228 47 21 från
235 1229 193 28 Borgareständet:
445 1230 128 21 Arkitekten
590 1231 25 20 A.
631 1230 166 28 Lindgren,

172 1257 47 21 frän
235 1257 175 22 Bondeständet:
427 1259 126 21 Professorn
570 1259 27 21 O.
642 1266 102 14 Donner.

240 1309 34 21 till
290 1309 144 28 suppleanter:

171 1360 48 20 frän
243 1360 173 22 Presteständet:
440 1361 111 22 Docenten
572 1362 28 20 K.
623 1361 192 28 Grotenfelt,
834 1361 122 22 Professorn
972 1362 28 20 A.

171 1388 25 22 L.
211 1388 30 22 M.
259 1388 92 30 Hjelt
365 1390 41 21 och
422 1390 24 21 E.
462 1397 19 14 o.
496 1390 127 21 Professorn
639 1390 20 22 J.
675 1390 21 22 J.
711 1390 172 26 Tikkanen,

170 1439 48 22 frän
241 1440 197 28 Borgareständet:
459 1440 145 22 Handlanden
626 1441 31 21 M.
680 1441 26 21 E.
729 1441 25 21 F.
801 1441 130 28 Hallberg,
946 1441 53 21 Pro-

171 1468 83 22 fessorn
282 1469 34 22 W.
341 1469 194 29 Söderhjelm
559 1473 54 18 samt
638 1470 66 22 Filos.
723 1470 120 28 Magistern
859 1470 25 21 E.
905 1470 21 20 N
934 1470 64 21 ord-

170 1498 106 26 ström;
292 1498 41 22 och
