1061 1678
144 97 28 20 24
476 103 24 17 R.
513 107 17 12 o.
544 103 25 16 A.
581 103 59 16 1904.

215 172 41 26 1:n)
277 173 40 26 gör
339 172 32 27 sig
392 171 86 29 skyldig
493 171 31 18 till
540 171 92 28 tinfnad,
648 170 111 29 hedrägeri
776 170 51 19 eller
841 177 68 14 annan
926 171 47 20 när-

145 199 75 28 lighet,
235 199 118 28 uppträder
372 199 132 22 öfverlastad
520 199 13 21 &
548 199 151 26 arbetsstället,
714 199 52 21 eller
781 199 32 20 dit
827 197 83 23 medför
926 206 49 14 rus-

145 227 102 29 drycker;

215 257 42 26 2:0)
273 258 58 20 visar
346 257 109 28 upprepad
472 256 93 29 olydnad
581 259 45 18 mot
640 256 153 29 yrkesidkaren
805 256 52 21 eller
867 256 40 21 den
918 255 54 22 hans

145 285 62 21 ställe
229 285 126 27 företräder,
376 286 51 21 eller
447 285 80 22 tilläter
547 286 33 27 sig
595 285 174 28 handgriplighet
785 285 51 21 eller
850 284 50 29 grof
914 284 59 21 föro-

145 314 112 28 lämpning
273 317 45 18 mot
333 314 48 21 dem
398 314 51 21 eller
465 313 90 22 medlem
572 314 22 21 af
610 314 62 21 deras
688 313 103 28 familjer;

215 343 42 26 3:0)
273 342 93 22 förleder
382 342 147 22 medarbetare
544 342 32 21 till
591 342 110 28 handling,
716 350 45 13 som
777 342 78 21 strider
865 344 57 19 emot
932 342 42 28 lag,

145 370 82 22 arbets-
243 371 52 21 eller
311 371 99 21 läroaftal
426 371 51 21 eller
491 370 43 28 god
551 371 48 27 sed;

214 400 43 26 4:0)
278 402 23 18 är
322 400 87 27 oduglig
432 400 51 20 eller
504 407 77 20 genom
603 399 113 28 längvarig
734 399 96 28 sjukdom
847 399 51 21 eller
913 399 60 26 sjuk-

145 427 68 28 lighet
233 427 74 22 blifvit
321 428 125 21 förhindrad
462 431 32 18 att
509 428 91 27 fullgöra
616 428 36 21 det
668 428 73 21 arbete
757 427 53 22 hans
826 427 80 22 arbets-
922 427 51 21 eller

145 456 100 21 läroaftal
269 457 64 26 afser,
351 458 23 19 är
390 457 104 21 besvärad
512 457 22 20 af
550 457 82 27 obotlig
648 457 51 20 eller
715 456 69 28 vidrig
801 456 103 28 sjukdom,
921 456 52 21 eller

145 492 77 20 genom
239 488 50 25 eget
305 485 133 21 förvällande
455 485 72 21 blifvit
542 485 125 28 oförmögen
683 488 32 18 att
730 485 101 21 fortsätta
842 485 37 21 sitt
889 484 84 26 arbete;

215 515 42 25 5:0)
274 513 100 22 sakfälles
390 514 34 21 för
438 514 86 21 svårare
541 514 65 26 brott;

215 543 42 26 6:0)
274 543 116 28 uppsätligt
406 542 122 22 förderfvar
543 543 117 20 verksaker
675 543 52 20 eller
743 542 104 26 material;

216 572 41 25 7:0)
273 571 123 28 oförsigtigt
411 571 75 28 umgäs
502 571 47 21 med
567 571 39 21 eld.

529 641 12 26 s
559 641 32 20 62.

216 685 95 25 Biträde,
334 686 96 20 arbetare
453 685 40 22 och
516 686 75 27 lärling
612 687 23 19 är
656 685 119 28 berättigad
797 688 31 18 att
847 688 49 18 utan
915 686 58 20 före-

145 713 85 29 gången
246 715 137 27 uppsägning
399 714 135 22 utbekomma
550 714 158 28 afgängsbetyg
724 714 23 21 af
761 713 138 27 yrkesidkare
914 714 7 20 i
927 714 46 20 föl-

145 742 64 28 jande
224 742 49 22 fall:

216 772 41 25 1:0)
274 778 34 14 om
324 771 37 21 det
376 771 94 21 aftalade
486 771 93 21 arbetets
595 771 144 21 fortsättande
755 773 22 19 är
792 770 117 22 förbundet
924 770 48 22 med

147 806 47 14 men
217 799 34 19 för
272 800 40 20 den
336 800 126 21 arbetandes
484 800 64 26 helsa,
567 804 55 17 samt
640 808 34 13 om
692 799 153 29 yrkesidkaren
865 800 50 21 eller
931 799 41 21 den

145 828 78 21 honom
244 828 6 20 i
273 828 93 22 arbetets
385 828 88 28 ledning
488 828 118 22 företräder
622 829 52 21 eller
688 828 42 22 ock
746 830 106 20 närmaste
869 828 81 21 kamrat
966 828 6 20 i

146 856 83 22 arbetet
244 856 87 28 ädragit
346 858 32 27 sig
394 858 70 27 vidrig
479 857 108 29 sjukdom;

215 886 42 26 2:0)
277 893 33 13 om
327 886 159 28 yrkesidkaren,
502 886 51 21 eller
567 886 41 21 den
624 886 7 20 i
647 886 53 21 hans
717 886 61 21 ställe
794 887 29 24 är,
839 885 84 21 våldför
939 886 33 27 sig

145 914 13 20 ä
173 914 89 26 honom;

215 944 41 24 3:0)
273 950 34 14 om
323 943 153 28 yrkesidkaren
492 943 51 21 eller
558 943 52 21 hans
622 943 182 21 ställföreträdare
816 942 63 22 söker
889 942 83 22 förleda

145 971 77 21 honom
233 971 34 21 till
278 971 112 29 lagstridig
401 972 51 21 eller
462 972 83 28 osedlig
555 972 102 28 handling
668 972 51 21 eller
730 972 47 21 icke
789 971 94 28 skyddar
893 971 78 21 honom

144 1003 46 18 mot
204 999 79 27 sädan;

213 1028 44 27 4:0)
275 1036 34 13 om
325 1029 62 20 lönen
404 1029 47 21 icke
468 1029 105 20 utbetalas
589 1028 27 29 pä
627 1028 92 22 aftaladt
730 1030 47 23 sätt,
789 1031 54 18 samt
854 1035 33 14 om
898 1029 75 27 yrkes-

145 1057 88 21 idkaren
251 1057 49 21 icke
315 1057 171 22 tillhandahåller
500 1057 35 21 för
550 1057 148 29 styckearbete
714 1057 91 21 anställd
823 1057 95 20 arbetare
930 1057 42 20 till-

145 1085 82 28 räcklig
244 1085 174 29 sysselsättning;

214 1115 43 25 5:0)
273 1121 34 14 om
322 1115 154 28 yrkesidkaren
492 1115 62 20 fälles
570 1115 34 20 för
619 1114 87 22 svärare
723 1114 62 21 brott.

213 1142 43 21 Till
281 1143 119 28 äktenskap
423 1143 89 28 förelyst
534 1143 87 26 kvinna,
640 1143 88 22 hvilken
747 1145 24 18 är
789 1142 91 21 anställd
902 1142 70 21 såsom

145 1171 90 26 biträde,
255 1171 98 22 arbetare
369 1172 51 21 eller
435 1172 75 28 lärling
526 1173 6 20 i
547 1172 60 28 yrke,
622 1179 50 14 vare
689 1171 120 28 berättigad
825 1174 32 18 att
872 1171 47 21 från
935 1178 38 14 an-

145 1199 130 28 ställningen
295 1200 47 21 med
358 1201 66 28 betyg
438 1201 51 28 afgå
504 1201 79 28 fjorton
599 1200 67 28 dagar
680 1201 57 20 efter
751 1200 141 28 uppsägning,
907 1199 65 21 äfven

147 1235 34 14 om
197 1228 75 28 längre
288 1229 178 28 uppsägningstid
482 1229 51 22 eller
548 1230 45 21 viss
608 1229 31 21 tid
655 1231 23 19 är
693 1229 35 21 för
743 1229 70 21 henne
829 1228 85 21 aftalad.

531 1298 11 29 s
558 1299 32 21 63.

213 1342 104 22 Förutom
341 1343 23 21 af
384 1343 26 22 de
430 1344 6 20 i
455 1346 48 19 näst
522 1343 130 28 föregående
670 1345 13 25 &
701 1347 110 25 upptagna
826 1342 47 22 skäl
888 1342 86 29 upphör

144 1371 99 21 läroaftal
259 1372 80 28 jämväl
355 1375 31 18 att
402 1380 49 13 vara
467 1372 35 21 för
517 1372 75 28 lärling
609 1372 117 21 bindande:

214 1401 41 22 1:0)
276 1407 35 14 om
327 1400 76 29 lärling
418 1400 86 29 älägges
520 1405 65 17 annat
600 1400 72 22 arbete
688 1402 27 20 än
731 1400 43 27 det,
789 1408 47 13 som
852 1400 120 20 läroaftalet

142 1428 76 28 gäller;

213 1458 42 26 2:0)
275 1465 34 13 om
330 1458 139 28 yrkesidkare
490 1458 19 27 ej
531 1458 95 28 skyddar
644 1458 77 27 lärling
737 1460 43 18 mot
795 1457 96 28 förtryck
907 1457 23 21 af
945 1456 29 21 de

143 1486 40 21 hos
198 1486 81 21 honom
295 1486 106 22 anställda
416 1486 90 28 gesäller
521 1486 51 22 eller
587 1486 67 22 andra
669 1486 108 26 arbetare;
