1061 1678
173 89 41 20 544
442 96 25 16 R.
480 100 18 12 o.
511 97 24 15 A.
548 96 59 17 1905.
632 96 13 16 5
656 95 68 21 April.

173 163 57 20 vissa
256 163 134 28 svårigheter
412 163 34 21 för
461 163 136 28 Regeringen
614 167 32 18 att
661 171 28 14 nu
705 163 134 22 omedelbart
853 163 81 28 afgifva
950 172 49 13 svar

172 190 14 22 å
207 190 66 23 dessa
288 191 68 22 öfriga
371 195 100 24 punkter,
486 195 23 18 af
524 195 74 19 hvilka
613 195 51 19 flere
678 192 107 22 törhända
799 192 114 22 förutsätta
928 193 71 27 ätgär-

173 219 44 26 der,
241 227 46 14 som
311 220 84 28 päkalla
418 223 31 18 ett
472 221 147 28 omsorgsfullt
634 220 201 29 genomarbetande.
865 221 41 27 Jag
920 221 79 21 tilläter

173 249 42 26 mig
231 247 74 22 derför
320 249 118 26 framhälla,
454 252 32 19 att
501 252 30 18 ett
547 249 154 29 ajournerande
719 249 22 21 af
752 249 130 22 Ständernas
893 257 105 14 samman-

173 283 52 14 varo
243 277 33 20 till
291 277 76 21 hösten
384 277 68 22 skulle
469 278 78 21 bereda
562 278 135 28 Regeringen
713 278 84 21 rädrum
815 281 30 18 att
862 279 5 20 i
879 278 119 21 vidsträckt

173 304 48 22 män
239 305 131 28 tillmötesgå
386 305 130 23 Ständernas
533 307 140 21 förenämnda
703 306 101 21 yrkanden.
828 307 100 20 Derefter
944 307 53 21 skall

171 333 45 21 helt
240 334 55 20 visst
316 335 86 27 vidtaga
418 335 41 21 och
475 335 47 21 med
539 335 37 21 det
591 335 67 21 första
675 335 101 21 slutföras
793 338 30 18 ett
840 336 101 20 intensivt
957 336 39 20 och

171 362 168 28 framgängsrikt
354 363 194 28 landtdagsarbete.

241 419 58 22 Frih.
316 427 56 13 von
389 419 90 22 Born:
508 420 43 28 Jag
566 421 78 21 önskar
660 421 121 27 egentligen
797 423 56 25 yttra
869 421 42 27 mig
922 420 75 21 endast

173 455 33 13 om
222 449 110 20 remissen.
361 448 42 29 Jag
418 449 68 20 finner
501 449 47 21 med
564 449 193 26 tillfredsställelse,
773 452 32 17 att
820 449 176 21 Talmanskonfe-

171 483 76 14 rensen
275 477 114 28 behörigen
414 477 131 26 observerat,
565 477 114 22 huruledes
701 478 72 21 denna
796 477 48 22 nåd.
867 485 58 20 prop.
949 477 47 22 icke

172 505 41 21 kan
236 506 121 21 remitteras
380 506 32 21 till
434 505 166 22 Statsutskottet
615 507 77 21 allena.
721 506 52 21 Men
789 506 13 21 å
817 506 66 21 andra
897 505 61 22 sidan
973 508 23 19 är

172 533 37 21 det
230 533 23 28 ju
277 534 127 28 uppenbart,
426 537 32 19 att
480 534 47 28 den,
549 535 33 20 för
600 535 24 21 så
640 535 47 21 vidt
702 535 37 21 det
753 535 67 28 gäller
835 535 79 27 anslag,
930 534 66 22 också

172 562 67 21 måste
262 570 87 21 passera
372 563 165 22 Statsutskottet
559 564 40 21 och
622 567 31 18 ett
674 563 90 22 normalt
785 563 147 26 Statsutskott,
948 563 47 22 icke

172 590 69 28 någon
267 592 191 27 sammansättning
473 592 23 21 af
511 591 165 22 Statsutskottet
692 592 47 21 med
756 595 65 18 annat
837 592 87 21 utskott.
953 591 42 28 Jag

172 621 23 19 är
217 619 57 22 dock
291 620 47 21 icke
352 620 151 21 tillfredsstäld
519 621 47 20 med
583 621 41 21 den
640 621 141 27 formulering
796 621 5 20 i
818 620 177 22 Talmanskonfe-

172 655 88 14 rensens
276 648 87 28 förslag,
378 656 46 14 som
440 649 101 27 upplästs.
572 649 44 22 Det
631 657 63 20 synes
710 650 44 27 mig
769 657 51 13 vara
836 657 25 13 en
878 649 117 27 oegentlig-

171 676 36 21 het
220 679 32 18 att
268 677 108 21 remittera
392 676 74 29 frägan
482 677 32 21 till
535 677 172 27 Statsutskottet,
723 685 45 13 som
785 684 116 22 uppmanas
917 680 31 18 att
963 678 32 20 in-

172 704 71 22 hemta
267 705 110 21 Särskilda
399 705 211 22 Besvärsutskottets
632 707 92 27 mening.
754 706 85 28 Frägan
855 706 93 21 befinner
962 707 33 27 sig

171 740 42 21 nog
229 733 49 22 icke
295 734 4 20 i
317 736 31 19 ett
362 734 77 21 sädant
454 734 95 28 sakläge;
565 735 41 21 den
622 737 24 19 är
661 735 48 21 icke
725 734 23 22 af
763 734 66 22 sädan
842 734 152 22 beskaffenhet.

171 761 85 50 Frågan
278 764 23 19 är
323 762 102 22 skenbart
447 763 41 21 och
503 764 89 27 synbart
614 771 26 13 en
660 763 155 28 anslagsfråga,
830 770 46 14 men
893 763 41 21 den
950 765 24 19 är
989 764 5 20 i

171 790 78 28 sjelfva
265 791 76 21 verket
356 792 86 27 mycket
456 792 94 28 djupare.
580 792 44 21 Det
638 794 24 19 är
676 800 27 13 en
718 791 178 29 grundlagsfråga
911 792 23 20 af
944 792 51 21 emi-

171 822 52 18 nent
237 819 154 22 beskaffenhet.
420 820 48 21 Här
483 820 115 28 föreligger
612 822 7 20 i
634 821 72 21 denna
721 820 24 22 så
761 820 61 22 korta
837 822 133 26 proposition
988 823 6 18 i

171 847 76 29 många
271 848 125 26 afseenden,
418 856 34 14 om
475 850 35 27 jag
525 849 24 21 så
564 849 34 21 får
612 851 58 26 säga,
685 852 32 18 ett
732 849 169 27 grundlagsläge.
931 848 64 22 Först

171 876 40 22 och
234 876 78 22 främst
332 878 24 20 är
376 878 22 27 ju
417 877 71 22 denna
503 878 78 28 nådiga
596 879 133 27 proposition
745 877 69 28 egnad
831 877 51 21 eller
896 877 48 22 icke
959 885 35 20 eg-

171 905 41 21 nad
228 908 32 18 att
275 905 108 22 återställa
399 906 27 21 de
442 906 176 28 förutsättningar
629 882 39 57 för
682 906 105 28 egentligt
802 906 193 28 landtdagsarbete,

170 933 88 22 hvarom
275 934 38 21 har
328 935 56 20 varit
398 934 24 22 sä
437 935 87 28 mycket
537 935 30 21 tal
583 935 67 21 under
665 935 70 21 denna
751 934 108 28 landtdag.
884 935 48 21 Den
948 934 47 22 vid-

170 964 35 19 rör
227 962 90 22 sälunda
333 963 27 21 de
377 963 189 28 grundlagsenliga
582 964 207 27 förutsättningarna
804 963 34 21 för
853 962 48 22 värt
915 964 79 20 arbete.

171 990 82 22 Vidare
277 991 38 21 har
337 991 41 21 den
402 992 78 27 nädiga
501 993 160 27 propositionen
680 1000 29 13 nu
725 992 78 21 försatt
818 992 153 27 militärfrägan
988 993 6 19 i

170 1021 31 19 ett
226 1027 25 14 ur
277 1020 171 21 konstitutionell
473 1021 109 28 synpunkt
606 1021 64 28 högst
695 1020 216 28 anmärkningsvärdt
936 1020 57 27 läge:

170 1048 91 22 1878-är
289 1048 174 29 värnepligtslag,
479 1049 76 21 hvaraf
570 1049 119 28 väsentliga
705 1049 60 21 delar
779 1049 57 28 gälla
852 1049 46 21 med
915 1048 79 28 grund-

169 1076 46 28 lags
230 1077 80 28 ihelgd,
335 1077 38 21 har
388 1077 68 28 aldrig
474 1077 71 22 blifvit
560 1078 92 28 lagligen
669 1077 105 29 upphäfd,
789 1085 48 13 men
853 1077 41 21 den
910 1077 84 21 författ-

170 1105 56 28 ning,
241 1113 47 14 som
304 1105 92 22 faktiskt
410 1109 44 18 satt
470 1106 101 21 1878-ärs
586 1106 169 29 värnepligtslag
769 1113 26 14 ur
811 1106 52 21 bruk
879 1106 40 21 och
933 1105 62 29 afsäg

169 1136 31 19 att
221 1133 112 29 upphäfva
354 1134 71 21 denna
447 1135 41 25 lag,
510 1137 23 19 är
555 1143 28 13 nu
598 1135 50 28 sjelf
662 1134 161 29 suspenderad;
838 1134 49 21 dess
902 1134 91 29 tillämp-

169 1163 51 27 ning
241 1164 24 20 är
288 1163 84 21 instäld.
394 1163 12 21 I
430 1163 84 22 hvilket
528 1163 164 29 grundlagsläge
707 1163 96 22 befinner
818 1164 33 27 sig
866 1163 36 21 vid
918 1163 76 21 sädant

169 1191 135 22 förhållande
326 1191 47 22 hela
394 1192 154 28 militärfrägan
570 1193 6 20 i
593 1192 47 21 vårt
655 1192 65 21 land?
749 1191 45 22 Det
808 1193 23 20 är
846 1191 65 25 detta,
925 1199 46 14 som
987 1193 6 20 i

168 1219 90 22 främsta
281 1223 91 18 rummet
394 1220 68 21 mäste
484 1220 93 28 utredas,
599 1222 65 20 innan
681 1228 48 14 man
746 1220 96 21 kommer
856 1220 31 21 till
903 1220 41 21 den
960 1227 33 14 se-

168 1248 98 21 kundära
282 1248 164 29 omständighet,
461 1249 88 22 hvilken
565 1249 126 28 visserligen
706 1257 26 13 ur
742 1249 132 21 Ständernas
884 1249 109 28 synpunkt

169 1277 40 21 kan
225 1284 54 15 vara
294 1285 42 20 nog
351 1277 24 22 sä
390 1278 84 28 primär,
489 1278 106 28 nämligen
611 1285 35 14 om
662 1285 26 14 en
699 1277 150 28 vakansafgift
859 1277 38 22 bör
908 1277 84 22 komma

168 1307 7 19 i
197 1305 63 29 fräga
283 1306 51 21 eller
357 1306 54 21 icke.
441 1306 33 21 Pä
488 1307 30 21 tal
533 1313 35 14 om
584 1306 155 29 vakansafgift,
753 1306 36 28 jag
804 1305 79 22 tilläter
898 1307 43 27 mig
956 1306 36 21 be-

167 1341 70 21 gagna
253 1335 61 21 detta
329 1335 92 27 uttryck,
428 1342 46 14 som
490 1337 23 19 är
528 1335 55 21 bäde
599 1335 104 28 egentligt
718 1335 41 21 och
778 1335 122 27 oegentligt,
916 1335 24 21 sä
955 1334 38 21 ber

167 1363 35 28 jag
225 1365 32 19 att
280 1362 23 22 fä
320 1363 54 21 fästa
391 1363 215 29 uppmärksamheten
621 1363 44 27 vid,
680 1366 33 18 att
728 1362 67 22 ocksä
809 1362 71 22 denna
894 1362 36 22 del
945 1365 47 19 tan-

167 1398 62 21 gerar
243 1391 134 29 grundlagen
392 1392 83 28 ganska
489 1394 57 24 nära,
560 1395 23 25 ty
598 1392 42 21 den
659 1391 188 28 omständigheten
862 1391 82 22 tarfvar
959 1394 34 18 ut-

167 1420 99 28 redning,
290 1428 35 14 om
340 1420 38 22 det
392 1420 206 28 Öiverhuivudiagei
612 1422 24 20 är
650 1420 99 22 förenligt
769 1420 49 21 med
834 1420 38 22 vär
886 1420 104 21 kunsiiiu-

167 1449 50 26 tion,
240 1449 51 22 med
313 1449 55 21 finsk
388 1448 112 29 grundlag,
522 1452 31 18 att
567 1449 32 21 till
614 1452 32 18 ett
660 1448 89 22 omräde
764 1451 59 19 utom
839 1448 72 22 landet
925 1447 66 23 afföra

166 1476 84 23 landets
277 1478 69 22 medel
367 1478 35 21 för
424 1480 32 19 att
470 1479 75 27 utgöra
567 1485 27 14 en
609 1477 147 29 vakansafgift
779 1490 27 3 —
822 1478 21 21 vi
859 1477 60 22 skola
941 1478 50 27 säga
