1061 1678
380 85 205 33 Finansrelationen.
859 86 40 21 655

73 160 74 21 vidare
169 159 49 22 med
240 159 113 29 anledning
368 160 22 21 af
405 160 27 21 de
448 160 185 29 ändringsförslag,
649 168 45 14 som
716 160 91 28 tidigare
827 160 73 21 blifvit

72 189 104 21 beslutna.

143 245 32 22 På
189 245 34 22 Hr
238 245 216 22 Landtmarskalkens
478 245 155 30 framställning
655 246 70 21 beslöt
743 245 91 22 Ståndet
848 245 51 29 god-

73 275 70 20 känna
166 274 32 21 Hr
220 274 103 21 Gadolins
346 275 155 21 ofvanberörda
523 275 79 28 förslag
624 275 40 21 och
687 275 106 21 lemnades
812 274 88 22 sålunda

72 303 126 28 pröfningen
214 303 23 21 af
252 303 104 21 klämmen
372 303 28 28 på
415 303 39 21 sid.
470 304 40 21 137
527 303 117 22 tillsvidare
660 305 75 27 öppen.

142 394 119 28 Föredrogs

142 451 109 22 Särskilda
274 451 207 22 Besvärsutskottets
504 453 30 20 till
555 452 60 21 detta
630 452 84 28 plenum
729 451 118 28 bordlagda
863 451 36 22 be-

71 480 107 21 tänkande
201 480 40 21 N:o
258 481 12 20 6
286 481 6 20 i
307 480 114 28 anledning
443 481 23 20 af
488 481 208 28 petitionsförslagen
715 481 88 20 rörande
820 487 78 21 press-

73 509 189 28 lagstiftningen
279 510 7 19 i
302 509 96 21 Finland.

142 566 31 21 På
195 566 96 21 anhållan
313 567 23 20 af
356 566 44 21 Hir
423 566 205 21 Wallensköld
650 566 40 22 och
713 565 184 22 Svinhufvud

73 594 112 22 bordlades
207 595 143 21 betänkandet
365 596 7 20 i
387 595 104 21 anseende
506 595 32 21 till
555 596 39 20 den
611 595 58 28 långt
685 595 140 21 framskridna
840 595 58 21 tiden

70 623 122 29 ytterligare
207 624 33 21 till
256 626 60 19 nästa
331 624 90 28 plenum.

143 726 30 21 På
195 726 80 28 förslag
293 726 23 22 af
331 726 34 21 Hr
380 726 24 22 C.
420 726 27 22 G.
463 726 246 28 Standertskjöld
723 726 40 22 och
779 726 57 21 Frih.
852 726 46 21 In-

72 755 118 21 drenius
205 755 113 21 bordlades
337 755 101 21 likaledes
453 755 33 21 till
502 757 61 19 nästa
577 756 85 28 plenum
678 755 91 28 följande
783 755 44 21 frän
839 762 59 14 sena-

71 786 32 18 ste
119 783 84 28 plenum
219 784 70 21 härtill
305 784 117 28 bordlagda
438 784 153 28 betänkanden,
606 784 115 28 nämligen:

143 840 173 22 Statsutskottets
339 840 133 22 betänkande
496 841 41 21 N:o
553 842 12 20 5
581 842 7 20 i
607 841 113 28 anledning
741 841 22 21 af
779 844 30 18 ett
824 842 7 20 i
846 841 52 21 Bor-

73 869 136 28 gareständet
225 870 65 21 väckt
312 870 183 28 petitionsförslag
517 878 33 13 om
566 870 108 23 aflätande
689 870 22 21 af
726 870 47 21 nåd.
788 877 59 21 prop.
861 877 37 14 an-

72 898 81 28 gående
180 898 119 28 föreslagen
328 898 308 28 sammanbindningsbana
662 899 8 21 i
694 898 33 23 S:t
750 899 149 27 Petersburg

73 926 89 22 emellan
178 927 67 21 finska
260 927 39 21 och
315 927 63 29 ryska
392 928 149 27 jernvägarna;

142 984 219 22 Ekonomiutskottets
377 984 135 22 betänkande
528 984 40 22 N:o
585 986 9 19 1
609 985 7 20 i
627 984 113 28 anledning
750 984 23 21 af
783 984 47 21 näd.
855 991 43 21 prop.

71 1013 40 20 N:o
126 1013 14 20 4
155 1012 108 27 angäende
278 1013 94 28 grunden
388 1013 34 20 för
437 1013 202 28 tolagsafgiftens
656 1012 143 26 beräknande;
815 1019 25 14 oc

140 1077 81 14 samma
236 1069 99 22 Utskotts
353 1069 134 22 betänkande
503 1071 41 20 N:o
559 1071 12 20 2
587 1071 7 20 i
610 1070 112 28 anledning
737 1071 23 20 af
774 1073 77 19 tvenne
865 1070 33 21 till

71 1098 84 21 Preste-
170 1098 39 21 och
226 1098 163 21 Bondeständen
411 1099 120 21 inlemnade
547 1099 197 21 motionsmemorial
760 1099 48 21 med
819 1099 79 28 förslag

70 1127 34 20 till
119 1127 123 28 förordning
252 1127 108 28 angäende
369 1127 151 28 försäljning
530 1128 47 22 och
587 1128 108 27 forsling
705 1128 27 21 af
741 1128 157 27 rusdrycker,

71 1155 123 28 förordning
215 1155 108 29 angäende
343 1156 81 21 inlösen
446 1155 23 22 af
491 1156 209 29 rusdrycksfabriker
720 1157 7 20 i
743 1156 103 22 särskilda
861 1156 37 21 fall

71 1187 55 18 samt
140 1184 123 29 förordning
278 1184 108 28 angäende
396 1184 96 22 tillständ
503 1185 32 21 till
546 1185 119 21 inrättande
676 1185 23 22 af
709 1185 189 28 rusdrycksfabrik.

141 1281 59 22 Härä
215 1282 109 27 föredrogs

141 1339 175 21 Statsutskottets
339 1340 33 20 till
394 1340 60 20 detta
476 1340 86 28 plenum
578 1340 116 28 bordlagda
708 1339 134 22 betänkande
857 1339 41 21 N:o

73 1368 12 20 6
101 1368 7 20 i
123 1367 114 28 anledning
252 1368 23 21 af
290 1368 48 21 näd.
354 1376 58 20 prop.
428 1368 41 21 N:o
485 1370 29 19 24
526 1368 108 28 angäende
645 1368 72 28 anslag
727 1376 25 13 ur
763 1368 135 28 bevillnings-

72 1396 69 22 medel
157 1396 34 21 för
205 1396 243 23 folkskoleväsendet
463 1397 69 21 under
546 1397 49 21 ären
612 1398 147 20 1905—1907.

141 1453 34 21 Hr
189 1454 36 21 W.
240 1454 128 28 Ramsay
384 1454 70 21 anhöll
476 1461 35 14 om
529 1454 61 22 ordet
604 1454 40 22 och
658 1454 92 28 yttrade:
766 1453 36 21 Då
816 1454 35 27 jag
865 1460 34 14 ser

72 1482 7 21 i
94 1482 108 28 ingressen
224 1482 33 22 till
280 1482 59 22 detta
361 1482 135 22 betänkande
512 1482 14 22 &
540 1483 38 21 sid.
594 1484 19 26 2,
628 1486 32 18 att
682 1482 113 22 Utskottet
811 1481 88 22 föreslär
