1061 1678
397 87 103 17 Finlands
512 87 67 17 Bank.
862 81 42 21 503

77 156 50 26 slut,
144 155 96 22 utfärdas
255 156 33 21 till
303 156 136 27 vederbörlig
459 155 148 28 efterrättelse,
622 163 48 14 men
686 156 7 21 i
709 155 59 22 detta
783 154 120 29 stadgande

76 184 60 21 afses
159 184 87 21 alldeles
269 185 119 28 uppenbart
410 184 74 29 frågor
504 184 90 22 rörande
610 184 137 28 lagstiftning
762 184 34 21 för
812 183 92 27 banken,

77 213 86 21 således
178 212 81 22 sådana
274 213 10 21 i
327 192 26 49 -
367 221 46 14 som
429 213 50 28 ingä
495 214 5 20 i
517 213 139 28 reglementet
670 213 35 20 för
719 212 104 22 Finlands
834 212 68 27 Bank,

77 241 84 22 hvilket
176 241 121 22 tillkommit
311 249 76 20 genom
410 242 126 21 samverkan
553 241 22 22 af
590 241 86 28 Regent
690 241 41 22 och
747 241 97 27 Ständer,
861 240 42 22 och

78 271 7 20 i
101 270 82 21 hvilket
199 270 90 28 ändring
304 270 27 29 pä
346 278 70 14 annan
432 272 42 27 väg
489 270 47 22 icke
552 270 41 21 kan
609 270 45 22 ske.
684 269 47 22 Här
746 271 23 20 är
784 269 56 22 dock
855 269 48 22 icke

78 298 61 29 fräga
157 306 33 14 om
213 299 125 28 förändring
353 300 6 20 i
375 299 95 22 bankens
493 299 135 28 reglemente,
644 302 51 18 utan
716 306 34 13 om
772 306 25 13 en
812 298 91 23 förvalt-

79 327 146 28 ningsätgärd,
247 327 40 21 och
310 327 111 28 angäende
436 327 80 21 sädana
531 327 245 28 förvaltningsätgärder
790 327 67 27 gäller
871 329 32 19 att

75 356 30 21 de
127 356 86 21 utöfvas
235 356 22 21 af
279 356 197 21 Bankdirektionen
492 356 68 21 under
575 356 72 28 tillsyn
663 356 23 21 af
700 355 203 29 Bankfullmäktige,

77 384 74 21 hvilka
166 384 46 21 äter
226 387 94 25 mottaga
336 384 154 21 instruktioner
505 384 23 21 af
543 384 126 27 Ständerna,
685 387 31 18 att
731 384 83 21 säledes
830 384 73 21 Bank-

77 413 135 28 fullmäktige
235 413 40 21 och
291 414 6 20 i
313 414 51 21 sista
386 413 58 21 hand
468 413 119 21 Ständerna
610 420 40 21 ega
670 412 101 22 förordna
790 412 112 28 angäende

77 441 119 28 detaljerna
211 441 23 22 af
248 441 165 29 förvaltningen.
443 442 40 21 Att
502 441 58 22 detta
575 443 23 20 är
613 441 61 22 fallet
689 441 94 28 framgär
797 441 66 21 redan
879 441 24 21 af

75 469 201 29 grundstadgandet
297 471 91 21 rörande
411 471 91 26 banken,
517 470 83 21 hvilket
615 470 70 21 säsom
702 470 79 21 bekant
794 469 108 22 förekom-

77 506 46 13 mer
137 499 6 20 i
160 499 26 21 55
202 499 13 28 8
231 499 6 21 i
254 499 54 21 1772
329 499 34 22 års
385 499 182 28 Regeringsform,
583 499 38 21 der
636 499 38 21 det
688 499 65 26 heter,
769 501 31 19 att
816 498 85 22 banken

76 527 46 21 står
137 527 68 21 under
219 527 132 22 Ständernas
368 528 96 27 »garanti
479 527 41 22 och
535 527 74 22 vård».
642 527 84 22 Samma
742 527 85 28 uttryck
836 529 23 19 är
870 528 32 20 in-

76 558 60 26 taget
151 556 6 21 i
175 557 10 20 1
202 557 12 26 &
229 556 23 21 af
266 557 99 26 gällande
385 557 193 26 bankreglemente,
594 556 40 21 och
650 559 32 18 att
697 556 108 29 uttrycket
822 555 77 22 »värd»

77 584 118 21 innefattar
217 585 158 28 förvaltningen
392 585 23 21 af
431 585 89 26 banken,
535 585 67 28 derpä
623 585 39 21 har
677 592 47 14 man
741 588 31 18 ett
787 585 114 27 ojäfaktigt

77 613 60 21 bevis
153 614 31 20 uti
199 613 41 22 den
256 613 87 29 lydelse,
358 621 46 14 som
428 614 36 21 vid
488 613 135 28 grundandet
643 613 23 22 af
682 613 89 28 banken,
788 621 70 14 såsom
875 621 25 13 en

75 641 213 28 ständerinrättning,
303 642 48 28 gafs
366 643 23 20 åt
404 642 129 28 stadgandet
555 642 72 21 derom
649 644 31 19 uti
696 643 54 20 1867
767 642 34 21 års
816 642 85 21 förord-

76 671 58 27 ning.
164 671 10 21 I
190 671 36 27 $1
243 672 7 20 i
265 671 70 21 denna
344 671 126 28 förordning
481 672 62 26 säges
555 671 116 27 nämligen:
690 671 131 21 »Ständerna
833 673 68 19 emot-

76 701 51 26 taga
142 699 67 21 under
224 700 32 20 sin
272 699 132 28 förvaltning
419 699 41 22 och
475 699 138 28 ansvarighet
628 699 27 21 de
670 700 6 20 i
694 699 83 21 banken
793 699 107 21 inrättade

76 728 119 28 primitiva-
217 728 40 21 och
280 728 190 28 hypoteksfonder,
491 728 73 21 hvilka
588 728 94 21 derefter
704 731 131 25 gemensamt
859 728 40 21 och

76 756 135 21 uteslutande
235 756 50 22 bära
303 764 62 14 namn
381 757 23 21 af
418 756 104 22 Finlands
537 757 68 23 Bank,
621 760 56 18 samt
689 756 95 22 handhar
798 756 102 22 inseende

74 785 25 21 af
122 785 83 21 banken
228 792 77 21 genom
328 785 164 29 Fullmäktige».
522 785 38 22 Uti
586 786 24 20 15
635 786 34 26 Si
685 785 67 27 sagda
774 785 126 28 förordning

77 813 94 28 framgår
193 814 79 26 vidare,
287 816 32 19 att
333 814 198 28 Bankfullmäktige
547 822 40 20 ega
602 814 75 21 utöfva
692 814 42 21 den
750 814 72 28 tillsyn
839 814 61 21 öfver

76 842 223 28 bankförvaltningen,
314 850 45 14 som
382 842 92 28 tidigare
499 842 54 22 hade
573 842 95 22 utöfvats
684 842 23 22 af
722 842 105 22 Senatens
843 842 57 22 Eko-

75 870 224 29 nomiedepartement.
329 891 4 8 ,

145 900 121 21 Resultatet
288 900 62 21 häraf
364 902 24 19 är
402 900 85 21 således
503 903 36 23 att,
555 907 46 14 som
616 900 36 28 jag
666 900 65 21 redan
748 900 100 28 antydde,
863 900 37 21 det

75 929 7 20 i
99 928 88 21 främsta
207 932 90 18 rummet
313 930 23 20 är
354 928 205 28 Bankfullmäktige,
574 936 46 14 som
639 928 65 22 hafva
720 931 33 19 att
767 928 76 22 utöfva
858 929 43 21 till-

74 964 41 21 syn
131 956 61 22 öfver
207 957 159 28 förvaltningen
382 957 23 21 af
421 957 92 27 banken,
528 957 32 21 till
575 957 87 21 hvilken
678 957 80 21 sådana
771 957 72 28 frågor
855 964 44 14 som

75 985 42 21 den
134 993 27 13 nu
177 985 147 28 föreliggande
347 986 57 26 höra,
422 986 42 21 och
486 986 73 21 derom
579 986 86 21 utfärda
680 986 164 27 bestämningar,
860 986 40 21 och

75 1017 32 18 att
122 1013 125 27 Ständerna,
267 1014 70 21 såsom
360 1014 155 28 Fullmäktiges
537 1014 136 29 principaler,
688 1022 39 20 ega
742 1014 24 21 så
781 1017 32 18 att
827 1016 51 26 säga
894 1015 6 20 i

73 1043 55 20 sista
144 1043 80 21 instans
240 1043 73 21 derom
337 1042 107 22 förordna.
474 1043 65 22 Hvad
555 1051 28 13 nu
598 1043 102 21 särskildt
716 1043 99 22 beträffar
831 1043 69 22 sedel-

74 1071 173 26 tillverkningen,
269 1071 25 22 så
316 1071 86 28 stadgas
417 1072 7 21 i
440 1073 27 20 22
495 1072 11 28 $
524 1072 7 21 i
547 1071 204 28 bankreglementet,
766 1074 31 19 att
812 1071 37 22 det
864 1079 36 14 an-

75 1100 96 21 kommer
186 1079 27 49 pä
229 1100 142 21 Direktionen
387 1103 31 18 att
438 1100 88 28 vidtaga
541 1100 79 28 nödiga
635 1100 100 28 ätgärder
749 1100 34 21 för
798 1100 103 22 sedeltill-

76 1127 112 29 verkning,
203 1136 48 14 men
267 1132 32 18 att
314 1130 5 20 i
336 1130 104 27 vigtigare
463 1129 74 28 frägor
552 1129 89 21 ärendet
657 1129 39 21 bör
709 1129 144 22 öfverlemnas
868 1129 32 21 till

76 1157 203 28 Bankfullmäktige.
309 1157 32 22 Pä
363 1157 60 22 detta
446 1159 43 20 sätt
508 1157 39 22 har
561 1157 67 22 ocksä
643 1157 96 22 förfarits
754 1157 47 22 med
817 1157 84 22 undan-

74 1189 39 24 tag
128 1185 132 22 beträffande
286 1189 31 18 ett
337 1194 39 20 par
398 1187 106 27 vigtigare
523 1186 163 28 bestämningar,
702 1186 110 29 angående
827 1186 74 22 hvilka

75 1213 122 22 Ständerna
212 1215 77 28 sjelfva
304 1216 53 27 tagit
372 1215 33 28 sig
420 1215 64 21 talan.
504 1215 48 21 Den
569 1222 39 14 ena
624 1215 89 26 tillkom,
728 1215 70 22 säsom
809 1215 92 22 Utskot-

75 1245 33 18 tet
123 1243 65 21 också
203 1243 39 21 här
257 1243 108 29 åberopat,
382 1243 36 22 vid
436 1245 54 20 1885
506 1243 34 22 års
555 1243 108 28 landtdag,
679 1244 27 21 dä
717 1243 120 22 Ständerna
848 1251 53 21 upp-

74 1271 69 28 drogo
157 1271 23 21 ät
194 1271 39 22 och
250 1272 154 29 bemyndigade
427 1272 198 28 Bankfullmäktige
648 1275 32 18 att
702 1273 43 20 låta
759 1272 75 28 trycka
851 1272 51 21 ban-

76 1299 53 22 kens
151 1300 70 21 sedlar
236 1301 6 20 i
259 1301 49 21 dess
331 1303 49 26 eget
402 1301 100 28 tryckeri.
531 1301 93 21 Formen
646 1301 34 21 för
695 1301 153 22 förordnandet
863 1308 39 15 var

75 1329 50 27 den,
137 1331 32 18 att
185 1328 120 22 Ständerna
320 1329 63 21 afläto
398 1337 27 13 en
438 1329 115 21 skrifvelse
564 1329 31 21 till
606 1329 203 28 Bankfullmäktige.
824 1329 77 28 Nägon

76 1357 137 21 stadfästelse
236 1358 46 20 frän
305 1358 147 28 Regeringens
477 1358 46 21 sida
546 1358 49 21 kom
611 1357 48 22 icke
675 1359 5 20 i
697 1358 61 28 fräga
773 1358 40 21 och
829 1358 72 22 kunde

76 1386 49 21 icke
141 1385 83 22 komma
241 1387 6 20 i
263 1386 67 28 fråga.
360 1386 50 22 Och
426 1388 38 19 när
480 1386 66 21 sedan
561 1386 24 21 är
601 1387 54 21 1897
672 1386 45 22 åter
732 1394 26 14 en
775 1386 127 28 förändring

75 1415 87 27 vidtogs
179 1415 6 20 i
201 1422 80 14 samma
301 1415 162 28 angelägenhet,
478 1414 82 22 skedde
576 1414 36 22 det
628 1415 28 28 pä
671 1423 79 13 samma
766 1417 43 19 sätt
823 1422 77 21 genom

75 1450 28 14 en
120 1442 114 22 skrifvelse
249 1443 48 21 frän
313 1443 119 22 Ständerna
448 1444 33 20 till
497 1443 203 29 Bankfullmäktige.
725 1444 44 21 Det
784 1451 63 20 synes
858 1444 44 28 mig

75 1470 64 23 häraf
161 1471 135 29 obestridligt
318 1472 90 28 framgä,
425 1475 30 18 att
472 1472 39 21 här
526 1474 23 19 är
564 1472 61 28 fräga
648 1480 33 14 om
698 1480 25 14 en
739 1472 162 28 angelägenhet,
