1061 1678
167 105 27 20 26
499 111 24 17 R.
536 115 18 12 o.
567 111 25 17 A.
604 111 60 17 1904.

527 237 67 28 Kap.
610 236 29 22 V.

452 293 111 24 Särskilda
577 294 137 27 stadganden.

551 358 12 26 g
579 358 33 20 66.

236 402 95 26 Enhvar,
350 409 44 14 som
412 402 68 28 enligt
495 402 98 28 gällande
609 402 35 28 lag
659 404 23 19 är
698 402 77 28 pliktig
790 405 31 18 att
836 402 43 21 läta
889 402 105 21 inskrifva

166 431 33 28 sig
219 431 6 20 i
240 430 101 22 handels-
357 431 52 20 eller
424 430 186 29 skeppsregistret,
625 439 56 19 vare,
698 430 35 21 vid
749 438 78 14 ansvar
842 439 44 13 som
903 432 6 19 i
924 430 70 21 straft-

167 459 61 28 lagen
250 459 41 21 och
311 459 188 28 konkursstadgan
519 461 68 26 säges,
607 459 85 28 skyldig
707 462 32 18 att
754 459 56 21 hälla
826 459 42 22 bok
884 459 62 21 öfver
960 460 33 20 sin

166 488 80 21 rörelse
269 491 55 18 samt
347 489 6 20 i
376 487 78 22 sädant
477 488 102 21 afseende
602 489 100 28 upprätta
725 488 40 21 och
789 488 135 28 fullständigt
947 487 46 22 föra

166 516 131 21 åtminstone
320 516 94 29 följande
437 520 80 17 tvenne
540 516 176 27 handelsböcker,
741 517 115 28 nämligen:
882 517 111 25 kassabok,

166 545 61 21 hvari
247 545 119 22 inkomster
385 545 41 22 och
446 545 88 28 utgifter
549 545 34 21 för
598 545 70 28 dagen
684 545 87 26 införas,
787 545 40 22 och
844 545 82 22 balans-
942 545 51 21 eller

166 573 167 28 inventariibok,
352 575 6 20 i
378 574 89 21 hvilken
488 574 109 21 bokslutet
616 574 52 21 eller
687 574 114 29 uppgiften
822 574 27 28 pä
870 574 60 21 boets
950 573 43 22 till-

165 602 82 28 gängar
266 602 41 21 och
327 602 87 21 skulder
432 603 123 21 inskrifves.
585 603 48 21 Och
649 603 54 21 skall
720 602 109 22 bokslutet
844 602 79 29 ärligen
940 610 54 21 upp-

165 632 63 27 göras
250 631 111 21 äfvensom
383 631 26 21 de
425 632 6 20 i
448 631 93 21 rörelsen
558 631 62 21 förda
638 631 79 22 böcker
731 632 65 27 jämte
812 631 70 21 därtill
898 631 94 21 hörande

165 659 100 21 verifikat
281 659 96 21 förvaras
393 661 6 19 i
416 661 64 19 minst
494 661 30 19 tio
539 660 29 21 år.

549 729 12 26 g
578 729 32 21 67.

234 772 81 22 Fabrik
335 773 51 21 eller
406 773 109 25 verkstad,
537 773 38 21 där
590 774 100 28 felaktigt
705 773 124 21 förfarande
846 774 35 20 vid
897 774 95 20 tillverk-

166 802 79 28 ningen
267 802 42 21 kan
331 802 95 21 medföra
451 802 82 22 cldfara
549 802 51 21 celler
616 802 55 22 väda
687 802 34 21 för
736 802 27 21 lif
778 802 51 21 eller
843 802 65 26 helsa,
924 802 33 21 mä
973 803 18 27 cj

166 830 92 22 förestås
281 830 22 22 af
322 838 70 14 annan
412 832 26 19 än
460 830 48 28 den,
524 838 45 14 som
586 838 50 20 eger
650 830 152 28 tillförlitligen
818 830 87 29 intygad
921 831 70 21 skick-

166 858 66 28 lighet
253 862 32 18 att
303 859 83 21 arbetet
402 859 35 21 vid
455 859 66 21 sådan
538 860 117 28 inrättning
670 859 53 21 leda.
754 859 44 21 Det
812 859 72 21 tillhör
899 859 93 21 Senaten

166 891 31 17 att
220 888 124 26 bestämma,
364 888 73 20 hvilka
458 888 116 21 industrier
593 888 60 21 skola
673 896 50 13 vara
744 888 59 21 detta
824 888 77 21 villkor
916 888 77 21 under-

165 916 90 21 kastade
278 920 56 18 samt
354 919 32 19 att
408 916 98 22 meddela
529 916 27 22 de
576 916 34 22 för
630 916 49 22 dess
699 916 136 29 tillämpning
855 916 137 28 erforderliga

165 944 143 22 föreskrifter.

234 973 120 29 Angående
370 973 56 21 hvad
445 974 37 20 vid
498 973 122 22 industrielt
636 973 84 29 företag
735 974 6 20 i
757 973 66 28 öfrigt
839 974 38 20 bör
887 974 105 28 iakttagas

165 1002 35 20 för
221 1002 127 27 skyddande
368 1002 22 21 af
408 1002 110 21 arbetares
539 1002 41 21 och
600 1002 135 21 närboendes
755 1002 26 20 lif
796 1002 41 21 och
852 1002 58 21 helsa
925 1002 67 21 finnes

165 1030 103 21 särskildt
283 1030 107 28 stadgadt.

549 1077 12 27 s
577 1077 33 21 68.

236 1121 45 22 Det
301 1122 124 21 ankommer
445 1122 13 21 å
473 1122 114 28 Magistrat
602 1123 5 20 i
624 1122 46 21 stad
685 1125 56 18 samt
756 1122 139 26 länestyrelse
911 1123 5 20 i
933 1121 61 29 fråga

167 1158 33 13 om
227 1150 149 29 landsbygden
403 1153 37 24 att,
466 1151 55 20 efter
543 1151 161 21 vederbörande
730 1151 264 28 kommunalmyndighets,

166 1179 223 28 yrkesidkaregrupps
411 1179 52 21 eller
484 1179 174 28 yrkesförenings
678 1179 101 26 hörande,
800 1179 34 21 för
854 1179 99 28 utöfning
972 1179 23 22 af

168 1207 113 27 formans-,
301 1207 111 28 hyrkusk-,
432 1207 156 28 legoroddare-,
607 1208 132 27 stadsbuds-,
760 1207 171 22 hamnarbetare-
946 1208 47 21 med

167 1235 52 22 flere
241 1235 82 22 sådana
342 1236 74 28 yrken,
432 1244 45 13 som
494 1237 82 28 betjena
593 1237 148 25 samfärdseln,
757 1236 112 21 äfvensom
885 1237 35 20 för
934 1237 61 21 skor-

167 1264 136 29 stensfejare,
326 1267 85 24 mätare,
434 1265 92 28 packare
549 1265 41 21 och
612 1267 66 19 andra
699 1265 79 28 dylika,
801 1265 5 20 i
827 1265 41 21 den
889 1265 106 21 allmänna

167 1293 141 22 säkerhetens
328 1294 91 21 intresse
439 1293 76 28 stadga
535 1295 58 20 vissa
612 1293 118 22 kontroller
745 1296 56 19 samt
816 1293 105 22 fastställa
937 1295 58 20 vissa

167 1325 62 17 taxor
245 1321 42 22 och
303 1321 171 29 ordningsregler
489 1323 64 27 jämte
569 1323 57 20 viten
643 1323 33 20 för
692 1322 62 21 deras
770 1321 172 22 öfverträdande.

551 1392 13 26 8
580 1392 32 20 69.

237 1435 50 22 Den
309 1444 45 13 som
379 1436 84 29 upphör
484 1436 47 21 med
557 1436 150 29 näringsyrkes
728 1436 119 21 utöfvande
868 1436 38 21 bör
921 1436 73 21 därom

167 1466 52 26 göra
239 1464 100 22 anmälan
359 1464 40 22 hos
420 1464 54 27 den'.
486 1460 126 37 myndighet,
627 1465 31 21 till
674 1465 64 21 hvars
755 1464 136 29 upptagande
907 1464 88 22 ärendet

167 1493 67 27 enligt
250 1494 13 26 &
280 1494 12 20 2
309 1493 67 22 hörer.
