1061 1678
158 95 41 21 748
430 102 25 17 R.
468 106 18 13 o.
499 103 25 16 A.
536 102 60 17 1905.
617 103 25 16 14
653 103 69 20 April.

159 169 40 22 och
216 169 72 22 Adeln
305 172 55 19 samt
374 169 183 29 Rorgareständet
574 170 106 28 heslutits,
691 170 70 21 såsom
777 173 90 26 antagen
879 169 75 22 endast
966 177 9 14 a

156 197 40 22 två
217 197 64 22 stånd
304 197 101 28 förfallit;
420 201 32 19 att
467 197 104 23 likaledes
587 198 100 29 samtliga
702 198 91 22 stånden
808 197 96 30 godkänt
919 197 57 23 Stats

157 226 118 22 utskottets
289 226 137 22 betänkande
442 234 35 15 n:o
493 228 19 25 7,
528 227 111 28 angående
652 226 324 24 kommunikationsfonden

159 254 81 29 budget
255 255 35 21 för
305 255 24 21 år
345 256 62 27 1905,
421 255 112 22 äfvensom
549 259 32 18 att
596 255 28 29 på
639 263 81 14 samma
735 257 44 20 sätt
794 255 144 22 betänkandet
953 263 24 14 n:

158 284 14 21 8
187 284 7 20 i
210 283 118 29 anledning
343 283 23 23 af
379 283 78 30 nådiga
472 285 162 28 propositionen
650 292 35 14 n:o
701 285 33 26 21,
745 284 110 28 angående
871 284 104 21 anvisand

158 311 23 22 af
196 311 71 22 medel
282 312 32 21 till
330 312 137 23 bestridande
482 313 24 21 af
520 312 267 29 landtdagskostnaderna,
803 313 72 21 blifvit
890 311 23 22 af
924 315 54 18 samt

158 340 42 28 liga
215 340 65 22 stånd
296 340 117 28 godkändt.

408 398 32 21 På
454 398 178 22 Statsutskottets
648 400 91 27 vägnar:

494 450 26 21 L.
537 449 114 22 Mechelin.

822 501 22 18 R.
857 501 61 18 Erich.

458 615 115 29 Oafgjorda
589 617 100 22 ärenden.

227 672 58 22 Från
302 672 166 22 Statsutskottet
484 672 55 22 hade
555 673 69 28 ingått
640 681 25 13 en
682 673 24 21 så
722 673 93 29 lydande
831 672 124 22 skrifvelse:

273 729 86 20 FINLANDS
371 726 90 24 STÄNDERS

210 778 311 25 STATSUTSKOTT.

600 834 43 21 Till
659 833 125 29 Höglofliga
799 832 161 28 Ridderskapet

270 854 188 30 HELSINGFORS,
716 862 41 22 och
772 861 78 22 Adeln.

262 903 35 17 den
310 903 22 17 14
345 902 55 24 April
413 903 55 17 1905.

325 978 35 18 N:o
375 978 37 18 142,

227 1028 168 23 Statsutskottet
410 1029 34 22 får
459 1029 123 28 härigenom
594 1029 111 22 vördsamt
716 1028 104 26 meddela,
833 1030 31 19 att
875 1027 113 22 Utskottet

158 1057 49 22 icke
223 1057 128 22 medhunnit
366 1057 158 29 behandlingen
535 1058 23 21 af
568 1057 95 29 följande
679 1057 32 21 till
723 1057 118 21 detsamma
852 1055 136 22 remitterade

158 1085 78 28 nådiga
252 1087 168 27 propositioner:

228 1115 21 25 1)
264 1090 87 58 Nådiga
381 1115 146 28 ropositionen
539 1122 34 14 n:o
585 1116 26 20 26
622 1114 113 28 angående
749 1115 27 20 de
789 1113 36 22 vid
837 1113 150 28 landtdagen

158 1142 60 23 åren
230 1143 138 23 1904—1905
395 1143 89 23 äskade
494 1144 86 27 anslag
592 1143 36 21 för
638 1143 135 22 betäckande
783 1142 24 22 af
815 1141 175 29 landtdagskost-

159 1171 72 26 nader,
246 1171 37 22 för
304 1172 158 21 folkskolornas
479 1173 5 20 i
501 1172 72 21 landet
593 1171 111 22 underhåll
721 1171 41 22 och
777 1171 32 21 till
825 1170 164 22 underlättande

159 1200 23 21 af
197 1200 254 29 väghållningsbesväret
474 1204 55 18 samt
544 1208 34 14 om
594 1202 120 27 utvägarna
727 1200 31 21 till
774 1199 63 22 dessa
852 1199 86 28 anslags
954 1199 36 21 be-

158 1228 123 27 stridande;

229 1258 20 26 2)
266 1257 86 28 Nådiga
367 1259 160 27 propositionen
543 1265 35 14 n:e
589 1259 27 20 28
626 1257 114 28 angående
752 1256 131 28 beviljandet
893 1256 23 21 af
926 1259 64 19 stats-

158 1287 85 26 garanti
259 1285 35 22 för
309 1285 104 23 Finlands
428 1286 254 28 Hypotekstörenings
698 1285 115 22 utländska
829 1285 41 21 lån.

227 1314 137 22 Afvenledes
388 1315 39 21 har
450 1289 113 59 Utskottet
578 1315 92 28 nödgats
686 1315 58 21 afstå
759 1314 57 21 ifrån
832 1313 157 28 behandlingen

158 1342 24 21 af
197 1342 96 29 följande
309 1343 32 21 till
357 1342 114 23 Utskottet
485 1343 137 22 remitterade
638 1342 194 30 petitionsförslag:

229 1372 21 26 1)
276 1371 23 21 af
314 1371 48 22 herr
378 1372 27 21 A.
420 1372 82 21 Reuter
516 1380 27 13 m.
558 1372 20 21 fl.
597 1372 3 21 i
616 1370 166 23 Bondeståndet
797 1370 66 22 väckt
892 1370 98 21 petitions-

159 1399 82 22 förslag
257 1399 113 29 angäende
386 1400 92 21 höiande
494 1400 23 21 af
531 1400 103 21 anslagen
650 1400 34 21 för
699 1398 234 29 landtbrukssällskap;

226 1423 25 33 2)
263 1428 24 22 af
297 1428 90 22 friherre
402 1423 26 27 E.
438 1428 28 22 G.
477 1428 87 22 Palmén
575 1429 6 21 i
591 1423 166 27 Presteständet
771 1427 93 29 ingifvet
879 1427 112 29 petitions-

158 1456 82 28 förslag
255 1464 36 14 om
307 1457 82 22 inlösen
406 1458 24 21 af
444 1457 104 22 särskilda
563 1457 33 21 till
611 1457 77 22 staden
704 1456 167 22 Fredrikshamn
882 1455 108 22 donerade

158 1484 111 31 hemman;
