1061 1678
172 91 41 20 690
432 98 24 16 R.
469 102 18 11 o.
500 98 25 16 A.
539 97 58 17 1905.
623 97 25 17 14
660 97 67 20 April.

241 163 60 22 Frih.
311 172 50 13 von
371 164 198 22 Willebrand
578 164 98 22 lemnade
686 164 51 22 härä
747 163 94 29 följande
851 163 129 22 meddeland

172 191 36 22 Då
230 192 249 29 Bevillningsutskotteta
500 193 135 22 betänkande
656 194 42 21 N:o
720 195 13 20 2
755 193 67 28 eniigt
835 192 101 23 Ständets
951 201 29 20 ny:

173 221 83 22 fattade
272 221 69 22 beslut
355 221 109 29 bordlagts
479 222 33 21 till
527 221 180 29 eftermiddagens
722 221 91 29 plenum,
828 221 60 22 torde
903 221 37 28 jag
952 221 28 22 icl

173 249 94 22 behöfva
289 250 98 22 meddela
408 250 41 23 den
472 250 131 29 upplysning,
624 250 34 22 för
680 251 63 21 hvars
761 250 55 21 skull
831 251 35 28 jag
881 249 99 29 egentlige

173 277 76 29 begärt
274 285 35 15 om
331 279 67 27 ordet,
419 287 47 14 men
489 279 35 22 för
544 279 109 22 säkerhets
673 279 55 22 skull
744 279 37 22 vill
795 279 35 28 jag
844 278 56 22 dock
919 280 62 19 nämn

172 309 33 19 att
226 307 28 21 de
270 307 23 22 af
307 307 113 22 Utskottet
434 308 176 22 förberedelsevis
626 307 175 22 slutbehandlade
816 307 98 26 ärenden,
927 307 54 21 hvilk

173 335 115 22 Utskottet
307 336 66 28 enligt
390 336 49 22 dess
460 337 97 21 anmälan
572 337 54 21 skall
641 336 68 22 blifva
723 337 7 20 i
745 336 84 21 tillfälle
844 338 33 19 att
891 335 34 21 för
939 335 42 21 Stå

172 364 37 21 det
230 365 98 28 uppvisa,
343 364 66 22 under
424 365 79 29 dagens
518 365 51 29 lopp
583 365 61 21 torde
659 365 86 21 komma
759 364 119 22 Ständerna
891 363 89 23 tillhand

173 392 129 22 Tillsvidare
324 393 39 22 har
384 394 75 21 endast
477 394 41 21 den
533 393 68 22 såsom
618 394 70 27 bilaga
702 393 41 22 N:o
759 394 12 20 3
787 392 132 22 betecknade
934 392 48 22 han

174 421 70 28 lingen
262 421 89 22 rörande
366 422 234 28 stämpelbevillningen
615 422 112 21 inkommit
741 421 33 22 till
789 421 25 22 R.
829 429 18 14 o.
863 421 32 26 A.,
910 423 70 19 menä

173 457 40 14 ven
231 449 29 22 de
275 450 38 22 tvä
327 450 69 29 öfriga
410 430 26 42 få
448 458 44 14 som
508 451 63 28 sagdt
585 451 49 21 med
648 451 38 21 det
700 453 94 18 snaraste
810 453 95 18 emotses.

490 622 196 23 Bränvinsskatten.

243 678 120 30 Föredrogs

243 735 221 23 Ekonomiutskottets
486 736 114 28 bordlagda
622 736 134 22 betänkande
775 736 41 21 N:o
835 737 12 20 3
866 736 7 21 i
888 735 97 22 anlednin

174 765 21 21 af
218 764 49 22 nåd.
287 772 58 20 prop.
359 765 41 21 N:o
415 766 27 20 23
459 765 108 28 angående
582 765 41 21 den
638 764 64 27 skatt,
717 772 45 14 som
778 764 35 21 för
827 764 137 28 tillverkning
979 772 6 14 %

175 794 88 20 bränvin
281 793 45 21 skall
350 794 102 28 erläggas,
467 796 55 19 samt
536 801 34 13 om
586 793 66 27 sagda
666 793 69 21 skatts
751 793 138 21 användande
904 793 41 21 och
958 792 27 22 för

174 821 93 29 delning.

243 878 36 22 Hr
297 879 25 21 L.
338 879 199 29 Gripenberg
551 879 72 21 anhöll
638 887 34 13 om
688 879 61 21 ordet
763 879 39 21 och
817 879 94 29 yttrade:
943 879 43 22 Uta

174 910 32 19 att
226 907 51 29 ingå
298 907 29 29 på
347 907 68 29 någon
435 908 136 28 vidlyftigare
593 908 110 22 motivering
733 907 40 22 och
789 908 133 28 upprepning
937 907 22 22 af
974 908 12 21 d

175 936 138 28 synpunkter,
333 944 43 14 som
393 936 36 22 vid
445 936 52 22 flere
512 936 127 29 föregående
654 936 100 22 tillfällen
769 937 56 21 inom
841 936 90 22 Ständet
946 939 40 19 uttz

175 964 45 27 lats,
235 964 40 22 ber
289 966 36 28 jag
339 965 34 21 för
387 966 43 20 min
445 965 34 21 del
495 965 23 21 få
532 965 83 27 föreslå,
630 968 32 19 att
677 965 27 21 R.
719 972 18 14 o.
752 965 33 27 A.,
800 965 49 21 med
865 965 122 21 vidhålland

173 993 23 21 af
218 993 43 21 den
284 994 131 28 ståndpunkt
436 994 89 21 Ständet
538 994 104 21 härintills
657 994 106 27 iakttagit,
779 994 50 21 ville
844 994 72 27 afböja
931 993 56 28 sakli;

174 1021 130 29 behandling
324 1022 23 21 af
367 1022 138 22 förevarande
529 1022 137 22 betänkande.
696 1021 42 30 Jag
759 1024 39 27 gör
819 1022 38 21 det
875 1022 23 21 så
913 1022 74 28 mycke

174 1050 65 21 hellre
264 1059 45 13 som
331 1054 32 18 ett
384 1051 152 28 godkännande
558 1051 23 21 af
596 1051 123 22 Utskottets
735 1051 81 28 förslag
831 1051 67 21 skulle
913 1051 29 28 på
956 1051 32 20 för

174 1079 57 21 hand
254 1079 75 29 afgöra
350 1079 42 22 den
406 1079 66 28 fråga,
486 1087 44 14 som
546 1082 23 19 är
583 1079 104 29 bordlagd
702 1079 32 22 till
750 1079 179 29 eftermiddagens
944 1087 44 14 sam

173 1108 118 26 manträde,
311 1109 110 27 nämligen,
455 1109 90 21 huruvida
563 1108 186 22 bränvinsskatten
763 1108 55 21 skall
834 1108 33 21 för
882 1115 26 14 en
922 1108 66 21 treårs

173 1136 75 29 period
268 1137 76 21 ordnas
359 1137 51 21 eller
424 1145 34 14 om
474 1137 54 22 blott
543 1145 25 14 en
583 1139 107 27 temporär
705 1137 159 22 bränvinsskatt
878 1137 28 28 på
920 1145 66 13 samm

173 1165 74 28 grund,
269 1173 44 14 som
329 1165 58 22 förut
401 1166 60 21 detta
475 1166 23 21 år
514 1169 98 23 voterats,
626 1166 55 21 skall
697 1165 56 28 utgå.
785 1165 112 22 Utskottet
912 1165 76 22 föreslå

173 1193 107 22 nämligen
304 1195 7 20 i
333 1194 48 21 dess
400 1194 56 22 kläm
472 1195 12 21 &
498 1195 39 21 sid.
552 1195 19 26 3,
587 1198 31 18 att
634 1195 118 21 Ständerna
767 1194 50 21 ville
832 1194 113 28 godkänna
960 1195 12 26 &

173 1223 8 20 i
204 1222 48 21 nåd.
277 1230 59 21 prop.
351 1223 49 21 med
414 1223 42 22 den
471 1223 128 28 förändring,
614 1226 30 19 att
659 1223 42 22 den
717 1223 64 26 skatt,
795 1230 46 14 som
856 1223 34 21 för
904 1223 85 21 tillverk

174 1251 50 28 ning
247 1251 24 21 af
294 1251 87 22 bränvin
397 1251 53 22 skall
466 1252 101 29 erläggas,
582 1252 127 22 bestämmes
724 1251 33 22 till
773 1253 27 20 95
831 1252 49 21 penni
894 1259 38 21 per
947 1252 42 21 lite!

173 1279 168 28 Ifrägavarande
356 1281 12 27 &
386 1281 10 20 1
413 1281 70 27 lyder:
505 1281 74 21 »Skatt
593 1281 35 21 för
641 1281 58 21 inom
714 1280 73 21 landet
801 1280 125 22 tillverkadt
940 1280 50 22 brän

174 1309 35 20 vin
225 1308 56 21 skall
297 1308 66 22 under
377 1309 59 22 tiden
451 1309 45 22 frän
508 1309 40 22 den
561 1311 10 20 1
587 1309 43 22 Juli
647 1310 56 21 1905
713 1309 33 22 till
754 1309 106 28 utgängen
871 1309 22 22 af
900 1309 24 22 är
933 1309 53 21 1907

173 1344 18 14 0.
215 1344 15 14 s.
252 1345 21 13 v.
303 1337 171 22 Godkännandet
492 1338 24 21 af
536 1337 69 22 denna
620 1339 12 26 &
648 1337 89 22 innebär
751 1338 82 21 således
849 1341 32 18 att
896 1338 58 21 skatt
968 1337 22 21 fö

174 1365 91 21 bränvin
280 1365 54 21 skall
349 1366 66 21 under
430 1366 175 29 treärs-perioden
623 1366 140 22 1905—1907
780 1367 91 27 utgöras.
901 1366 45 21 Det
960 1366 30 20 Be

174 1393 216 29 villningsutskottets
406 1395 139 26 betänkande,
560 1402 44 14 som
619 1402 50 22 nyss
685 1394 72 22 blifvit
772 1394 113 29 bordlagdt
894 1394 34 22 till
938 1394 52 22 efter

174 1422 127 28 middagens
338 1422 76 29 plenum,
436 1424 116 21 innehåller
574 1426 102 24 deremot,
698 1429 32 16 att
744 1423 59 22 skati
818 1423 35 21 för
866 1422 125 28 tiliverkuin;

173 1450 23 22 af
211 1450 91 22 bränvin
317 1451 67 22 skulle
400 1452 50 28 utgå
465 1452 74 22 endast
551 1452 66 22 under
632 1460 74 14 senare
721 1452 82 21 hälften
819 1452 23 21 af
857 1452 24 21 är
897 1452 54 21 1905
962 1452 29 21 oc!

174 1479 36 21 det
225 1479 59 22 efter
299 1480 109 22 enahanda
422 1480 92 29 grunder
535 1488 44 14 som
601 1481 112 21 härintill.
743 1480 42 22 Om
809 1481 25 21 R.
855 1488 19 14 o.
892 1480 26 21 A.
932 1480 59 22 ställe
