1061 1678
162 91 41 20 616
434 97 24 16 R.
472 101 18 12 o.
502 97 25 17 A.
539 97 59 17 1905.
622 97 24 17 12
657 97 68 20 April.

164 167 49 20 stat,
228 165 75 21 inalles
320 165 124 26 13.383.000
460 165 66 20 mark.
551 165 34 20 Då
601 165 66 19 finska
684 165 104 21 militären
800 165 6 21 i
818 165 53 21 strid
886 169 58 18 emot
956 166 37 28 lag

164 193 130 28 upphäfdes,
316 193 99 28 utgjorde
430 193 38 22 det
482 193 143 29 inbesparade
640 193 102 29 beloppet
766 193 75 21 inalles
866 194 129 27 14,415,000

165 222 65 21 mark.
260 221 44 22 För
325 222 68 21 finska
408 223 116 20 militärens
546 222 118 26 underhäll,
680 230 48 13 men
744 223 47 20 icke
807 222 31 21 till
854 222 137 22 betäckande

165 250 23 21 af
202 250 27 21 de
253 250 98 28 stegrade
375 251 88 28 utgifter
486 251 64 28 ryska
570 251 226 21 riksskattkammaren
813 250 42 21 fått
871 251 124 22 vidkännas.

165 279 34 20 för
214 278 65 29 ryska
294 279 116 21 militärens
430 280 2 20 i
448 279 92 21 Finland
564 279 118 26 underhäll,
698 287 38 13 var
751 279 136 28 Regeringen
903 279 89 22 berätti-

164 307 43 28 gad
223 310 32 18 att
270 307 98 22 använda
384 307 63 22 dessa
462 308 107 21 emtalade
588 308 74 21 medel.
693 308 35 21 Dä
742 308 137 27 Regeringen
895 308 99 21 emeller-

165 335 32 21 tid
220 335 92 29 upphäft
334 336 68 21 finska
425 337 112 25 militären,
551 336 55 21 hade
622 336 41 21 den
680 336 109 28 samtidigt
805 337 48 20 bort
868 336 75 28 afsäga
958 337 36 27 sig

165 364 207 28 dispositionsrätten
389 365 33 21 till
437 365 63 21 dessa
517 365 98 28 miljoner
625 365 41 21 och
677 364 125 22 oafkortadt
812 365 118 27 framlägga
942 364 52 22 dem

164 392 33 21 till
219 392 71 22 denna
305 393 110 28 landtdag,
430 401 46 13 som
492 401 72 13 ensam
580 393 54 28 egde
651 394 89 24 besluta,
756 394 31 20 till
803 394 74 20 hvilka
892 393 100 21 ändamål

165 421 62 21 dessa
249 421 71 22 medel
342 422 56 27 finge
420 421 117 22 användas.
567 421 33 22 De
627 421 118 29 hbesparade
765 422 84 21 medlen
867 423 126 26 14,415,000

167 449 59 22 mark
249 457 53 14 voro
323 450 47 21 icke
393 450 147 28 Regeringens
563 454 51 17 utan
634 450 138 21 Ständernas.
802 451 135 27 Regeringen
953 450 43 21 har

169 478 117 21 emellertid
303 478 120 29 sjelfrädigt
438 479 106 21 öfverfört
559 479 32 21 till
614 479 64 28 ryska
701 479 227 21 riksskattkammaren
939 479 54 21 inal-

166 507 32 21 les
215 507 126 26 15,230,000
356 507 66 26 mark,
437 507 45 21 deri
498 508 143 21 inberäknadt
653 507 104 22 Senatens
769 507 143 28 misslyckade
923 507 74 29 diplo-

168 535 91 22 matiska
275 535 64 28 gäfva
355 543 34 14 om
406 537 109 24 1,000,000
531 537 65 20 mark.
625 536 50 21 Den
692 543 39 14 ena
747 536 130 21 hörnstenen
893 536 35 21 för
946 537 48 20 värt

165 563 58 22 folks
252 565 116 20 nationella
390 565 84 20 tillvaro
498 566 63 27 utgör
576 565 49 21 dess
641 565 248 28 sjelfbeskattningsrätt,
906 565 20 21 d.
942 573 19 13 v.
977 573 20 13 s.

167 594 43 19 rätt
233 596 32 18 att
287 593 73 21 fordra
375 596 32 18 att
422 593 83 21 landets
522 593 69 21 medel
607 593 110 21 användas
732 593 33 21 till
780 593 84 21 landets
880 601 56 20 gagn
952 593 43 22 och

169 621 60 21 bästa
244 622 84 27 jemlikt
348 623 11 26 $
376 623 25 20 27
418 623 7 20 i
442 622 22 21 L.
480 621 33 28 O.,
529 622 42 21 den
587 622 65 21 andra
668 622 129 21 hörnstenen
815 622 45 21 åter
875 624 23 19 är
913 622 83 21 folkets

169 649 197 29 lagstiftningsrätt,
382 650 20 21 d.
418 658 19 13 v.
452 658 17 14 s.
483 652 69 19 rätten
569 653 31 18 att
614 651 65 27 jemte
696 651 118 20 Monarken
825 651 60 20 stifta
896 651 41 27 lag,
947 658 47 13 som

169 678 54 21 skall
239 678 57 28 gälla
311 679 7 20 i
333 678 77 22 landet.
440 678 36 21 Dä
491 686 28 13 nu
535 678 93 22 Senaten
645 680 66 27 öppet
727 679 74 20 erkänt
821 678 173 22 Februarimani-

167 706 74 27 festet,
255 714 77 21 genom
349 707 82 21 hvilket
446 707 217 28 lagstiftningsrätten
679 707 109 28 upphäfts,
804 707 41 21 och
860 714 77 21 genom
952 708 42 20 den

167 735 155 27 undfallenhet,
337 736 103 20 hvarmed
456 736 41 20 den
514 736 79 28 vigtiga
608 736 271 28 sjelfbeskattningsrätten
890 736 24 20 af
926 736 72 21 Sena-

166 767 37 17 ten
219 764 124 26 handhafts,
363 764 38 21 har
420 764 69 21 denna
512 768 61 18 senat
588 764 130 28 ohjelpligen
735 764 66 21 brutit
816 764 41 21 alla
874 764 55 21 band
946 764 48 21 med

168 792 42 21 den
233 793 143 21 rättänkande
400 793 151 28 befolkningen
569 794 5 18 i
591 793 73 21 landet
679 793 41 21 och
737 794 54 20 varit
807 793 123 21 densamma
945 793 51 21 icke

167 820 33 22 till
215 828 64 21 gagn,
294 825 51 17 utan
360 821 32 21 till
409 829 53 13 men.

236 878 35 21 Hr
300 878 104 22 Fraser:
433 879 11 21 I
474 880 67 20 större
571 879 129 27 omfattning
724 881 27 19 än
775 879 66 28 något
863 881 65 19 annat
952 878 45 21 hit-

168 906 43 22 tills
227 907 24 21 af
267 907 91 21 Ständet
372 907 116 28 granskadt
505 908 134 21 betänkande
655 910 68 25 utgör,
739 915 63 20 synes
819 908 36 20 det
865 908 49 27 mig,
925 906 71 22 Stats-

169 935 116 21 utskottets
309 936 135 21 betänkande
469 936 42 21 N:o
537 938 20 25 4,
579 944 45 14 som
647 944 28 13 nu
699 936 122 28 föreligger,
837 944 26 13 en
880 937 116 20 intressant

170 964 117 28 monografi
310 964 61 22 öfver
387 965 26 21 de
429 968 84 18 senaste
529 964 62 22 ärens
606 965 92 27 olagliga
714 968 128 24 regemente.
872 964 124 21 Betänkan-

167 992 38 21 det
221 994 24 19 är
261 1000 26 13 en
303 993 155 28 uppskattning
473 995 6 19 i
495 994 69 20 siffror
579 994 23 21 af
614 994 47 20 hela
672 994 41 20 den
725 993 159 28 komplicerade
895 993 103 28 styrelse-

167 1024 131 25 apparatens
314 1021 56 22 olika
387 1029 65 20 organ
469 1022 34 21 för
518 1022 204 27 denationalisering
741 1022 22 21 af
781 1022 37 20 det
835 1021 69 21 finska
919 1021 76 21 folket.

194 1052 21 18 et
237 1050 82 21 lemnar
334 1050 27 28 pä
376 1052 74 19 nästan
470 1051 73 28 hvarje
559 1051 47 20 sida
622 1054 30 17 ett
667 1051 116 20 intressant
799 1050 95 21 material
909 1050 33 21 till
958 1050 39 21 be-

167 1077 117 22 dömandet
307 1079 23 21 af
346 1079 26 21 de
388 1079 108 26 anstalter,
511 1087 46 13 som
573 1087 26 13 en
615 1079 122 21 ansvarslös
753 1080 99 26 regering
868 1079 48 20 sökt
932 1077 62 22 träffa

167 1106 35 21 för
216 1110 31 17 att
263 1109 56 19 rätta
335 1107 42 26 det,
393 1108 66 27 enligt
475 1108 64 27 några
554 1109 70 26 ryska,
640 1108 66 27 några
724 1107 117 28 »verkligt»
859 1107 63 28 ryska
933 1109 63 19 mäns

167 1135 63 28 äsigt,
244 1135 25 21 af
285 1135 81 28 Kejsar
381 1136 123 21 Alexander
519 1137 10 20 I
544 1136 74 28 gjorda
635 1137 142 26 oförsvarliga
793 1136 53 21 felet
859 1139 31 17 att
901 1135 94 29 upphöja

167 1163 37 21 det
219 1164 70 21 finska
305 1165 70 20 folket
391 1164 64 22 bland
471 1166 136 20 nationernas
619 1165 63 21 antal.
712 1164 152 21 Betänkandet
875 1164 120 21 innehäller

168 1191 23 22 sä
215 1193 78 28 mänga
317 1193 92 21 utmärkt
432 1194 103 21 träffande
557 1194 120 27 sanningar.
707 1193 42 28 Jag
765 1193 37 21 ber
818 1193 36 20 det
870 1192 124 28 Höglofliga

168 1220 92 22 Ständet
283 1225 32 18 att
330 1221 76 22 endast
422 1222 48 21 med
486 1222 64 28 nägra
566 1222 38 21 ord
621 1222 23 21 fä
660 1222 75 21 beröra
752 1229 26 14 en
794 1221 35 21 del
845 1221 23 21 af
883 1221 54 26 dem,
953 1221 42 21 och

169 1249 48 21 icke
233 1249 24 22 sä
272 1250 86 28 mycket
373 1251 6 20 i
395 1251 107 20 finansielt
516 1251 63 28 syfte,
594 1258 46 14 som
656 1251 90 20 fastmer
762 1251 6 20 i
784 1250 66 28 afsigt
865 1252 31 18 att
906 1249 89 22 dermed

168 1277 73 29 belysa
257 1281 108 26 systemet.

296 1307 94 21 kommer
406 1307 27 21 dä
448 1307 51 22 allra
514 1307 55 22 först
584 1309 30 19 uti
630 1307 68 28 tredje
714 1307 153 27 hufvudtiteln,
883 1307 60 21 sidan
959 1308 33 25 10,

167 1335 33 21 till
222 1336 119 27 utgifterna
363 1336 34 20 för
419 1337 362 27 generalguvernörsinstitutionen,
802 1335 73 21 hvilka
897 1336 67 20 under
980 1337 15 19 5

169 1363 34 21 ärs
219 1364 31 20 tid
267 1364 142 21 fördubblats.
432 1364 44 21 Det
491 1366 23 19 är
529 1372 42 20 nog
587 1364 146 28 besynnerligt
748 1367 32 17 att
790 1364 59 20 detta
860 1364 72 27 gjorts,
943 1364 52 20 oak-

167 1392 47 21 tadt
237 1392 95 22 Finland
353 1392 48 21 frän
417 1396 43 18 stat
476 1393 71 21 blifvit
562 1400 26 14 en
604 1394 131 23 gränsmark.
765 1392 42 28 Jag
823 1392 69 21 skulle
908 1395 39 23 tro,
962 1395 32 18 att

168 1427 34 14 om
218 1422 94 20 Finland
336 1422 70 26 nägon
420 1421 59 28 gäng
493 1422 48 27 igen
561 1421 80 21 blifver
656 1424 43 18 stat
713 1420 96 26 tillbaka,
825 1420 67 22 mäste
907 1420 38 22 det
960 1420 35 22 väl

167 1449 98 21 medföra
281 1458 27 13 en
325 1450 95 28 betydlig
432 1450 122 28 minskning
565 1451 6 19 i
583 1450 117 27 utgifterna
715 1450 34 20 för
760 1449 47 21 värt
819 1450 177 20 statsmaskineri.

167 1478 41 28 Jag
224 1478 77 22 tänker
318 1478 34 22 väl
368 1482 31 17 att
415 1479 36 21 det
464 1480 23 19 är
502 1479 159 27 gränsmarken,
672 1486 47 14 som
730 1479 79 20 kostar;
839 1478 52 21 Men
903 1477 36 22 det
952 1478 43 21 kan
