1061 1678
186 100 44 17 Hrr
242 100 33 17 W.
287 99 123 17 Hackmans
424 100 39 16 och
475 99 34 20 Hj.
522 99 91 17 Schildts
626 99 176 20 motionsförslag.
881 93 27 20 23

468 169 26 20 90
511 169 19 26 8.

153 208 114 29 Utlysning
283 208 22 21 af
320 207 268 29 borgenärssammanträde
603 208 54 21 skall
673 209 86 27 angifva
774 208 27 21 de
817 207 90 22 ärenden

83 237 22 21 af
121 237 52 26 vikt,
195 236 73 22 hvilka
293 236 84 21 komma
398 239 33 19 att
452 237 77 21 därvid
551 237 137 28 bandläggas,
702 236 40 22 och
766 237 49 21 sker
832 244 75 21 genom

83 265 131 28 kungörelse,
228 265 72 26 införd
315 273 25 13 en
355 265 56 29 gång
425 266 8 20 i
448 265 105 21 allmänna
574 265 135 29 tidningarna
723 265 41 22 och
779 265 37 23 två
829 265 79 29 gånger

83 295 7 20 i
106 302 68 13 annan
189 293 12 22 å
216 297 59 18 orten
299 293 149 22 utkommande
464 292 51 23 eller
530 294 50 28 eljes
595 294 39 21 där
648 293 73 30 spridd
734 294 92 27 tidning,
841 293 67 22 första

83 322 82 29 gängen
180 323 63 20 minst
257 322 38 22 tvä
316 322 79 22 veckor
409 322 46 22 före
470 323 41 21 den
534 325 79 19 utsatta
628 323 73 27 dagen.
728 323 33 21 Ar
775 323 132 27 utlysningen

83 352 7 20 i
105 351 87 28 omslag,
206 358 44 14 som
265 350 67 22 under
354 351 193 21 rekommendation
563 351 33 21 till
626 351 147 21 postbefordran
795 351 112 21 inlämnats

83 380 37 21 två
135 380 78 21 veckor
227 379 46 21 före
295 380 170 26 sammanträdet,
488 380 75 21 afsänd
585 380 24 21 till
638 380 72 27 hvarje
734 380 56 20 känd
805 380 103 27 borgenär

83 408 39 21 och
139 408 132 29 gäldenären,
287 408 51 21 eller
352 408 44 21 lika
411 408 50 29 lång
475 408 32 21 tid
522 408 58 21 förut
594 408 48 21 dem
654 408 123 21 annorledes
793 408 113 28 delgifven,

84 445 49 13 vare
148 437 41 21 ock
203 436 38 22 det
254 437 60 28 gildt.

152 465 109 22 Kallelsen
277 465 38 22 bör
330 473 51 14 vara
396 465 88 22 försedd
499 466 48 21 med
563 465 138 28 underskrift
715 465 136 31 upptagande
867 465 40 30 den

83 502 86 21 persons
184 502 68 19 namn,
267 501 44 14 som
327 494 94 22 utfärdat
436 494 127 21 densamma.
642 494 129 5 CCC
870 494 5 4 N

469 559 25 20 91
511 558 19 28 8.

152 597 45 22 Vid
212 598 269 28 borgenärssammanträde
496 598 59 21 skola
567 599 8 20 i
585 598 60 27 fråga
660 605 32 14 om
705 600 88 19 rösträtt
804 598 40 21 och
855 599 53 20 röst-

83 626 116 29 beräkning
219 627 144 28 stadgandena
378 627 6 20 i
401 627 27 21 62
446 626 40 21 och
502 627 26 21 63
545 627 26 28 $$
586 627 120 28 tillämpas;
720 627 56 21 dock
792 626 65 22 varde
871 626 37 22 vid

84 656 161 24 sammanträde,
260 663 44 13 som
319 655 67 21 hålles
402 655 46 21 före
463 655 105 21 allmänna
583 658 110 26 uppropet,
707 655 114 29 iakttaget:

153 686 31 19 att
198 684 75 27 beslut,
288 691 44 14 som
348 684 117 21 domstolen
481 684 35 21 vid
530 684 90 28 tidigare
636 684 155 21 sammanträde
801 684 106 21 tilläfven-

84 715 45 25 tyrs
144 712 107 22 meddelat
273 712 108 29 angående
404 714 88 20 rösträtt
507 712 33 22 för
555 713 43 21 viss
613 712 92 28 fordran,
721 712 53 22 skall
797 712 62 22 lända
874 712 34 22 till

83 741 150 27 efterrättelse;

153 772 37 24 att,
204 770 70 21 såvidt
289 770 69 28 dylikt
372 770 70 21 beslut
465 770 48 21 icke
537 770 119 28 föreligger,
677 770 136 22 innehafvare
828 769 23 22 af
866 769 42 21 for-

83 798 58 27 dran,
155 798 86 22 hvilken
257 799 7 21 i
279 798 198 29 bouppteckningen
494 799 107 28 upptagits
616 802 50 18 utan
677 798 138 28 anmärkning
826 801 31 18 att
867 798 40 21 den

83 829 24 19 är
121 827 81 28 stridig,
211 827 50 21 eller
276 802 84 58 hvilken
376 827 55 21 först
446 827 55 21 efter
516 827 170 29 uppteckningen
697 827 116 29 uppgifvits
826 834 47 14 men
886 826 22 22 af

84 856 126 28 gäldenären
225 856 86 21 erkänts
325 856 71 28 riktig,
405 856 47 21 icke
464 856 34 21 må
513 856 109 28 förvägras
638 858 96 24 rösträtt;
750 858 55 19 samt

151 887 33 19 att
197 885 8 20 i
220 884 65 28 öfrigt
307 884 165 27 bestämmande,
487 892 45 14 som
553 885 65 27 enligt
634 885 26 21 62
676 884 39 22 och
731 885 27 21 63
774 884 26 29 8$
815 884 92 22 tillkom-

83 920 44 14 mer
143 913 124 25 domstolen,
281 913 108 21 meddelas
404 913 24 21 af
442 914 176 20 sammanträdets
634 913 133 21 ordförande.

470 978 26 20 92
512 977 17 27 8.

152 1015 45 22 Vid
219 1015 269 29 borgenärssammanträde
511 1016 53 21 skall
587 1017 104 28 protokoll
712 1017 57 20 föras
791 1016 22 21 af
828 1016 79 28 ojäfvig

83 1051 82 21 person,
184 1052 43 13 som
249 1044 22 21 af
293 1045 144 28 godemannen
461 1045 51 21 eller
533 1045 157 28 sysslomannen
712 1045 51 21 eller
785 1045 122 28 borgenärs-

83 1073 104 21 utskottet
201 1076 82 19 utsetts.

152 1101 129 22 Protokollet
303 1101 53 22 skall
378 1102 88 29 angifva
480 1102 27 21 de
526 1102 36 21 vid
584 1102 165 22 sammanträdet
770 1102 137 24 närvarande,

82 1130 53 21 huru
149 1130 133 29 utlysningen
297 1130 63 25 skett,
375 1131 27 20 de
418 1131 82 21 fattade
515 1131 95 21 besluten
626 1131 46 26 och,
682 1132 37 20 där
734 1131 130 28 omröstning
873 1137 34 14 om

83 1159 58 20 olika
155 1159 108 28 meningar
277 1162 36 25 egt
327 1167 52 18 rum,
394 1159 74 22 hvilka
490 1161 67 20 röstat
571 1160 35 21 för
620 1160 41 21 den
677 1167 38 14 ena
730 1159 40 22 och
786 1159 73 22 hvilka
874 1159 34 21 för

83 1187 41 22 den
140 1187 66 22 andra
220 1188 117 27 meningen,
352 1187 24 22 så
390 1189 40 20 ock
446 1188 61 28 gjord
522 1189 95 20 anmälan
634 1196 34 13 om
684 1189 103 28 missnöje.

152 1216 129 21 Protokollet
296 1216 39 21 bör
344 1217 102 28 granskas
456 1217 40 21 och
506 1217 33 21 till
549 1217 128 28 riktigheten
689 1217 109 28 bestyrkas
811 1217 23 21 af
844 1217 64 21 minst

82 1244 37 21 två
135 1245 36 20 vid
186 1245 164 21 sammanträdet
364 1246 130 21 närvarande
511 1253 103 21 personer.

151 1342 12 20 I
178 1342 280 27 borgenärssammanträdes
483 1343 68 21 beslut
566 1344 34 20 må
616 1342 88 29 ändring
725 1343 62 21 sökas
804 1343 37 21 hos
856 1343 50 21 kon-

82 1370 174 26 kursdomstolen,

151 1400 20 24 a)
199 1406 34 14 om
248 1400 165 21 sammanträdet
428 1400 48 21 icke
492 1408 38 13 var
544 1400 114 28 behörigen
674 1400 73 28 utlyst;

152 1428 22 27 b)
203 1435 34 13 om
252 1428 37 21 vid
304 1429 130 27 omröstning
449 1430 95 20 rösterna
559 1428 47 22 icke
622 1429 73 21 blifvit
709 1431 42 19 rätt
765 1428 129 26 beräknade;

151 1456 21 28 c)
202 1464 33 13 om
259 1456 92 22 beslutet
371 1456 78 22 hänför
471 1458 33 27 sig
520 1458 31 20 till
574 1457 84 27 ärende,
680 1457 81 22 hvilket
784 1457 123 28 borgenärs-

82 1484 155 22 sammanträde
253 1485 65 27 enligt
332 1485 35 28 lag
382 1486 48 21 icke
446 1488 24 18 är
485 1486 102 28 befogadt
602 1488 32 19 att
648 1486 128 28 handlägga;
793 1485 50 22 eller
