1061 1678
174 95 42 21 482
447 103 24 16 R.
485 107 17 12 o.
515 103 25 16 A.
552 103 60 16 1905.
637 103 25 16 10
675 103 64 16 Mars.

175 168 48 21 med
247 169 125 22 underrätta
387 169 62 22 Hans
465 170 116 21 Excellens
597 171 236 28 Generalguvernören,
848 170 40 22 och
904 170 60 23 detta
979 171 24 21 sä

175 197 88 28 mycket
278 197 67 22 hellre
360 205 45 14 som
422 198 70 22 denna
508 199 146 27 vanställning
668 201 73 26 tyvärr
758 199 46 21 ledt
819 199 34 21 till
876 206 25 14 en
925 206 78 21 ogrun-

175 225 42 22 dad
234 226 137 29 beskyllning
386 230 44 18 mot
446 235 26 14 en
490 227 89 22 medlem
596 228 24 21 af
634 228 26 21 R.
676 235 18 14 o.
705 228 32 27 A.
748 227 45 22 ledt
803 227 32 21 till
846 227 69 22 denna
926 235 77 21 ogrun-

174 253 55 22 dade
245 255 121 26 skrifvelse,
382 263 45 13 som
444 256 94 21 indirekt
553 258 23 19 är
592 256 69 21 riktad
677 259 44 18 mot
736 256 48 21 hela
799 256 60 21 detta
879 256 69 26 ständ,
962 257 40 21 och

173 282 90 22 hvilken
287 296 26 3 —
338 284 34 28 jag
395 284 38 21 ber
455 287 32 18 att
509 285 65 21 äfven
596 285 24 20 få
634 285 88 28 tillägga
738 285 59 20 detta
812 298 28 2 —
857 285 81 21 kanske
954 286 48 20 icke

175 312 64 21 minst
265 311 90 22 innebär
377 320 25 13 en
418 313 104 27 reproche
537 317 58 18 emot
610 313 48 26 den,
674 321 44 14 som
735 313 62 21 ledde
813 313 188 27 förhandlingarna

174 339 37 21 vid
234 340 166 28 ifrägavarande
426 342 93 27 plenum,
540 342 41 21 och
603 342 88 21 hvilken
714 342 116 27 ingalunda
849 342 55 21 hade
920 342 82 20 kunnat

174 368 111 28 medgifva
308 369 80 21 sädana
410 370 118 28 yrkanden,
551 377 45 14 som
620 370 55 22 hade
695 370 108 21 inneburit
818 370 94 22 hotelser
927 370 23 21 af
966 370 37 21 be-

173 396 62 21 rörda
259 398 52 27 slag.
340 398 42 27 Jag
400 401 88 25 antager
511 399 117 20 emellertid
652 402 31 17 att
705 399 37 20 det
763 399 68 21 första
846 398 86 21 ständet
947 398 54 21 skall

173 425 51 28 vilja
239 425 45 21 läta
299 425 37 22 vid
352 433 25 14 en
394 426 66 21 sädan
476 427 98 21 anmälan
589 435 76 20 genom
683 427 33 21 Hr
726 427 208 21 Landtmarskalken
943 427 59 26 bero,

174 456 50 19 utan
241 457 32 18 att
288 456 51 26 göra
355 455 73 21 vidare
443 455 118 28 yrkanden,
577 456 66 21 ehuru
660 455 80 22 sädana
757 455 106 22 mähända
879 463 42 20 nog
931 455 70 22 kunde

173 482 66 21 hafva
255 483 47 21 skäl
317 483 34 21 för
366 484 38 27 sig.
635 501 3 2 E

241 539 60 22 Frih.
316 540 26 21 R.
357 540 26 21 A.
398 540 122 22 Wrede:
558 541 74 22 Äfven
649 542 35 27 jag
699 541 41 21 kan
757 541 47 22 icke
821 544 65 18 annat
901 543 26 19 än
940 541 61 28 djupt

173 566 92 30 beklaga
281 569 42 20 den
339 570 198 27 missuppfattning,
552 577 46 14 som
614 570 136 28 synbarligen
767 569 96 28 bibragts
879 570 61 21 Hans
956 570 45 21 Ex-

173 597 80 21 cellens
271 596 228 29 Generalguvernören
514 598 111 28 angäende
640 599 118 21 innehället
773 599 23 20 af
811 598 34 21 Hr
861 598 139 21 Cederholms

173 625 35 21 tal.
239 625 44 28 Jag
297 626 38 21 har
351 626 47 21 icke
411 626 67 29 nägot
492 629 32 19 att
538 627 88 28 tillägga
642 629 6 19 i
664 627 59 21 detta
739 627 102 21 afseende
856 627 32 20 till
899 626 57 21 hvad
967 635 33 13 re-

173 653 42 21 dan
238 653 75 22 blifvit
335 655 69 27 sagdt,
426 663 48 13 men
496 656 36 27 jag
554 656 95 21 anhäller
674 659 31 17 att
720 655 23 21 fä
757 659 58 24 yttra
831 655 65 28 nägra
911 655 38 21 ord
965 663 34 13 om

172 682 131 22 rättigheten
327 682 62 22 öfver
409 683 84 21 hufvud
516 687 31 18 att
570 684 110 28 publicera
701 684 122 28 yttranden,
839 684 73 20 hvilka
928 684 71 28 ingå
984 678 17 38 i

173 690 103 42 ätåodene
301 712 113 27 protokoll,
429 712 39 21 och
485 712 54 21 skall
554 714 52 26 göra
622 712 60 22 detta
698 716 50 18 utan
765 715 32 18 att
811 712 51 28 ingå
877 713 6 20 i
899 720 25 13 en
956 712 43 21 pole-

172 740 44 20 mik
239 743 59 17 emot
320 740 62 21 Hans
397 740 115 22 Excellens
528 740 240 29 Generalguvernörens
783 740 121 22 skrifvelse.
961 748 38 14 Hans

173 768 116 21 Excellens
313 768 38 22 har
373 768 71 22 anfört
463 770 27 20 19
506 770 11 27 8
533 770 5 20 i
555 769 153 29 förordningen
725 769 112 28 angående
852 770 147 27 pressangelä-

172 796 132 22 genheterna
326 797 40 21 och
390 797 122 27 frambållit,
528 801 31 18 att
575 798 70 22 denna
660 799 48 21 icke
724 798 71 28 gifver
810 798 48 21 stöd
874 798 34 20 för
923 805 25 14 en
965 798 34 21 så-

171 819 42 27 dan
236 827 49 20 rätt.
323 825 43 22 Det
388 828 24 19 är
434 826 66 22 också
515 826 66 27 fallet,
596 830 32 18 att
643 827 70 21 denna
728 828 14 26 &
757 826 90 22 handlar
863 834 34 13 om
912 826 27 21 de
954 826 45 22 för-

171 853 135 29 handlingar,
331 862 45 13 som
392 854 27 22 de
435 855 106 21 särskilda
556 855 90 22 stånden
662 855 77 29 sjelfva
754 855 43 21 låta
812 855 116 28 publicera.
943 855 55 21 Der-

171 885 58 19 emot
243 882 69 22 finnes
327 884 7 20 i
349 883 154 28 förordningen
524 884 110 28 angående
650 884 270 28 pressangelägenheterna
936 884 22 20 af
974 884 24 20 år

172 912 53 20 1867
243 911 49 21 med
309 911 26 21 de
351 911 149 29 förändringar
520 912 71 22 denna
606 913 127 27 förordning
749 912 114 28 undergått
878 920 76 20 genom
971 920 26 13 en

170 939 131 29 författning
323 940 22 21 af
363 940 23 21 år
402 941 54 21 1891
474 941 139 28 stadganden,
628 949 46 14 som
690 942 67 27 enligt
773 942 43 20 min
832 941 65 21 tanke
912 944 85 18 otvety-

170 968 46 28 digt
231 968 63 28 gifva
309 968 36 22 vid
360 968 85 22 handen
461 972 33 18 att
509 977 26 13 en
551 970 66 21 sädan
632 970 103 28 rättighet
745 970 32 20 till
790 969 133 29 publikation
935 977 62 14 verk-

170 996 56 28 ligen
243 997 121 28 föreligger.
394 997 70 22 Dessa
480 998 132 28 stadganden
629 998 132 21 förekomma
777 999 7 20 i
795 999 12 20 8
823 998 41 21 och
881 999 25 20 10
923 999 33 26 88,
974 998 22 21 af

169 1025 73 22 hvilka
259 1025 41 21 den
316 1025 57 22 förra
388 1025 90 22 handlar
492 1033 34 14 om
542 1027 42 20 den
599 1029 47 24 rätt,
662 1035 45 13 som
723 1026 130 21 tillkommer
868 1026 54 21 finsk
938 1026 58 21 med-

168 1053 91 29 borgare
283 1057 32 18 att
335 1054 145 22 öfverhufvud
509 1055 109 28 publicera
640 1055 112 28 offentliga
775 1055 127 28 handlingar
916 1055 24 21 af
954 1055 41 21 den

169 1082 155 27 beskaffenhet,
351 1090 45 14 som
418 1083 38 21 der
479 1084 128 28 uppräknas.
644 1084 127 21 Sedermera
794 1083 87 28 stadgas
906 1084 6 20 i
930 1085 26 20 10
971 1085 24 26 8:

170 1110 117 29 »Följande
303 1111 126 29 handlingar
444 1119 50 14 vare
510 1113 19 28 ej
546 1112 69 28 någon
631 1113 120 27 berättigad
767 1115 32 18 att
813 1115 51 18 utan
881 1112 114 21 vederbör-

168 1140 39 27 ligt
229 1139 96 22 tillstånd
345 1140 47 21 från
415 1141 260 28 embetsmyndigheterna
691 1141 138 21 utbekomma
845 1141 51 20 eller
911 1141 6 20 i
933 1141 61 28 tryck

168 1168 94 28 utgifva:
287 1169 33 20 1:o
343 1169 111 26 Senatens,
478 1169 225 28 Statssekretariatets,
729 1169 131 22 Ständernas
876 1169 41 22 och
932 1169 63 22 deras

167 1197 96 21 utskotts
279 1205 18 13 o.
313 1205 16 14 s.
345 1205 19 13 v.
380 1197 106 28 protokoll
502 1198 40 21 och
557 1198 146 29 handlingar».
727 1198 32 21 Af
777 1198 63 21 dessa
855 1197 140 29 stadganden,

166 1225 106 28 jemförda
288 1225 47 22 med
352 1226 162 21 föreskrifterna
529 1227 7 20 i
552 1227 13 21 8
581 1228 17 25 $,
613 1227 42 21 kan
671 1227 48 21 icke
736 1227 69 28 någon
821 1234 70 13 annan
906 1226 88 21 slutsats

167 1253 84 28 dragas,
267 1256 27 19 än
310 1257 32 18 att
356 1255 67 28 enligt
453 1255 199 28 pressförordningen
668 1255 37 22 det
719 1257 24 19 är
757 1255 79 21 tillåtet
851 1257 32 19 att
893 1255 47 21 med
952 1255 42 21 till-

166 1282 63 21 stånd
253 1283 24 21 af
296 1283 161 22 vederbörande
473 1283 125 28 myndighet
613 1284 51 21 eller
680 1284 63 21 stånd
760 1284 109 28 publicera
885 1283 49 22 dess
950 1284 44 21 för-

166 1310 134 29 handlingar.
339 1311 36 22 Nu
397 1313 23 20 är
435 1312 37 21 det
484 1313 125 28 visserligen
625 1313 48 21 icke
688 1312 39 22 här
742 1312 70 28 sagdt,
827 1312 44 21 lika
885 1312 48 22 litet
947 1319 45 14 som

165 1340 7 20 i
194 1339 27 21 de
245 1339 134 29 stadganden
402 1341 7 19 i
434 1340 25 22 L.
475 1340 33 26 O.,
523 1348 45 14 som
584 1341 79 21 handla
678 1348 34 14 om
727 1341 129 27 utgifvande
872 1341 7 20 i
894 1341 61 28 tryck
971 1340 24 21 af

165 1368 58 21 vissa
239 1368 249 29 landtdagshandlingar,
502 1368 106 22 huruvida
622 1372 58 18 utom
697 1370 60 20 detta
769 1369 97 21 tillstånd
880 1368 66 22 också
956 1368 38 21 nå-

164 1404 43 19 gon
223 1397 104 27 pröfning
341 1397 48 21 från
405 1398 225 27 pressmyndighetens
650 1398 47 21 sida
713 1398 72 21 kunde
801 1398 85 21 komma
902 1398 7 21 i
925 1397 68 28 fråga.

164 1425 66 21 Hvad
247 1426 102 21 beträffar
364 1426 25 21 L.
404 1426 40 21 O:s
459 1427 126 27 stadgande,
610 1428 24 20 sä
648 1434 65 20 synes
727 1429 23 26 ju
766 1426 78 22 sädant
858 1426 67 22 redan
929 1421 14 38 i
941 1426 51 27 sig

163 1453 50 28 sjelf
235 1461 52 14 vara
309 1454 99 28 orimligt,
431 1462 48 14 men
501 1454 66 22 också
590 1455 133 21 beträffande
746 1454 129 29 stadgandet
890 1455 7 21 i
914 1455 26 21 10
957 1455 10 26 8
985 1455 6 20 i

163 1482 155 28 förordningen
343 1482 111 28 angående
477 1483 268 29 pressangelägenheterna
761 1484 42 21 kan
819 1491 49 13 man
884 1483 109 28 knappast
