1061 1678
347 103 150 22 Längmanska
508 104 85 17 fonden.
844 98 42 21 603

53 171 73 28 dagen
147 171 38 22 har
207 174 32 19 att
260 171 96 29 företaga
379 171 36 22 vid
439 171 157 29 behandlingen
616 171 24 22 af
653 171 70 22 denna
739 171 66 28 fråga,
821 171 59 22 olika

56 201 111 27 meningar
188 200 68 21 måste
275 201 52 27 göra
342 201 33 27 sig
390 200 106 28 gällande.
528 200 111 22 Utskottet
654 200 38 21 har
707 200 118 21 emellertid
842 208 39 13 en-

55 229 76 28 hälligt
153 231 50 19 utan
227 229 116 28 bifogande
364 229 24 21 af
409 229 70 28 någon
504 230 132 20 reservation
660 229 106 21 framstält
781 229 38 21 sitt
834 229 45 21 för-

55 257 47 28 slag
124 257 40 22 och
187 257 59 22 detta
267 259 57 20 visar
339 260 31 19 att
384 257 60 22 detta
459 257 82 28 förslag
555 259 24 20 är
594 257 68 22 likaså
677 257 53 28 godt
745 265 44 14 som
805 257 75 29 hvarje

55 289 72 25 annat,
141 286 88 21 hvarför
251 294 49 13 man
321 287 43 27 just
380 287 47 21 icke
443 286 39 21 har
498 286 69 28 någon
582 288 68 26 utsigt
664 289 32 18 att
711 287 72 20 kunna
793 293 89 21 genom-

55 315 48 21 föra
117 315 120 27 ändringar.
267 315 44 21 För
325 315 124 22 Utskottets
465 315 81 27 förslag
561 315 54 21 talar
631 315 135 27 naturligtvis
782 314 41 22 den
834 323 46 13 om-

51 342 133 29 -ständighet,
199 346 32 18 att
246 343 37 21 det
299 344 98 28 temligen
414 345 50 19 nära
484 343 202 21 öfverensstämmer
702 343 47 21 med
766 343 116 21 Bankfull-

55 372 111 28 mäktiges.
195 372 74 28 Nägra
292 372 116 21 afvikelser
429 372 139 25 förekomma.
583 380 48 13 men
647 372 27 21 de
690 372 52 27 skäl,
757 379 46 14 som
820 372 58 21 före-

55 401 62 20 bäras
132 400 35 21 för
181 400 64 21 dessa
259 400 122 27 afvikelser,
399 400 66 21 hafva
480 401 22 28 ju
518 401 7 20 i
540 400 116 21 allmänhet
671 402 37 19 sitt
724 400 157 28 berättigande.

49 429 47 27 Jag
111 429 79 21 tilläter
204 429 29 21 mig
263 429 56 21 dock
335 432 31 18 att
381 429 107 24 anmärka,
504 432 31 18 att
549 431 36 26 jag
600 429 55 21 helst
670 432 43 18 sett
723 432 32 18 att
766 428 116 23 Utskottet

51 457 112 28 föreslagit
185 457 22 21 ät
254 458 98 21 Historiska
372 457 124 22 samfundet
511 457 37 22 det
563 457 124 27 understöd,
702 465 45 14 som
764 457 117 22 Bankfull-

51 486 95 28 mäktige
168 486 108 29 tillstyrkt.
307 486 64 21 Detta
393 486 47 21 med
457 486 25 21 sä
504 487 86 28 mycket
605 488 68 19 större
688 486 53 26 skäl,
757 493 45 14 som
819 486 62 21 detta

48 515 115 21 samfunds
186 515 139 21 ekonomiska
347 515 102 28 ställning
471 515 70 21 under
555 515 27 22 de
604 518 84 18 senaste
704 515 83 21 tiderna
804 514 78 29 betyd-

52 543 39 28 ligt
106 543 130 22 försämrats.
267 543 48 22 Den
334 543 81 22 skedda
431 544 152 28 afprutningen
600 543 38 22 har
654 543 111 22 Utskottet
781 543 100 22 emeller-

51 572 31 21 tid
98 571 109 29 föreslagit
222 575 31 18 att
268 572 91 21 tilldelas
376 575 32 18 ett
423 575 65 18 annat
504 572 112 21 historiskt
626 572 99 28 sällskap,
742 572 37 21 det
798 572 81 28 kyrko-

49 600 118 22 historiska
188 601 121 26 sällskapet,
329 601 88 21 hvarför
439 601 71 21 denna
532 601 126 28 afprutning
678 601 21 28 ju
715 601 57 21 ändä
788 601 92 21 kommit

49 629 30 21 de
96 629 115 22 historiska
226 631 109 20 studierna
350 630 32 21 till
398 629 40 22 del.
469 630 52 21 Men
537 630 37 21 det
590 629 109 22 förefaller
715 631 48 26 mig,
779 637 46 13 som
842 637 35 13 om

51 657 120 27 Utskottet,
186 658 28 21 dä
229 658 37 21 det
281 659 92 20 minskat
388 658 36 21 det
440 658 23 21 af
478 658 144 28 Fullmäktige
637 658 120 28 föreslagna
769 658 107 28 beloppet,

50 686 45 21 lika
111 694 66 20 gerna
192 686 55 22 hade
263 687 81 21 kunnat
359 686 115 29 disponera
489 687 62 21 öfver
566 687 37 21 det
618 687 80 28 anslag,
711 694 46 14 som
768 686 107 28 föreslogs

49 715 26 21 ät
91 715 156 28 Arkeologiska
268 716 172 20 kommissionen.
470 716 67 20 Detta
560 715 27 29 pä
610 715 41 21 den
674 715 67 28 grund
759 718 31 18 att
805 714 72 22 denna

50 744 140 21 kommission
206 744 32 21 till
253 744 84 21 skilnad
353 744 47 21 frän
416 744 42 21 alla
474 744 26 21 de
521 744 68 28 öfriga
605 744 230 28 understödstagarena
857 745 24 19 är

49 780 30 13 en
95 772 22 21 af
139 772 135 28 Regeringen
297 773 75 21 tillsatt
388 772 131 29 myndighet,
534 780 46 14 som
596 773 135 27 naturligtvis
747 773 38 21 har
800 772 78 21 lättare

49 802 30 20 än
95 801 27 21 de
142 801 93 21 litterära
257 801 120 29 sällskapen
401 804 31 18 att
447 802 39 21 hos
502 802 136 28 Regeringen
654 802 81 20 ansöka
750 808 34 14 om
800 801 80 21 under-

50 829 51 21 stöd
117 829 34 21 för
174 830 143 28 befrämjande
339 830 23 21 af
377 830 27 21 de
419 830 107 28 syftemäl,
545 838 46 14 som
606 830 71 28 äligga
692 830 69 21 denna
777 830 103 20 kommis-

49 860 56 19 sion.
131 858 44 22 Det
189 860 23 20 är
227 858 23 22 af
265 858 69 22 denna
349 859 63 21 orsak
428 860 36 26 jag
474 861 88 19 nämner
573 859 63 21 detta.
665 858 138 22 Beträffande
820 858 60 21 kom-

52 887 128 21 missionens
203 887 125 28 kompetens
351 888 40 20 och
414 889 42 19 sätt
480 890 32 19 att
527 887 99 22 använda
642 887 83 21 medlen
742 887 71 21 finnes
829 886 49 22 der-

50 918 61 18 emot
126 916 111 28 ingenting
253 918 31 19 att
299 916 74 21 erinra.

123 944 65 21 Hvad
205 944 100 22 beträffar
320 944 139 22 understödet
478 944 24 22 ät
519 944 80 22 Finska
618 944 260 28 Vetenskapssocieteten

51 972 41 21 har
106 972 113 22 Utskottet
235 973 28 28 pä
282 973 39 21 sid.
337 974 12 21 8
365 976 119 18 reserverat
500 974 17 20 sig
548 976 44 18 mot
608 973 41 21 den
665 973 164 29 uppfattningen
846 975 32 18 att

52 1004 34 18 ett
104 1001 90 21 litterärt
209 1002 44 27 pris
269 1002 47 21 icke
332 1002 68 21 skulle
416 1002 83 21 utdelas
526 1004 23 19 för
565 1002 162 27 vetenskapliga
742 1002 88 20 arbeten
846 1004 34 17 ut-

53 1029 80 21 komna
145 1030 66 21 under
219 1030 24 21 år
255 1031 60 25 1904,
324 1038 47 13 men
380 1030 37 21 det
425 1030 55 21 hade
488 1031 23 27 ju
521 1031 54 20 varit
583 1030 46 21 skäl
637 1033 31 18 att
676 1030 59 28 gifva
744 1030 22 21 ät
775 1029 104 28 förslaget

53 1057 30 29 pä
98 1057 39 22 sid.
159 1059 6 20 9
188 1066 27 13 en
234 1058 65 28 något
321 1059 104 28 tydligare
448 1059 122 28 stilisering,
591 1059 71 21 såsom
680 1059 33 20 »ät
731 1058 149 27 Vetenskaps-

52 1087 121 21 societeten
188 1089 30 19 att
235 1087 82 22 utdelas
337 1095 44 14 som
398 1088 42 27 pris
452 1087 34 21 för
503 1087 161 28 vetenskapliga
677 1087 87 21 arbeten
777 1087 102 20 utkomna

53 1115 70 21 under
147 1115 100 28 perioden
265 1117 160 21 1904—1907».
455 1116 53 21 Men
528 1123 34 14 om
577 1116 37 21 det
629 1123 62 14 anses
707 1119 31 18 att
755 1115 124 22 Utskottets

55 1143 120 29 förklaring
197 1144 27 28 pä
240 1144 38 21 sid.
294 1145 12 21 8
322 1146 23 19 är
360 1145 115 27 tillräcklig
491 1145 35 20 för
541 1147 31 18 att
587 1144 118 29 förebygga
721 1143 158 26 missförstånd,

54 1172 39 21 bar
107 1173 36 27 jag
166 1173 47 21 icke
235 1173 66 21 heller
323 1173 112 28 härvidlag
451 1173 117 28 anledning
583 1176 31 18 att
633 1173 118 21 framställa
767 1171 114 29 ändrings-

55 1201 88 28 förslag.

126 1257 34 22 Hr
185 1258 24 21 L.
236 1259 161 21 Lindelöf:
428 1259 42 28 Jag
496 1259 95 21 anhäller
620 1258 21 22 fä
666 1261 57 26 yttra
749 1258 64 29 nägra
841 1257 42 22 ord

54 1287 50 21 med
127 1287 115 28 anledning
264 1287 23 22 af
309 1287 122 22 Utskottets
454 1288 83 27 förslag
552 1287 28 29 pä
597 1287 39 22 sid.
651 1288 14 20 4
681 1295 33 13 om
730 1287 150 27 fördelningen

53 1315 26 21 af
95 1315 142 22 vinstmedlen
260 1317 6 20 i
283 1316 40 21 den
346 1316 152 27 Längmanska
522 1315 209 22 testamentsfonden.
765 1315 44 22 Vid
826 1315 55 22 1900

53 1344 37 21 års
113 1344 104 28 landtdag
239 1344 54 22 hade
315 1344 199 28 Bankfullmäktige
530 1344 96 22 förordat
641 1347 32 18 att
688 1344 37 21 det
739 1344 81 27 anslag,
835 1350 47 14 som

55 1373 24 20 af
94 1372 152 28 Längmanska
262 1373 83 21 medlen
360 1373 69 21 skulle
444 1373 145 21 öfverlemnas
604 1373 23 21 ät
642 1372 79 22 Finska
734 1372 150 28 Vetenskaps-

56 1401 117 21 societeten
190 1404 31 18 att
239 1401 82 21 utdelas
344 1402 68 21 säsom
436 1402 163 28 vetenskapliga
615 1402 43 28 pris
674 1401 40 21 och
730 1409 45 13 som
791 1400 92 28 tidigare

56 1429 55 21 hade
134 1425 79 33 utgjort
235 1431 62 25 3,000
318 1431 66 25 mark,
402 1430 69 21 skulle.
490 1430 61 28 höjas
567 1430 32 21 till
614 1431 62 24 4,000
693 1431 58 19 mark
767 1429 48 21 med
832 1429 52 21 hän-

55 1466 41 20 syn
112 1458 70 21 dertill
199 1461 31 18 att
245 1458 28 21 dä
289 1466 25 14 en
330 1459 78 27 längre,
424 1459 70 21 säsom
512 1466 48 14 man
570 1462 70 24 antog,
654 1458 94 28 fyraärig
759 1457 124 28 landtdags-

56 1486 77 29 period
155 1486 102 22 förestod.
287 1487 44 21 Det
352 1487 125 22 dåvarande
503 1487 171 21 Bankutskottet
696 1487 98 21 nedsatte
817 1486 67 21 likväl
