1061 1678
139 94 43 21 574
400 100 25 17 R.
438 105 17 11 o.
469 100 25 16 A.
506 100 60 17 1905.
591 100 25 17 10
628 100 69 20 April.

144 175 45 14 som
215 167 131 21 skolböcker
366 169 136 25 utmönstras,
523 167 24 22 sä
570 167 90 30 uppstår
682 167 41 20 den
747 167 86 28 frågan:
865 167 59 22 Skall
940 167 38 22 det

145 195 113 28 verkligen
274 195 29 28 gå
317 203 26 14 en
358 195 59 29 gång
431 196 25 21 sä
471 196 65 28 långt,
551 199 34 19 att
606 195 105 22 Finlands
735 195 74 22 skolor
827 195 67 22 blifva
910 196 67 27 omöj-

145 225 43 28 liga
204 225 35 20 för
254 224 104 21 Finlands
374 232 55 21 egna
444 227 64 19 söner
522 225 41 21 och
579 225 96 21 döttrar?

215 253 53 20 Men
291 253 22 20 vi
336 253 49 28 vilja
405 254 22 27 ju
447 253 41 22 alla
509 256 40 24 tro,
564 256 32 19 att
611 253 42 22 den
668 254 74 27 regim,
758 260 45 14 som
819 253 39 21 har
872 253 57 28 gjort
944 253 36 28 sig

146 281 100 28 gällande
262 282 69 21 under
345 282 26 21 de
387 282 52 21 sista
454 281 57 28 åren,
527 282 134 28 småningom
678 282 55 21 skall
750 281 97 29 upphöra
859 285 31 18 att
899 281 78 21 tilläm-

146 317 46 21 pas.
215 309 36 27 Ja,
267 309 66 22 lätom
349 317 34 14 oss
400 310 82 28 hoppas
499 313 31 19 att
546 311 25 21 sä
586 311 55 21 skall
658 310 46 27 ske,
719 317 49 14 men
785 313 60 18 snart
860 309 55 22 skall
930 310 45 20 för-

145 338 120 28 ändringen
282 338 90 22 komma.
402 338 46 22 Gör
471 339 41 21 den
529 339 37 21 det
582 339 54 26 icke,
652 338 24 22 sä
691 340 24 20 är
730 338 37 21 det
782 338 47 22 skäl
844 338 35 22 för
893 344 36 16 oss
945 340 33 18 att

145 366 66 22 bäfva
227 368 35 20 för
278 366 41 22 den
335 367 68 21 finska
418 367 87 21 skolans
521 367 48 22 öde.

215 395 94 22 Skolans
331 396 86 27 uppgift
432 398 23 19 är
471 396 75 21 endast
562 403 38 14 en:
631 396 39 21 Att
686 396 35 20 för
736 395 113 21 samhället
864 395 112 28 uppfostra

146 423 102 28 dugande
275 423 40 22 och
341 424 169 21 karaktärsfasta
535 425 141 27 medborgare
707 423 42 22 och
780 423 199 28 medborgarinnor.

147 452 68 21 Detta
231 454 24 19 är
269 453 115 28 uppgiften
400 453 40 21 och
456 453 64 28 ingen
535 461 77 13 annan.

218 481 79 28 Däliga
319 481 129 28 psykologer
470 481 66 22 hafva
559 481 27 22 de
609 482 61 25 varit,
686 489 46 14 som
755 483 53 19 trott
831 483 32 19 att
878 484 30 17 ett
924 481 55 20 läro-

148 511 69 25 ämne,
231 517 48 14 som
295 510 77 21 införts
387 511 7 20 i
409 510 76 21 skolan
506 513 51 18 utan
573 510 140 28 iakttagande
729 510 23 21 af
767 509 70 28 nägen
854 509 58 28 slags
926 509 55 21 hän-

146 545 46 43 on
208 537 56 22 skall
279 537 39 22 hos
335 537 26 22 de
377 546 55 20 unga
452 539 115 28 uppväcka
588 542 66 17 annat
677 541 27 18 än
721 539 87 20 känslor
830 538 23 21 af
875 537 104 28 motvilja.

170 566 27 21 ch
213 567 37 20 det
266 567 49 26 mäl,
330 574 44 14 som
390 567 37 21 det
443 575 41 20 nya
500 571 102 24 systemet
617 575 77 20 genom
709 568 46 20 sina
767 566 152 27 skolreformer
929 566 50 21 sökt

147 595 29 21 nä
191 595 135 21 beträffande
347 595 27 21 de
397 603 61 20 unga,
474 597 24 20 är
512 603 35 19 nu,
563 596 73 21 derom
657 595 64 22 räder
736 597 55 20 intet
806 595 84 26 tvifvel,
905 595 74 28 längre

146 624 95 27 aflägset
257 625 27 20 än
301 624 36 21 det
352 624 104 27 någonsin
472 625 59 20 förut
546 625 60 20 varit.
632 625 105 28 (Brarop.)

216 680 36 22 Hr
268 681 192 21 Oker-Blom:
490 681 95 27 Enhvar,
607 682 35 20 för
662 681 89 21 hvilken
775 681 133 28 ungdomens
934 680 45 21 väl-

148 709 48 21 färd
220 710 70 27 ligger
313 713 69 17 varmt
403 717 33 14 om
459 711 82 27 hjertat,
557 710 38 21 har
611 710 47 21 med
676 710 130 28 bekymmer,
821 710 26 28 ja,
862 709 48 21 med
926 710 53 26 äng-

147 738 46 21 slan
218 738 42 21 och
284 738 138 28 beklämning
444 738 62 27 äsett,
522 738 100 22 hurusom
646 738 69 22 under
731 738 27 21 de
774 741 85 18 senaste
881 738 50 20 ären
948 740 34 18 ett

149 766 60 22 svärt
224 766 51 22 väld
293 767 83 27 begätts
392 770 44 18 mot
451 767 51 21 vära
514 767 79 22 skolor.
619 767 38 22 Uti
668 766 244 22 utskottsbetänkandet
922 766 57 20 finna

147 796 23 20 vi
186 803 27 13 en
229 795 104 21 historisk
349 796 104 27 skildring
473 796 68 26 öfver,
555 796 101 20 hurusom
673 803 25 12 en
716 796 30 20 kil
757 795 47 21 med
819 795 48 21 väld
881 795 100 27 inslagits

148 824 32 21 uti
196 824 114 21 skolornas
326 824 169 28 arbetsordning,
511 832 26 13 en
554 824 36 27 kil,
605 824 94 25 hvilken,
715 832 34 13 om
766 824 41 20 den
823 824 48 21 icke
886 824 7 20 i
908 825 70 19 rättan

149 852 31 21 tid
207 852 114 28 aflägsnas,
343 852 61 22 hotar
429 856 31 18 att
486 855 92 26 spränga
600 853 113 21 skolornas
745 852 94 29 uppgift,
866 852 55 21 bäde
945 851 36 21 sä-

149 888 46 14 som
212 881 107 21 allmänna
338 881 211 28 bildningsanstalter
565 882 40 20 och
621 882 70 20 såsom
709 881 78 21 härdar
803 881 34 21 för
847 880 99 22 danande
956 880 25 20 af

148 909 95 29 dugliga,
259 910 155 28 sjelfständiga,
435 910 167 21 karaktärsfasta
624 910 149 28 medborgare.
803 909 78 21 Denna
896 909 30 21 kil
942 909 39 20 be-

147 938 46 22 stär
208 939 6 20 1
231 938 38 21 det
285 938 78 28 päbud,
378 946 45 13 som
440 939 47 21 med
505 938 48 21 väld
575 939 85 21 försökt
675 940 97 26 inpressa
788 940 31 19 ett
835 938 143 21 öfverhöfvan

148 970 55 18 stort
227 967 58 21 antal
309 968 83 20 timmar
407 967 34 21 för
456 968 64 28 ryska
535 968 98 28 spräkets
650 967 94 21 studium
760 968 30 20 uti
807 966 37 22 det
860 966 65 21 redan
941 974 39 13 an-

148 1003 49 13 nars
211 996 24 20 af
250 995 160 28 spräkträngsel
425 999 63 24 tungt
502 996 112 21 belastade
629 998 146 26 programmet
789 996 35 20 för
837 995 51 21 våra
898 995 81 20 skolor.

146 1023 54 22 Icke
216 1023 24 22 sä
256 1031 46 14 som
326 1024 68 21 skulle
409 1025 35 27 jag
460 1031 50 14 anse
533 1027 32 18 att
587 1025 64 28 ryska
674 1023 89 29 språket
781 1024 18 27 ej
817 1023 68 22 skulle
900 1023 28 21 ha
943 1023 34 21 sin

149 1053 135 27 berättigade
300 1053 55 28 plats
371 1052 66 22 också
452 1053 6 20 i
475 1053 51 21 våra
541 1052 73 22 skolor
629 1054 7 19 i
651 1052 100 22 Finland.
781 1052 42 28 Jag
833 1054 24 19 är
867 1059 50 14 ense
928 1051 48 21 med

145 1081 116 22 Utskottet
284 1081 76 25 deruti,
383 1084 32 18 att
435 1081 60 21 såväl
519 1081 38 21 vär
580 1082 99 27 politiska
703 1081 102 28 ställning
828 1088 45 13 som
892 1080 88 21 landets

147 1110 136 27 geografiska
299 1110 48 27 läge
362 1109 41 22 och
418 1110 180 28 tillgodoseendet
613 1110 23 21 af
651 1110 50 21 dess
723 1109 128 22 merkantila
872 1110 105 20 intressen

148 1146 28 13 m.
191 1146 27 13 m.
233 1138 93 28 päkalla,
341 1141 31 18 att
387 1138 129 21 ätminstone
531 1146 26 13 en
574 1139 34 20 del
624 1139 24 20 af
659 1138 84 21 landets
755 1138 145 28 innebyggare
911 1137 69 28 nägot

148 1167 25 21 sä
188 1169 39 18 när
243 1167 73 21 kunna
335 1167 51 21 reda
402 1168 32 27 sig
449 1168 6 20 i
472 1167 58 21 detta
550 1167 70 28 spräk.
650 1167 53 21 Men
720 1175 49 12 man
785 1166 34 21 fär
833 1166 32 21 lof
880 1169 31 18 att
926 1167 51 26 göra

147 1196 35 27 sig
203 1195 56 21 klart
275 1195 58 22 hvad
348 1195 37 22 det
400 1196 94 27 innebär,
510 1198 31 18 att
557 1199 30 18 ett
602 1195 78 22 sädant
700 1195 91 28 inträng,
807 1202 46 14 som
868 1201 29 14 nu
912 1195 66 26 skett,

148 1226 62 26 göres
237 1225 32 20 uti
292 1224 112 21 skolornas
427 1224 169 28 arbetsordning.
626 1224 161 28 Inrymmandet
808 1224 31 20 uti
866 1223 113 21 skolornas

149 1260 97 21 program
273 1253 24 20 af
312 1256 30 17 ett
358 1253 78 21 osundt
452 1256 54 18 stort
521 1253 57 21 antal
593 1254 85 19 timmar
693 1253 35 20 för
743 1253 65 28 ryska
829 1252 151 28 spräkstudier

150 1281 89 21 innebär
262 1282 23 27 ju
308 1281 60 27 klart,
384 1284 31 19 att
430 1282 7 20 i
452 1281 59 21 detta
534 1289 98 20 program
648 1281 28 21 dä
691 1281 69 21 mäste
783 1281 96 20 minskas
897 1280 82 21 antalet

148 1311 86 20 timmar
249 1310 37 21 för
301 1310 65 21 andra
382 1311 82 25 ämnen,
479 1311 27 27 ja,
520 1309 45 22 helt
581 1310 72 21 enkelt
668 1309 67 22 ocksä
751 1311 130 20 utmönstras
894 1310 85 25 ämnen,

145 1339 76 20 hvilka
247 1339 69 27 enligt
338 1339 100 20 kulturell
461 1339 108 20 utveckling
608 1339 41 20 och
671 1346 87 13 vunnen
775 1337 122 22 erfarenhet
912 1337 66 21 hafva

146 1367 83 21 funnits
245 1366 81 28 nödiga
341 1370 31 18 att
388 1366 45 22 deri
449 1367 87 21 införas.
584 1367 82 21 Friheten
682 1369 33 19 att
730 1366 110 22 modifiera
856 1365 124 22 arbetsord-

146 1396 79 28 ningen
242 1395 29 28 pä
286 1395 68 28 grund
370 1395 22 21 af
408 1403 85 13 vunnen
516 1395 121 21 erfarenhet
652 1396 39 20 har
706 1396 49 20 icke
772 1396 81 20 kunnat
868 1402 43 16 nog
926 1394 53 27 högt

146 1424 136 28 uppskattas.
312 1427 75 19 Såsom
410 1425 90 20 sakerna
518 1432 28 13 nu
561 1424 102 28 gestaltat
685 1424 40 28 sig,
740 1423 131 28 nedtryckes
890 1420 90 24 skolans

149 1452 56 28 höga
228 1453 87 28 uppgift
338 1452 32 21 till
392 1459 26 14 en
435 1453 61 27 länge
512 1452 66 22 sedan
602 1452 85 21 lemnad
704 1452 134 28 ståndpunkt
854 1452 23 20 af
890 1450 89 22 tvifvel-

146 1481 61 27 aktig
229 1488 61 21 rang.
319 1482 53 20 Man
395 1481 68 21 måste
486 1481 98 28 betänka,
600 1484 30 18 att
651 1481 89 29 språket
761 1481 34 21 för
810 1480 91 22 flertalet
916 1481 65 26 utgör
