1061 1678
178 97 41 20 666
447 103 25 17 RB.
485 107 19 13 o.
516 103 25 17 A.
554 103 60 17 1905.
638 103 24 16 13
675 102 68 21 April.

178 171 76 20 önskat
277 174 31 13 att
331 171 107 16 Särskildä
464 171 194 16 Besvärsutskottet
674 171 54 16 hade
753 171 99 21 förebraot
867 178 26 14 on
908 171 75 22 rikhali

191 188 64 5 nekat
277 188 32 5 alt
331 188 109 5 Särsmida
461 188 198 5 HDesvärsutszottet
673 188 55 5 hade
743 188 98 11 10redrag

177 195 50 58 garo
250 199 112 29 utredning
384 199 90 23 rörande
495 200 153 29 pressregimen
670 199 67 22 under
758 199 27 22 de
803 202 83 19 senaste
901 199 57 27 ären,
972 207 12 14 a

193 231 22 18 et
235 228 56 21 hade
329 229 48 21 gifvit
398 229 65 28 några
485 228 186 22 kulturhistoriska
688 228 69 22 bilder
771 228 24 22 af
809 235 81 15 samma
905 231 39 24 art,
958 236 24 14 so

178 265 82 13 samma
278 260 81 19 utskott
373 257 64 28 gifvit
451 259 7 20 i
474 257 60 28 fräga
548 265 35 14 om
598 257 212 22 missförhällandena
824 258 9 20 i
847 257 101 28 Wiborgs
964 257 19 21 lä

176 285 45 22 Det
239 287 24 19 är
282 286 53 21 visst
349 289 47 18 sant
410 289 32 19 att
457 286 53 22 felet
524 286 47 21 icke
587 288 23 19 är
625 287 127 21 ätminstone
767 286 46 21 helt
826 285 41 22 och
882 285 65 22 hället
962 285 22 22 U

178 314 97 27 skottets,
296 317 51 19 utan
368 315 150 28 Regeringens.
547 315 133 28 Regeringen
703 315 39 21 har
763 315 48 21 icke
826 314 65 28 vågat
905 314 81 21 medde

177 342 115 22 Utskottet
305 342 28 22 de
348 343 97 27 cirkulär,
460 351 44 14 som
520 343 171 29 Ofverstyrelsen
707 342 34 22 för
755 342 167 30 pressärendena
936 342 50 22 utfä:

178 371 38 21 dat
229 371 35 21 till
279 372 46 20 sina
339 372 159 21 underordnade
513 373 131 27 tjenstemän.
674 372 134 28 Regeringen
824 372 38 21 har
877 371 47 21 icke
940 371 46 28 väg:

177 401 52 26 göra
253 400 66 26 detta,
341 400 44 21 lika
406 401 48 21 litet
476 408 44 14 som
538 401 41 21 den
594 400 65 22 vågat
674 401 23 21 åt
711 403 32 18 ett
757 403 65 18 annat
837 400 81 21 utskott
932 399 55 22 öfvei

177 428 70 21 lemna
269 428 41 21 den
333 436 15 14 s.
368 429 21 21 k.
404 429 202 22 lärobokskomitens
637 429 124 22 betänkande.
791 429 70 21 Dessa
876 427 112 30 aktstyeke

176 457 55 21 hade
248 458 55 27 gjort
318 460 32 19 ett
363 457 73 22 alltför
450 457 149 29 tragikomiskt
613 457 91 29 intryck,
719 457 40 22 och
775 465 47 14 man
833 457 40 21 har
883 457 56 21 velat
950 457 38 21 und

177 485 50 22 vika
241 485 66 22 detta.

246 514 44 21 För
312 515 43 20 min
377 515 33 21 del
432 515 53 21 skall
506 515 35 28 jag
559 515 26 22 be
600 518 33 19 att
648 515 22 21 fä
684 515 99 21 meddela
798 518 32 18 ett
843 515 54 26 litet,
911 514 78 29 tragisk

176 543 77 28 bidrag
276 543 32 21 till
329 543 26 22 de
376 547 82 18 senaste
474 543 61 22 ärens
566 545 116 27 pressregim.
711 543 46 22 Det
770 543 67 28 gäller
852 551 26 13 en
893 543 48 27 bok,
956 549 33 15 sor

176 571 74 22 blifvit
272 579 33 14 oss
327 572 42 21 alla
391 572 44 27 kär,
457 580 43 14 som
519 572 73 22 blifvit
607 572 47 21 hela
672 572 37 22 det
723 572 68 21 finska
805 572 79 21 folkets
898 571 92 22 national

177 600 111 27 egendom,
302 601 38 21 det
353 601 67 28 gäller
433 601 106 21 Topelius”
557 601 87 21 »Boken
659 609 34 13 om
709 601 48 21 vårt
772 600 70 22 land».
867 600 77 21 Denna
954 600 36 22 bok

176 636 45 13 som
245 629 65 22 sedan
332 629 23 21 år
376 630 55 21 1875
453 630 33 21 till
507 629 23 22 är
553 630 54 21 1902
623 629 55 22 hade
693 629 98 29 utgifvits
806 629 29 29 pä
849 629 83 21 landets
946 629 45 21 båd:

178 657 65 29 språk
258 658 9 20 i
282 659 13 20 9
312 658 103 27 upplagor
429 658 33 21 till
478 661 31 18 ett
522 659 156 27 sammanlagdt
689 658 57 21 antal
757 658 108 28 exemplar
874 657 23 21 af
906 658 85 26 250,00

176 686 69 21 denna
269 686 40 21 bok
326 665 57 48 Met.
404 686 28 22 då
453 686 73 22 tionde
545 687 106 28 upplagan
666 686 69 22 skulle
750 686 100 28 utgifvas,
865 686 99 28 stympad
980 693 11 14 a

176 722 25 13 en
217 715 205 28 pressombudsman,
437 722 25 14 en
478 715 45 21 före
538 715 60 21 detta
613 716 85 21 kornett
711 715 40 21 och
767 714 147 22 medarbetare
929 715 7 20 i
951 714 40 22 Fin

177 742 122 30 ljandskaja
321 743 85 22 Gaseta.
436 744 74 21 Denne
546 744 182 22 pressombudsman
743 744 56 21 tillät
816 744 38 27 sig,
869 743 124 27 naturligtvi

176 772 29 49 J
227 772 48 21 sina
289 772 164 22 öfverordnades
468 772 123 28 befallning,
607 776 32 18 att
654 772 99 28 förbjuda
767 772 145 21 utlemnandet
927 772 7 20 i
950 771 41 22 bok

190 800 77 22 andeln
284 800 23 22 af
321 800 74 22 Boken
410 808 34 14 om
460 801 47 21 vårt
521 801 55 27 land,
591 801 71 21 förrän
678 801 54 21 sidd.
747 802 42 20 375
821 802 40 20 381
878 800 40 22 och
931 801 62 21 390—

175 829 42 21 400
233 828 118 30 borttagits.
381 829 30 22 På
426 829 62 22 dessa
502 830 57 21 sidor
573 829 144 23 behandlades
729 829 94 29 följande
833 831 85 19 ämnen:
935 828 59 29 »Kej

176 865 34 13 sar
233 857 123 22 Alexander
376 858 40 21 och
430 858 72 28 Borgä
517 858 122 29 landtdag»,
657 858 56 22 »Det
728 858 147 22 äterförenade
890 858 103 21 Finland»

177 886 92 28 »Kejsar
289 886 87 22 Nikolai
394 886 40 22 och
452 887 70 21 kriget
536 890 45 18 mot
594 888 163 27 sjömakterna»,
775 886 90 29 »Kejsar
879 886 116 22 Alexande

175 914 24 21 II
219 914 40 22 och
282 915 126 29 landtdagen
427 916 7 20 i
449 891 135 57 Helsingfors
600 917 76 26 1863»,
694 916 54 21 »Om
764 915 47 22 vårt
826 915 61 21 lands
902 914 93 29 grundla-

175 951 58 21 gar».
249 956 28 3 —
293 944 44 49 Jag
349 944 39 21 har
402 945 44 28 mig
460 944 80 22 bekant
554 948 32 18 att
600 944 65 22 också
680 944 47 22 från
742 944 66 22 andra
823 944 54 21 läse-
891 944 40 21 och
946 944 50 21 läro-

175 972 87 27 böcker,
279 972 100 22 särskildt
394 976 36 18 vet
444 974 35 28 jag
493 973 37 22 det
544 980 34 14 om
594 973 64 29 nägra
670 972 125 23 läroböcker
807 972 34 22 för
852 972 143 22 folkskolorna

176 1001 107 21 uteslutits
302 1001 43 27 allt,
361 1009 44 13 som
420 1002 28 28 pä
464 1002 64 28 nägot
541 1002 32 21 vis
592 1002 90 28 antyder
696 1004 33 19 att
742 1001 93 21 Finland
849 1001 39 21 har
902 1000 95 29 grundla-

175 1037 43 20 gar,
233 1032 34 18 att
281 1029 91 22 Finland
388 1032 22 19 är
425 1033 32 18 ett
471 1029 169 22 konstitutionelt
655 1030 71 29 styrdt
740 1029 55 22 land.

244 1057 47 22 Det
305 1060 24 19 är
343 1059 53 21 visst
410 1062 52 23 sant,
478 1062 31 18 att
524 1059 69 21 denna
608 1059 127 29 pressregim
751 1058 73 22 blifvit
834 1058 64 29 nägot
910 1057 88 22 mildrad

175 1086 67 21 under
266 1090 83 18 senaste
370 1087 32 22 tid
423 1101 27 2 —
471 1088 35 28 jag
524 1087 67 22 skulle
612 1087 48 22 icke
676 1088 51 27 vilja
743 1089 50 26 säga
808 1087 69 21 såsom
892 1086 107 23 Särskilda

174 1115 198 22 Besvärsutskottet
408 1115 12 22 pä
440 1115 39 22 sid.
502 1117 11 20 1
534 1118 61 26 säger
609 1116 67 21 under
692 1123 87 14 »senare
793 1115 76 27 tider»;
884 1115 38 22 det
936 1117 23 19 är
974 1123 25 13 nu

174 1143 35 22 väl
230 1146 33 19 ett
278 1143 64 29 nägot
356 1145 116 21 sväfvande
488 1145 84 21 uttryck
587 1157 26 4 —
630 1153 47 13 men
693 1144 68 29 nägon
777 1144 83 29 verklig
875 1143 124 30 förbättring

174 1171 44 28 har,
233 1171 71 23 säsom
319 1172 65 22 ocksä
398 1173 110 22 Särskilda
543 1173 176 22 Besvärsutskottet
732 1173 29 29 pä
775 1173 39 21 sid.
836 1174 7 20 2
857 1173 41 21 och
913 1173 13 21 3
937 1173 63 21 fram-

174 1200 67 27 hållit,
265 1201 48 22 icke
335 1203 55 20 ännu
410 1202 166 21 åstadkommits.
605 1202 48 21 Och
669 1202 70 22 denna
753 1201 129 28 förbättring
896 1201 42 22 kan
953 1201 48 22 icke

174 1229 40 26 fås,
236 1229 65 22 innan
324 1237 25 14 en
372 1230 109 22 fullständig
517 1231 86 28 politisk
623 1230 205 29 systemförändring
842 1230 98 21 inträder.
970 1229 31 22 Vi

176 1259 63 20 vänta
255 1259 8 20 i
278 1259 61 21 detta
352 1259 100 22 afseende
469 1235 64 57 något
547 1259 23 22 af
586 1259 40 22 den
641 1259 122 22 nuvarande
778 1259 223 28 generalguvernören,

175 1293 48 14 men
237 1286 40 23 det
288 1294 34 15 ser
336 1291 28 22 ut,
380 1295 44 14 som
439 1295 34 14 om
488 1289 22 20 vi
525 1288 67 21 skulle
608 1287 22 22 få
644 1290 65 19 vänta
724 1287 114 29 förgäfves.

243 1344 36 22 Hr
294 1344 210 23 Svinhufvud:
526 1345 130 29 Esilläoleva
670 1346 98 21 mietintö
783 1352 26 14 on
825 1343 60 23 sekin
900 1343 102 22 merkilli-

175 1374 75 32 simpiä
266 1374 215 29 todistuskappaleita
494 1374 137 21 oloistamme.
660 1374 105 21 Painetun
782 1372 102 22 sanankin
899 1372 63 22 alalla
974 1380 27 14 on

174 1402 107 22 vallinnut
302 1410 58 14 sama
375 1403 151 22 järiettömvys.
541 1410 57 14 sama
613 1402 160 22 vihamielisvus
788 1401 90 19 kaikkea
895 1401 107 19 kehitystä

374 1422 39 14 Jar;
480 1422 49 14 yys,
575 1432 13 4 sam:
733 1422 23 9 vy
954 1422 7 8 3

174 1433 96 25 vastaan,
285 1438 59 14 sama
358 1430 121 23 laittomuus
494 1422 50 30 kuin
559 1438 43 14 niin
617 1430 92 23 monella
724 1430 79 22 maulla
818 1430 68 22 alalla.
908 1429 95 22 Samalla

174 1459 42 21 kun
231 1460 59 21 minä
303 1459 73 30 yhdyn
391 1459 139 23 valiokunnan
545 1460 124 21 mietintöön
684 1460 22 28 ja
721 1466 36 14 sen
769 1459 90 29 ponsiin,
868 1466 68 21 panen
947 1465 56 14 mer-

174 1487 56 28 kille,
253 1490 45 20 että
319 1488 121 22 valiokunta
462 1489 84 21 erittäin
565 1488 112 22 sattuvasti
695 1496 26 13 on
739 1488 167 26 huomauttanut,
922 1486 80 22 kuinka
