1061 1678
402 91 162 34 Skolväsendet.
853 92 43 21 573

63 169 87 27 visning
173 167 101 28 temligen
297 167 52 22 små.
378 167 54 22 Icke
455 167 57 28 förty
535 167 38 21 har
593 167 37 21 det
645 167 75 28 hägrat
736 167 34 20 för
786 166 107 22 vederbö-

62 197 67 22 rande
149 197 69 20 såsom
239 199 30 18 ett
285 196 62 26 ideal,
362 199 31 18 att
408 196 32 21 till
456 196 68 21 lärare
539 197 8 20 i
562 196 135 28 riksspråket
719 199 59 18 utses
795 195 99 21 icke-fin-

62 226 40 21 ska
119 225 144 28 medborgare.
293 225 53 21 Men
362 224 62 21 dessa
440 225 80 20 lärares
536 225 86 28 uppgift
638 224 69 21 skulle
723 224 44 21 helt
778 225 55 20 visst
843 224 49 21 icke

63 254 70 21 blifva
149 253 75 22 endast
237 253 41 21 den
296 256 31 18 att
343 253 115 21 undervisa
474 254 6 19 i
497 253 64 28 ryska
577 253 93 28 språket.
689 253 52 21 Man
752 252 84 21 förstod
850 259 43 22 nog

59 286 37 18 att
111 290 25 14 en
152 283 67 20 lärare
235 281 68 28 aldrig
319 282 76 21 endast
410 281 139 26 undervisar;
565 281 41 21 han
623 281 126 29 uppfostrar
763 281 73 22 också.

133 311 36 21 All
192 311 126 27 uppfostran
335 318 37 13 var
387 311 56 20 dock
460 311 48 20 icke
524 310 33 21 för
573 310 163 21 vederbörande
757 310 138 28 tacknämlig.

63 340 46 21 Der
125 339 36 21 det
177 339 130 28 förspordes,
323 342 31 18 att
370 346 26 14 en
408 338 137 29 uppfostrare
561 338 103 22 särskildt
680 338 47 21 lade
743 339 33 27 sig
792 339 51 20 vinn
857 346 34 13 om

59 368 48 27 det,
131 375 45 14 som
198 368 101 21 öfverallt
317 368 2 20 i
336 367 88 21 verlden
448 367 110 21 betraktas
580 367 70 21 såsom
666 374 26 14 en
709 367 22 21 af
751 366 140 29 uppfostrans

63 396 200 28 hufvuduppgifter,
279 396 105 27 nämligen
401 399 31 17 att
448 396 70 21 väcka
533 396 74 20 kärlek
623 396 31 20 till
671 396 37 20 det
723 396 126 27 dyrbaraste
861 398 31 18 ett

63 425 48 21 folk
127 432 55 21 eger,
198 424 145 27 fosterlandet,
359 424 38 21 der
412 424 53 21 fann
489 432 47 13 man
553 425 47 20 icke
617 425 67 20 sällan
701 424 44 21 skäl
762 427 32 18 att
809 423 82 29 påyrka

65 457 33 18 ett
113 453 144 21 inskridande.
288 453 52 21 Man
364 453 54 21 hade
441 453 48 21 icke
513 453 66 21 heller
602 453 48 21 bort
668 453 91 20 förvåna
775 453 32 27 sig
822 453 69 25 öfver,

62 485 34 19 att
118 482 26 21 de
166 489 55 20 unga
243 481 68 21 under
333 481 55 22 tider
411 489 46 14 som
476 481 28 22 de
524 489 50 20 nyss
591 481 101 21 förflutna
709 482 57 20 velat
781 481 61 28 gifva
858 484 35 18 ut-

63 511 64 28 tryck
143 511 34 20 för
192 511 45 20 sina
252 510 159 21 fosterländska
426 510 94 26 känslor,
535 510 41 21 och
593 518 47 13 man
657 510 54 21 hade
727 510 48 21 icke
789 511 47 20 bort
846 510 46 20 för-

64 540 57 21 våna
143 541 33 26 sig
198 539 67 26 öfver,
281 547 34 13 om
339 539 62 21 dessa
424 539 86 28 uttryck
531 539 70 28 någon
617 539 42 28 gång
690 539 55 27 fingo
761 546 26 13 en
803 539 90 20 demon-

63 569 78 20 strativ
165 569 103 20 karaktär.
298 567 33 21 De
355 575 56 20 unga
434 569 36 20 äro
495 567 111 22 blifvande
629 568 140 27 medborgare
788 567 41 21 och
844 567 50 21 icke

63 597 65 27 några
144 595 103 30 viljelösa
270 596 295 28 denationaliseringsobjekt.
596 596 44 21 Det
663 598 23 19 är
709 595 136 29 upprörande
863 598 32 18 att

65 626 52 21 barn
133 625 65 21 hafva
214 626 56 19 varit
285 625 89 21 föremäl
389 625 35 20 för
440 625 143 28 angifvelser;
607 633 48 13 men
672 625 37 20 det
723 627 24 18 är
762 626 56 19 ännu
834 631 60 14 mera

61 654 137 28 upprörande
221 657 31 17 att
273 661 48 13 man
344 654 38 20 har
403 653 105 21 förklarat
523 653 105 21 särskilda
644 654 67 20 lärare
727 653 115 27 olämpliga
858 653 37 20 för

63 684 39 19 sitt
118 682 48 23 kall,
181 682 72 21 derför
269 685 31 17 att
315 682 26 21 de
357 682 37 21 vid
410 682 62 21 sidan
484 682 47 21 utaf
547 683 32 20 sin
595 683 67 27 tjenst
678 682 89 27 deltagit
783 682 5 20 i
805 681 37 21 det
853 688 40 22 po-

63 711 72 21 litiska
158 710 66 22 lifvet.
254 710 34 21 En
311 710 67 21 lärare
394 711 54 21 skall
464 711 36 21 väl
516 711 71 21 säsom
602 711 74 28 hvarje
692 718 70 13 annan
778 710 113 21 menniska

63 740 24 21 fä
103 747 51 13 vara
169 739 138 28 medborgare
323 740 6 20 i
345 740 37 20 sitt
397 739 57 21 land.

133 768 143 27 Angifvelser,
291 775 46 14 som
353 768 68 20 under
436 768 27 21 de
480 771 85 18 senaste
581 768 50 21 ären
647 768 76 21 riktats
735 770 57 18 emot
802 768 90 20 skolans

63 797 68 21 lärare
147 797 41 21 och
202 797 113 27 lärjungar,
330 796 66 21 hafva
417 796 124 22 framkallat
557 804 26 14 en
598 797 34 21 hel
649 804 69 14 massa
734 796 160 21 undersöknin-

60 833 41 21 gar
117 825 40 21 och
168 825 77 26 förhör,
262 826 71 20 hvilka
348 825 44 21 helt
408 826 54 20 visst
478 825 32 21 till
526 826 52 20 allra
597 827 79 19 största
692 825 63 21 delen
770 824 56 22 hade
843 825 51 21 bort

64 854 69 21 blifva
155 854 93 28 ogjorda.
277 854 71 20 Bland
371 854 63 20 dessa
457 854 134 21 förekomma
607 854 100 21 stundom
723 853 106 29 episoder,
845 861 46 13 som

63 884 57 20 varit
142 886 47 18 rent
214 882 22 20 af
260 882 102 21 komiska.
392 882 39 21 Ett
454 883 98 27 exempel
577 883 64 21 bland
663 883 62 21 dessa
748 882 34 21 mä
797 882 95 21 anföras.

62 911 36 21 En
121 910 108 29 högättad,
251 912 85 26 mycket
359 918 43 20 ung
422 918 54 18 man,
493 919 46 13 som
555 912 136 27 sannerligen
709 911 47 21 icke
771 911 39 21 har
826 911 67 27 några

63 940 146 28 pedagogiska
225 940 150 26 erfarenheter,
391 947 48 13 men
456 940 137 28 synbarligen
610 940 38 21 har
661 942 54 19 varit
730 939 99 21 utrustad
843 939 50 21 med

64 968 86 28 mycket
165 971 57 18 stora
237 968 171 21 administrativa
430 968 187 28 förutsättningar,
633 968 28 22 dä
679 969 78 21 honom
773 968 64 21 bland
854 976 40 12 an-

64 1000 37 17 nat
117 997 125 20 ombetrotts
264 1004 26 13 en
313 997 81 27 ganska
410 997 131 21 ansvarsfull
558 1000 48 25 post
622 998 58 20 inom
696 998 42 20 den
754 997 65 27 högre
835 997 59 27 jern-

64 1025 221 28 vägsförvaltningen,
300 1025 77 21 sändes
401 1025 34 21 för
458 1025 71 28 nägon
545 1025 30 21 tid
593 1025 65 21 sedan
675 1026 32 21 till
723 1028 31 19 ett
769 1025 22 21 af
807 1025 86 21 landets

61 1055 127 20 seminarier
202 1054 7 20 i
225 1053 39 22 och
287 1053 34 21 för
340 1054 130 27 inspektion.
500 1054 212 28 Kommenderingen
734 1062 37 13 var
786 1053 109 28 sjelffallet

64 1083 113 27 företagen
194 1082 27 28 pä
235 1082 69 28 grund
321 1082 22 21 af
358 1083 148 27 otillständiga
522 1082 136 28 angifvelser.
689 1083 48 20 Den
760 1082 133 27 omständig-

63 1111 66 21 heten
152 1114 31 17 att
205 1118 25 13 en
255 1111 58 28 dylik
337 1111 74 28 ätgärd
434 1111 87 27 vidtogs
537 1111 162 22 vederbörande
714 1111 180 28 fackmyndighet

64 1139 113 25 ovetande,
193 1141 22 19 är
231 1139 140 28 upprörande.
402 1139 52 22 Men
477 1139 71 22 dertill
565 1140 95 21 kommer
676 1143 30 18 att
722 1139 98 22 bemälde
836 1147 57 20 unge

65 1175 49 14 man
131 1168 66 27 ansåg
212 1169 33 26 sig
261 1168 50 21 böra
327 1168 130 21 underkasta
474 1169 26 21 de
517 1169 112 20 fullvuxna
641 1169 100 21 eleverna
751 1170 6 19 i
769 1169 124 20 seminariet

64 1199 33 18 ett
119 1197 154 27 specialförhör
289 1197 6 20 i
312 1197 92 20 nordens
427 1197 95 21 historia.
552 1197 66 21 Detta
640 1205 38 13 var
693 1205 28 13 nu
737 1197 86 28 mycket
838 1205 55 20 upp-

64 1225 99 28 rörande,
178 1233 47 13 men
247 1225 55 21 hade
323 1225 37 21 det
380 1225 58 28 goda
459 1225 49 21 med
529 1227 34 26 sig
584 1229 31 18 att
630 1226 99 21 eleverna
745 1226 56 27 fingo
817 1225 23 21 af
855 1225 37 21 det

64 1253 49 22 hela
129 1261 26 13 en
171 1255 85 27 mycket
272 1254 83 21 komisk
374 1254 147 28 uppfattning,
537 1254 37 21 det
590 1255 77 20 väckte
682 1255 39 20 hos
737 1254 48 21 dem
802 1254 41 28 löje
859 1253 34 22 öf-

67 1289 38 14 ver
121 1282 71 21 farsen
208 1282 40 21 och
264 1283 62 20 öfver
342 1283 47 20 hela
404 1286 105 25 systemet
524 1283 34 20 för
573 1286 79 18 resten.

135 1311 11 20 I
168 1311 73 28 hvarje
263 1311 171 22 icke-fackskola
458 1311 69 22 måste
549 1312 103 21 historien
676 1311 40 22 och
741 1311 152 21 modersmålet

66 1346 52 14 vara
133 1339 27 21 de
175 1341 83 25 ämnen,
273 1340 37 20 vid
333 1340 84 20 hvilkas
440 1340 156 28 undervisning
616 1341 76 20 skolan
715 1342 23 18 är
761 1340 86 28 skyldig
862 1342 32 18 att

67 1375 46 13 mer
128 1369 26 19 än
171 1376 76 13 annars
263 1368 65 21 verka
344 1368 157 28 uppfostrande
518 1368 41 22 och
568 1368 215 22 karaktärsdanande.
811 1368 33 21 Då
856 1368 38 20 det

67 1404 28 13 nu
111 1398 24 19 är
149 1396 66 22 stäldt
230 1398 6 19 i
252 1398 71 26 utsigt,
339 1400 31 17 att
393 1397 27 21 de
444 1397 133 27 läroböcker,
593 1404 45 14 som
655 1398 6 20 i
678 1397 61 21 dessa
761 1398 76 20 ämnen
854 1396 39 21 hos

65 1432 36 14 oss
117 1425 114 27 användas,
248 1425 108 21 eventuelt
379 1425 72 21 kunna
468 1426 85 20 komma
569 1429 30 17 att
615 1426 95 26 undergå
727 1433 25 13 en
768 1426 126 20 tendensiös

66 1454 154 27 omarbetning,
236 1454 41 21 och
292 1454 28 20 då
334 1454 124 27 ytterligare
474 1454 128 28 Runebergs
618 1454 41 21 och
674 1454 110 28 Topelius”
799 1454 97 26 arbeten,

65 1482 75 21 hvilka
156 1483 21 21 vi
193 1482 96 22 betrakta
305 1482 70 21 såsom
392 1483 116 21 nationella
524 1483 87 26 skatter,
628 1482 72 22 kunde
715 1483 86 21 komma
819 1485 32 19 att
861 1482 34 22 så-
