1061 1678
260 92 48 16 Den
320 92 78 20 lagliga
410 92 129 20 ordningens
552 90 158 19 återställande.
855 85 41 22 509

139 159 126 28 Gårdagens
289 159 101 22 händelse
406 161 6 20 i
431 159 84 28 Viborg
530 160 111 28 påminner
656 167 36 14 oss
707 160 122 28 ytterligare
845 159 48 22 med

69 191 83 26 strängt
167 189 68 20 allvar
250 196 34 13 om
300 188 39 21 vår
354 189 54 28 pligt
423 191 31 18 att
469 188 56 21 hvad
542 189 28 28 på
585 189 120 21 Ständerna
715 189 124 20 ankommer
849 188 44 21 för-

68 218 53 21 söka
138 217 23 21 få
176 217 34 28 lag
225 217 54 28 ånyo
296 217 70 20 införd
382 218 6 19 i
405 217 58 21 detta
479 217 56 21 land.

139 245 34 22 Då
188 246 134 27 Regeringen
346 245 47 22 icke
408 253 64 20 synes
488 247 68 20 ömma
571 245 35 22 för
620 245 49 22 dem
685 245 22 22 af
722 245 48 22 vårt
785 245 110 26 samhälle,

69 275 85 21 hvilkas
176 277 108 18 samveten
301 274 38 21 allt
354 274 117 28 kraftigare
494 275 97 27 begynna
614 281 87 21 reagera
717 277 57 18 emot
789 275 50 26 olag
853 273 41 22 och

69 303 58 28 våld,
143 306 51 18 utan
209 304 92 20 tvärtom
317 302 93 21 indirekt
425 303 86 27 tvingar
526 303 47 21 dem
590 305 31 19 att
636 303 79 28 sjelfva
730 303 68 21 skaffa
814 304 40 27 sig,
867 302 28 29 på

69 335 32 18 ett
124 332 47 21 icke
194 331 89 21 normalt
299 333 48 24 sätt,
362 331 70 21 denna
448 333 48 24 rätt,
512 331 40 21 och
568 331 27 21 då
611 331 68 21 tillika
695 331 26 21 de
736 333 74 24 röster,
826 339 46 13 som
888 332 6 20 i

69 361 197 28 representationen
290 359 108 22 varnande
421 360 56 28 höjts
499 362 56 19 emot
570 363 31 18 att
616 360 71 21 inleda
704 360 53 21 »den
773 360 99 20 harmsne
888 360 7 20 i

70 389 120 26 frestelse»,
206 388 81 21 kunnat
303 388 22 21 så
341 388 129 25 misstolkas,
486 392 31 17 att
532 396 48 13 man
596 389 55 27 tagit
666 388 47 21 dem
730 388 34 21 för
779 388 43 26 hot,
837 389 58 20 tvin-

70 425 40 20 gar
125 418 44 27 mig
184 417 47 21 mitt
246 419 95 19 samvete
356 419 32 18 att
403 416 117 22 framställa
535 417 75 27 frågan
626 417 106 21 huruvida
752 417 72 28 ryktet
841 416 53 21 talat

70 447 91 26 sanning
177 446 51 21 eller
247 446 24 27 ej,
287 445 28 21 då
329 445 36 21 det
381 445 81 28 påstått
477 448 32 18 att
524 445 104 22 Senatens
650 445 109 22 utlåtande
783 444 111 29 angående

69 477 74 19 svaret
157 474 13 21 å
185 474 41 21 den
237 477 57 18 stora
306 475 117 27 petitionen
435 474 49 21 icke
495 474 68 21 skulle
574 474 80 21 utfallit
664 475 6 20 i
683 474 41 21 allo
737 473 156 29 tillstyrkande.

70 503 88 21 Dunkla
174 503 74 28 rykten
265 502 110 28 angående
391 503 124 28 syftemålet
531 503 48 20 med
595 502 70 22 denna
684 503 125 21 hemställan
832 503 27 20 ha
875 503 18 27 ej

71 531 56 22 blott
145 531 39 22 här
198 532 6 20 i
220 531 160 21 hufvudstaden
397 534 50 18 utan
464 531 64 22 äfven
544 533 5 19 i
566 531 147 28 landsbygden
726 532 79 27 begynt
817 533 78 26 antaga

69 561 85 20 alltmer
169 560 149 21 oroväckande
334 560 107 21 konturer.

141 589 128 21 Ständernas
282 591 58 19 stora
350 589 90 28 petition
451 590 23 19 är
485 589 24 20 så
519 588 89 22 affattad
619 589 40 21 och
670 588 130 21 innebörden
812 588 23 21 af
846 588 49 21 dess

71 617 121 28 fordringar
215 619 23 19 är
253 617 72 26 sådan,
342 620 31 18 att
388 617 41 21 den
445 617 116 22 innefattar
577 617 26 22 de
619 617 191 28 oundgängligaste
826 617 68 21 vilko-

71 654 38 13 ren
125 646 34 21 för
174 646 40 21 den
231 646 78 27 lagliga
324 646 129 27 ordningens
474 645 156 22 återställande.
659 646 34 21 En
709 646 122 27 minskning
844 645 53 22 eller

73 675 126 28 afprutning
214 675 7 20 i
236 674 130 21 Ständernas
382 674 124 28 fordringar
520 676 23 19 är
558 674 118 22 detsamma
692 682 43 14 som
748 677 31 18 att
789 674 106 28 afsigtligt

70 703 125 29 qvarlemna
211 703 48 28 olag
274 702 100 29 jemsides
393 702 48 22 med
457 703 35 27 lag
508 716 26 3 —
550 703 64 28 något
630 711 45 13 som
692 710 23 14 ur
731 702 165 29 rättssynpunkt

72 732 49 21 icke
137 732 40 20 kan
193 732 114 21 försvaras.

142 760 52 21 Man
217 760 44 22 står
288 760 114 28 bekymrad
419 760 56 21 inför
490 760 144 29 spörjsmålet:
658 760 87 21 hvarför
759 760 39 21 har
813 760 38 21 vår
867 760 31 21 in-

72 789 88 21 hemska
176 790 97 27 regering
291 802 23 2 —
331 789 71 21 såsom
418 789 36 21 det
470 789 48 21 med
535 789 81 21 visshet
632 788 114 29 uppgifves
763 801 26 3 —
800 789 49 21 icke
862 796 36 13 en-

73 818 75 28 hälligt
170 817 97 22 förordat
289 817 131 21 Ständernas
444 818 95 28 petition,
556 818 28 20 dä
598 818 22 28 ju
636 818 70 20 denna
725 824 74 14 senare
815 817 83 28 åsyftar

74 847 112 27 ingenting
201 849 65 18 annat
281 846 40 21 och
337 847 112 27 ingenting
468 854 44 13 mer
528 848 26 19 än
570 846 140 28 laglighetens
733 845 165 22 återställande?

143 875 41 28 Jag
200 875 65 27 vågar
281 875 41 21 den
339 875 85 27 frågan:
441 875 73 21 hvilka
531 875 70 21 kunna
617 874 65 22 hafva
700 875 89 21 intresse
806 874 46 21 utaf
867 877 32 19 att

74 904 133 21 Monarkens
228 911 49 13 svar
293 903 12 21 &
320 903 130 22 Ständernas
474 904 90 28 petition
588 911 33 14 om
645 903 139 28 laglighetens
801 903 97 21 äterstäl-

74 932 63 21 lande
161 932 40 21 blir
223 935 31 18 ett
275 932 47 21 icke
344 932 98 28 jakande,
458 932 76 21 endast
549 935 30 18 ett
595 932 110 28 vilkorligt
719 932 52 21 eller
786 931 113 21 nekande?

144 961 49 21 Kan
210 961 33 21 väl
260 960 118 22 Monarken
395 961 67 21 önska
480 961 75 21 detta?
570 961 150 28 Knappast,ty
736 960 52 22 hans
800 960 64 26 makt,
875 960 24 21 så

76 990 119 20 vidsträckt
217 989 40 21 och
279 997 89 20 gynsam
384 997 46 13 som
446 989 38 21 det
503 990 54 20 blott
571 992 23 18 är
610 990 87 27 möjligt,
712 989 94 27 skyddas
822 988 77 29 endast

75 1018 24 21 af
115 1017 115 22 bestående
246 1018 44 27 lag;
306 1017 52 22 hans
374 1017 69 22 fördel
459 1018 93 21 kränkes
568 1018 40 21 och
624 1018 99 26 minskas,
732 1017 27 21 då
774 1017 35 28 lag
821 1017 77 28 brytes.

145 1047 52 20 Men
220 1046 36 21 det
278 1047 67 20 finnes
367 1046 86 26 sådana,
469 1046 84 22 hvilkas
577 1047 120 28 personliga
716 1045 95 22 fördelar
826 1046 72 21 kunna

75 1075 94 21 minskas
193 1075 22 21 af
238 1078 31 18 ett
291 1075 173 21 återinträdande
480 1076 6 19 i
503 1075 77 28 lagliga
599 1075 153 26 förhållanden,
771 1074 41 21 och
835 1074 63 21 dessa

75 1104 72 21 kunna
170 1103 110 28 sjelffallet
302 1103 48 22 icke
372 1103 48 21 med
436 1103 60 22 blida
512 1105 55 26 ögon
583 1111 23 14 se
621 1104 35 27 lag
670 1103 55 28 ånyo
741 1103 64 22 vinna
821 1103 56 21 fäste
893 1103 7 20 i

75 1132 48 22 vårt
137 1132 57 21 land.
223 1132 49 21 Och
289 1132 28 29 på
331 1131 59 22 detta
406 1132 42 21 håll
464 1132 28 21 ha
508 1133 21 20 vi
545 1136 31 17 att
589 1132 51 21 söka
652 1133 17 28 ej
684 1132 53 21 blott
752 1131 27 22 de
790 1131 109 22 verkande

75 1161 88 26 krafter,
178 1168 45 14 som
246 1161 68 21 under
335 1161 26 21 de
383 1164 85 18 senaste
485 1161 50 21 åren
552 1161 66 21 brutit
633 1161 39 21 vår
687 1161 34 28 lag
737 1160 40 22 och
793 1160 38 21 allt
845 1160 55 21 fort-

75 1189 90 22 farande
180 1189 81 21 kränka
276 1189 130 26 densamma,
414 1192 51 19 utan
482 1189 63 22 äfven
563 1189 171 22 motståndarene
745 1189 31 21 till
788 1191 31 19 ett
831 1189 67 21 bättre

74 1218 102 21 sakernas
200 1218 102 26 tillstånd,
318 1218 82 21 hvilket
414 1225 77 21 genom
508 1221 30 18 ett
554 1218 125 27 obetingadt
700 1217 91 29 jakande
807 1225 50 14 svar
872 1217 28 28 på

75 1249 57 18 stora
148 1247 117 27 petitionen
281 1247 48 21 icke
345 1247 62 28 länge
423 1247 70 21 skulle
509 1247 58 21 dröja
583 1250 31 18 att
630 1247 83 21 inställa
729 1247 37 27 sig.

147 1275 79 21 Hvilka
242 1275 63 22 dessa
321 1275 40 22 den
375 1275 124 28 lagbundna
515 1276 136 27 ordningens,
666 1275 41 21 den
723 1275 104 21 nedärfda
845 1275 53 21 kon-

77 1304 139 21 stitutionella
239 1304 167 28 författningens
430 1305 123 27 personliga
569 1304 143 21 motståndare
736 1305 43 25 äro,
794 1303 105 22 behöfver

75 1333 36 28 jag
126 1333 18 28 ej
160 1333 73 26 uttala,
248 1333 42 20 lika
306 1333 47 20 litet
368 1340 44 13 som
429 1333 42 25 det,
487 1333 34 20 för
536 1335 31 18 att
583 1333 97 27 klargöra
691 1333 134 27 ställningen,
835 1333 63 26 göres

76 1362 44 27 mig
143 1360 65 22 behof
230 1361 23 21 af
271 1364 31 18 att
317 1362 76 20 nämna
416 1361 62 21 deras
498 1361 116 21 kollektiva
630 1369 68 13 namn.
727 1361 52 21 Men
795 1361 6 20 i
817 1360 83 28 ungdo-

76 1397 67 19 mens,
158 1397 25 13 en
199 1390 139 21 oförderfvad
354 1390 105 27 ungdoms
476 1397 63 14 namn
555 1397 119 21 opponerar
688 1390 35 28 jag
738 1390 43 27 mig
793 1388 107 22 bestämdt

75 1422 58 18 emot
156 1418 41 21 den
220 1418 141 28 beskyllning,
384 1426 45 14 som
453 1418 37 21 vill
510 1418 98 21 hiträkna
624 1419 62 20 äfven
702 1418 26 21 de
745 1418 84 28 modige
845 1418 55 25 män,

76 1446 74 22 hvilka
166 1447 66 21 offrat
247 1448 34 27 sig
296 1447 76 28 sjelfva
391 1448 2 19 i
411 1447 92 28 kampen
520 1450 43 18 mot
579 1447 47 27 olag
641 1447 40 21 och
697 1446 60 22 våld!
