<?xml version="1.0" encoding="UTF-8"?>
<alto xmlns="http://www.loc.gov/standards/alto/ns-v3#" xmlns:xlink="http://www.w3.org/1999/xlink" xmlns:xsi="http://www.w3.org/2001/XMLSchema-instance" xsi:schemaLocation="http://www.loc.gov/standards/alto/ns-v3# http://www.loc.gov/alto/v3/alto-3-0.xsd">
	<Description>
		<MeasurementUnit>pixel</MeasurementUnit>
		<sourceImageInformation>
			<fileName>/tmp/tess__stlqc95_input.PNG</fileName>
		</sourceImageInformation>
		<OCRProcessing ID="OCR_0">
			<ocrProcessingStep>
				<processingSoftware>
					<softwareName>tesseract 5.3.4</softwareName>
				</processingSoftware>
			</ocrProcessingStep>
		</OCRProcessing>
	</Description>
	<Layout>
		<Page WIDTH="1061" HEIGHT="1678" PHYSICAL_IMG_NR="0" ID="page_0">
			<PrintSpace HPOS="0" VPOS="0" WIDTH="1061" HEIGHT="1678">
				<ComposedBlock ID="cblock_0" HPOS="168" VPOS="79" WIDTH="557" HEIGHT="24">
					<TextBlock ID="block_0" HPOS="168" VPOS="79" WIDTH="557" HEIGHT="24">
						<TextLine ID="line_0" HPOS="168" VPOS="79" WIDTH="557" HEIGHT="24">
							<String ID="string_0" HPOS="168" VPOS="79" WIDTH="41" HEIGHT="20" WC="0.95" CONTENT="542"/><SP WIDTH="236" VPOS="79" HPOS="209"/>
							<String ID="string_1" HPOS="445" VPOS="86" WIDTH="24" HEIGHT="16" WC="0.96" CONTENT="R."/><SP WIDTH="14" VPOS="86" HPOS="469"/>
							<String ID="string_2" HPOS="483" VPOS="91" WIDTH="17" HEIGHT="11" WC="0.94" CONTENT="o."/><SP WIDTH="14" VPOS="91" HPOS="500"/>
							<String ID="string_3" HPOS="514" VPOS="87" WIDTH="24" HEIGHT="16" WC="0.95" CONTENT="A."/><SP WIDTH="13" VPOS="87" HPOS="538"/>
							<String ID="string_4" HPOS="551" VPOS="85" WIDTH="59" HEIGHT="17" WC="0.90" CONTENT="1905."/><SP WIDTH="26" VPOS="85" HPOS="610"/>
							<String ID="string_5" HPOS="636" VPOS="85" WIDTH="13" HEIGHT="16" WC="0.95" CONTENT="5"/><SP WIDTH="9" VPOS="85" HPOS="649"/>
							<String ID="string_6" HPOS="658" VPOS="83" WIDTH="67" HEIGHT="20" WC="0.95" CONTENT="April."/>
						</TextLine>
					</TextBlock>
				</ComposedBlock>
				<GraphicalElement ID="cblock_1" HPOS="514" VPOS="112" WIDTH="413" HEIGHT="3"></GraphicalElement >
				<ComposedBlock ID="cblock_2" HPOS="161" VPOS="151" WIDTH="837" HEIGHT="1345">
					<TextBlock ID="block_1" HPOS="161" VPOS="151" WIDTH="835" HEIGHT="400">
						<TextLine ID="line_1" HPOS="168" VPOS="151" WIDTH="827" HEIGHT="30">
							<String ID="string_7" HPOS="168" VPOS="156" WIDTH="23" HEIGHT="25" WC="0.95" CONTENT="ty"/><SP WIDTH="23" VPOS="156" HPOS="191"/>
							<String ID="string_8" HPOS="214" VPOS="153" WIDTH="39" HEIGHT="21" WC="0.93" CONTENT="der"/><SP WIDTH="24" VPOS="153" HPOS="253"/>
							<String ID="string_9" HPOS="277" VPOS="154" WIDTH="62" HEIGHT="26" WC="0.96" CONTENT="säges"/><SP WIDTH="15" VPOS="154" HPOS="339"/>
							<String ID="string_10" HPOS="354" VPOS="153" WIDTH="66" HEIGHT="21" WC="0.96" CONTENT="bland"/><SP WIDTH="16" VPOS="153" HPOS="420"/>
							<String ID="string_11" HPOS="436" VPOS="157" WIDTH="71" HEIGHT="23" WC="0.96" CONTENT="annat,"/><SP WIDTH="17" VPOS="157" HPOS="507"/>
							<String ID="string_12" HPOS="524" VPOS="157" WIDTH="31" HEIGHT="18" WC="0.93" CONTENT="att"/><SP WIDTH="16" VPOS="157" HPOS="555"/>
							<String ID="string_13" HPOS="571" VPOS="153" WIDTH="105" HEIGHT="28" WC="0.96" CONTENT="Kejsaren"/><SP WIDTH="18" VPOS="153" HPOS="676"/>
							<String ID="string_14" HPOS="694" VPOS="151" WIDTH="40" HEIGHT="22" WC="0.93" CONTENT="och"/><SP WIDTH="15" VPOS="151" HPOS="734"/>
							<String ID="string_15" HPOS="749" VPOS="151" WIDTH="134" HEIGHT="22" WC="0.92" CONTENT="Storfursten"/><SP WIDTH="17" VPOS="151" HPOS="883"/>
							<String ID="string_16" HPOS="900" VPOS="152" WIDTH="47" HEIGHT="21" WC="0.93" CONTENT="med"/><SP WIDTH="18" VPOS="152" HPOS="947"/>
							<String ID="string_17" HPOS="965" VPOS="153" WIDTH="30" HEIGHT="20" WC="0.92" CONTENT="bi-"/>
						</TextLine>
						<TextLine ID="line_2" HPOS="169" VPOS="180" WIDTH="826" HEIGHT="30">
							<String ID="string_18" HPOS="169" VPOS="181" WIDTH="38" HEIGHT="22" WC="0.91" CONTENT="fall"/><SP WIDTH="24" VPOS="181" HPOS="207"/>
							<String ID="string_19" HPOS="231" VPOS="181" WIDTH="32" HEIGHT="22" WC="0.87" CONTENT="till"/><SP WIDTH="17" VPOS="181" HPOS="263"/>
							<String ID="string_20" HPOS="280" VPOS="181" WIDTH="130" HEIGHT="22" WC="0.59" CONTENT="Ständernas"/><SP WIDTH="21" VPOS="181" HPOS="410"/>
							<String ID="string_21" HPOS="431" VPOS="182" WIDTH="158" HEIGHT="28" WC="0.27" CONTENT="framställning"/><SP WIDTH="13" VPOS="182" HPOS="589"/>
							<String ID="string_22" HPOS="602" VPOS="181" WIDTH="58" HEIGHT="22" WC="0.93" CONTENT="velat"/><SP WIDTH="14" VPOS="181" HPOS="660"/>
							<String ID="string_23" HPOS="674" VPOS="181" WIDTH="43" HEIGHT="21" WC="0.52" CONTENT="läta"/><SP WIDTH="16" VPOS="181" HPOS="717"/>
							<String ID="string_24" HPOS="733" VPOS="180" WIDTH="84" HEIGHT="21" WC="0.79" CONTENT="instälia"/><SP WIDTH="15" VPOS="180" HPOS="817"/>
							<String ID="string_25" HPOS="832" VPOS="180" WIDTH="163" HEIGHT="29" WC="0.96" CONTENT="tillämpningen"/>
						</TextLine>
						<TextLine ID="line_3" HPOS="161" VPOS="209" WIDTH="835" HEIGHT="30">
							<String ID="string_26" HPOS="161" VPOS="209" WIDTH="31" HEIGHT="22" WC="0.91" CONTENT="-af"/><SP WIDTH="15" VPOS="209" HPOS="192"/>
							<String ID="string_27" HPOS="207" VPOS="210" WIDTH="55" HEIGHT="21" WC="0.93" CONTENT="1901"/><SP WIDTH="18" VPOS="210" HPOS="262"/>
							<String ID="string_28" HPOS="280" VPOS="210" WIDTH="33" HEIGHT="21" WC="0.90" CONTENT="ärs"/><SP WIDTH="13" VPOS="210" HPOS="313"/>
							<String ID="string_29" HPOS="326" VPOS="210" WIDTH="173" HEIGHT="29" WC="0.89" CONTENT="värnepligtslag."/><SP WIDTH="29" VPOS="210" HPOS="499"/>
							<String ID="string_30" HPOS="528" VPOS="210" WIDTH="72" HEIGHT="28" WC="0.92" CONTENT="Nägot"/><SP WIDTH="15" VPOS="210" HPOS="600"/>
							<String ID="string_31" HPOS="615" VPOS="212" WIDTH="66" HEIGHT="19" WC="0.96" CONTENT="annat"/><SP WIDTH="15" VPOS="212" HPOS="681"/>
							<String ID="string_32" HPOS="696" VPOS="209" WIDTH="73" HEIGHT="28" WC="0.96" CONTENT="inlägg"/><SP WIDTH="16" VPOS="209" HPOS="769"/>
							<String ID="string_33" HPOS="785" VPOS="209" WIDTH="40" HEIGHT="21" WC="0.93" CONTENT="kan"/><SP WIDTH="16" VPOS="209" HPOS="825"/>
							<String ID="string_34" HPOS="841" VPOS="209" WIDTH="30" HEIGHT="20" WC="0.93" CONTENT="uti"/><SP WIDTH="17" VPOS="209" HPOS="871"/>
							<String ID="string_35" HPOS="888" VPOS="209" WIDTH="58" HEIGHT="21" WC="0.93" CONTENT="detta"/><SP WIDTH="17" VPOS="209" HPOS="946"/>
							<String ID="string_36" HPOS="963" VPOS="213" WIDTH="33" HEIGHT="18" WC="0.93" CONTENT="ut-"/>
						</TextLine>
						<TextLine ID="line_4" HPOS="169" VPOS="238" WIDTH="826" HEIGHT="29">
							<String ID="string_37" HPOS="169" VPOS="239" WIDTH="87" HEIGHT="20" WC="0.92" CONTENT="talande"/><SP WIDTH="23" VPOS="239" HPOS="256"/>
							<String ID="string_38" HPOS="279" VPOS="239" WIDTH="47" HEIGHT="20" WC="0.89" CONTENT="icke"/><SP WIDTH="23" VPOS="239" HPOS="326"/>
							<String ID="string_39" HPOS="349" VPOS="240" WIDTH="68" HEIGHT="27" WC="0.92" CONTENT="göras,"/><SP WIDTH="19" VPOS="240" HPOS="417"/>
							<String ID="string_40" HPOS="436" VPOS="243" WIDTH="22" HEIGHT="24" WC="0.97" CONTENT="ty"/><SP WIDTH="16" VPOS="243" HPOS="458"/>
							<String ID="string_41" HPOS="474" VPOS="239" WIDTH="26" HEIGHT="21" WC="0.93" CONTENT="dä"/><SP WIDTH="18" VPOS="239" HPOS="500"/>
							<String ID="string_42" HPOS="518" VPOS="239" WIDTH="72" HEIGHT="21" WC="0.90" CONTENT="blefve"/><SP WIDTH="15" VPOS="239" HPOS="590"/>
							<String ID="string_43" HPOS="605" VPOS="239" WIDTH="21" HEIGHT="28" WC="0.92" CONTENT="ju"/><SP WIDTH="17" VPOS="239" HPOS="626"/>
							<String ID="string_44" HPOS="643" VPOS="238" WIDTH="117" HEIGHT="21" WC="0.92" CONTENT="detsamma"/><SP WIDTH="16" VPOS="238" HPOS="760"/>
							<String ID="string_45" HPOS="776" VPOS="238" WIDTH="48" HEIGHT="21" WC="0.90" CONTENT="icke"/><SP WIDTH="16" VPOS="238" HPOS="824"/>
							<String ID="string_46" HPOS="840" VPOS="240" WIDTH="31" HEIGHT="18" WC="0.93" CONTENT="ett"/><SP WIDTH="16" VPOS="240" HPOS="871"/>
							<String ID="string_47" HPOS="887" VPOS="238" WIDTH="61" HEIGHT="21" WC="0.92" CONTENT="bifall"/><SP WIDTH="16" VPOS="238" HPOS="948"/>
							<String ID="string_48" HPOS="964" VPOS="239" WIDTH="31" HEIGHT="20" WC="0.94" CONTENT="till"/>
						</TextLine>
						<TextLine ID="line_5" HPOS="170" VPOS="266" WIDTH="825" HEIGHT="29">
							<String ID="string_49" HPOS="170" VPOS="267" WIDTH="193" HEIGHT="28" WC="0.85" CONTENT="framställningen."/><SP WIDTH="38" VPOS="267" HPOS="363"/>
							<String ID="string_50" HPOS="401" VPOS="267" WIDTH="65" HEIGHT="22" WC="0.70" CONTENT="Detta"/><SP WIDTH="24" VPOS="267" HPOS="466"/>
							<String ID="string_51" HPOS="490" VPOS="268" WIDTH="131" HEIGHT="21" WC="0.89" CONTENT="Monarkens"/><SP WIDTH="24" VPOS="268" HPOS="621"/>
							<String ID="string_52" HPOS="645" VPOS="267" WIDTH="60" HEIGHT="21" WC="0.95" CONTENT="bifall"/><SP WIDTH="22" VPOS="267" HPOS="705"/>
							<String ID="string_53" HPOS="727" VPOS="267" WIDTH="32" HEIGHT="20" WC="0.93" CONTENT="till"/><SP WIDTH="17" VPOS="267" HPOS="759"/>
							<String ID="string_54" HPOS="776" VPOS="266" WIDTH="140" HEIGHT="27" WC="0.92" CONTENT="landtdagens"/><SP WIDTH="16" VPOS="266" HPOS="916"/>
							<String ID="string_55" HPOS="932" VPOS="266" WIDTH="63" HEIGHT="21" WC="0.92" CONTENT="fram-"/>
						</TextLine>
						<TextLine ID="line_6" HPOS="170" VPOS="295" WIDTH="825" HEIGHT="29">
							<String ID="string_56" HPOS="170" VPOS="295" WIDTH="102" HEIGHT="28" WC="0.95" CONTENT="ställning"/><SP WIDTH="21" VPOS="295" HPOS="272"/>
							<String ID="string_57" HPOS="293" VPOS="297" WIDTH="61" HEIGHT="26" WC="0.96" CONTENT="utgör"/><SP WIDTH="23" VPOS="297" HPOS="354"/>
							<String ID="string_58" HPOS="377" VPOS="304" WIDTH="27" HEIGHT="13" WC="0.96" CONTENT="nu"/><SP WIDTH="24" VPOS="304" HPOS="404"/>
							<String ID="string_59" HPOS="428" VPOS="304" WIDTH="25" HEIGHT="13" WC="0.93" CONTENT="en"/><SP WIDTH="20" VPOS="304" HPOS="453"/>
							<String ID="string_60" HPOS="473" VPOS="305" WIDTH="84" HEIGHT="12" WC="0.92" CONTENT="vunnen"/><SP WIDTH="18" VPOS="305" HPOS="557"/>
							<String ID="string_61" HPOS="575" VPOS="296" WIDTH="112" HEIGHT="28" WC="0.92" CONTENT="framgäng"/><SP WIDTH="16" VPOS="296" HPOS="687"/>
							<String ID="string_62" HPOS="703" VPOS="295" WIDTH="34" HEIGHT="20" WC="0.96" CONTENT="för"/><SP WIDTH="15" VPOS="295" HPOS="737"/>
							<String ID="string_63" HPOS="752" VPOS="295" WIDTH="104" HEIGHT="21" WC="0.96" CONTENT="Finlands"/><SP WIDTH="16" VPOS="295" HPOS="856"/>
							<String ID="string_64" HPOS="872" VPOS="295" WIDTH="52" HEIGHT="25" WC="0.93" CONTENT="folk,"/><SP WIDTH="17" VPOS="295" HPOS="924"/>
							<String ID="string_65" HPOS="941" VPOS="295" WIDTH="54" HEIGHT="21" WC="0.92" CONTENT="hvil-"/>
						</TextLine>
						<TextLine ID="line_7" HPOS="171" VPOS="323" WIDTH="824" HEIGHT="30">
							<String ID="string_66" HPOS="171" VPOS="325" WIDTH="40" HEIGHT="19" WC="0.92" CONTENT="ken"/><SP WIDTH="16" VPOS="325" HPOS="211"/>
							<String ID="string_67" HPOS="227" VPOS="324" WIDTH="101" HEIGHT="21" WC="0.92" CONTENT="öfverallt"/><SP WIDTH="15" VPOS="324" HPOS="328"/>
							<String ID="string_68" HPOS="343" VPOS="325" WIDTH="6" HEIGHT="20" WC="0.96" CONTENT="i"/><SP WIDTH="16" VPOS="325" HPOS="349"/>
							<String ID="string_69" HPOS="365" VPOS="325" WIDTH="73" HEIGHT="21" WC="0.93" CONTENT="landet"/><SP WIDTH="16" VPOS="325" HPOS="438"/>
							<String ID="string_70" HPOS="454" VPOS="325" WIDTH="75" HEIGHT="21" WC="0.92" CONTENT="beredt"/><SP WIDTH="7" VPOS="325" HPOS="529"/>
							<String ID="string_71" HPOS="536" VPOS="325" WIDTH="76" HEIGHT="28" WC="0.92" CONTENT="glädje,"/><SP WIDTH="10" VPOS="325" HPOS="612"/>
							<String ID="string_72" HPOS="622" VPOS="325" WIDTH="40" HEIGHT="21" WC="0.93" CONTENT="och"/><SP WIDTH="11" VPOS="325" HPOS="662"/>
							<String ID="string_73" HPOS="673" VPOS="325" WIDTH="62" HEIGHT="20" WC="0.92" CONTENT="hvars"/><SP WIDTH="14" VPOS="325" HPOS="735"/>
							<String ID="string_74" HPOS="749" VPOS="323" WIDTH="108" HEIGHT="28" WC="0.93" CONTENT="betydelse"/><SP WIDTH="8" VPOS="323" HPOS="857"/>
							<String ID="string_75" HPOS="865" VPOS="323" WIDTH="130" HEIGHT="21" WC="0.92" CONTENT="ätminstone"/>
						</TextLine>
						<TextLine ID="line_8" HPOS="171" VPOS="351" WIDTH="824" HEIGHT="29">
							<String ID="string_76" HPOS="171" VPOS="353" WIDTH="46" HEIGHT="21" WC="0.96" CONTENT="icke"/><SP WIDTH="24" VPOS="353" HPOS="217"/>
							<String ID="string_77" HPOS="241" VPOS="352" WIDTH="46" HEIGHT="21" WC="0.96" CONTENT="från"/><SP WIDTH="22" VPOS="352" HPOS="287"/>
							<String ID="string_78" HPOS="309" VPOS="353" WIDTH="55" HEIGHT="21" WC="0.96" CONTENT="finsk"/><SP WIDTH="23" VPOS="353" HPOS="364"/>
							<String ID="string_79" HPOS="387" VPOS="354" WIDTH="46" HEIGHT="20" WC="0.96" CONTENT="sida"/><SP WIDTH="23" VPOS="354" HPOS="433"/>
							<String ID="string_80" HPOS="456" VPOS="353" WIDTH="65" HEIGHT="21" WC="0.93" CONTENT="borde"/><SP WIDTH="23" VPOS="353" HPOS="521"/>
							<String ID="string_81" HPOS="544" VPOS="353" WIDTH="119" HEIGHT="21" WC="0.95" CONTENT="reduceras."/><SP WIDTH="40" VPOS="353" HPOS="663"/>
							<String ID="string_82" HPOS="703" VPOS="352" WIDTH="102" HEIGHT="21" WC="0.53" CONTENT="Tvärtom"/><SP WIDTH="17" VPOS="352" HPOS="805"/>
							<String ID="string_83" HPOS="822" VPOS="359" WIDTH="62" HEIGHT="21" WC="0.96" CONTENT="synes"/><SP WIDTH="17" VPOS="359" HPOS="884"/>
							<String ID="string_84" HPOS="901" VPOS="351" WIDTH="37" HEIGHT="22" WC="0.96" CONTENT="det"/><SP WIDTH="15" VPOS="351" HPOS="938"/>
							<String ID="string_85" HPOS="953" VPOS="353" WIDTH="42" HEIGHT="27" WC="0.93" CONTENT="mig"/>
						</TextLine>
						<TextLine ID="line_9" HPOS="171" VPOS="380" WIDTH="824" HEIGHT="29">
							<String ID="string_86" HPOS="171" VPOS="388" WIDTH="44" HEIGHT="14" WC="0.96" CONTENT="som"/><SP WIDTH="28" VPOS="388" HPOS="215"/>
							<String ID="string_87" HPOS="243" VPOS="388" WIDTH="35" HEIGHT="14" WC="0.96" CONTENT="om"/><SP WIDTH="16" VPOS="388" HPOS="278"/>
							<String ID="string_88" HPOS="294" VPOS="381" WIDTH="35" HEIGHT="21" WC="0.93" CONTENT="det"/><SP WIDTH="16" VPOS="381" HPOS="329"/>
							<String ID="string_89" HPOS="345" VPOS="382" WIDTH="55" HEIGHT="20" WC="0.92" CONTENT="enda"/><SP WIDTH="16" VPOS="382" HPOS="400"/>
							<String ID="string_90" HPOS="416" VPOS="382" WIDTH="62" HEIGHT="27" WC="0.93" CONTENT="lojala"/><SP WIDTH="16" VPOS="382" HPOS="478"/>
							<String ID="string_91" HPOS="494" VPOS="384" WIDTH="5" HEIGHT="19" WC="0.96" CONTENT="i"/><SP WIDTH="17" VPOS="384" HPOS="499"/>
							<String ID="string_92" HPOS="516" VPOS="382" WIDTH="58" HEIGHT="21" WC="0.93" CONTENT="detta"/><SP WIDTH="16" VPOS="382" HPOS="574"/>
							<String ID="string_93" HPOS="590" VPOS="382" WIDTH="103" HEIGHT="21" WC="0.93" CONTENT="afseende"/><SP WIDTH="17" VPOS="382" HPOS="693"/>
							<String ID="string_94" HPOS="710" VPOS="388" WIDTH="50" HEIGHT="14" WC="0.93" CONTENT="vore"/><SP WIDTH="17" VPOS="388" HPOS="760"/>
							<String ID="string_95" HPOS="777" VPOS="384" WIDTH="30" HEIGHT="17" WC="0.96" CONTENT="att"/><SP WIDTH="16" VPOS="384" HPOS="807"/>
							<String ID="string_96" HPOS="823" VPOS="380" WIDTH="47" HEIGHT="21" WC="0.93" CONTENT="med"/><SP WIDTH="17" VPOS="380" HPOS="870"/>
							<String ID="string_97" HPOS="887" VPOS="380" WIDTH="49" HEIGHT="21" WC="0.91" CONTENT="fullt"/><SP WIDTH="16" VPOS="380" HPOS="936"/>
							<String ID="string_98" HPOS="952" VPOS="380" WIDTH="43" HEIGHT="21" WC="0.93" CONTENT="för-"/>
						</TextLine>
						<TextLine ID="line_10" HPOS="171" VPOS="409" WIDTH="824" HEIGHT="30">
							<String ID="string_99" HPOS="171" VPOS="409" WIDTH="89" HEIGHT="21" WC="0.92" CONTENT="troende"/><SP WIDTH="24" VPOS="409" HPOS="260"/>
							<String ID="string_100" HPOS="284" VPOS="409" WIDTH="69" HEIGHT="29" WC="0.94" CONTENT="bygga"/><SP WIDTH="24" VPOS="409" HPOS="353"/>
							<String ID="string_101" HPOS="377" VPOS="410" WIDTH="27" HEIGHT="28" WC="0.96" CONTENT="pä"/><SP WIDTH="22" VPOS="410" HPOS="404"/>
							<String ID="string_102" HPOS="426" VPOS="410" WIDTH="69" HEIGHT="21" WC="0.92" CONTENT="denna"/><SP WIDTH="23" VPOS="410" HPOS="495"/>
							<String ID="string_103" HPOS="518" VPOS="411" WIDTH="95" HEIGHT="28" WC="0.90" CONTENT="partiella"/><SP WIDTH="25" VPOS="411" HPOS="613"/>
							<String ID="string_104" HPOS="638" VPOS="409" WIDTH="112" HEIGHT="28" WC="0.91" CONTENT="framgäng"/><SP WIDTH="15" VPOS="409" HPOS="750"/>
							<String ID="string_105" HPOS="765" VPOS="409" WIDTH="68" HEIGHT="20" WC="0.93" CONTENT="under"/><SP WIDTH="15" VPOS="409" HPOS="833"/>
							<String ID="string_106" HPOS="848" VPOS="409" WIDTH="102" HEIGHT="20" WC="0.92" CONTENT="afvaktan"/><SP WIDTH="18" VPOS="409" HPOS="950"/>
							<String ID="string_107" HPOS="968" VPOS="409" WIDTH="27" HEIGHT="28" WC="0.96" CONTENT="pä"/>
						</TextLine>
						<TextLine ID="line_11" HPOS="170" VPOS="437" WIDTH="824" HEIGHT="30">
							<String ID="string_108" HPOS="170" VPOS="438" WIDTH="222" HEIGHT="28" WC="0.75" CONTENT="värnepligtsfrägans"/><SP WIDTH="24" VPOS="438" HPOS="392"/>
							<String ID="string_109" HPOS="416" VPOS="439" WIDTH="109" HEIGHT="21" WC="0.93" CONTENT="definitiva"/><SP WIDTH="25" VPOS="439" HPOS="525"/>
							<String ID="string_110" HPOS="550" VPOS="439" WIDTH="90" HEIGHT="28" WC="0.93" CONTENT="lösning,"/><SP WIDTH="21" VPOS="439" HPOS="640"/>
							<String ID="string_111" HPOS="661" VPOS="438" WIDTH="88" HEIGHT="21" WC="0.92" CONTENT="hvilken"/><SP WIDTH="23" VPOS="438" HPOS="749"/>
							<String ID="string_112" HPOS="772" VPOS="451" WIDTH="27" HEIGHT="2" WC="0.92" CONTENT="—"/><SP WIDTH="17" VPOS="451" HPOS="799"/>
							<String ID="string_113" HPOS="816" VPOS="437" WIDTH="101" HEIGHT="21" WC="0.96" CONTENT="eftersom"/><SP WIDTH="16" VPOS="437" HPOS="917"/>
							<String ID="string_114" HPOS="933" VPOS="437" WIDTH="61" HEIGHT="21" WC="0.96" CONTENT="Hans"/>
						</TextLine>
						<TextLine ID="line_12" HPOS="170" VPOS="465" WIDTH="823" HEIGHT="30">
							<String ID="string_115" HPOS="170" VPOS="467" WIDTH="104" HEIGHT="28" WC="0.92" CONTENT="Majestät"/><SP WIDTH="22" VPOS="467" HPOS="274"/>
							<String ID="string_116" HPOS="296" VPOS="474" WIDTH="27" HEIGHT="13" WC="0.91" CONTENT="nu"/><SP WIDTH="25" VPOS="474" HPOS="323"/>
							<String ID="string_117" HPOS="348" VPOS="467" WIDTH="77" HEIGHT="21" WC="0.88" CONTENT="bifallit"/><SP WIDTH="23" VPOS="467" HPOS="425"/>
							<String ID="string_118" HPOS="448" VPOS="468" WIDTH="131" HEIGHT="21" WC="0.92" CONTENT="Ständernas"/><SP WIDTH="21" VPOS="468" HPOS="579"/>
							<String ID="string_119" HPOS="600" VPOS="467" WIDTH="157" HEIGHT="27" WC="0.93" CONTENT="framställning"/><SP WIDTH="20" VPOS="467" HPOS="757"/>
							<String ID="string_120" HPOS="777" VPOS="479" WIDTH="27" HEIGHT="2" WC="0.88" CONTENT="—"/><SP WIDTH="16" VPOS="479" HPOS="804"/>
							<String ID="string_121" HPOS="820" VPOS="466" WIDTH="66" HEIGHT="21" WC="0.92" CONTENT="mäste"/><SP WIDTH="16" VPOS="466" HPOS="886"/>
							<String ID="string_122" HPOS="902" VPOS="465" WIDTH="91" HEIGHT="22" WC="0.93" CONTENT="förutses"/>
						</TextLine>
						<TextLine ID="line_13" HPOS="170" VPOS="495" WIDTH="824" HEIGHT="29">
							<String ID="string_123" HPOS="170" VPOS="495" WIDTH="76" HEIGHT="21" WC="0.92" CONTENT="utfalla"/><SP WIDTH="33" VPOS="495" HPOS="246"/>
							<String ID="string_124" HPOS="279" VPOS="495" WIDTH="25" HEIGHT="29" WC="0.92" CONTENT="pä"/><SP WIDTH="31" VPOS="495" HPOS="304"/>
							<String ID="string_125" HPOS="335" VPOS="496" WIDTH="77" HEIGHT="21" WC="0.89" CONTENT="sädant"/><SP WIDTH="30" VPOS="496" HPOS="412"/>
							<String ID="string_126" HPOS="442" VPOS="498" WIDTH="48" HEIGHT="25" WC="0.95" CONTENT="sätt,"/><SP WIDTH="23" VPOS="498" HPOS="490"/>
							<String ID="string_127" HPOS="513" VPOS="500" WIDTH="30" HEIGHT="17" WC="0.95" CONTENT="att"/><SP WIDTH="31" VPOS="500" HPOS="543"/>
							<String ID="string_128" HPOS="574" VPOS="496" WIDTH="40" HEIGHT="21" WC="0.92" CONTENT="den"/><SP WIDTH="24" VPOS="496" HPOS="614"/>
							<String ID="string_129" HPOS="638" VPOS="496" WIDTH="203" HEIGHT="21" WC="0.91" CONTENT="öfverensstämmer"/><SP WIDTH="26" VPOS="496" HPOS="841"/>
							<String ID="string_130" HPOS="867" VPOS="495" WIDTH="47" HEIGHT="20" WC="0.95" CONTENT="med"/><SP WIDTH="27" VPOS="495" HPOS="914"/>
							<String ID="string_131" HPOS="941" VPOS="495" WIDTH="53" HEIGHT="21" WC="0.96" CONTENT="finsk"/>
						</TextLine>
						<TextLine ID="line_14" HPOS="169" VPOS="523" WIDTH="112" HEIGHT="28">
							<String ID="string_132" HPOS="169" VPOS="523" WIDTH="112" HEIGHT="28" WC="0.92" CONTENT="grundlag."/>
						</TextLine>
					</TextBlock>
					<TextBlock ID="block_2" HPOS="170" VPOS="552" WIDTH="827" HEIGHT="657">
						<TextLine ID="line_15" HPOS="239" VPOS="552" WIDTH="754" HEIGHT="28">
							<String ID="string_133" HPOS="239" VPOS="552" WIDTH="77" HEIGHT="21" WC="0.92" CONTENT="Säsom"/><SP WIDTH="20" VPOS="552" HPOS="316"/>
							<String ID="string_134" HPOS="336" VPOS="553" WIDTH="29" HEIGHT="20" WC="0.92" CONTENT="uti"/><SP WIDTH="24" VPOS="553" HPOS="365"/>
							<String ID="string_135" HPOS="389" VPOS="553" WIDTH="99" HEIGHT="21" WC="0.96" CONTENT="rubriken"/><SP WIDTH="24" VPOS="553" HPOS="488"/>
							<String ID="string_136" HPOS="512" VPOS="553" WIDTH="31" HEIGHT="21" WC="0.96" CONTENT="till"/><SP WIDTH="25" VPOS="553" HPOS="543"/>
							<String ID="string_137" HPOS="568" VPOS="553" WIDTH="41" HEIGHT="21" WC="0.96" CONTENT="den"/><SP WIDTH="17" VPOS="553" HPOS="609"/>
							<String ID="string_138" HPOS="626" VPOS="561" WIDTH="28" HEIGHT="13" WC="0.93" CONTENT="nu"/><SP WIDTH="16" VPOS="561" HPOS="654"/>
							<String ID="string_139" HPOS="670" VPOS="552" WIDTH="148" HEIGHT="28" WC="0.92" CONTENT="föreliggande"/><SP WIDTH="16" VPOS="552" HPOS="818"/>
							<String ID="string_140" HPOS="834" VPOS="553" WIDTH="159" HEIGHT="27" WC="0.96" CONTENT="propositionen"/>
						</TextLine>
						<TextLine ID="line_16" HPOS="170" VPOS="581" WIDTH="824" HEIGHT="29">
							<String ID="string_141" HPOS="170" VPOS="581" WIDTH="144" HEIGHT="28" WC="0.88" CONTENT="uttryckligen"/><SP WIDTH="17" VPOS="581" HPOS="314"/>
							<String ID="string_142" HPOS="331" VPOS="583" WIDTH="67" HEIGHT="26" WC="0.92" CONTENT="säges,"/><SP WIDTH="16" VPOS="583" HPOS="398"/>
							<String ID="string_143" HPOS="414" VPOS="582" WIDTH="24" HEIGHT="21" WC="0.93" CONTENT="sä"/><SP WIDTH="15" VPOS="582" HPOS="438"/>
							<String ID="string_144" HPOS="453" VPOS="582" WIDTH="118" HEIGHT="21" WC="0.92" CONTENT="innehäller"/><SP WIDTH="16" VPOS="582" HPOS="571"/>
							<String ID="string_145" HPOS="587" VPOS="581" WIDTH="69" HEIGHT="22" WC="0.96" CONTENT="denna"/><SP WIDTH="17" VPOS="581" HPOS="656"/>
							<String ID="string_146" HPOS="673" VPOS="582" WIDTH="132" HEIGHT="28" WC="0.96" CONTENT="proposition"/><SP WIDTH="17" VPOS="582" HPOS="805"/>
							<String ID="string_147" HPOS="822" VPOS="584" WIDTH="30" HEIGHT="18" WC="0.96" CONTENT="ett"/><SP WIDTH="15" VPOS="584" HPOS="852"/>
							<String ID="string_148" HPOS="867" VPOS="581" WIDTH="81" HEIGHT="28" WC="0.93" CONTENT="förslag"/><SP WIDTH="9" VPOS="581" HPOS="948"/>
							<String ID="string_149" HPOS="957" VPOS="589" WIDTH="37" HEIGHT="12" WC="0.92" CONTENT="an-"/>
						</TextLine>
						<TextLine ID="line_17" HPOS="170" VPOS="609" WIDTH="825" HEIGHT="28">
							<String ID="string_150" HPOS="170" VPOS="609" WIDTH="83" HEIGHT="28" WC="0.96" CONTENT="gående"/><SP WIDTH="17" VPOS="609" HPOS="253"/>
							<String ID="string_151" HPOS="270" VPOS="609" WIDTH="36" HEIGHT="22" WC="0.93" CONTENT="det"/><SP WIDTH="16" VPOS="609" HPOS="306"/>
							<String ID="string_152" HPOS="322" VPOS="610" WIDTH="75" HEIGHT="27" WC="0.96" CONTENT="bidrag"/><SP WIDTH="16" VPOS="610" HPOS="397"/>
							<String ID="string_153" HPOS="413" VPOS="611" WIDTH="30" HEIGHT="20" WC="0.93" CONTENT="till"/><SP WIDTH="17" VPOS="611" HPOS="443"/>
							<String ID="string_154" HPOS="460" VPOS="611" WIDTH="90" HEIGHT="20" WC="0.96" CONTENT="militära"/><SP WIDTH="16" VPOS="611" HPOS="550"/>
							<String ID="string_155" HPOS="566" VPOS="610" WIDTH="104" HEIGHT="25" WC="0.94" CONTENT="ändamål,"/><SP WIDTH="16" VPOS="610" HPOS="670"/>
							<String ID="string_156" HPOS="686" VPOS="617" WIDTH="44" HEIGHT="14" WC="0.96" CONTENT="som"/><SP WIDTH="17" VPOS="617" HPOS="730"/>
							<String ID="string_157" HPOS="747" VPOS="609" WIDTH="53" HEIGHT="22" WC="0.96" CONTENT="skall"/><SP WIDTH="17" VPOS="609" HPOS="800"/>
							<String ID="string_158" HPOS="817" VPOS="609" WIDTH="22" HEIGHT="21" WC="0.97" CONTENT="af"/><SP WIDTH="15" VPOS="609" HPOS="839"/>
							<String ID="string_159" HPOS="854" VPOS="609" WIDTH="67" HEIGHT="21" WC="0.93" CONTENT="finska"/><SP WIDTH="11" VPOS="609" HPOS="921"/>
							<String ID="string_160" HPOS="932" VPOS="613" WIDTH="63" HEIGHT="17" WC="0.93" CONTENT="stats-"/>
						</TextLine>
						<TextLine ID="line_18" HPOS="171" VPOS="638" WIDTH="823" HEIGHT="29">
							<String ID="string_161" HPOS="171" VPOS="638" WIDTH="68" HEIGHT="21" WC="0.95" CONTENT="medel"/><SP WIDTH="17" VPOS="638" HPOS="239"/>
							<String ID="string_162" HPOS="256" VPOS="639" WIDTH="33" HEIGHT="20" WC="0.93" CONTENT="till"/><SP WIDTH="16" VPOS="639" HPOS="289"/>
							<String ID="string_163" HPOS="305" VPOS="639" WIDTH="223" HEIGHT="21" WC="0.80" CONTENT="riksskattkammaren"/><SP WIDTH="18" VPOS="639" HPOS="528"/>
							<String ID="string_164" HPOS="546" VPOS="639" WIDTH="101" HEIGHT="28" WC="0.91" CONTENT="erläggas."/><SP WIDTH="22" VPOS="639" HPOS="647"/>
							<String ID="string_165" HPOS="669" VPOS="639" WIDTH="66" HEIGHT="20" WC="0.96" CONTENT="Detta"/><SP WIDTH="16" VPOS="639" HPOS="735"/>
							<String ID="string_166" HPOS="751" VPOS="639" WIDTH="81" HEIGHT="26" WC="0.93" CONTENT="förslag"/><SP WIDTH="16" VPOS="639" HPOS="832"/>
							<String ID="string_167" HPOS="848" VPOS="638" WIDTH="57" HEIGHT="21" WC="0.93" CONTENT="afser"/><SP WIDTH="16" VPOS="638" HPOS="905"/>
							<String ID="string_168" HPOS="921" VPOS="646" WIDTH="25" HEIGHT="13" WC="0.93" CONTENT="en"/><SP WIDTH="16" VPOS="646" HPOS="946"/>
							<String ID="string_169" HPOS="962" VPOS="638" WIDTH="32" HEIGHT="21" WC="0.92" CONTENT="är-"/>
						</TextLine>
						<TextLine ID="line_19" HPOS="171" VPOS="667" WIDTH="822" HEIGHT="28">
							<String ID="string_170" HPOS="171" VPOS="667" WIDTH="29" HEIGHT="27" WC="0.91" CONTENT="lig"/><SP WIDTH="21" VPOS="667" HPOS="200"/>
							<String ID="string_171" HPOS="221" VPOS="667" WIDTH="147" HEIGHT="21" WC="0.92" CONTENT="kontribution"/><SP WIDTH="25" VPOS="667" HPOS="368"/>
							<String ID="string_172" HPOS="393" VPOS="667" WIDTH="23" HEIGHT="21" WC="0.96" CONTENT="af"/><SP WIDTH="18" VPOS="667" HPOS="416"/>
							<String ID="string_173" HPOS="434" VPOS="669" WIDTH="30" HEIGHT="19" WC="0.96" CONTENT="tio"/><SP WIDTH="17" VPOS="669" HPOS="464"/>
							<String ID="string_174" HPOS="481" VPOS="668" WIDTH="97" HEIGHT="27" WC="0.96" CONTENT="miljoner"/><SP WIDTH="15" VPOS="668" HPOS="578"/>
							<String ID="string_175" HPOS="593" VPOS="668" WIDTH="58" HEIGHT="20" WC="0.96" CONTENT="mark"/><SP WIDTH="16" VPOS="668" HPOS="651"/>
							<String ID="string_176" HPOS="667" VPOS="667" WIDTH="69" HEIGHT="21" WC="0.93" CONTENT="under"/><SP WIDTH="15" VPOS="667" HPOS="736"/>
							<String ID="string_177" HPOS="751" VPOS="667" WIDTH="170" HEIGHT="27" WC="0.91" CONTENT="finansperioden"/><SP WIDTH="20" VPOS="667" HPOS="921"/>
							<String ID="string_178" HPOS="941" VPOS="667" WIDTH="52" HEIGHT="20" WC="0.96" CONTENT="1905"/>
						</TextLine>
						<TextLine ID="line_20" HPOS="172" VPOS="695" WIDTH="822" HEIGHT="29">
							<String ID="string_179" HPOS="172" VPOS="696" WIDTH="91" HEIGHT="24" WC="0.88" CONTENT="—1907,"/><SP WIDTH="22" VPOS="696" HPOS="263"/>
							<String ID="string_180" HPOS="285" VPOS="695" WIDTH="41" HEIGHT="21" WC="0.93" CONTENT="och"/><SP WIDTH="21" VPOS="695" HPOS="326"/>
							<String ID="string_181" HPOS="347" VPOS="696" WIDTH="83" HEIGHT="20" WC="0.92" CONTENT="oafsedt"/><SP WIDTH="23" VPOS="696" HPOS="430"/>
							<String ID="string_182" HPOS="453" VPOS="697" WIDTH="170" HEIGHT="27" WC="0.92" CONTENT="propositionens"/><SP WIDTH="24" VPOS="697" HPOS="623"/>
							<String ID="string_183" HPOS="647" VPOS="695" WIDTH="130" HEIGHT="29" WC="0.91" CONTENT="detaljerade"/><SP WIDTH="23" VPOS="695" HPOS="777"/>
							<String ID="string_184" HPOS="800" VPOS="695" WIDTH="126" HEIGHT="27" WC="0.91" CONTENT="utläggning"/><SP WIDTH="15" VPOS="695" HPOS="926"/>
							<String ID="string_185" HPOS="941" VPOS="695" WIDTH="53" HEIGHT="21" WC="0.96" CONTENT="huru"/>
						</TextLine>
						<TextLine ID="line_21" HPOS="170" VPOS="723" WIDTH="825" HEIGHT="30">
							<String ID="string_186" HPOS="170" VPOS="724" WIDTH="71" HEIGHT="20" WC="0.93" CONTENT="denna"/><SP WIDTH="16" VPOS="724" HPOS="241"/>
							<String ID="string_187" HPOS="257" VPOS="724" WIDTH="147" HEIGHT="21" WC="0.92" CONTENT="kontribution"/><SP WIDTH="16" VPOS="724" HPOS="404"/>
							<String ID="string_188" HPOS="420" VPOS="724" WIDTH="55" HEIGHT="21" WC="0.93" CONTENT="skall"/><SP WIDTH="16" VPOS="724" HPOS="475"/>
							<String ID="string_189" HPOS="491" VPOS="724" WIDTH="134" HEIGHT="29" WC="0.93" CONTENT="hopbringas,"/><SP WIDTH="16" VPOS="724" HPOS="625"/>
							<String ID="string_190" HPOS="641" VPOS="724" WIDTH="24" HEIGHT="22" WC="0.96" CONTENT="sä"/><SP WIDTH="15" VPOS="724" HPOS="665"/>
							<String ID="string_191" HPOS="680" VPOS="726" WIDTH="23" HEIGHT="19" WC="0.96" CONTENT="är"/><SP WIDTH="15" VPOS="726" HPOS="703"/>
							<String ID="string_192" HPOS="718" VPOS="724" WIDTH="37" HEIGHT="21" WC="0.93" CONTENT="det"/><SP WIDTH="15" VPOS="724" HPOS="755"/>
							<String ID="string_193" HPOS="770" VPOS="723" WIDTH="106" HEIGHT="29" WC="0.89" CONTENT="sjelffallet"/><SP WIDTH="15" VPOS="723" HPOS="876"/>
							<String ID="string_194" HPOS="891" VPOS="723" WIDTH="56" HEIGHT="21" WC="0.96" CONTENT="dock"/><SP WIDTH="17" VPOS="723" HPOS="947"/>
							<String ID="string_195" HPOS="964" VPOS="727" WIDTH="31" HEIGHT="17" WC="0.96" CONTENT="att"/>
						</TextLine>
						<TextLine ID="line_22" HPOS="171" VPOS="752" WIDTH="822" HEIGHT="28">
							<String ID="string_196" HPOS="171" VPOS="752" WIDTH="36" HEIGHT="21" WC="0.96" CONTENT="det"/><SP WIDTH="23" VPOS="752" HPOS="207"/>
							<String ID="string_197" HPOS="230" VPOS="754" WIDTH="24" HEIGHT="19" WC="0.93" CONTENT="är"/><SP WIDTH="23" VPOS="754" HPOS="254"/>
							<String ID="string_198" HPOS="277" VPOS="752" WIDTH="74" HEIGHT="28" WC="0.91" CONTENT="frägan"/><SP WIDTH="25" VPOS="752" HPOS="351"/>
							<String ID="string_199" HPOS="376" VPOS="754" WIDTH="5" HEIGHT="19" WC="0.95" CONTENT="i"/><SP WIDTH="17" VPOS="754" HPOS="381"/>
							<String ID="string_200" HPOS="398" VPOS="753" WIDTH="48" HEIGHT="21" WC="0.93" CONTENT="dess"/><SP WIDTH="17" VPOS="753" HPOS="446"/>
							<String ID="string_201" HPOS="463" VPOS="753" WIDTH="76" HEIGHT="26" WC="0.92" CONTENT="helhet,"/><SP WIDTH="17" VPOS="753" HPOS="539"/>
							<String ID="string_202" HPOS="556" VPOS="754" WIDTH="5" HEIGHT="20" WC="0.96" CONTENT="i"/><SP WIDTH="17" VPOS="754" HPOS="561"/>
							<String ID="string_203" HPOS="578" VPOS="753" WIDTH="46" HEIGHT="21" WC="0.96" CONTENT="hela"/><SP WIDTH="17" VPOS="753" HPOS="624"/>
							<String ID="string_204" HPOS="641" VPOS="754" WIDTH="49" HEIGHT="20" WC="0.93" CONTENT="dess"/><SP WIDTH="17" VPOS="754" HPOS="690"/>
							<String ID="string_205" HPOS="707" VPOS="752" WIDTH="135" HEIGHT="28" WC="0.91" CONTENT="omfattning,"/><SP WIDTH="15" VPOS="752" HPOS="842"/>
							<String ID="string_206" HPOS="857" VPOS="760" WIDTH="44" HEIGHT="13" WC="0.96" CONTENT="som"/><SP WIDTH="16" VPOS="760" HPOS="901"/>
							<String ID="string_207" HPOS="917" VPOS="760" WIDTH="76" HEIGHT="20" WC="0.96" CONTENT="genom"/>
						</TextLine>
						<TextLine ID="line_23" HPOS="171" VPOS="780" WIDTH="824" HEIGHT="29">
							<String ID="string_208" HPOS="171" VPOS="781" WIDTH="69" HEIGHT="21" WC="0.95" CONTENT="denna"/><SP WIDTH="24" VPOS="781" HPOS="240"/>
							<String ID="string_209" HPOS="264" VPOS="782" WIDTH="131" HEIGHT="27" WC="0.95" CONTENT="proposition"/><SP WIDTH="22" VPOS="782" HPOS="395"/>
							<String ID="string_210" HPOS="417" VPOS="789" WIDTH="27" HEIGHT="13" WC="0.93" CONTENT="nu"/><SP WIDTH="22" VPOS="789" HPOS="444"/>
							<String ID="string_211" HPOS="466" VPOS="782" WIDTH="142" HEIGHT="20" WC="0.91" CONTENT="öfverlemnas"/><SP WIDTH="22" VPOS="782" HPOS="608"/>
							<String ID="string_212" HPOS="630" VPOS="782" WIDTH="32" HEIGHT="21" WC="0.96" CONTENT="till"/><SP WIDTH="16" VPOS="782" HPOS="662"/>
							<String ID="string_213" HPOS="678" VPOS="781" WIDTH="104" HEIGHT="21" WC="0.93" CONTENT="Finlands"/><SP WIDTH="16" VPOS="781" HPOS="782"/>
							<String ID="string_214" HPOS="798" VPOS="780" WIDTH="102" HEIGHT="22" WC="0.92" CONTENT="Ständers"/><SP WIDTH="16" VPOS="780" HPOS="900"/>
							<String ID="string_215" HPOS="916" VPOS="780" WIDTH="79" HEIGHT="28" WC="0.92" CONTENT="grund-"/>
						</TextLine>
						<TextLine ID="line_24" HPOS="171" VPOS="809" WIDTH="824" HEIGHT="29">
							<String ID="string_216" HPOS="171" VPOS="809" WIDTH="118" HEIGHT="29" WC="0.76" CONTENT="lagsenliga"/><SP WIDTH="23" VPOS="809" HPOS="289"/>
							<String ID="string_217" HPOS="312" VPOS="810" WIDTH="98" HEIGHT="28" WC="0.57" CONTENT="pröfniag"/><SP WIDTH="24" VPOS="810" HPOS="410"/>
							<String ID="string_218" HPOS="434" VPOS="810" WIDTH="40" HEIGHT="22" WC="0.96" CONTENT="och"/><SP WIDTH="22" VPOS="810" HPOS="474"/>
							<String ID="string_219" HPOS="496" VPOS="810" WIDTH="165" HEIGHT="28" WC="0.95" CONTENT="handläggning."/><SP WIDTH="25" VPOS="810" HPOS="661"/>
							<String ID="string_220" HPOS="686" VPOS="810" WIDTH="167" HEIGHT="21" WC="0.92" CONTENT="Statsutskottet"/><SP WIDTH="14" VPOS="810" HPOS="853"/>
							<String ID="string_221" HPOS="867" VPOS="809" WIDTH="82" HEIGHT="28" WC="0.95" CONTENT="åligger"/><SP WIDTH="15" VPOS="809" HPOS="949"/>
							<String ID="string_222" HPOS="964" VPOS="813" WIDTH="31" HEIGHT="17" WC="0.97" CONTENT="att"/>
						</TextLine>
						<TextLine ID="line_25" HPOS="170" VPOS="838" WIDTH="825" HEIGHT="29">
							<String ID="string_223" HPOS="170" VPOS="838" WIDTH="83" HEIGHT="28" WC="0.90" CONTENT="jemlikt"/><SP WIDTH="24" VPOS="838" HPOS="253"/>
							<String ID="string_224" HPOS="277" VPOS="839" WIDTH="26" HEIGHT="21" WC="0.92" CONTENT="36"/><SP WIDTH="24" VPOS="839" HPOS="303"/>
							<String ID="string_225" HPOS="327" VPOS="839" WIDTH="10" HEIGHT="26" WC="0.79" CONTENT="$"/><SP WIDTH="26" VPOS="839" HPOS="337"/>
							<String ID="string_226" HPOS="363" VPOS="838" WIDTH="24" HEIGHT="22" WC="0.91" CONTENT="L."/><SP WIDTH="22" VPOS="838" HPOS="387"/>
							<String ID="string_227" HPOS="409" VPOS="838" WIDTH="27" HEIGHT="22" WC="0.93" CONTENT="O."/><SP WIDTH="16" VPOS="838" HPOS="436"/>
							<String ID="string_228" HPOS="452" VPOS="839" WIDTH="81" HEIGHT="28" WC="0.91" CONTENT="afgifva"/><SP WIDTH="16" VPOS="839" HPOS="533"/>
							<String ID="string_229" HPOS="549" VPOS="839" WIDTH="141" HEIGHT="26" WC="0.95" CONTENT="betänkande,"/><SP WIDTH="16" VPOS="839" HPOS="690"/>
							<String ID="string_230" HPOS="706" VPOS="838" WIDTH="53" HEIGHT="22" WC="0.93" CONTENT="huru"/><SP WIDTH="17" VPOS="838" HPOS="759"/>
							<String ID="string_231" HPOS="776" VPOS="838" WIDTH="33" HEIGHT="21" WC="0.96" CONTENT="för"/><SP WIDTH="16" VPOS="838" HPOS="809"/>
							<String ID="string_232" HPOS="825" VPOS="838" WIDTH="58" HEIGHT="21" WC="0.93" CONTENT="detta"/><SP WIDTH="15" VPOS="838" HPOS="883"/>
							<String ID="string_233" HPOS="898" VPOS="838" WIDTH="97" HEIGHT="22" WC="0.96" CONTENT="ändamål"/>
						</TextLine>
						<TextLine ID="line_26" HPOS="172" VPOS="866" WIDTH="824" HEIGHT="28">
							<String ID="string_234" HPOS="172" VPOS="867" WIDTH="69" HEIGHT="21" WC="0.92" CONTENT="medel"/><SP WIDTH="17" VPOS="867" HPOS="241"/>
							<String ID="string_235" HPOS="258" VPOS="866" WIDTH="52" HEIGHT="22" WC="0.92" CONTENT="böra"/><SP WIDTH="15" VPOS="866" HPOS="310"/>
							<String ID="string_236" HPOS="325" VPOS="867" WIDTH="114" HEIGHT="27" WC="0.91" CONTENT="anskaffas,"/><SP WIDTH="15" VPOS="867" HPOS="439"/>
							<String ID="string_237" HPOS="454" VPOS="868" WIDTH="72" HEIGHT="20" WC="0.93" CONTENT="sävidt"/><SP WIDTH="15" VPOS="868" HPOS="526"/>
							<String ID="string_238" HPOS="541" VPOS="868" WIDTH="141" HEIGHT="20" WC="0.93" CONTENT="statsverkets"/><SP WIDTH="16" VPOS="868" HPOS="682"/>
							<String ID="string_239" HPOS="698" VPOS="867" WIDTH="106" HEIGHT="21" WC="0.92" CONTENT="ordinarie"/><SP WIDTH="15" VPOS="867" HPOS="804"/>
							<String ID="string_240" HPOS="819" VPOS="866" WIDTH="114" HEIGHT="28" WC="0.89" CONTENT="tillgänger"/><SP WIDTH="15" VPOS="866" HPOS="933"/>
							<String ID="string_241" HPOS="948" VPOS="866" WIDTH="48" HEIGHT="22" WC="0.93" CONTENT="der-"/>
						</TextLine>
						<TextLine ID="line_27" HPOS="171" VPOS="895" WIDTH="824" HEIGHT="29">
							<String ID="string_242" HPOS="171" VPOS="896" WIDTH="31" HEIGHT="20" WC="0.88" CONTENT="till"/><SP WIDTH="25" VPOS="896" HPOS="202"/>
							<String ID="string_243" HPOS="227" VPOS="895" WIDTH="49" HEIGHT="21" WC="0.92" CONTENT="icke"/><SP WIDTH="23" VPOS="895" HPOS="276"/>
							<String ID="string_244" HPOS="299" VPOS="896" WIDTH="71" HEIGHT="21" WC="0.86" CONTENT="förslä."/><SP WIDTH="31" VPOS="896" HPOS="370"/>
							<String ID="string_245" HPOS="401" VPOS="896" WIDTH="65" HEIGHT="21" WC="0.93" CONTENT="Detta"/><SP WIDTH="16" VPOS="896" HPOS="466"/>
							<String ID="string_246" HPOS="482" VPOS="896" WIDTH="111" HEIGHT="28" WC="0.91" CONTENT="äliggande"/><SP WIDTH="16" VPOS="896" HPOS="593"/>
							<String ID="string_247" HPOS="609" VPOS="896" WIDTH="98" HEIGHT="28" WC="0.92" CONTENT="gvarstär"/><SP WIDTH="16" VPOS="896" HPOS="707"/>
							<String ID="string_248" HPOS="723" VPOS="895" WIDTH="143" HEIGHT="28" WC="0.92" CONTENT="obegränsadt"/><SP WIDTH="16" VPOS="895" HPOS="866"/>
							<String ID="string_249" HPOS="882" VPOS="895" WIDTH="40" HEIGHT="21" WC="0.93" CONTENT="och"/><SP WIDTH="16" VPOS="895" HPOS="922"/>
							<String ID="string_250" HPOS="938" VPOS="895" WIDTH="57" HEIGHT="21" WC="0.93" CONTENT="oför-"/>
						</TextLine>
						<TextLine ID="line_28" HPOS="171" VPOS="924" WIDTH="824" HEIGHT="28">
							<String ID="string_251" HPOS="171" VPOS="924" WIDTH="92" HEIGHT="21" WC="0.92" CONTENT="ändradt"/><SP WIDTH="23" VPOS="924" HPOS="263"/>
							<String ID="string_252" HPOS="286" VPOS="924" WIDTH="41" HEIGHT="22" WC="0.95" CONTENT="och"/><SP WIDTH="22" VPOS="924" HPOS="327"/>
							<String ID="string_253" HPOS="349" VPOS="924" WIDTH="67" HEIGHT="28" WC="0.93" CONTENT="gäller"/><SP WIDTH="22" VPOS="924" HPOS="416"/>
							<String ID="string_254" HPOS="438" VPOS="925" WIDTH="89" HEIGHT="21" WC="0.92" CONTENT="sälunda"/><SP WIDTH="15" VPOS="925" HPOS="527"/>
							<String ID="string_255" HPOS="542" VPOS="926" WIDTH="6" HEIGHT="20" WC="0.96" CONTENT="i"/><SP WIDTH="16" VPOS="926" HPOS="548"/>
							<String ID="string_256" HPOS="564" VPOS="925" WIDTH="47" HEIGHT="21" WC="0.96" CONTENT="hela"/><SP WIDTH="16" VPOS="925" HPOS="611"/>
							<String ID="string_257" HPOS="627" VPOS="925" WIDTH="49" HEIGHT="21" WC="0.93" CONTENT="dess"/><SP WIDTH="18" VPOS="925" HPOS="676"/>
							<String ID="string_258" HPOS="694" VPOS="924" WIDTH="57" HEIGHT="27" WC="0.92" CONTENT="vidd,"/><SP WIDTH="16" VPOS="924" HPOS="751"/>
							<String ID="string_259" HPOS="767" VPOS="924" WIDTH="41" HEIGHT="21" WC="0.96" CONTENT="och"/><SP WIDTH="16" VPOS="924" HPOS="808"/>
							<String ID="string_260" HPOS="824" VPOS="924" WIDTH="37" HEIGHT="21" WC="0.96" CONTENT="det"/><SP WIDTH="15" VPOS="924" HPOS="861"/>
							<String ID="string_261" HPOS="876" VPOS="926" WIDTH="22" HEIGHT="18" WC="0.93" CONTENT="är"/><SP WIDTH="16" VPOS="926" HPOS="898"/>
							<String ID="string_262" HPOS="914" VPOS="931" WIDTH="81" HEIGHT="21" WC="0.91" CONTENT="uppen-"/>
						</TextLine>
						<TextLine ID="line_29" HPOS="173" VPOS="952" WIDTH="823" HEIGHT="28">
							<String ID="string_263" HPOS="173" VPOS="953" WIDTH="46" HEIGHT="20" WC="0.93" CONTENT="bart"/><SP WIDTH="23" VPOS="953" HPOS="219"/>
							<String ID="string_264" HPOS="242" VPOS="956" WIDTH="33" HEIGHT="18" WC="0.96" CONTENT="att"/><SP WIDTH="22" VPOS="956" HPOS="275"/>
							<String ID="string_265" HPOS="297" VPOS="953" WIDTH="37" HEIGHT="21" WC="0.93" CONTENT="det"/><SP WIDTH="16" VPOS="953" HPOS="334"/>
							<String ID="string_266" HPOS="350" VPOS="953" WIDTH="134" HEIGHT="21" WC="0.92" CONTENT="betänkande"/><SP WIDTH="17" VPOS="953" HPOS="484"/>
							<String ID="string_267" HPOS="501" VPOS="953" WIDTH="164" HEIGHT="21" WC="0.92" CONTENT="Statsutskottet"/><SP WIDTH="16" VPOS="953" HPOS="665"/>
							<String ID="string_268" HPOS="681" VPOS="954" WIDTH="96" HEIGHT="20" WC="0.96" CONTENT="kommer"/><SP WIDTH="15" VPOS="954" HPOS="777"/>
							<String ID="string_269" HPOS="792" VPOS="956" WIDTH="32" HEIGHT="18" WC="0.93" CONTENT="att"/><SP WIDTH="15" VPOS="956" HPOS="824"/>
							<String ID="string_270" HPOS="839" VPOS="952" WIDTH="89" HEIGHT="28" WC="0.92" CONTENT="afgifva,"/><SP WIDTH="15" VPOS="952" HPOS="928"/>
							<String ID="string_271" HPOS="943" VPOS="952" WIDTH="53" HEIGHT="22" WC="0.90" CONTENT="lika-"/>
						</TextLine>
						<TextLine ID="line_30" HPOS="172" VPOS="981" WIDTH="823" HEIGHT="27">
							<String ID="string_272" HPOS="172" VPOS="988" WIDTH="44" HEIGHT="14" WC="0.96" CONTENT="som"/><SP WIDTH="24" VPOS="988" HPOS="216"/>
							<String ID="string_273" HPOS="240" VPOS="981" WIDTH="39" HEIGHT="21" WC="0.96" CONTENT="det"/><SP WIDTH="22" VPOS="981" HPOS="279"/>
							<String ID="string_274" HPOS="301" VPOS="982" WIDTH="74" HEIGHT="26" WC="0.93" CONTENT="beslut,"/><SP WIDTH="22" VPOS="982" HPOS="375"/>
							<String ID="string_275" HPOS="397" VPOS="982" WIDTH="119" HEIGHT="21" WC="0.92" CONTENT="Ständerna"/><SP WIDTH="22" VPOS="982" HPOS="516"/>
							<String ID="string_276" HPOS="538" VPOS="983" WIDTH="7" HEIGHT="20" WC="0.93" CONTENT="i"/><SP WIDTH="22" VPOS="983" HPOS="545"/>
							<String ID="string_277" HPOS="567" VPOS="983" WIDTH="67" HEIGHT="20" WC="0.91" CONTENT="sinom"/><SP WIDTH="23" VPOS="983" HPOS="634"/>
							<String ID="string_278" HPOS="657" VPOS="982" WIDTH="29" HEIGHT="21" WC="0.96" CONTENT="tid"/><SP WIDTH="18" VPOS="982" HPOS="686"/>
							<String ID="string_279" HPOS="704" VPOS="982" WIDTH="84" HEIGHT="20" WC="0.96" CONTENT="komma"/><SP WIDTH="17" VPOS="982" HPOS="788"/>
							<String ID="string_280" HPOS="805" VPOS="984" WIDTH="31" HEIGHT="18" WC="0.96" CONTENT="att"/><SP WIDTH="15" VPOS="984" HPOS="836"/>
							<String ID="string_281" HPOS="851" VPOS="981" WIDTH="62" HEIGHT="25" WC="0.93" CONTENT="fatta,"/><SP WIDTH="16" VPOS="981" HPOS="913"/>
							<String ID="string_282" HPOS="929" VPOS="981" WIDTH="66" HEIGHT="21" WC="0.93" CONTENT="mäste"/>
						</TextLine>
						<TextLine ID="line_31" HPOS="173" VPOS="1009" WIDTH="823" HEIGHT="29">
							<String ID="string_283" HPOS="173" VPOS="1009" WIDTH="66" HEIGHT="22" WC="0.92" CONTENT="blifva"/><SP WIDTH="18" VPOS="1009" HPOS="239"/>
							<String ID="string_284" HPOS="257" VPOS="1010" WIDTH="106" HEIGHT="21" WC="0.92" CONTENT="beroende"/><SP WIDTH="16" VPOS="1010" HPOS="363"/>
							<String ID="string_285" HPOS="379" VPOS="1010" WIDTH="23" HEIGHT="21" WC="0.96" CONTENT="af"/><SP WIDTH="15" VPOS="1010" HPOS="402"/>
							<String ID="string_286" HPOS="417" VPOS="1010" WIDTH="40" HEIGHT="21" WC="0.93" CONTENT="den"/><SP WIDTH="17" VPOS="1010" HPOS="457"/>
							<String ID="string_287" HPOS="474" VPOS="1011" WIDTH="136" HEIGHT="27" WC="0.92" CONTENT="granskning,"/><SP WIDTH="14" VPOS="1011" HPOS="610"/>
							<String ID="string_288" HPOS="624" VPOS="1018" WIDTH="46" HEIGHT="13" WC="0.93" CONTENT="som"/><SP WIDTH="16" VPOS="1018" HPOS="670"/>
							<String ID="string_289" HPOS="686" VPOS="1010" WIDTH="167" HEIGHT="21" WC="0.92" CONTENT="Statsutskottet"/><SP WIDTH="18" VPOS="1010" HPOS="853"/>
							<String ID="string_290" HPOS="871" VPOS="1009" WIDTH="125" HEIGHT="22" WC="0.93" CONTENT="verkställer"/>
						</TextLine>
						<TextLine ID="line_32" HPOS="172" VPOS="1038" WIDTH="824" HEIGHT="29">
							<String ID="string_291" HPOS="172" VPOS="1038" WIDTH="62" HEIGHT="21" WC="0.93" CONTENT="öfver"/><SP WIDTH="23" VPOS="1038" HPOS="234"/>
							<String ID="string_292" HPOS="257" VPOS="1039" WIDTH="141" HEIGHT="21" WC="0.90" CONTENT="statsverkets"/><SP WIDTH="24" VPOS="1039" HPOS="398"/>
							<String ID="string_293" HPOS="422" VPOS="1039" WIDTH="102" HEIGHT="21" WC="0.95" CONTENT="tillstånd."/><SP WIDTH="42" VPOS="1039" HPOS="524"/>
							<String ID="string_294" HPOS="566" VPOS="1039" WIDTH="44" HEIGHT="21" WC="0.93" CONTENT="Det"/><SP WIDTH="22" VPOS="1039" HPOS="610"/>
							<String ID="string_295" HPOS="632" VPOS="1047" WIDTH="62" HEIGHT="20" WC="0.96" CONTENT="synes"/><SP WIDTH="24" VPOS="1047" HPOS="694"/>
							<String ID="string_296" HPOS="718" VPOS="1038" WIDTH="89" HEIGHT="21" WC="0.96" CONTENT="sålunda"/><SP WIDTH="24" VPOS="1038" HPOS="807"/>
							<String ID="string_297" HPOS="831" VPOS="1038" WIDTH="33" HEIGHT="21" WC="0.93" CONTENT="stä"/><SP WIDTH="21" VPOS="1038" HPOS="864"/>
							<String ID="string_298" HPOS="885" VPOS="1042" WIDTH="57" HEIGHT="17" WC="0.95" CONTENT="utom"/><SP WIDTH="17" VPOS="1042" HPOS="942"/>
							<String ID="string_299" HPOS="959" VPOS="1038" WIDTH="37" HEIGHT="21" WC="0.95" CONTENT="allt"/>
						</TextLine>
						<TextLine ID="line_33" HPOS="171" VPOS="1067" WIDTH="825" HEIGHT="28">
							<String ID="string_300" HPOS="171" VPOS="1067" WIDTH="78" HEIGHT="20" WC="0.92" CONTENT="tvifvel"/><SP WIDTH="23" VPOS="1067" HPOS="249"/>
							<String ID="string_301" HPOS="272" VPOS="1071" WIDTH="31" HEIGHT="17" WC="0.93" CONTENT="att"/><SP WIDTH="21" VPOS="1071" HPOS="303"/>
							<String ID="string_302" HPOS="324" VPOS="1067" WIDTH="120" HEIGHT="22" WC="0.91" CONTENT="Ständerna"/><SP WIDTH="16" VPOS="1067" HPOS="444"/>
							<String ID="string_303" HPOS="460" VPOS="1075" WIDTH="38" HEIGHT="20" WC="0.93" CONTENT="ega"/><SP WIDTH="14" VPOS="1075" HPOS="498"/>
							<String ID="string_304" HPOS="512" VPOS="1067" WIDTH="129" HEIGHT="28" WC="0.96" CONTENT="befogenhet"/><SP WIDTH="16" VPOS="1067" HPOS="641"/>
							<String ID="string_305" HPOS="657" VPOS="1068" WIDTH="40" HEIGHT="21" WC="0.93" CONTENT="och"/><SP WIDTH="16" VPOS="1068" HPOS="697"/>
							<String ID="string_306" HPOS="713" VPOS="1067" WIDTH="55" HEIGHT="28" WC="0.93" CONTENT="pligt"/><SP WIDTH="15" VPOS="1067" HPOS="768"/>
							<String ID="string_307" HPOS="783" VPOS="1070" WIDTH="32" HEIGHT="17" WC="0.97" CONTENT="att"/><SP WIDTH="16" VPOS="1070" HPOS="815"/>
							<String ID="string_308" HPOS="831" VPOS="1067" WIDTH="65" HEIGHT="20" WC="0.96" CONTENT="uttala"/><SP WIDTH="16" VPOS="1067" HPOS="896"/>
							<String ID="string_309" HPOS="912" VPOS="1067" WIDTH="32" HEIGHT="27" WC="0.92" CONTENT="sig"/><SP WIDTH="16" VPOS="1067" HPOS="944"/>
							<String ID="string_310" HPOS="960" VPOS="1075" WIDTH="36" HEIGHT="12" WC="0.92" CONTENT="an-"/>
						</TextLine>
						<TextLine ID="line_34" HPOS="172" VPOS="1095" WIDTH="825" HEIGHT="29">
							<String ID="string_311" HPOS="172" VPOS="1095" WIDTH="84" HEIGHT="28" WC="0.96" CONTENT="gående"/><SP WIDTH="17" VPOS="1095" HPOS="256"/>
							<String ID="string_312" HPOS="273" VPOS="1096" WIDTH="59" HEIGHT="21" WC="0.96" CONTENT="detta"/><SP WIDTH="15" VPOS="1096" HPOS="332"/>
							<String ID="string_313" HPOS="347" VPOS="1096" WIDTH="74" HEIGHT="28" WC="0.96" CONTENT="anslag"/><SP WIDTH="15" VPOS="1096" HPOS="421"/>
							<String ID="string_314" HPOS="436" VPOS="1097" WIDTH="29" HEIGHT="20" WC="0.96" CONTENT="uti"/><SP WIDTH="17" VPOS="1097" HPOS="465"/>
							<String ID="string_315" HPOS="482" VPOS="1096" WIDTH="46" HEIGHT="21" WC="0.96" CONTENT="hela"/><SP WIDTH="11" VPOS="1096" HPOS="528"/>
							<String ID="string_316" HPOS="539" VPOS="1096" WIDTH="49" HEIGHT="21" WC="0.96" CONTENT="dess"/><SP WIDTH="11" VPOS="1096" HPOS="588"/>
							<String ID="string_317" HPOS="599" VPOS="1096" WIDTH="136" HEIGHT="28" WC="0.96" CONTENT="omfattning,"/><SP WIDTH="10" VPOS="1096" HPOS="735"/>
							<String ID="string_318" HPOS="745" VPOS="1096" WIDTH="41" HEIGHT="21" WC="0.93" CONTENT="och"/><SP WIDTH="10" VPOS="1096" HPOS="786"/>
							<String ID="string_319" HPOS="796" VPOS="1095" WIDTH="119" HEIGHT="22" WC="0.91" CONTENT="Ständerna"/><SP WIDTH="10" VPOS="1095" HPOS="915"/>
							<String ID="string_320" HPOS="925" VPOS="1096" WIDTH="72" HEIGHT="20" WC="0.96" CONTENT="kunna"/>
						</TextLine>
						<TextLine ID="line_35" HPOS="173" VPOS="1124" WIDTH="824" HEIGHT="29">
							<String ID="string_321" HPOS="173" VPOS="1124" WIDTH="47" HEIGHT="21" WC="0.95" CONTENT="med"/><SP WIDTH="24" VPOS="1124" HPOS="220"/>
							<String ID="string_322" HPOS="244" VPOS="1126" WIDTH="56" HEIGHT="19" WC="0.91" CONTENT="rätta"/><SP WIDTH="17" VPOS="1126" HPOS="300"/>
							<String ID="string_323" HPOS="317" VPOS="1125" WIDTH="47" HEIGHT="20" WC="0.96" CONTENT="icke"/><SP WIDTH="15" VPOS="1125" HPOS="364"/>
							<String ID="string_324" HPOS="379" VPOS="1124" WIDTH="67" HEIGHT="21" WC="0.96" CONTENT="heller"/><SP WIDTH="16" VPOS="1124" HPOS="446"/>
							<String ID="string_325" HPOS="462" VPOS="1125" WIDTH="67" HEIGHT="21" WC="0.96" CONTENT="förstå"/><SP WIDTH="16" VPOS="1125" HPOS="529"/>
							<String ID="string_326" HPOS="545" VPOS="1127" WIDTH="111" HEIGHT="25" WC="0.96" CONTENT="meningen"/><SP WIDTH="17" VPOS="1127" HPOS="656"/>
							<String ID="string_327" HPOS="673" VPOS="1125" WIDTH="47" HEIGHT="20" WC="0.96" CONTENT="med"/><SP WIDTH="17" VPOS="1125" HPOS="720"/>
							<String ID="string_328" HPOS="737" VPOS="1125" WIDTH="70" HEIGHT="20" WC="0.96" CONTENT="denna"/><SP WIDTH="16" VPOS="1125" HPOS="807"/>
							<String ID="string_329" HPOS="823" VPOS="1125" WIDTH="131" HEIGHT="28" WC="0.96" CONTENT="proposition"/><SP WIDTH="16" VPOS="1125" HPOS="954"/>
							<String ID="string_330" HPOS="970" VPOS="1124" WIDTH="27" HEIGHT="28" WC="0.96" CONTENT="på"/>
						</TextLine>
						<TextLine ID="line_36" HPOS="173" VPOS="1153" WIDTH="823" HEIGHT="28">
							<String ID="string_331" HPOS="173" VPOS="1156" WIDTH="64" HEIGHT="17" WC="0.96" CONTENT="annat"/><SP WIDTH="15" VPOS="1156" HPOS="237"/>
							<String ID="string_332" HPOS="252" VPOS="1155" WIDTH="49" HEIGHT="25" WC="0.93" CONTENT="sätt,"/><SP WIDTH="16" VPOS="1155" HPOS="301"/>
							<String ID="string_333" HPOS="317" VPOS="1153" WIDTH="102" HEIGHT="21" WC="0.92" CONTENT="ehuruväl"/><SP WIDTH="16" VPOS="1153" HPOS="419"/>
							<String ID="string_334" HPOS="435" VPOS="1153" WIDTH="49" HEIGHT="22" WC="0.93" CONTENT="dess"/><SP WIDTH="22" VPOS="1153" HPOS="484"/>
							<String ID="string_335" HPOS="506" VPOS="1153" WIDTH="112" HEIGHT="28" WC="0.90" CONTENT="affattning"/><SP WIDTH="16" VPOS="1153" HPOS="618"/>
							<String ID="string_336" HPOS="634" VPOS="1153" WIDTH="106" HEIGHT="21" WC="0.93" CONTENT="måhända"/><SP WIDTH="15" VPOS="1153" HPOS="740"/>
							<String ID="string_337" HPOS="755" VPOS="1153" WIDTH="71" HEIGHT="28" WC="0.85" CONTENT="gifvit."/><SP WIDTH="9" VPOS="1153" HPOS="826"/>
							<String ID="string_338" HPOS="835" VPOS="1153" WIDTH="111" HEIGHT="27" WC="0.96" CONTENT="anledning"/><SP WIDTH="19" VPOS="1153" HPOS="946"/>
							<String ID="string_339" HPOS="965" VPOS="1153" WIDTH="31" HEIGHT="20" WC="0.96" CONTENT="till"/>
						</TextLine>
						<TextLine ID="line_37" HPOS="171" VPOS="1181" WIDTH="449" HEIGHT="28">
							<String ID="string_340" HPOS="171" VPOS="1181" WIDTH="92" HEIGHT="21" WC="0.95" CONTENT="oriktiga"/><SP WIDTH="17" VPOS="1181" HPOS="263"/>
							<String ID="string_341" HPOS="280" VPOS="1181" WIDTH="120" HEIGHT="28" WC="0.96" CONTENT="tolkningar"/><SP WIDTH="16" VPOS="1181" HPOS="400"/>
							<String ID="string_342" HPOS="416" VPOS="1183" WIDTH="5" HEIGHT="20" WC="0.96" CONTENT="i"/><SP WIDTH="17" VPOS="1183" HPOS="421"/>
							<String ID="string_343" HPOS="438" VPOS="1182" WIDTH="58" HEIGHT="21" WC="0.96" CONTENT="detta"/><SP WIDTH="16" VPOS="1182" HPOS="496"/>
							<String ID="string_344" HPOS="512" VPOS="1182" WIDTH="108" HEIGHT="21" WC="0.96" CONTENT="afseende."/>
						</TextLine>
					</TextBlock>
					<TextBlock ID="block_3" HPOS="172" VPOS="1189" WIDTH="826" HEIGHT="307">
						<TextLine ID="line_38" HPOS="236" VPOS="1189" WIDTH="761" HEIGHT="49">
							<String ID="string_345" HPOS="236" VPOS="1189" WIDTH="45" HEIGHT="42" WC="0.61" CONTENT="Tu"/><SP WIDTH="16" VPOS="1189" HPOS="281"/>
							<String ID="string_346" HPOS="297" VPOS="1211" WIDTH="159" HEIGHT="27" WC="0.93" CONTENT="propositionen"/><SP WIDTH="17" VPOS="1211" HPOS="456"/>
							<String ID="string_347" HPOS="473" VPOS="1211" WIDTH="76" HEIGHT="20" WC="0.93" CONTENT="uttalas"/><SP WIDTH="16" VPOS="1211" HPOS="549"/>
							<String ID="string_348" HPOS="565" VPOS="1211" WIDTH="73" HEIGHT="21" WC="0.97" CONTENT="vidare"/><SP WIDTH="16" VPOS="1211" HPOS="638"/>
							<String ID="string_349" HPOS="654" VPOS="1213" WIDTH="31" HEIGHT="18" WC="0.96" CONTENT="att"/><SP WIDTH="16" VPOS="1213" HPOS="685"/>
							<String ID="string_350" HPOS="701" VPOS="1210" WIDTH="67" HEIGHT="28" WC="0.93" CONTENT="enligt"/><SP WIDTH="15" VPOS="1210" HPOS="768"/>
							<String ID="string_351" HPOS="783" VPOS="1209" WIDTH="105" HEIGHT="22" WC="0.93" CONTENT="Senatens"/><SP WIDTH="16" VPOS="1209" HPOS="888"/>
							<String ID="string_352" HPOS="904" VPOS="1209" WIDTH="34" HEIGHT="22" WC="0.93" CONTENT="för"/><SP WIDTH="8" VPOS="1209" HPOS="938"/>
							<String ID="string_353" HPOS="946" VPOS="1209" WIDTH="51" HEIGHT="22" WC="0.92" CONTENT="Fin-"/>
						</TextLine>
						<TextLine ID="line_39" HPOS="172" VPOS="1238" WIDTH="823" HEIGHT="29">
							<String ID="string_354" HPOS="172" VPOS="1238" WIDTH="49" HEIGHT="21" WC="0.93" CONTENT="land"/><SP WIDTH="16" VPOS="1238" HPOS="221"/>
							<String ID="string_355" HPOS="237" VPOS="1239" WIDTH="99" HEIGHT="20" WC="0.92" CONTENT="anmälan"/><SP WIDTH="17" VPOS="1239" HPOS="336"/>
							<String ID="string_356" HPOS="353" VPOS="1239" WIDTH="167" HEIGHT="22" WC="0.92" CONTENT="militiefondens"/><SP WIDTH="15" VPOS="1239" HPOS="520"/>
							<String ID="string_357" HPOS="535" VPOS="1239" WIDTH="121" HEIGHT="26" WC="0.91" CONTENT="disponibla"/><SP WIDTH="16" VPOS="1239" HPOS="656"/>
							<String ID="string_358" HPOS="672" VPOS="1239" WIDTH="114" HEIGHT="28" WC="0.91" CONTENT="tillgängar"/><SP WIDTH="15" VPOS="1239" HPOS="786"/>
							<String ID="string_359" HPOS="801" VPOS="1240" WIDTH="75" HEIGHT="26" WC="0.93" CONTENT="utgöra"/><SP WIDTH="11" VPOS="1240" HPOS="876"/>
							<String ID="string_360" HPOS="887" VPOS="1239" WIDTH="108" HEIGHT="25" WC="0.91" CONTENT="1,200,000"/>
						</TextLine>
						<TextLine ID="line_40" HPOS="172" VPOS="1267" WIDTH="825" HEIGHT="29">
							<String ID="string_361" HPOS="172" VPOS="1267" WIDTH="59" HEIGHT="21" WC="0.96" CONTENT="mark"/><SP WIDTH="16" VPOS="1267" HPOS="231"/>
							<String ID="string_362" HPOS="247" VPOS="1275" WIDTH="36" HEIGHT="13" WC="0.93" CONTENT="om"/><SP WIDTH="16" VPOS="1275" HPOS="283"/>
							<String ID="string_363" HPOS="299" VPOS="1267" WIDTH="51" HEIGHT="22" WC="0.92" CONTENT="året."/><SP WIDTH="39" VPOS="1267" HPOS="350"/>
							<String ID="string_364" HPOS="389" VPOS="1267" WIDTH="12" HEIGHT="22" WC="0.86" CONTENT="1"/><SP WIDTH="15" VPOS="1267" HPOS="401"/>
							<String ID="string_365" HPOS="416" VPOS="1268" WIDTH="54" HEIGHT="28" WC="0.93" CONTENT="följd"/><SP WIDTH="16" VPOS="1268" HPOS="470"/>
							<String ID="string_366" HPOS="486" VPOS="1268" WIDTH="59" HEIGHT="21" WC="0.96" CONTENT="häraf"/><SP WIDTH="15" VPOS="1268" HPOS="545"/>
							<String ID="string_367" HPOS="560" VPOS="1268" WIDTH="60" HEIGHT="21" WC="0.96" CONTENT="skola"/><SP WIDTH="15" VPOS="1268" HPOS="620"/>
							<String ID="string_368" HPOS="635" VPOS="1268" WIDTH="68" HEIGHT="27" WC="0.96" CONTENT="enligt"/><SP WIDTH="16" VPOS="1268" HPOS="703"/>
							<String ID="string_369" HPOS="719" VPOS="1267" WIDTH="62" HEIGHT="22" WC="0.93" CONTENT="Hans"/><SP WIDTH="15" VPOS="1267" HPOS="781"/>
							<String ID="string_370" HPOS="796" VPOS="1267" WIDTH="112" HEIGHT="28" WC="0.93" CONTENT="Majestäts"/><SP WIDTH="17" VPOS="1267" HPOS="908"/>
							<String ID="string_371" HPOS="925" VPOS="1268" WIDTH="72" HEIGHT="20" WC="0.93" CONTENT="anvis-"/>
						</TextLine>
						<TextLine ID="line_41" HPOS="172" VPOS="1295" WIDTH="823" HEIGHT="28">
							<String ID="string_372" HPOS="172" VPOS="1296" WIDTH="51" HEIGHT="27" WC="0.96" CONTENT="ning"/><SP WIDTH="23" VPOS="1296" HPOS="223"/>
							<String ID="string_373" HPOS="246" VPOS="1303" WIDTH="20" HEIGHT="14" WC="0.64" CONTENT="o."/><SP WIDTH="23" VPOS="1303" HPOS="266"/>
							<String ID="string_374" HPOS="289" VPOS="1303" WIDTH="16" HEIGHT="14" WC="0.96" CONTENT="s."/><SP WIDTH="23" VPOS="1303" HPOS="305"/>
							<String ID="string_375" HPOS="328" VPOS="1304" WIDTH="19" HEIGHT="13" WC="0.96" CONTENT="v."/><SP WIDTH="40" VPOS="1304" HPOS="347"/>
							<String ID="string_376" HPOS="387" VPOS="1296" WIDTH="65" HEIGHT="21" WC="0.95" CONTENT="Detta"/><SP WIDTH="20" VPOS="1296" HPOS="452"/>
							<String ID="string_377" HPOS="472" VPOS="1297" WIDTH="38" HEIGHT="20" WC="0.93" CONTENT="bör"/><SP WIDTH="14" VPOS="1297" HPOS="510"/>
							<String ID="string_378" HPOS="524" VPOS="1296" WIDTH="78" HEIGHT="21" WC="0.96" CONTENT="förstås"/><SP WIDTH="16" VPOS="1296" HPOS="602"/>
							<String ID="string_379" HPOS="618" VPOS="1296" WIDTH="96" HEIGHT="27" WC="0.96" CONTENT="sålunda,"/><SP WIDTH="15" VPOS="1296" HPOS="714"/>
							<String ID="string_380" HPOS="729" VPOS="1299" WIDTH="32" HEIGHT="18" WC="0.96" CONTENT="att"/><SP WIDTH="15" VPOS="1299" HPOS="761"/>
							<String ID="string_381" HPOS="776" VPOS="1303" WIDTH="34" HEIGHT="14" WC="0.96" CONTENT="om"/><SP WIDTH="17" VPOS="1303" HPOS="810"/>
							<String ID="string_382" HPOS="827" VPOS="1303" WIDTH="28" HEIGHT="13" WC="0.93" CONTENT="nu"/><SP WIDTH="16" VPOS="1303" HPOS="855"/>
							<String ID="string_383" HPOS="871" VPOS="1295" WIDTH="124" HEIGHT="22" WC="0.89" CONTENT="militiefon-"/>
						</TextLine>
						<TextLine ID="line_42" HPOS="172" VPOS="1323" WIDTH="825" HEIGHT="29">
							<String ID="string_384" HPOS="172" VPOS="1324" WIDTH="53" HEIGHT="21" WC="0.94" CONTENT="dens"/><SP WIDTH="22" VPOS="1324" HPOS="225"/>
							<String ID="string_385" HPOS="247" VPOS="1325" WIDTH="117" HEIGHT="27" WC="0.94" CONTENT="tillgångar"/><SP WIDTH="22" VPOS="1325" HPOS="364"/>
							<String ID="string_386" HPOS="386" VPOS="1325" WIDTH="68" HEIGHT="21" WC="0.93" CONTENT="skulle"/><SP WIDTH="24" VPOS="1325" HPOS="454"/>
							<String ID="string_387" HPOS="478" VPOS="1325" WIDTH="65" HEIGHT="21" WC="0.93" CONTENT="förslä"/><SP WIDTH="23" VPOS="1325" HPOS="543"/>
							<String ID="string_388" HPOS="566" VPOS="1325" WIDTH="31" HEIGHT="21" WC="0.96" CONTENT="till"/><SP WIDTH="23" VPOS="1325" HPOS="597"/>
							<String ID="string_389" HPOS="620" VPOS="1325" WIDTH="42" HEIGHT="20" WC="0.93" CONTENT="den"/><SP WIDTH="18" VPOS="1325" HPOS="662"/>
							<String ID="string_390" HPOS="680" VPOS="1324" WIDTH="81" HEIGHT="22" WC="0.92" CONTENT="äskade"/><SP WIDTH="16" VPOS="1324" HPOS="761"/>
							<String ID="string_391" HPOS="777" VPOS="1324" WIDTH="181" HEIGHT="26" WC="0.78" CONTENT="kontributionen,"/><SP WIDTH="16" VPOS="1324" HPOS="958"/>
							<String ID="string_392" HPOS="974" VPOS="1323" WIDTH="23" HEIGHT="21" WC="0.95" CONTENT="sä"/>
						</TextLine>
						<TextLine ID="line_43" HPOS="172" VPOS="1352" WIDTH="825" HEIGHT="29">
							<String ID="string_393" HPOS="172" VPOS="1352" WIDTH="75" HEIGHT="26" WC="0.95" CONTENT="skulle,"/><SP WIDTH="24" VPOS="1352" HPOS="247"/>
							<String ID="string_394" HPOS="271" VPOS="1353" WIDTH="66" HEIGHT="28" WC="0.93" CONTENT="enligt"/><SP WIDTH="23" VPOS="1353" HPOS="337"/>
							<String ID="string_395" HPOS="360" VPOS="1353" WIDTH="56" HEIGHT="21" WC="0.92" CONTENT="hvad"/><SP WIDTH="24" VPOS="1353" HPOS="416"/>
							<String ID="string_396" HPOS="440" VPOS="1353" WIDTH="93" HEIGHT="21" WC="0.92" CONTENT="indirekt"/><SP WIDTH="20" VPOS="1353" HPOS="533"/>
							<String ID="string_397" HPOS="553" VPOS="1354" WIDTH="6" HEIGHT="20" WC="0.96" CONTENT="i"/><SP WIDTH="16" VPOS="1354" HPOS="559"/>
							<String ID="string_398" HPOS="575" VPOS="1354" WIDTH="162" HEIGHT="27" WC="0.93" CONTENT="propositionen"/><SP WIDTH="16" VPOS="1354" HPOS="737"/>
							<String ID="string_399" HPOS="753" VPOS="1352" WIDTH="96" HEIGHT="29" WC="0.92" CONTENT="antydes,"/><SP WIDTH="16" VPOS="1352" HPOS="849"/>
							<String ID="string_400" HPOS="865" VPOS="1352" WIDTH="47" HEIGHT="22" WC="0.95" CONTENT="hela"/><SP WIDTH="16" VPOS="1352" HPOS="912"/>
							<String ID="string_401" HPOS="928" VPOS="1352" WIDTH="69" HEIGHT="21" WC="0.95" CONTENT="denna"/>
						</TextLine>
						<TextLine ID="line_44" HPOS="173" VPOS="1381" WIDTH="825" HEIGHT="28">
							<String ID="string_402" HPOS="173" VPOS="1381" WIDTH="146" HEIGHT="21" WC="0.90" CONTENT="kontribution"/><SP WIDTH="18" VPOS="1381" HPOS="319"/>
							<String ID="string_403" HPOS="337" VPOS="1382" WIDTH="50" HEIGHT="21" WC="0.92" CONTENT="böra"/><SP WIDTH="16" VPOS="1382" HPOS="387"/>
							<String ID="string_404" HPOS="403" VPOS="1383" WIDTH="85" HEIGHT="20" WC="0.92" CONTENT="anvisas"/><SP WIDTH="16" VPOS="1383" HPOS="488"/>
							<String ID="string_405" HPOS="504" VPOS="1382" WIDTH="47" HEIGHT="21" WC="0.92" CONTENT="frän"/><SP WIDTH="16" VPOS="1382" HPOS="551"/>
							<String ID="string_406" HPOS="567" VPOS="1382" WIDTH="163" HEIGHT="25" WC="0.92" CONTENT="militiefonden,"/><SP WIDTH="15" VPOS="1382" HPOS="730"/>
							<String ID="string_407" HPOS="745" VPOS="1382" WIDTH="6" HEIGHT="20" WC="0.96" CONTENT="i"/><SP WIDTH="16" VPOS="1382" HPOS="751"/>
							<String ID="string_408" HPOS="767" VPOS="1381" WIDTH="91" HEIGHT="28" WC="0.96" CONTENT="analogi,"/><SP WIDTH="15" VPOS="1381" HPOS="858"/>
							<String ID="string_409" HPOS="873" VPOS="1381" WIDTH="76" HEIGHT="21" WC="0.96" CONTENT="tänker"/><SP WIDTH="14" VPOS="1381" HPOS="949"/>
							<String ID="string_410" HPOS="963" VPOS="1381" WIDTH="35" HEIGHT="28" WC="0.97" CONTENT="jag"/>
						</TextLine>
						<TextLine ID="line_45" HPOS="173" VPOS="1409" WIDTH="825" HEIGHT="29">
							<String ID="string_411" HPOS="173" VPOS="1410" WIDTH="48" HEIGHT="28" WC="0.96" CONTENT="mig,"/><SP WIDTH="17" VPOS="1410" HPOS="221"/>
							<String ID="string_412" HPOS="238" VPOS="1410" WIDTH="50" HEIGHT="22" WC="0.92" CONTENT="med"/><SP WIDTH="15" VPOS="1410" HPOS="288"/>
							<String ID="string_413" HPOS="303" VPOS="1410" WIDTH="57" HEIGHT="22" WC="0.94" CONTENT="hvad"/><SP WIDTH="16" VPOS="1410" HPOS="360"/>
							<String ID="string_414" HPOS="376" VPOS="1411" WIDTH="6" HEIGHT="20" WC="0.96" CONTENT="i"/><SP WIDTH="18" VPOS="1411" HPOS="382"/>
							<String ID="string_415" HPOS="400" VPOS="1412" WIDTH="54" HEIGHT="20" WC="0.93" CONTENT="1878"/><SP WIDTH="13" VPOS="1412" HPOS="454"/>
							<String ID="string_416" HPOS="467" VPOS="1411" WIDTH="34" HEIGHT="21" WC="0.93" CONTENT="års"/><SP WIDTH="17" VPOS="1411" HPOS="501"/>
							<String ID="string_417" HPOS="518" VPOS="1410" WIDTH="166" HEIGHT="28" WC="0.68" CONTENT="värnopligisiag"/><SP WIDTH="15" VPOS="1410" HPOS="684"/>
							<String ID="string_418" HPOS="699" VPOS="1412" WIDTH="62" HEIGHT="20" WC="0.96" CONTENT="säges"/><SP WIDTH="16" VPOS="1412" HPOS="761"/>
							<String ID="string_419" HPOS="777" VPOS="1418" WIDTH="35" HEIGHT="13" WC="0.95" CONTENT="om"/><SP WIDTH="17" VPOS="1418" HPOS="812"/>
							<String ID="string_420" HPOS="829" VPOS="1409" WIDTH="136" HEIGHT="22" WC="0.43" CONTENT="bestridande"/><SP WIDTH="11" VPOS="1409" HPOS="965"/>
							<String ID="string_421" HPOS="976" VPOS="1409" WIDTH="22" HEIGHT="21" WC="0.96" CONTENT="ai"/>
						</TextLine>
						<TextLine ID="line_46" HPOS="172" VPOS="1438" WIDTH="825" HEIGHT="27">
							<String ID="string_422" HPOS="172" VPOS="1438" WIDTH="145" HEIGHT="22" WC="0.96" CONTENT="kostnaderna"/><SP WIDTH="17" VPOS="1438" HPOS="317"/>
							<String ID="string_423" HPOS="334" VPOS="1439" WIDTH="33" HEIGHT="21" WC="0.96" CONTENT="för"/><SP WIDTH="19" VPOS="1439" HPOS="367"/>
							<String ID="string_424" HPOS="386" VPOS="1438" WIDTH="42" HEIGHT="22" WC="0.96" CONTENT="den"/><SP WIDTH="16" VPOS="1438" HPOS="428"/>
							<String ID="string_425" HPOS="444" VPOS="1439" WIDTH="68" HEIGHT="21" WC="0.93" CONTENT="finska"/><SP WIDTH="15" VPOS="1439" HPOS="512"/>
							<String ID="string_426" HPOS="527" VPOS="1439" WIDTH="114" HEIGHT="26" WC="0.91" CONTENT="militären;"/><SP WIDTH="15" VPOS="1439" HPOS="641"/>
							<String ID="string_427" HPOS="656" VPOS="1438" WIDTH="123" HEIGHT="22" WC="0.91" CONTENT="ändamälet"/><SP WIDTH="15" VPOS="1438" HPOS="779"/>
							<String ID="string_428" HPOS="794" VPOS="1440" WIDTH="24" HEIGHT="19" WC="0.96" CONTENT="är"/><SP WIDTH="15" VPOS="1440" HPOS="818"/>
							<String ID="string_429" HPOS="833" VPOS="1446" WIDTH="28" HEIGHT="13" WC="0.93" CONTENT="nu"/><SP WIDTH="12" VPOS="1446" HPOS="861"/>
							<String ID="string_430" HPOS="873" VPOS="1438" WIDTH="124" HEIGHT="27" WC="0.93" CONTENT="visserligen"/>
						</TextLine>
						<TextLine ID="line_47" HPOS="172" VPOS="1466" WIDTH="826" HEIGHT="30">
							<String ID="string_431" HPOS="172" VPOS="1469" WIDTH="31" HEIGHT="19" WC="0.92" CONTENT="ett"/><SP WIDTH="22" VPOS="1469" HPOS="203"/>
							<String ID="string_432" HPOS="225" VPOS="1471" WIDTH="72" HEIGHT="23" WC="0.92" CONTENT="annat,"/><SP WIDTH="24" VPOS="1471" HPOS="297"/>
							<String ID="string_433" HPOS="321" VPOS="1475" WIDTH="46" HEIGHT="14" WC="0.93" CONTENT="men"/><SP WIDTH="25" VPOS="1475" HPOS="367"/>
							<String ID="string_434" HPOS="392" VPOS="1468" WIDTH="100" HEIGHT="28" WC="0.92" CONTENT="analogin"/><SP WIDTH="23" VPOS="1468" HPOS="492"/>
							<String ID="string_435" HPOS="515" VPOS="1468" WIDTH="40" HEIGHT="21" WC="0.96" CONTENT="kan"/><SP WIDTH="17" VPOS="1468" HPOS="555"/>
							<String ID="string_436" HPOS="572" VPOS="1467" WIDTH="55" HEIGHT="21" WC="0.93" CONTENT="dock"/><SP WIDTH="17" VPOS="1467" HPOS="627"/>
							<String ID="string_437" HPOS="644" VPOS="1468" WIDTH="112" HEIGHT="20" WC="0.92" CONTENT="erkännas."/><SP WIDTH="30" VPOS="1468" HPOS="756"/>
							<String ID="string_438" HPOS="786" VPOS="1467" WIDTH="35" HEIGHT="21" WC="0.92" CONTENT="Dä"/><SP WIDTH="16" VPOS="1467" HPOS="821"/>
							<String ID="string_439" HPOS="837" VPOS="1474" WIDTH="28" HEIGHT="14" WC="0.92" CONTENT="nu"/><SP WIDTH="16" VPOS="1474" HPOS="865"/>
							<String ID="string_440" HPOS="881" VPOS="1466" WIDTH="117" HEIGHT="22" WC="0.92" CONTENT="emellertid"/>
						</TextLine>
					</TextBlock>
				</ComposedBlock>
			</PrintSpace>
		</Page>
	</Layout>
</alto>
