1061 1678
175 93 42 21 506
436 99 24 17 R.
474 103 17 13 o.
503 100 25 16 A.
541 96 68 21 1905.
624 99 24 17 21
660 99 64 17 Mars.

245 167 58 22 Frih.
318 167 26 21 R.
361 167 25 21 A.
400 167 118 22 Wrede:
548 167 43 28 Jag
605 167 39 21 har
659 167 48 22 icke
725 167 70 28 nägon
816 167 140 29 anmärkning
970 169 33 18 att

176 197 53 26 göra
252 199 47 18 mot
320 195 123 22 Utskottets
466 196 110 21 uttalande
591 197 6 20 i
613 195 70 22 denna
699 195 67 28 fräga,
781 203 48 14 men
846 195 37 22 ber
898 195 56 22 dock
970 198 32 19 att

175 224 74 21 derom
266 224 23 21 få
303 227 57 26 yttra
383 224 65 28 några
472 226 42 19 ord.
544 225 44 20 Det
610 225 61 20 torde
687 225 35 21 väl
740 225 47 21 icke
803 225 71 20 kunna
890 224 111 26 bestridas,

176 256 31 18 att
223 252 69 22 under
307 253 37 21 det
359 256 71 18 senast
446 253 99 21 förflutna
562 253 145 21 århundradet
723 261 48 13 man
787 253 63 21 äfven
867 254 5 20 i
889 253 47 21 vårt
951 253 50 21 land

177 281 87 21 tillfullo
281 281 62 28 insåg
358 282 41 21 den
415 281 179 28 utomordentliga
610 282 72 27 vigten
698 281 63 22 deraf
776 285 31 18 att
817 281 75 28 stadga
904 281 40 22 och
952 282 49 21 ord-

176 311 51 26 ning
243 309 68 22 rådde
327 311 5 20 i
349 310 83 21 landets
448 310 208 28 penningeväsende.
686 310 85 28 Frågan
787 318 38 14 var
835 311 21 27 ju
868 309 88 22 föremål
967 310 35 21 för

175 338 168 28 öfverläggning
358 338 65 22 redan
440 338 36 22 vid
493 338 129 28 landtdagen
641 340 54 20 1809
712 339 40 21 och
769 346 37 14 var
821 339 65 21 sedan
903 338 31 21 tid
946 338 56 22 efter

176 374 71 14 annan
263 367 90 21 föremål
369 367 34 21 för
417 375 85 20 omsorg
517 367 40 21 och
573 367 100 28 åtgärder
688 367 47 22 från
746 369 143 26 Regeringens
902 366 45 22 sida
960 367 41 21 och

174 395 57 21 efter
248 396 119 21 1860-talet
382 396 65 21 också
462 396 55 21 ifrån
536 396 137 21 Ständernas.
703 396 49 21 Och
768 404 32 13 om
817 396 66 21 också
898 396 36 20 det
950 396 52 20 slut-

176 423 43 28 liga
235 423 120 22 ordnandet
371 424 23 21 af
408 424 75 27 frågan
500 424 27 29 på
543 427 31 18 ett
589 425 198 20 tillfredsställande
810 426 42 20 sätt
867 424 29 21 lät
919 424 82 28 ganska

177 452 61 28 länge
254 454 65 20 vänta
334 452 28 29 på
377 453 38 27 sig,
430 453 24 21 så
470 453 81 21 skedde
571 453 37 21 det
630 453 96 21 deremot
741 453 24 21 så
780 453 86 28 mycket
881 453 121 20 fullständi-

174 488 53 20 gare
249 481 41 21 och
315 481 74 22 bättre.
418 481 33 29 Ty
475 481 36 21 det
531 481 61 22 torde
608 482 34 21 väl
657 482 73 21 kunna
746 483 68 26 sägas,
829 484 31 19 att
875 481 41 21 den
933 484 69 25 mynt-

176 509 136 29 lagstiftning
333 509 93 22 Finland
450 511 87 20 besitter
557 512 24 19 är
595 511 48 21 icke
666 511 56 20 blott
737 511 5 20 i
759 510 42 28 hög
815 510 53 28 grad
883 510 97 27 rationel,
994 511 8 20 i

177 537 36 22 det
237 540 32 19 att
292 538 41 21 den
355 538 69 21 hvilar
447 538 27 29 på
489 538 68 22 sunda
579 539 41 22 och
635 539 56 28 goda
706 539 145 28 grundsatser,
866 541 50 18 utan
932 539 69 21 tillika

176 567 67 20 också
268 567 74 28 tydlig.
372 567 52 21 Med
448 567 101 22 afseende
572 568 13 21 å
608 567 27 22 de
658 571 85 18 senaste
766 568 61 21 årens
843 567 159 28 förvecklingar

176 595 41 21 kan
233 596 22 27 ju
272 595 48 22 icke
336 595 70 22 denna
421 597 52 20 sista
488 596 110 28 synpunkt
614 604 49 13 vara
679 599 51 18 utan
743 596 114 29 betydelse.
877 595 30 22 Vi
920 599 50 18 veta
980 596 21 28 ju

176 627 32 18 att
224 624 51 21 våra
291 624 257 29 grundlagsstadganden,
564 632 34 14 om
614 625 66 21 också
695 626 6 20 i
718 625 123 21 hufvudsak
857 625 146 28 oförtydbara,

176 653 56 20 dock
257 653 132 21 beträffande
412 653 66 28 några
501 653 74 28 frågor
596 655 36 19 äro
652 654 24 20 så
690 653 109 26 affattade,
815 656 30 18 att
861 652 33 22 för
910 661 25 13 en
952 653 49 21 fullt

175 681 66 27 riktig
256 681 139 28 uppfattning
410 681 22 21 af
447 682 47 20 dem
510 682 84 21 fordras
610 684 30 19 ett
657 682 119 21 beaktande
797 682 77 28 jemväl
890 681 23 21 af
928 681 27 21 de
970 680 32 22 hi-

176 710 92 20 storiska
284 710 183 28 förutsättningar,
482 710 28 28 på
525 710 73 22 hvilka
614 710 62 22 dessa
700 710 133 28 stadganden
852 710 64 21 hvila.
946 710 55 21 Der-

176 741 59 18 emot
250 740 37 19 äro
303 738 147 28 stadgandena
472 739 111 27 angående
598 739 104 21 Finlands
719 742 58 25 mynt
793 739 24 21 så
832 739 62 21 enkla
909 738 39 22 och
965 738 37 22 be-

176 766 89 27 stämda,
289 770 31 18 att
343 767 26 21 de
392 767 71 22 kunna
485 767 66 22 fattas
574 768 64 21 äfven
654 768 24 21 af
692 768 49 26 den,
756 775 44 13 som
817 768 46 21 icke
879 767 38 21 har
932 767 69 28 någon

176 797 96 19 närmare
289 795 97 29 kunskap
402 804 34 13 om
452 796 120 28 grunderna
588 796 34 21 för
638 796 47 21 vårt
704 796 163 21 samhällsskick
883 796 39 20 och
939 796 62 20 deras

176 824 123 28 uppkomst.
329 824 44 21 Det
388 824 38 22 har
441 825 73 21 derför
528 825 66 21 också
611 825 86 21 behöfts
713 825 50 21 flere
779 825 24 21 år
818 824 23 22 af
856 832 25 14 en
902 827 47 19 rent
964 824 37 22 de-

176 852 94 22 struktiv
286 853 76 27 politik
378 856 44 18 mot
437 853 48 21 vårt
500 854 55 26 land,
566 854 64 21 innan
646 861 123 21 angreppen
781 857 44 17 mot
836 853 82 21 landets
932 856 70 25 mynt-

176 881 96 21 väsende
288 882 68 20 skulle
372 882 47 21 leda
434 882 33 21 till
483 883 92 27 positiva
596 882 105 28 åtgärder.
732 882 64 22 Hvad
813 882 113 22 Utskottet
940 882 62 21 anför

176 910 113 27 angående
310 910 152 28 förordningen
489 911 23 21 af
533 911 42 21 den
598 912 27 20 20
648 912 43 20 Juli
713 912 60 24 1904,
789 914 31 18 att
836 910 41 22 den
892 910 45 22 står
952 910 50 21 full-

176 938 91 28 komligt
283 939 7 20 i
305 938 52 22 strid
382 939 46 21 med
453 939 37 21 vär
514 940 201 35 myntlagstiftning,
730 940 37 21 det
785 941 23 19 är
826 939 24 21 sä
869 939 77 28 tydligt
961 939 41 21 och

177 966 61 26 klart,
253 970 33 18 att
302 967 70 21 dertill
387 968 48 21 icke
451 968 104 21 behöfver
577 972 66 24 nägot
662 969 105 27 tilläggas.
796 968 42 28 Jag
854 968 36 21 vill
906 968 96 21 deremot

176 995 56 21 fästa
249 996 216 28 uppmärksamheten
482 996 36 21 vid
534 1004 25 13 en
575 1005 70 13 annan
668 997 165 28 omständighet,
848 1004 45 13 som
909 996 92 22 Utskot-

176 1026 32 18 tet
224 1023 48 22 icke
289 1024 42 21 lika
347 1024 87 28 kraftigt
457 1025 92 25 betonat,
565 1025 107 28 nämligen
688 1025 41 22 den
746 1025 123 28 förderfliga
891 1025 110 26 inverkan,

176 1059 45 14 som
239 1052 72 29 dylika
327 1053 89 28 ingrepp
431 1053 75 22 utöfva
522 1054 27 28 pä
565 1054 26 21 de
606 1054 140 21 ekonomiska
762 1053 162 22 förhällandena
939 1054 6 20 i
956 1053 45 22 lan-

176 1080 43 22 det.
249 1081 40 21 Att
305 1081 69 21 denna
390 1081 126 29 förordning
530 1082 22 21 af
567 1083 41 20 den
624 1084 27 20 20
666 1083 45 21 Juli
728 1083 61 26 1904,
799 1082 87 21 oaktadt
900 1083 41 20 den
953 1083 48 20 icke

177 1109 58 22 trädt
249 1110 7 20 i
273 1110 168 28 verkställighet,
456 1111 65 21 likväl
537 1111 85 22 utöfvat
634 1119 25 14 en
676 1111 67 22 sådan
760 1111 85 28 skadlig
859 1111 109 26 inverkan,
978 1112 24 19 är

176 1138 35 27 jag
227 1139 5 20 i
250 1138 85 21 tillfälle
353 1142 31 17 att
400 1139 72 28 styrka
488 1139 47 22 med
551 1143 32 18 ett
598 1140 133 21 vittnesbörd
748 1140 47 21 från
812 1139 130 28 sakkunnigt
952 1139 49 21 håll.

177 1166 10 21 I
205 1166 247 29 lifförsäkringsbolaget
475 1168 84 21 Suomis
581 1168 150 22 årsberättelse
754 1169 90 20 omtalas
868 1168 26 27 på
912 1168 40 21 sid.
968 1169 33 25 25,

176 1195 117 21 huruledes
315 1195 67 22 under
405 1197 140 21 sistförflutna
567 1197 24 21 år
613 1198 79 20 antalet
717 1197 78 21 utlösta
813 1197 188 28 lifförsäkringar
988 1191 17 38 i

176 1223 93 22 Finland
293 1224 79 21 företer
388 1232 26 13 en
430 1226 123 27 proportion
571 1226 75 21 mellan
663 1226 26 21 de
705 1226 112 21 inhemska
833 1225 40 21 och
889 1225 113 21 utländska

176 1252 233 28 försäkringsbolagen,
424 1261 45 14 som
486 1256 24 19 är
524 1261 161 21 ogynsammare
701 1255 35 20 för
747 1254 26 21 de
784 1254 111 21 inhemska
906 1255 26 20 än
944 1254 57 21 hvad

177 1280 60 21 fallet
253 1288 40 14 var
308 1281 179 29 nästföregående
502 1282 29 26 år,
547 1283 40 21 och
603 1290 33 14 om
653 1283 91 21 orsaken
759 1283 32 21 till
807 1283 71 20 denna
888 1283 114 20 företeelse

177 1311 62 26 säges
256 1310 5 20 i
280 1310 140 21 berättelsen:
438 1311 91 21 »Härtill
540 1311 38 21 har
593 1314 51 18 utan
659 1311 79 22 tvifvel
754 1311 126 21 medverkat
894 1311 36 21 det
941 1312 6 20 i
958 1312 43 20 min

177 1341 86 17 senaste
279 1339 78 20 årsbok
380 1339 128 21 framhållna
530 1340 220 26 konkurrensmedlet,
777 1339 50 22 våra
843 1340 101 28 politiska
958 1339 45 21 för-

176 1365 116 22 hållanden
314 1366 40 22 och
376 1368 102 20 särskildt
492 1368 41 21 den
548 1368 87 21 förlidet
650 1368 24 21 år
689 1368 28 28 på
732 1368 161 28 dagordningen
909 1367 94 22 varande

176 1394 161 31 myntfrågan».
366 1395 97 27 Således,
479 1396 37 21 här
536 1397 78 21 uttalas
637 1397 48 21 från
709 1396 132 26 sakkunnigt
860 1396 49 25 håll,
924 1398 32 19 att
970 1403 33 14 re-

176 1427 42 17 dan
237 1426 44 19 den
297 1426 191 26 omständigheten,
500 1427 31 19 att
545 1425 61 28 fråga
628 1433 34 13 om
687 1426 91 28 ingrepp
793 1426 6 20 i
815 1424 104 22 Finlands
934 1426 70 26 mynt-

177 1452 96 21 väsende
295 1452 82 26 väckts,
392 1453 86 21 utöfvat
490 1456 30 18 ett
535 1454 24 20 så
574 1454 88 27 menligt
687 1453 122 29 inflytande,
824 1461 45 13 som
886 1453 38 21 här
938 1453 65 21 fram-

176 1479 73 22 hålles.
282 1481 62 21 Hvar
359 1481 40 21 och
415 1489 32 19 en,
463 1490 44 13 som
523 1482 49 28 följt
587 1482 47 22 med
651 1483 152 27 utvecklingen
819 1482 23 22 af
858 1482 37 22 vår
910 1481 92 29 lagstift-
