1061 1678
158 87 24 20 34
492 95 24 16 R.
530 99 17 12 o.
560 95 24 16 A.
598 95 60 16 1904.

210 198 121 32 Förslag
349 198 39 24 till
406 198 168 33 förordning
592 199 148 32 angäende
759 197 181 32 ätervinning

460 241 80 21 utom
561 239 131 24 konkurs.

226 305 53 22 Med
297 306 154 28 upphäfvande
470 307 23 20 af
508 307 27 20 29
552 307 11 26 8
579 308 5 19 i
601 307 154 27 förordaingen
779 313 33 14 om
836 307 112 20 införande
964 307 22 20 af

158 342 27 20 ny
201 335 172 27 utsökningslag,
389 335 23 20 af
427 335 40 21 den
484 336 12 20 3
514 335 114 21 december
652 336 59 24 1895,
729 335 76 21 varder
826 335 86 21 härmed
929 335 58 21 stad-

157 362 51 28 gadt
225 370 45 13 som
287 363 71 27 följer:

553 404 43 26 18.

226 442 48 21 Har
291 443 104 27 borgenär
418 443 35 21 vid
478 444 121 27 utmätning
616 444 5 20 i
637 443 142 28 gäldenärens
797 444 26 20 bo
840 444 47 21 icke
904 444 84 21 erhällit

157 471 40 21 full
219 471 112 28 betalning
355 471 33 21 för
411 473 32 20 sin
468 472 93 26 fordran,
577 471 41 22 och
640 472 38 21 har
701 472 129 28 gäldenären
850 472 89 21 afhändt
954 474 33 26 sig

159 499 105 28 egendom
289 500 52 21 eller
365 500 101 28 rättighet
478 508 76 20 genom
578 500 135 28 förfogande,
728 504 57 17 emot
800 501 83 21 hvilket
898 501 90 21 klander

158 528 67 28 enligt
240 529 28 20 49
285 529 52 20 eller
353 530 26 20 50
396 530 12 26 &
424 529 159 28 konkurslagen
604 529 72 21 kunde
693 529 88 25 utföras,
798 537 33 13 om
848 529 139 22 konkursför-

158 557 95 25 farande,
269 557 28 22 dä
323 559 146 26 utmätningen
495 557 110 28 begärdes,
621 559 5 20 i
643 558 72 21 stället
734 558 56 21 hade
805 558 85 26 inledts,
906 558 27 21 dä
948 565 39 21 ege

159 585 133 28 borgenären
316 586 47 21 föra
387 587 56 20 talan
468 589 31 18 att
520 586 41 21 den
582 587 104 27 egendom
704 587 51 20 eller
771 586 100 28 rättighet
887 587 33 20 mä
935 590 51 18 utan

158 614 76 21 hinder
249 614 24 21 af
288 615 142 21 afhändelsen
447 615 110 21 användas
573 615 32 21 till
620 615 107 28 gäldande
743 615 24 21 af
781 615 54 21 hans
851 615 93 22 fordran.

227 643 48 28 Lag
291 651 81 13 samma
387 651 56 19 vare,
459 643 84 22 ändock
560 644 192 27 verkställigheten
769 644 47 21 icke
833 644 104 27 slutförts,
954 644 34 21 sä-

159 671 63 21 framt
247 672 131 27 borgenären
396 673 57 20 visar
469 672 110 21 sannolika
595 672 47 21 skäl
658 676 30 16 att
705 672 39 21 full
761 672 110 28 betalning
886 672 33 21 för
934 673 52 21 hans

160 699 88 21 fordran
266 700 49 21 icke
331 708 76 19 genom
424 700 123 22 densamma
563 700 97 22 erhälles.

228 728 66 22 Hvad
313 730 5 19 i
335 730 33 26 51,
385 730 33 24 53,
433 730 34 24 54,
483 730 26 20 58
526 729 39 21 och
583 730 39 20 121
646 730 24 27 S&
694 729 22 21 af
738 729 123 29 åberopade
882 729 34 27 lag
938 731 48 26 sägs

159 764 38 20 ege
213 757 41 21 ock
271 758 6 20 i
294 765 28 13 nu
338 758 73 20 nämdt
428 758 37 20 fall
480 758 141 28 tillämpning.

549 822 47 26 28.

227 861 69 21 Talan
318 869 33 13 om
374 862 143 27 återvinning,
532 861 87 21 hvarom
636 862 5 20 i
659 863 9 20 1
686 862 12 28 $
714 861 103 28 stadgats,
833 862 53 20 skall
906 862 80 20 anhän-

158 892 100 26 giggöras
282 898 77 20 genom
384 891 113 27 stämning,
513 890 109 28 delgifven
646 891 65 20 innan
727 898 38 13 sex
782 890 101 21 mänader
897 890 89 21 förflutit

159 919 48 21 frän
224 919 37 21 det
279 920 236 26 utmätningsmannens
538 919 139 27 redovisning
693 919 79 27 afgafs,
789 918 35 21 vid
841 918 99 29 äfventyr
956 922 31 18 att

159 947 124 21 densamma
299 948 52 28 eljes
366 949 24 19 är
405 948 111 20 försutten.

228 1040 33 20 Ar
277 1039 135 28 förfogande,
427 1047 45 13 som
489 1041 5 19 i
511 1040 26 20 49
554 1040 12 27 &
583 1039 66 21 andra
667 1047 63 13 mom.
746 1039 51 21 eller
813 1040 26 20 50
855 1040 11 25 $
883 1039 104 20 konkurs-

160 1068 61 28 lagen
238 1068 144 23 omförmäles,
398 1067 22 22 af
434 1068 129 28 gäldenären
587 1068 97 28 vidtaget
699 1068 32 21 till
747 1075 82 13 annans
846 1067 88 26 förmän,
946 1067 41 21 och

161 1097 40 20 kan
218 1097 135 27 borgenären
369 1097 48 20 icke
433 1097 33 20 för
482 1097 32 20 sin
530 1097 88 20 fordran
636 1097 79 28 begära
737 1097 121 26 utmätning
873 1097 56 20 inom
946 1096 40 21 den

160 1125 30 21 tid
207 1125 56 21 efter
287 1125 145 28 förfogandet,
448 1125 87 21 hvilken
554 1127 23 19 är
593 1126 5 20 i
614 1125 78 21 nämda
708 1125 82 28 lagrum
806 1125 35 20 för
855 1125 73 27 hvarje
944 1126 44 19 sär-

159 1154 67 21 skildt
241 1153 39 22 fall
297 1157 72 21 utsatt,
386 1161 38 20 ege
448 1154 130 27 borgenären
594 1154 32 21 till
644 1153 121 22 bevarande
781 1154 22 20 af
818 1154 32 20 sin
867 1153 121 22 klanderta-

160 1183 34 20 lan
211 1182 39 21 hos
267 1182 168 21 öfverexekutor
445 1182 34 21 för
489 1182 52 21 hans
557 1183 84 20 hemort
656 1182 85 21 anmäla
756 1182 123 21 densamma
894 1182 40 21 och
946 1181 42 22 läta

160 1211 95 21 tillställa
268 1211 67 21 andra
352 1214 73 25 parten
442 1211 224 28 anmälningsskriften
683 1212 48 20 med
748 1211 178 21 öfverexekutors
936 1211 52 20 därä

161 1239 106 22 tecknade
285 1240 67 25 bevis,
368 1240 38 20 allt
421 1240 45 21 före
482 1239 106 29 utgängen
605 1240 23 20 af
644 1239 129 29 nyssnämda
795 1239 42 26 tid;
859 1247 50 13 vare
932 1239 56 21 dock

161 1268 85 28 skyldig
263 1271 32 18 att
310 1269 57 20 inom
383 1271 31 18 tre
431 1268 100 21 mänader
554 1269 55 20 efter
632 1269 66 20 sädan
715 1268 98 21 anmälan
829 1267 159 29 anhängiggöra

161 1297 40 21 och
217 1297 67 21 sedan
301 1300 51 18 utan
368 1297 82 21 afbroti
465 1297 91 28 fullfölja
571 1297 56 21 talan
644 1305 34 13 om
694 1298 34 20 sin
743 1297 100 20 fordrans
859 1296 129 21 utdömande

161 1329 54 17 samt
238 1326 58 20 inom
321 1325 47 28 fyra
391 1325 101 21 månader
515 1326 55 20 efter
592 1326 37 20 det
648 1326 42 20 den
707 1325 73 21 blifvit
795 1325 101 25 domfäst,
912 1325 76 28 begära

161 1354 128 28 utmätning,
307 1354 35 20 vid
359 1354 100 26 äfventyr
475 1357 29 17 att
520 1354 53 21 hans
589 1354 97 21 anmälan
704 1354 51 28 eljes
771 1356 24 18 är
810 1357 51 17 utan
875 1354 85 20 verkan.

551 1413 47 25 48.

230 1451 89 21 Inledes
336 1452 217 21 konkursförfarande
570 1452 47 20 med
634 1452 141 27 gäldenärens
792 1452 33 23 bo,
841 1458 50 14 vare
905 1450 83 22 enskild

163 1480 104 28 borgenär
285 1480 47 21 icke
352 1480 73 21 vidare
450 1480 91 28 befogad
558 1484 31 17 att
604 1480 92 28 fullfölja
713 1480 23 21 af
751 1480 77 21 honom
847 1480 63 21 väckt
925 1481 64 19 rätte-
