1061 1678
370 96 205 34 Finansrelationen.
849 98 40 21 595

65 173 42 21 den
130 173 68 20 finska
221 172 214 28 statsförvaltningen
458 172 85 29 yppade
567 173 37 28 sig.
635 173 40 20 Att
696 173 68 20 under
779 173 26 20 de
822 173 68 20 första

64 201 52 21 åren
139 202 58 20 vissa
219 201 130 28 ojemnheter
367 201 40 21 och
422 201 186 28 inkonseqvenser
623 201 144 27 förekommit,
784 202 58 20 visar
857 202 33 27 sig

65 229 36 22 vid
126 237 25 14 en
175 229 120 28 jemförelse
318 230 23 21 af
362 229 27 22 de
404 230 8 21 i
427 230 117 21 relationen
560 229 86 22 införda
662 229 112 22 boksluten
790 230 35 21 för
839 229 51 22 åren

65 259 63 26 1901,
144 259 54 21 1902
215 258 40 21 och
272 259 61 20 1903.
362 258 114 21 Bokslutet
492 259 34 20 för
542 259 54 21 1903
612 266 64 20 synes
692 258 96 21 deremot
801 259 91 20 kommit

65 287 32 21 till
120 287 51 21 fullt
193 287 80 21 normal
311 287 119 28 gestaltning.
462 287 165 21 Statsutskottet
648 287 44 27 har,
707 287 69 21 såsom
792 287 40 21 lätt
848 287 42 21 kan

66 316 63 26 inses,
146 315 131 22 beträffande
309 323 11 14 de
336 319 84 18 senaste
436 315 57 26 åren,
508 316 28 21 då
551 315 38 22 det
604 323 41 14 nya
660 315 232 28 bokföringssystemet

65 344 58 21 inom
146 344 130 21 statsverket
297 344 89 21 kommit
408 344 32 21 till
456 344 145 28 användning,
631 344 33 21 haft
678 344 156 28 jemförelsevis
850 344 41 21 lätt

65 375 32 19 att
120 372 71 22 kunna
213 372 118 28 framlägga
353 372 78 28 nödiga
446 373 138 27 jemförelser.
615 372 102 22 Deremot
733 372 65 22 hafva
813 373 76 27 jemfö-

65 401 96 21 relserna
182 401 89 21 emellan
292 402 26 20 de
334 401 90 28 tidigare
440 401 56 25 åren,
512 409 45 13 som
573 401 119 21 relationen
709 402 106 25 omfattar,
831 403 59 18 näm-

65 429 58 28 ligen
141 430 139 21 1898—1900
296 429 39 22 och
352 429 26 22 de
394 429 125 29 påföljande
534 430 57 25 åren,
607 430 56 21 varit
674 429 103 22 förenade
787 429 50 22 med
848 431 44 19 rätt

68 461 58 18 stora
149 458 122 28 omgångar,
295 458 28 21 då
345 458 36 21 det
402 459 46 26 gält
470 461 32 18 att
524 459 98 20 omställa
644 461 100 25 posterna
760 458 69 21 under
843 459 47 20 sina

44 501 3 2 +
67 486 71 22 skilda
161 487 58 21 titlar
240 487 34 21 för
289 489 32 19 att
335 487 23 20 få
372 487 40 21 full
428 487 155 28 motsvarighet
598 487 41 21 och
654 487 72 21 kunna
741 487 90 28 jemföra
846 489 45 19 sär-

67 515 70 21 skilda
153 515 98 28 utgifters
267 515 89 22 tillväxt.

137 544 164 21 Statsutskottet
321 546 61 26 säger
404 545 7 20 i
433 544 73 28 början
523 545 22 20 af
561 545 37 20 sitt
614 544 141 26 betänkande,
770 544 27 28 på
813 544 39 21 sid.
867 545 25 20 2:

69 572 48 22 »De
140 573 100 27 ovanliga
262 573 154 26 förhållanden,
438 580 45 14 som
500 574 55 20 varit
570 573 95 21 rådande
681 574 6 20 i
701 573 83 21 landets
799 573 92 21 admini-

67 602 98 25 stration,
180 601 65 21 hafva
260 601 122 22 återverkat
396 602 78 27 jemväl
490 601 28 28 på
530 601 225 28 statshushållningen,
767 601 123 29 isynnerhet

67 629 57 22 hvad
147 630 150 21 statsmedlens
313 631 139 27 användning
466 631 140 20 vidkommer.
635 630 114 22 Utskottet
764 630 38 21 har
817 630 75 21 derför

67 658 69 22 under
159 659 37 21 sitt
217 659 215 27 granskningsarbete
454 659 72 21 funnit
541 660 34 26 sig
591 659 51 21 böra
658 659 116 21 skärskåda
790 659 100 28 styrelse-

67 686 100 28 åtgärder
189 687 65 22 äfven
271 695 24 13 ur
317 687 65 21 andra
401 689 26 19 än
444 687 117 22 finansiella
576 688 150 28 synpunkter.>
759 687 43 21 Det
817 690 73 25 syntes

67 716 134 28 nödvändigt
223 718 30 19 att
274 716 77 21 betona
370 716 70 21 denna
456 716 164 28 omständighet,
636 717 88 20 emedan
740 716 90 28 mången
847 716 43 20 må-

67 744 72 22 hända
161 745 51 27 eljes
235 744 69 22 skulle
327 744 65 22 hafva
414 744 73 22 funnit
502 745 117 21 innehållet
634 745 23 21 af
672 744 105 22 särskilda
792 744 100 21 anmärk-

67 774 76 27 ningar
166 773 39 21 och
221 773 183 28 ändringsförslag
420 774 5 20 i
441 773 148 21 betänkandet
607 774 47 21 icke
671 781 38 20 ega
725 781 26 13 en
767 773 124 27 tillräckligt

67 801 97 21 finansiel
187 804 62 19 natur
264 802 35 21 för
313 805 32 18 att
359 803 6 20 i
381 802 70 21 denna
467 802 159 28 framställning
640 802 56 28 ingå.
724 802 12 21 I
753 802 77 28 sjelfva
844 809 47 13 ver-

68 830 37 21 ket
127 832 24 19 är
173 830 37 21 det
232 830 66 27 fallet,
319 834 32 18 att
372 838 26 14 en
420 838 28 20 ny
464 831 121 27 statsutgift
600 831 52 21 eller
667 831 102 28 höjandet
783 830 23 21 af
821 830 70 28 gamla

67 859 145 27 statsutgifter
234 859 48 21 icke
305 860 41 20 kan
371 859 32 21 till
424 860 33 20 sin
481 860 102 28 riktighet
606 859 100 21 bedömas
722 860 76 20 endast
813 866 77 21 genom

67 887 198 27 sifferjemförelser,
287 891 51 18 utan
359 896 48 13 man
423 888 67 21 mäste
507 888 64 21 äfven
585 888 116 22 skärskäda
715 889 36 20 för
765 888 74 21 hvilka
854 889 37 19 än-

67 916 72 21 damäl
162 916 117 28 utgifterna
301 920 97 24 stegrats.
429 916 44 22 Det
495 918 24 19 är
534 917 73 21 derför
624 916 111 22 Utskottet
751 924 34 19 nu,
801 916 66 22 ehuru
884 917 5 20 i

68 946 79 20 största
170 945 91 26 korthet,
277 945 90 28 nödgats
382 947 52 26 göra
450 953 25 13 en
492 953 52 21 revy
560 946 62 21 öfver
637 945 198 28 utgiftsstegringen
852 952 38 14 uu-

67 973 40 21 der
121 975 58 20 vissa
194 973 143 22 hufvudtitlar
351 974 40 22 och
406 974 87 21 dermed
510 974 49 21 sökt
574 974 118 28 framlägga
707 975 5 20 i
724 974 73 21 hvilka
807 974 84 20 afseen-

67 1002 43 21 den
126 1002 172 28 missriktningar
312 1002 142 26 förekommit,
470 1002 70 21 såsom
556 1006 15 17 t.
586 1010 32 13 ex.
634 1003 41 20 den
691 1003 103 27 ofantliga
804 1002 87 27 utvidg-

68 1031 79 27 ningen
163 1031 23 20 af
200 1031 304 28 generalguvernörskansliet,
520 1031 87 21 hvilken
623 1031 47 22 icke
686 1031 44 21 står
745 1032 6 20 i
767 1031 66 27 något
847 1030 45 21 för-

68 1059 101 22 hållande
191 1059 32 21 till
246 1059 27 21 de
296 1059 115 29 uppgifter,
432 1060 73 21 hvilka
521 1060 113 27 rimligtvis
650 1059 65 22 borde
731 1059 85 21 tillhöra
832 1058 59 22 detta

67 1088 142 21 embetsverk.
240 1088 47 21 Den
311 1088 72 21 derom
399 1088 115 21 utfärdade
530 1089 155 27 författningen
704 1089 83 27 tycktes
800 1087 47 22 afse
860 1091 32 17 att

67 1116 123 29 öfverflytta
213 1117 32 21 till
267 1117 300 28 generalguvernörskansliet
589 1125 26 13 en
634 1117 80 28 speciel
730 1117 161 27 handläggning

67 1145 24 21 af
113 1145 92 22 ärenden
228 1145 95 22 hörande
341 1146 33 21 till
399 1146 41 21 alla
455 1145 229 28 förvaltningsgrenar,
700 1145 66 22 ehuru
781 1153 27 13 en
823 1144 66 22 sådan

67 1173 89 22 alldeles
179 1174 48 21 icke
251 1181 39 14 var
312 1174 128 28 nödvändig.
471 1174 49 21 Den
542 1175 85 26 vittnar,
642 1175 65 20 äfven
723 1174 70 21 denna
809 1173 83 28 åtgärd,

67 1205 32 18 att
122 1210 25 13 en
171 1203 66 28 afsigt
258 1203 83 27 förelåg
364 1203 39 21 hos
426 1203 122 21 dåvarande
571 1203 219 28 generalguvernören
807 1205 32 18 att
854 1202 38 21 allt

67 1238 58 14 mera
145 1231 92 28 gestalta
261 1232 37 21 sitt
313 1232 83 21 embete
411 1231 33 21 till
460 1235 31 17 ett
506 1232 84 21 embete
609 1231 89 22 stående
713 1231 62 21 öfver
791 1231 100 26 Senaten,

67 1259 66 22 ehuru
148 1260 222 28 generalguvernören
386 1260 68 28 enligt
469 1260 35 28 lag
520 1261 54 20 skall
590 1261 154 20 samverka
760 1259 48 22 med
824 1259 68 21 Sena-

66 1291 37 18 ten
126 1288 70 22 såsom
219 1289 50 21 dess
292 1288 135 22 ordförande.
456 1289 43 28 Jag
522 1289 37 21 vill
582 1289 38 21 här
643 1289 47 21 icke
709 1289 49 27 ingå
774 1288 27 29 på
817 1288 74 21 vidare

67 1317 170 27 kommentarier,
259 1325 48 14 men
332 1318 38 21 ber
391 1321 31 17 att
445 1317 23 21 få
492 1318 117 27 muntligen
628 1318 69 21 lemna
713 1325 25 14 en
754 1317 136 28 upplysning,

66 1353 46 13 som
129 1345 40 21 kan
186 1353 51 13 vara
253 1346 23 20 af
291 1346 95 27 intresse,
403 1346 107 28 nämligen
527 1350 30 16 att
573 1354 33 13 om
622 1346 80 21 sådana
711 1344 181 28 reformåtgärder

67 1374 48 21 med
132 1374 85 28 hänsigt
232 1374 32 21 till
279 1374 105 22 särskilda
408 1374 137 22 embetsverk
561 1374 105 28 vidtagas,
682 1382 45 14 som
743 1376 36 19 äro
795 1373 97 28 antydda

66 1403 31 21 uti
113 1403 130 21 klämmarna
259 1403 46 21 från
323 1403 40 21 och
380 1404 46 20 med
443 1403 39 21 sid.
498 1404 28 20 45
542 1404 33 20 till
590 1403 39 21 sid.
644 1404 34 25 48,
694 1403 23 21 så
733 1403 60 21 skola
802 1404 43 19 rätt
856 1402 36 20 be-

66 1431 95 28 tydande
177 1432 139 28 besparingar
331 1433 6 19 i
353 1432 27 21 de
396 1432 106 20 ordinarie
520 1432 171 28 statsutgifterna
707 1432 68 20 ernäs.
798 1431 43 21 Det
849 1430 43 21 till-

66 1459 67 22 hörde
149 1460 136 28 naturligtvis
294 1460 166 22 Statsutskottet
476 1463 31 18 att
527 1460 149 21 sammanfatta
692 1461 31 20 sin
740 1460 65 21 kritik
821 1459 23 21 af
859 1458 33 21 ät-

65 1488 106 28 gärderna
194 1488 28 30 pä
237 1488 76 22 sädant
329 1491 48 23 sätt,
392 1492 32 18 att
439 1489 58 21 detta
513 1490 117 20 finansiella
646 1488 99 22 ändamäl
761 1488 130 27 tillbörligen
