1061 1678
171 103 27 21 26
499 110 24 16 R.
536 114 17 12 o.
567 110 25 16 A.
604 110 60 16 1904.

548 179 36 9 101
601 177 10 11 Ce

240 217 68 22 Hvad
322 219 8 20 i
345 217 69 22 denna
428 218 42 27 lag,
484 217 50 22 med
549 217 108 28 undantag
671 218 23 21 af
709 218 26 21 85
753 218 12 27 &
781 217 65 22 andra
861 224 67 19 mom.,
943 217 27 20 86
986 216 11 28 $

171 246 66 21 andra
253 253 68 20 mom.,
338 247 39 21 102
393 246 41 22 och
450 247 39 21 107
506 247 25 27 S&
547 247 86 27 stadgas
648 254 35 13 om
698 245 202 28 borgenärsutskott,
915 252 34 14 om
964 247 33 19 ut-

171 275 92 21 skottets
278 275 127 22 ordförande
421 275 51 21 eller
486 283 34 13 om
536 275 90 21 medlem
642 276 7 20 i
664 275 110 30 utskottet,
790 274 71 28 gäller,
871 274 39 21 där
922 273 76 22 sädant

171 303 82 22 utskott
269 304 18 28 ej
304 303 74 28 finnes,
393 303 185 22 ombudsmannen.

498 464 12 20 8
533 463 146 28 kapitlet.

364 538 36 23 Om
416 537 103 28 utdelning
535 537 40 22 och
591 537 69 28 slutiig
676 537 138 28 redovisning.

553 601 40 20 102
610 601 18 27 8.

241 641 89 22 Säsnart
351 641 126 27 tillräckligt
498 641 51 21 reda
573 641 116 28 penningar
711 641 81 21 influtit
813 640 40 22 och
869 641 12 20 å
896 640 103 21 förmäns-

172 669 125 27 rättegande
313 669 119 27 fordringar
447 669 98 27 utgifvits
560 669 57 21 hvad
625 677 25 13 ur
658 669 39 21 den
709 670 8 20 i
728 670 117 27 penningar
859 669 140 21 förvandlade

172 698 132 27 egendomen
326 698 108 21 desamma
456 698 129 26 tillkommit,
606 698 53 21 skall
682 697 109 27 utdelning
813 698 47 26 ske;
882 697 40 21 och
945 704 53 22 upp-

171 728 55 20 rätte
241 726 159 28 sysslomannen
416 726 66 27 enligt
496 726 40 21 den
552 727 7 20 i
575 726 26 21 65
618 727 12 27 $
646 726 139 21 omförmälda
807 726 64 27 längd
886 726 34 20 för
935 726 64 21 ända-

172 754 64 22 målet
262 754 186 28 utdelningslängd
470 755 39 21 och
534 755 109 27 förelägge
667 755 41 21 den
733 754 219 28 hborgenärsutskottet
966 754 33 21 till

173 783 160 28 godkännande.

222 811 53 22 "Är
290 812 85 22 fordran
391 812 84 21 sentida
489 812 90 26 anmäld,
594 819 48 14 men
658 812 36 22 vid
709 820 82 20 upprop
807 812 65 21 redan
888 811 112 28 granskad,

173 841 64 21 varde
253 841 79 28 jämväl
347 840 41 22 den
403 842 7 19 i
426 840 212 28 utdelningslängden
653 844 114 25 upptagen.

239 869 121 27 Utdelning
375 869 79 29 utlyses
470 870 7 20 i
492 869 40 21 den
548 870 7 20 i
571 870 27 20 90
614 870 12 27 8
642 844 102 57 stadgade
760 869 95 27 ordning.

558 939 40 20 103
614 938 18 27 &.

240 984 68 21 Beror
323 983 85 22 fordran
424 984 22 21 af
461 984 100 21 framtida
576 984 68 21 vilkor
659 984 51 21 eller
725 984 28 28 på
767 984 116 27 rättegång,
894 991 43 13 som
953 984 7 20 i
973 984 27 20 34

173 1013 13 26 $
201 1012 68 21 andra
284 1012 51 21 eller
349 1012 68 28 tredje
432 1019 62 14 mom.
509 1014 74 25 nämts,
593 1013 54 20 skall
662 1012 112 27 utdelning
793 1012 103 21 beräknas
914 1012 34 21 för
958 1011 42 21 for-

173 1041 89 27 dringen
279 1048 47 19 men
341 1041 37 21 det
393 1041 116 21 utfallande
524 1041 101 28 beloppet
639 1041 90 23 afsättas
744 1041 40 22 och
799 1042 6 19 i
821 1040 56 22 bank
892 1041 94 20 insättas.

239 1069 141 22 Tillkommer
400 1068 86 23 fordran
503 1069 49 22 med
566 1072 43 19 rätt
623 1070 33 21 till
671 1069 109 28 betalning
794 1077 24 13 ur
832 1070 43 21 viss
898 1068 102 28 egendom

173 1098 66 27 enligt
255 1099 27 20 37
299 1099 12 26 &
326 1097 110 28 utdelning
461 1098 33 21 för
509 1098 56 21 hvad
580 1099 8 20 i
602 1098 66 22 sådan
690 1098 108 27 betalning
818 1098 82 27 brister,
923 1097 39 22 och
978 1099 23 19 är

173 1127 66 49 aan
255 1127 102 27 egendom
381 1129 55 18 ännu
457 1127 48 21 icke
520 1126 52 27 säld,
587 1135 49 14 vare
656 1127 36 28 lag
706 1135 91 18 samma;
811 1126 57 22 dock
882 1126 41 27 mä,
937 1127 62 20 innan

173 1155 112 28 utdelning
309 1155 109 27 beräknas,
434 1155 23 21 sä
473 1158 53 19 stort
541 1155 77 30 belopp
641 1156 106 27 afdragas,
765 1163 43 14 som
832 1155 48 21 med
902 1154 98 22 säkerhet

174 1184 40 21 kan
231 1187 89 24 antagas
335 1191 25 14 ur
372 1183 129 28 egendomen
517 1183 55 28 utgä.

554 1248 40 20 104
610 1247 16 28 8.

241 1293 121 27 Utdelning
384 1293 54 21 skall
452 1293 40 21 ock
508 1292 103 22 beräknas
626 1293 40 21 och
682 1293 117 27 afsättning
815 1293 36 20 ske
867 1292 34 21 för
916 1292 86 27 stridigt

174 1321 117 27 fordrings-
307 1321 51 22 eller
373 1321 243 28 förmänsrättsanspräk,
627 1321 89 22 säframt
731 1323 55 19 ännu
800 1321 48 21 icke
858 1323 32 19 tre
901 1321 101 21 mänader

174 1349 44 21 frän
235 1350 70 27 dagen
321 1350 33 20 för
377 1350 49 21 dess
442 1350 127 27 granskning
584 1349 98 27 förflutit,
698 1349 27 22 dä
740 1349 212 27 utdelningslängden
968 1348 32 22 af-

172 1378 72 26 slutas,
267 1378 52 22 eller
340 1378 39 22 ock
405 1378 114 29 anspräket
546 1378 64 21 redan
636 1378 66 28 enligt
725 1380 25 20 71
769 1379 12 27 &
799 1378 89 21 anmälts
903 1378 33 21 till
952 1378 48 20 full-

173 1406 96 29 följande
285 1407 39 21 och
335 1407 132 21 fortfarande
482 1406 107 22 fullfölies.
890 1426 2 4 .

240 1435 12 21 I
269 1435 113 21 sistnämdt
404 1436 38 21 fall
456 1435 81 27 äligger
551 1424 66 32 likväl
640 1436 136 27 borgenären,
791 1434 38 22 där
843 1436 157 27 sysslomannen

173 1464 48 21 icke
236 1464 51 28 själf
302 1466 23 19 är
339 1467 55 25 part,
408 1468 32 18 att
462 1464 37 20 hos
515 1464 75 21 honom
613 1464 83 21 anmäla
717 1471 34 13 om
770 1464 45 26 och,
831 1464 36 21 vid
882 1463 121 25 anfordran,

173 1492 73 28 styrka
263 1492 149 28 fullföljandet.
