1061 1678
363 83 209 34 Finansrelationen.
849 86 40 21 623

63 159 41 22 och
127 161 36 27 jag
182 159 38 22 har
237 160 55 27 tagit
307 161 44 26 mig
366 159 91 22 friheten
474 163 36 24 att,
527 163 50 18 utan
593 159 65 28 något
673 159 102 29 yrkande,
791 160 97 28 pointera

63 188 125 22 Utskottets
210 188 109 21 uttalande
338 188 133 26 härutinnan,
487 189 6 20 i
510 188 37 21 det
562 188 58 28 hopp
635 191 32 18 att
682 188 40 21 den
741 188 78 21 vackra
834 196 54 20 upp-

62 217 48 27 gift,
131 225 45 13 som
198 217 103 28 styrelsen
317 216 28 27 på
360 217 59 20 detta
434 217 88 21 område
537 217 39 21 har
591 218 33 27 sig
639 217 104 28 förelagd,
759 217 47 21 icke
822 217 66 21 måtte

63 245 68 22 blifva
147 245 115 22 förbisedd.
292 245 103 28 (Brarop.)

131 303 35 21 Hr
187 303 24 21 L.
235 303 169 21 Mechelin:
435 303 43 27 Jag
497 303 38 20 har
547 302 75 28 begärt
638 302 61 21 ordet
715 302 75 21 endast
805 303 35 20 för
855 305 32 19 att

63 332 76 21 beröra
157 339 25 13 en
203 331 163 27 omständighet,
386 338 46 14 som
448 331 111 21 framhölls
575 331 23 21 af
613 331 35 21 Hr
663 331 100 21 Gadolin.
794 331 43 21 Det
852 338 35 21 sy-

62 368 38 14 nes
124 361 49 27 mig,
196 363 31 18 att
246 360 28 20 dä
289 359 114 22 Utskottet
418 359 87 21 insändt
521 359 138 21 rättelseblad
675 363 31 17 att
721 360 90 20 insättas
826 360 8 20 i
850 360 36 20 be-

61 388 119 21 tänkandet
202 389 6 20 i
231 388 72 21 stället
325 388 34 21 för
378 388 36 21 det
432 388 56 21 först
503 388 90 28 tryckta,
608 388 24 21 sä
648 390 23 19 är
686 388 37 21 det
738 388 76 21 endast
829 388 57 21 hvad

62 417 28 28 pä
113 417 58 21 detta
194 416 137 21 rättelseblad
355 416 43 21 stär
421 419 32 18 att
475 417 62 26 läsas,
561 424 46 13 som
626 417 28 27 pä
672 416 37 21 det
724 416 163 28 ifrägavarande

62 446 71 21 stället
155 445 38 21 har
214 445 81 21 vitsord
319 445 40 21 och
381 445 38 21 bör
438 445 85 21 komma
538 446 7 20 i
560 445 147 21 betraktande.
738 445 93 28 Misstag
846 444 41 22 och

62 474 151 21 förbiseenden
230 475 36 20 äro
283 481 27 14 nu
326 475 72 26 tyvärr
414 473 60 22 alltid
491 474 92 27 möjliga,
598 473 41 22 och
655 481 33 14 om
705 473 90 22 rörande
806 481 25 14 en
843 481 45 13 om-

63 503 123 27 ständighet
208 505 31 18 ett
262 503 87 27 misstag
372 502 82 21 kunnat
470 502 65 27 begås
552 503 6 20 i
575 505 29 18 ett
620 502 24 21 sä
660 502 132 21 omfattande
808 502 80 25 arbete,

62 539 46 13 som
132 531 37 21 det
191 531 38 21 här
251 531 153 28 föreliggande,
428 531 24 21 sä
471 539 64 20 synes
551 531 59 21 detta
626 531 88 27 misstag
730 531 47 21 icke
793 531 52 21 böra
860 530 26 21 ha

62 560 75 21 vidare
161 559 110 29 påföljder,
296 559 28 21 dä
338 559 86 22 rättelse
442 559 73 22 blifvit
529 560 67 27 gjord.
626 559 42 28 Jag
684 560 36 20 ber
735 562 32 18 att
781 559 68 21 tillika
865 559 23 21 få

63 589 97 28 upplysa,
184 591 31 18 att
238 588 52 21 felet
313 587 76 27 dertill,
411 592 31 17 att
457 588 27 21 de
501 589 67 20 första
584 589 6 20 i
606 590 72 19 ämnet
694 588 124 27 begagnade
833 595 55 20 upp-

61 617 94 28 gifterna
179 624 50 14 voro
253 617 157 28 ofullständiga,
432 617 68 28 ligger
523 617 95 21 hvarken
642 617 26 28 på
690 623 39 15 ena
752 617 51 20 eller
821 616 66 21 andra

62 646 68 21 sidan.
161 646 33 21 En
218 645 132 28 tillfällighet
371 645 55 22 hade
449 645 83 26 verkat,
547 648 31 18 att
594 645 65 28 några
676 645 22 21 af
713 645 26 21 de
755 645 133 28 handlingar,

63 681 45 14 som
132 681 52 14 voro
207 674 88 21 afsedda
320 674 33 20 för
376 674 118 26 Utskottet,
518 674 17 28 ej
560 674 5 20 i
585 676 69 18 rättan
670 674 30 21 tid
717 674 88 21 kommit
820 673 68 21 under

65 702 156 28 granskarenes
244 704 61 26 ögon,
329 702 65 21 ehuru
418 702 37 21 det
474 704 24 19 är
514 702 59 21 svårt
588 706 31 17 att
634 704 81 24 utröna,
732 702 81 28 hvarpå
829 702 58 21 detta

62 731 76 21 berott.
168 731 113 22 Utskottet
303 731 38 21 har
363 732 5 20 i
392 731 78 28 sjelfva
494 731 75 21 verket
592 731 42 21 fått
654 732 52 20 röna
724 731 37 21 allt
776 730 112 21 tillmötes-

63 760 83 28 gående
162 760 46 21 från
225 760 26 20 de
267 759 159 29 myndigheters
442 760 54 25 sida,
512 760 72 21 hvilka
600 761 95 20 närmast
709 760 47 20 haft
771 762 32 18 att
818 759 69 21 lemna

62 789 160 28 upplysningar,
247 788 40 21 och
311 788 47 21 med
382 788 48 21 skäl
451 788 39 21 har
513 788 66 21 också
601 789 6 20 i
631 788 123 22 Utskottets
773 788 114 21 skrifvelse

61 817 135 25 framhällits,
211 820 32 18 att
257 816 161 28 fullständigare
434 817 111 28 uppgifter
560 816 78 22 efteråt
650 816 93 22 erhållits
751 824 78 20 genom
840 824 47 20 per-

63 846 82 27 sonliga
169 845 160 21 meddelanden.
358 845 42 28 Jag
422 846 98 20 anhäller
542 845 56 28 förty
614 848 31 18 att
661 845 101 21 Ständets
778 845 63 21 ärade
857 845 31 21 le-

63 874 96 21 damöter
182 875 65 20 mätte
270 874 97 21 betrakta
390 874 26 21 de
441 874 56 21 först
520 874 84 28 tryckta
622 874 38 21 tvä
676 874 76 21 bladen
768 874 48 20 med
832 873 55 21 sidd.

63 904 85 20 65—68
163 903 69 21 säsom
249 902 136 22 annullerade
400 902 41 22 och
457 902 57 22 hälla
529 904 33 26 sig
577 902 77 22 endast
669 903 32 20 till
716 902 27 21 de
753 910 81 13 senare.
845 901 43 28 Jag

61 931 56 21 hade
141 932 23 20 sä
185 932 85 28 mycket
292 938 57 14 mera
372 931 45 21 skäl
441 934 32 18 att
496 931 111 21 framhälla
626 931 64 27 detta,
709 938 45 14 som
771 938 25 14 en
813 938 73 14 senare

63 960 50 21 ärad
130 960 66 21 talare
211 960 59 21 stödt
285 960 33 28 sig
333 960 28 28 pä
371 960 111 28 uppgifter
492 960 29 28 pä
531 960 62 22 dessa
604 960 83 24 ställen,
698 967 44 14 som
755 959 72 21 blifvit
839 959 48 21 kor-

64 988 104 28 rigerade,
190 990 7 19 i
213 988 36 21 det
267 988 41 21 han
324 988 106 27 nämligen
447 988 71 21 talade
534 996 34 13 om
584 989 66 26 gratis
666 988 113 21 afstäende
794 988 23 20 af
833 988 55 20 mili-

64 1019 71 19 tärens
160 1017 109 28 egendom.
299 1017 53 20 Man
375 1017 67 20 mäste
465 1018 23 27 ju
511 1024 51 14 anse
577 1017 65 20 äfven
659 1017 41 20 den
715 1016 112 28 egendom,
842 1023 45 14 som

62 1047 58 19 ännu
141 1046 47 21 icke
204 1047 23 19 är
243 1045 78 26 betald,
337 1053 51 14 vara
403 1045 122 22 öfverläten
541 1048 43 18 mot
599 1046 124 27 ersättning,
739 1045 28 20 dä
782 1047 104 24 mottaga-

61 1082 37 13 ren
122 1074 39 21 har
183 1075 74 20 erkänt
280 1075 33 27 sig
331 1081 51 14 vara
397 1073 87 29 skyldig
500 1077 31 18 att
546 1073 117 22 äterbetala
680 1074 105 28 beloppet.
801 1086 28 3 —
843 1073 45 21 För

61 1103 67 27 öfrigt
144 1103 37 20 har
195 1103 35 28 jag
245 1103 24 21 sä
285 1103 85 28 mycket
385 1103 83 20 mindre
484 1103 47 20 skäl
547 1105 31 18 att
593 1102 47 22 med
654 1102 72 21 vidare
737 1102 151 27 utläggningar

62 1131 115 28 uppehälla
199 1131 101 22 Ständets
323 1131 37 26 tid,
382 1139 45 13 som
449 1131 43 21 alla
515 1131 66 21 talare
596 1131 48 21 med
660 1131 87 28 välvilja
762 1131 76 20 uttalat
853 1131 33 26 sig

62 1167 35 14 om
113 1159 37 22 det
165 1160 146 28 föreliggande
327 1160 87 21 arbetet.

130 1217 58 21 Frih.
203 1217 25 21 R.
245 1218 25 20 A.
323 1217 85 21 Wrede:
432 1217 103 21 Likasom
557 1217 50 21 flere
627 1216 130 29 föregående
773 1215 63 22 ärade
852 1219 31 18 ta-

62 1245 43 22 lare
130 1245 39 22 ber
191 1246 64 21 äfven
278 1247 35 27 jag
333 1245 68 22 att.fä
415 1245 69 22 uttala
499 1247 48 19 mitt
562 1246 121 27 synnerliga
699 1245 136 22 erkännande
851 1245 33 20 för

61 1274 37 21 det
121 1273 165 29 betydelsefulla
301 1274 79 26 arbete,
396 1281 44 14 som
457 1274 167 21 Statsutskottet
638 1277 105 26 presterat
757 1281 78 20 genom
851 1273 32 20 fö-

61 1303 124 28 religgande
201 1303 140 21 betänkande.
361 1303 133 27 Betydelsen
510 1303 23 21 af
548 1303 59 21 detta
621 1302 135 22 betänkande
771 1304 28 25 är,
815 1301 69 22 säsom

62 1331 67 21 ocksä
144 1332 65 20 redan
225 1332 93 28 antydts,
335 1331 111 28 tväfaldig.
477 1331 46 21 Det
543 1331 81 28 äligger
639 1331 164 21 Statsutskottet
818 1330 66 27 enligt

62 1361 27 20 27
105 1360 42 21 och
163 1361 26 21 36
205 1360 26 28 88
248 1361 5 19 i
269 1360 24 21 L.
309 1360 28 21 O.
353 1360 64 21 bland
432 1363 67 17 annat
515 1362 30 19 att
561 1360 27 28 pä
602 1360 69 28 grund
687 1360 59 20 såväl
762 1359 23 21 af
799 1359 42 21 den
852 1365 32 14 re-

61 1388 67 22 lation
149 1388 111 28 angäende
279 1388 139 22 statsverkets
435 1388 104 26 tillständ,
555 1396 45 13 som
617 1388 37 21 bör
670 1388 32 21 till
717 1387 119 22 Ständerna
851 1386 33 21 af-

61 1417 71 27 gifvas
156 1417 35 21 vid
215 1417 72 28 hvarje
310 1417 108 27 landtdag,
439 1424 46 14 som
502 1417 66 21 ocksä
583 1417 27 28 pä
625 1416 69 28 grund
706 1416 23 22 af
744 1415 140 22 statsverkets

61 1446 152 28 räkenskaper,
228 1446 73 21 hvilka
317 1446 50 20 böra
378 1446 73 20 ställas
462 1446 33 20 till
506 1445 124 22 Utskottets
641 1444 135 29 förfogande,
786 1444 100 28 granska,

63 1474 115 22 huruledes
201 1474 26 21 de
251 1474 35 22 vid
308 1477 85 18 senaste
414 1474 106 28 landtdag
534 1474 35 21 för
584 1474 104 21 särskilda
704 1473 97 21 ändamål
818 1472 66 22 bevil-
