1061 1678
409 94 131 31 Skolfrågan.
851 95 42 20 555

66 169 22 20 af
105 169 64 20 deuti
186 169 163 27 ifrågavarande
365 169 183 27 petitionsförslag
565 169 89 20 berörda
670 168 78 27 frågor,
760 168 72 21 hvilka
843 168 47 20 med

66 197 102 21 afseende
184 197 12 21 å
211 199 32 19 sin
257 197 97 28 rättsliga
366 197 51 21 eller
429 197 100 28 politiska
543 197 104 21 innebörd
660 197 89 27 ansåges
761 196 85 28 påkalla
858 199 33 18 ut-

66 226 91 27 redning
179 226 64 21 äfven
267 226 22 20 af
312 225 131 22 sistnämnda
467 226 103 21 utskott>
607 225 50 22 Och
676 227 6 19 i
699 225 64 21 slutet
779 225 22 20 af
817 225 74 20 betän-

67 254 80 21 kandet
163 255 27 28 på
205 254 39 21 sid.
262 255 39 20 121
326 256 61 26 säges
404 254 42 26 det,
461 257 32 18 att
511 254 110 22 Utskottet
637 254 23 21 af
675 254 86 21 Preste-
777 253 40 22 och
833 253 58 21 Bon-

66 283 118 21 destånden
205 283 90 21 anhållit
309 286 32 17 att
355 283 23 20 få
394 283 93 20 inhemta
504 283 109 21 Särskilda
629 283 212 20 Besvärsutskottets
857 285 33 18 ut-

67 311 86 21 låtande
176 311 64 21 äfven
264 311 47 21 med
334 311 116 27 anledning
466 311 22 21 af
503 311 27 21 de
546 311 47 21 från
610 311 93 21 nämnda
718 311 61 20 stånd
797 311 31 20 till
845 311 45 20 All-

67 342 76 18 männa
159 340 211 20 Petitionsutskottet
385 340 137 20 remitterade
537 339 218 29 petitionsmemorial,
770 339 73 21 hvilka
855 339 36 21 be-

65 368 89 22 handlas
184 370 5 19 i
211 376 79 13 samma
317 368 141 26 betänkande,
480 368 109 21 hvarefter
615 368 32 20 till
672 369 39 20 sist
726 368 47 27 (sid.
790 368 47 25 122)
853 375 38 13 an-

67 397 65 20 mäles
148 400 30 17 att
193 397 115 20 Allmänna
323 397 218 26 Petitionsutskottet,
559 397 68 20 »efter
642 400 31 17 att
682 396 33 21 för
723 397 32 20 sin
761 396 33 21 del
803 396 27 20 ha
838 396 52 20 slut-

66 425 115 21 behandlat
196 425 95 25 ärendet,
306 425 100 21 anmodat
421 425 110 21 Särskilda
546 425 200 21 Besvärsutskottet
762 428 31 17 att
808 424 82 28 afgifva

67 453 164 28 ifrägavarande
246 453 117 26 utlätande,
379 453 83 21 hvilket
477 454 96 20 kommer
584 457 31 17 att
626 455 5 19 i
644 453 101 22 särskildt
755 452 136 22 betänkande

65 483 23 20 af
110 482 116 21 sistnämda
250 482 83 21 utskott
352 482 107 27 delgifvas
483 482 111 21 stånden».
632 482 36 21 Då
690 481 118 22 emellertid
831 481 59 22 detta

66 511 110 21 Särskilda
191 511 210 21 Besvärsutskottets
418 511 111 20 utlåtande
549 511 48 21 icke
614 511 95 20 kommer
724 513 31 18 att
771 510 71 21 kunna
858 513 33 18 ut-

66 539 57 21 delas
146 539 44 21 förr
213 541 25 19 än
263 539 35 21 vid
322 540 114 27 fredagens
458 540 91 28 plenum,
575 539 34 21 för
624 542 32 18 att
672 539 28 21 då
715 539 128 27 bordläggas
859 539 30 20 till

65 568 67 21 första
155 568 155 21 sammanträde
333 569 6 20 i
362 569 61 20 nästa
448 569 74 25 vecka,
548 567 40 22 och
614 568 36 21 det
671 575 50 14 vore
745 567 22 21 af
782 567 109 28 synnerlig

65 597 46 27 vigt
127 600 30 17 att
174 597 113 20 Allmänna
302 597 223 21 Petitionsutskottets
541 597 40 20 och
593 596 110 21 Särskilda
714 595 176 22 Besvärsutskot-

65 628 43 18 tets
125 625 164 21 betänkanden
279 620 14 37 i
306 625 140 21 förevarande
466 625 61 28 fråga
543 625 68 21 skulle
628 625 103 28 föreligga
747 625 32 20 till
796 624 94 21 behand-

65 654 44 27 ling
131 654 37 20 vid
190 661 80 13 samma
295 654 93 28 plenum,
405 658 60 23 tager
479 655 36 27 jag
531 655 42 26 mig
589 653 92 21 friheten
697 653 85 25 föreslå,
798 656 30 17 att
845 653 45 20 All-

65 684 77 18 männa
157 682 223 21 Petitionsutskottets
397 682 135 21 betänkande
548 682 68 21 skulle
632 682 128 27 bordläggas
775 681 32 21 till
823 681 67 21 första

67 710 86 28 plenum
170 712 6 19 i
192 712 61 20 nästa
269 711 74 21 vecka.

134 767 33 21 Hr
190 768 24 20 L.
236 768 168 21 Mechelin:
444 768 34 20 Då
502 768 110 21 Särskilda
628 767 209 21 Besvärsutskottets
855 767 35 21 be-

65 796 108 21 tänkande
188 797 6 20 i
210 796 70 21 denna
297 797 38 20 sak
351 796 126 22 förutsätter
493 797 114 20 Allmänna
620 796 222 21 Petitionsutskottets
855 796 35 20 be-

65 824 108 22 tänkande
188 825 40 21 och
244 825 95 21 ansluter
354 826 32 26 sig
401 825 32 21 till
449 825 124 26 detsamma,
589 825 23 21 sä
628 826 95 20 kommer
738 824 36 21 det
790 827 31 18 att
839 832 51 13 vara

65 853 138 27 nödvändigt,
219 856 32 18 att
266 854 26 20 de
309 853 116 21 behandlas
440 854 117 27 samtidigt,
573 854 41 20 och
629 853 90 21 utbeder
734 854 35 27 jag
785 854 43 26 mig
843 852 48 21 der-

65 882 34 20 för
122 882 23 20 fä
160 882 105 28 tillstyrka
283 882 59 21 bifall
358 882 31 21 till
405 882 35 21 Hr
456 882 160 21 Wallenskölds
632 882 81 28 förslag
729 885 31 17 att
776 882 114 20 Allmänna

65 910 222 22 Petitionsutskottets
304 910 136 22 betänkande
456 911 66 21 mätte
538 910 129 28 bordläggas
682 910 32 21 till
726 910 66 21 första
804 910 85 28 plenum

64 940 6 19 i
86 940 61 20 nästa
162 939 73 21 vecka.

133 996 12 20 I
162 996 95 27 enlighet
273 996 48 21 med
337 996 36 21 det
388 996 22 21 af
425 996 35 21 Hr
474 996 150 22 Wallensköld
640 996 76 28 gjorda
735 996 103 27 förslaget
854 996 36 20 be-

64 1024 42 21 slöt
127 1024 27 21 R.
176 1032 19 13 o.
217 1025 26 21 A.
267 1025 27 28 pä
317 1025 34 20 Hr
368 1025 221 21 Landtmarskaikens
605 1025 158 26 framställning
779 1027 31 18 att
826 1024 64 21 bord-

64 1053 62 27 lägga
142 1053 142 21 förevarande
301 1053 137 21 betänkande
454 1054 32 20 till
503 1054 67 21 första
586 1053 86 28 plenum
689 1054 6 20 i
711 1055 59 19 nästa
787 1053 74 21 vecka.

134 1224 89 21 Plenum
241 1225 117 21 afslutades
376 1225 27 21 kl.
419 1226 39 21 3.45
474 1233 18 14 e.
508 1233 26 14 m.

684 1334 22 17 In
720 1333 65 18 fidem:

634 1368 49 22 Clas
698 1376 19 13 v.
735 1368 83 21 Uollan.
