1109 1734
335 73 75 35 Pappiss.
423 84 19 17 18
454 88 16 17 p.
483 84 71 18 Toukok.
566 84 50 17 1885.
805 80 51 30 1133

63 145 34 20 att
112 141 42 22 här
170 141 74 29 gäller
259 142 50 22 icke
325 142 61 22 blott
402 142 66 22 dessa
484 150 30 14 en
528 142 44 21 och
587 149 30 15 en
632 141 52 22 half
697 142 82 28 miljon
794 150 48 15 som
852 147 39 18 äro

66 171 93 24 afsedda
175 174 36 18 att
226 171 118 22 användas
360 171 73 22 under
449 172 45 21 den
509 171 74 22 första
601 171 113 29 perioden,
730 174 58 19 utan
803 173 90 27 ytterli-

63 209 55 22 gare
133 200 112 30 miljoner,
260 200 80 22 hvilka
356 201 36 21 för
408 201 52 22 hela
476 200 284 30 kanaliseringsprojektet
779 202 60 29 stiga
855 202 37 22 till

65 233 13 21 5
94 230 112 30 miljoner.
238 230 48 22 Och
302 234 42 18 när
359 230 39 22 det
414 231 74 28 gäller
503 238 29 14 en
547 230 74 29 utgift
636 230 24 22 af
676 231 24 21 så
711 232 48 20 stor
769 232 123 28 betydelse,

66 262 28 22 då
109 261 65 21 torde
189 268 54 14 man
258 260 38 21 väl
319 260 50 22 icke
393 260 79 22 kunna
486 260 66 29 jäfva
568 260 184 22 statsutskottets
768 261 124 28 uttalande,

66 294 34 20 att
115 290 125 22 ständerna
255 289 69 22 borde
340 292 71 19 sättas
428 290 8 22 i
451 290 94 22 tillfälle
556 292 34 20 att
601 290 75 21 uttala
687 290 37 28 sig
734 297 37 15 om
782 290 110 30 behöflig-

64 322 70 21 heten
149 320 43 22 och
208 320 179 28 gagneligheten
403 319 26 22 af
442 328 29 14 en
487 320 77 22 sådan.
595 320 82 21 Pastor
692 320 74 21 Lilius
785 321 107 22 framhöll

65 353 34 19 att
122 349 182 29 kanaliseringar
326 349 107 22 befordra
456 350 166 28 utvecklingen
646 349 42 21 och
712 352 35 19 att
770 350 28 22 de
820 351 70 22 borde

66 384 62 18 ännu
142 386 48 14 mer
205 386 56 14 vara
276 379 142 29 berättigade
434 380 8 20 i
458 379 94 28 trakter,
570 379 40 21 der
630 378 81 29 jorden
728 379 42 22 har
786 388 28 14 en
830 384 62 18 ännu

63 408 133 30 jungfrulig
210 408 96 22 kraktär
320 416 18 14 o.
356 416 16 14 s.
387 416 21 14 v.
439 409 72 22 Detta
534 409 46 21 kan
602 408 136 29 visserligen
762 417 54 14 vara
834 410 56 27 möj-

65 439 51 28 ligt,
131 446 53 14 men
199 445 53 15 man
267 439 71 20 mäste
353 438 8 21 i
377 438 96 22 främsta
488 441 99 19 rummet
602 438 79 22 bevisa
704 441 35 18 att
755 441 33 19 ett
803 439 87 22 kanali-

65 468 176 29 seringsförslag
257 468 26 21 af
296 467 44 22 den
356 467 142 30 omfattning
514 475 48 15 som
577 468 42 21 här
640 467 130 30 föreligger,
786 472 26 18 är
826 469 64 28 plan-

64 498 66 29 lagdt
145 498 52 21 med
212 498 73 29 riktig
300 497 91 29 hänsyn
401 498 37 21 till
448 498 124 21 bestäende
582 500 166 26 vattensystem
764 498 42 22 och
817 498 75 29 öfriga

66 527 368 22 kommunikationsförhällanden
458 528 43 21 och
524 530 36 19 att
582 527 38 22 det
636 527 130 29 föreslagna
781 528 110 22 kanalise-

65 557 179 29 ringsföretaget
260 560 25 18 är
300 557 26 22 af
339 557 44 21 den
400 560 40 23 art,
457 559 35 20 att
508 557 38 22 det
562 557 9 22 i
586 557 153 28 väsentligare
755 559 52 20 män
818 558 73 22 skulle

65 587 69 22 lända
148 586 148 29 omgifvande
312 587 79 28 nejder
406 587 38 21 till
459 587 145 28 betydligare
619 594 67 21 gagn.
718 587 42 22 Om
771 595 52 14 man
833 595 58 22 upp-

65 617 125 22 märksamt
213 616 143 29 genomläser
378 617 39 21 det
440 617 126 27 utlätande,
587 623 49 15 som
659 616 117 29 vidfogats
799 620 92 19 statsut-

66 647 97 22 skottets
178 646 145 21 betänkande
338 646 43 21 och
398 646 111 29 derjämte
523 646 85 29 jämför
624 646 39 21 det
674 646 51 21 med
740 649 33 19 ett
783 647 108 22 liknande

67 676 117 22 utlätande
200 675 41 22 vid
256 678 88 19 senaste
360 676 117 29 landtdag,
494 677 25 21 sä
534 676 74 21 finner
623 683 53 14 man
692 678 34 19 att
737 675 81 30 frägan
828 677 63 28 inga-

66 706 70 21 lunda
158 709 25 18 är
206 705 136 29 tillräckligt
365 705 125 22 undersökt
506 713 40 14 ens
566 713 28 14 ur
609 705 92 22 teknisk
717 706 123 29 synpunkt,
856 709 35 18 att

68 735 86 22 säledes
170 737 34 20 ett
227 735 139 22 omedelbart
388 735 151 22 användande
563 735 25 22 af
606 738 70 19 större
692 743 100 14 summor
807 735 35 22 för
858 738 34 19 ett

68 765 54 22 eller
136 765 54 22 flere
206 765 26 22 af
246 765 27 21 de
289 765 130 28 föreslagna
434 765 287 29 kanaliseringsföretagen
736 765 77 22 kunde
823 765 69 22 lända

68 795 84 22 derhän
176 797 34 19 att
232 802 54 14 man
304 794 35 22 fär
354 795 136 28 ytterligare
506 795 44 22 öka
565 796 30 27 pä
610 795 213 22 kostnadssumman
839 795 52 22 med

67 825 118 28 åtskilliga
207 824 91 21 hundra
320 825 100 21 tusental
440 824 36 22 för
491 827 35 19 att
542 827 55 26 göra
612 824 280 29 kanaliseringsföretaget

68 854 110 22 effektivt.
209 854 46 22 För
277 856 116 27 transport
416 854 26 22 af
458 854 195 30 skogsprodukter
668 854 43 22 och
726 856 84 28 tyngre
825 861 68 15 varor

67 885 46 21 kan
129 884 38 22 det
182 884 51 21 icke
249 884 69 28 tjena.
349 884 45 22 Det
410 891 54 15 vore
480 884 88 22 säledes
583 884 145 22 uteslutande
744 884 36 22 för
796 886 34 20 att
846 884 46 22 till-

68 914 84 29 godose
175 913 166 29 befolkningen
363 914 52 21 med
438 914 256 22 konsumtionsartiklar
716 914 42 21 och
783 914 109 22 likaledes

68 943 115 22 nedforsla
206 950 28 14 en
258 943 36 21 del
318 944 24 20 af
364 944 64 21 deras
448 944 90 29 ganska
553 944 67 28 ringa
636 943 129 29 produkter.
795 944 54 21 Men
865 945 27 20 dä

68 973 123 21 ständerna
206 980 31 14 nu
253 973 70 21 redan
345 973 70 22 hafva
438 974 96 21 beslutit
553 976 34 18 att
602 973 52 21 leda
670 972 110 22 Savolaks
793 973 99 29 järnväg

69 1004 24 20 så
108 1003 66 28 långt
190 1004 34 20 att
240 1002 44 22 den
307 1003 110 29 antingen
441 1003 141 21 omedelbart
598 1003 55 21 eller
668 1010 81 21 genom
765 1010 28 14 en
808 1003 84 21 bibana

70 1035 69 19 sättes
155 1032 8 22 i
179 1032 138 22 förbindelse
333 1032 52 22 med
400 1033 76 27 Iivesi,
494 1034 24 20 så
542 1032 74 22 skulle
632 1032 70 22 redan
718 1032 130 30 derigenom
864 1040 29 14 en

71 1062 35 22 del
122 1062 26 22 af
161 1062 99 21 nämnda
276 1062 138 29 vattendrag
428 1062 93 22 komma
532 1062 8 22 i
550 1062 140 22 förbindelse
700 1062 51 22 med
760 1062 133 29 järnvägen.

70 1091 285 29 Kanaliseringsförslaget
371 1092 74 22 skulle
461 1092 133 28 derigenom
609 1092 91 21 komma
722 1094 34 19 att
771 1092 123 28 tillgodose

70 1122 59 21 blott
145 1122 44 21 den
212 1121 71 21 andra
306 1121 64 22 delen
391 1122 27 21 af
431 1122 27 21 de
476 1122 102 27 socknar,
594 1122 80 21 hvilka
689 1124 59 19 stöta
763 1122 37 21 till
815 1121 78 29 kring-

69 1151 108 29 liggande
200 1150 143 30 vattendrag,
359 1151 43 21 och
423 1151 42 29 jag
488 1154 48 19 tror
560 1153 34 19 att
617 1159 54 14 man
694 1151 58 22 skall
767 1151 70 22 hafva
852 1151 41 21 bra

70 1182 62 20 svårt
148 1183 34 19 att
204 1180 140 29 vederlägga
366 1181 38 21 det
428 1181 192 27 betraktelsesätt,
642 1188 48 14 som
712 1182 125 28 genomgår
852 1180 42 22 här

70 1210 157 29 föreliggande
251 1210 152 27 betänkande,
419 1212 35 20 att
477 1211 9 21 i
502 1210 125 22 allmänhet
643 1211 28 21 de
687 1210 142 28 vattendrag,
846 1217 48 14 som

70 1240 70 22 redan
163 1240 26 22 af
209 1242 99 20 naturen
331 1240 63 22 bilda
418 1242 34 20 ett
476 1240 117 29 system,
586 1236 15 37 i
616 1240 96 22 främsta
728 1242 96 19 rummet
839 1240 55 21 böra

70 1270 144 26 kanaliseras,
230 1270 25 21 så
278 1272 35 19 att
336 1270 28 21 de
387 1270 154 22 komplettera
556 1270 43 22 och
615 1270 97 28 utvidga
728 1270 62 21 detta
808 1271 86 26 system

71 1299 67 22 äfven
154 1306 82 21 genom
252 1306 28 14 en
296 1299 215 28 kanalförbindelse,
527 1299 51 22 icke
595 1300 25 21 så
635 1301 35 20 att
681 1307 53 14 man
744 1299 52 21 med
806 1298 88 29 uppoff-

70 1329 52 28 ring
138 1329 26 21 af
177 1330 61 20 stora
261 1336 100 14 summor
384 1329 66 22 söker
470 1329 53 22 leda
538 1329 100 22 rörelsen
654 1329 8 21 i
678 1337 28 13 en
720 1329 110 28 riktning,
847 1335 48 15 som

71 1358 87 22 medför
174 1358 72 29 dryga
262 1359 243 28 transportkostnader
522 1359 42 21 och
581 1366 28 14 en
624 1359 55 21 vida
694 1359 80 28 längre
787 1361 50 26 väg.
861 1357 35 22 Ur

72 1388 44 21 alla
132 1388 65 21 dessa
212 1388 145 28 synpunkter
372 1389 64 20 torde
448 1389 38 21 det
497 1388 180 29 förståndigaste
687 1395 60 20 vara,
758 1388 137 21 åtminstone

72 1417 50 22 från
138 1417 134 22 ständernas
288 1418 56 27 sida,
360 1420 35 19 att
411 1418 50 21 icke
484 1418 94 21 förorda
592 1417 171 30 nedläggandet
778 1417 26 22 af
818 1419 24 20 så
858 1417 37 22 be-

71 1447 91 28 tydliga
177 1454 99 14 summor
292 1448 29 28 på
337 1449 33 20 ett
386 1447 77 29 dylikt
478 1447 264 29 kanaliseringsföretag,
758 1447 71 21 innan
852 1447 44 20 frä-

72 1484 45 21 gan
133 1480 25 17 är
173 1477 57 21 både
246 1477 104 21 tekniskt
365 1477 43 21 och
424 1477 69 22 äfven
517 1485 28 14 ur
564 1477 133 21 ekonomisk
712 1477 118 28 synpunkt
845 1479 51 18 när-

71 1513 61 14 mare
148 1506 130 28 undersökt,
295 1506 43 22 och
354 1509 34 19 att
404 1507 125 22 ständerna
544 1507 8 21 i
568 1506 80 29 hvarje
665 1507 41 21 fall
721 1507 7 20 i
744 1505 152 28 underdånig-
