1114 1759
250 70 35 17 610
454 92 2 2 .
488 74 75 21 Pappiss.
575 74 20 18 14
605 78 18 18 p.
635 74 64 18 Hubtik.
711 74 50 17 1885.

213 128 84 30 bidrag
317 130 96 23 betäcka
435 131 136 23 densamma.
602 132 45 22 Att
677 132 69 22 ställa
767 131 54 23 hela
843 130 135 31 föreningen
1000 132 38 22 till

213 166 84 16 ansvar
311 160 37 22 för
362 161 61 22 hvad
437 161 150 23 redaktionen
603 162 74 22 brutit
693 169 67 15 anser
767 162 44 28 jag
821 163 66 20 orätt.
905 162 47 26 För
960 162 77 30 öfrigt,

213 196 38 15 om
273 190 23 22 vi
317 190 57 29 vilja
388 198 55 15 vara
458 191 84 29 riktigt
557 192 124 28 opartiska,
697 192 66 22 torde
778 191 41 23 väl
833 191 72 22 andra
919 192 118 29 tidningar

213 219 68 23 också
307 220 80 22 tillåtit
409 221 37 29 sig
468 221 76 22 införa
566 222 136 21 berättelser
725 222 43 21 och
791 221 245 29 tillkännagifvanden,

213 256 48 15 som
283 250 62 22 varit
367 250 41 22 allt
430 253 71 19 annat
523 255 30 18 än
576 252 111 28 lämpliga
707 252 36 21 för
762 250 79 23 folket.
871 251 37 21 En
922 251 112 29 förtjenst,

213 286 48 14 som
276 280 172 27 ,Folkvännen''
463 288 48 15 mer
526 284 29 18 än
573 282 100 28 mången
689 289 76 14 annan
780 281 94 29 tidning
889 281 51 21 haft
955 284 30 24 är,
1001 283 34 20 att

213 308 45 22 den
280 309 61 22 visat
360 310 36 28 sig
415 318 55 14 vara
490 311 101 29 kyrklig,
611 312 76 28 någon
708 312 63 28 gång
792 311 60 21 ända
867 310 37 22 till
919 311 44 21 den
977 311 58 28 grad

213 341 35 19 att
263 339 44 21 den
321 342 82 20 nästan
418 341 59 21 varit
493 341 39 21 det
546 340 37 22 för
597 342 99 28 mycket.

284 368 125 23 Professori
430 370 127 28 Runeberg:
579 372 46 28 Jag
645 370 103 22 anhäller
768 372 36 20 att
819 370 24 22 fä
857 371 88 28 päpeka
959 371 72 29 nägra

213 398 198 30 omständigheter,
426 407 48 15 som
488 400 65 22 torde
563 408 56 14 vara
635 400 26 22 af
673 400 53 29 vigt
741 402 34 20 att
791 402 56 26 taga
861 400 8 22 i
884 400 149 22 betraktande

212 428 41 21 vid
274 428 110 23 beslutets
407 429 108 23 fattande.
546 430 45 22 Det
614 430 73 22 första
709 434 26 18 är
757 432 37 20 att
817 430 44 22 den
876 438 92 20 summa,
983 438 49 14 som

212 458 46 22 kan
286 458 137 29 disponeras,
441 463 25 18 är
485 460 134 29 begränsad.
651 460 42 22 Om
715 467 54 14 man
793 460 86 21 säledes
903 460 42 22 vill
967 460 67 29 gifva

212 487 69 23 äfven
300 488 37 22 till
360 489 70 22 andra
450 490 105 22 ändamål
575 494 30 17 än
621 490 51 22 dem
687 490 115 22 utskottet
817 489 122 29 föreslagit,
956 491 25 21 sä
995 490 36 22 be-

211 517 79 29 tingar
308 518 63 22 detta
386 527 28 13 en
429 520 132 28 minskning
576 520 27 21 af
616 520 28 22 de
660 520 76 29 öfriga
751 520 130 28 föreslagna
896 527 135 21 summorna;

211 548 93 21 särskilt
326 548 41 21 vill
387 548 41 30 jag
450 553 84 18 nämna
554 550 64 21 detta
638 550 52 22 med
713 550 108 21 afseende
843 550 54 21 derä
911 552 35 19 att
960 550 71 22 bank-

211 576 146 30 fullmäktige
377 579 82 22 töreslä
479 587 29 14 en
529 580 142 28 obegränsad
686 587 88 14 summa
789 579 36 22 för
840 580 152 28 uppresandet
1007 579 28 22 af

210 606 216 31 Runebergsstatyn
455 610 43 21 och
528 609 36 22 för
587 609 301 29 aftäckningskostnaderna
910 610 36 21 för
976 609 54 22 den-

213 644 90 15 samma.
332 638 68 22 Huru
422 642 29 18 än
472 639 99 22 beslutet
593 640 100 27 utfaller,
714 640 41 21 bör
777 639 40 21 det
833 639 94 21 sålunda
941 640 90 28 tagas
1019 634 17 38 i

211 666 155 30 betraktande,
386 670 35 20 att
441 676 108 21 summan,
565 676 48 15 som
630 669 45 22 kan
693 669 139 29 disponeras,
852 672 26 18 är
895 669 135 29 begränsad.

213 696 51 22 Den
279 697 72 22 andra
365 699 204 29 omständigheten,
585 706 48 15 som
647 706 55 15 man
717 699 38 21 väl
771 699 42 21 bör
827 698 60 22 fästa
902 699 36 28 sig
948 698 45 28 vid,
1005 702 27 18 är

212 728 35 20 att
269 726 29 22 de
317 727 110 28 ändamäl,
447 728 37 22 till
505 729 80 21 hvilka
600 729 81 29 anslag
696 728 82 30 gifvas,
795 729 36 21 stä
846 728 9 22 i
869 728 162 22 öfverenstäm-

211 756 70 22 melse
295 757 53 21 med
362 759 157 21 testamentets
535 759 164 28 stipulationer.
730 758 47 29 Jag
792 758 100 29 päpekar
907 758 64 22 detta
984 761 47 19 sär-

211 786 55 21 skilt
287 786 53 22 med
361 787 105 23 afseende
488 789 13 21 &
516 788 298 29 aftäckningskostnaderna
832 788 36 22 för
882 788 145 29 Runebergs-

210 817 83 27 statyn.
323 816 114 30 Slutligen
451 818 42 22 vill
505 818 42 29 jag
561 818 90 29 päpeka
665 818 82 22 endast
757 826 29 14 en
796 818 174 29 omständighet,
980 825 49 15 som

211 844 136 24 framhållits
366 847 73 22 under
453 848 156 22 diskussionen
625 856 43 21 om
677 848 40 22 det
731 848 130 28 föreslagna
877 848 102 28 anslaget
994 848 36 22 för

213 892 10 10 n
227 874 103 28 Svenska
356 876 141 24 folkskolans
516 881 107 19 vänner.
654 878 161 22 Öfverläraren
835 877 110 23 Kihlman
960 878 71 29 ansåg

211 905 63 23 detta
293 906 87 30 förslag
399 908 116 22 stridande
530 910 48 20 mot
589 910 158 20 testamentets
762 908 175 28 bestämmelser,
953 908 76 22 derför

209 937 36 19 att
267 935 135 31 föreningen
424 938 82 22 verkar
527 938 82 22 endast
631 938 36 22 för
689 946 29 14 en
741 938 37 22 del
799 938 26 22 af
841 938 187 28 befolkningen
1014 931 18 41 i

210 964 64 23 detta
286 965 60 23 land.
376 962 158 27 Öfverläraren
543 968 111 22 Kihlman
664 968 89 22 slutade
764 968 58 22 dock
832 968 42 21 sitt
883 967 145 29 andragande

208 995 53 21 med
281 998 40 24 att,
341 1003 37 15 om
393 996 75 22 denna
483 997 106 29 förening
604 998 74 21 skulle
693 1001 56 25 göra
763 998 42 22 bot
821 997 42 22 och
878 997 109 29 bättring,
1003 998 24 20 sä

208 1024 77 23 kunde
301 1025 38 22 det
353 1026 91 22 komma
458 1027 9 21 i
481 1027 66 29 fräga
561 1030 34 19 att
610 1028 66 28 gifva
691 1028 44 21 den
751 1027 86 29 anslag.
867 1026 47 29 Jag
928 1026 99 22 veticke

208 1061 37 15 om
268 1054 145 30 föreningens
435 1057 121 22 moraliska
575 1057 142 29 förbättring
737 1057 74 22 skulle
827 1056 95 22 inverka
936 1056 91 22 föränd-

207 1084 71 22 rande
292 1086 30 27 pä
336 1087 157 21 testamentets
506 1087 175 28 bestämmelser,
692 1087 55 21 eller
758 1094 37 14 om
806 1086 39 22 det
858 1086 60 28 syfte
929 1086 97 22 förenin-

206 1121 46 21 gen
267 1114 42 22 har
324 1117 35 19 att
373 1116 79 21 arbeta
467 1116 42 22 för:
525 1116 43 22 den
585 1117 97 21 svenska
697 1116 166 29 befolkningen
878 1116 7 21 i
900 1116 83 26 landet,
997 1116 30 21 då

206 1143 75 22 skulle
299 1144 118 23 förändras
433 1146 37 22 till
484 1154 29 14 en
527 1146 146 22 verksamhet
688 1147 35 21 för
739 1146 52 22 hela
806 1146 83 22 landet.
919 1147 46 27 Jag
979 1145 47 22 kan

205 1172 51 23 icke
279 1174 62 22 finna
363 1174 39 22 det
424 1175 89 29 logiska
535 1176 190 29 sammanhanget
744 1176 56 28 häri,
817 1176 42 21 och
872 1175 43 29 jag
929 1177 47 19 tror
991 1177 36 19 att

205 1202 40 22 det
259 1203 66 22 beror
341 1204 69 29 derpä
425 1207 36 19 att
475 1205 38 22 det
528 1206 50 21 icke
593 1209 26 18 är
633 1206 104 22 omrädet
751 1206 37 21 för
803 1205 146 29 föreningens
959 1205 65 21 verk-

204 1232 90 23 samhet
315 1234 9 21 i
347 1234 43 22 och
410 1234 37 22 för
465 1235 35 29 sig
515 1242 48 15 som
577 1238 44 26 gör
635 1238 36 20 att
685 1236 112 28 förslaget
812 1242 65 14 anses
892 1236 36 20 stä
942 1234 9 22 i
965 1234 59 22 strid

204 1262 53 22 med
271 1265 157 21 testamentets
443 1264 173 23 bestämmelser.

275 1293 107 22 Provasti
397 1294 70 28 Hjelt:
497 1295 33 21 Pä
544 1302 52 22 pag.
607 1296 28 21 13
646 1294 27 22 af
681 1295 188 22 bankutskottets
879 1294 144 22 betänkande

203 1320 74 24 finnes
292 1325 118 27 upptagen
425 1324 45 22 den
484 1332 93 20 summa,
593 1332 48 14 som
657 1328 25 18 är
697 1327 36 19 att
748 1325 122 28 disponera
879 1324 72 21 under
961 1326 62 19 näst-

202 1350 136 24 kommande
353 1354 35 20 tre
403 1354 31 21 &r.
464 1354 50 22 Den
532 1357 69 26 utgör
617 1355 80 28 62,000
712 1354 71 22 mark.
815 1353 79 23 Skulle
909 1361 52 14 man
976 1353 46 22 för-

203 1380 52 23 dela
278 1382 65 22 dessa
365 1383 74 22 medel
463 1385 71 21 säsom
557 1384 113 22 utskottet
692 1384 126 29 föreslagit,
841 1384 88 21 komme
948 1383 75 21 finska

201 1410 213 31 Konstföreningen
437 1415 34 20 att
493 1414 86 21 erhälla
603 1415 80 26 12,000
705 1414 71 28 mark,
800 1413 221 29 Folkupplysnings-

196 1440 131 30 .sällskapet
351 1443 80 27 12,000
452 1444 64 21 mark
539 1446 60 19 samt
621 1444 130 21 samfundet
775 1444 46 21 Pro
843 1442 57 22 flora
915 1445 23 19 et
952 1442 70 22 fauna

201 1470 98 30 fennica,
321 1472 134 22 Historiska
476 1473 135 28 samfundet,
633 1473 187 29 Finsk-Ugriska
842 1472 122 27 sällskapet
979 1471 42 22 och

200 1500 105 23 Svenska
325 1501 142 23 folkskolans
481 1506 86 19 vänner
582 1510 29 15 en
626 1503 57 23 hvar
699 1504 65 27 6,000
778 1502 73 28 mark,
867 1502 79 22 hvilka
961 1508 60 15 sum-
