1109 1739
343 89 74 22 Pappiss.
430 90 14 17 11
457 94 16 16 p.
485 90 72 17 Toukok.
570 89 48 18 1885.
811 89 47 18 1049

69 148 82 29 tyinen
166 147 98 22 todistus
279 147 190 28 kirkkoherralta,
485 150 49 19 että
550 147 169 22 asianomainen
736 155 30 14 on
780 148 69 21 sokea
861 148 32 21 tai

69 185 80 21 rampa
171 177 34 22 tai
227 177 105 22 muutoin
353 177 58 22 siinä
427 177 80 22 tilassa
523 177 63 22 ettei
601 177 46 21 hän
663 177 38 22 voi
716 177 100 28 paikalle
831 177 63 22 tulla.

140 207 107 22 Provasti
262 207 115 28 Sahlberg:
407 207 12 21 I
435 208 29 22 68
480 209 13 26 &
510 211 24 18 är
560 207 39 22 det
625 206 66 29 fräga
717 214 37 14 om
779 207 51 22 dem
846 214 46 15 som

70 241 39 18 äro
124 237 123 22 behäftade
262 237 52 21 med
329 237 112 28 sjukdom.
472 237 46 22 Det
534 240 25 18 är
574 237 61 21 blott
649 236 10 22 i
674 236 160 29 sjukdomsfall
847 244 45 14 som

72 268 28 21 68
124 269 13 26 &
160 270 67 25 säger
245 268 34 20 att
296 266 69 29 intyg
381 266 26 22 af
419 266 250 22 kommunalnämnden
685 266 54 22 eller
754 266 142 23 läkarebevis

72 301 26 18 är
112 296 223 29 tillfyllestgörande.
373 296 54 21 Men
442 296 51 22 icke
508 296 101 22 behöfva
625 295 84 22 sådana
724 303 107 22 personer
841 303 54 15 vara

70 327 73 28 sjuka.
174 326 37 21 En
233 333 81 21 person
336 326 47 21 kan
406 333 55 14 vara
480 326 55 27 halt,
557 326 56 21 eller
628 325 108 28 enhändt,
751 326 56 22 eller
821 326 73 27 blind;

71 356 50 21 icke
142 359 25 18 är
182 355 46 22 han
243 355 52 29 sjuk
311 355 35 22 för
362 355 44 28 det,
422 358 58 19 utan
495 356 48 21 han
559 359 25 18 är
602 355 164 29 ,lemmalytt*.
798 356 96 22 Derföre

72 393 65 14 anser
155 385 42 29 jag
221 388 34 19 att
277 385 84 22 sädana
377 393 108 21 personer
499 386 51 21 icke
566 386 56 21 böra
637 385 91 22 komma
744 385 79 30 ifräga,
839 388 54 19 utan

71 415 55 21 böra
151 415 28 21 de
204 415 70 21 hafva
296 415 112 28 rättighet
431 417 35 19 att
481 415 115 21 uteblifva
611 415 52 21 frän
678 415 216 29 uppbädssamman-

71 444 75 22 trädet
170 444 42 22 och
235 444 23 22 fä
273 444 90 22 anmäla
379 445 36 21 sin
431 445 138 29 oduglighet
583 452 84 21 genom
681 444 213 29 kommunalstyrel-

73 482 51 14 sens
139 474 73 29 intyg,
229 482 47 14 som
291 474 74 22 skulle
381 474 26 22 af
421 474 66 22 deras
503 474 85 22 ombud
603 474 152 22 framlemnas.

143 504 106 22 Provasti
271 504 138 22 Nordström:
440 504 70 22 Säväl
532 504 126 22 utskottets
680 504 143 22 betänkande
847 511 45 15 som

71 534 138 28 fältprosten
232 534 129 21 Pettersons
383 534 110 28 yttrande
511 534 110 29 päminna
636 534 49 28 mig
699 534 36 22 för
750 534 93 29 mycket
858 541 35 14 om

73 564 39 22 det
136 563 76 22 kända
231 563 132 29 ordspråket
381 564 53 28 ,fiat
445 564 97 28 justitia,
555 566 76 25 pereat
647 564 114 22 mundus*.
791 564 47 29 Jag
852 563 42 22 vill

72 594 30 28 pä
125 593 39 22 det
186 594 155 28 allvarligaste
364 594 119 28 tillstyrka
506 594 139 29 petitionens
661 594 172 28 godkännande.
863 593 34 21 Af

73 625 93 27 prosten
182 623 107 22 Törnudd
305 623 42 21 har
363 623 38 22 det
416 624 137 28 visserligen
570 624 87 21 anförts
667 626 38 25 att,
715 624 29 21 dä
752 631 28 14 en
788 624 29 28 pä
825 624 71 28 något

73 655 46 19 sätt
134 653 47 29 lytt
196 653 55 21 eller
265 653 46 21 lam
326 653 119 22 uteblifvit
460 653 53 22 frän
528 653 209 29 uppbädstillfället
746 653 42 21 och
804 653 91 21 sockne-

73 683 114 22 ombuden
203 683 92 28 intygat
309 682 58 22 hans
383 683 112 27 tillstånd,
512 683 64 21 detta
591 683 158 21 uteblifvande
766 683 25 21 af
798 682 98 22 nämden

72 712 120 29 godkänts.
223 712 69 22 Detta
307 716 25 18 är
347 714 34 20 ett
397 712 96 27 faktum,
504 720 49 14 som
562 713 41 29 jag
611 712 51 22 icke
672 713 42 21 vill
723 712 110 28 bestrida;
844 719 51 15 men

74 742 29 22 då
122 742 42 29 jag
179 742 76 22 kunde
271 742 78 22 anföra
365 742 64 22 fakta
445 742 69 22 äfven
529 743 8 21 i
553 745 95 19 motsatt
663 742 110 29 riktning,
788 749 54 15 vore
858 742 38 21 det

72 772 177 28 fördelaktigast
274 772 42 21 och
341 772 95 28 säkrast
463 780 37 14 om
523 780 29 14 en
577 772 71 22 sädan
663 772 144 28 bestämning
822 772 74 21 skulle

76 802 91 28 intagas
185 802 9 20 i
209 801 106 29 gällande
330 802 188 29 värnepligtslag,
535 804 34 20 att
585 804 34 20 ett
633 802 69 28 intyg
717 802 26 22 af
755 801 141 22 kommunal-

74 831 110 22 nämdens
200 831 135 22 ordförande
351 839 55 14 vore
421 832 124 28 tillfyllest.
575 832 70 21 Detta
653 839 54 15 vore
720 832 27 28 ju
763 832 50 21 icke
825 831 72 22 heller

75 861 39 21 det
129 861 58 21 enda
203 861 96 29 intyget.
330 861 116 29 Vanligen
461 862 74 22 finnes
551 862 69 28 intyg
636 869 37 14 om
687 868 122 22 personens
825 861 72 28 gvali-

75 891 96 21 fikation
197 890 67 22 ocksä
280 891 7 21 i
303 890 44 22 den
366 891 153 29 förteckning,
536 898 47 15 som
599 891 106 22 insändes
721 891 26 22 af
759 891 136 29 presterska-

78 922 45 27 pet,
147 920 43 22 och
205 920 76 22 kunde
302 920 136 30 ytterligare
454 921 121 28 bestyrkas
592 921 25 21 af
631 921 28 21 de
674 921 128 28 ledamöter,
817 920 80 22 hvilka

75 950 138 21 kommunen
229 950 80 21 sänder
319 950 37 22 till
366 950 217 29 uppbädstillfället.
613 950 54 22 Alla
675 951 64 21 dessa
749 950 62 22 såväl
822 952 75 24 munt-

75 979 49 29 liga
146 986 48 15 som
209 979 116 29 skriftliga
340 980 69 29 intyg
425 981 55 21 böra
496 980 118 29 tillfyllest
629 980 139 22 förekomma
783 979 114 22 missbruk

75 1009 26 22 af
114 1011 34 20 ett
163 1009 82 22 sädant
259 1009 131 29 stadgande.

145 1039 155 21 Keskustelun
313 1039 176 29 julistettuansa
505 1039 151 30 loppuneeksi
672 1039 66 22 asetti
748 1039 66 22 herra
824 1039 73 22 Puhe-

75 1069 56 21 mies
147 1068 102 29 säädylle
264 1076 125 15 seuraavan
405 1069 235 29 äänestysesityksen:

148 1098 137 22 Godkännes
308 1099 125 22 utskottets
451 1099 178 29 ifrägavarande
644 1098 143 23 betänkande
802 1098 96 21 rörande

78 1128 249 29 petitionsmemorialet
343 1136 37 14 n:o
397 1130 18 27 3,
433 1129 55 22 eller
504 1129 64 21 icke?
598 1129 51 21 Den
666 1129 37 21 det
718 1131 47 26 gör,
781 1135 78 15 svarar
864 1128 34 28 ja;

145 1158 81 28 vinner
241 1158 42 28 nej,
299 1158 41 22 har
355 1158 93 22 ståndet
463 1159 110 21 omfattat
588 1158 71 29 sagde
674 1158 102 29 petition.

147 1187 245 29 Aänestysesitykseen
409 1189 122 21 vastattiin
550 1189 30 20 20
593 1188 48 27 jaa-
655 1188 25 29 ja
695 1188 27 21 17
736 1187 125 28 ei-äänellä;
874 1187 24 29 ja

78 1217 32 21 oli
125 1219 66 26 sääty
207 1217 39 22 siis
261 1217 150 30 hyväksynyt
427 1218 129 21 mietinnön
572 1219 13 21 2
601 1225 90 22 ponnen
707 1217 153 22 sellaisenaan.

146 1246 120 22 Kolmatta
281 1249 81 27 pontta
377 1248 141 21 esitettäissä
532 1247 70 29 pyysi

147 1276 125 22 Professori
294 1277 91 22 Donner
407 1285 159 14 sananvuoroa
586 1277 27 28 ja
635 1277 85 22 lausui:
758 1277 46 28 Jag
827 1277 73 21 mäste

77 1305 92 22 anhålla
185 1313 36 14 om
237 1307 101 21 ständets
355 1307 156 28 öfverseende,
522 1309 35 19 att
562 1307 42 28 jag
611 1307 43 22 har
664 1307 104 21 besvärat
776 1307 124 21 detsamma

75 1335 53 22 med
152 1337 34 20 ett
211 1336 202 30 petitionsförslag,
437 1337 110 22 hvarmed
562 1337 9 20 1
587 1336 84 29 själfva
692 1336 80 22 verket
791 1335 110 22 förhäller

76 1365 37 29 sig
128 1366 30 27 sä,
175 1373 48 14 som
238 1366 113 21 utskottet
365 1366 135 22 framhällit.
532 1366 46 22 Till
593 1366 128 29 törklaring
736 1365 104 22 deröfver
860 1365 41 22 vill

74 1395 44 28 jag
132 1395 74 21 likväl
221 1395 88 30 päpeka
325 1396 43 21 den
379 1396 208 29 omständigheten,
596 1398 35 19 att
638 1396 85 29 nädiga
730 1395 172 29 propositionen

79 1425 41 21 N:o
143 1425 30 22 43
189 1425 37 21 till
243 1426 56 22 1882
315 1427 36 20 ärs
367 1425 94 22 ständer
477 1425 119 30 angäende
612 1425 98 29 ändring
725 1425 8 21 i
749 1425 153 29 värnepligts-

78 1453 69 29 lagen
162 1454 95 22 föreslär
273 1455 98 29 ändring
386 1456 9 20 i
412 1457 26 20 11
456 1455 113 22 särskilda
584 1455 139 28 paragrafer,
739 1455 120 21 deribland
873 1454 29 21 de

78 1482 67 22 flesta
166 1484 89 28 ganska
279 1484 146 28 omfattande,
447 1484 44 22 och
507 1486 8 20 i
530 1484 169 29 motiveringen
713 1484 37 21 till
765 1484 99 28 ändring
878 1483 27 22 af

77 1512 30 21 38
123 1514 13 25 $
152 1516 71 25 säges,
249 1516 34 19 att
309 1514 139 28 stadgandet
464 1514 49 22 deri
529 1514 131 21 förhindrar
675 1513 189 29 genomförandet
879 1512 27 22 af
