1109 1756
324 76 74 21 Pappiss.
410 75 22 18 23
444 79 16 17 p.
473 75 64 17 Huhtik.
549 74 49 18 1885.
811 74 34 17 709

60 142 56 21 gens
140 134 171 28 framställning
333 136 34 19 att
382 134 165 21 kommunerna
562 132 73 22 skulle
651 132 181 29 skyldigkännas
848 135 34 19 att

59 164 53 22 med
126 164 48 21 lika
189 165 47 20 stor
252 171 86 14 summa
353 163 96 29 bidraga
464 163 38 21 till
517 162 197 22 folkskolelärares
726 162 42 21 och
778 162 103 22 -lärarin-

58 201 54 14 nors
136 193 107 29 aflöning,
266 200 48 14 som
340 193 44 22 den
407 192 53 22 med
477 192 96 22 hvilken
589 194 77 20 staten
681 192 55 28 själf
749 192 43 21 vill
807 191 76 22 dertill

58 223 104 29 bidraga,
178 223 55 21 eller
256 224 43 21 200
314 223 69 21 mark.
415 222 108 28 Orsaken,
547 222 94 22 hvarför
659 222 42 28 jag
716 222 50 21 icke
782 222 46 21 kan
843 221 39 21 fri-

59 255 55 27 taga
135 253 164 21 kommunerna
320 252 52 22 från
395 254 35 20 att
450 252 93 28 deltaga
566 252 8 21 i
589 259 32 14 nu
636 251 136 29 ifrågasatta
787 250 96 23 löneför-

61 282 104 30 höjning,
188 282 42 22 har
254 282 35 22 sin
310 282 75 28 grund
408 282 8 21 i
440 282 38 21 det
494 281 135 30 principiela
644 281 54 28 skäl,
715 283 34 20 att
762 281 43 29 jag
820 287 64 15 anser

61 312 202 22 folkskolelärarne
279 312 43 21 och
336 312 167 21 -lärarinnorna
520 312 54 21 böra
589 318 55 14 vara
659 311 51 22 icke
724 313 92 26 statens,
827 313 56 19 utan

61 342 150 22 kommunens
231 342 143 28 tjenstemän.
404 342 47 20 Det
470 345 26 18 är
511 341 132 29 egentligen
658 341 163 21 kommunerna
836 347 48 15 som

62 372 74 21 aflöna
159 371 322 29 folkskolelärarepersonalen
504 371 42 21 och
576 370 38 22 det
636 370 140 22 tillkommer
798 370 86 22 således

61 401 164 22 kommunerna
248 403 39 25 att,
311 408 34 14 om
370 408 28 14 en
418 400 187 29 löneförhöjning
620 403 26 19 är
661 400 27 22 af
700 400 80 28 nöden,
796 400 88 22 besluta

62 438 36 14 om
122 430 135 23 densamma.
288 430 45 22 Det
351 434 24 18 är
390 430 136 30 visserligen
542 432 51 20 sant
608 432 35 20 att
659 432 75 20 staten
749 430 87 22 lemnar
850 432 33 19 ett

62 460 117 29 betydligt
198 461 82 28 bidrag
295 460 37 22 till
347 460 215 22 folkskolelärarnes
578 460 107 29 aflöning,
702 460 71 21 ehuru
788 460 50 21 icke
854 460 30 25 så,

63 492 35 19 att
114 492 75 20 staten
205 490 76 22 direkt
296 490 37 21 till
347 490 90 22 läraren
452 490 90 22 betalar
556 491 76 27 något,
648 492 56 19 utan
720 492 74 19 staten
809 489 75 29 gifver

62 522 34 19 ett
111 520 125 22 understöd
251 521 24 21 åt
290 520 137 22 kommunen
442 528 49 14 som
506 520 87 22 aflönar
608 520 57 21 dem.
696 520 68 21 Detta
777 520 62 22 visar
849 520 35 20 att

64 557 53 14 man
140 550 68 22 äfven
232 550 8 21 i
256 550 105 21 afseende
377 552 11 18 &
404 550 88 21 formen
508 550 63 22 velat
586 550 44 21 och
645 550 52 20 sökt
712 550 114 21 bibehålla
841 549 43 21 den

64 580 124 28 grundsats
208 582 34 19 att
258 580 175 28 ifrågavarande
449 587 109 21 personer
573 583 39 17 äro
627 579 149 22 kommunens
792 579 93 29 tjenste-

62 612 58 18 män.

134 639 51 21 Den
211 639 199 29 omständigheten
433 642 35 19 att
492 640 138 21 kommunen
653 639 96 21 erhåller
772 638 26 22 af
811 640 74 19 staten

63 671 34 19 ett
119 669 59 22 visst
202 669 87 29 bidrag,
312 669 41 21 bör
375 669 51 21 icke
448 671 85 27 utgöra
551 670 71 28 något
637 669 82 21 hinder
734 668 35 22 för
784 668 101 22 kommu-

64 706 70 14 nerna
156 700 41 26 att,
220 702 42 18 när
285 698 27 22 de
332 699 62 28 vilja,
410 698 54 29 höja
480 699 138 28 aflöningen.
648 699 55 21 Man
717 698 112 22 invänder
843 697 42 22 och

65 728 41 21 har
121 728 103 28 invändt,
240 730 34 20 att
290 728 163 22 kommunerna
468 729 51 21 icke
534 729 80 21 kunna
628 728 112 22 förbättra
751 728 135 28 aflöningen,

64 764 37 14 om
126 758 50 22 icke
203 758 38 21 det
266 758 104 28 tillskott,
394 766 48 14 som
466 760 76 20 staten
564 759 93 27 lemnar,
680 758 84 22 blifver
778 756 108 30 förhöjdt,

64 787 99 28 emedan,
187 789 25 20 så
234 795 132 14 resonnerar
381 796 59 20 man,
456 790 76 19 staten
548 788 42 22 har
605 795 83 21 genom
703 788 69 28 sagde
787 787 100 21 tillskott

65 817 77 21 lockat
156 818 164 21 kommunerna
336 820 34 19 att
385 818 88 21 inrätta
488 818 132 22 folkskolor.
636 818 53 21 Men
704 820 35 19 att
753 817 51 21 häri
814 816 73 22 skulle

67 846 65 29 ligga
155 848 71 28 något
249 847 49 21 skäl
322 850 34 19 att
380 848 110 22 åhvälfva
510 850 77 19 staten
602 848 52 21 hela
669 847 219 29 löneförhöjningen,

67 876 46 21 kan
126 876 42 29 jag
183 877 51 21 icke
249 876 70 29 finna,
334 880 57 19 utan
406 885 69 21 synes
492 877 39 22 det
546 878 54 28 mig,
617 884 48 14 som
682 877 58 23 hade
750 877 38 21 det
798 876 90 22 tillhört

64 906 114 22 utskottet
199 908 35 20 att
248 906 83 22 föreslå
346 914 29 14 en
390 907 71 22 sådan
476 907 146 29 bestämning
638 909 40 25 att,
694 907 73 21 derest
782 914 27 14 en
824 906 62 21 kom-

66 943 55 13 mun
144 936 59 22 efter
223 944 29 14 en
267 937 46 21 viss
329 937 104 21 bestämd
455 937 202 29 tjenstgöringstid
672 936 43 22 vill
730 936 89 28 förhöja
834 935 54 21 aflö-

66 966 86 28 ningen
175 965 36 23 för
234 966 327 30 folkskolelärarepersonalen,
585 966 69 22 borde
677 966 67 22 också
764 968 76 19 staten
854 965 34 21 bi-

67 995 70 29 draga
152 996 38 20 till
204 996 75 22 denna
294 996 133 29 förhöjning
442 996 53 22 med
510 1004 30 14 en
552 996 159 22 motsvarande
720 1003 92 14 summa.
842 994 46 29 Jag

66 1024 48 28 har,
130 1025 94 22 emedan
239 1026 44 21 den
298 1026 27 21 af
337 1026 49 29 mig
401 1026 104 22 uttalade
521 1026 90 29 åsigten
626 1026 50 22 icke
691 1033 61 15 vann
764 1024 125 23 understöd

67 1055 8 21 i
98 1054 118 29 utskottet,
239 1055 91 23 förenat
345 1056 49 28 mig
408 1063 38 15 om
462 1056 44 22 den
521 1056 142 22 reservation
677 1055 95 22 rörande
786 1055 102 21 kommu-

66 1092 56 13 nens
138 1085 88 28 bidrag,
242 1092 49 14 som
301 1089 25 18 är
336 1086 96 29 bifogad
443 1086 127 21 utskottets
580 1085 143 22 betänkande
733 1084 52 21 utaf
793 1084 97 21 friherre

66 1121 46 14 von
134 1114 69 22 Born.
234 1115 88 21 Genom
345 1115 129 29 antagande
498 1115 26 22 af
546 1115 74 22 denna
642 1114 139 22 reservation
796 1114 94 29 frångår

67 1151 53 14 man
146 1144 50 21 icke
212 1144 44 22 den
271 1145 129 28 grundsats,
417 1152 49 15 som
481 1145 9 21 i
506 1145 64 21 detta
585 1145 128 21 hänseende
728 1145 40 21 bör
783 1147 55 26 göra
854 1143 36 28 sig

66 1173 107 30 gällande
196 1174 43 22 och
262 1174 73 29 följas,
358 1174 42 22 och
420 1182 84 21 genom
526 1174 95 22 hvilken
637 1174 194 22 folkskolelärare-
847 1173 43 22 och

64 1203 242 29 lärarinnetjensterna
325 1204 115 22 bibehålla
455 1205 37 20 sin
507 1204 147 22 kommunala
668 1204 113 22 karaktär.
811 1203 79 22 Förlo-

67 1241 37 14 ras
128 1233 80 27 denna,
232 1237 25 18 är
280 1233 39 22 det
334 1235 93 27 mycket
446 1234 78 21 säkert
539 1236 36 19 att
591 1234 105 21 intresset
711 1233 35 22 för
761 1233 130 22 folkskolan

68 1264 101 21 kommer
185 1265 34 20 att
234 1263 128 29 förslappas
377 1264 41 21 hos
435 1263 57 29 dem,
509 1265 24 20 ät
548 1263 81 22 hvilka
643 1263 87 22 värden
744 1270 37 15 om
791 1262 99 23 folksko-

69 1293 51 22 lans
135 1293 191 28 angelägenheter
341 1293 9 21 i
365 1296 115 19 närmaste
491 1293 63 22 hand
565 1296 25 19 är
600 1293 139 22 anförtrodd.
759 1293 60 22 Utaf
827 1293 65 21 dessa

70 1323 50 21 skäl
134 1323 198 21 rekommenderar
345 1323 42 28 jag
402 1323 38 22 till
456 1323 104 22 ständets
575 1323 202 29 uppmärksamhet
787 1323 45 21 den
842 1321 49 22 vid-

66 1352 83 29 fogade
164 1353 176 21 reservationen.

138 1381 109 22 Provasti
270 1381 72 28 Lyra:
372 1382 46 21 Det
437 1385 25 18 är
477 1382 53 22 med
546 1382 81 22 odelad
642 1382 84 29 fägnad
741 1382 78 26 hvarje
834 1380 58 22 folk-

68 1412 91 21 skolans
175 1415 46 18 vän
236 1411 74 22 finner
325 1413 34 20 att
375 1412 28 21 de
414 1413 25 20 sä
449 1411 67 22 klent
526 1411 103 22 aflönade
637 1411 202 22 folkskollärarene
849 1410 43 22 och

68 1441 168 21 -lärarinnorna
251 1441 121 28 ändtligen
386 1449 33 14 nu
434 1441 73 22 hafva
521 1441 75 29 utsigt
611 1443 34 20 att
660 1442 119 21 bekomma
794 1448 28 14 en
832 1440 60 22 löne-

68 1470 140 29 förhöjning.
238 1470 82 22 Denna
342 1471 189 29 löneförhöjning
552 1471 74 22 skulle
646 1471 28 29 ju
689 1471 47 22 täla
751 1478 56 14 vara
822 1472 72 19 större

70 1500 43 21 och
136 1500 75 21 skulle
226 1500 74 22 blifva
318 1502 76 26 större,
411 1507 43 20 om,
470 1502 76 21 säsom
560 1501 10 21 i
584 1501 52 21 näd.
651 1501 171 28 propositionen
836 1499 58 23 före-

139 1535 129 18 Pappissäädyn
276 1535 108 18 pöytäkirjat.
796 1529 24 19 46
