1109 1759
253 76 36 18 772
505 78 75 21 Pappiss.
592 79 22 17 27
627 84 16 16 p.
656 79 64 17 Huhtik.
731 78 49 18 1885.

218 137 106 21 stratorn.
355 136 54 22 Alla
431 136 70 22 andra
525 136 24 22 fä
570 137 59 21 efter
645 145 28 14 en
689 137 47 22 viss
752 136 105 23 bestämd
872 136 46 22 tids
934 136 108 30 tjenstgö-

217 166 54 28 ring
294 166 71 29 högre
388 166 106 29 aflöning.
525 166 121 30 Antingen
673 167 145 29 högvördiga
833 166 92 22 ständet
939 166 43 22 vill
997 166 46 22 till-

218 196 102 22 erkänna
343 196 154 22 sekreteraren
519 204 29 14 en
570 196 189 30 löneförhöjning
773 196 52 22 med
841 198 35 20 ett
891 199 68 19 tusen
973 196 70 27 mark,

218 226 56 21 eller
298 225 86 22 tilläter
407 228 34 19 att
463 226 46 22 han
533 228 114 27 upptages
670 226 9 22 i
702 226 154 28 anmärkning
873 227 10 21 1
901 226 70 22 bland
987 226 56 27 dem,

218 263 48 14 som
291 258 38 18 äro
352 255 143 29 berättigade
511 258 35 19 att
562 256 59 21 efter
636 256 47 22 viss
700 256 46 22 tids
762 256 157 28 tjenstgöring
934 256 24 21 få
974 256 69 28 högre

218 284 109 29 aflöning,
349 285 46 21 blir
417 285 162 29 förhöjningen
601 286 99 28 ungefär
723 286 138 21 densamma.
896 286 12 20 I
932 285 43 22 den
997 292 46 21 nya

218 316 76 20 staten
309 314 42 21 har
366 314 78 22 vidare
459 315 120 29 upptagits
594 315 104 28 aflöning
713 316 24 21 ät
753 316 72 28 nägra
841 322 112 21 personer,
964 314 79 22 hvilka

218 343 209 30 bankfullmäktige
450 344 51 22 icke
524 345 59 21 hade
604 347 120 19 omnämnt
747 345 9 21 i
780 345 42 21 sitt
845 345 93 28 förslag,
955 345 28 28 pä
999 344 43 21 den

217 373 77 29 grund
317 375 36 20 att
375 373 64 22 deras
458 374 103 29 aflöning
579 375 128 21 betraktats
723 382 49 14 som
787 374 106 29 tillfällig
909 375 42 21 och
966 375 76 27 utgätt

218 403 112 28 antingen
353 403 51 22 frän
427 404 195 29 expensemedlen,
639 404 55 21 eller
709 404 89 29 päförts
819 404 223 21 omkostnadskonto.

218 433 34 21 De
276 436 48 18 äro:
348 433 163 22 nattvakterna
533 434 43 21 och
591 434 180 29 gärdsdrängen.
803 434 46 29 Jag
864 434 42 21 har
921 434 121 28 ingenting

218 465 62 19 emot
295 464 35 20 att
347 463 27 21 de
390 463 9 21 i
413 465 79 20 staten
507 466 120 27 upptagas,
643 466 27 26 ty
685 464 71 21 sedan
772 464 92 21 banken
875 463 44 22 fätt
931 466 52 26 eget
994 463 48 27 hus,

217 495 39 19 äro
272 492 28 21 de
311 492 152 29 nödvändiga.
495 493 53 22 Men
560 493 221 22 omkostnadskonto
792 493 89 29 päföres
893 493 68 22 ocksä
971 495 71 27 nägra

216 522 73 22 andra
304 522 105 27 arvoden,
425 523 117 28 nämligen
558 523 35 22 för
609 523 50 27 den,
677 531 48 14 som
741 523 77 22 sköter
836 523 206 29 korrespondenser

217 552 52 21 med
285 552 88 21 utrikes
389 552 118 28 ombuden,
523 553 43 21 och
578 553 36 21 för
624 555 87 19 tvänne
721 556 67 19 extra
799 553 137 22 bokhällare.
967 553 74 22 Bank-

217 581 148 29 fullmäktige
380 581 71 22 hafva
465 582 71 21 redan
553 583 58 22 1880
627 583 83 21 tillätit
725 583 147 21 direktionen
888 585 35 19 att
938 583 24 21 ät
978 583 64 21 dessa

216 611 139 29 tjenstemän
379 612 102 21 utbetala
505 620 28 13 en
556 612 102 29 aflöning
681 613 27 20 af
725 613 150 21 tillsammans
892 613 65 27 7,200
972 613 68 21 mark.

216 641 71 22 Detta
311 641 80 29 anslag
414 641 41 22 har
479 642 50 21 icke
553 642 96 21 kommit
673 644 34 19 att
730 644 115 27 upptagas
860 643 8 20 i
884 645 80 19 staten.
996 643 45 27 Jag

216 672 72 27 vågar
303 671 84 21 föreslå
402 673 34 20 att
452 671 91 22 ståndet
559 672 54 21 ville
624 672 129 29 godkänna,
765 674 36 19 att
813 672 69 21 äfven
893 672 65 21 dessa
968 671 74 22 medel

215 702 116 27 upptagas
354 701 9 20 i
386 703 74 19 staten
483 701 73 22 under
580 701 61 22 titel:
662 702 84 21 arvode
762 703 25 20 ät
803 704 64 19 extra
881 701 160 29 tjenstemän
1025 697 19 37 i

216 730 112 22 Finlands
343 730 62 21 bank
421 732 64 26 7,200
501 731 44 22 mk.

287 760 106 21 Provasti
417 760 114 29 Grönberg
547 761 106 21 kannatti
669 761 110 22 edellisen
795 761 104 29 puhujan
915 761 125 22 ehdotusta.

216 791 44 20 Sen
273 789 94 29 jälkeen
381 790 75 21 lausui

288 819 127 22 Professori
438 819 127 29 Runeberg:
595 820 36 22 Då
654 823 93 26 prosten
763 820 80 29 Hjelts
858 820 87 29 förslag
960 821 80 21 omfat-

215 851 36 19 tar
274 856 42 21 par
339 849 75 21 skilda
437 849 105 29 punkter,
566 857 53 14 vore
643 850 39 21 det
704 851 38 20 väl
766 850 218 29 ändamälsenligast
1007 852 33 19 att

215 878 115 22 behandla
353 878 80 29 hvarje
456 879 75 28 punkt
554 879 110 22 särskildt
687 879 35 22 för
746 880 43 28 sig.
819 880 22 21 Ä
863 887 42 14 ena
920 879 65 22 sidan
1003 880 38 21 det

214 908 97 21 rörande
335 908 166 22 sekreterarens
516 909 192 28 löneförhöjning,
725 909 43 22 och
785 910 13 21 &
813 909 72 22 andra
900 909 66 22 sidan
981 909 58 22 infö-

214 937 82 22 randet
311 937 34 22 af
365 939 70 25 nägra
450 945 47 21 nya
511 941 77 26 poster
603 939 9 21 i
627 941 82 20 staten.
740 939 71 22 Hvad
826 939 214 28 löneförhöjningen

215 969 23 19 åt
254 967 156 22 sekreteraren
425 968 112 28 beträffar,
553 968 42 22 har
610 969 115 21 utskottet
740 970 31 28 pä
783 969 40 21 sid.
835 969 29 21 24
875 968 127 22 framhållit
1012 969 28 20 de

215 997 56 27 skäl,
289 1004 48 14 som
352 997 49 22 ledt
416 997 113 22 utskottet
544 998 38 21 till
597 1001 36 18 att
649 999 106 28 afstyrka
772 998 143 29 beviljandet
926 998 26 22 af
960 998 80 21 denna.

214 1026 47 23 Det
284 1033 55 15 vore
362 1027 39 21 väl
416 1027 39 21 det
478 1027 244 30 ändamänsenligaste,
741 1035 38 15 om
795 1035 53 14 man
864 1028 58 21 dock
938 1028 42 21 vill
995 1028 45 21 för-

214 1055 78 22 bättra
315 1056 58 21 hans
395 1057 133 27 lönevilkor,
552 1059 34 20 att
602 1057 63 29 välja
681 1058 38 21 det
735 1058 74 21 andra
824 1057 152 28 alternativet,
992 1065 48 14 som

213 1087 95 27 prosten
332 1085 66 29 Hjelt
422 1086 106 29 föreslog;
553 1089 34 20 att
605 1087 117 29 nämligen
737 1087 92 22 tilldela
844 1087 84 22 honom
943 1087 97 22 löneför-

213 1115 99 28 höjning
335 1115 58 22 efter
415 1116 62 21 vissa
499 1116 116 29 tjensteär.
647 1117 70 22 Hvad
741 1118 52 21 äter
815 1117 39 22 det
872 1124 47 21 nya
933 1117 107 28 tillägget

212 1144 116 29 beträffar,
344 1145 46 22 kan
406 1145 101 22 deremot
522 1146 50 22 icke
587 1154 56 15 vara
658 1148 71 27 nägot
745 1149 74 19 annat
835 1148 34 21 att
885 1147 115 26 anmärka,
1010 1150 30 17 än

213 1176 35 20 att
264 1174 40 21 det
319 1175 50 21 icke
385 1175 99 29 tidigare
497 1175 79 22 blifvit
586 1176 132 22 framhället
729 1177 26 21 af
764 1176 211 29 bankfullmäktige
986 1176 54 21 eller

212 1203 152 22 direktionen.

284 1234 106 22 Provasti
419 1235 128 28 Rosengren
574 1235 106 29 yhdistyi
705 1235 112 22 edellisen
840 1235 106 29 puhujan
968 1235 72 21 mieli-

211 1263 110 28 piteesen.

284 1293 143 28 Yliopettaja
442 1293 118 22 Kihlman:
590 1294 47 29 Jag
653 1295 80 28 skulle,
750 1295 73 21 innan
839 1294 95 22 ärendet
944 1295 96 28 afgöres,

210 1321 29 22 be
256 1324 35 19 att
306 1321 25 22 få
346 1322 61 22 fästa
430 1323 103 22 ständets
557 1324 204 29 uppmärksamhet
785 1325 30 28 pä
839 1326 86 20 tvänne
940 1325 76 28 poster
1032 1324 9 21 i

210 1353 83 26 staten,
317 1359 48 14 som
388 1352 73 23 finnes
483 1354 14 20 &
519 1361 51 21 pag.
594 1354 35 22 57.
663 1354 51 21 Den
738 1361 45 14 ena
805 1356 88 27 posten,
912 1353 128 29 utgörande

211 1382 81 27 10,000
315 1381 70 28 mark,
409 1385 25 19 är
456 1383 104 21 bestämd
582 1383 39 22 till
636 1383 159 28 diskretioner,
812 1386 35 19 att
863 1383 26 22 af
902 1383 137 22 bankdirek-

210 1410 81 22 tionen
314 1411 101 22 tilldelas
437 1412 138 29 tjenstemän
598 1413 43 21 och
665 1413 109 29 betjente,
793 1413 58 22 både
867 1413 114 22 ordinarie
997 1413 43 21 och

211 1442 71 26 extra,
299 1441 40 21 vid
354 1441 99 22 hufvud-
469 1442 43 21 och
527 1442 252 29 afdelningskontoren.
811 1443 51 21 Den
873 1444 70 20 andra
953 1445 87 26 posten,

211 1469 69 22 också
304 1470 80 28 10,000
406 1472 70 27 mark,
499 1475 26 18 är
547 1472 109 28 anslagen
679 1472 36 22 för
738 1472 131 22 beredande
885 1472 26 21 af
924 1474 115 19 semester-

210 1498 105 30 ledighet
338 1500 24 21 åt
385 1500 102 22 bankens
510 1502 96 21 embets-
630 1502 43 21 och
696 1502 146 28 tjenstemän,
867 1504 34 20 att
924 1502 116 22 användas
