1109 1714
344 70 75 21 Pappiss.
431 69 24 18 23
467 74 17 17 p.
496 69 63 18 Huhtik.
573 69 49 18 1885.
632 75 2 3 :
816 69 34 18 733

61 127 73 23 vulla:
163 127 129 30 ,Slutligen
315 127 117 22 förefaller
456 127 40 22 det
511 127 123 22 Utskottet
648 127 92 22 mindre
755 127 135 22 välbetänkt

61 159 36 20 att
118 157 83 29 tvinga
218 157 140 30 ålderstigna
373 157 74 22 lärare
462 159 36 20 att
513 157 37 22 för
565 157 37 21 sin
616 157 115 22 utkomsts
747 157 68 22 skuld
831 158 56 21 fort-

62 187 93 23 farande
171 188 92 28 qvarstå
278 188 30 28 på
323 195 29 14 en
367 188 67 28 plats,
451 187 39 22 der
506 187 101 22 arbetets
622 187 140 28 myckenhet
777 187 51 22 icke
839 194 47 14 mer

62 219 126 20 motsvaras
212 216 26 22 af
258 217 65 21 deras
346 217 109 21 krafter".
493 217 115 22 Yleisessä
624 216 263 23 valitusvaliokunnassa

62 247 88 22 vallitsi
165 247 68 22 aivan
248 247 150 21 samallainen
412 247 124 29 mielipide.
567 246 137 28 Katsottiin,
720 249 59 25 näet,
790 247 43 21 itse
844 246 42 22 asi-

64 276 44 22 alle
123 277 107 27 haitaksi,
243 276 36 29 jos
294 276 192 29 täysipalvelleen
500 276 141 30 professorin
661 276 86 29 palkan
764 276 64 22 takia
837 279 51 26 täy-

64 307 55 28 tyisi
132 306 70 30 jäädä
216 306 127 22 virkaansa.
374 306 45 22 Sen
434 306 82 22 kautta
531 306 47 22 hän
598 306 113 22 vanhaksi
726 306 106 22 tultuaan
846 306 43 22 tie-

63 337 58 27 tysti
129 336 21 22 ei
158 336 59 22 voisi
225 339 57 19 enää
296 336 74 28 hyvin
384 336 80 22 hoitaa
473 336 129 28 virkaansa,
610 336 24 28 ja
642 336 94 22 toiseksi
744 336 53 22 siitä
807 336 81 30 peljät-

65 366 43 22 tiin
124 366 44 22 sitä
183 366 89 22 haittaa
287 368 47 19 että
350 366 46 21 hän
408 366 60 22 siten
484 366 65 22 tulisi
564 368 117 19 estämään
696 366 72 21 muita
783 373 104 15 nuorem-

64 396 38 28 pia
124 395 89 29 kykyjä
238 398 142 26 pääsemästä
405 396 77 22 hänen
507 396 105 28 sijaansa,
633 395 66 29 joten
714 396 50 21 niin
778 396 109 22 muodoin

64 425 98 22 tieteelle
176 425 25 29 ja
216 425 127 29 yliopiston
354 426 142 28 opetukselle
506 425 158 22 valiokunnan
674 425 103 22 mielestä
787 426 101 28 syntyisi

64 455 202 22 kaksinkertainen
294 455 82 28 haitta,
396 455 38 29 jos
458 462 121 15 eroamaan
598 455 135 22 oikeutetun
748 455 140 29 professorin

63 485 85 29 palkka
162 485 200 22 vähennettäisiin.

135 515 107 21 Provasti
256 514 70 28 Hjelt:
356 515 46 21 Det
421 515 94 29 förslag,
531 522 48 15 som
595 514 114 22 utskottet
724 515 67 29 gjort,
808 517 35 19 att
858 522 28 14 en

64 544 112 29 afgäende
183 544 114 30 professor
312 544 74 22 skulle
401 544 25 22 få
447 545 166 29 tilleodonjuta
628 544 46 22 alla
689 544 61 22 löne-
762 545 42 21 och
812 544 77 28 hyres-

65 574 120 28 förmäner,
202 582 48 14 som
272 574 83 22 honom
378 574 73 22 under
473 575 113 29 tjenstens
608 574 126 22 utöfvande
749 574 139 28 tillkommit,

66 608 24 17 är
110 604 28 28 ju
160 604 106 29 omöjligt
288 606 35 19 att
344 604 133 29 genomföra
497 604 41 22 vid
553 604 165 28 universitetet,
735 606 25 26 ty
776 604 50 22 icke
842 604 46 22 alla

65 634 138 28 professorer
225 634 70 22 hafva
317 634 189 28 hyresförmäner,
529 636 57 20 utan
604 635 74 27 nägra
693 634 70 22 hafva
778 634 44 22 fria
837 640 50 15 rum

66 664 42 21 och
133 664 52 22 dem
205 664 46 21 kan
266 664 38 21 väl
320 671 28 13 en
364 663 193 30 afskedstagande
572 663 114 30 professor
701 664 49 21 icke
766 666 54 26 taga
835 662 52 23 med

66 694 36 28 sig
116 696 57 19 utan
188 694 72 21 måste
276 693 75 22 lemna
366 694 24 21 åt
406 694 36 21 sin
458 694 156 22 efterträdare.

136 723 96 22 Tohtori
254 723 93 22 Geitlin:
380 723 80 22 Kovin
485 724 83 21 ikävää
590 731 30 14 on
636 725 48 19 että
704 723 102 29 provasti
821 722 67 30 Hjelt

66 760 30 14 on
116 753 129 29 käsittänyt
267 753 156 21 valiokunnan
442 753 164 29 loppuponnen
621 752 56 28 niin,
693 755 48 19 että
756 753 133 21 valiokunta

66 782 69 22 muka
150 782 109 22 ehdottaa
274 784 48 20 että
337 783 79 28 täysin
431 783 114 29 palvellut
560 782 124 30 professori
694 785 128 19 erotessaan
830 782 58 22 veisi

66 812 129 22 huoneensa
209 812 133 22 mukaansa!
378 812 120 22 Tunnettu
514 820 29 14 on
564 815 50 19 että
628 812 77 22 meillä
720 820 29 14 on
764 812 126 22 muutamia

66 842 143 28 professoria,
232 842 66 29 joilla
320 842 217 29 palvelusajallansa
560 850 29 14 on
610 849 75 22 vapaa
700 842 114 27 kortteeri,
829 842 59 21 niin-

67 872 56 22 kuin
148 872 62 22 esim.
234 872 153 22 astronomian
400 872 26 28 ja
440 872 132 22 botaniikin
587 872 173 30 professoreilla.
791 870 100 30 Tietysti

66 901 68 22 heille
149 902 127 29 tapahtuisi
291 905 106 25 vääryys,
410 902 37 28 jos
463 902 85 22 heidän
571 902 98 28 täytyisi
684 902 84 28 luopua
777 903 111 27 vapaasta

68 934 158 25 asunnostaan,
252 934 112 19 saamatta
388 932 88 21 mitään
497 932 130 28 korvausta,
642 932 57 21 kuin
712 932 78 21 muille
805 938 31 15 on
851 930 38 22 eh-

68 961 87 22 doteltu
172 961 145 29 hyyryrahat
336 964 65 26 myös
416 962 89 21 virasta
526 962 126 22 eroamisen
664 962 97 28 jälkeen.
795 960 95 22 Sentäh-

68 991 44 21 den
136 990 136 22 valiokunta
294 991 21 21 ei
340 991 170 22 tahtonutkaan
536 999 70 14 sanoa
633 991 167 29 ,hyyryrahat"
828 997 60 15 vaan

69 1020 165 30 nhyyryedut*.

138 1050 143 29 Yliopettaja
296 1050 118 22 Kihlman:
444 1050 72 23 Detta
531 1051 145 22 betänkande
694 1051 42 21 har
751 1050 71 22 redan
838 1049 52 22 blif-

68 1080 34 22 vit
124 1080 26 21 af
171 1082 34 20 ett
228 1080 67 22 ständ
317 1080 129 22 förkastadt
468 1081 44 21 och
534 1081 79 29 ryktet
636 1083 39 19 vet
693 1080 95 22 förmäla
802 1082 36 20 att
853 1080 39 21 det

68 1110 73 22 skulle
156 1109 80 22 blifvit
250 1110 130 22 förkastadt
396 1110 69 22 äfven
481 1111 9 21 i
506 1112 34 20 ett
556 1112 70 20 annat
641 1110 73 22 ständ.
744 1110 46 30 Jag
803 1110 88 28 hoppas

68 1142 34 19 att
125 1140 39 21 det
186 1139 143 29 högvördiga
352 1140 173 22 Presteständet
543 1140 51 22 icke
609 1140 59 22 skall
683 1140 56 30 följa
755 1140 63 22 dessa
834 1139 58 22 före-

68 1170 82 21 dömen
172 1172 57 19 utan
251 1169 123 29 godkänna
394 1169 44 22 den
454 1170 77 28 tanke,
548 1177 48 15 som
611 1170 132 22 framkallat
758 1170 132 29 petitionen.

67 1199 53 22 Men
136 1199 29 22 dä
178 1199 42 29 jag
236 1199 82 22 önskar
334 1201 35 20 att
384 1199 131 29 petitionen
530 1201 72 21 mätte
617 1200 118 22 föranleda
750 1200 37 22 till
803 1198 87 30 ätgärd,

68 1236 66 21 synes
158 1229 39 22 det
215 1229 48 29 mig
278 1237 55 14 vara
348 1229 27 22 af
388 1231 85 20 största
489 1230 57 29 vigt,
562 1232 35 19 att
612 1231 126 28 petitionen
754 1228 137 23 framställes

68 1260 7 20 i
92 1259 70 21 sädan
184 1259 65 26 form,
272 1261 35 20 att
330 1266 52 15 man
406 1259 46 22 kan
475 1259 90 29 hoppas
588 1262 36 19 att
639 1260 44 21 den
698 1260 119 28 verkligen
832 1258 60 22 skall

68 1288 102 22 medföra
185 1289 39 21 det
240 1296 48 14 som
302 1289 94 28 äsyftas.
426 1289 47 21 Det
489 1293 25 18 är
530 1289 78 22 derför
623 1297 47 14 som
684 1289 42 30 jag
736 1289 74 22 skulle
820 1288 72 23 önska

69 1320 34 20 att
128 1319 128 28 petitionen
280 1318 74 22 skulle
376 1318 120 22 förändras
519 1319 9 21 i
543 1321 81 20 trenne
638 1319 152 22 hänseenden:
809 1320 35 21 1:0
860 1319 34 21 att

68 1348 127 29 petitionen
218 1348 72 21 skulle
313 1348 137 21 inskränkas
474 1349 82 21 endast
579 1349 37 21 till
631 1349 169 22 universitetets
816 1349 78 20 lärare.

68 1377 69 22 Hvad
162 1377 183 29 tjenstemännen
360 1377 115 27 beträffar,
500 1381 25 19 är
541 1379 39 21 det
595 1379 59 21 visst
669 1381 51 20 sant
736 1381 34 19 att
786 1379 27 21 de
829 1378 8 21 i
853 1377 39 22 all-

68 1407 93 22 mänhet
176 1407 51 22 icke
242 1407 69 29 pläga
326 1415 117 20 avancera,
459 1415 54 14 men
529 1408 28 21 de
572 1412 40 18 äro
628 1408 58 22 dock
701 1409 24 21 sä
741 1407 102 23 aflönade
859 1408 35 21 att

68 1437 28 21 de
116 1437 65 21 torde
204 1437 78 22 kunna
305 1437 91 21 komma
418 1437 37 21 till
473 1440 69 26 rätta,
558 1438 42 21 och
614 1438 42 29 jag
671 1441 47 18 tror
733 1438 50 21 icke
799 1439 41 26 att,
856 1443 37 15 om

68 1473 28 14 en
112 1466 66 28 dylik
193 1466 71 29 tjenst
280 1466 76 22 blefve
372 1466 68 29 ledig,
457 1467 41 22 det
513 1467 74 22 skulle
604 1468 82 21 saknas
698 1467 104 28 sökande,
813 1466 81 22 hvilka

67 1495 73 22 skulle
156 1496 79 28 ätnöja
250 1496 36 29 sig
301 1496 52 21 med
369 1496 44 21 den
429 1497 38 20 lön
485 1505 48 14 som
549 1497 35 22 för
599 1497 141 22 närvarande
755 1498 87 25 bestäs;
859 1496 34 21 2:0
