1081 1756
216 73 49 19 1128
459 76 74 20 Pappiss.
545 76 20 17 18
577 80 16 17 p.
605 76 72 18 Toukok.
689 76 49 18 1885.

178 133 39 21 län
237 132 74 23 skulle
331 133 51 22 frän
403 134 291 22 amortissements-fonden
712 134 125 22 öfverföras
852 134 38 22 till
905 134 101 22 kommu-

178 163 207 27 nikationsfonden,
409 163 96 22 hvilken
528 171 78 14 senare
629 164 56 22 fond
708 164 122 22 framdeles
846 164 57 29 egde
919 166 35 20 att
969 165 37 21 be-

178 193 72 21 strida
279 193 160 22 annuiteterna
465 193 37 21 för
530 193 64 22 detta
623 194 44 27 län,
690 194 81 22 hvilka
794 196 82 26 utgöra
899 194 106 29 omkring

178 224 95 26 880,000
288 223 71 21 mark.
389 223 108 21 Deremot
512 222 73 22 afstär
599 224 137 28 regeringen
752 225 24 20 ät
786 224 217 22 kommunikations-

178 252 86 22 fonden
287 253 28 21 35
339 253 27 28 9/,
391 252 26 22 af
437 252 229 30 nettobehällningen
684 253 52 21 från
754 253 252 29 Helsingfors—Riihi-

178 282 127 21 mäki—S:t
341 282 150 29 Petersburgs
526 282 105 29 järnväg,
667 283 81 22 hvilka
784 283 84 22 hittills
904 282 100 23 tillfallit

179 311 144 22 statsfonden
351 312 41 21 och
421 312 81 21 hvilka
524 312 73 22 under
620 313 27 21 de
671 314 14 21 4
709 313 56 22 sista
788 314 55 21 åren
866 313 8 21 i
896 312 109 23 medeltal

178 341 89 28 utgjort
290 342 95 27 735,350
407 342 72 21 mark.
516 342 177 22 Statsutskottet
716 345 116 26 upptager
857 343 74 21 denna
952 344 51 27 post

178 372 14 20 å
212 378 51 21 pag.
285 372 12 21 2
318 371 9 21 i
345 372 160 21 betänkandet.
536 372 54 21 Men
609 372 28 21 då
653 372 296 23 kommunikationsfonden
965 380 39 14 en-

178 401 46 28 ligt
239 401 146 29 regeringens
401 401 87 29 förslag
503 401 69 22 äfven
588 401 102 22 kommer
705 404 35 20 att
756 402 120 29 öfvertaga
891 403 113 28 Hangö—

179 431 111 28 Hyvinge
306 431 99 29 järnväg
421 431 43 22 och
480 431 74 22 denna
567 431 101 30 järnväg
682 432 8 21 i
706 432 109 21 medeltal
830 433 36 20 för
881 432 27 21 de
924 434 15 20 4
950 433 56 21 sista

180 461 53 21 åren
255 461 129 22 trafikerats
405 461 52 22 med
473 469 27 14 en
516 461 59 28 årlig
590 461 83 22 förlust
689 462 26 21 af
729 463 95 26 104,000
840 461 69 28 mark,
926 462 54 21 eller
996 462 8 21 i

178 490 70 21 rundt
271 491 34 20 tal
328 491 93 28 100,000
444 491 70 28 mark,
531 492 24 20 så
574 491 79 28 skulle,
673 499 37 14 om
725 499 55 14 man
796 491 146 22 subtraherar
957 491 46 22 för-

179 520 81 28 lusten,
282 521 94 27 100,000
396 521 71 26 mark,
483 521 52 21 från
549 521 98 27 vinsten,
664 522 96 26 735,000
775 521 69 28 mark,
861 528 83 22 genom
960 521 44 22 den

180 549 128 29 föreslagna
335 550 172 21 transaktionen
534 551 300 22 kummunikationsfonden
862 551 86 22 erhålla
970 553 34 20 ett

180 579 69 28 årligt
264 580 100 21 tillskott
379 579 26 22 af
419 581 94 26 635,000
529 580 70 21 mark.
631 581 54 21 Men
700 581 166 27 annuiteterna,
882 588 48 14 som
941 581 62 21 kom-

179 609 240 22 munikationsfonden
442 610 89 21 komme
553 612 36 19 att
607 610 76 21 betala
699 611 13 20 å
729 611 58 22 1862
803 611 36 21 års
854 611 45 27 län,
915 613 88 26 utgöra,

180 639 73 21 såsom
269 639 70 28 sades,
355 640 95 26 880,000
465 640 70 21 mark.
566 639 42 22 Om
619 647 53 14 man
685 640 147 21 subtraherar
846 641 95 26 635,000
952 640 51 21 från

180 669 101 28 880,000,
307 670 24 20 så
353 669 96 22 erhålles
472 677 28 14 en
522 672 47 19 rest
587 669 26 22 af
627 671 101 26 245,000,
744 670 95 21 hvilken
854 672 47 19 rest
916 670 88 21 utvisar

180 698 45 21 den
247 698 88 28 förlust,
359 706 47 14 som
430 699 294 22 kommunikationsfonden
747 699 73 22 under
843 699 27 22 de
890 701 114 20 närmaste

180 729 54 20 åren
249 728 90 21 komme
354 730 34 20 att
404 729 127 21 vidkännas
544 736 83 21 genom
638 729 44 22 den
693 729 25 22 af
726 729 137 29 regeringen
874 729 130 29 föreslagna

180 757 43 22 och
246 757 26 22 af
292 759 172 20 statsutskottet
486 759 121 28 godkända
631 759 171 28 förändringen.
833 759 45 22 För
894 761 35 19 att
944 759 58 21 före-

180 787 79 29 bygga
281 787 74 22 denna
377 788 84 21 förlust
483 788 36 21 för
538 789 298 21 kommunikationsfonden
852 789 41 21 har
908 791 94 19 statsut-

180 817 87 22 skottet
285 817 123 29 föreslagit,
424 820 35 19 att
475 818 111 28 styrelsen
602 819 55 20 ville
673 819 82 27 tillåta,
772 821 34 19 att
822 819 95 27 248,000
932 818 70 28 mark,

180 846 55 21 eller
257 846 50 29 just
327 847 44 22 den
393 855 92 20 summa,
501 855 48 14 som
564 847 36 22 för
615 848 296 22 kommunikationsfonden
926 852 26 17 är
966 848 39 21 be-

180 875 77 30 höflig,
276 878 71 20 måtte
362 877 37 21 till
415 877 129 22 densamma
559 877 126 23 öfverföras
701 878 26 22 af
741 878 27 22 de
783 881 84 25 räntor,
884 885 47 15 som
947 886 57 21 upp-

180 907 36 20 stå
240 906 36 22 uti
301 907 277 22 amortissementsfonden
604 908 42 21 och
672 908 80 21 hvilka
778 910 78 20 räntor
881 908 61 28 stiga
967 907 37 21 till

180 936 96 27 396,600
295 937 70 27 mark,
381 937 80 21 sådant
476 937 154 21 förhållandet
645 945 32 14 nu
693 941 30 23 är,
740 938 61 27 eller,
817 945 37 14 om
870 938 12 21 2
898 938 106 28 miljoner

181 965 101 22 derifrän
305 966 87 28 afföras,
415 966 37 22 till
468 968 94 26 316,600
577 967 72 21 mark.
680 967 177 22 Statsutskottet
872 967 42 21 har
930 968 74 20 ansett

180 995 37 28 sig
232 996 24 20 så
271 996 92 28 mycket
378 996 72 22 hellre
466 996 77 21 kunna
558 996 83 22 föreslå
657 997 69 27 detta,
744 1004 47 14 som
803 997 201 21 amortissements-

180 1024 97 22 fondens
302 1028 78 19 räntor
404 1026 85 21 hittills
514 1026 79 22 blifvit
619 1027 106 21 använda
751 1026 36 22 för
810 1026 158 22 annuiteterna
992 1026 12 21 å

182 1055 57 21 1862
255 1056 37 20 års
307 1055 43 21 lån.
381 1055 36 21 Då
432 1056 63 21 detta
509 1056 38 21 lån
557 1063 33 14 nu
601 1056 124 22 öfverföres
736 1056 39 21 till
784 1056 220 22 kommunikations-

180 1084 91 28 fonden,
295 1084 70 22 hafva
389 1085 27 21 de
431 1088 84 25 räntor,
532 1092 47 15 som
595 1086 84 28 inflyta
694 1086 8 21 i
718 1085 285 28 amortissementsfonden,

180 1113 70 29 ingen
266 1114 149 29 användning
431 1122 52 14 mer.
513 1115 34 21 De
563 1116 72 20 måste
651 1116 57 21 dock
723 1116 39 20 till
777 1115 129 29 någonting
918 1118 85 18 använ-

181 1143 46 27 das,
253 1144 43 21 och
321 1144 39 22 det
383 1144 42 21 har
447 1146 64 26 synts
535 1145 174 21 statsutskottet
732 1145 119 29 naturligt,
875 1147 35 19 att
930 1145 74 21 denna

180 1180 93 20 summa,
297 1180 48 15 som
368 1174 69 21 äfven
459 1174 26 21 af
505 1174 136 29 regeringen
664 1175 110 21 särskildt
797 1178 130 18 omnämnes
942 1174 9 21 i
968 1182 36 21 ap-

180 1202 153 28 proximativa
349 1203 108 28 kalkylen
473 1211 52 21 pag.
541 1205 19 27 3,
576 1204 62 28 finge
653 1204 36 22 för
700 1204 65 22 detta
775 1204 116 22 allmänna
901 1204 105 21 ändamål

180 1232 122 22 användas.
334 1233 174 22 Statsutskottet
523 1234 42 21 har
581 1234 127 21 emellertid
723 1234 52 21 icke
791 1236 77 20 ansett
883 1234 37 28 sig
929 1234 75 21 berät-

180 1262 77 28 tigadt
273 1265 34 19 att
323 1262 141 22 annorlunda
479 1266 29 18 än
523 1263 9 21 i
547 1263 157 29 petitionsväg
720 1263 121 22 framhålla
855 1263 63 22 detta
928 1262 75 29 behof,

180 1291 43 21 och
242 1291 75 22 derför
333 1293 42 21 har
390 1292 175 28 statsutskottet,
582 1294 73 20 såsom
671 1293 116 21 klämmen
802 1293 41 21 här
858 1293 71 28 lyder,
945 1293 59 21 före-
1022 1318 8 8 N

180 1320 71 29 slagit
271 1323 35 19 att
321 1322 122 22 ständerna
457 1323 71 21 mätte
544 1322 41 22 hos
601 1323 113 28 styrelsen
730 1323 98 26 anhälla,
844 1324 34 20 att
894 1322 26 22 af
933 1329 72 15 amor-

179 1350 228 23 tissementsfondens
430 1354 77 19 räntor
528 1354 33 19 ett
585 1352 82 29 belopp
691 1352 27 21 af
739 1353 95 27 248,000
857 1352 66 21 mark
943 1352 61 28 finge

178 1379 129 22 tillsvidare
323 1381 87 29 ärligen
425 1381 125 22 öfverföras
565 1382 37 20 till
612 1382 303 22 kommunikationsfonden.
945 1382 59 21 Här-

180 1412 61 18 emot
264 1410 41 21 har
328 1418 32 14 nu
383 1412 92 27 prosten
491 1411 66 29 Hjelt
573 1416 126 17 reserverat
715 1412 42 28 sig.
788 1412 159 21 Reservanten
962 1411 43 21 vill

179 1438 51 22 icke
254 1441 34 19 att
304 1439 74 22 denna
393 1448 88 14 summa
495 1441 60 21 skall
571 1440 130 28 öfverföras,
718 1449 52 14 men
786 1441 36 21 uti
836 1441 169 21 reservationen

180 1476 52 21 pag.
257 1470 27 21 17
307 1473 66 25 säger
396 1470 47 21 han
464 1473 35 19 att
521 1472 81 26 90,000
622 1471 65 22 mark
702 1471 56 22 böra
773 1471 61 22 ifrån
850 1478 85 14 samma
949 1471 57 21 fond

179 1498 37 21 till
239 1498 293 24 kommunikationsfonden
555 1501 126 22 öfverföras
697 1501 44 22 och
758 1508 70 19 anser,
847 1501 73 21 såsom
936 1499 69 23 orden
