1109 1756
260 56 36 32 706
496 62 75 26 Pappiss.
583 63 23 17 23
619 67 15 17 p.
647 63 62 25 Huhtik.
722 62 49 21 1885.

223 120 101 29 framgår
347 120 72 29 häraf,
441 128 36 16 om
500 121 69 22 också
591 121 115 22 utskottet
721 121 50 21 icke
787 120 116 22 bestämdt
918 121 127 29 tillstyrker

221 149 50 29 just
287 150 74 22 denna
376 150 68 29 siffra,
459 152 36 21 att
510 158 29 14 en
554 150 135 30 förhöjning
699 151 9 21 i
717 150 218 29 tillskottsanslaget
945 151 100 22 kommer

223 181 36 20 att
281 180 93 22 inträffa
389 182 29 27 på
435 180 76 30 grund
526 181 27 21 af
566 180 40 22 det
621 188 55 21 nyss
692 180 89 22 fattade
797 180 106 28 beslutet,
919 181 42 21 och
976 188 68 22 synes

223 209 40 21 det
286 210 76 22 derför
384 217 55 15 vara
459 210 191 30 ändamålsenligt
665 212 35 20 att
715 213 55 26 taga
786 210 65 22 detta
865 210 9 21 i
889 210 156 29 betraktande,

222 239 91 22 hvilket
328 240 177 29 öfverstyrelsen
520 240 43 22 och
578 240 137 29 regeringen
730 240 50 22 icke
795 239 71 23 hafva
881 240 89 22 kunnat
984 243 61 26 göra.

224 268 120 23 Utskottet
366 272 75 26 yttrar
455 270 79 22 vidare
549 271 30 28 på
594 270 41 22 sid.
651 271 20 21 6:
689 269 98 30 ,härvid
801 277 66 14 anser
882 270 112 22 utskottet
1009 270 37 29 sig

223 299 55 22 böra
293 299 104 30 tillägga,
412 302 35 19 att
461 300 114 22 utskottet
590 300 127 29 ingalunda
733 300 70 21 afsett
819 301 34 20 att
868 307 29 14 en
911 299 134 30 minskning

223 328 74 22 skulle
312 329 36 21 uti
363 330 162 29 statsanslaget
539 337 44 22 ega
597 337 51 14 rum
663 330 37 21 för
716 329 28 22 de
759 330 140 27 kommuner,
915 329 79 22 hvilka
1009 329 35 22 för

222 359 143 21 närvarande
388 359 89 30 åtnjuta
499 359 83 30 bidrag
604 359 38 22 till
665 362 34 19 ett
714 359 84 29 belopp
813 359 171 29 öfverstigande
1000 359 44 28 det,

223 395 48 14 som
293 388 127 23 tillkomme
435 389 57 28 dem,
509 397 37 14 om
560 397 29 14 en
605 389 85 22 allmän
705 391 144 27 procentsats
864 389 76 22 blefve
956 389 8 22 i
980 389 63 22 detta

222 417 43 22 fall
280 417 125 24 faststäld.!
437 419 83 29 Någon
535 419 160 22 motsvarande
710 419 134 29 minskning
859 419 89 21 komme
958 419 86 22 således

222 447 148 29 ingenstädes
393 451 34 20 att
449 457 44 21 ega
515 456 56 15 rum.
601 449 13 21 I
634 449 59 28 följd
709 449 68 21 häraf
791 456 68 21 synes
875 449 169 22 reservationen

222 484 56 15 vara
293 477 56 22 fullt
363 478 129 29 berättigad
508 479 42 21 och
565 479 114 28 påkallad.

294 519 107 22 Provasti
415 520 68 27 Hjelt:
515 520 112 29 Samtliga
642 520 99 29 utgifter
757 521 37 20 för
809 520 155 22 folkskolorna
980 521 8 20 i
999 521 44 21 stä-

221 548 71 22 derna
307 551 79 27 uppgå
401 550 72 29 enligt
489 550 189 29 öfverstyrelsens
689 550 36 21 för
736 550 161 21 skolväsendet
907 550 61 22 tablå
979 550 63 22 öfver

221 578 129 28 utgifterna
377 579 35 22 för
442 580 156 21 folkskolorna
627 580 8 21 i
659 580 108 21 städerna
790 580 73 21 under
885 580 157 21 kalenderåret

223 608 58 22 1883
303 609 38 21 till
365 610 92 27 725,822
475 610 65 21 mark
555 611 30 21 80
599 610 76 28 penni,
691 610 96 21 hvartill
803 612 76 19 staten
895 610 81 28 bidrog
991 609 51 22 med

223 638 94 27 144,100
337 639 71 27 mark,
424 639 85 22 således
525 639 52 22 med
593 639 26 29 !/;
637 639 56 22 eller
709 641 29 21 20
753 641 101 27 procent.
885 639 36 22 Då
935 647 32 14 nu
983 639 59 22 skol-

221 668 113 27 styrelsen
349 669 122 28 uppgifver
487 671 34 20 att
536 671 34 20 ett
585 669 82 29 anslag
682 669 27 22 af
722 670 66 27 5,000
803 669 66 22 mark
884 676 36 15 om
930 670 48 21 året
988 676 54 14 vore

220 697 138 33 tillräckligt
381 701 34 19 att
437 701 62 19 möta
514 699 45 21 alla
574 699 177 22 eventualiteter
767 699 73 21 under
854 699 188 21 nästkommande

221 726 160 30 finansperiod,
397 728 69 22 äfven
481 736 36 14 om
532 736 53 14 man
600 729 65 28 höjer
680 729 155 29 procenttalet
850 729 52 21 från
917 729 29 22 20
960 729 38 21 till
1013 729 29 22 30

221 760 100 24 procent,
344 757 47 22 kan
410 758 43 29 jag
474 758 50 22 icke
547 758 60 22 fatta
627 759 95 21 hvarför
737 765 54 14 man
807 759 40 20 vid
862 758 182 21 bestämmandet

221 785 27 22 af
269 786 44 22 den
336 795 93 20 summa,
452 795 48 14 som
523 789 134 28 ytterligare
680 788 111 22 behöfves
814 788 36 21 för
865 787 178 22 folkskolorna
1032 781 15 40 i

221 815 112 29 städerna,
357 817 73 22 skulle
453 818 64 21 anslå
539 825 28 14 en
590 818 71 28 högre
685 825 93 14 summa.
809 818 47 28 Jag
879 819 47 20 tror
949 820 41 25 att,
1006 825 36 14 om

221 846 66 26 5,000
309 847 66 21 mark
397 847 36 22 för
455 848 49 21 året
527 847 74 22 anslås
617 847 36 22 för
676 847 158 22 folkskolorna
856 847 9 21 i
888 847 110 27 städerna,
1014 847 28 22 de

221 875 70 22 borde
306 884 55 14 vara
376 877 140 29 tillräckliga
530 877 35 22 för
581 880 34 19 att
632 877 96 22 betäcka
743 877 47 22 alla
806 877 27 21 de
844 877 198 29 tillskottsanslag,

220 912 49 14 som
284 905 72 23 under
370 907 186 21 nästkommande
571 907 155 29 finansperiod
742 908 79 20 kunna
837 907 91 21 komma
943 907 9 21 i
967 907 74 28 fråga;

221 934 94 22 hvarför
328 936 42 28 jag
385 936 36 22 för
435 936 48 22 min
499 936 36 22 del
551 937 90 21 förenar
656 937 49 28 mig
720 937 53 21 med
789 936 28 22 hr
832 936 116 22 Kihlman.

293 971 126 23 Professori
446 972 130 22 Danielson:
604 972 83 22 Herrat
715 972 113 21 Kihlman
853 972 26 28 ja
902 972 65 28 Hjelt
990 974 53 20 ovat

221 999 152 23 esiintuoneet
391 1009 28 13 ne
434 1004 60 26 syyt,
508 1002 66 28 jotka
589 1002 142 22 vaikuttivat
747 1002 229 21 valtiovaliokunnan
990 1004 53 26 pää-

219 1029 101 29 tökseen,
336 1031 61 21 ett'ei
413 1038 133 22 suurempaa
561 1039 102 14 summaa
678 1031 142 22 määrättäisi
835 1031 57 21 kuin
907 1031 57 21 mitä
979 1032 65 21 ensin

220 1058 211 30 koulu-ylihallitus
443 1061 26 28 ja
484 1061 125 21 sittemmin
624 1068 68 14 maan
702 1061 96 21 hallitus
809 1061 72 21 olivat
892 1060 153 23 ehdottaneet.

220 1087 213 25 Valtiovaliokunta
455 1091 43 21 otti
521 1090 122 22 huomioon
666 1090 95 22 etenkin
776 1098 40 14 sen
832 1090 84 28 seikan,
932 1092 48 19 että
995 1092 49 20 tätä

219 1118 81 28 nykyä
315 1122 78 19 monet
407 1120 130 29 kaupungit
551 1121 116 21 nauttivat
683 1120 49 22 niin
748 1122 80 20 suurta
843 1120 138 28 valtioapua,
996 1122 48 20 että

219 1154 30 14 ne
265 1149 134 22 seuraavina
414 1150 105 21 kolmena
534 1158 91 14 vuonna
640 1150 79 21 tuskin
735 1150 90 21 tulevat
840 1157 106 14 saamaan
956 1150 87 21 mitään

219 1176 126 30 korotusta,
365 1179 37 28 jos
418 1182 117 19 asetutaan
547 1180 91 28 jonkun
652 1182 121 26 määrätyn
788 1179 185 29 prosenttiluvun
989 1179 56 29 poh-

217 1206 62 28 jalle.
311 1208 76 22 Mutta
409 1209 84 21 vaikka
516 1210 91 21 olenkin
622 1209 116 21 kuulunut
753 1208 158 22 valiokunnan
926 1209 118 21 enemmis-

218 1239 55 19 töön
296 1237 26 29 ja
347 1238 149 29 hyväksynyt
523 1246 40 14 sen
588 1246 109 20 summan,
721 1238 74 29 jonka
820 1246 23 14 se
865 1238 113 28 ehdottaa,
993 1238 50 22 niin

218 1269 117 25 myönnän
358 1268 115 22 kernaasti
492 1268 93 29 varojen
606 1269 94 21 tulevan
715 1268 51 22 niin
783 1268 160 28 hyödylliseen
957 1268 85 21 tarkoi-

217 1296 102 27 tukseen,
343 1299 48 19 että
407 1298 36 28 jos
459 1298 165 28 pantaisiinkin
639 1298 164 21 menoarvioon
819 1298 115 28 suurempi
949 1304 93 21 summa,

217 1325 22 21 ei
254 1326 55 21 siitä
323 1326 68 22 lähde
406 1327 177 22 minkäänlaista
598 1328 93 26 haittaa,
707 1328 60 20 enkä
783 1327 40 21 siis
839 1327 70 21 tahdo
924 1329 119 19 vastustaa

217 1354 43 22 hra
275 1355 118 22 Donnerin
409 1357 127 21 ehdotusta.

290 1391 157 22 Keskustelun
460 1392 173 29 julistettuansa
648 1392 152 29 loppuneeksi
811 1392 68 22 asetti
892 1392 66 21 herra
968 1391 76 22 Puhe-

218 1420 57 21 mies
291 1421 87 28 säädyn
393 1422 166 22 vastattavaksi
574 1422 55 21 näin
645 1422 118 22 kuuluvan
780 1421 234 29 äänestysesityksen:

291 1456 48 22 Vill
355 1457 91 22 ständet
461 1458 121 29 godkänna
596 1458 125 21 utskottets
737 1459 13 20 &
765 1458 87 29 pagina
869 1456 11 23 7
897 1457 9 22 i
921 1456 123 23 betänkan-

218 1485 40 22 det
279 1485 134 23 framstälda
427 1487 86 29 förslag
528 1487 117 29 angående
661 1488 209 28 anslagssummans
885 1487 89 28 belopp,
990 1486 55 22 eller
