<?xml version="1.0" encoding="UTF-8"?>
<alto xmlns="http://www.loc.gov/standards/alto/ns-v3#" xmlns:xlink="http://www.w3.org/1999/xlink" xmlns:xsi="http://www.w3.org/2001/XMLSchema-instance" xsi:schemaLocation="http://www.loc.gov/standards/alto/ns-v3# http://www.loc.gov/alto/v3/alto-3-0.xsd">
	<Description>
		<MeasurementUnit>pixel</MeasurementUnit>
		<sourceImageInformation>
			<fileName>/tmp/tess_gdhvqkb3_input.PNG</fileName>
		</sourceImageInformation>
		<OCRProcessing ID="OCR_0">
			<ocrProcessingStep>
				<processingSoftware>
					<softwareName>tesseract 5.3.4</softwareName>
				</processingSoftware>
			</ocrProcessingStep>
		</OCRProcessing>
	</Description>
	<Layout>
		<Page WIDTH="1109" HEIGHT="1756" PHYSICAL_IMG_NR="0" ID="page_0">
			<PrintSpace HPOS="0" VPOS="0" WIDTH="1109" HEIGHT="1756">
				<ComposedBlock ID="cblock_0" HPOS="305" VPOS="62" WIDTH="526" HEIGHT="22">
					<TextBlock ID="block_0" HPOS="305" VPOS="62" WIDTH="526" HEIGHT="22">
						<TextLine ID="line_0" HPOS="305" VPOS="62" WIDTH="526" HEIGHT="22">
							<String ID="string_0" HPOS="305" VPOS="64" WIDTH="74" HEIGHT="20" WC="0.91" CONTENT="Pappiss."/><SP WIDTH="12" VPOS="64" HPOS="379"/>
							<String ID="string_1" HPOS="391" VPOS="64" WIDTH="22" HEIGHT="17" WC="0.96" CONTENT="23"/><SP WIDTH="12" VPOS="64" HPOS="413"/>
							<String ID="string_2" HPOS="425" VPOS="68" WIDTH="16" HEIGHT="16" WC="0.93" CONTENT="p."/><SP WIDTH="13" VPOS="68" HPOS="441"/>
							<String ID="string_3" HPOS="454" VPOS="63" WIDTH="64" HEIGHT="17" WC="0.92" CONTENT="Huhtik."/><SP WIDTH="11" VPOS="63" HPOS="518"/>
							<String ID="string_4" HPOS="529" VPOS="63" WIDTH="49" HEIGHT="17" WC="0.96" CONTENT="1885."/><SP WIDTH="217" VPOS="63" HPOS="578"/>
							<String ID="string_5" HPOS="795" VPOS="62" WIDTH="36" HEIGHT="18" WC="0.96" CONTENT="723"/>
						</TextLine>
					</TextBlock>
				</ComposedBlock>
				<ComposedBlock ID="cblock_1" HPOS="31" VPOS="120" WIDTH="854" HEIGHT="1396">
					<TextBlock ID="block_1" HPOS="44" VPOS="120" WIDTH="822" HEIGHT="60">
						<TextLine ID="line_1" HPOS="44" VPOS="120" WIDTH="822" HEIGHT="30">
							<String ID="string_6" HPOS="44" VPOS="125" WIDTH="53" HEIGHT="19" WC="0.90" CONTENT="tenä"/><SP WIDTH="15" VPOS="125" HPOS="97"/>
							<String ID="string_7" HPOS="112" VPOS="122" WIDTH="122" HEIGHT="21" WC="0.92" CONTENT="erotuksen"/><SP WIDTH="15" VPOS="122" HPOS="234"/>
							<String ID="string_8" HPOS="249" VPOS="122" WIDTH="151" HEIGHT="21" WC="0.90" CONTENT="tämmöisissä"/><SP WIDTH="16" VPOS="122" HPOS="400"/>
							<String ID="string_9" HPOS="416" VPOS="121" WIDTH="113" HEIGHT="22" WC="0.91" CONTENT="suhteissa"/><SP WIDTH="15" VPOS="121" HPOS="529"/>
							<String ID="string_10" HPOS="544" VPOS="121" WIDTH="127" HEIGHT="29" WC="0.92" CONTENT="opettajain"/><SP WIDTH="13" VPOS="121" HPOS="671"/>
							<String ID="string_11" HPOS="684" VPOS="121" WIDTH="26" HEIGHT="29" WC="0.93" CONTENT="ja"/><SP WIDTH="11" VPOS="121" HPOS="710"/>
							<String ID="string_12" HPOS="721" VPOS="120" WIDTH="145" HEIGHT="30" WC="0.92" CONTENT="opettajatta-"/>
						</TextLine>
						<TextLine ID="line_2" HPOS="44" VPOS="151" WIDTH="246" HEIGHT="29">
							<String ID="string_13" HPOS="44" VPOS="152" WIDTH="48" HEIGHT="21" WC="0.92" CONTENT="rien"/><SP WIDTH="17" VPOS="152" HPOS="92"/>
							<String ID="string_14" HPOS="109" VPOS="151" WIDTH="181" HEIGHT="29" WC="0.92" CONTENT="palkkaeduissa."/>
						</TextLine>
					</TextBlock>
					<TextBlock ID="block_2" HPOS="44" VPOS="179" WIDTH="832" HEIGHT="684">
						<TextLine ID="line_3" HPOS="116" VPOS="179" WIDTH="754" HEIGHT="30">
							<String ID="string_15" HPOS="116" VPOS="181" WIDTH="107" HEIGHT="21" WC="0.90" CONTENT="Provasti"/><SP WIDTH="23" VPOS="181" HPOS="223"/>
							<String ID="string_16" HPOS="246" VPOS="180" WIDTH="70" HEIGHT="28" WC="0.95" CONTENT="Hjelt:"/><SP WIDTH="30" VPOS="180" HPOS="316"/>
							<String ID="string_17" HPOS="346" VPOS="180" WIDTH="47" HEIGHT="29" WC="0.96" CONTENT="Jag"/><SP WIDTH="18" VPOS="180" HPOS="393"/>
							<String ID="string_18" HPOS="411" VPOS="183" WIDTH="47" HEIGHT="19" WC="0.96" CONTENT="tror"/><SP WIDTH="16" VPOS="183" HPOS="458"/>
							<String ID="string_19" HPOS="474" VPOS="183" WIDTH="40" HEIGHT="25" WC="0.96" CONTENT="att,"/><SP WIDTH="17" VPOS="183" HPOS="514"/>
							<String ID="string_20" HPOS="531" VPOS="188" WIDTH="36" HEIGHT="14" WC="0.95" CONTENT="om"/><SP WIDTH="15" VPOS="188" HPOS="567"/>
							<String ID="string_21" HPOS="582" VPOS="180" WIDTH="126" HEIGHT="22" WC="0.96" CONTENT="utskottets"/><SP WIDTH="16" VPOS="180" HPOS="708"/>
							<String ID="string_22" HPOS="724" VPOS="179" WIDTH="146" HEIGHT="23" WC="0.95" CONTENT="betänkande"/>
						</TextLine>
						<TextLine ID="line_4" HPOS="44" VPOS="210" WIDTH="824" HEIGHT="29">
							<String ID="string_23" HPOS="44" VPOS="213" WIDTH="99" HEIGHT="26" WC="0.93" CONTENT="antages,"/><SP WIDTH="11" VPOS="213" HPOS="143"/>
							<String ID="string_24" HPOS="154" VPOS="210" WIDTH="195" HEIGHT="29" WC="0.89" CONTENT="folkskolefrågan"/><SP WIDTH="11" VPOS="210" HPOS="349"/>
							<String ID="string_25" HPOS="360" VPOS="210" WIDTH="101" HEIGHT="22" WC="0.96" CONTENT="kommer"/><SP WIDTH="11" VPOS="210" HPOS="461"/>
							<String ID="string_26" HPOS="472" VPOS="212" WIDTH="36" HEIGHT="20" WC="0.96" CONTENT="att"/><SP WIDTH="10" VPOS="212" HPOS="508"/>
							<String ID="string_27" HPOS="518" VPOS="210" WIDTH="24" HEIGHT="22" WC="0.96" CONTENT="få"/><SP WIDTH="11" VPOS="210" HPOS="542"/>
							<String ID="string_28" HPOS="553" VPOS="218" WIDTH="28" HEIGHT="14" WC="0.96" CONTENT="en"/><SP WIDTH="11" VPOS="218" HPOS="581"/>
							<String ID="string_29" HPOS="592" VPOS="210" WIDTH="94" HEIGHT="22" WC="0.93" CONTENT="alldeles"/><SP WIDTH="12" VPOS="210" HPOS="686"/>
							<String ID="string_30" HPOS="698" VPOS="210" WIDTH="52" HEIGHT="22" WC="0.92" CONTENT="skef"/><SP WIDTH="6" VPOS="210" HPOS="750"/>
							<String ID="string_31" HPOS="756" VPOS="210" WIDTH="112" HEIGHT="28" WC="0.96" CONTENT="riktning,"/>
						</TextLine>
						<TextLine ID="line_5" HPOS="46" VPOS="238" WIDTH="823" HEIGHT="30">
							<String ID="string_32" HPOS="46" VPOS="241" WIDTH="8" HEIGHT="21" WC="0.96" CONTENT="i"/><SP WIDTH="17" VPOS="241" HPOS="54"/>
							<String ID="string_33" HPOS="71" VPOS="240" WIDTH="39" HEIGHT="22" WC="0.96" CONTENT="det"/><SP WIDTH="14" VPOS="240" HPOS="110"/>
							<String ID="string_34" HPOS="124" VPOS="248" WIDTH="53" HEIGHT="14" WC="0.96" CONTENT="man"/><SP WIDTH="15" VPOS="248" HPOS="177"/>
							<String ID="string_35" HPOS="192" VPOS="240" WIDTH="42" HEIGHT="22" WC="0.96" CONTENT="vill"/><SP WIDTH="16" VPOS="240" HPOS="234"/>
							<String ID="string_36" HPOS="250" VPOS="240" WIDTH="77" HEIGHT="22" WC="0.96" CONTENT="ikläda"/><SP WIDTH="15" VPOS="240" HPOS="327"/>
							<String ID="string_37" HPOS="342" VPOS="242" WIDTH="75" HEIGHT="20" WC="0.96" CONTENT="staten"/><SP WIDTH="15" VPOS="242" HPOS="417"/>
							<String ID="string_38" HPOS="432" VPOS="240" WIDTH="155" HEIGHT="28" WC="0.96" CONTENT="förbindelser,"/><SP WIDTH="17" VPOS="240" HPOS="587"/>
							<String ID="string_39" HPOS="604" VPOS="247" WIDTH="48" HEIGHT="15" WC="0.96" CONTENT="som"/><SP WIDTH="14" VPOS="247" HPOS="652"/>
							<String ID="string_40" HPOS="666" VPOS="240" WIDTH="51" HEIGHT="21" WC="0.96" CONTENT="från"/><SP WIDTH="10" VPOS="240" HPOS="717"/>
							<String ID="string_41" HPOS="727" VPOS="239" WIDTH="82" HEIGHT="29" WC="0.96" CONTENT="början"/><SP WIDTH="10" VPOS="239" HPOS="809"/>
							<String ID="string_42" HPOS="819" VPOS="238" WIDTH="50" HEIGHT="22" WC="0.96" CONTENT="icke"/>
						</TextLine>
						<TextLine ID="line_6" HPOS="46" VPOS="270" WIDTH="824" HEIGHT="28">
							<String ID="string_43" HPOS="46" VPOS="270" WIDTH="60" HEIGHT="22" WC="0.93" CONTENT="varit"/><SP WIDTH="23" VPOS="270" HPOS="106"/>
							<String ID="string_44" HPOS="129" VPOS="270" WIDTH="129" HEIGHT="27" WC="0.91" CONTENT="förutsatta,"/><SP WIDTH="24" VPOS="270" HPOS="258"/>
							<String ID="string_45" HPOS="282" VPOS="270" WIDTH="50" HEIGHT="21" WC="0.96" CONTENT="icke"/><SP WIDTH="23" VPOS="270" HPOS="332"/>
							<String ID="string_46" HPOS="355" VPOS="277" WIDTH="40" HEIGHT="14" WC="0.96" CONTENT="ens"/><SP WIDTH="24" VPOS="277" HPOS="395"/>
							<String ID="string_47" HPOS="419" VPOS="270" WIDTH="25" HEIGHT="21" WC="0.96" CONTENT="af"/><SP WIDTH="17" VPOS="270" HPOS="444"/>
							<String ID="string_48" HPOS="461" VPOS="270" WIDTH="168" HEIGHT="22" WC="0.96" CONTENT="kommunerna."/><SP WIDTH="31" VPOS="270" HPOS="629"/>
							<String ID="string_49" HPOS="660" VPOS="270" WIDTH="47" HEIGHT="28" WC="0.96" CONTENT="Jag"/><SP WIDTH="15" VPOS="270" HPOS="707"/>
							<String ID="string_50" HPOS="722" VPOS="272" WIDTH="48" HEIGHT="19" WC="0.96" CONTENT="tror"/><SP WIDTH="16" VPOS="272" HPOS="770"/>
							<String ID="string_51" HPOS="786" VPOS="271" WIDTH="34" HEIGHT="20" WC="0.96" CONTENT="att"/><SP WIDTH="16" VPOS="271" HPOS="820"/>
							<String ID="string_52" HPOS="836" VPOS="270" WIDTH="34" HEIGHT="20" WC="0.96" CONTENT="ett"/>
						</TextLine>
						<TextLine ID="line_7" HPOS="46" VPOS="299" WIDTH="822" HEIGHT="30">
							<String ID="string_53" HPOS="46" VPOS="300" WIDTH="134" HEIGHT="29" WC="0.96" CONTENT="fortgående"/><SP WIDTH="16" VPOS="300" HPOS="180"/>
							<String ID="string_54" HPOS="196" VPOS="301" WIDTH="29" HEIGHT="28" WC="0.96" CONTENT="på"/><SP WIDTH="16" VPOS="301" HPOS="225"/>
							<String ID="string_55" HPOS="241" VPOS="300" WIDTH="44" HEIGHT="21" WC="0.96" CONTENT="den"/><SP WIDTH="15" VPOS="300" HPOS="285"/>
							<String ID="string_56" HPOS="300" VPOS="300" WIDTH="65" HEIGHT="27" WC="0.96" CONTENT="bana,"/><SP WIDTH="16" VPOS="300" HPOS="365"/>
							<String ID="string_57" HPOS="381" VPOS="300" WIDTH="36" HEIGHT="20" WC="0.96" CONTENT="till"/><SP WIDTH="16" VPOS="300" HPOS="417"/>
							<String ID="string_58" HPOS="433" VPOS="300" WIDTH="95" HEIGHT="21" WC="0.93" CONTENT="hvilken"/><SP WIDTH="16" VPOS="300" HPOS="528"/>
							<String ID="string_59" HPOS="544" VPOS="299" WIDTH="257" HEIGHT="22" WC="0.91" CONTENT="utskottsbetänkandet"/><SP WIDTH="20" VPOS="299" HPOS="801"/>
							<String ID="string_60" HPOS="821" VPOS="301" WIDTH="47" HEIGHT="19" WC="0.92" CONTENT="ten-"/>
						</TextLine>
						<TextLine ID="line_8" HPOS="48" VPOS="328" WIDTH="822" HEIGHT="30">
							<String ID="string_61" HPOS="48" VPOS="330" WIDTH="69" HEIGHT="28" WC="0.91" CONTENT="derar,"/><SP WIDTH="24" VPOS="330" HPOS="117"/>
							<String ID="string_62" HPOS="141" VPOS="330" WIDTH="120" HEIGHT="28" WC="0.96" CONTENT="försvagar"/><SP WIDTH="23" VPOS="330" HPOS="261"/>
							<String ID="string_63" HPOS="284" VPOS="329" WIDTH="174" HEIGHT="22" WC="0.95" CONTENT="kommunernas"/><SP WIDTH="23" VPOS="329" HPOS="458"/>
							<String ID="string_64" HPOS="481" VPOS="330" WIDTH="41" HEIGHT="27" WC="0.95" CONTENT="nit,"/><SP WIDTH="24" VPOS="330" HPOS="522"/>
							<String ID="string_65" HPOS="546" VPOS="329" WIDTH="42" HEIGHT="21" WC="0.96" CONTENT="och"/><SP WIDTH="24" VPOS="329" HPOS="588"/>
							<String ID="string_66" HPOS="612" VPOS="329" WIDTH="39" HEIGHT="21" WC="0.96" CONTENT="det"/><SP WIDTH="19" VPOS="329" HPOS="651"/>
							<String ID="string_67" HPOS="670" VPOS="328" WIDTH="27" HEIGHT="22" WC="0.96" CONTENT="af"/><SP WIDTH="13" VPOS="328" HPOS="697"/>
							<String ID="string_68" HPOS="710" VPOS="329" WIDTH="39" HEIGHT="21" WC="0.96" CONTENT="det"/><SP WIDTH="15" VPOS="329" HPOS="749"/>
							<String ID="string_69" HPOS="764" VPOS="329" WIDTH="49" HEIGHT="21" WC="0.96" CONTENT="skäl"/><SP WIDTH="16" VPOS="329" HPOS="813"/>
							<String ID="string_70" HPOS="829" VPOS="330" WIDTH="41" HEIGHT="24" WC="0.96" CONTENT="att,"/>
						</TextLine>
						<TextLine ID="line_9" HPOS="47" VPOS="358" WIDTH="824" HEIGHT="29">
							<String ID="string_71" HPOS="47" VPOS="360" WIDTH="29" HEIGHT="21" WC="0.96" CONTENT="då"/><SP WIDTH="22" VPOS="360" HPOS="76"/>
							<String ID="string_72" HPOS="98" VPOS="361" WIDTH="75" HEIGHT="20" WC="0.96" CONTENT="staten"/><SP WIDTH="22" VPOS="361" HPOS="173"/>
							<String ID="string_73" HPOS="195" VPOS="358" WIDTH="117" HEIGHT="22" WC="0.96" CONTENT="förbinder"/><SP WIDTH="18" VPOS="358" HPOS="312"/>
							<String ID="string_74" HPOS="330" VPOS="359" WIDTH="36" HEIGHT="28" WC="0.96" CONTENT="sig"/><SP WIDTH="16" VPOS="359" HPOS="366"/>
							<String ID="string_75" HPOS="382" VPOS="361" WIDTH="34" HEIGHT="19" WC="0.96" CONTENT="att"/><SP WIDTH="15" VPOS="361" HPOS="416"/>
							<String ID="string_76" HPOS="431" VPOS="359" WIDTH="52" HEIGHT="21" WC="0.96" CONTENT="med"/><SP WIDTH="16" VPOS="359" HPOS="483"/>
							<String ID="string_77" HPOS="499" VPOS="359" WIDTH="42" HEIGHT="21" WC="0.96" CONTENT="allt"/><SP WIDTH="15" VPOS="359" HPOS="541"/>
							<String ID="string_78" HPOS="556" VPOS="361" WIDTH="72" HEIGHT="19" WC="0.96" CONTENT="större"/><SP WIDTH="16" VPOS="361" HPOS="628"/>
							<String ID="string_79" HPOS="644" VPOS="358" WIDTH="42" HEIGHT="22" WC="0.96" CONTENT="och"/><SP WIDTH="16" VPOS="358" HPOS="686"/>
							<String ID="string_80" HPOS="702" VPOS="360" WIDTH="72" HEIGHT="20" WC="0.96" CONTENT="större"/><SP WIDTH="15" VPOS="360" HPOS="774"/>
							<String ID="string_81" HPOS="789" VPOS="358" WIDTH="82" HEIGHT="29" WC="0.96" CONTENT="bidrag"/>
						</TextLine>
						<TextLine ID="line_10" HPOS="49" VPOS="388" WIDTH="821" HEIGHT="29">
							<String ID="string_82" HPOS="49" VPOS="389" WIDTH="69" HEIGHT="21" WC="0.89" CONTENT="aflösa"/><SP WIDTH="14" VPOS="389" HPOS="118"/>
							<String ID="string_83" HPOS="132" VPOS="389" WIDTH="174" HEIGHT="21" WC="0.96" CONTENT="kommunernas"/><SP WIDTH="14" VPOS="389" HPOS="306"/>
							<String ID="string_84" HPOS="320" VPOS="388" WIDTH="138" HEIGHT="29" WC="0.96" CONTENT="skyldighet,"/><SP WIDTH="12" VPOS="388" HPOS="458"/>
							<String ID="string_85" HPOS="470" VPOS="388" WIDTH="176" HEIGHT="22" WC="0.96" CONTENT="kommunernas"/><SP WIDTH="11" VPOS="388" HPOS="646"/>
							<String ID="string_86" HPOS="657" VPOS="388" WIDTH="144" HEIGHT="29" WC="0.96" CONTENT="likgiltighet"/><SP WIDTH="11" VPOS="388" HPOS="801"/>
							<String ID="string_87" HPOS="812" VPOS="388" WIDTH="58" HEIGHT="22" WC="0.96" CONTENT="skall"/>
						</TextLine>
						<TextLine ID="line_11" HPOS="49" VPOS="418" WIDTH="821" HEIGHT="29">
							<String ID="string_88" HPOS="49" VPOS="418" WIDTH="73" HEIGHT="22" WC="0.96" CONTENT="blifva"/><SP WIDTH="15" VPOS="418" HPOS="122"/>
							<String ID="string_89" HPOS="137" VPOS="420" WIDTH="71" HEIGHT="20" WC="0.96" CONTENT="större"/><SP WIDTH="16" VPOS="420" HPOS="208"/>
							<String ID="string_90" HPOS="224" VPOS="418" WIDTH="42" HEIGHT="22" WC="0.96" CONTENT="och"/><SP WIDTH="16" VPOS="418" HPOS="266"/>
							<String ID="string_91" HPOS="282" VPOS="418" WIDTH="50" HEIGHT="22" WC="0.96" CONTENT="icke"/><SP WIDTH="15" VPOS="418" HPOS="332"/>
							<String ID="string_92" HPOS="347" VPOS="418" WIDTH="94" HEIGHT="22" WC="0.95" CONTENT="mindre."/><SP WIDTH="31" VPOS="418" HPOS="441"/>
							<String ID="string_93" HPOS="472" VPOS="418" WIDTH="46" HEIGHT="22" WC="0.96" CONTENT="För"/><SP WIDTH="16" VPOS="418" HPOS="518"/>
							<String ID="string_94" HPOS="534" VPOS="418" WIDTH="71" HEIGHT="29" WC="0.96" CONTENT="öfrigt"/><SP WIDTH="15" VPOS="418" HPOS="605"/>
							<String ID="string_95" HPOS="620" VPOS="421" WIDTH="49" HEIGHT="19" WC="0.96" CONTENT="tror"/><SP WIDTH="13" VPOS="421" HPOS="669"/>
							<String ID="string_96" HPOS="682" VPOS="418" WIDTH="42" HEIGHT="28" WC="0.96" CONTENT="jag"/><SP WIDTH="13" VPOS="418" HPOS="724"/>
							<String ID="string_97" HPOS="737" VPOS="420" WIDTH="35" HEIGHT="19" WC="0.96" CONTENT="att"/><SP WIDTH="11" VPOS="420" HPOS="772"/>
							<String ID="string_98" HPOS="783" VPOS="418" WIDTH="87" HEIGHT="29" WC="0.95" CONTENT="ganska"/>
						</TextLine>
						<TextLine ID="line_12" HPOS="49" VPOS="448" WIDTH="821" HEIGHT="29">
							<String ID="string_99" HPOS="49" VPOS="449" WIDTH="83" HEIGHT="28" WC="0.95" CONTENT="många"/><SP WIDTH="22" VPOS="449" HPOS="132"/>
							<String ID="string_100" HPOS="154" VPOS="448" WIDTH="71" HEIGHT="22" WC="0.96" CONTENT="hafva"/><SP WIDTH="23" VPOS="448" HPOS="225"/>
							<String ID="string_101" HPOS="248" VPOS="448" WIDTH="43" HEIGHT="22" WC="0.96" CONTENT="den"/><SP WIDTH="22" VPOS="448" HPOS="291"/>
							<String ID="string_102" HPOS="313" VPOS="450" WIDTH="57" HEIGHT="25" WC="0.96" CONTENT="tron,"/><SP WIDTH="17" VPOS="450" HPOS="370"/>
							<String ID="string_103" HPOS="387" VPOS="451" WIDTH="35" HEIGHT="19" WC="0.96" CONTENT="att"/><SP WIDTH="16" VPOS="451" HPOS="422"/>
							<String ID="string_104" HPOS="438" VPOS="448" WIDTH="74" HEIGHT="22" WC="0.96" CONTENT="denna"/><SP WIDTH="16" VPOS="448" HPOS="512"/>
							<String ID="string_105" HPOS="528" VPOS="448" WIDTH="186" HEIGHT="29" WC="0.96" CONTENT="löneförhöjning"/><SP WIDTH="16" VPOS="448" HPOS="714"/>
							<String ID="string_106" HPOS="730" VPOS="448" WIDTH="89" HEIGHT="21" WC="0.95" CONTENT="komme"/><SP WIDTH="16" VPOS="448" HPOS="819"/>
							<String ID="string_107" HPOS="835" VPOS="449" WIDTH="35" HEIGHT="20" WC="0.95" CONTENT="att"/>
						</TextLine>
						<TextLine ID="line_13" HPOS="50" VPOS="478" WIDTH="820" HEIGHT="27">
							<String ID="string_108" HPOS="50" VPOS="479" WIDTH="85" HEIGHT="20" WC="0.96" CONTENT="drabba"/><SP WIDTH="23" VPOS="479" HPOS="135"/>
							<String ID="string_109" HPOS="158" VPOS="479" WIDTH="46" HEIGHT="21" WC="0.96" CONTENT="alla"/><SP WIDTH="22" VPOS="479" HPOS="204"/>
							<String ID="string_110" HPOS="226" VPOS="479" WIDTH="138" HEIGHT="26" WC="0.96" CONTENT="kommuner,"/><SP WIDTH="23" VPOS="479" HPOS="364"/>
							<String ID="string_111" HPOS="387" VPOS="485" WIDTH="52" HEIGHT="14" WC="0.96" CONTENT="men"/><SP WIDTH="23" VPOS="485" HPOS="439"/>
							<String ID="string_112" HPOS="462" VPOS="479" WIDTH="25" HEIGHT="21" WC="0.96" CONTENT="sä"/><SP WIDTH="22" VPOS="479" HPOS="487"/>
							<String ID="string_113" HPOS="509" VPOS="481" WIDTH="25" HEIGHT="18" WC="0.96" CONTENT="är"/><SP WIDTH="22" VPOS="481" HPOS="534"/>
							<String ID="string_114" HPOS="556" VPOS="478" WIDTH="51" HEIGHT="21" WC="0.95" CONTENT="icke"/><SP WIDTH="16" VPOS="478" HPOS="607"/>
							<String ID="string_115" HPOS="623" VPOS="478" WIDTH="71" HEIGHT="21" WC="0.93" CONTENT="fallet."/><SP WIDTH="31" VPOS="478" HPOS="694"/>
							<String ID="string_116" HPOS="725" VPOS="478" WIDTH="77" HEIGHT="21" WC="0.73" CONTENT="Skulle"/><SP WIDTH="16" VPOS="478" HPOS="802"/>
							<String ID="string_117" HPOS="818" VPOS="484" WIDTH="52" HEIGHT="15" WC="0.96" CONTENT="man"/>
						</TextLine>
						<TextLine ID="line_14" HPOS="49" VPOS="507" WIDTH="821" HEIGHT="30">
							<String ID="string_118" HPOS="49" VPOS="508" WIDTH="57" HEIGHT="29" WC="0.96" CONTENT="vilja"/><SP WIDTH="22" VPOS="508" HPOS="106"/>
							<String ID="string_119" HPOS="128" VPOS="508" WIDTH="100" HEIGHT="21" WC="0.95" CONTENT="beräkna"/><SP WIDTH="16" VPOS="508" HPOS="228"/>
							<String ID="string_120" HPOS="244" VPOS="510" WIDTH="33" HEIGHT="19" WC="0.96" CONTENT="ett"/><SP WIDTH="14" VPOS="510" HPOS="277"/>
							<String ID="string_121" HPOS="291" VPOS="508" WIDTH="109" HEIGHT="21" WC="0.95" CONTENT="medeltal"/><SP WIDTH="14" VPOS="508" HPOS="400"/>
							<String ID="string_122" HPOS="414" VPOS="508" WIDTH="26" HEIGHT="21" WC="0.96" CONTENT="af"/><SP WIDTH="14" VPOS="508" HPOS="440"/>
							<String ID="string_123" HPOS="454" VPOS="508" WIDTH="28" HEIGHT="21" WC="0.93" CONTENT="de"/><SP WIDTH="16" VPOS="508" HPOS="482"/>
							<String ID="string_124" HPOS="498" VPOS="508" WIDTH="100" HEIGHT="29" WC="0.92" CONTENT="afgifter,"/><SP WIDTH="18" VPOS="508" HPOS="598"/>
							<String ID="string_125" HPOS="616" VPOS="515" WIDTH="47" HEIGHT="14" WC="0.96" CONTENT="som"/><SP WIDTH="16" VPOS="515" HPOS="663"/>
							<String ID="string_126" HPOS="679" VPOS="507" WIDTH="35" HEIGHT="22" WC="0.96" CONTENT="för"/><SP WIDTH="16" VPOS="507" HPOS="714"/>
							<String ID="string_127" HPOS="730" VPOS="507" WIDTH="140" HEIGHT="22" WC="0.96" CONTENT="närvarande"/>
						</TextLine>
						<TextLine ID="line_15" HPOS="50" VPOS="537" WIDTH="822" HEIGHT="30">
							<String ID="string_128" HPOS="50" VPOS="539" WIDTH="56" HEIGHT="28" WC="0.95" CONTENT="utgå"/><SP WIDTH="15" VPOS="539" HPOS="106"/>
							<String ID="string_129" HPOS="121" VPOS="537" WIDTH="52" HEIGHT="22" WC="0.96" CONTENT="från"/><SP WIDTH="10" VPOS="537" HPOS="173"/>
							<String ID="string_130" HPOS="183" VPOS="538" WIDTH="168" HEIGHT="27" WC="0.96" CONTENT="kommunerna,"/><SP WIDTH="11" VPOS="538" HPOS="351"/>
							<String ID="string_131" HPOS="362" VPOS="537" WIDTH="74" HEIGHT="22" WC="0.96" CONTENT="skulle"/><SP WIDTH="10" VPOS="537" HPOS="436"/>
							<String ID="string_132" HPOS="446" VPOS="538" WIDTH="71" HEIGHT="29" WC="0.95" CONTENT="ingen"/><SP WIDTH="11" VPOS="538" HPOS="517"/>
							<String ID="string_133" HPOS="528" VPOS="538" WIDTH="58" HEIGHT="21" WC="0.96" CONTENT="enda"/><SP WIDTH="10" VPOS="538" HPOS="586"/>
							<String ID="string_134" HPOS="596" VPOS="537" WIDTH="175" HEIGHT="22" WC="0.96" CONTENT="landskommun"/><SP WIDTH="10" VPOS="537" HPOS="771"/>
							<String ID="string_135" HPOS="781" VPOS="538" WIDTH="91" HEIGHT="21" WC="0.95" CONTENT="komma"/>
						</TextLine>
						<TextLine ID="line_16" HPOS="50" VPOS="566" WIDTH="821" HEIGHT="30">
							<String ID="string_136" HPOS="50" VPOS="569" WIDTH="34" HEIGHT="20" WC="0.96" CONTENT="att"/><SP WIDTH="21" VPOS="569" HPOS="84"/>
							<String ID="string_137" HPOS="105" VPOS="567" WIDTH="75" HEIGHT="22" WC="0.43" CONTENT="Betala"/><SP WIDTH="14" VPOS="567" HPOS="180"/>
							<String ID="string_138" HPOS="194" VPOS="569" WIDTH="76" HEIGHT="27" WC="0.96" CONTENT="någon"/><SP WIDTH="16" VPOS="569" HPOS="270"/>
							<String ID="string_139" HPOS="286" VPOS="567" WIDTH="130" HEIGHT="29" WC="0.96" CONTENT="tillökning."/><SP WIDTH="32" VPOS="567" HPOS="416"/>
							<String ID="string_140" HPOS="448" VPOS="568" WIDTH="28" HEIGHT="21" WC="0.93" CONTENT="Sä"/><SP WIDTH="16" VPOS="568" HPOS="476"/>
							<String ID="string_141" HPOS="492" VPOS="570" WIDTH="15" HEIGHT="19" WC="0.90" CONTENT="t."/><SP WIDTH="17" VPOS="570" HPOS="507"/>
							<String ID="string_142" HPOS="524" VPOS="575" WIDTH="33" HEIGHT="14" WC="0.96" CONTENT="ex."/><SP WIDTH="16" VPOS="575" HPOS="557"/>
							<String ID="string_143" HPOS="573" VPOS="570" WIDTH="69" HEIGHT="26" WC="0.96" CONTENT="utgör"/><SP WIDTH="15" VPOS="570" HPOS="642"/>
							<String ID="string_144" HPOS="657" VPOS="567" WIDTH="131" HEIGHT="22" WC="0.96" CONTENT="medeltalet"/><SP WIDTH="16" VPOS="567" HPOS="788"/>
							<String ID="string_145" HPOS="804" VPOS="567" WIDTH="26" HEIGHT="22" WC="0.96" CONTENT="af"/><SP WIDTH="14" VPOS="567" HPOS="830"/>
							<String ID="string_146" HPOS="844" VPOS="566" WIDTH="27" HEIGHT="22" WC="0.97" CONTENT="de"/>
						</TextLine>
						<TextLine ID="line_17" HPOS="50" VPOS="597" WIDTH="820" HEIGHT="28">
							<String ID="string_147" HPOS="50" VPOS="598" WIDTH="111" HEIGHT="21" WC="0.96" CONTENT="kontanta"/><SP WIDTH="15" VPOS="598" HPOS="161"/>
							<String ID="string_148" HPOS="176" VPOS="597" WIDTH="88" HEIGHT="28" WC="0.95" CONTENT="bidrag,"/><SP WIDTH="16" VPOS="597" HPOS="264"/>
							<String ID="string_149" HPOS="280" VPOS="604" WIDTH="48" HEIGHT="15" WC="0.96" CONTENT="som"/><SP WIDTH="15" VPOS="604" HPOS="328"/>
							<String ID="string_150" HPOS="343" VPOS="597" WIDTH="8" HEIGHT="21" WC="0.96" CONTENT="i"/><SP WIDTH="16" VPOS="597" HPOS="351"/>
							<String ID="string_151" HPOS="367" VPOS="597" WIDTH="105" HEIGHT="28" WC="0.96" CONTENT="Nylands"/><SP WIDTH="16" VPOS="597" HPOS="472"/>
							<String ID="string_152" HPOS="488" VPOS="597" WIDTH="39" HEIGHT="22" WC="0.96" CONTENT="län"/><SP WIDTH="15" VPOS="597" HPOS="527"/>
							<String ID="string_153" HPOS="542" VPOS="597" WIDTH="110" HEIGHT="28" WC="0.93" CONTENT="erlägges,"/><SP WIDTH="16" VPOS="597" HPOS="652"/>
							<String ID="string_154" HPOS="668" VPOS="597" WIDTH="91" HEIGHT="22" WC="0.92" CONTENT="utöfver"/><SP WIDTH="11" VPOS="597" HPOS="759"/>
							<String ID="string_155" HPOS="770" VPOS="597" WIDTH="28" HEIGHT="21" WC="0.94" CONTENT="de"/><SP WIDTH="10" VPOS="597" HPOS="798"/>
							<String ID="string_156" HPOS="808" VPOS="597" WIDTH="8" HEIGHT="21" WC="0.94" CONTENT="i"/><SP WIDTH="12" VPOS="597" HPOS="816"/>
							<String ID="string_157" HPOS="828" VPOS="598" WIDTH="42" HEIGHT="21" WC="0.96" CONTENT="117"/>
						</TextLine>
						<TextLine ID="line_18" HPOS="50" VPOS="620" WIDTH="822" HEIGHT="35">
							<String ID="string_158" HPOS="50" VPOS="629" WIDTH="13" HEIGHT="25" WC="0.92" CONTENT="8"/><SP WIDTH="15" VPOS="629" HPOS="63"/>
							<String ID="string_159" HPOS="78" VPOS="627" WIDTH="119" HEIGHT="22" WC="0.93" CONTENT="bestämda"/><SP WIDTH="22" VPOS="627" HPOS="197"/>
							<String ID="string_160" HPOS="219" VPOS="627" WIDTH="269" HEIGHT="28" WC="0.92" CONTENT="naturaprestationerna,"/><SP WIDTH="26" VPOS="627" HPOS="488"/>
							<String ID="string_161" HPOS="514" VPOS="628" WIDTH="42" HEIGHT="21" WC="0.96" CONTENT="237"/><SP WIDTH="17" VPOS="628" HPOS="556"/>
							<String ID="string_162" HPOS="573" VPOS="627" WIDTH="64" HEIGHT="21" WC="0.96" CONTENT="mark"/><SP WIDTH="17" VPOS="627" HPOS="637"/>
							<String ID="string_163" HPOS="654" VPOS="628" WIDTH="28" HEIGHT="21" WC="0.96" CONTENT="20"/><SP WIDTH="16" VPOS="628" HPOS="682"/>
							<String ID="string_164" HPOS="698" VPOS="635" WIDTH="28" HEIGHT="20" WC="0.85" CONTENT="p."/><SP WIDTH="16" VPOS="635" HPOS="726"/>
							<String ID="string_165" HPOS="742" VPOS="627" WIDTH="8" HEIGHT="21" WC="0.96" CONTENT="i"/><SP WIDTH="15" VPOS="627" HPOS="750"/>
							<String ID="string_166" HPOS="765" VPOS="620" WIDTH="51" HEIGHT="28" WC="0.96" CONTENT="Åbo"/><SP WIDTH="16" VPOS="620" HPOS="816"/>
							<String ID="string_167" HPOS="832" VPOS="625" WIDTH="40" HEIGHT="22" WC="0.96" CONTENT="län"/>
						</TextLine>
						<TextLine ID="line_19" HPOS="52" VPOS="655" WIDTH="819" HEIGHT="30">
							<String ID="string_168" HPOS="52" VPOS="657" WIDTH="42" HEIGHT="22" WC="0.96" CONTENT="245"/><SP WIDTH="16" VPOS="657" HPOS="94"/>
							<String ID="string_169" HPOS="110" VPOS="657" WIDTH="66" HEIGHT="21" WC="0.96" CONTENT="mark"/><SP WIDTH="16" VPOS="657" HPOS="176"/>
							<String ID="string_170" HPOS="192" VPOS="658" WIDTH="29" HEIGHT="21" WC="0.96" CONTENT="60"/><SP WIDTH="15" VPOS="658" HPOS="221"/>
							<String ID="string_171" HPOS="236" VPOS="657" WIDTH="77" HEIGHT="28" WC="0.96" CONTENT="penni;"/><SP WIDTH="17" VPOS="657" HPOS="313"/>
							<String ID="string_172" HPOS="330" VPOS="657" WIDTH="7" HEIGHT="20" WC="0.93" CONTENT="i"/><SP WIDTH="17" VPOS="657" HPOS="337"/>
							<String ID="string_173" HPOS="354" VPOS="657" WIDTH="142" HEIGHT="21" WC="0.92" CONTENT="Tavastehus"/><SP WIDTH="15" VPOS="657" HPOS="496"/>
							<String ID="string_174" HPOS="511" VPOS="657" WIDTH="39" HEIGHT="21" WC="0.96" CONTENT="län"/><SP WIDTH="17" VPOS="657" HPOS="550"/>
							<String ID="string_175" HPOS="567" VPOS="658" WIDTH="42" HEIGHT="21" WC="0.96" CONTENT="291"/><SP WIDTH="17" VPOS="658" HPOS="609"/>
							<String ID="string_176" HPOS="626" VPOS="656" WIDTH="66" HEIGHT="22" WC="0.96" CONTENT="mark"/><SP WIDTH="10" VPOS="656" HPOS="692"/>
							<String ID="string_177" HPOS="702" VPOS="657" WIDTH="28" HEIGHT="21" WC="0.96" CONTENT="49"/><SP WIDTH="12" VPOS="657" HPOS="730"/>
							<String ID="string_178" HPOS="742" VPOS="657" WIDTH="75" HEIGHT="28" WC="0.96" CONTENT="penni,"/><SP WIDTH="13" VPOS="657" HPOS="817"/>
							<String ID="string_179" HPOS="830" VPOS="655" WIDTH="41" HEIGHT="22" WC="0.96" CONTENT="och"/>
						</TextLine>
						<TextLine ID="line_20" HPOS="52" VPOS="686" WIDTH="821" HEIGHT="29">
							<String ID="string_180" HPOS="52" VPOS="687" WIDTH="29" HEIGHT="28" WC="0.96" CONTENT="pä"/><SP WIDTH="10" VPOS="687" HPOS="81"/>
							<String ID="string_181" HPOS="91" VPOS="694" WIDTH="86" HEIGHT="14" WC="0.96" CONTENT="samma"/><SP WIDTH="11" VPOS="694" HPOS="177"/>
							<String ID="string_182" HPOS="188" VPOS="688" WIDTH="46" HEIGHT="19" WC="0.91" CONTENT="sätt"/><SP WIDTH="10" VPOS="688" HPOS="234"/>
							<String ID="string_183" HPOS="244" VPOS="686" WIDTH="9" HEIGHT="21" WC="0.91" CONTENT="i"/><SP WIDTH="11" VPOS="686" HPOS="253"/>
							<String ID="string_184" HPOS="264" VPOS="686" WIDTH="74" HEIGHT="29" WC="0.93" CONTENT="öfriga"/><SP WIDTH="10" VPOS="686" HPOS="338"/>
							<String ID="string_185" HPOS="348" VPOS="687" WIDTH="44" HEIGHT="28" WC="0.96" CONTENT="län,"/><SP WIDTH="12" VPOS="687" HPOS="392"/>
							<String ID="string_186" HPOS="404" VPOS="694" WIDTH="36" HEIGHT="14" WC="0.96" CONTENT="om"/><SP WIDTH="10" VPOS="694" HPOS="440"/>
							<String ID="string_187" HPOS="450" VPOS="694" WIDTH="54" HEIGHT="14" WC="0.93" CONTENT="man"/><SP WIDTH="10" VPOS="694" HPOS="504"/>
							<String ID="string_188" HPOS="514" VPOS="689" WIDTH="66" HEIGHT="26" WC="0.92" CONTENT="tager"/><SP WIDTH="10" VPOS="689" HPOS="580"/>
							<String ID="string_189" HPOS="590" VPOS="686" WIDTH="107" HEIGHT="21" WC="0.88" CONTENT="medeltal"/><SP WIDTH="12" VPOS="686" HPOS="697"/>
							<String ID="string_190" HPOS="709" VPOS="686" WIDTH="25" HEIGHT="21" WC="0.96" CONTENT="af"/><SP WIDTH="8" VPOS="686" HPOS="734"/>
							<String ID="string_191" HPOS="742" VPOS="686" WIDTH="52" HEIGHT="21" WC="0.93" CONTENT="hela"/><SP WIDTH="10" VPOS="686" HPOS="794"/>
							<String ID="string_192" HPOS="804" VPOS="687" WIDTH="69" HEIGHT="20" WC="0.92" CONTENT="länet."/>
						</TextLine>
						<TextLine ID="line_21" HPOS="52" VPOS="715" WIDTH="821" HEIGHT="28">
							<String ID="string_193" HPOS="52" VPOS="717" WIDTH="78" HEIGHT="20" WC="0.94" CONTENT="Annat"/><SP WIDTH="7" VPOS="717" HPOS="130"/>
							<String ID="string_194" HPOS="137" VPOS="716" WIDTH="45" HEIGHT="21" WC="0.93" CONTENT="blir"/><SP WIDTH="8" VPOS="716" HPOS="182"/>
							<String ID="string_195" HPOS="190" VPOS="715" WIDTH="158" HEIGHT="28" WC="0.90" CONTENT="förhällandet,"/><SP WIDTH="10" VPOS="715" HPOS="348"/>
							<String ID="string_196" HPOS="358" VPOS="723" WIDTH="36" HEIGHT="14" WC="0.96" CONTENT="om"/><SP WIDTH="10" VPOS="723" HPOS="394"/>
							<String ID="string_197" HPOS="404" VPOS="724" WIDTH="53" HEIGHT="13" WC="0.93" CONTENT="man"/><SP WIDTH="11" VPOS="724" HPOS="457"/>
							<String ID="string_198" HPOS="468" VPOS="717" WIDTH="119" HEIGHT="21" WC="0.92" CONTENT="betraktar"/><SP WIDTH="11" VPOS="717" HPOS="587"/>
							<String ID="string_199" HPOS="598" VPOS="715" WIDTH="58" HEIGHT="22" WC="0.93" CONTENT="hvar"/><SP WIDTH="10" VPOS="715" HPOS="656"/>
							<String ID="string_200" HPOS="666" VPOS="716" WIDTH="108" HEIGHT="21" WC="0.96" CONTENT="kommun"/><SP WIDTH="11" VPOS="716" HPOS="774"/>
							<String ID="string_201" HPOS="785" VPOS="715" WIDTH="36" HEIGHT="22" WC="0.96" CONTENT="för"/><SP WIDTH="11" VPOS="715" HPOS="821"/>
							<String ID="string_202" HPOS="832" VPOS="715" WIDTH="41" HEIGHT="28" WC="0.96" CONTENT="sig."/>
						</TextLine>
						<TextLine ID="line_22" HPOS="52" VPOS="744" WIDTH="823" HEIGHT="30">
							<String ID="string_203" HPOS="52" VPOS="746" WIDTH="53" HEIGHT="21" WC="0.95" CONTENT="Men"/><SP WIDTH="15" VPOS="746" HPOS="105"/>
							<String ID="string_204" HPOS="120" VPOS="746" WIDTH="88" HEIGHT="28" WC="0.93" CONTENT="ganska"/><SP WIDTH="16" VPOS="746" HPOS="208"/>
							<String ID="string_205" HPOS="224" VPOS="745" WIDTH="24" HEIGHT="22" WC="0.93" CONTENT="fä"/><SP WIDTH="15" VPOS="745" HPOS="248"/>
							<String ID="string_206" HPOS="263" VPOS="749" WIDTH="38" HEIGHT="18" WC="0.93" CONTENT="äro"/><SP WIDTH="17" VPOS="749" HPOS="301"/>
							<String ID="string_207" HPOS="318" VPOS="745" WIDTH="27" HEIGHT="22" WC="0.96" CONTENT="de"/><SP WIDTH="16" VPOS="745" HPOS="345"/>
							<String ID="string_208" HPOS="361" VPOS="746" WIDTH="139" HEIGHT="28" WC="0.96" CONTENT="kommuner,"/><SP WIDTH="16" VPOS="746" HPOS="500"/>
							<String ID="string_209" HPOS="516" VPOS="753" WIDTH="48" HEIGHT="14" WC="0.96" CONTENT="som"/><SP WIDTH="16" VPOS="753" HPOS="564"/>
							<String ID="string_210" HPOS="580" VPOS="746" WIDTH="90" HEIGHT="21" WC="0.96" CONTENT="komma"/><SP WIDTH="16" VPOS="746" HPOS="670"/>
							<String ID="string_211" HPOS="686" VPOS="748" WIDTH="34" HEIGHT="19" WC="0.93" CONTENT="att"/><SP WIDTH="16" VPOS="748" HPOS="720"/>
							<String ID="string_212" HPOS="736" VPOS="746" WIDTH="96" HEIGHT="21" WC="0.92" CONTENT="drabbas"/><SP WIDTH="17" VPOS="746" HPOS="832"/>
							<String ID="string_213" HPOS="849" VPOS="744" WIDTH="26" HEIGHT="22" WC="0.96" CONTENT="af"/>
						</TextLine>
						<TextLine ID="line_23" HPOS="53" VPOS="775" WIDTH="823" HEIGHT="30">
							<String ID="string_214" HPOS="53" VPOS="775" WIDTH="74" HEIGHT="22" WC="0.92" CONTENT="denna"/><SP WIDTH="22" VPOS="775" HPOS="127"/>
							<String ID="string_215" HPOS="149" VPOS="775" WIDTH="138" HEIGHT="29" WC="0.92" CONTENT="förhöjning."/><SP WIDTH="30" VPOS="775" HPOS="287"/>
							<String ID="string_216" HPOS="317" VPOS="775" WIDTH="46" HEIGHT="29" WC="0.91" CONTENT="Jag"/><SP WIDTH="23" VPOS="775" HPOS="363"/>
							<String ID="string_217" HPOS="386" VPOS="777" WIDTH="47" HEIGHT="20" WC="0.91" CONTENT="tror"/><SP WIDTH="23" VPOS="777" HPOS="433"/>
							<String ID="string_218" HPOS="456" VPOS="778" WIDTH="36" HEIGHT="19" WC="0.96" CONTENT="att"/><SP WIDTH="24" VPOS="778" HPOS="492"/>
							<String ID="string_219" HPOS="516" VPOS="776" WIDTH="38" HEIGHT="21" WC="0.96" CONTENT="det"/><SP WIDTH="17" VPOS="776" HPOS="554"/>
							<String ID="string_220" HPOS="571" VPOS="779" WIDTH="24" HEIGHT="18" WC="0.96" CONTENT="är"/><SP WIDTH="15" VPOS="779" HPOS="595"/>
							<String ID="string_221" HPOS="610" VPOS="775" WIDTH="144" HEIGHT="29" WC="0.96" CONTENT="nödvändigt"/><SP WIDTH="15" VPOS="775" HPOS="754"/>
							<String ID="string_222" HPOS="769" VPOS="777" WIDTH="35" HEIGHT="20" WC="0.93" CONTENT="att"/><SP WIDTH="14" VPOS="777" HPOS="804"/>
							<String ID="string_223" HPOS="818" VPOS="775" WIDTH="58" HEIGHT="30" WC="0.91" CONTENT="ingä"/>
						</TextLine>
						<TextLine ID="line_24" HPOS="53" VPOS="805" WIDTH="823" HEIGHT="29">
							<String ID="string_224" HPOS="53" VPOS="806" WIDTH="29" HEIGHT="27" WC="0.96" CONTENT="pä"/><SP WIDTH="16" VPOS="806" HPOS="82"/>
							<String ID="string_225" HPOS="98" VPOS="805" WIDTH="62" HEIGHT="21" WC="0.96" CONTENT="detta"/><SP WIDTH="15" VPOS="805" HPOS="160"/>
							<String ID="string_226" HPOS="175" VPOS="805" WIDTH="92" HEIGHT="29" WC="0.96" CONTENT="förslag,"/><SP WIDTH="15" VPOS="805" HPOS="267"/>
							<String ID="string_227" HPOS="282" VPOS="807" WIDTH="27" HEIGHT="26" WC="0.96" CONTENT="ty"/><SP WIDTH="15" VPOS="807" HPOS="309"/>
							<String ID="string_228" HPOS="324" VPOS="805" WIDTH="8" HEIGHT="21" WC="0.95" CONTENT="i"/><SP WIDTH="17" VPOS="805" HPOS="332"/>
							<String ID="string_229" HPOS="349" VPOS="805" WIDTH="27" HEIGHT="22" WC="0.96" CONTENT="de"/><SP WIDTH="15" VPOS="805" HPOS="376"/>
							<String ID="string_230" HPOS="391" VPOS="805" WIDTH="140" HEIGHT="28" WC="0.96" CONTENT="kommuner,"/><SP WIDTH="16" VPOS="805" HPOS="531"/>
							<String ID="string_231" HPOS="547" VPOS="805" WIDTH="39" HEIGHT="22" WC="0.93" CONTENT="der"/><SP WIDTH="15" VPOS="805" HPOS="586"/>
							<String ID="string_232" HPOS="601" VPOS="805" WIDTH="133" HEIGHT="28" WC="0.93" CONTENT="förhöjning"/><SP WIDTH="16" VPOS="805" HPOS="734"/>
							<String ID="string_233" HPOS="750" VPOS="805" WIDTH="126" HEIGHT="28" WC="0.37" CONTENT="mästega"/>
						</TextLine>
						<TextLine ID="line_25" HPOS="52" VPOS="835" WIDTH="651" HEIGHT="28">
							<String ID="string_234" HPOS="52" VPOS="842" WIDTH="57" HEIGHT="20" WC="0.96" CONTENT="rum,"/><SP WIDTH="15" VPOS="842" HPOS="109"/>
							<String ID="string_235" HPOS="124" VPOS="835" WIDTH="42" HEIGHT="21" WC="0.93" CONTENT="har"/><SP WIDTH="15" VPOS="835" HPOS="166"/>
							<String ID="string_236" HPOS="181" VPOS="835" WIDTH="320" HEIGHT="28" WC="0.92" CONTENT="folkskolelärarepersonalen"/><SP WIDTH="16" VPOS="835" HPOS="501"/>
							<String ID="string_237" HPOS="517" VPOS="843" WIDTH="47" HEIGHT="13" WC="0.96" CONTENT="mer"/><SP WIDTH="16" VPOS="843" HPOS="564"/>
							<String ID="string_238" HPOS="580" VPOS="838" WIDTH="29" HEIGHT="18" WC="0.93" CONTENT="än"/><SP WIDTH="15" VPOS="838" HPOS="609"/>
							<String ID="string_239" HPOS="624" VPOS="835" WIDTH="79" HEIGHT="28" WC="0.93" CONTENT="knapt."/>
						</TextLine>
					</TextBlock>
					<TextBlock ID="block_3" HPOS="31" VPOS="863" WIDTH="854" HEIGHT="653">
						<TextLine ID="line_26" HPOS="124" VPOS="863" WIDTH="752" HEIGHT="24">
							<String ID="string_240" HPOS="124" VPOS="864" WIDTH="127" HEIGHT="22" WC="0.96" CONTENT="Professori"/><SP WIDTH="21" VPOS="864" HPOS="251"/>
							<String ID="string_241" HPOS="272" VPOS="865" WIDTH="100" HEIGHT="22" WC="0.96" CONTENT="Donner:"/><SP WIDTH="31" VPOS="865" HPOS="372"/>
							<String ID="string_242" HPOS="403" VPOS="865" WIDTH="119" HEIGHT="21" WC="0.96" CONTENT="Professor"/><SP WIDTH="22" VPOS="865" HPOS="522"/>
							<String ID="string_243" HPOS="544" VPOS="865" WIDTH="126" HEIGHT="21" WC="0.96" CONTENT="Danielson"/><SP WIDTH="22" VPOS="865" HPOS="670"/>
							<String ID="string_244" HPOS="692" VPOS="865" WIDTH="42" HEIGHT="21" WC="0.93" CONTENT="har"/><SP WIDTH="15" VPOS="865" HPOS="734"/>
							<String ID="string_245" HPOS="749" VPOS="863" WIDTH="127" HEIGHT="22" WC="0.92" CONTENT="framhällit"/>
						</TextLine>
						<TextLine ID="line_27" HPOS="54" VPOS="894" WIDTH="820" HEIGHT="29">
							<String ID="string_246" HPOS="54" VPOS="896" WIDTH="34" HEIGHT="19" WC="0.93" CONTENT="att"/><SP WIDTH="15" VPOS="896" HPOS="88"/>
							<String ID="string_247" HPOS="103" VPOS="894" WIDTH="124" HEIGHT="21" WC="0.93" CONTENT="utskottets"/><SP WIDTH="16" VPOS="894" HPOS="227"/>
							<String ID="string_248" HPOS="243" VPOS="895" WIDTH="144" HEIGHT="20" WC="0.92" CONTENT="betänkande"/><SP WIDTH="16" VPOS="895" HPOS="387"/>
							<String ID="string_249" HPOS="403" VPOS="895" WIDTH="42" HEIGHT="21" WC="0.96" CONTENT="och"/><SP WIDTH="16" VPOS="895" HPOS="445"/>
							<String ID="string_250" HPOS="461" VPOS="895" WIDTH="87" HEIGHT="28" WC="0.93" CONTENT="förslag"/><SP WIDTH="16" VPOS="895" HPOS="548"/>
							<String ID="string_251" HPOS="564" VPOS="894" WIDTH="50" HEIGHT="22" WC="0.92" CONTENT="icke"/><SP WIDTH="16" VPOS="894" HPOS="614"/>
							<String ID="string_252" HPOS="630" VPOS="895" WIDTH="96" HEIGHT="21" WC="0.93" CONTENT="innebär"/><SP WIDTH="12" VPOS="895" HPOS="726"/>
							<String ID="string_253" HPOS="738" VPOS="895" WIDTH="76" HEIGHT="28" WC="0.92" CONTENT="nägon"/><SP WIDTH="10" VPOS="895" HPOS="814"/>
							<String ID="string_254" HPOS="824" VPOS="894" WIDTH="50" HEIGHT="21" WC="0.92" CONTENT="bor-"/>
						</TextLine>
						<TextLine ID="line_28" HPOS="54" VPOS="923" WIDTH="823" HEIGHT="29">
							<String ID="string_255" HPOS="54" VPOS="931" WIDTH="44" HEIGHT="21" WC="0.96" CONTENT="gen"/><SP WIDTH="15" VPOS="931" HPOS="98"/>
							<String ID="string_256" HPOS="113" VPOS="923" WIDTH="36" HEIGHT="22" WC="0.96" CONTENT="för"/><SP WIDTH="16" VPOS="923" HPOS="149"/>
							<String ID="string_257" HPOS="165" VPOS="925" WIDTH="34" HEIGHT="20" WC="0.93" CONTENT="att"/><SP WIDTH="15" VPOS="925" HPOS="199"/>
							<String ID="string_258" HPOS="214" VPOS="923" WIDTH="187" HEIGHT="22" WC="0.92" CONTENT="folkskolelärare"/><SP WIDTH="15" VPOS="923" HPOS="401"/>
							<String ID="string_259" HPOS="416" VPOS="924" WIDTH="74" HEIGHT="22" WC="0.93" CONTENT="skulle"/><SP WIDTH="16" VPOS="924" HPOS="490"/>
							<String ID="string_260" HPOS="506" VPOS="924" WIDTH="92" HEIGHT="21" WC="0.91" CONTENT="inträda"/><SP WIDTH="15" VPOS="924" HPOS="598"/>
							<String ID="string_261" HPOS="613" VPOS="924" WIDTH="8" HEIGHT="21" WC="0.97" CONTENT="i"/><SP WIDTH="17" VPOS="924" HPOS="621"/>
							<String ID="string_262" HPOS="638" VPOS="932" WIDTH="27" HEIGHT="13" WC="0.96" CONTENT="en"/><SP WIDTH="15" VPOS="932" HPOS="665"/>
							<String ID="string_263" HPOS="680" VPOS="925" WIDTH="74" HEIGHT="20" WC="0.96" CONTENT="bättre"/><SP WIDTH="12" VPOS="925" HPOS="754"/>
							<String ID="string_264" HPOS="766" VPOS="923" WIDTH="111" HEIGHT="28" WC="0.76" CONTENT="ställning."/>
						</TextLine>
						<TextLine ID="line_29" HPOS="54" VPOS="953" WIDTH="822" HEIGHT="30">
							<String ID="string_265" HPOS="54" VPOS="954" WIDTH="6" HEIGHT="20" WC="0.81" CONTENT="i"/><SP WIDTH="17" VPOS="954" HPOS="60"/>
							<String ID="string_266" HPOS="77" VPOS="953" WIDTH="105" HEIGHT="22" WC="0.93" CONTENT="afseende"/><SP WIDTH="17" VPOS="953" HPOS="182"/>
							<String ID="string_267" HPOS="199" VPOS="954" WIDTH="13" HEIGHT="20" WC="0.75" CONTENT="&amp;"/><SP WIDTH="16" VPOS="954" HPOS="212"/>
							<String ID="string_268" HPOS="228" VPOS="953" WIDTH="35" HEIGHT="22" WC="0.93" CONTENT="sin"/><SP WIDTH="16" VPOS="953" HPOS="263"/>
							<String ID="string_269" HPOS="279" VPOS="953" WIDTH="106" HEIGHT="30" WC="0.92" CONTENT="aflöning."/><SP WIDTH="31" VPOS="953" HPOS="385"/>
							<String ID="string_270" HPOS="416" VPOS="954" WIDTH="60" HEIGHT="28" WC="0.93" CONTENT="Han,"/><SP WIDTH="16" VPOS="954" HPOS="476"/>
							<String ID="string_271" HPOS="492" VPOS="954" WIDTH="84" HEIGHT="21" WC="0.96" CONTENT="liksom"/><SP WIDTH="14" VPOS="954" HPOS="576"/>
							<String ID="string_272" HPOS="590" VPOS="954" WIDTH="54" HEIGHT="21" WC="0.96" CONTENT="flere"/><SP WIDTH="16" VPOS="954" HPOS="644"/>
							<String ID="string_273" HPOS="660" VPOS="953" WIDTH="70" HEIGHT="22" WC="0.93" CONTENT="andra"/><SP WIDTH="16" VPOS="953" HPOS="730"/>
							<String ID="string_274" HPOS="746" VPOS="953" WIDTH="77" HEIGHT="28" WC="0.96" CONTENT="talare,"/><SP WIDTH="11" VPOS="953" HPOS="823"/>
							<String ID="string_275" HPOS="834" VPOS="953" WIDTH="42" HEIGHT="21" WC="0.96" CONTENT="har"/>
						</TextLine>
						<TextLine ID="line_30" HPOS="55" VPOS="983" WIDTH="822" HEIGHT="29">
							<String ID="string_276" HPOS="55" VPOS="983" WIDTH="124" HEIGHT="21" WC="0.95" CONTENT="framhållit"/><SP WIDTH="23" VPOS="983" HPOS="179"/>
							<String ID="string_277" HPOS="202" VPOS="985" WIDTH="36" HEIGHT="19" WC="0.96" CONTENT="att"/><SP WIDTH="20" VPOS="985" HPOS="238"/>
							<String ID="string_278" HPOS="258" VPOS="983" WIDTH="163" HEIGHT="22" WC="0.96" CONTENT="kommunerna"/><SP WIDTH="15" VPOS="983" HPOS="421"/>
							<String ID="string_279" HPOS="436" VPOS="984" WIDTH="78" HEIGHT="21" WC="0.93" CONTENT="kunde"/><SP WIDTH="15" VPOS="984" HPOS="514"/>
							<String ID="string_280" HPOS="529" VPOS="983" WIDTH="127" HEIGHT="22" WC="0.96" CONTENT="förminska"/><SP WIDTH="16" VPOS="983" HPOS="656"/>
							<String ID="string_281" HPOS="672" VPOS="983" WIDTH="38" HEIGHT="22" WC="0.93" CONTENT="det"/><SP WIDTH="15" VPOS="983" HPOS="710"/>
							<String ID="string_282" HPOS="725" VPOS="983" WIDTH="87" HEIGHT="29" WC="0.96" CONTENT="bidrag,"/><SP WIDTH="16" VPOS="983" HPOS="812"/>
							<String ID="string_283" HPOS="828" VPOS="989" WIDTH="49" HEIGHT="14" WC="0.96" CONTENT="som"/>
						</TextLine>
						<TextLine ID="line_31" HPOS="56" VPOS="1011" WIDTH="820" HEIGHT="31">
							<String ID="string_284" HPOS="56" VPOS="1013" WIDTH="27" HEIGHT="21" WC="0.87" CONTENT="de"/><SP WIDTH="25" VPOS="1013" HPOS="83"/>
							<String ID="string_285" HPOS="108" VPOS="1012" WIDTH="83" HEIGHT="21" WC="0.93" CONTENT="hittills"/><SP WIDTH="23" VPOS="1012" HPOS="191"/>
							<String ID="string_286" HPOS="214" VPOS="1013" WIDTH="91" HEIGHT="22" WC="0.91" CONTENT="lemnat."/><SP WIDTH="31" VPOS="1013" HPOS="305"/>
							<String ID="string_287" HPOS="336" VPOS="1013" WIDTH="46" HEIGHT="22" WC="0.96" CONTENT="Det"/><SP WIDTH="22" VPOS="1013" HPOS="382"/>
							<String ID="string_288" HPOS="404" VPOS="1014" WIDTH="45" HEIGHT="21" WC="0.95" CONTENT="kan"/><SP WIDTH="23" VPOS="1014" HPOS="449"/>
							<String ID="string_289" HPOS="472" VPOS="1013" WIDTH="40" HEIGHT="22" WC="0.96" CONTENT="väl"/><SP WIDTH="22" VPOS="1013" HPOS="512"/>
							<String ID="string_290" HPOS="534" VPOS="1020" WIDTH="56" HEIGHT="15" WC="0.96" CONTENT="vara"/><SP WIDTH="22" VPOS="1020" HPOS="590"/>
							<String ID="string_291" HPOS="612" VPOS="1013" WIDTH="92" HEIGHT="29" WC="0.96" CONTENT="möjligt"/><SP WIDTH="22" VPOS="1013" HPOS="704"/>
							<String ID="string_292" HPOS="726" VPOS="1015" WIDTH="35" HEIGHT="19" WC="0.97" CONTENT="att"/><SP WIDTH="18" VPOS="1015" HPOS="761"/>
							<String ID="string_293" HPOS="779" VPOS="1020" WIDTH="27" HEIGHT="13" WC="0.96" CONTENT="en"/><SP WIDTH="16" VPOS="1020" HPOS="806"/>
							<String ID="string_294" HPOS="822" VPOS="1011" WIDTH="54" HEIGHT="22" WC="0.97" CONTENT="eller"/>
						</TextLine>
						<TextLine ID="line_32" HPOS="56" VPOS="1041" WIDTH="820" HEIGHT="31">
							<String ID="string_295" HPOS="56" VPOS="1049" WIDTH="75" HEIGHT="14" WC="0.96" CONTENT="annan"/><SP WIDTH="15" VPOS="1049" HPOS="131"/>
							<String ID="string_296" HPOS="146" VPOS="1042" WIDTH="109" HEIGHT="21" WC="0.96" CONTENT="kommun"/><SP WIDTH="15" VPOS="1042" HPOS="255"/>
							<String ID="string_297" HPOS="270" VPOS="1043" WIDTH="74" HEIGHT="21" WC="0.96" CONTENT="skulle"/><SP WIDTH="16" VPOS="1043" HPOS="344"/>
							<String ID="string_298" HPOS="360" VPOS="1044" WIDTH="25" HEIGHT="21" WC="0.97" CONTENT="sä"/><SP WIDTH="15" VPOS="1044" HPOS="385"/>
							<String ID="string_299" HPOS="400" VPOS="1046" WIDTH="60" HEIGHT="26" WC="0.96" CONTENT="göra,"/><SP WIDTH="16" VPOS="1046" HPOS="460"/>
							<String ID="string_300" HPOS="476" VPOS="1051" WIDTH="38" HEIGHT="14" WC="0.96" CONTENT="om"/><SP WIDTH="16" VPOS="1051" HPOS="514"/>
							<String ID="string_301" HPOS="530" VPOS="1043" WIDTH="44" HEIGHT="22" WC="0.93" CONTENT="den"/><SP WIDTH="15" VPOS="1043" HPOS="574"/>
							<String ID="string_302" HPOS="589" VPOS="1043" WIDTH="74" HEIGHT="21" WC="0.96" CONTENT="finner"/><SP WIDTH="16" VPOS="1043" HPOS="663"/>
							<String ID="string_303" HPOS="679" VPOS="1045" WIDTH="35" HEIGHT="19" WC="0.96" CONTENT="att"/><SP WIDTH="10" VPOS="1045" HPOS="714"/>
							<String ID="string_304" HPOS="724" VPOS="1043" WIDTH="50" HEIGHT="21" WC="0.93" CONTENT="dess"/><SP WIDTH="11" VPOS="1043" HPOS="774"/>
							<String ID="string_305" HPOS="785" VPOS="1041" WIDTH="91" HEIGHT="30" WC="0.85" CONTENT="respek-"/>
						</TextLine>
						<TextLine ID="line_33" HPOS="56" VPOS="1071" WIDTH="822" HEIGHT="30">
							<String ID="string_306" HPOS="56" VPOS="1073" WIDTH="47" HEIGHT="20" WC="0.93" CONTENT="tive"/><SP WIDTH="15" VPOS="1073" HPOS="103"/>
							<String ID="string_307" HPOS="118" VPOS="1071" WIDTH="185" HEIGHT="23" WC="0.91" CONTENT="folkskolelärare"/><SP WIDTH="15" VPOS="1071" HPOS="303"/>
							<String ID="string_308" HPOS="318" VPOS="1073" WIDTH="51" HEIGHT="21" WC="0.96" CONTENT="icke"/><SP WIDTH="15" VPOS="1073" HPOS="369"/>
							<String ID="string_309" HPOS="384" VPOS="1073" WIDTH="139" HEIGHT="28" WC="0.93" CONTENT="tillräckligt"/><SP WIDTH="18" VPOS="1073" HPOS="523"/>
							<String ID="string_310" HPOS="541" VPOS="1073" WIDTH="94" HEIGHT="28" WC="0.92" CONTENT="uppfylt"/><SP WIDTH="11" VPOS="1073" HPOS="635"/>
							<String ID="string_311" HPOS="646" VPOS="1073" WIDTH="28" HEIGHT="21" WC="0.93" CONTENT="de"/><SP WIDTH="10" VPOS="1073" HPOS="674"/>
							<String ID="string_312" HPOS="684" VPOS="1072" WIDTH="130" HEIGHT="29" WC="0.96" CONTENT="fordringar"/><SP WIDTH="10" VPOS="1072" HPOS="814"/>
							<String ID="string_313" HPOS="824" VPOS="1078" WIDTH="54" HEIGHT="15" WC="0.96" CONTENT="man"/>
						</TextLine>
						<TextLine ID="line_34" HPOS="56" VPOS="1101" WIDTH="825" HEIGHT="30">
							<String ID="string_314" HPOS="56" VPOS="1103" WIDTH="28" HEIGHT="27" WC="0.96" CONTENT="pä"/><SP WIDTH="17" VPOS="1103" HPOS="84"/>
							<String ID="string_315" HPOS="101" VPOS="1101" WIDTH="51" HEIGHT="22" WC="0.96" CONTENT="dem"/><SP WIDTH="16" VPOS="1101" HPOS="152"/>
							<String ID="string_316" HPOS="168" VPOS="1102" WIDTH="84" HEIGHT="28" WC="0.96" CONTENT="ställer,"/><SP WIDTH="16" VPOS="1102" HPOS="252"/>
							<String ID="string_317" HPOS="268" VPOS="1110" WIDTH="52" HEIGHT="13" WC="0.93" CONTENT="men"/><SP WIDTH="15" VPOS="1110" HPOS="320"/>
							<String ID="string_318" HPOS="335" VPOS="1103" WIDTH="75" HEIGHT="21" WC="0.93" CONTENT="sävidt"/><SP WIDTH="14" VPOS="1103" HPOS="410"/>
							<String ID="string_319" HPOS="424" VPOS="1103" WIDTH="42" HEIGHT="28" WC="0.93" CONTENT="jag"/><SP WIDTH="14" VPOS="1103" HPOS="466"/>
							<String ID="string_320" HPOS="480" VPOS="1103" WIDTH="80" HEIGHT="21" WC="0.92" CONTENT="erfarit"/><SP WIDTH="11" VPOS="1103" HPOS="560"/>
							<String ID="string_321" HPOS="571" VPOS="1105" WIDTH="39" HEIGHT="19" WC="0.93" CONTENT="äro"/><SP WIDTH="11" VPOS="1105" HPOS="610"/>
							<String ID="string_322" HPOS="621" VPOS="1103" WIDTH="63" HEIGHT="21" WC="0.90" CONTENT="desse"/><SP WIDTH="11" VPOS="1103" HPOS="684"/>
							<String ID="string_323" HPOS="695" VPOS="1102" WIDTH="186" HEIGHT="21" WC="0.92" CONTENT="folkskolelärare"/>
						</TextLine>
						<TextLine ID="line_35" HPOS="56" VPOS="1130" WIDTH="825" HEIGHT="31">
							<String ID="string_324" HPOS="56" VPOS="1131" WIDTH="41" HEIGHT="21" WC="0.93" CONTENT="och"/><SP WIDTH="15" VPOS="1131" HPOS="97"/>
							<String ID="string_325" HPOS="112" VPOS="1131" WIDTH="127" HEIGHT="22" WC="0.92" CONTENT="lärarinnor"/><SP WIDTH="15" VPOS="1131" HPOS="239"/>
							<String ID="string_326" HPOS="254" VPOS="1132" WIDTH="220" HEIGHT="29" WC="0.91" CONTENT="öfverhufvudtaget"/><SP WIDTH="16" VPOS="1132" HPOS="474"/>
							<String ID="string_327" HPOS="490" VPOS="1133" WIDTH="92" HEIGHT="28" WC="0.93" CONTENT="mycket"/><SP WIDTH="16" VPOS="1133" HPOS="582"/>
							<String ID="string_328" HPOS="598" VPOS="1132" WIDTH="123" HEIGHT="29" WC="0.91" CONTENT="omtyckta,"/><SP WIDTH="16" VPOS="1132" HPOS="721"/>
							<String ID="string_329" HPOS="737" VPOS="1131" WIDTH="42" HEIGHT="22" WC="0.93" CONTENT="och"/><SP WIDTH="16" VPOS="1131" HPOS="779"/>
							<String ID="string_330" HPOS="795" VPOS="1131" WIDTH="60" HEIGHT="22" WC="0.90" CONTENT="blott"/><SP WIDTH="19" VPOS="1131" HPOS="855"/>
							<String ID="string_331" HPOS="874" VPOS="1130" WIDTH="7" HEIGHT="21" WC="0.95" CONTENT="i"/>
						</TextLine>
						<TextLine ID="line_36" HPOS="56" VPOS="1161" WIDTH="822" HEIGHT="28">
							<String ID="string_332" HPOS="56" VPOS="1161" WIDTH="173" HEIGHT="28" WC="0.96" CONTENT="undantagsfall"/><SP WIDTH="23" VPOS="1161" HPOS="229"/>
							<String ID="string_333" HPOS="252" VPOS="1161" WIDTH="76" HEIGHT="22" WC="0.96" CONTENT="kunde"/><SP WIDTH="24" VPOS="1161" HPOS="328"/>
							<String ID="string_334" HPOS="352" VPOS="1161" WIDTH="38" HEIGHT="22" WC="0.93" CONTENT="det"/><SP WIDTH="24" VPOS="1161" HPOS="390"/>
							<String ID="string_335" HPOS="414" VPOS="1161" WIDTH="76" HEIGHT="23" WC="0.96" CONTENT="derför"/><SP WIDTH="23" VPOS="1161" HPOS="490"/>
							<String ID="string_336" HPOS="513" VPOS="1162" WIDTH="37" HEIGHT="21" WC="0.92" CONTENT="väl"/><SP WIDTH="25" VPOS="1162" HPOS="550"/>
							<String ID="string_337" HPOS="575" VPOS="1162" WIDTH="81" HEIGHT="27" WC="0.96" CONTENT="hända,"/><SP WIDTH="20" VPOS="1162" HPOS="656"/>
							<String ID="string_338" HPOS="676" VPOS="1164" WIDTH="34" HEIGHT="19" WC="0.96" CONTENT="att"/><SP WIDTH="16" VPOS="1164" HPOS="710"/>
							<String ID="string_339" HPOS="726" VPOS="1169" WIDTH="28" HEIGHT="14" WC="0.96" CONTENT="en"/><SP WIDTH="16" VPOS="1169" HPOS="754"/>
							<String ID="string_340" HPOS="770" VPOS="1161" WIDTH="108" HEIGHT="22" WC="0.96" CONTENT="kommun"/>
						</TextLine>
						<TextLine ID="line_37" HPOS="56" VPOS="1190" WIDTH="822" HEIGHT="30">
							<String ID="string_341" HPOS="56" VPOS="1191" WIDTH="73" HEIGHT="20" WC="0.93" CONTENT="skulle"/><SP WIDTH="23" VPOS="1191" HPOS="129"/>
							<String ID="string_342" HPOS="152" VPOS="1198" WIDTH="54" HEIGHT="14" WC="0.92" CONTENT="anse"/><SP WIDTH="19" VPOS="1198" HPOS="206"/>
							<String ID="string_343" HPOS="225" VPOS="1191" WIDTH="36" HEIGHT="28" WC="0.92" CONTENT="sig"/><SP WIDTH="15" VPOS="1191" HPOS="261"/>
							<String ID="string_344" HPOS="276" VPOS="1191" WIDTH="54" HEIGHT="22" WC="0.92" CONTENT="böra"/><SP WIDTH="15" VPOS="1191" HPOS="330"/>
							<String ID="string_345" HPOS="345" VPOS="1191" WIDTH="128" HEIGHT="22" WC="0.91" CONTENT="förminska"/><SP WIDTH="17" VPOS="1191" HPOS="473"/>
							<String ID="string_346" HPOS="490" VPOS="1191" WIDTH="39" HEIGHT="22" WC="0.93" CONTENT="det"/><SP WIDTH="15" VPOS="1191" HPOS="529"/>
							<String ID="string_347" HPOS="544" VPOS="1191" WIDTH="83" HEIGHT="29" WC="0.92" CONTENT="bidrag"/><SP WIDTH="16" VPOS="1191" HPOS="627"/>
							<String ID="string_348" HPOS="643" VPOS="1191" WIDTH="44" HEIGHT="22" WC="0.93" CONTENT="den"/><SP WIDTH="16" VPOS="1191" HPOS="687"/>
							<String ID="string_349" HPOS="703" VPOS="1191" WIDTH="83" HEIGHT="22" WC="0.91" CONTENT="hittills"/><SP WIDTH="16" VPOS="1191" HPOS="786"/>
							<String ID="string_350" HPOS="802" VPOS="1190" WIDTH="76" HEIGHT="29" WC="0.92" CONTENT="gifvit."/>
						</TextLine>
						<TextLine ID="line_38" HPOS="57" VPOS="1220" WIDTH="823" HEIGHT="30">
							<String ID="string_351" HPOS="57" VPOS="1220" WIDTH="53" HEIGHT="21" WC="0.96" CONTENT="Man"/><SP WIDTH="16" VPOS="1220" HPOS="110"/>
							<String ID="string_352" HPOS="126" VPOS="1220" WIDTH="41" HEIGHT="21" WC="0.93" CONTENT="har"/><SP WIDTH="15" VPOS="1220" HPOS="167"/>
							<String ID="string_353" HPOS="182" VPOS="1221" WIDTH="86" HEIGHT="21" WC="0.92" CONTENT="säledes"/><SP WIDTH="16" VPOS="1221" HPOS="268"/>
							<String ID="string_354" HPOS="284" VPOS="1222" WIDTH="12" HEIGHT="20" WC="0.91" CONTENT="ä"/><SP WIDTH="16" VPOS="1222" HPOS="296"/>
							<String ID="string_355" HPOS="312" VPOS="1229" WIDTH="43" HEIGHT="14" WC="0.96" CONTENT="ena"/><SP WIDTH="15" VPOS="1229" HPOS="355"/>
							<String ID="string_356" HPOS="370" VPOS="1221" WIDTH="66" HEIGHT="22" WC="0.96" CONTENT="sidan"/><SP WIDTH="16" VPOS="1221" HPOS="436"/>
							<String ID="string_357" HPOS="452" VPOS="1221" WIDTH="76" HEIGHT="22" WC="0.93" CONTENT="denna"/><SP WIDTH="15" VPOS="1221" HPOS="528"/>
							<String ID="string_358" HPOS="543" VPOS="1221" WIDTH="97" HEIGHT="29" WC="0.93" CONTENT="farhäga"/><SP WIDTH="16" VPOS="1221" HPOS="640"/>
							<String ID="string_359" HPOS="656" VPOS="1221" WIDTH="141" HEIGHT="22" WC="0.93" CONTENT="beträffande"/><SP WIDTH="10" VPOS="1221" HPOS="797"/>
							<String ID="string_360" HPOS="807" VPOS="1221" WIDTH="73" HEIGHT="27" WC="0.93" CONTENT="nägra"/>
						</TextLine>
						<TextLine ID="line_39" HPOS="58" VPOS="1249" WIDTH="822" HEIGHT="30">
							<String ID="string_361" HPOS="58" VPOS="1250" WIDTH="136" HEIGHT="27" WC="0.96" CONTENT="kommuner,"/><SP WIDTH="16" VPOS="1250" HPOS="194"/>
							<String ID="string_362" HPOS="210" VPOS="1258" WIDTH="53" HEIGHT="14" WC="0.92" CONTENT="men"/><SP WIDTH="15" VPOS="1258" HPOS="263"/>
							<String ID="string_363" HPOS="278" VPOS="1252" WIDTH="13" HEIGHT="20" WC="0.80" CONTENT="ä"/><SP WIDTH="15" VPOS="1252" HPOS="291"/>
							<String ID="string_364" HPOS="306" VPOS="1251" WIDTH="72" HEIGHT="22" WC="0.96" CONTENT="andra"/><SP WIDTH="15" VPOS="1251" HPOS="378"/>
							<String ID="string_365" HPOS="393" VPOS="1251" WIDTH="65" HEIGHT="22" WC="0.96" CONTENT="sidan"/><SP WIDTH="16" VPOS="1251" HPOS="458"/>
							<String ID="string_366" HPOS="474" VPOS="1251" WIDTH="43" HEIGHT="22" WC="0.96" CONTENT="har"/><SP WIDTH="15" VPOS="1251" HPOS="517"/>
							<String ID="string_367" HPOS="532" VPOS="1258" WIDTH="59" HEIGHT="21" WC="0.96" CONTENT="man,"/><SP WIDTH="16" VPOS="1258" HPOS="591"/>
							<String ID="string_368" HPOS="607" VPOS="1252" WIDTH="9" HEIGHT="20" WC="0.93" CONTENT="i"/><SP WIDTH="15" VPOS="1252" HPOS="616"/>
							<String ID="string_369" HPOS="631" VPOS="1251" WIDTH="109" HEIGHT="21" WC="0.96" CONTENT="händelse"/><SP WIDTH="16" VPOS="1251" HPOS="740"/>
							<String ID="string_370" HPOS="756" VPOS="1251" WIDTH="38" HEIGHT="21" WC="0.93" CONTENT="det"/><SP WIDTH="10" VPOS="1251" HPOS="794"/>
							<String ID="string_371" HPOS="804" VPOS="1249" WIDTH="76" HEIGHT="22" WC="0.95" CONTENT="vilkor"/>
						</TextLine>
						<TextLine ID="line_40" HPOS="57" VPOS="1279" WIDTH="823" HEIGHT="30">
							<String ID="string_372" HPOS="57" VPOS="1279" WIDTH="136" HEIGHT="28" WC="0.90" CONTENT="faststäldes,"/><SP WIDTH="23" VPOS="1279" HPOS="193"/>
							<String ID="string_373" HPOS="216" VPOS="1282" WIDTH="35" HEIGHT="19" WC="0.96" CONTENT="att"/><SP WIDTH="21" VPOS="1282" HPOS="251"/>
							<String ID="string_374" HPOS="272" VPOS="1283" WIDTH="75" HEIGHT="19" WC="0.93" CONTENT="staten"/><SP WIDTH="15" VPOS="1283" HPOS="347"/>
							<String ID="string_375" HPOS="362" VPOS="1281" WIDTH="51" HEIGHT="21" WC="0.92" CONTENT="icke"/><SP WIDTH="15" VPOS="1281" HPOS="413"/>
							<String ID="string_376" HPOS="428" VPOS="1281" WIDTH="77" HEIGHT="28" WC="0.92" CONTENT="gifver"/><SP WIDTH="15" VPOS="1281" HPOS="505"/>
							<String ID="string_377" HPOS="520" VPOS="1282" WIDTH="71" HEIGHT="27" WC="0.93" CONTENT="nägot"/><SP WIDTH="16" VPOS="1282" HPOS="591"/>
							<String ID="string_378" HPOS="607" VPOS="1281" WIDTH="105" HEIGHT="27" WC="0.92" CONTENT="tillskott,"/><SP WIDTH="16" VPOS="1281" HPOS="712"/>
							<String ID="string_379" HPOS="728" VPOS="1287" WIDTH="36" HEIGHT="14" WC="0.93" CONTENT="om"/><SP WIDTH="16" VPOS="1287" HPOS="764"/>
							<String ID="string_380" HPOS="780" VPOS="1280" WIDTH="19" HEIGHT="29" WC="0.93" CONTENT="ej"/><SP WIDTH="18" VPOS="1280" HPOS="799"/>
							<String ID="string_381" HPOS="817" VPOS="1279" WIDTH="63" HEIGHT="21" WC="0.93" CONTENT="kom-"/>
						</TextLine>
						<TextLine ID="line_41" HPOS="58" VPOS="1309" WIDTH="826" HEIGHT="29">
							<String ID="string_382" HPOS="58" VPOS="1316" WIDTH="109" HEIGHT="15" WC="0.90" CONTENT="munerna"/><SP WIDTH="18" VPOS="1316" HPOS="167"/>
							<String ID="string_383" HPOS="185" VPOS="1309" WIDTH="85" HEIGHT="28" WC="0.90" CONTENT="själfva"/><SP WIDTH="15" VPOS="1309" HPOS="270"/>
							<String ID="string_384" HPOS="285" VPOS="1310" WIDTH="68" HEIGHT="22" WC="0.92" CONTENT="äfven"/><SP WIDTH="15" VPOS="1310" HPOS="353"/>
							<String ID="string_385" HPOS="368" VPOS="1310" WIDTH="76" HEIGHT="22" WC="0.92" CONTENT="lemna"/><SP WIDTH="15" VPOS="1310" HPOS="444"/>
							<String ID="string_386" HPOS="459" VPOS="1312" WIDTH="35" HEIGHT="20" WC="0.93" CONTENT="ett"/><SP WIDTH="15" VPOS="1312" HPOS="494"/>
							<String ID="string_387" HPOS="509" VPOS="1310" WIDTH="87" HEIGHT="28" WC="0.92" CONTENT="sädant,"/><SP WIDTH="17" VPOS="1310" HPOS="596"/>
							<String ID="string_388" HPOS="613" VPOS="1310" WIDTH="44" HEIGHT="21" WC="0.93" CONTENT="den"/><SP WIDTH="16" VPOS="1310" HPOS="657"/>
							<String ID="string_389" HPOS="673" VPOS="1310" WIDTH="57" HEIGHT="21" WC="0.92" CONTENT="fulla"/><SP WIDTH="16" VPOS="1310" HPOS="730"/>
							<String ID="string_390" HPOS="746" VPOS="1309" WIDTH="138" HEIGHT="22" WC="0.92" CONTENT="säkerheten."/>
						</TextLine>
						<TextLine ID="line_42" HPOS="58" VPOS="1339" WIDTH="824" HEIGHT="28">
							<String ID="string_391" HPOS="58" VPOS="1341" WIDTH="35" HEIGHT="18" WC="0.96" CONTENT="att"/><SP WIDTH="16" VPOS="1341" HPOS="93"/>
							<String ID="string_392" HPOS="109" VPOS="1346" WIDTH="27" HEIGHT="14" WC="0.92" CONTENT="en"/><SP WIDTH="16" VPOS="1346" HPOS="136"/>
							<String ID="string_393" HPOS="152" VPOS="1339" WIDTH="86" HEIGHT="28" WC="0.92" CONTENT="mängd"/><SP WIDTH="15" VPOS="1339" HPOS="238"/>
							<String ID="string_394" HPOS="253" VPOS="1340" WIDTH="133" HEIGHT="21" WC="0.92" CONTENT="kommuner"/><SP WIDTH="15" VPOS="1340" HPOS="386"/>
							<String ID="string_395" HPOS="401" VPOS="1340" WIDTH="51" HEIGHT="21" WC="0.92" CONTENT="icke"/><SP WIDTH="16" VPOS="1340" HPOS="452"/>
							<String ID="string_396" HPOS="468" VPOS="1340" WIDTH="75" HEIGHT="21" WC="0.93" CONTENT="skulle"/><SP WIDTH="15" VPOS="1340" HPOS="543"/>
							<String ID="string_397" HPOS="558" VPOS="1340" WIDTH="76" HEIGHT="21" WC="0.92" CONTENT="lemna"/><SP WIDTH="16" VPOS="1340" HPOS="634"/>
							<String ID="string_398" HPOS="650" VPOS="1341" WIDTH="33" HEIGHT="20" WC="0.93" CONTENT="ett"/><SP WIDTH="11" VPOS="1341" HPOS="683"/>
							<String ID="string_399" HPOS="694" VPOS="1339" WIDTH="76" HEIGHT="28" WC="0.92" CONTENT="dylikt"/><SP WIDTH="11" VPOS="1339" HPOS="770"/>
							<String ID="string_400" HPOS="781" VPOS="1339" WIDTH="101" HEIGHT="22" WC="0.90" CONTENT="tillskott"/>
						</TextLine>
						<TextLine ID="line_43" HPOS="31" VPOS="1367" WIDTH="850" HEIGHT="31">
							<String ID="string_401" HPOS="31" VPOS="1367" WIDTH="4" HEIGHT="4" WC="0.81" CONTENT="*"/><SP WIDTH="23" VPOS="1367" HPOS="35"/>
							<String ID="string_402" HPOS="58" VPOS="1368" WIDTH="42" HEIGHT="21" WC="0.95" CONTENT="och"/><SP WIDTH="24" VPOS="1368" HPOS="100"/>
							<String ID="string_403" HPOS="124" VPOS="1370" WIDTH="35" HEIGHT="19" WC="0.93" CONTENT="att"/><SP WIDTH="22" VPOS="1370" HPOS="159"/>
							<String ID="string_404" HPOS="181" VPOS="1369" WIDTH="86" HEIGHT="22" WC="0.96" CONTENT="således"/><SP WIDTH="20" VPOS="1369" HPOS="267"/>
							<String ID="string_405" HPOS="287" VPOS="1369" WIDTH="50" HEIGHT="29" WC="0.96" CONTENT="just"/><SP WIDTH="23" VPOS="1369" HPOS="337"/>
							<String ID="string_406" HPOS="360" VPOS="1369" WIDTH="28" HEIGHT="22" WC="0.92" CONTENT="de"/><SP WIDTH="15" VPOS="1369" HPOS="388"/>
							<String ID="string_407" HPOS="403" VPOS="1369" WIDTH="79" HEIGHT="28" WC="0.95" CONTENT="lärare,"/><SP WIDTH="16" VPOS="1369" HPOS="482"/>
							<String ID="string_408" HPOS="498" VPOS="1377" WIDTH="48" HEIGHT="14" WC="0.96" CONTENT="som"/><SP WIDTH="16" VPOS="1377" HPOS="546"/>
							<String ID="string_409" HPOS="562" VPOS="1369" WIDTH="35" HEIGHT="22" WC="0.96" CONTENT="för"/><SP WIDTH="15" VPOS="1369" HPOS="597"/>
							<String ID="string_410" HPOS="612" VPOS="1369" WIDTH="142" HEIGHT="22" WC="0.93" CONTENT="närvarande"/><SP WIDTH="16" VPOS="1369" HPOS="754"/>
							<String ID="string_411" HPOS="770" VPOS="1372" WIDTH="38" HEIGHT="19" WC="0.96" CONTENT="äro"/><SP WIDTH="16" VPOS="1372" HPOS="808"/>
							<String ID="string_412" HPOS="824" VPOS="1367" WIDTH="57" HEIGHT="23" WC="0.96" CONTENT="allra"/>
						</TextLine>
						<TextLine ID="line_44" HPOS="58" VPOS="1396" WIDTH="826" HEIGHT="31">
							<String ID="string_413" HPOS="58" VPOS="1400" WIDTH="71" HEIGHT="19" WC="0.93" CONTENT="sämst"/><SP WIDTH="23" VPOS="1400" HPOS="129"/>
							<String ID="string_414" HPOS="152" VPOS="1397" WIDTH="104" HEIGHT="23" WC="0.90" CONTENT="aflönade"/><SP WIDTH="22" VPOS="1397" HPOS="256"/>
							<String ID="string_415" HPOS="278" VPOS="1399" WIDTH="43" HEIGHT="22" WC="0.93" CONTENT="och"/><SP WIDTH="15" VPOS="1399" HPOS="321"/>
							<String ID="string_416" HPOS="336" VPOS="1399" WIDTH="75" HEIGHT="22" WC="0.96" CONTENT="likaså"/><SP WIDTH="14" VPOS="1399" HPOS="411"/>
							<String ID="string_417" HPOS="425" VPOS="1399" WIDTH="134" HEIGHT="27" WC="0.96" CONTENT="lärarinnor,"/><SP WIDTH="14" VPOS="1399" HPOS="559"/>
							<String ID="string_418" HPOS="573" VPOS="1399" WIDTH="49" HEIGHT="28" WC="0.96" CONTENT="just"/><SP WIDTH="16" VPOS="1399" HPOS="622"/>
							<String ID="string_419" HPOS="638" VPOS="1399" WIDTH="66" HEIGHT="22" WC="0.96" CONTENT="dessa"/><SP WIDTH="15" VPOS="1399" HPOS="704"/>
							<String ID="string_420" HPOS="719" VPOS="1399" WIDTH="73" HEIGHT="21" WC="0.93" CONTENT="skulle"/><SP WIDTH="15" VPOS="1399" HPOS="792"/>
							<String ID="string_421" HPOS="807" VPOS="1396" WIDTH="77" HEIGHT="23" WC="0.69" CONTENT="blifva."/>
						</TextLine>
						<TextLine ID="line_45" HPOS="59" VPOS="1427" WIDTH="822" HEIGHT="24">
							<String ID="string_422" HPOS="59" VPOS="1430" WIDTH="56" HEIGHT="19" WC="0.93" CONTENT="utan"/><SP WIDTH="15" VPOS="1430" HPOS="115"/>
							<String ID="string_423" HPOS="130" VPOS="1427" WIDTH="106" HEIGHT="22" WC="0.93" CONTENT="tillskott."/><SP WIDTH="31" VPOS="1427" HPOS="236"/>
							<String ID="string_424" HPOS="267" VPOS="1429" WIDTH="226" HEIGHT="21" WC="0.91" CONTENT="Folkskolelärarene"/><SP WIDTH="16" VPOS="1429" HPOS="493"/>
							<String ID="string_425" HPOS="509" VPOS="1429" WIDTH="42" HEIGHT="22" WC="0.93" CONTENT="och"/><SP WIDTH="16" VPOS="1429" HPOS="551"/>
							<String ID="string_426" HPOS="567" VPOS="1429" WIDTH="167" HEIGHT="21" WC="0.92" CONTENT="-lärarinnorna"/><SP WIDTH="16" VPOS="1429" HPOS="734"/>
							<String ID="string_427" HPOS="750" VPOS="1429" WIDTH="4" HEIGHT="20" WC="0.84" CONTENT="i"/><SP WIDTH="12" VPOS="1429" HPOS="754"/>
							<String ID="string_428" HPOS="766" VPOS="1428" WIDTH="30" HEIGHT="21" WC="0.84" CONTENT="de"/><SP WIDTH="11" VPOS="1428" HPOS="796"/>
							<String ID="string_429" HPOS="807" VPOS="1427" WIDTH="74" HEIGHT="22" WC="0.96" CONTENT="rikare"/>
						</TextLine>
						<TextLine ID="line_46" HPOS="60" VPOS="1457" WIDTH="824" HEIGHT="30">
							<String ID="string_430" HPOS="60" VPOS="1457" WIDTH="42" HEIGHT="21" WC="0.91" CONTENT="och"/><SP WIDTH="22" VPOS="1457" HPOS="102"/>
							<String ID="string_431" HPOS="124" VPOS="1457" WIDTH="144" HEIGHT="29" WC="0.91" CONTENT="förmögnare"/><SP WIDTH="20" VPOS="1457" HPOS="268"/>
							<String ID="string_432" HPOS="288" VPOS="1458" WIDTH="169" HEIGHT="29" WC="0.96" CONTENT="kommunerna,"/><SP WIDTH="17" VPOS="1458" HPOS="457"/>
							<String ID="string_433" HPOS="474" VPOS="1466" WIDTH="48" HEIGHT="14" WC="0.96" CONTENT="som"/><SP WIDTH="16" VPOS="1466" HPOS="522"/>
							<String ID="string_434" HPOS="538" VPOS="1466" WIDTH="32" HEIGHT="13" WC="0.96" CONTENT="nu"/><SP WIDTH="14" VPOS="1466" HPOS="570"/>
							<String ID="string_435" HPOS="584" VPOS="1458" WIDTH="71" HEIGHT="22" WC="0.92" CONTENT="redan"/><SP WIDTH="16" VPOS="1458" HPOS="655"/>
							<String ID="string_436" HPOS="671" VPOS="1458" WIDTH="95" HEIGHT="28" WC="0.96" CONTENT="bidraga"/><SP WIDTH="14" VPOS="1458" HPOS="766"/>
							<String ID="string_437" HPOS="780" VPOS="1457" WIDTH="53" HEIGHT="22" WC="0.96" CONTENT="med"/><SP WIDTH="15" VPOS="1457" HPOS="833"/>
							<String ID="string_438" HPOS="848" VPOS="1458" WIDTH="36" HEIGHT="19" WC="0.96" CONTENT="ett"/>
						</TextLine>
						<TextLine ID="line_47" HPOS="59" VPOS="1485" WIDTH="826" HEIGHT="31">
							<String ID="string_439" HPOS="59" VPOS="1486" WIDTH="83" HEIGHT="29" WC="0.93" CONTENT="belopp"/><SP WIDTH="23" VPOS="1486" HPOS="142"/>
							<String ID="string_440" HPOS="165" VPOS="1487" WIDTH="171" HEIGHT="29" WC="0.87" CONTENT="öfverstigande"/><SP WIDTH="25" VPOS="1487" HPOS="336"/>
							<String ID="string_441" HPOS="361" VPOS="1488" WIDTH="63" HEIGHT="21" WC="0.93" CONTENT="detta"/><SP WIDTH="20" VPOS="1488" HPOS="424"/>
							<String ID="string_442" HPOS="444" VPOS="1488" WIDTH="107" HEIGHT="22" WC="0.96" CONTENT="fordrade"/><SP WIDTH="16" VPOS="1488" HPOS="551"/>
							<String ID="string_443" HPOS="567" VPOS="1488" WIDTH="123" HEIGHT="28" WC="0.96" CONTENT="minimala,"/><SP WIDTH="17" VPOS="1488" HPOS="690"/>
							<String ID="string_444" HPOS="707" VPOS="1487" WIDTH="73" HEIGHT="22" WC="0.93" CONTENT="skulle"/><SP WIDTH="16" VPOS="1487" HPOS="780"/>
							<String ID="string_445" HPOS="796" VPOS="1485" WIDTH="89" HEIGHT="23" WC="0.58" CONTENT="erhålla"/>
						</TextLine>
					</TextBlock>
				</ComposedBlock>
			</PrintSpace>
		</Page>
	</Layout>
</alto>
