1098 1753
313 96 75 21 Pappiss.
402 95 22 18 23
436 99 15 17 p.
464 95 72 18 Toukok.
548 95 50 17 1885.
787 93 45 18 1285

40 157 44 22 och
108 163 48 14 som
179 162 29 14 en
231 153 57 23 hvar
308 154 46 21 kan
370 153 92 28 erhälla,
477 160 38 15 om
530 153 47 22 han
593 152 61 23 blott
669 152 42 22 vill
727 152 43 27 det,
787 155 25 19 är
827 151 39 23 det

40 187 63 22 vissa
125 185 87 28 hoppet
235 185 35 20 att
292 183 78 22 kunna
388 190 56 15 vara
459 183 8 21 i
483 183 126 22 åminnelse
625 182 41 22 hos
682 182 54 21 Gud
751 182 43 21 och
809 181 56 22 hans

42 214 188 29 barmhertighet,
254 213 29 22 dä
301 213 44 22 den
361 213 43 22 allt
419 212 126 29 afgörande
561 212 81 30 dagen,
658 219 48 15 som
722 211 51 22 icke
787 214 40 19 vet
841 210 27 23 af

42 247 76 27 nägon
134 246 56 26 natt,
206 243 106 22 inträder.

112 274 59 23 Värt
193 273 201 28 landtdagsarbete
418 272 42 21 här
478 271 42 22 har
535 271 90 29 utgjort
641 279 28 14 en
685 271 38 22 del
737 271 26 22 af
777 271 38 23 det
831 277 35 15 oss

42 304 118 29 förelagda
176 303 153 28 dagsarbetet;
346 302 70 21 äfven
430 301 83 22 härvid
528 301 74 29 gäller
617 301 166 29 pligttroheten
793 302 73 21 såsom

43 335 39 21 det
96 334 131 25 förnämsta,
241 332 25 28 ja
281 332 39 21 det
335 331 59 22 enda
408 331 62 22 inför
485 331 99 28 Honom,
599 331 38 21 för
651 330 69 23 hvars
736 331 131 29 skarpblick

44 364 42 22 allt
109 367 25 17 är
157 362 103 22 blottadt
280 361 42 22 och
336 361 131 29 uppenbart
482 360 44 22 och
541 360 70 22 hvars
627 360 53 22 dom
696 360 87 22 derföre
799 365 24 17 är
839 368 28 15 en

44 395 47 20 rätt
106 392 58 22 dom.
193 391 127 29 Menskligt
336 393 34 19 att
386 398 24 14 se
425 390 42 22 och
483 390 126 29 menskligt
625 392 35 20 att
671 390 72 28 döma,
753 390 42 22 har
805 391 64 21 detta

43 430 33 15 nu
90 422 133 22 fulländade
234 420 199 29 landtdagsarbete
443 420 59 22 visst
513 420 52 22 icke
575 420 62 22 varit
647 420 122 28 förgäfves.
793 421 75 21 Hvar-

44 453 45 21 ken
112 452 37 22 till
169 451 94 29 omfäng
278 450 55 22 eller
347 450 159 22 beskaffenhet
521 450 48 21 kan
585 450 39 21 det
640 450 88 22 skattas
743 450 67 29 ringa
825 450 42 22 och

43 482 169 29 betydelselöst.
242 480 85 30 Mänga
342 480 83 29 frägor,
441 487 48 15 som
504 480 69 28 länge
588 481 82 20 väntat
685 480 29 28 pä
725 480 34 21 sin
769 480 97 29 lösning,

43 512 72 22 hafva
136 511 74 22 under
232 510 65 22 detta
317 510 153 22 ständermöte
487 509 84 27 blifvit,
587 509 77 22 sävidt
679 509 40 23 det
733 510 30 29 pä
776 510 90 22 landets

45 541 93 23 ständer
154 541 136 27 ankommer,
306 539 110 29 afgjorda.
447 539 79 29 Nägra
542 538 26 23 af
581 539 66 22 dessa
657 538 71 23 hafva
738 539 9 22 1
757 539 45 29 dag
812 540 54 22 blif-

44 572 36 21 vit
95 570 137 23 framhällna
246 569 63 23 såväl
324 571 29 27 pä
368 569 112 22 rikssalen
495 576 49 14 som
561 568 69 22 äfven
641 568 41 22 här
693 568 26 22 af
726 568 141 24 Bondestän-

46 601 49 22 dets
119 600 139 30 deputation.
289 599 55 21 Man
365 599 43 21 har
430 598 52 22 med
500 600 62 20 rätta
577 600 80 20 nämnt
671 599 108 22 metriska
795 601 72 27 syste-

47 633 59 27 mets
129 629 129 29 antagande
281 628 35 23 för
338 630 64 26 mått,
417 628 47 22 mål
479 628 43 22 och
537 628 58 29 vigt,
611 636 29 14 en
655 636 32 20 ny
702 628 165 30 undervisning

46 660 36 22 för
104 659 158 23 skatterubeln
277 658 42 22 och
334 658 231 29 skattepersedlarnes
581 658 137 29 förenkling,
735 658 134 29 afgörandet

48 690 25 22 af
93 689 196 28 rusthällsfrägan,
310 688 44 21 den
369 688 26 21 af
408 688 124 21 ständerna
548 690 102 26 antagna
664 695 47 21 nya
725 688 143 29 regleringen

47 719 36 22 för
98 719 178 29 presterskapets
292 717 106 30 aflöning.
429 717 110 30 Antagna
554 717 71 22 hafva
640 717 69 22 äfven
723 717 72 23 under
806 717 63 23 detta

48 749 154 22 ständermöte
224 747 79 22 blifvit
326 755 28 14 en
376 755 32 20 ny
432 747 114 29 skogslag,
562 754 28 15 en
605 754 34 21 ny
653 747 106 29 strafflag
774 747 35 22 för
825 747 45 23 den

48 779 75 21 finska
145 778 121 26 militären,
289 777 85 28 förslag
397 784 37 14 om
455 776 205 29 postsparbankers
682 777 129 22 inrättande
827 777 43 22 och

48 808 86 29 förslag
150 807 36 22 till
196 807 134 29 förordning
341 814 36 14 om
388 806 168 29 spritdryckers
566 806 153 29 tillverkning
728 807 43 21 och
781 807 88 28 försälj-

49 839 63 26 ning,
127 837 40 22 vid
183 837 89 22 hvilket
287 836 141 22 sistnämnda
443 836 93 22 ärendes
547 836 142 29 behandling
699 836 39 21 det
747 836 124 23 förnämsta

50 867 148 22 Ogonmärket
214 866 60 22 varit
288 868 35 19 att
338 865 70 29 stäfja
423 873 29 14 en
462 865 224 29 dryckenskapslast,
696 865 94 23 hvilken
800 866 71 22 kräft-

50 872 44 58 likt
117 897 66 22 hotar
206 897 35 21 att
263 895 154 29 undergräfva
436 896 56 27 vårt
507 895 62 22 folks
584 895 51 22 icke
651 895 60 22 blott
725 895 147 23 ekonomiska

51 929 56 20 utan
130 926 69 22 äfven
222 925 87 29 sedliga
331 925 69 22 helsa.
431 925 77 22 Afven
532 925 43 22 har
590 933 28 14 en
634 925 77 29 vigtig
723 925 148 29 järnvägsan-

50 956 113 29 läggning
177 955 80 22 blifvit
272 955 109 28 besluten,
398 955 43 22 och
457 955 38 22 det
510 955 54 22 med
579 954 112 30 sällspord
706 955 165 29 samstämmig-

51 987 45 27 het,
120 985 127 29 hvarjämte
270 988 60 19 stora
346 985 80 28 anslag
442 985 35 21 för
493 985 65 21 detta
572 985 91 28 företag
679 985 78 22 blifvit
771 985 28 22 af
811 987 62 20 stän-

53 1016 69 21 derna
146 1015 113 22 anvisade.
289 1015 45 21 För
357 1014 198 29 folkbildningens
578 1014 43 22 och
642 1014 44 22 den
702 1015 172 28 vetenskapliga

52 1045 120 29 odlingens
192 1044 156 28 befrämjande
372 1043 70 23 hafva
465 1044 69 22 äfven
557 1044 119 28 åtskilliga
695 1044 89 29 vigtiga
799 1045 75 21 beslut

52 1074 80 22 blifvit
147 1074 93 22 fattade.
271 1074 120 21 Dessutom
401 1073 71 22 hafva
482 1073 55 22 flere
547 1073 183 22 beaktansvärda
739 1074 135 28 önsknings-

53 1104 47 22 mål
114 1104 135 25 framstälts;
266 1103 43 22 och
324 1110 37 14 om
376 1103 66 21 dessa
457 1103 69 22 också
541 1103 51 21 icke
608 1103 46 22 alla
664 1103 88 22 kunnat
761 1110 32 14 nu
803 1103 72 22 vinna

54 1142 28 14 en
106 1133 156 29 samstämmig
284 1133 90 29 lösning
396 1132 63 22 inom
477 1133 216 29 representationen,
709 1134 25 20 så
748 1132 41 22 har
804 1132 70 22 redan

56 1164 64 22 deras
143 1163 119 22 uttalande
284 1162 60 22 varit
368 1162 25 22 af
414 1170 28 14 en
465 1165 48 19 stor
528 1162 110 22 framtida
653 1162 121 29 betydelse.
804 1162 72 22 Dessa

55 1192 177 29 önskningsmål,
256 1192 40 22 der
319 1192 27 22 de
362 1192 70 22 hafva
448 1192 61 22 varit
526 1192 53 22 med
594 1192 102 28 rättvisa,
711 1192 107 29 billighet
833 1192 43 22 och

55 1222 195 22 fäderneslandets
265 1222 39 22 väl
319 1221 254 27 öfverensstämmande,
588 1222 72 21 måste
671 1222 81 28 säkert,
763 1223 48 21 åter
820 1230 56 20 upp-

55 1252 83 29 repade
162 1252 62 21 inom
244 1252 51 21 icke
317 1252 79 21 alltför
418 1251 56 29 lång
497 1252 41 21 tid
548 1251 72 22 vinna
635 1259 29 14 en
680 1252 85 22 önskad
780 1251 97 29 lösning.

56 1282 47 28 Jag
117 1282 43 21 har
174 1283 81 20 nämnt
270 1281 41 22 allt
326 1281 69 28 detta,
411 1281 36 22 för
463 1283 35 20 att
513 1281 88 22 erhålla
615 1283 34 20 ett
659 1281 64 22 bevis
733 1280 35 23 för
778 1281 43 22 och
831 1280 47 22 till-

55 1312 49 22 lika
118 1310 126 22 framställa
259 1310 202 30 nödvändigheten
476 1312 24 20 at
516 1311 45 21 den
576 1310 71 30 djupa
662 1311 158 21 erkänsamhet
831 1318 48 14 som

54 1341 42 29 jag
112 1348 65 14 anser
192 1340 48 28 mig
255 1348 55 14 vara
324 1340 87 29 pligtig
426 1343 36 19 att
476 1341 9 21 i
500 1340 116 29 egenskap
633 1340 26 22 af
671 1340 87 22 talman
768 1340 36 22 för
814 1340 65 22 detta

57 1370 67 22 ständ
147 1370 74 22 uttala
244 1370 36 22 för
302 1370 42 22 allt
360 1370 39 21 det
414 1370 146 30 pligttrogna
575 1370 43 22 och
634 1372 83 27 trägna
732 1370 83 29 arbete,
831 1377 48 15 som

56 1400 74 21 under
146 1400 74 21 denna
234 1400 112 28 landtdag
361 1400 80 21 blifvit
456 1400 143 29 ädagalagdt
611 1400 64 21 såväl
685 1400 34 21 uti
729 1400 150 29 landtdagens

58 1429 112 21 särskilda
192 1429 90 21 utskott
304 1436 48 14 som
374 1429 41 22 vid
438 1429 51 22 dess
510 1429 246 29 plenisammanträden
771 1429 43 22 och
829 1429 51 22 dess

58 1458 106 27 kanslier,
180 1461 60 19 samt
258 1458 108 22 särskildt
381 1459 104 27 (emedan
500 1459 24 22 vi
540 1459 52 21 bäst
606 1459 77 22 känna
697 1460 52 20 värt
761 1461 52 26 eget
824 1459 55 21 kan-

58 1488 40 21 slis
121 1488 153 27 verksamhet)
295 1488 36 21 för
346 1488 44 22 den
407 1490 190 27 samvetsgranna
612 1488 37 22 flit
664 1488 42 21 och
722 1495 94 22 omsorg,
833 1495 48 14 som

58 1517 40 22 vid
115 1517 64 22 detta
194 1517 76 22 kansli
285 1517 78 22 blifvit
378 1518 124 28 presterad.
533 1517 47 30 Jag
595 1518 42 22 har
648 1520 80 19 nämnt
739 1517 62 22 detta
812 1517 70 22 äfven

130 1552 126 18 Pappissäädyn
265 1553 108 17 pöytäkirjat.
788 1547 23 18 82
