1114 1745
260 71 46 18 1198
521 73 77 20 Pappiss.
610 73 19 18 19
641 77 15 18 p.
669 73 71 18 Toukok.
751 73 50 18 1885.

219 131 139 28 palkollisten
373 131 106 22 tulemista
491 131 154 28 palvelukseen
655 132 28 27 ja
698 131 80 22 heidän
790 131 188 28 poismuuttoansa
993 131 51 22 sekä

218 161 139 29 palkollisten
368 161 147 27 pestaamista.

292 191 128 22 Mietinnön
433 191 108 29 johdosta
557 191 80 29 syntyi
652 199 109 14 seuraava
776 191 141 22 keskustelu:

292 221 106 22 Provasti
417 221 115 28 Sahlberg:
557 221 60 28 Lag-
639 221 42 22 och
703 221 220 22 ekonomiutskottet
938 221 41 22 har
993 221 51 22 icke

222 253 75 20 ansett
319 251 36 28 sig
378 251 77 21 kunna
477 251 140 22 understöda
640 251 27 21 de
689 251 130 29 petitioner,
843 258 47 14 som
911 255 38 18 äro
963 251 80 29 gjorda

221 281 117 29 angående
366 280 173 29 framflyttande
567 281 25 21 af
618 281 169 28 tjenstefolkets
811 280 160 29 flyttningstid
993 281 51 20 från

221 311 43 22 och
279 318 27 13 ur
321 310 104 29 tjensten.
456 310 136 22 Emellertid
607 311 111 21 erkänner
733 311 114 21 utskottet
863 313 34 19 att
913 311 27 21 de
954 310 89 29 angelä-

221 341 116 28 genheter,
353 347 48 14 som
417 340 64 22 dessa
496 340 124 29 petitioner
635 341 85 27 beröra,
736 344 39 18 äro
791 340 27 22 af
827 347 28 14 en
864 340 50 22 icke
925 340 118 29 obetydlig

221 370 52 29 vigt
288 369 35 22 för
338 370 162 22 utvecklandet
516 370 27 21 af
555 370 90 22 landets
661 370 166 29 modernäring,
836 370 141 29 jordbruket,
987 372 55 20 utan

221 402 35 20 att
279 400 43 21 den
342 399 133 30 förändring
491 407 48 14 som
554 400 155 29 petitionerna
723 400 116 22 innefatta
855 400 41 21 har
910 401 30 28 pä
954 400 88 22 landets

221 429 159 30 modernäring
395 432 34 19 ett
443 430 126 29 väsentligt
584 429 133 30 inflytande.
748 430 45 21 Att
803 429 168 29 tjenstefolkets
981 430 62 29 flytt-

221 459 104 30 ningstid
348 459 8 22 i
372 459 123 22 allmänhet
511 467 64 14 anses
591 467 55 14 vara
661 460 115 29 olämplig,
793 459 60 22 inses
869 459 66 22 deraf
948 462 34 19 att
997 459 45 22 frä-

221 497 46 22 gan
282 497 36 14 om
333 489 133 29 förändring
481 489 26 22 af
520 489 189 29 flyttningstiden
724 489 43 22 har
783 489 80 22 väckts
879 489 40 22 vid
934 489 109 22 särskilda

220 519 217 28 landtbruksmöten,
456 519 40 22 vid
515 519 106 29 offentlig
636 519 129 22 diskussion
781 519 8 22 i
799 527 98 21 pressen,
908 519 42 22 och
957 519 86 29 jemväl

220 549 41 22 vid
276 549 38 22 det
329 551 70 20 större
414 549 198 22 landsbruksmöte
627 557 48 14 som
691 549 8 22 i
714 549 148 29 Helsingfors
878 549 59 22 hölls
947 549 95 22 emellan

221 579 44 22 den
289 581 12 20 8
325 579 42 22 och
390 580 28 21 22
441 587 60 14 mars
525 580 62 27 1883,
612 579 39 22 der
675 579 50 22 dess
745 579 126 22 ledamöter
886 579 105 22 förenade
1007 579 36 28 sig

221 616 37 15 om
281 611 34 20 att
337 616 47 14 som
407 609 35 21 sin
465 609 61 29 äsigt
549 609 125 28 framhälla,
690 611 35 20 att
741 609 45 22 den
801 617 32 13 nu
848 609 116 22 bestämda
979 609 63 21 tiden

220 639 35 22 för
278 638 167 29 tjenstefolkets
469 639 120 29 städjande
613 639 42 22 och
678 639 113 28 flyttning
807 646 53 15 vore
876 639 109 29 olämplig
1000 639 41 21 och

220 671 35 20 att
269 668 42 22 hos
327 669 110 28 styrelsen
453 669 119 21 hemställa
587 676 38 14 om
639 670 76 28 nägon
731 669 83 28 ätgärd
830 668 91 29 derhän,
937 671 34 19 att
985 669 57 28 tjen-

219 699 120 21 stefolkets
361 698 159 29 flyttningstid
543 699 72 21 skulle
639 699 83 21 ändras
745 699 76 28 enligt
843 698 87 29 förslag
947 698 36 22 till
998 698 43 22 den

221 730 11 21 1
249 728 72 30 April.
353 728 78 22 Säsom
446 729 50 21 skäl
511 728 93 22 hvarför
619 729 113 21 utskottet
746 728 20 28 ej
779 728 102 22 förordat
891 728 150 29 petitionerna

219 758 90 22 anföres
332 760 35 19 att
390 758 43 22 den
457 758 113 22 allmänna
593 759 122 28 meningen
733 759 51 21 icke
801 761 62 18 ännu
878 758 79 29 tyckes
972 758 69 21 hafva

218 788 97 21 kommit
336 787 103 23 öfverens
455 795 36 15 om
507 789 75 28 nägon
598 790 47 20 rätt
660 788 96 29 lämplig
772 788 36 22 tid
824 788 36 21 för
875 787 166 30 tjenstefolkets

218 817 117 29 flyttning,
351 818 94 21 emedan
461 817 109 30 förslaget
585 818 125 22 innefattar
725 819 25 20 sä
766 817 63 22 olika
841 817 66 28 tider,
917 825 48 14 som
975 818 66 21 också

218 855 67 21 synes
301 848 26 21 af
341 847 64 22 dessa
419 848 128 28 petitioner.
577 848 78 28 Några
677 848 151 28 petitionärer
851 848 70 21 önska
937 849 34 20 att
986 847 57 29 tjen-

218 877 120 21 stefolkets
354 877 160 29 flyttningstid
529 877 73 22 skulle
621 877 139 29 framflyttas
778 877 37 21 till
831 877 44 21 den
892 879 11 20 1
920 877 121 27 december,

219 907 71 21 andra
305 908 48 20 åter
369 909 34 19 att
418 907 188 29 flyttningstiden
624 907 73 22 skulle
707 909 102 19 utsättas
820 907 36 21 till
867 907 44 21 den
922 908 13 20 2
943 906 98 29 januari,

218 936 43 22 och
279 937 72 28 några
367 936 99 22 deremot
482 944 53 14 anse
551 939 35 19 att
601 937 44 21 den
662 938 11 21 1
691 937 58 29 april
765 944 55 14 vore
837 936 43 22 den
898 936 143 30 lämpligaste

217 967 64 21 tiden
304 966 35 22 för
362 966 145 29 flyttningen.
539 967 120 22 Utskottet
679 967 66 22 anför
760 967 81 22 vidare
856 967 80 21 hvilka
951 967 89 28 olägen-

217 996 64 22 heter
305 996 27 22 de
355 996 129 29 föreslagna
506 1004 46 21 nya
572 996 214 29 flyttningstiderna
809 996 74 22 skulle
905 996 70 22 hafva
989 997 51 20 med

216 1026 41 29 sig,
273 1026 117 29 nämligen
405 1029 34 19 att
455 1027 14 21 2
482 1026 91 29 januari
589 1033 54 15 vore
658 1027 110 28 olämplig
783 1026 166 29 flyttningstid,
967 1025 74 23 derför

217 1058 35 19 att
275 1055 140 30 flyttningen
439 1056 73 22 skulle
531 1056 81 22 infalla
627 1057 72 21 under
713 1057 86 28 helgen
815 1055 42 22 och
873 1055 94 22 sålunda
981 1058 60 19 störa

217 1085 45 22 den
287 1085 51 27 frid,
364 1093 47 14 som
437 1086 40 21 bör
499 1086 56 21 råda
569 1086 73 21 under
654 1086 65 29 julen
735 1086 43 22 och
794 1085 139 29 nyårstiden,
949 1085 42 22 och
1007 1087 34 20 att

217 1115 116 22 dessutom
348 1115 40 22 vid
403 1115 133 29 nyårstiden
552 1116 48 21 ofta
615 1116 104 21 inträffar
734 1118 83 26 sträng
832 1115 59 28 köld,
903 1116 24 21 så
938 1117 33 20 att
981 1115 60 29 gifta

216 1145 100 28 drängar
331 1145 42 22 och
389 1146 206 28 spanmålstorpare
611 1145 42 22 och
669 1145 76 28 andra,
761 1145 83 22 hvilka
854 1145 101 22 medföra
966 1145 73 28 familj

215 1175 44 21 och
281 1178 38 18 äro
343 1175 74 28 dåligt
439 1175 106 22 försedda
567 1175 52 22 med
641 1175 85 28 kläder,
749 1175 73 22 hafva
845 1176 62 20 svårt
923 1177 34 19 att
972 1174 68 29 flytta

213 1204 57 29 lång
290 1208 51 25 väg.
372 1204 145 23 Beträffande
536 1206 48 20 åter
599 1205 202 29 flyttningstidens
817 1204 170 28 framflyttande
1003 1205 36 21 till

215 1234 68 29 April
305 1234 94 22 månads
422 1234 86 29 början,
531 1242 65 14 anser
618 1242 53 14 man
694 1237 34 20 att
751 1235 40 21 det
815 1241 54 15 vore
888 1235 63 20 svårt
966 1236 35 19 att
1015 1234 24 21 få

214 1263 140 30 tjenstefolk,
378 1264 94 22 emedan
495 1271 28 14 en
546 1267 47 19 stor
615 1264 37 22 del
667 1264 84 22 sådana
767 1271 114 22 personer,
895 1271 47 14 som
958 1271 82 14 annars

213 1293 75 22 skulle
304 1296 84 26 antaga
403 1294 113 29 årstjenst,
533 1293 28 22 då
575 1294 51 22 icke
641 1301 48 14 mer
703 1294 41 22 vid
759 1294 84 28 början
853 1293 26 21 af
887 1295 69 19 våren
967 1293 72 21 skulle

213 1322 58 29 vilja
285 1323 60 21 fästa
361 1324 36 28 sig
411 1331 49 15 som
475 1323 133 29 tjenstefolk
623 1324 41 21 hos
679 1324 76 28 någon
771 1323 127 26 husbonde,
909 1323 29 21 då
948 1322 27 22 de
985 1330 54 14 anse

213 1352 38 29 sig
273 1352 100 29 förtjena
395 1361 48 14 mer
465 1360 47 15 som
535 1353 44 22 fria
599 1354 108 21 arbetare.
737 1353 47 21 Det
801 1353 46 21 kan
863 1352 41 22 allt
919 1352 69 22 hafva
1003 1352 36 22 sin

213 1382 108 29 sanning;
345 1382 43 22 och
411 1383 26 21 af
457 1383 44 21 alla
525 1383 27 21 de
574 1382 87 30 förslag
683 1383 36 21 till
735 1382 126 22 förändrad
876 1382 163 28 flyttningstid,

213 1419 49 14 som
285 1412 53 22 utaf
358 1412 178 29 petitionärerne
558 1412 71 22 hafva
651 1412 80 22 blifvit
751 1412 153 28 framställda,
919 1418 65 15 anser
997 1411 42 29 jag

214 1441 45 21 den
280 1442 12 21 1
313 1441 118 23 december
450 1450 55 14 vara
521 1442 43 22 den
579 1442 150 29 lämpligaste.
761 1442 54 22 Den
829 1441 42 22 har
886 1442 70 28 ingen
971 1440 26 22 af
1011 1441 26 21 de

213 1470 147 33 olägenheter
383 1479 48 14 som
454 1472 27 21 de
504 1472 70 22 andra
597 1472 217 29 flyttningstiderna
828 1471 49 22 lida
891 1471 29 22 af.
951 1470 87 23 Genom

213 1503 34 20 att
270 1501 189 29 flyttningstiden
481 1502 74 22 skulle
577 1501 139 29 framflyttas
739 1509 29 14 en
784 1501 91 28 månad,
891 1501 72 21 skulle
976 1501 62 28 jord-
