1109 1723
334 84 75 21 Päppiss.
422 84 25 17 23
457 86 17 19 p.
486 84 63 17 Huhtik.
562 84 49 18 1885.
815 83 34 19 703

61 143 199 27 procentsatserna
276 143 28 21 13
320 142 43 22 och
380 143 28 21 14
424 142 34 29 9/,,
474 149 53 15 men
537 150 30 14 en
578 144 48 20 stor
635 142 86 28 mängd
731 141 77 22 städer
818 142 70 22 hafva

62 172 64 28 lägre
146 174 30 18 än
191 172 30 21 20
239 172 27 28 9/,
283 171 43 22 och
334 172 100 22 flertalet
440 172 65 29 lägre
521 176 30 18 än
567 172 30 22 30
608 172 34 28 %.
660 172 47 28 Jag
716 172 43 21 vill
769 171 119 29 uppräkna

67 200 81 22 endast
172 202 80 27 några:
279 201 77 29 Borgå
379 201 99 22 erhåller
496 202 142 28 statsanslag
654 201 27 22 af
695 202 43 27 17,8
748 201 34 29 9/,;
798 200 90 25 Ekenäs

64 232 26 21 17
100 230 36 29 0/9;
160 230 85 29 Hangö
269 231 103 29 10!/,9/,;
397 231 148 29 Helsingfors
570 232 71 28 18%),
667 238 94 14 numera
776 230 51 22 litet
842 230 45 22 för-

65 260 74 29 höjdt;
170 260 158 22 Kristinestad
354 262 72 27 17%;
460 260 150 22 Nikolaistad
636 261 105 28 20!/,9/,;
772 260 116 28 Uleåborg

68 291 56 27 1917,
134 291 37 27 9/,;
194 290 89 28 Viborg
307 291 57 27 141/,
374 291 28 27 %/
426 290 44 22 och
492 284 52 28 Åbo
568 290 98 29 ungefär
689 291 28 21 17
730 290 33 28 %,.
850 289 38 29 iga

68 322 62 20 utom
152 320 29 21 de
207 320 49 21 små
270 320 106 21 städerna
391 320 65 29 ligga
472 320 99 22 emellan
586 321 30 21 20
631 320 43 21 och
690 320 29 22 30
728 320 34 28 9/,.
796 319 92 23 Således

66 350 118 27 erfordras,
200 356 37 15 om
251 350 135 28 regeringen
410 357 66 15 anser
498 350 83 28 nödigt
605 352 35 19 att
665 349 109 22 fasthälla
791 348 97 30 ungefär

66 380 30 21 25.
119 380 27 27 %/,
163 386 49 14 som
231 378 113 29 medeltal,
366 379 98 22 faktiskt
480 382 34 19 ett
528 380 102 21 tillskott
645 379 36 21 för
696 379 118 22 städernas
828 378 60 22 folk-

66 408 168 22 skoleväsende.
265 408 42 22 Uti
330 409 44 21 den
397 409 101 22 nämnda
522 409 171 22 reservationen
718 411 25 18 är
768 408 121 29 föreslaget

66 438 60 21 blott
140 445 30 14 en
185 437 133 30 förhöjning
334 438 26 21 af
374 439 65 27 5,000
454 439 72 21 mark.
556 439 72 21 Detta
644 442 25 17 är
683 445 32 14 nu
730 440 64 27 taget
810 437 80 22 endast

66 467 142 30 ungefärligt
223 468 43 21 och
281 468 65 21 torde
361 468 102 22 befinnas
480 468 152 29 otillräckligt
643 468 36 21 för
694 468 132 27 ändamålet,
837 474 52 15 men

68 497 28 22 dä
111 497 51 22 icke
177 499 71 27 något
264 499 70 20 annat
350 497 88 30 förslag
453 498 132 29 föreligger,
602 498 74 21 skulle
689 497 42 30 jag
746 497 37 22 för
796 497 48 22 min
852 496 37 21 del

67 527 91 22 förorda
178 529 35 20 att
237 527 63 22 anslä
316 528 138 21 ätminstone
470 527 70 29 detta,
557 528 43 21 och
615 533 54 16 man
683 527 46 22 kan
745 531 55 25 säga
815 528 35 21 att
865 527 23 20 sä

67 557 93 28 mycket
175 559 72 19 större
262 557 49 22 skäl
328 557 77 22 dertill
420 557 130 29 föreligger,
568 557 29 22 dä
612 565 32 14 nu
656 557 58 22 både
724 557 9 22 i
742 557 147 29 regeringens

67 587 141 28 proposition
234 587 43 21 och
292 587 8 21 i
315 562 259 58 utskottsbetänkandet
588 587 95 22 föreslås
698 589 34 19 att
747 586 88 29 förhöja
850 593 40 14 an-

68 616 74 29 slaget
164 616 37 22 för
226 616 155 22 folkskolorna
396 618 30 27 på
440 617 80 22 landet
535 617 54 22 med
604 617 98 28 ungefär
718 617 94 26 170,000
826 615 65 22 mark

68 653 37 14 om
127 647 55 20 ret.
213 646 79 22 Under
312 647 84 21 sådana
416 646 161 23 förhållanden
592 647 70 21 borde
678 646 50 21 icke
743 648 33 19 ett
791 645 99 22 tillskott

68 675 27 22 af
107 675 98 22 ungefär
221 677 65 26 5,000
304 676 64 21 mark
384 676 36 21 för
434 676 114 27 städerna,
564 677 92 21 utöfver
672 676 38 21 det
724 683 32 14 nu
771 674 120 30 utgående,

68 713 54 14 vara
154 709 19 18 för
188 705 62 29 högt.

139 735 107 22 Provasti
268 735 73 28 Lyra:
372 736 33 21 På
423 743 87 14 samma
526 735 57 28 skäl,
599 735 49 22 som
663 735 26 22 af
701 735 113 29 professor
829 734 61 21 Don-

69 772 41 14 ner
124 765 80 21 blifvit
219 764 140 29 framstälda,
375 765 103 22 anhåller
491 765 41 29 jag
548 767 36 20 att
599 765 35 22 vis
658 765 6 21 &
678 765 36 21 vis
729 765 74 21 denna
818 763 74 30 punkt

70 794 24 22 få
109 794 78 22 förena
202 795 49 28 mig
266 801 36 15 om
317 795 170 21 reservationen
502 795 43 22 N:o
563 796 19 21 1.

140 824 143 29 Yliopettaja
306 824 114 22 Kihlman:
451 825 13 20 I
485 824 44 22 den
552 824 56 29 kejs.
627 824 168 29 propositionen
810 830 51 21 pag.
877 823 13 20 6

70 853 65 23 heter
158 854 46 21 det:
222 857 68 23 ,enär
305 862 29 14 en
348 854 129 29 tillräcklig
492 862 89 14 summa
596 857 86 19 ansetts
696 854 56 22 böra
766 859 125 16 reserveras

71 884 35 21 för
128 884 110 28 möjligen
261 884 115 29 behöfliga
398 884 102 22 tillskott
518 884 9 21 i
543 884 29 22 de
587 884 131 22 nuvarande
733 884 108 28 anslagen
857 882 35 22 för

71 913 117 22 städernas
216 913 131 29 folkskolor,
378 915 25 20 sä
425 914 70 28 länge
523 913 224 23 folkskoleväsendet
778 913 115 21 derstädes

72 946 61 18 ännu
151 943 20 28 ej
188 944 52 20 nått
256 943 44 21 den
315 944 9 20 i
339 945 13 25 8
370 944 42 21 102
428 944 27 21 af
468 943 279 29 folkskoleförordningen
762 942 130 22 förutsedda

72 972 140 29 utveckling,
235 972 73 22 skulle
331 973 36 21 för
390 973 63 22 detta
478 973 106 22 ändamål
607 973 112 21 erfordras
737 973 65 27 5,000
817 972 75 21 marks

73 1002 69 28 årligt
157 1002 120 21 tillskott."
309 1003 168 21 Erfarenheten
493 1003 42 21 har
550 1003 88 21 således
653 1003 66 27 visat,
736 1005 34 18 att
784 1001 28 22 de
822 1009 71 14 nuva-

72 1031 69 22 rande
165 1032 109 29 anslagen
296 1032 36 21 för
354 1033 118 21 städernas
495 1032 128 22 folkskolor
637 1032 50 22 icke
702 1035 38 18 äro
755 1030 139 30 tillräckliga

74 1061 42 22 och
139 1063 35 20 att
197 1063 33 20 ett
253 1062 101 21 tillskott
370 1065 24 18 är
410 1062 118 29 behöfligt.
560 1062 68 21 Huru
644 1064 58 19 stort
717 1061 63 22 detta
796 1061 99 22 tillskott

73 1091 70 22 borde
166 1098 60 20 vara,
250 1091 41 22 har
313 1091 81 22 blifvit
411 1092 128 21 beräknadt
555 1092 27 21 af
595 1091 177 29 öfverstyrelsen
786 1091 36 22 för
837 1091 59 21 skol-

74 1120 114 26 väsendet,
212 1121 90 22 hvilket
322 1121 145 22 embetsverk
482 1122 52 21 bäst
550 1121 66 22 torde
631 1121 78 22 kunna
723 1121 101 21 beräkna
838 1123 57 19 stor-

73 1151 67 21 leken
162 1150 27 21 af
209 1150 129 22 tillskottet.
369 1151 149 29 Regeringen
537 1151 49 28 har,
602 1151 8 21 i
626 1151 129 22 förtroende
770 1151 37 20 till
822 1150 74 22 öfver-

74 1180 122 28 styrelsens
219 1180 159 29 beräkningar,
401 1181 111 28 upptagit
534 1181 66 21 detta
624 1181 98 21 tillskott
746 1180 8 21 i
776 1180 120 29 kejserliga

74 1210 168 29 propositionen
258 1210 36 21 för
311 1211 57 22 1886
383 1210 53 22 med
446 1211 67 27 5,000
523 1211 72 27 mark,
605 1210 35 22 för
651 1211 25 21 år
688 1211 56 22 1887
755 1210 51 21 med
818 1210 78 27 10,000

74 1239 64 22 mark
154 1239 43 22 och
212 1239 36 22 för
263 1241 25 20 år
305 1241 57 21 1888
378 1240 52 21 med
447 1241 81 26 15,000
542 1240 72 28 mark,
630 1247 88 14 summa
733 1240 79 27 30,000
826 1239 71 22 mark.

76 1269 176 21 Statsutskottet
275 1269 41 22 har
340 1269 72 28 också,
434 1270 9 21 i
458 1269 75 22 likhet
548 1270 53 21 med
617 1270 140 29 regeringen,
774 1271 74 20 ansett
864 1269 35 28 sig

76 1299 78 21 kunna
168 1299 44 21 lita
226 1300 30 27 pä
272 1299 190 28 öfverstyrelsens
478 1299 162 28 beräkningar.
670 1299 162 26 Reservanten,
848 1298 52 21 herr

76 1327 89 28 Heikel,
181 1327 95 22 föreslår
292 1329 132 28 emellertid,
440 1331 36 19 att
494 1329 64 21 detta
573 1329 102 22 tillskott
690 1329 73 21 skulle
773 1328 65 29 höjas
848 1327 52 22 från

76 1358 80 27 30,000
179 1357 37 22 till
239 1359 86 26 60,000.
356 1359 54 21 Han
433 1359 43 21 har
498 1359 34 28 (se
547 1359 168 21 reservationen
730 1366 52 21 pag.
797 1359 37 26 20)
850 1357 50 22 icke

76 1387 89 21 kunnat
187 1387 79 22 förena
287 1388 37 28 sig
348 1388 65 27 ,med
431 1388 128 21 utskottets
574 1388 120 29 pluralitet
710 1388 141 27 derutinnan,
868 1388 34 20 att

78 1417 43 21 den
144 1417 84 21 äskade
251 1417 164 29 förhöjningen
432 1417 26 22 af
471 1418 108 28 anslaget
594 1418 37 21 för
646 1418 116 21 städernas
778 1416 125 23 folkskolor

76 1446 52 21 med
150 1447 66 25 5,000
238 1447 65 21 mark
326 1447 8 21 i
358 1448 48 20 året
424 1455 56 13 vore
496 1447 36 21 för
548 1447 40 21 det
603 1447 95 21 afsedda
712 1447 128 21 ändamålet
856 1445 46 22 till-

76 1475 119 28 räckligt",
211 1478 56 19 utan
283 1484 67 14 anser
364 1476 53 22 herr
433 1476 86 22 Heikel
531 1476 75 22 denna
616 1476 133 29 förhöjning
759 1476 53 22 böra
823 1475 80 22 beräk-

76 1512 41 14 nas
138 1504 35 22 till
191 1505 71 21 minst
278 1505 96 22 dubbelt
389 1506 78 28 högre,
484 1507 25 21 så
525 1508 36 19 att
577 1506 63 21 detta
657 1506 80 28 anslag
752 1506 74 21 skulle
840 1505 62 27 utgå,
