1109 1753
330 99 75 21 Pappiss.
417 99 17 17 15
447 103 16 17 p.
475 99 67 18 Toukok
557 99 49 18 1885.
794 99 46 19 1089

51 158 39 22 det
112 157 137 28 visserligen
271 164 68 21 synas
357 164 56 14 vara
429 156 66 23 fallet
512 159 40 26 att,
570 164 37 14 om
622 157 92 22 banken
729 157 62 30 gjort
807 166 29 14 en
851 160 25 20 så

51 190 48 19 stor
121 186 84 22 förlust
227 193 48 15 som
299 187 28 22 25
352 187 27 28 %,
401 185 26 23 af
439 187 196 28 grundkapitalet,
651 187 40 22 det
706 195 54 14 vore
776 188 50 21 skäl
842 190 34 20 att

51 219 57 20 utan
125 216 80 22 vidare
221 218 82 27 stänga
318 215 130 22 densamma
463 216 45 22 och
523 218 82 27 stoppa
620 217 107 28 rörelsen,
743 217 44 22 och
802 218 9 21 i
825 217 51 22 fler-

51 247 57 22 talet
124 246 26 22 af
162 246 43 22 fall
219 245 65 22 torde
300 245 69 22 äfven
384 245 64 22 detta
463 245 75 23 blifva
553 246 126 22 resultatet.
703 247 54 22 Men
767 255 29 14 en
807 247 70 22 sådan

52 276 94 30 plötslig
160 275 126 30 stoppning
301 275 26 22 af
341 283 28 14 en
384 275 63 22 bank
463 279 24 18 är
504 275 59 22 dock
579 283 28 14 en
623 276 46 28 sak,
685 283 49 15 som
750 280 25 18 är
785 277 92 29 mycket

52 306 125 29 betänklig,
201 305 94 22 emedan
318 305 45 22 den
385 305 74 22 vållar
482 305 28 22 de
531 307 84 20 största
638 306 144 29 rubbningar
799 308 9 21 i
823 307 55 22 vida

52 336 94 27 kretsar,
169 336 9 20 i
200 335 125 28 synnerhet
349 342 36 14 om
401 335 38 21 det
455 338 25 18 är
495 343 30 13 en
540 337 72 19 större
629 335 66 22 bank.
726 336 36 22 Då
777 337 39 22 det
831 337 47 22 kan

53 365 82 22 tänkas
158 364 49 28 fall
231 364 39 22 der
293 364 38 22 det
354 364 46 22 kan
415 364 92 22 komma
522 364 77 29 ifråga
615 366 35 20 att
666 365 157 23 aktionärerne
839 374 39 21 ge-

54 402 53 14 nom
123 396 34 20 att
173 397 81 26 genast
269 393 101 22 inbetala
386 394 27 21 de
430 394 118 22 bristande
565 395 28 21 25
604 395 27 28 9/,
643 395 56 21 eller
709 402 82 21 genom
802 397 76 28 någon

54 432 75 15 annan
152 424 129 28 anordning
304 423 76 22 kunde
403 424 104 21 undvika
531 424 28 22 de
582 426 62 20 stora
667 425 147 29 rubbningar,
830 432 48 15 som

54 454 77 22 blefve
154 453 88 29 följden
257 453 27 22 af
297 460 28 14 en
341 453 70 22 sådan
427 454 133 28 stoppning,
577 455 24 20 så
617 454 42 22 har
675 454 112 22 utskottet
803 456 75 20 ansett

56 484 38 22 det
109 491 56 14 vara
180 483 107 51 kpl
303 484 34 20 att
352 483 57 21 dock
419 483 76 22 lemna
506 484 77 28 nägon
594 484 170 29 pröfningsrätt
774 485 9 21 i
793 485 86 21 sädana

54 514 42 22 fall
112 514 42 21 och
170 513 76 22 derför
273 512 106 29 föreslagit
395 514 34 20 att
445 513 94 21 ärendet
555 513 41 22 bör
611 513 136 29 hänskjutas
762 514 37 22 till
815 521 64 15 sena-

56 546 50 19 tens
138 542 285 29 ekonomiedepartements
455 543 118 29 pröfning.
612 543 92 22 Säledes
730 544 73 22 skulle
828 544 51 22 icke

56 573 151 29 ovilkorligen
230 572 92 29 stadgas
346 574 33 20 att
402 572 8 21 i
426 572 81 29 hvarje
523 572 48 29 fall,
588 573 69 22 äfven
672 580 37 15 om
724 576 16 19 t.
757 582 33 14 ex.
807 574 73 22 aktio-

56 606 94 19 närerne
174 606 39 18 äro
236 602 90 28 färdiga
349 604 34 19 att
406 602 104 28 följande
533 602 46 29 dag
603 602 101 22 inbetala
720 603 27 22 de
762 604 118 21 bristande

58 634 29 22 25
98 633 35 28 9/,,
151 632 92 22 banken
257 634 57 20 utan
330 631 77 22 vidare
423 632 59 21 skall
498 634 88 27 stoppa.
607 632 138 29 Derigenom
760 633 78 22 kunna
854 633 27 21 de

58 665 60 19 stora
140 662 147 28 rubbningar,
311 668 48 15 som
381 661 77 22 blefve
475 670 29 14 en
520 662 59 28 följd
595 662 26 22 af
635 664 33 20 ett
684 662 76 29 dylikt
775 663 106 29 plötsligt

58 692 127 28 stängande
201 691 25 21 af
239 692 96 26 banken,
350 691 87 21 kanske
452 692 78 28 någon
545 692 64 28 gång
624 692 157 22 förekommas.

130 721 127 21 Professori
279 721 100 21 Donner:
405 721 70 21 Hvad
499 721 38 21 det
559 721 60 22 förra
635 724 124 19 momentet
774 721 108 22 beträffar

58 751 57 22 eller
137 750 141 22 insättandet
301 751 26 20 af
348 757 27 14 en
398 750 152 29 bestämning,
575 753 40 25 att,
634 752 25 21 så
674 751 69 22 framt
758 751 124 22 förbindel-

58 788 66 14 serna
146 780 126 28 öfverstiga
303 779 110 23 5-dubbla
436 780 108 29 beloppet
568 780 27 21 af
614 781 101 21 bankens
739 781 143 22 återstående

60 810 94 29 kapital,
170 817 29 14 en
215 809 104 22 anmälan
335 809 40 22 bör
390 812 67 26 göras
473 810 42 21 hos
532 810 39 21 det
584 810 97 29 publika
692 811 112 27 ombudet,
815 818 68 21 synes

61 840 38 21 det
114 840 48 28 mig
179 847 48 14 som
242 846 37 15 om
294 839 113 22 utskottet
423 839 74 22 skulle
514 840 63 29 gjort
593 847 29 14 en
638 840 139 29 förbättring
793 841 26 21 af
832 847 51 22 pro-

60 869 135 30 positionen.
225 869 12 20 I
260 869 38 21 det
321 876 78 15 senare
423 871 125 20 momentet
572 870 103 29 återigen
691 877 40 21 ger
746 870 83 29 själfva
846 869 38 22 det

62 899 107 28 exempel,
193 898 112 29 professor
321 899 125 28 Runeberg
461 899 106 28 nämnde,
583 899 56 22 eller
653 899 230 30 Föreningsbankens

62 929 163 28 grundkapital
248 928 8 21 i
279 928 142 22 förhållande
444 929 38 21 till
498 929 52 22 dess
565 929 158 28 förbindelser,
738 929 40 22 vid
793 929 92 22 handen

61 960 35 20 att
110 958 39 21 det
164 965 54 14 vore
234 958 122 29 högeligen
371 958 114 22 riskeradt
501 961 35 19 att
551 960 30 27 gå
597 960 24 20 så
637 959 66 28 långt
713 966 48 15 som
771 959 115 22 utskottet

64 988 67 29 gjort.
170 987 43 22 Om
240 988 24 21 vi
293 990 84 27 antaga
406 990 34 19 att
463 988 222 29 Föreningsbanken
707 989 72 21 skulle
802 988 84 22 förlora

63 1018 27 22 25
108 1018 27 28 9/,
152 1017 26 22 af
191 1017 42 22 sitt
247 1017 171 29 grundkapital,
435 1018 74 22 skulle
525 1019 63 21 detta
603 1018 71 22 redan
693 1020 81 27 utgöra
791 1019 94 27 750,000

62 1047 73 27 mark;
155 1047 86 21 säledes
257 1047 114 21 äterstode
387 1047 80 21 endast
484 1049 13 20 2
517 1049 25 27 1/,
560 1048 86 28 miljon,
663 1048 80 21 hvilka
758 1048 72 21 under
845 1054 40 14 nu-

63 1076 99 22 varande
186 1076 159 22 förhällanden
368 1076 74 22 skulle
466 1078 35 21 stä
525 1084 49 14 som
597 1077 106 22 säkerhet
721 1079 46 19 mot
783 1077 103 21 bankens

62 1106 72 22 totala
148 1106 141 22 förbindelse
305 1106 25 22 af
345 1107 28 21 36
388 1106 111 28 miljoner.
530 1107 38 21 En
583 1107 71 22 sädan
670 1107 110 28 ställning
795 1106 91 22 förefal-

63 1136 33 22 ler
118 1136 49 28 mig
189 1136 138 21 åtminstone
343 1136 24 21 sä
382 1136 128 30 betänklig,
526 1138 35 20 att
577 1144 53 14 man
645 1137 39 21 väl
699 1136 46 22 kan
759 1136 77 22 fordra
852 1138 35 20 att

62 1166 91 21 banken
169 1166 8 20 i
193 1166 24 21 sä
233 1166 42 21 fall
290 1166 72 21 mäste
378 1166 93 22 inställa
486 1166 37 22 sin
538 1166 152 22 verksamhet.
720 1166 46 29 Jag
781 1166 42 22 vill
839 1166 47 21 der-

62 1195 50 22 före
127 1196 9 20 i
151 1195 75 21 denna
241 1195 75 29 punkt
331 1195 139 22 understöda
486 1196 29 21 de
530 1196 139 29 föregäende
685 1196 92 22 talarne.

134 1225 107 21 Provasti
256 1225 71 28 Hjelt:
353 1225 37 21 En
405 1225 58 22 hvar
478 1226 74 21 mäste
568 1226 49 21 inse
634 1228 35 20 att
684 1226 44 21 den
741 1226 72 21 banks
824 1225 63 21 ställ-

62 1255 59 28 ning
140 1258 25 18 är
181 1254 130 28 vacklande,
326 1254 69 22 hvars
411 1255 80 22 aktiva
508 1256 43 21 och
566 1256 92 28 passiva
674 1255 80 22 endast
769 1256 8 21 i
793 1255 38 21 det
847 1254 41 22 fall

63 1287 98 19 stämma
192 1284 52 22 med
264 1284 135 28 hvarandra,
423 1287 34 19 att
481 1285 135 29 delegarene
640 1286 9 21 i
672 1285 90 22 banken
783 1284 105 30 uppoffra

65 1315 28 21 10
102 1314 26 28 9/,
146 1313 27 22 af
186 1314 36 21 sin
237 1314 138 29 grundfond.
391 1314 120 22 Professor
526 1315 137 29 Runebergs
679 1315 120 29 bevisning
809 1321 79 22 passar

64 1344 86 21 således
175 1343 50 22 icke
249 1344 40 21 hit.
320 1344 45 21 Det
389 1347 24 18 är
437 1344 42 22 och
504 1344 81 22 förblir
609 1352 28 14 en
653 1345 80 29 gifven
748 1344 88 28 förlust,
852 1351 37 14 om
900 1345 5 6 *

64 1374 91 21 banken
171 1372 36 22 för
222 1375 34 19 att
271 1374 78 21 kunna
365 1373 76 22 betala
457 1375 37 20 sin
527 1374 76 22 passiva
618 1375 72 21 mäste
706 1374 103 29 uppoffra
821 1375 29 21 10
862 1374 27 27 %

64 1402 28 21 af
112 1403 36 20 sin
171 1402 137 29 grundfond.
342 1403 95 21 Derföre
461 1378 76 59 skulle
558 1403 42 29 jag
615 1406 36 19 tro
668 1404 39 21 det
724 1411 55 14 vara
797 1403 93 22 alldeles

65 1432 144 29 nödvändigt
225 1434 34 19 att
275 1432 44 22 den
334 1432 69 27 bank,
418 1433 69 21 hvars
507 1433 134 29 grundfond
657 1433 53 22 lidit
721 1441 29 14 en
759 1433 132 28 minskning

66 1461 26 21 af
114 1462 27 21 10
158 1463 34 27 9/,,
208 1462 46 27 bör,
272 1469 36 14 om
327 1462 50 21 icke
393 1462 111 29 upphöra,
521 1464 25 20 så
562 1463 139 22 åtminstone
715 1463 124 21 inskränka
855 1462 35 21 sin

64 1491 90 28 rörelse,
171 1491 37 21 till
224 1491 50 22 dess
290 1493 65 20 extra
371 1491 180 29 bolagsstämma
568 1492 95 22 beslutit
674 1495 34 19 att
718 1493 100 21 inbetala
829 1491 62 23 hvad
