<?xml version="1.0" encoding="UTF-8"?>
<alto xmlns="http://www.loc.gov/standards/alto/ns-v3#" xmlns:xlink="http://www.w3.org/1999/xlink" xmlns:xsi="http://www.w3.org/2001/XMLSchema-instance" xsi:schemaLocation="http://www.loc.gov/standards/alto/ns-v3# http://www.loc.gov/alto/v3/alto-3-0.xsd">
	<Description>
		<MeasurementUnit>pixel</MeasurementUnit>
		<sourceImageInformation>
			<fileName>/tmp/tess_rxzusdca_input.PNG</fileName>
		</sourceImageInformation>
		<OCRProcessing ID="OCR_0">
			<ocrProcessingStep>
				<processingSoftware>
					<softwareName>tesseract 5.3.4</softwareName>
				</processingSoftware>
			</ocrProcessingStep>
		</OCRProcessing>
	</Description>
	<Layout>
		<Page WIDTH="1111" HEIGHT="1756" PHYSICAL_IMG_NR="0" ID="page_0">
			<PrintSpace HPOS="0" VPOS="0" WIDTH="1111" HEIGHT="1756">
				<ComposedBlock ID="cblock_0" HPOS="257" VPOS="80" WIDTH="521" HEIGHT="29">
					<TextBlock ID="block_0" HPOS="257" VPOS="80" WIDTH="521" HEIGHT="29">
						<TextLine ID="line_0" HPOS="257" VPOS="80" WIDTH="521" HEIGHT="29">
							<String ID="string_0" HPOS="257" VPOS="80" WIDTH="53" HEIGHT="29" WC="0.96" CONTENT="1090"/><SP WIDTH="191" VPOS="80" HPOS="310"/>
							<String ID="string_1" HPOS="501" VPOS="86" WIDTH="74" HEIGHT="20" WC="0.92" CONTENT="Pappiss."/><SP WIDTH="12" VPOS="86" HPOS="575"/>
							<String ID="string_2" HPOS="587" VPOS="86" WIDTH="47" HEIGHT="20" WC="0.88" CONTENT="15.p."/><SP WIDTH="12" VPOS="86" HPOS="634"/>
							<String ID="string_3" HPOS="646" VPOS="86" WIDTH="72" HEIGHT="17" WC="0.93" CONTENT="Toukok."/><SP WIDTH="12" VPOS="86" HPOS="718"/>
							<String ID="string_4" HPOS="730" VPOS="85" WIDTH="48" HEIGHT="18" WC="0.96" CONTENT="1885."/>
						</TextLine>
					</TextBlock>
				</ComposedBlock>
				<ComposedBlock ID="cblock_1" HPOS="209" VPOS="142" WIDTH="838" HEIGHT="1398">
					<TextBlock ID="block_1" HPOS="221" VPOS="142" WIDTH="826" HEIGHT="61">
						<TextLine ID="line_1" HPOS="222" VPOS="142" WIDTH="825" HEIGHT="31">
							<String ID="string_5" HPOS="222" VPOS="152" WIDTH="49" HEIGHT="14" WC="0.93" CONTENT="som"/><SP WIDTH="20" VPOS="152" HPOS="271"/>
							<String ID="string_6" HPOS="291" VPOS="144" WIDTH="109" HEIGHT="22" WC="0.73" CONTENT="behöfves"/><SP WIDTH="24" VPOS="144" HPOS="400"/>
							<String ID="string_7" HPOS="424" VPOS="146" WIDTH="34" HEIGHT="20" WC="0.93" CONTENT="att"/><SP WIDTH="22" VPOS="146" HPOS="458"/>
							<String ID="string_8" HPOS="480" VPOS="144" WIDTH="103" HEIGHT="22" WC="0.93" CONTENT="bankens"/><SP WIDTH="16" VPOS="144" HPOS="583"/>
							<String ID="string_9" HPOS="599" VPOS="144" WIDTH="165" HEIGHT="29" WC="0.91" CONTENT="grundkapital"/><SP WIDTH="15" VPOS="144" HPOS="764"/>
							<String ID="string_10" HPOS="779" VPOS="144" WIDTH="50" HEIGHT="21" WC="0.96" CONTENT="åter"/><SP WIDTH="16" VPOS="144" HPOS="829"/>
							<String ID="string_11" HPOS="845" VPOS="143" WIDTH="58" HEIGHT="21" WC="0.93" CONTENT="skall"/><SP WIDTH="14" VPOS="143" HPOS="903"/>
							<String ID="string_12" HPOS="917" VPOS="144" WIDTH="77" HEIGHT="29" WC="0.96" CONTENT="uppgå"/><SP WIDTH="15" VPOS="144" HPOS="994"/>
							<String ID="string_13" HPOS="1009" VPOS="142" WIDTH="38" HEIGHT="23" WC="0.89" CONTENT="till"/>
						</TextLine>
						<TextLine ID="line_2" HPOS="221" VPOS="174" WIDTH="323" HEIGHT="29">
							<String ID="string_14" HPOS="221" VPOS="175" WIDTH="42" HEIGHT="22" WC="0.93" CONTENT="sitt"/><SP WIDTH="14" VPOS="175" HPOS="263"/>
							<String ID="string_15" HPOS="277" VPOS="174" WIDTH="163" HEIGHT="29" WC="0.92" CONTENT="ursprungliga"/><SP WIDTH="15" VPOS="174" HPOS="440"/>
							<String ID="string_16" HPOS="455" VPOS="174" WIDTH="89" HEIGHT="28" WC="0.92" CONTENT="belopp."/>
						</TextLine>
					</TextBlock>
					<TextBlock ID="block_2" HPOS="220" VPOS="202" WIDTH="825" HEIGHT="149">
						<TextLine ID="line_3" HPOS="293" VPOS="202" WIDTH="750" HEIGHT="30">
							<String ID="string_17" HPOS="293" VPOS="204" WIDTH="107" HEIGHT="22" WC="0.91" CONTENT="Rörande"/><SP WIDTH="15" VPOS="204" HPOS="400"/>
							<String ID="string_18" HPOS="415" VPOS="204" WIDTH="39" HEIGHT="21" WC="0.96" CONTENT="det"/><SP WIDTH="15" VPOS="204" HPOS="454"/>
							<String ID="string_19" HPOS="469" VPOS="210" WIDTH="79" HEIGHT="15" WC="0.93" CONTENT="senare"/><SP WIDTH="14" VPOS="210" HPOS="548"/>
							<String ID="string_20" HPOS="562" VPOS="205" WIDTH="125" HEIGHT="20" WC="0.92" CONTENT="momentet"/><SP WIDTH="15" VPOS="205" HPOS="687"/>
							<String ID="string_21" HPOS="702" VPOS="202" WIDTH="91" HEIGHT="23" WC="0.92" CONTENT="förenar"/><SP WIDTH="13" VPOS="202" HPOS="793"/>
							<String ID="string_22" HPOS="806" VPOS="202" WIDTH="42" HEIGHT="29" WC="0.96" CONTENT="jag"/><SP WIDTH="15" VPOS="202" HPOS="848"/>
							<String ID="string_23" HPOS="863" VPOS="203" WIDTH="48" HEIGHT="29" WC="0.96" CONTENT="mig"/><SP WIDTH="17" VPOS="203" HPOS="911"/>
							<String ID="string_24" HPOS="928" VPOS="203" WIDTH="50" HEIGHT="22" WC="0.93" CONTENT="med"/><SP WIDTH="15" VPOS="203" HPOS="978"/>
							<String ID="string_25" HPOS="993" VPOS="210" WIDTH="50" HEIGHT="22" WC="0.91" CONTENT="pro-"/>
						</TextLine>
						<TextLine ID="line_4" HPOS="223" VPOS="232" WIDTH="822" HEIGHT="29">
							<String ID="string_26" HPOS="223" VPOS="234" WIDTH="72" HEIGHT="22" WC="0.82" CONTENT="fossor"/><SP WIDTH="30" VPOS="234" HPOS="295"/>
							<String ID="string_27" HPOS="325" VPOS="234" WIDTH="112" HEIGHT="21" WC="0.95" CONTENT="Forsman"/><SP WIDTH="28" VPOS="234" HPOS="437"/>
							<String ID="string_28" HPOS="465" VPOS="233" WIDTH="43" HEIGHT="22" WC="0.93" CONTENT="och"/><SP WIDTH="22" VPOS="233" HPOS="508"/>
							<String ID="string_29" HPOS="530" VPOS="232" WIDTH="71" HEIGHT="29" WC="0.96" CONTENT="yrkar"/><SP WIDTH="23" VPOS="232" HPOS="601"/>
							<String ID="string_30" HPOS="624" VPOS="235" WIDTH="36" HEIGHT="19" WC="0.93" CONTENT="att"/><SP WIDTH="22" VPOS="235" HPOS="660"/>
							<String ID="string_31" HPOS="682" VPOS="235" WIDTH="136" HEIGHT="20" WC="0.92" CONTENT="momentets"/><SP WIDTH="15" VPOS="235" HPOS="818"/>
							<String ID="string_32" HPOS="833" VPOS="232" WIDTH="88" HEIGHT="29" WC="0.96" CONTENT="lydelse"/><SP WIDTH="22" VPOS="232" HPOS="921"/>
							<String ID="string_33" HPOS="943" VPOS="234" WIDTH="71" HEIGHT="20" WC="0.96" CONTENT="rättas"/><SP WIDTH="23" VPOS="234" HPOS="1014"/>
							<String ID="string_34" HPOS="1037" VPOS="232" WIDTH="8" HEIGHT="22" WC="0.97" CONTENT="i"/>
						</TextLine>
						<TextLine ID="line_5" HPOS="221" VPOS="262" WIDTH="821" HEIGHT="30">
							<String ID="string_35" HPOS="221" VPOS="263" WIDTH="233" HEIGHT="23" WC="0.12" CONTENT="ofverensstämmelse"/><SP WIDTH="23" VPOS="263" HPOS="454"/>
							<String ID="string_36" HPOS="477" VPOS="262" WIDTH="52" HEIGHT="22" WC="0.93" CONTENT="med"/><SP WIDTH="23" VPOS="262" HPOS="529"/>
							<String ID="string_37" HPOS="552" VPOS="262" WIDTH="124" HEIGHT="29" WC="0.94" CONTENT="kejserliga"/><SP WIDTH="17" VPOS="262" HPOS="676"/>
							<String ID="string_38" HPOS="693" VPOS="262" WIDTH="177" HEIGHT="30" WC="0.95" CONTENT="propositionen."/><SP WIDTH="31" VPOS="262" HPOS="870"/>
							<String ID="string_39" HPOS="901" VPOS="262" WIDTH="46" HEIGHT="30" WC="0.93" CONTENT="Jag"/><SP WIDTH="15" VPOS="262" HPOS="947"/>
							<String ID="string_40" HPOS="962" VPOS="262" WIDTH="80" HEIGHT="28" WC="0.96" CONTENT="gjorde"/>
						</TextLine>
						<TextLine ID="line_6" HPOS="221" VPOS="292" WIDTH="822" HEIGHT="29">
							<String ID="string_41" HPOS="221" VPOS="294" WIDTH="38" HEIGHT="21" WC="0.96" CONTENT="till"/><SP WIDTH="18" VPOS="294" HPOS="259"/>
							<String ID="string_42" HPOS="277" VPOS="301" WIDTH="29" HEIGHT="14" WC="0.96" CONTENT="en"/><SP WIDTH="15" VPOS="301" HPOS="306"/>
							<String ID="string_43" HPOS="321" VPOS="293" WIDTH="81" HEIGHT="28" WC="0.93" CONTENT="början"/><SP WIDTH="15" VPOS="293" HPOS="402"/>
							<String ID="string_44" HPOS="417" VPOS="293" WIDTH="61" HEIGHT="22" WC="0.96" CONTENT="blott"/><SP WIDTH="14" VPOS="293" HPOS="478"/>
							<String ID="string_45" HPOS="492" VPOS="292" WIDTH="154" HEIGHT="29" WC="0.95" CONTENT="anmärkning"/><SP WIDTH="15" VPOS="292" HPOS="646"/>
							<String ID="string_46" HPOS="661" VPOS="295" WIDTH="49" HEIGHT="20" WC="0.96" CONTENT="mot"/><SP WIDTH="15" VPOS="295" HPOS="710"/>
							<String ID="string_47" HPOS="725" VPOS="292" WIDTH="40" HEIGHT="23" WC="0.93" CONTENT="det"/><SP WIDTH="14" VPOS="292" HPOS="765"/>
							<String ID="string_48" HPOS="779" VPOS="292" WIDTH="62" HEIGHT="22" WC="0.96" CONTENT="förra"/><SP WIDTH="15" VPOS="292" HPOS="841"/>
							<String ID="string_49" HPOS="856" VPOS="294" WIDTH="122" HEIGHT="20" WC="0.96" CONTENT="momentet"/><SP WIDTH="23" VPOS="294" HPOS="978"/>
							<String ID="string_50" HPOS="1001" VPOS="292" WIDTH="42" HEIGHT="21" WC="0.96" CONTENT="och"/>
						</TextLine>
						<TextLine ID="line_7" HPOS="220" VPOS="322" WIDTH="589" HEIGHT="29">
							<String ID="string_51" HPOS="220" VPOS="323" WIDTH="81" HEIGHT="22" WC="0.92" CONTENT="tänkte"/><SP WIDTH="15" VPOS="323" HPOS="301"/>
							<String ID="string_52" HPOS="316" VPOS="322" WIDTH="58" HEIGHT="23" WC="0.96" CONTENT="först"/><SP WIDTH="16" VPOS="322" HPOS="374"/>
							<String ID="string_53" HPOS="390" VPOS="330" WIDTH="78" HEIGHT="15" WC="0.93" CONTENT="senare"/><SP WIDTH="14" VPOS="330" HPOS="468"/>
							<String ID="string_54" HPOS="482" VPOS="324" WIDTH="65" HEIGHT="27" WC="0.91" CONTENT="yttra"/><SP WIDTH="14" VPOS="324" HPOS="547"/>
							<String ID="string_55" HPOS="561" VPOS="322" WIDTH="50" HEIGHT="29" WC="0.96" CONTENT="mig"/><SP WIDTH="15" VPOS="322" HPOS="611"/>
							<String ID="string_56" HPOS="626" VPOS="329" WIDTH="36" HEIGHT="15" WC="0.96" CONTENT="om"/><SP WIDTH="16" VPOS="329" HPOS="662"/>
							<String ID="string_57" HPOS="678" VPOS="322" WIDTH="40" HEIGHT="22" WC="0.96" CONTENT="det"/><SP WIDTH="16" VPOS="322" HPOS="718"/>
							<String ID="string_58" HPOS="734" VPOS="323" WIDTH="75" HEIGHT="21" WC="0.96" CONTENT="andra."/>
						</TextLine>
					</TextBlock>
					<TextBlock ID="block_3" HPOS="220" VPOS="352" WIDTH="823" HEIGHT="386">
						<TextLine ID="line_8" HPOS="293" VPOS="352" WIDTH="750" HEIGHT="29">
							<String ID="string_59" HPOS="293" VPOS="352" WIDTH="142" HEIGHT="29" WC="0.64" CONTENT="Yliopettaja"/><SP WIDTH="15" VPOS="352" HPOS="435"/>
							<String ID="string_60" HPOS="450" VPOS="352" WIDTH="117" HEIGHT="21" WC="0.96" CONTENT="Kihlman:"/><SP WIDTH="26" VPOS="352" HPOS="567"/>
							<String ID="string_61" HPOS="593" VPOS="352" WIDTH="12" HEIGHT="21" WC="0.96" CONTENT="I"/><SP WIDTH="16" VPOS="352" HPOS="605"/>
							<String ID="string_62" HPOS="621" VPOS="352" WIDTH="108" HEIGHT="22" WC="0.93" CONTENT="afseende"/><SP WIDTH="15" VPOS="352" HPOS="729"/>
							<String ID="string_63" HPOS="744" VPOS="353" WIDTH="14" HEIGHT="21" WC="0.92" CONTENT="&amp;"/><SP WIDTH="15" VPOS="353" HPOS="758"/>
							<String ID="string_64" HPOS="773" VPOS="352" WIDTH="39" HEIGHT="21" WC="0.96" CONTENT="det"/><SP WIDTH="16" VPOS="352" HPOS="812"/>
							<String ID="string_65" HPOS="828" VPOS="359" WIDTH="79" HEIGHT="14" WC="0.93" CONTENT="senare"/><SP WIDTH="12" VPOS="359" HPOS="907"/>
							<String ID="string_66" HPOS="919" VPOS="353" WIDTH="124" HEIGHT="20" WC="0.95" CONTENT="momentet"/>
						</TextLine>
						<TextLine ID="line_9" HPOS="221" VPOS="381" WIDTH="822" HEIGHT="30">
							<String ID="string_67" HPOS="221" VPOS="383" WIDTH="27" HEIGHT="21" WC="0.92" CONTENT="af"/><SP WIDTH="13" VPOS="383" HPOS="248"/>
							<String ID="string_68" HPOS="261" VPOS="383" WIDTH="12" HEIGHT="27" WC="0.85" CONTENT="&amp;"/><SP WIDTH="17" VPOS="383" HPOS="273"/>
							<String ID="string_69" HPOS="290" VPOS="383" WIDTH="13" HEIGHT="22" WC="0.95" CONTENT="9"/><SP WIDTH="16" VPOS="383" HPOS="303"/>
							<String ID="string_70" HPOS="319" VPOS="382" WIDTH="55" HEIGHT="22" WC="0.95" CONTENT="ville"/><SP WIDTH="14" VPOS="382" HPOS="374"/>
							<String ID="string_71" HPOS="388" VPOS="382" WIDTH="42" HEIGHT="29" WC="0.93" CONTENT="jag"/><SP WIDTH="14" VPOS="382" HPOS="430"/>
							<String ID="string_72" HPOS="444" VPOS="381" WIDTH="139" HEIGHT="23" WC="0.91" CONTENT="understöda"/><SP WIDTH="15" VPOS="381" HPOS="583"/>
							<String ID="string_73" HPOS="598" VPOS="382" WIDTH="161" HEIGHT="22" WC="0.93" CONTENT="betänkandet."/><SP WIDTH="16" VPOS="382" HPOS="759"/>
							<String ID="string_74" HPOS="775" VPOS="381" WIDTH="178" HEIGHT="22" WC="0.91" CONTENT="Konsideration"/><SP WIDTH="11" VPOS="381" HPOS="953"/>
							<String ID="string_75" HPOS="964" VPOS="381" WIDTH="79" HEIGHT="22" WC="0.92" CONTENT="behöf-"/>
						</TextLine>
						<TextLine ID="line_10" HPOS="222" VPOS="411" WIDTH="821" HEIGHT="28">
							<String ID="string_76" HPOS="222" VPOS="419" WIDTH="39" HEIGHT="15" WC="0.96" CONTENT="ver"/><SP WIDTH="22" VPOS="419" HPOS="261"/>
							<String ID="string_77" HPOS="283" VPOS="419" WIDTH="54" HEIGHT="15" WC="0.95" CONTENT="man"/><SP WIDTH="20" VPOS="419" HPOS="337"/>
							<String ID="string_78" HPOS="357" VPOS="412" WIDTH="42" HEIGHT="22" WC="0.96" CONTENT="och"/><SP WIDTH="18" VPOS="412" HPOS="399"/>
							<String ID="string_79" HPOS="417" VPOS="413" WIDTH="41" HEIGHT="21" WC="0.96" CONTENT="bör"/><SP WIDTH="15" VPOS="413" HPOS="458"/>
							<String ID="string_80" HPOS="473" VPOS="419" WIDTH="53" HEIGHT="14" WC="0.93" CONTENT="man"/><SP WIDTH="15" VPOS="419" HPOS="526"/>
							<String ID="string_81" HPOS="541" VPOS="411" WIDTH="50" HEIGHT="22" WC="0.90" CONTENT="icke"/><SP WIDTH="16" VPOS="411" HPOS="591"/>
							<String ID="string_82" HPOS="607" VPOS="411" WIDTH="71" HEIGHT="23" WC="0.93" CONTENT="hafva"/><SP WIDTH="14" VPOS="411" HPOS="678"/>
							<String ID="string_83" HPOS="692" VPOS="414" WIDTH="49" HEIGHT="19" WC="0.93" CONTENT="mot"/><SP WIDTH="15" VPOS="414" HPOS="741"/>
							<String ID="string_84" HPOS="756" VPOS="411" WIDTH="96" HEIGHT="28" WC="0.92" CONTENT="banken,"/><SP WIDTH="16" VPOS="411" HPOS="852"/>
							<String ID="string_85" HPOS="868" VPOS="419" WIDTH="52" HEIGHT="14" WC="0.96" CONTENT="men"/><SP WIDTH="14" VPOS="419" HPOS="920"/>
							<String ID="string_86" HPOS="934" VPOS="419" WIDTH="54" HEIGHT="14" WC="0.96" CONTENT="man"/><SP WIDTH="15" VPOS="419" HPOS="988"/>
							<String ID="string_87" HPOS="1003" VPOS="411" WIDTH="40" HEIGHT="22" WC="0.96" CONTENT="bör"/>
						</TextLine>
						<TextLine ID="line_11" HPOS="221" VPOS="441" WIDTH="822" HEIGHT="23">
							<String ID="string_88" HPOS="221" VPOS="441" WIDTH="72" HEIGHT="23" WC="0.92" CONTENT="hafva"/><SP WIDTH="22" VPOS="441" HPOS="293"/>
							<String ID="string_89" HPOS="315" VPOS="441" WIDTH="169" HEIGHT="22" WC="0.92" CONTENT="konsideration"/><SP WIDTH="22" VPOS="441" HPOS="484"/>
							<String ID="string_90" HPOS="506" VPOS="443" WIDTH="48" HEIGHT="20" WC="0.96" CONTENT="mot"/><SP WIDTH="23" VPOS="443" HPOS="554"/>
							<String ID="string_91" HPOS="577" VPOS="441" WIDTH="83" HEIGHT="22" WC="0.96" CONTENT="landet."/><SP WIDTH="32" VPOS="441" HPOS="660"/>
							<String ID="string_92" HPOS="692" VPOS="441" WIDTH="46" HEIGHT="22" WC="0.96" CONTENT="Det"/><SP WIDTH="18" VPOS="441" HPOS="738"/>
							<String ID="string_93" HPOS="756" VPOS="445" WIDTH="25" HEIGHT="18" WC="0.96" CONTENT="är"/><SP WIDTH="15" VPOS="445" HPOS="781"/>
							<String ID="string_94" HPOS="796" VPOS="441" WIDTH="79" HEIGHT="22" WC="0.96" CONTENT="landet"/><SP WIDTH="15" VPOS="441" HPOS="875"/>
							<String ID="string_95" HPOS="890" VPOS="441" WIDTH="9" HEIGHT="21" WC="0.95" CONTENT="i"/><SP WIDTH="16" VPOS="441" HPOS="899"/>
							<String ID="string_96" HPOS="915" VPOS="441" WIDTH="35" HEIGHT="22" WC="0.93" CONTENT="sin"/><SP WIDTH="15" VPOS="441" HPOS="950"/>
							<String ID="string_97" HPOS="965" VPOS="441" WIDTH="78" HEIGHT="22" WC="0.93" CONTENT="helhet"/>
						</TextLine>
						<TextLine ID="line_12" HPOS="222" VPOS="471" WIDTH="819" HEIGHT="29">
							<String ID="string_98" HPOS="222" VPOS="479" WIDTH="49" HEIGHT="15" WC="0.92" CONTENT="som"/><SP WIDTH="22" VPOS="479" HPOS="271"/>
							<String ID="string_99" HPOS="293" VPOS="471" WIDTH="64" HEIGHT="28" WC="0.92" CONTENT="lider,"/><SP WIDTH="23" VPOS="471" HPOS="357"/>
							<String ID="string_100" HPOS="380" VPOS="471" WIDTH="30" HEIGHT="22" WC="0.96" CONTENT="dä"/><SP WIDTH="14" VPOS="471" HPOS="410"/>
							<String ID="string_101" HPOS="424" VPOS="479" WIDTH="30" HEIGHT="14" WC="0.96" CONTENT="en"/><SP WIDTH="14" VPOS="479" HPOS="454"/>
							<String ID="string_102" HPOS="468" VPOS="471" WIDTH="63" HEIGHT="22" WC="0.93" CONTENT="bank"/><SP WIDTH="15" VPOS="471" HPOS="531"/>
							<String ID="string_103" HPOS="546" VPOS="471" WIDTH="86" HEIGHT="29" WC="0.91" CONTENT="nödgas"/><SP WIDTH="17" VPOS="471" HPOS="632"/>
							<String ID="string_104" HPOS="649" VPOS="471" WIDTH="104" HEIGHT="29" WC="0.92" CONTENT="upphöra"/><SP WIDTH="15" VPOS="471" HPOS="753"/>
							<String ID="string_105" HPOS="768" VPOS="471" WIDTH="52" HEIGHT="22" WC="0.96" CONTENT="med"/><SP WIDTH="16" VPOS="471" HPOS="820"/>
							<String ID="string_106" HPOS="836" VPOS="471" WIDTH="35" HEIGHT="21" WC="0.96" CONTENT="sin"/><SP WIDTH="15" VPOS="471" HPOS="871"/>
							<String ID="string_107" HPOS="886" VPOS="471" WIDTH="88" HEIGHT="21" WC="0.95" CONTENT="rörelse."/><SP WIDTH="31" VPOS="471" HPOS="974"/>
							<String ID="string_108" HPOS="1005" VPOS="471" WIDTH="36" HEIGHT="21" WC="0.95" CONTENT="En"/>
						</TextLine>
						<TextLine ID="line_13" HPOS="222" VPOS="500" WIDTH="819" HEIGHT="29">
							<String ID="string_109" HPOS="222" VPOS="502" WIDTH="71" HEIGHT="21" WC="0.91" CONTENT="sädan"/><SP WIDTH="19" VPOS="502" HPOS="293"/>
							<String ID="string_110" HPOS="312" VPOS="501" WIDTH="108" HEIGHT="22" WC="0.91" CONTENT="händelse"/><SP WIDTH="18" VPOS="501" HPOS="420"/>
							<String ID="string_111" HPOS="438" VPOS="502" WIDTH="72" HEIGHT="21" WC="0.92" CONTENT="mäste"/><SP WIDTH="16" VPOS="502" HPOS="510"/>
							<String ID="string_112" HPOS="526" VPOS="501" WIDTH="80" HEIGHT="21" WC="0.90" CONTENT="utöfva"/><SP WIDTH="16" VPOS="501" HPOS="606"/>
							<String ID="string_113" HPOS="622" VPOS="503" WIDTH="33" HEIGHT="20" WC="0.96" CONTENT="ett"/><SP WIDTH="15" VPOS="503" HPOS="655"/>
							<String ID="string_114" HPOS="670" VPOS="501" WIDTH="94" HEIGHT="28" WC="0.93" CONTENT="mycket"/><SP WIDTH="15" VPOS="501" HPOS="764"/>
							<String ID="string_115" HPOS="779" VPOS="501" WIDTH="75" HEIGHT="22" WC="0.92" CONTENT="starkt"/><SP WIDTH="15" VPOS="501" HPOS="854"/>
							<String ID="string_116" HPOS="869" VPOS="500" WIDTH="128" HEIGHT="29" WC="0.93" CONTENT="inflytande"/><SP WIDTH="15" VPOS="500" HPOS="997"/>
							<String ID="string_117" HPOS="1012" VPOS="501" WIDTH="29" HEIGHT="28" WC="0.96" CONTENT="pä"/>
						</TextLine>
						<TextLine ID="line_14" HPOS="222" VPOS="530" WIDTH="819" HEIGHT="29">
							<String ID="string_118" HPOS="222" VPOS="531" WIDTH="246" HEIGHT="28" WC="0.87" CONTENT="affärsförhällandena,"/><SP WIDTH="24" VPOS="531" HPOS="468"/>
							<String ID="string_119" HPOS="492" VPOS="531" WIDTH="43" HEIGHT="21" WC="0.96" CONTENT="och"/><SP WIDTH="22" VPOS="531" HPOS="535"/>
							<String ID="string_120" HPOS="557" VPOS="531" WIDTH="39" HEIGHT="21" WC="0.96" CONTENT="det"/><SP WIDTH="23" VPOS="531" HPOS="596"/>
							<String ID="string_121" HPOS="619" VPOS="534" WIDTH="25" HEIGHT="18" WC="0.93" CONTENT="är"/><SP WIDTH="23" VPOS="534" HPOS="644"/>
							<String ID="string_122" HPOS="667" VPOS="531" WIDTH="76" HEIGHT="21" WC="0.96" CONTENT="derför"/><SP WIDTH="22" VPOS="531" HPOS="743"/>
							<String ID="string_123" HPOS="765" VPOS="530" WIDTH="27" HEIGHT="23" WC="0.93" CONTENT="af"/><SP WIDTH="12" VPOS="530" HPOS="792"/>
							<String ID="string_124" HPOS="804" VPOS="531" WIDTH="52" HEIGHT="28" WC="0.96" CONTENT="vigt"/><SP WIDTH="16" VPOS="531" HPOS="856"/>
							<String ID="string_125" HPOS="872" VPOS="532" WIDTH="34" HEIGHT="20" WC="0.95" CONTENT="att"/><SP WIDTH="15" VPOS="532" HPOS="906"/>
							<String ID="string_126" HPOS="921" VPOS="530" WIDTH="120" HEIGHT="29" WC="0.96" CONTENT="möjlighet"/>
						</TextLine>
						<TextLine ID="line_15" HPOS="221" VPOS="560" WIDTH="821" HEIGHT="29">
							<String ID="string_127" HPOS="221" VPOS="561" WIDTH="74" HEIGHT="22" WC="0.92" CONTENT="finnes"/><SP WIDTH="20" VPOS="561" HPOS="295"/>
							<String ID="string_128" HPOS="315" VPOS="563" WIDTH="35" HEIGHT="19" WC="0.93" CONTENT="att"/><SP WIDTH="14" VPOS="563" HPOS="350"/>
							<String ID="string_129" HPOS="364" VPOS="561" WIDTH="25" HEIGHT="21" WC="0.93" CONTENT="in"/><SP WIDTH="15" VPOS="561" HPOS="389"/>
							<String ID="string_130" HPOS="404" VPOS="567" WIDTH="54" HEIGHT="15" WC="0.92" CONTENT="casu"/><SP WIDTH="15" VPOS="567" HPOS="458"/>
							<String ID="string_131" HPOS="473" VPOS="560" WIDTH="82" HEIGHT="29" WC="0.92" CONTENT="pröfva"/><SP WIDTH="14" VPOS="560" HPOS="555"/>
							<String ID="string_132" HPOS="569" VPOS="560" WIDTH="115" HEIGHT="22" WC="0.96" CONTENT="huruvida"/><SP WIDTH="16" VPOS="560" HPOS="684"/>
							<String ID="string_133" HPOS="700" VPOS="560" WIDTH="38" HEIGHT="22" WC="0.96" CONTENT="det"/><SP WIDTH="16" VPOS="560" HPOS="738"/>
							<String ID="string_134" HPOS="754" VPOS="564" WIDTH="25" HEIGHT="18" WC="0.96" CONTENT="är"/><SP WIDTH="16" VPOS="564" HPOS="779"/>
							<String ID="string_135" HPOS="795" VPOS="560" WIDTH="90" HEIGHT="22" WC="0.96" CONTENT="absolut"/><SP WIDTH="14" VPOS="560" HPOS="885"/>
							<String ID="string_136" HPOS="899" VPOS="560" WIDTH="143" HEIGHT="28" WC="0.96" CONTENT="nödvändigt"/>
						</TextLine>
						<TextLine ID="line_16" HPOS="222" VPOS="589" WIDTH="820" HEIGHT="30">
							<String ID="string_137" HPOS="222" VPOS="593" WIDTH="34" HEIGHT="20" WC="0.96" CONTENT="att"/><SP WIDTH="24" VPOS="593" HPOS="256"/>
							<String ID="string_138" HPOS="280" VPOS="591" WIDTH="64" HEIGHT="21" WC="0.96" CONTENT="detta"/><SP WIDTH="23" VPOS="591" HPOS="344"/>
							<String ID="string_139" HPOS="367" VPOS="590" WIDTH="55" HEIGHT="22" WC="0.93" CONTENT="sista"/><SP WIDTH="23" VPOS="590" HPOS="422"/>
							<String ID="string_140" HPOS="445" VPOS="590" WIDTH="120" HEIGHT="29" WC="0.92" CONTENT="ödesdigra"/><SP WIDTH="20" VPOS="590" HPOS="565"/>
							<String ID="string_141" HPOS="585" VPOS="592" WIDTH="51" HEIGHT="27" WC="0.93" CONTENT="steg"/><SP WIDTH="19" VPOS="592" HPOS="636"/>
							<String ID="string_142" HPOS="655" VPOS="593" WIDTH="71" HEIGHT="26" WC="0.92" CONTENT="tages."/><SP WIDTH="31" VPOS="593" HPOS="726"/>
							<String ID="string_143" HPOS="757" VPOS="590" WIDTH="46" HEIGHT="22" WC="0.96" CONTENT="Det"/><SP WIDTH="18" VPOS="590" HPOS="803"/>
							<String ID="string_144" HPOS="821" VPOS="593" WIDTH="25" HEIGHT="18" WC="0.88" CONTENT="är"/><SP WIDTH="16" VPOS="593" HPOS="846"/>
							<String ID="string_145" HPOS="862" VPOS="589" WIDTH="75" HEIGHT="22" WC="0.92" CONTENT="derför"/><SP WIDTH="13" VPOS="589" HPOS="937"/>
							<String ID="string_146" HPOS="950" VPOS="589" WIDTH="42" HEIGHT="29" WC="0.96" CONTENT="jag"/><SP WIDTH="15" VPOS="589" HPOS="992"/>
							<String ID="string_147" HPOS="1007" VPOS="589" WIDTH="35" HEIGHT="22" WC="0.96" CONTENT="för"/>
						</TextLine>
						<TextLine ID="line_17" HPOS="221" VPOS="619" WIDTH="822" HEIGHT="23">
							<String ID="string_148" HPOS="221" VPOS="621" WIDTH="49" HEIGHT="21" WC="0.92" CONTENT="min"/><SP WIDTH="23" VPOS="621" HPOS="270"/>
							<String ID="string_149" HPOS="293" VPOS="620" WIDTH="37" HEIGHT="21" WC="0.96" CONTENT="del"/><SP WIDTH="23" VPOS="620" HPOS="330"/>
							<String ID="string_150" HPOS="353" VPOS="627" WIDTH="65" HEIGHT="14" WC="0.96" CONTENT="anser"/><SP WIDTH="24" VPOS="627" HPOS="418"/>
							<String ID="string_151" HPOS="442" VPOS="620" WIDTH="39" HEIGHT="21" WC="0.96" CONTENT="det"/><SP WIDTH="14" VPOS="620" HPOS="481"/>
							<String ID="string_152" HPOS="495" VPOS="627" WIDTH="56" HEIGHT="14" WC="0.96" CONTENT="vara"/><SP WIDTH="14" VPOS="627" HPOS="551"/>
							<String ID="string_153" HPOS="565" VPOS="620" WIDTH="37" HEIGHT="21" WC="0.93" CONTENT="väl"/><SP WIDTH="17" VPOS="620" HPOS="602"/>
							<String ID="string_154" HPOS="619" VPOS="620" WIDTH="95" HEIGHT="22" WC="0.91" CONTENT="betänkt"/><SP WIDTH="16" VPOS="620" HPOS="714"/>
							<String ID="string_155" HPOS="730" VPOS="622" WIDTH="35" HEIGHT="20" WC="0.93" CONTENT="att"/><SP WIDTH="16" VPOS="622" HPOS="765"/>
							<String ID="string_156" HPOS="781" VPOS="620" WIDTH="175" HEIGHT="21" WC="0.92" CONTENT="bankutskottet"/><SP WIDTH="16" VPOS="620" HPOS="956"/>
							<String ID="string_157" HPOS="972" VPOS="619" WIDTH="71" HEIGHT="22" WC="0.96" CONTENT="infört"/>
						</TextLine>
						<TextLine ID="line_18" HPOS="222" VPOS="649" WIDTH="820" HEIGHT="29">
							<String ID="string_158" HPOS="222" VPOS="650" WIDTH="75" HEIGHT="22" WC="0.93" CONTENT="denna"/><SP WIDTH="18" VPOS="650" HPOS="297"/>
							<String ID="string_159" HPOS="315" VPOS="650" WIDTH="147" HEIGHT="28" WC="0.92" CONTENT="bestämning,"/><SP WIDTH="20" VPOS="650" HPOS="462"/>
							<String ID="string_160" HPOS="482" VPOS="649" WIDTH="149" HEIGHT="29" WC="0.90" CONTENT="hyarigenom"/><SP WIDTH="16" VPOS="649" HPOS="631"/>
							<String ID="string_161" HPOS="647" VPOS="652" WIDTH="105" HEIGHT="19" WC="0.90" CONTENT="senatens"/><SP WIDTH="17" VPOS="652" HPOS="752"/>
							<String ID="string_162" HPOS="769" VPOS="649" WIDTH="273" HEIGHT="29" WC="0.92" CONTENT="ekonomiedepartement"/>
						</TextLine>
						<TextLine ID="line_19" HPOS="220" VPOS="679" WIDTH="821" HEIGHT="29">
							<String ID="string_163" HPOS="220" VPOS="680" WIDTH="149" HEIGHT="21" WC="0.91" CONTENT="tillerkännes"/><SP WIDTH="23" VPOS="680" HPOS="369"/>
							<String ID="string_164" HPOS="392" VPOS="679" WIDTH="112" HEIGHT="29" WC="0.92" CONTENT="rättighet"/><SP WIDTH="22" VPOS="679" HPOS="504"/>
							<String ID="string_165" HPOS="526" VPOS="681" WIDTH="35" HEIGHT="20" WC="0.96" CONTENT="att"/><SP WIDTH="22" VPOS="681" HPOS="561"/>
							<String ID="string_166" HPOS="583" VPOS="679" WIDTH="8" HEIGHT="22" WC="0.96" CONTENT="i"/><SP WIDTH="22" VPOS="679" HPOS="591"/>
							<String ID="string_167" HPOS="613" VPOS="679" WIDTH="55" HEIGHT="22" WC="0.96" CONTENT="sista"/><SP WIDTH="18" VPOS="679" HPOS="668"/>
							<String ID="string_168" HPOS="686" VPOS="680" WIDTH="89" HEIGHT="21" WC="0.93" CONTENT="instans"/><SP WIDTH="16" VPOS="680" HPOS="775"/>
							<String ID="string_169" HPOS="791" VPOS="679" WIDTH="82" HEIGHT="29" WC="0.92" CONTENT="pröfva"/><SP WIDTH="16" VPOS="679" HPOS="873"/>
							<String ID="string_170" HPOS="889" VPOS="679" WIDTH="42" HEIGHT="22" WC="0.93" CONTENT="och"/><SP WIDTH="15" VPOS="679" HPOS="931"/>
							<String ID="string_171" HPOS="946" VPOS="679" WIDTH="95" HEIGHT="22" WC="0.92" CONTENT="förodna"/>
						</TextLine>
						<TextLine ID="line_20" HPOS="221" VPOS="709" WIDTH="460" HEIGHT="29">
							<String ID="string_172" HPOS="221" VPOS="717" WIDTH="38" HEIGHT="14" WC="0.92" CONTENT="om"/><SP WIDTH="14" VPOS="717" HPOS="259"/>
							<String ID="string_173" HPOS="273" VPOS="709" WIDTH="103" HEIGHT="23" WC="0.96" CONTENT="bankens"/><SP WIDTH="16" VPOS="709" HPOS="376"/>
							<String ID="string_174" HPOS="392" VPOS="709" WIDTH="142" HEIGHT="22" WC="0.93" CONTENT="omedelbara"/><SP WIDTH="15" VPOS="709" HPOS="534"/>
							<String ID="string_175" HPOS="549" VPOS="709" WIDTH="132" HEIGHT="29" WC="0.92" CONTENT="stängande."/>
						</TextLine>
					</TextBlock>
					<TextBlock ID="block_4" HPOS="219" VPOS="738" WIDTH="824" HEIGHT="445">
						<TextLine ID="line_21" HPOS="293" VPOS="738" WIDTH="748" HEIGHT="29">
							<String ID="string_176" HPOS="293" VPOS="739" WIDTH="125" HEIGHT="22" WC="0.96" CONTENT="Professori"/><SP WIDTH="20" VPOS="739" HPOS="418"/>
							<String ID="string_177" HPOS="438" VPOS="738" WIDTH="117" HEIGHT="23" WC="0.96" CONTENT="Forsman:"/><SP WIDTH="25" VPOS="738" HPOS="555"/>
							<String ID="string_178" HPOS="580" VPOS="739" WIDTH="82" HEIGHT="22" WC="0.96" CONTENT="Minun"/><SP WIDTH="14" VPOS="739" HPOS="662"/>
							<String ID="string_179" HPOS="676" VPOS="739" WIDTH="140" HEIGHT="22" WC="0.96" CONTENT="luullakseni"/><SP WIDTH="16" VPOS="739" HPOS="816"/>
							<String ID="string_180" HPOS="832" VPOS="746" WIDTH="29" HEIGHT="14" WC="0.96" CONTENT="on"/><SP WIDTH="13" VPOS="746" HPOS="861"/>
							<String ID="string_181" HPOS="874" VPOS="738" WIDTH="63" HEIGHT="29" WC="0.96" CONTENT="juuri"/><SP WIDTH="15" VPOS="738" HPOS="937"/>
							<String ID="string_182" HPOS="952" VPOS="738" WIDTH="89" HEIGHT="29" WC="0.96" CONTENT="yleisön"/>
						</TextLine>
						<TextLine ID="line_22" HPOS="221" VPOS="768" WIDTH="820" HEIGHT="30">
							<String ID="string_183" HPOS="221" VPOS="771" WIDTH="39" HEIGHT="19" WC="0.95" CONTENT="etu"/><SP WIDTH="19" VPOS="771" HPOS="260"/>
							<String ID="string_184" HPOS="279" VPOS="769" WIDTH="26" HEIGHT="28" WC="0.95" CONTENT="ja"/><SP WIDTH="21" VPOS="769" HPOS="305"/>
							<String ID="string_185" HPOS="326" VPOS="769" WIDTH="118" HEIGHT="21" WC="0.96" CONTENT="varsinkin"/><SP WIDTH="18" VPOS="769" HPOS="444"/>
							<String ID="string_186" HPOS="462" VPOS="769" WIDTH="87" HEIGHT="28" WC="0.96" CONTENT="pankin"/><SP WIDTH="14" VPOS="769" HPOS="549"/>
							<String ID="string_187" HPOS="563" VPOS="769" WIDTH="115" HEIGHT="28" WC="0.96" CONTENT="velkojien"/><SP WIDTH="17" VPOS="769" HPOS="678"/>
							<String ID="string_188" HPOS="695" VPOS="771" WIDTH="39" HEIGHT="19" WC="0.93" CONTENT="etu"/><SP WIDTH="15" VPOS="771" HPOS="734"/>
							<String ID="string_189" HPOS="749" VPOS="769" WIDTH="104" HEIGHT="29" WC="0.92" CONTENT="paraiten"/><SP WIDTH="16" VPOS="769" HPOS="853"/>
							<String ID="string_190" HPOS="869" VPOS="769" WIDTH="105" HEIGHT="21" WC="0.96" CONTENT="valvottu"/><SP WIDTH="16" VPOS="769" HPOS="974"/>
							<String ID="string_191" HPOS="990" VPOS="768" WIDTH="51" HEIGHT="22" WC="0.96" CONTENT="sillä"/>
						</TextLine>
						<TextLine ID="line_23" HPOS="221" VPOS="798" WIDTH="819" HEIGHT="29">
							<String ID="string_192" HPOS="221" VPOS="800" WIDTH="53" HEIGHT="26" WC="0.94" CONTENT="että,"/><SP WIDTH="23" VPOS="800" HPOS="274"/>
							<String ID="string_193" HPOS="297" VPOS="799" WIDTH="48" HEIGHT="21" WC="0.96" CONTENT="kun"/><SP WIDTH="24" VPOS="799" HPOS="345"/>
							<String ID="string_194" HPOS="369" VPOS="799" WIDTH="57" HEIGHT="21" WC="0.96" CONTENT="asiat"/><SP WIDTH="19" VPOS="799" HPOS="426"/>
							<String ID="string_195" HPOS="445" VPOS="801" WIDTH="54" HEIGHT="19" WC="0.96" CONTENT="ovat"/><SP WIDTH="14" VPOS="801" HPOS="499"/>
							<String ID="string_196" HPOS="513" VPOS="801" WIDTH="105" HEIGHT="19" WC="0.96" CONTENT="menneet"/><SP WIDTH="13" VPOS="801" HPOS="618"/>
							<String ID="string_197" HPOS="631" VPOS="799" WIDTH="25" HEIGHT="28" WC="0.96" CONTENT="jo"/><SP WIDTH="16" VPOS="799" HPOS="656"/>
							<String ID="string_198" HPOS="672" VPOS="799" WIDTH="50" HEIGHT="21" WC="0.96" CONTENT="niin"/><SP WIDTH="15" VPOS="799" HPOS="722"/>
							<String ID="string_199" HPOS="737" VPOS="799" WIDTH="102" HEIGHT="28" WC="0.96" CONTENT="pitkälle,"/><SP WIDTH="16" VPOS="799" HPOS="839"/>
							<String ID="string_200" HPOS="855" VPOS="798" WIDTH="22" HEIGHT="21" WC="0.96" CONTENT="ei"/><SP WIDTH="15" VPOS="798" HPOS="877"/>
							<String ID="string_201" HPOS="892" VPOS="801" WIDTH="71" HEIGHT="19" WC="0.96" CONTENT="enään"/><SP WIDTH="17" VPOS="801" HPOS="963"/>
							<String ID="string_202" HPOS="980" VPOS="800" WIDTH="60" HEIGHT="19" WC="0.96" CONTENT="oteta"/>
						</TextLine>
						<TextLine ID="line_24" HPOS="221" VPOS="827" WIDTH="820" HEIGHT="30">
							<String ID="string_203" HPOS="221" VPOS="830" WIDTH="80" HEIGHT="19" WC="0.95" CONTENT="muuta"/><SP WIDTH="22" VPOS="830" HPOS="301"/>
							<String ID="string_204" HPOS="323" VPOS="828" WIDTH="170" HEIGHT="29" WC="0.96" CONTENT="kysymykseen"/><SP WIDTH="22" VPOS="828" HPOS="493"/>
							<String ID="string_205" HPOS="515" VPOS="828" WIDTH="57" HEIGHT="21" WC="0.96" CONTENT="kuin"/><SP WIDTH="15" VPOS="828" HPOS="572"/>
							<String ID="string_206" HPOS="587" VPOS="829" WIDTH="87" HEIGHT="28" WC="0.96" CONTENT="pankin"/><SP WIDTH="16" VPOS="829" HPOS="674"/>
							<String ID="string_207" HPOS="690" VPOS="828" WIDTH="149" HEIGHT="28" WC="0.96" CONTENT="sulkeminen,"/><SP WIDTH="16" VPOS="828" HPOS="839"/>
							<String ID="string_208" HPOS="855" VPOS="828" WIDTH="51" HEIGHT="21" WC="0.96" CONTENT="sillä"/><SP WIDTH="15" VPOS="828" HPOS="906"/>
							<String ID="string_209" HPOS="921" VPOS="827" WIDTH="76" HEIGHT="22" WC="0.96" CONTENT="silloin"/><SP WIDTH="15" VPOS="827" HPOS="997"/>
							<String ID="string_210" HPOS="1012" VPOS="835" WIDTH="29" HEIGHT="14" WC="0.97" CONTENT="on"/>
						</TextLine>
						<TextLine ID="line_25" HPOS="221" VPOS="858" WIDTH="822" HEIGHT="29">
							<String ID="string_211" HPOS="221" VPOS="860" WIDTH="98" HEIGHT="26" WC="0.96" CONTENT="parasta,"/><SP WIDTH="17" VPOS="860" HPOS="319"/>
							<String ID="string_212" HPOS="336" VPOS="860" WIDTH="48" HEIGHT="20" WC="0.96" CONTENT="että"/><SP WIDTH="15" VPOS="860" HPOS="384"/>
							<String ID="string_213" HPOS="399" VPOS="858" WIDTH="95" HEIGHT="28" WC="0.96" CONTENT="selvitys"/><SP WIDTH="16" VPOS="858" HPOS="494"/>
							<String ID="string_214" HPOS="510" VPOS="858" WIDTH="60" HEIGHT="22" WC="0.96" CONTENT="tulee"/><SP WIDTH="13" VPOS="858" HPOS="570"/>
							<String ID="string_215" HPOS="583" VPOS="858" WIDTH="26" HEIGHT="29" WC="0.97" CONTENT="ja"/><SP WIDTH="15" VPOS="858" HPOS="609"/>
							<String ID="string_216" HPOS="624" VPOS="858" WIDTH="63" HEIGHT="22" WC="0.96" CONTENT="ett&#39;ei"/><SP WIDTH="11" VPOS="858" HPOS="687"/>
							<String ID="string_217" HPOS="698" VPOS="858" WIDTH="131" HEIGHT="22" WC="0.96" CONTENT="semmoista"/><SP WIDTH="10" VPOS="858" HPOS="829"/>
							<String ID="string_218" HPOS="839" VPOS="858" WIDTH="121" HEIGHT="28" WC="0.96" CONTENT="selvitystä"/><SP WIDTH="10" VPOS="858" HPOS="960"/>
							<String ID="string_219" HPOS="970" VPOS="861" WIDTH="73" HEIGHT="18" WC="0.96" CONTENT="enään"/>
						</TextLine>
						<TextLine ID="line_26" HPOS="221" VPOS="888" WIDTH="820" HEIGHT="28">
							<String ID="string_220" HPOS="221" VPOS="888" WIDTH="115" HEIGHT="28" WC="0.91" CONTENT="viivytetä"/><SP WIDTH="23" VPOS="888" HPOS="336"/>
							<String ID="string_221" HPOS="359" VPOS="888" WIDTH="51" HEIGHT="21" WC="0.96" CONTENT="eikä"/><SP WIDTH="21" VPOS="888" HPOS="410"/>
							<String ID="string_222" HPOS="431" VPOS="888" WIDTH="130" HEIGHT="22" WC="0.96" CONTENT="semmoista"/><SP WIDTH="22" VPOS="888" HPOS="561"/>
							<String ID="string_223" HPOS="583" VPOS="888" WIDTH="57" HEIGHT="22" WC="0.96" CONTENT="tilaa"/><SP WIDTH="13" VPOS="888" HPOS="640"/>
							<String ID="string_224" HPOS="653" VPOS="888" WIDTH="96" HEIGHT="28" WC="0.96" CONTENT="jatketa,"/><SP WIDTH="18" VPOS="888" HPOS="749"/>
							<String ID="string_225" HPOS="767" VPOS="888" WIDTH="52" HEIGHT="21" WC="0.96" CONTENT="sillä"/><SP WIDTH="15" VPOS="888" HPOS="819"/>
							<String ID="string_226" HPOS="834" VPOS="888" WIDTH="68" HEIGHT="21" WC="0.96" CONTENT="eihän"/><SP WIDTH="15" VPOS="888" HPOS="902"/>
							<String ID="string_227" HPOS="917" VPOS="889" WIDTH="60" HEIGHT="20" WC="0.93" CONTENT="tässä"/><SP WIDTH="15" VPOS="889" HPOS="977"/>
							<String ID="string_228" HPOS="992" VPOS="888" WIDTH="49" HEIGHT="21" WC="0.93" CONTENT="kui-"/>
						</TextLine>
						<TextLine ID="line_27" HPOS="220" VPOS="917" WIDTH="822" HEIGHT="29">
							<String ID="string_229" HPOS="220" VPOS="918" WIDTH="101" HEIGHT="21" WC="0.96" CONTENT="tenkaan"/><SP WIDTH="23" VPOS="918" HPOS="321"/>
							<String ID="string_230" HPOS="344" VPOS="918" WIDTH="38" HEIGHT="21" WC="0.95" CONTENT="voi"/><SP WIDTH="20" VPOS="918" HPOS="382"/>
							<String ID="string_231" HPOS="402" VPOS="918" WIDTH="46" HEIGHT="21" WC="0.96" CONTENT="olla"/><SP WIDTH="15" VPOS="918" HPOS="448"/>
							<String ID="string_232" HPOS="463" VPOS="918" WIDTH="116" HEIGHT="28" WC="0.96" CONTENT="tarkoitus,"/><SP WIDTH="17" VPOS="918" HPOS="579"/>
							<String ID="string_233" HPOS="596" VPOS="920" WIDTH="48" HEIGHT="19" WC="0.96" CONTENT="että"/><SP WIDTH="14" VPOS="920" HPOS="644"/>
							<String ID="string_234" HPOS="658" VPOS="918" WIDTH="95" HEIGHT="22" WC="0.97" CONTENT="hallitus"/><SP WIDTH="16" VPOS="918" HPOS="753"/>
							<String ID="string_235" HPOS="769" VPOS="920" WIDTH="62" HEIGHT="19" WC="0.93" CONTENT="tässä"/><SP WIDTH="14" VPOS="920" HPOS="831"/>
							<String ID="string_236" HPOS="845" VPOS="917" WIDTH="100" HEIGHT="29" WC="0.93" CONTENT="rupeaisi"/><SP WIDTH="15" VPOS="917" HPOS="945"/>
							<String ID="string_237" HPOS="960" VPOS="917" WIDTH="82" HEIGHT="22" WC="0.92" CONTENT="varoil-"/>
						</TextLine>
						<TextLine ID="line_28" HPOS="221" VPOS="946" WIDTH="822" HEIGHT="30">
							<String ID="string_238" HPOS="221" VPOS="947" WIDTH="64" HEIGHT="21" WC="0.92" CONTENT="lansa"/><SP WIDTH="23" VPOS="947" HPOS="285"/>
							<String ID="string_239" HPOS="308" VPOS="949" WIDTH="133" HEIGHT="20" WC="0.95" CONTENT="auttamaan"/><SP WIDTH="21" VPOS="949" HPOS="441"/>
							<String ID="string_240" HPOS="462" VPOS="948" WIDTH="105" HEIGHT="28" WC="0.95" CONTENT="pankkia."/><SP WIDTH="31" VPOS="948" HPOS="567"/>
							<String ID="string_241" HPOS="598" VPOS="948" WIDTH="64" HEIGHT="20" WC="0.96" CONTENT="Minä"/><SP WIDTH="23" VPOS="948" HPOS="662"/>
							<String ID="string_242" HPOS="685" VPOS="955" WIDTH="29" HEIGHT="14" WC="0.96" CONTENT="en"/><SP WIDTH="14" VPOS="955" HPOS="714"/>
							<String ID="string_243" HPOS="728" VPOS="951" WIDTH="122" HEIGHT="25" WC="0.95" CONTENT="ymmärrä,"/><SP WIDTH="15" VPOS="951" HPOS="850"/>
							<String ID="string_244" HPOS="865" VPOS="947" WIDTH="78" HEIGHT="21" WC="0.96" CONTENT="minkä"/><SP WIDTH="15" VPOS="947" HPOS="943"/>
							<String ID="string_245" HPOS="958" VPOS="946" WIDTH="85" HEIGHT="22" WC="0.96" CONTENT="tähden"/>
						</TextLine>
						<TextLine ID="line_29" HPOS="220" VPOS="977" WIDTH="821" HEIGHT="29">
							<String ID="string_246" HPOS="220" VPOS="977" WIDTH="48" HEIGHT="21" WC="0.96" CONTENT="asia"/><SP WIDTH="16" VPOS="977" HPOS="268"/>
							<String ID="string_247" HPOS="284" VPOS="977" WIDTH="52" HEIGHT="21" WC="0.96" CONTENT="olisi"/><SP WIDTH="14" VPOS="977" HPOS="336"/>
							<String ID="string_248" HPOS="350" VPOS="977" WIDTH="121" HEIGHT="29" WC="0.96" CONTENT="lykättävä"/><SP WIDTH="15" VPOS="977" HPOS="471"/>
							<String ID="string_249" HPOS="486" VPOS="978" WIDTH="103" HEIGHT="20" WC="0.93" CONTENT="senaatin"/><SP WIDTH="15" VPOS="978" HPOS="589"/>
							<String ID="string_250" HPOS="604" VPOS="977" WIDTH="187" HEIGHT="22" WC="0.89" CONTENT="talousosastoon."/><SP WIDTH="32" VPOS="977" HPOS="791"/>
							<String ID="string_251" HPOS="823" VPOS="977" WIDTH="29" HEIGHT="21" WC="0.96" CONTENT="Se"/><SP WIDTH="15" VPOS="977" HPOS="852"/>
							<String ID="string_252" HPOS="867" VPOS="984" WIDTH="30" HEIGHT="14" WC="0.96" CONTENT="on"/><SP WIDTH="15" VPOS="984" HPOS="897"/>
							<String ID="string_253" HPOS="912" VPOS="977" WIDTH="62" HEIGHT="21" WC="0.96" CONTENT="selvä"/><SP WIDTH="15" VPOS="977" HPOS="974"/>
							<String ID="string_254" HPOS="989" VPOS="979" WIDTH="52" HEIGHT="25" WC="0.96" CONTENT="että,"/>
						</TextLine>
						<TextLine ID="line_30" HPOS="220" VPOS="1006" WIDTH="821" HEIGHT="29">
							<String ID="string_255" HPOS="220" VPOS="1006" WIDTH="48" HEIGHT="22" WC="0.93" CONTENT="kun"/><SP WIDTH="23" VPOS="1006" HPOS="268"/>
							<String ID="string_256" HPOS="291" VPOS="1010" WIDTH="165" HEIGHT="25" WC="0.92" CONTENT="peruspääoma"/><SP WIDTH="22" VPOS="1010" HPOS="456"/>
							<String ID="string_257" HPOS="478" VPOS="1014" WIDTH="29" HEIGHT="14" WC="0.96" CONTENT="on"/><SP WIDTH="23" VPOS="1014" HPOS="507"/>
							<String ID="string_258" HPOS="530" VPOS="1008" WIDTH="94" HEIGHT="27" WC="0.96" CONTENT="mennyt"/><SP WIDTH="15" VPOS="1008" HPOS="624"/>
							<String ID="string_259" HPOS="639" VPOS="1007" WIDTH="51" HEIGHT="21" WC="0.96" CONTENT="niin"/><SP WIDTH="16" VPOS="1007" HPOS="690"/>
							<String ID="string_260" HPOS="706" VPOS="1007" WIDTH="53" HEIGHT="28" WC="0.96" CONTENT="alas,"/><SP WIDTH="16" VPOS="1007" HPOS="759"/>
							<String ID="string_261" HPOS="775" VPOS="1014" WIDTH="30" HEIGHT="14" WC="0.97" CONTENT="on"/><SP WIDTH="15" VPOS="1014" HPOS="805"/>
							<String ID="string_262" HPOS="820" VPOS="1006" WIDTH="101" HEIGHT="22" WC="0.93" CONTENT="liikkeen"/><SP WIDTH="13" VPOS="1006" HPOS="921"/>
							<String ID="string_263" HPOS="934" VPOS="1006" WIDTH="107" HEIGHT="29" WC="0.91" CONTENT="jatkami-"/>
						</TextLine>
						<TextLine ID="line_31" HPOS="219" VPOS="1036" WIDTH="823" HEIGHT="29">
							<String ID="string_264" HPOS="219" VPOS="1043" WIDTH="46" HEIGHT="14" WC="0.96" CONTENT="nen"/><SP WIDTH="22" VPOS="1043" HPOS="265"/>
							<String ID="string_265" HPOS="287" VPOS="1036" WIDTH="89" HEIGHT="28" WC="0.96" CONTENT="yleisön"/><SP WIDTH="23" VPOS="1036" HPOS="376"/>
							<String ID="string_266" HPOS="399" VPOS="1036" WIDTH="196" HEIGHT="22" WC="0.96" CONTENT="turvallisuudelle"/><SP WIDTH="23" VPOS="1036" HPOS="595"/>
							<String ID="string_267" HPOS="618" VPOS="1036" WIDTH="148" HEIGHT="27" WC="0.96" CONTENT="vaarallinen,"/><SP WIDTH="21" VPOS="1036" HPOS="766"/>
							<String ID="string_268" HPOS="787" VPOS="1038" WIDTH="75" HEIGHT="20" WC="0.96" CONTENT="mutta"/><SP WIDTH="18" VPOS="1038" HPOS="862"/>
							<String ID="string_269" HPOS="880" VPOS="1036" WIDTH="48" HEIGHT="22" WC="0.91" CONTENT="kun"/><SP WIDTH="14" VPOS="1036" HPOS="928"/>
							<String ID="string_270" HPOS="942" VPOS="1036" WIDTH="100" HEIGHT="29" WC="0.91" CONTENT="puheen-"/>
						</TextLine>
						<TextLine ID="line_32" HPOS="220" VPOS="1065" WIDTH="822" HEIGHT="29">
							<String ID="string_271" HPOS="220" VPOS="1065" WIDTH="92" HEIGHT="22" WC="0.95" CONTENT="alainen"/><SP WIDTH="22" VPOS="1065" HPOS="312"/>
							<String ID="string_272" HPOS="334" VPOS="1069" WIDTH="105" HEIGHT="25" WC="0.96" CONTENT="määräys"/><SP WIDTH="22" VPOS="1069" HPOS="439"/>
							<String ID="string_273" HPOS="461" VPOS="1074" WIDTH="104" HEIGHT="20" WC="0.96" CONTENT="pannaan"/><SP WIDTH="23" VPOS="1074" HPOS="565"/>
							<String ID="string_274" HPOS="588" VPOS="1066" WIDTH="44" HEIGHT="22" WC="0.96" CONTENT="itse"/><SP WIDTH="20" VPOS="1066" HPOS="632"/>
							<String ID="string_275" HPOS="652" VPOS="1067" WIDTH="141" HEIGHT="27" WC="0.96" CONTENT="asetukseen,"/><SP WIDTH="16" VPOS="1067" HPOS="793"/>
							<String ID="string_276" HPOS="809" VPOS="1074" WIDTH="30" HEIGHT="14" WC="0.96" CONTENT="on"/><SP WIDTH="16" VPOS="1074" HPOS="839"/>
							<String ID="string_277" HPOS="855" VPOS="1074" WIDTH="23" HEIGHT="14" WC="0.95" CONTENT="se"/><SP WIDTH="15" VPOS="1074" HPOS="878"/>
							<String ID="string_278" HPOS="893" VPOS="1066" WIDTH="96" HEIGHT="21" WC="0.93" CONTENT="viittaus"/><SP WIDTH="15" VPOS="1066" HPOS="989"/>
							<String ID="string_279" HPOS="1004" VPOS="1065" WIDTH="38" HEIGHT="22" WC="0.93" CONTENT="sii-"/>
						</TextLine>
						<TextLine ID="line_33" HPOS="220" VPOS="1095" WIDTH="822" HEIGHT="29">
							<String ID="string_280" HPOS="220" VPOS="1095" WIDTH="51" HEIGHT="28" WC="0.95" CONTENT="hen,"/><SP WIDTH="27" VPOS="1095" HPOS="271"/>
							<String ID="string_281" HPOS="298" VPOS="1098" WIDTH="48" HEIGHT="19" WC="0.95" CONTENT="että"/><SP WIDTH="23" VPOS="1098" HPOS="346"/>
							<String ID="string_282" HPOS="369" VPOS="1096" WIDTH="103" HEIGHT="22" WC="0.96" CONTENT="senaatin"/><SP WIDTH="23" VPOS="1096" HPOS="472"/>
							<String ID="string_283" HPOS="495" VPOS="1096" WIDTH="149" HEIGHT="22" WC="0.96" CONTENT="talousosasto"/><SP WIDTH="23" VPOS="1096" HPOS="644"/>
							<String ID="string_284" HPOS="667" VPOS="1098" WIDTH="88" HEIGHT="20" WC="0.96" CONTENT="saattaa"/><SP WIDTH="24" VPOS="1098" HPOS="755"/>
							<String ID="string_285" HPOS="779" VPOS="1098" WIDTH="48" HEIGHT="19" WC="0.96" CONTENT="tätä"/><SP WIDTH="22" VPOS="1098" HPOS="827"/>
							<String ID="string_286" HPOS="849" VPOS="1096" WIDTH="56" HEIGHT="21" WC="0.96" CONTENT="tilaa"/><SP WIDTH="22" VPOS="1096" HPOS="905"/>
							<String ID="string_287" HPOS="927" VPOS="1095" WIDTH="115" HEIGHT="29" WC="0.95" CONTENT="pitkittää."/>
						</TextLine>
						<TextLine ID="line_34" HPOS="220" VPOS="1125" WIDTH="823" HEIGHT="29">
							<String ID="string_288" HPOS="220" VPOS="1125" WIDTH="65" HEIGHT="21" WC="0.96" CONTENT="Minä"/><SP WIDTH="18" VPOS="1125" HPOS="285"/>
							<String ID="string_289" HPOS="303" VPOS="1125" WIDTH="40" HEIGHT="21" WC="0.96" CONTENT="siis"/><SP WIDTH="15" VPOS="1125" HPOS="343"/>
							<String ID="string_290" HPOS="358" VPOS="1125" WIDTH="47" HEIGHT="28" WC="0.96" CONTENT="yhä"/><SP WIDTH="15" VPOS="1125" HPOS="405"/>
							<String ID="string_291" HPOS="420" VPOS="1125" WIDTH="100" HEIGHT="22" WC="0.96" CONTENT="edelleen"/><SP WIDTH="15" VPOS="1125" HPOS="520"/>
							<String ID="string_292" HPOS="535" VPOS="1126" WIDTH="116" HEIGHT="21" WC="0.96" CONTENT="rohkenen"/><SP WIDTH="16" VPOS="1126" HPOS="651"/>
							<String ID="string_293" HPOS="667" VPOS="1125" WIDTH="114" HEIGHT="27" WC="0.96" CONTENT="ehdottaa,"/><SP WIDTH="17" VPOS="1125" HPOS="781"/>
							<String ID="string_294" HPOS="798" VPOS="1128" WIDTH="48" HEIGHT="19" WC="0.97" CONTENT="että"/><SP WIDTH="15" VPOS="1128" HPOS="846"/>
							<String ID="string_295" HPOS="861" VPOS="1128" WIDTH="61" HEIGHT="19" WC="0.93" CONTENT="tässä"/><SP WIDTH="14" VPOS="1128" HPOS="922"/>
							<String ID="string_296" HPOS="936" VPOS="1125" WIDTH="107" HEIGHT="29" WC="0.92" CONTENT="palattai-"/>
						</TextLine>
						<TextLine ID="line_35" HPOS="221" VPOS="1154" WIDTH="354" HEIGHT="29">
							<String ID="string_297" HPOS="221" VPOS="1154" WIDTH="44" HEIGHT="22" WC="0.93" CONTENT="siin"/><SP WIDTH="16" VPOS="1154" HPOS="265"/>
							<String ID="string_298" HPOS="281" VPOS="1154" WIDTH="143" HEIGHT="22" WC="0.92" CONTENT="armolliseen"/><SP WIDTH="16" VPOS="1154" HPOS="424"/>
							<String ID="string_299" HPOS="440" VPOS="1155" WIDTH="135" HEIGHT="28" WC="0.96" CONTENT="esitykseen."/>
						</TextLine>
					</TextBlock>
					<TextBlock ID="block_5" HPOS="209" VPOS="1184" WIDTH="835" HEIGHT="356">
						<TextLine ID="line_36" HPOS="293" VPOS="1184" WIDTH="751" HEIGHT="30">
							<String ID="string_300" HPOS="293" VPOS="1184" WIDTH="127" HEIGHT="22" WC="0.95" CONTENT="Professori"/><SP WIDTH="22" VPOS="1184" HPOS="420"/>
							<String ID="string_301" HPOS="442" VPOS="1184" WIDTH="125" HEIGHT="28" WC="0.95" CONTENT="Runeberg:"/><SP WIDTH="25" VPOS="1184" HPOS="567"/>
							<String ID="string_302" HPOS="592" VPOS="1184" WIDTH="45" HEIGHT="22" WC="0.96" CONTENT="Det"/><SP WIDTH="23" VPOS="1184" HPOS="637"/>
							<String ID="string_303" HPOS="660" VPOS="1188" WIDTH="24" HEIGHT="18" WC="0.95" CONTENT="är"/><SP WIDTH="21" VPOS="1188" HPOS="684"/>
							<String ID="string_304" HPOS="705" VPOS="1186" WIDTH="50" HEIGHT="28" WC="0.97" CONTENT="just"/><SP WIDTH="16" VPOS="1186" HPOS="755"/>
							<String ID="string_305" HPOS="771" VPOS="1185" WIDTH="36" HEIGHT="21" WC="0.96" CONTENT="för"/><SP WIDTH="15" VPOS="1185" HPOS="807"/>
							<String ID="string_306" HPOS="822" VPOS="1187" WIDTH="35" HEIGHT="19" WC="0.93" CONTENT="att"/><SP WIDTH="15" VPOS="1187" HPOS="857"/>
							<String ID="string_307" HPOS="872" VPOS="1184" WIDTH="172" HEIGHT="22" WC="0.93" CONTENT="förhällandena"/>
						</TextLine>
						<TextLine ID="line_37" HPOS="220" VPOS="1214" WIDTH="823" HEIGHT="29">
							<String ID="string_308" HPOS="220" VPOS="1214" WIDTH="80" HEIGHT="22" WC="0.96" CONTENT="kunna"/><SP WIDTH="15" VPOS="1214" HPOS="300"/>
							<String ID="string_309" HPOS="315" VPOS="1221" WIDTH="55" HEIGHT="14" WC="0.96" CONTENT="vara"/><SP WIDTH="16" VPOS="1221" HPOS="370"/>
							<String ID="string_310" HPOS="386" VPOS="1215" WIDTH="25" HEIGHT="21" WC="0.96" CONTENT="sä"/><SP WIDTH="15" VPOS="1215" HPOS="411"/>
							<String ID="string_311" HPOS="426" VPOS="1214" WIDTH="61" HEIGHT="22" WC="0.96" CONTENT="olika"/><SP WIDTH="15" VPOS="1214" HPOS="487"/>
							<String ID="string_312" HPOS="502" VPOS="1222" WIDTH="48" HEIGHT="14" WC="0.93" CONTENT="som"/><SP WIDTH="15" VPOS="1222" HPOS="550"/>
							<String ID="string_313" HPOS="565" VPOS="1214" WIDTH="175" HEIGHT="22" WC="0.90" CONTENT="bankutskottet"/><SP WIDTH="15" VPOS="1214" HPOS="740"/>
							<String ID="string_314" HPOS="755" VPOS="1216" WIDTH="72" HEIGHT="27" WC="0.96" CONTENT="ansåg"/><SP WIDTH="16" VPOS="1216" HPOS="827"/>
							<String ID="string_315" HPOS="843" VPOS="1214" WIDTH="39" HEIGHT="22" WC="0.96" CONTENT="det"/><SP WIDTH="10" VPOS="1214" HPOS="882"/>
							<String ID="string_316" HPOS="892" VPOS="1214" WIDTH="106" HEIGHT="28" WC="0.96" CONTENT="lämpligt"/><SP WIDTH="11" VPOS="1214" HPOS="998"/>
							<String ID="string_317" HPOS="1009" VPOS="1216" WIDTH="34" HEIGHT="19" WC="0.97" CONTENT="att"/>
						</TextLine>
						<TextLine ID="line_38" HPOS="219" VPOS="1244" WIDTH="824" HEIGHT="29">
							<String ID="string_318" HPOS="219" VPOS="1244" WIDTH="78" HEIGHT="28" WC="0.90" CONTENT="nägon"/><SP WIDTH="22" VPOS="1244" HPOS="297"/>
							<String ID="string_319" HPOS="319" VPOS="1244" WIDTH="169" HEIGHT="29" WC="0.89" CONTENT="pröfningsrätt"/><SP WIDTH="21" VPOS="1244" HPOS="488"/>
							<String ID="string_320" HPOS="509" VPOS="1244" WIDTH="70" HEIGHT="21" WC="0.96" CONTENT="borde"/><SP WIDTH="22" VPOS="1244" HPOS="579"/>
							<String ID="string_321" HPOS="601" VPOS="1244" WIDTH="79" HEIGHT="22" WC="0.93" CONTENT="finnas."/><SP WIDTH="32" VPOS="1244" HPOS="680"/>
							<String ID="string_322" HPOS="712" VPOS="1244" WIDTH="43" HEIGHT="22" WC="0.92" CONTENT="Uti"/><SP WIDTH="23" VPOS="1244" HPOS="755"/>
							<String ID="string_323" HPOS="778" VPOS="1246" WIDTH="34" HEIGHT="20" WC="0.90" CONTENT="ett"/><SP WIDTH="22" VPOS="1246" HPOS="812"/>
							<String ID="string_324" HPOS="834" VPOS="1244" WIDTH="82" HEIGHT="22" WC="0.90" CONTENT="sädant"/><SP WIDTH="22" VPOS="1244" HPOS="916"/>
							<String ID="string_325" HPOS="938" VPOS="1244" WIDTH="42" HEIGHT="21" WC="0.96" CONTENT="fall"/><SP WIDTH="15" VPOS="1244" HPOS="980"/>
							<String ID="string_326" HPOS="995" VPOS="1251" WIDTH="48" HEIGHT="14" WC="0.96" CONTENT="som"/>
						</TextLine>
						<TextLine ID="line_39" HPOS="219" VPOS="1273" WIDTH="822" HEIGHT="30">
							<String ID="string_327" HPOS="219" VPOS="1273" WIDTH="116" HEIGHT="27" WC="0.96" CONTENT="professor"/><SP WIDTH="14" VPOS="1273" HPOS="335"/>
							<String ID="string_328" HPOS="349" VPOS="1274" WIDTH="93" HEIGHT="21" WC="0.93" CONTENT="Donner"/><SP WIDTH="15" VPOS="1274" HPOS="442"/>
							<String ID="string_329" HPOS="457" VPOS="1273" WIDTH="116" HEIGHT="29" WC="0.93" CONTENT="päpekade"/><SP WIDTH="14" VPOS="1273" HPOS="573"/>
							<String ID="string_330" HPOS="587" VPOS="1274" WIDTH="53" HEIGHT="21" WC="0.93" CONTENT="med"/><SP WIDTH="15" VPOS="1274" HPOS="640"/>
							<String ID="string_331" HPOS="655" VPOS="1274" WIDTH="211" HEIGHT="29" WC="0.92" CONTENT="föreningsbanken"/><SP WIDTH="16" VPOS="1274" HPOS="866"/>
							<String ID="string_332" HPOS="882" VPOS="1273" WIDTH="74" HEIGHT="22" WC="0.93" CONTENT="skulle"/><SP WIDTH="10" VPOS="1273" HPOS="956"/>
							<String ID="string_333" HPOS="966" VPOS="1276" WIDTH="75" HEIGHT="19" WC="0.93" CONTENT="natur-"/>
						</TextLine>
						<TextLine ID="line_40" HPOS="220" VPOS="1302" WIDTH="821" HEIGHT="30">
							<String ID="string_334" HPOS="220" VPOS="1302" WIDTH="82" HEIGHT="28" WC="0.91" CONTENT="ligtvis"/><SP WIDTH="23" VPOS="1302" HPOS="302"/>
							<String ID="string_335" HPOS="325" VPOS="1306" WIDTH="93" HEIGHT="19" WC="0.91" CONTENT="senaten"/><SP WIDTH="23" VPOS="1306" HPOS="418"/>
							<String ID="string_336" HPOS="441" VPOS="1303" WIDTH="112" HEIGHT="22" WC="0.92" CONTENT="resolvera"/><SP WIDTH="22" VPOS="1303" HPOS="553"/>
							<String ID="string_337" HPOS="575" VPOS="1306" WIDTH="35" HEIGHT="19" WC="0.96" CONTENT="att"/><SP WIDTH="16" VPOS="1306" HPOS="610"/>
							<String ID="string_338" HPOS="626" VPOS="1304" WIDTH="44" HEIGHT="21" WC="0.96" CONTENT="den"/><SP WIDTH="16" VPOS="1304" HPOS="670"/>
							<String ID="string_339" HPOS="686" VPOS="1304" WIDTH="59" HEIGHT="22" WC="0.93" CONTENT="skall"/><SP WIDTH="16" VPOS="1304" HPOS="745"/>
							<String ID="string_340" HPOS="761" VPOS="1306" WIDTH="99" HEIGHT="26" WC="0.91" CONTENT="stängas."/><SP WIDTH="31" VPOS="1306" HPOS="860"/>
							<String ID="string_341" HPOS="891" VPOS="1304" WIDTH="54" HEIGHT="20" WC="0.93" CONTENT="Men"/><SP WIDTH="15" VPOS="1304" HPOS="945"/>
							<String ID="string_342" HPOS="960" VPOS="1303" WIDTH="81" HEIGHT="21" WC="0.92" CONTENT="förhäl-"/>
						</TextLine>
						<TextLine ID="line_41" HPOS="209" VPOS="1332" WIDTH="834" HEIGHT="24">
							<String ID="string_343" HPOS="209" VPOS="1332" WIDTH="90" HEIGHT="24" WC="0.75" CONTENT="elandet"/><SP WIDTH="24" VPOS="1332" HPOS="299"/>
							<String ID="string_344" HPOS="323" VPOS="1332" WIDTH="108" HEIGHT="22" WC="0.90" CONTENT="behöfver"/><SP WIDTH="23" VPOS="1332" HPOS="431"/>
							<String ID="string_345" HPOS="454" VPOS="1333" WIDTH="50" HEIGHT="21" WC="0.96" CONTENT="icke"/><SP WIDTH="19" VPOS="1333" HPOS="504"/>
							<String ID="string_346" HPOS="523" VPOS="1333" WIDTH="8" HEIGHT="21" WC="0.95" CONTENT="i"/><SP WIDTH="15" VPOS="1333" HPOS="531"/>
							<String ID="string_347" HPOS="546" VPOS="1333" WIDTH="46" HEIGHT="21" WC="0.95" CONTENT="alla"/><SP WIDTH="15" VPOS="1333" HPOS="592"/>
							<String ID="string_348" HPOS="607" VPOS="1333" WIDTH="42" HEIGHT="22" WC="0.96" CONTENT="fall"/><SP WIDTH="14" VPOS="1333" HPOS="649"/>
							<String ID="string_349" HPOS="663" VPOS="1341" WIDTH="57" HEIGHT="14" WC="0.93" CONTENT="vara"/><SP WIDTH="15" VPOS="1341" HPOS="720"/>
							<String ID="string_350" HPOS="735" VPOS="1334" WIDTH="131" HEIGHT="21" WC="0.95" CONTENT="detsamma."/><SP WIDTH="31" VPOS="1334" HPOS="866"/>
							<String ID="string_351" HPOS="897" VPOS="1333" WIDTH="70" HEIGHT="21" WC="0.93" CONTENT="Detta"/><SP WIDTH="15" VPOS="1333" HPOS="967"/>
							<String ID="string_352" HPOS="982" VPOS="1332" WIDTH="61" HEIGHT="22" WC="0.92" CONTENT="stad-"/>
						</TextLine>
						<TextLine ID="line_42" HPOS="220" VPOS="1361" WIDTH="823" HEIGHT="31">
							<String ID="string_353" HPOS="220" VPOS="1361" WIDTH="77" HEIGHT="28" WC="0.96" CONTENT="gande"/><SP WIDTH="15" VPOS="1361" HPOS="297"/>
							<String ID="string_354" HPOS="312" VPOS="1369" WIDTH="37" HEIGHT="14" WC="0.96" CONTENT="om"/><SP WIDTH="20" VPOS="1369" HPOS="349"/>
							<String ID="string_355" HPOS="369" VPOS="1363" WIDTH="27" HEIGHT="21" WC="0.96" CONTENT="75"/><SP WIDTH="12" VPOS="1363" HPOS="396"/>
							<String ID="string_356" HPOS="408" VPOS="1363" WIDTH="28" HEIGHT="28" WC="0.92" CONTENT="9/,"/><SP WIDTH="16" VPOS="1363" HPOS="436"/>
							<String ID="string_357" HPOS="452" VPOS="1370" WIDTH="41" HEIGHT="21" WC="0.93" CONTENT="ger"/><SP WIDTH="14" VPOS="1370" HPOS="493"/>
							<String ID="string_358" HPOS="507" VPOS="1362" WIDTH="50" HEIGHT="22" WC="0.96" CONTENT="icke"/><SP WIDTH="15" VPOS="1362" HPOS="557"/>
							<String ID="string_359" HPOS="572" VPOS="1364" WIDTH="72" HEIGHT="28" WC="0.96" CONTENT="något"/><SP WIDTH="15" VPOS="1364" HPOS="644"/>
							<String ID="string_360" HPOS="659" VPOS="1363" WIDTH="78" HEIGHT="21" WC="0.96" CONTENT="säkert"/><SP WIDTH="14" VPOS="1363" HPOS="737"/>
							<String ID="string_361" HPOS="751" VPOS="1363" WIDTH="123" HEIGHT="22" WC="0.96" CONTENT="kriterium"/><SP WIDTH="15" VPOS="1363" HPOS="874"/>
							<String ID="string_362" HPOS="889" VPOS="1362" WIDTH="36" HEIGHT="22" WC="0.96" CONTENT="för"/><SP WIDTH="15" VPOS="1362" HPOS="925"/>
							<String ID="string_363" HPOS="940" VPOS="1362" WIDTH="46" HEIGHT="22" WC="0.96" CONTENT="alla"/><SP WIDTH="10" VPOS="1362" HPOS="986"/>
							<String ID="string_364" HPOS="996" VPOS="1361" WIDTH="47" HEIGHT="22" WC="0.95" CONTENT="fall."/>
						</TextLine>
						<TextLine ID="line_43" HPOS="219" VPOS="1391" WIDTH="822" HEIGHT="30">
							<String ID="string_365" HPOS="219" VPOS="1391" WIDTH="13" HEIGHT="20" WC="0.95" CONTENT="I"/><SP WIDTH="23" VPOS="1391" HPOS="232"/>
							<String ID="string_366" HPOS="255" VPOS="1398" WIDTH="30" HEIGHT="15" WC="0.96" CONTENT="en"/><SP WIDTH="23" VPOS="1398" HPOS="285"/>
							<String ID="string_367" HPOS="308" VPOS="1391" WIDTH="37" HEIGHT="21" WC="0.96" CONTENT="del"/><SP WIDTH="22" VPOS="1391" HPOS="345"/>
							<String ID="string_368" HPOS="367" VPOS="1391" WIDTH="43" HEIGHT="22" WC="0.96" CONTENT="fall"/><SP WIDTH="18" VPOS="1391" HPOS="410"/>
							<String ID="string_369" HPOS="428" VPOS="1395" WIDTH="25" HEIGHT="18" WC="0.93" CONTENT="är"/><SP WIDTH="15" VPOS="1395" HPOS="453"/>
							<String ID="string_370" HPOS="468" VPOS="1392" WIDTH="86" HEIGHT="22" WC="0.96" CONTENT="affären"/><SP WIDTH="13" VPOS="1392" HPOS="554"/>
							<String ID="string_371" HPOS="567" VPOS="1394" WIDTH="79" HEIGHT="20" WC="0.96" CONTENT="rutten"/><SP WIDTH="16" VPOS="1394" HPOS="646"/>
							<String ID="string_372" HPOS="662" VPOS="1393" WIDTH="43" HEIGHT="21" WC="0.93" CONTENT="och"/><SP WIDTH="15" VPOS="1393" HPOS="705"/>
							<String ID="string_373" HPOS="720" VPOS="1392" WIDTH="93" HEIGHT="22" WC="0.96" CONTENT="banken"/><SP WIDTH="15" VPOS="1392" HPOS="813"/>
							<String ID="string_374" HPOS="828" VPOS="1393" WIDTH="42" HEIGHT="21" WC="0.93" CONTENT="bör"/><SP WIDTH="15" VPOS="1393" HPOS="870"/>
							<String ID="string_375" HPOS="885" VPOS="1394" WIDTH="83" HEIGHT="27" WC="0.93" CONTENT="genast"/><SP WIDTH="15" VPOS="1394" HPOS="968"/>
							<String ID="string_376" HPOS="983" VPOS="1393" WIDTH="58" HEIGHT="20" WC="0.93" CONTENT="stän-"/>
						</TextLine>
						<TextLine ID="line_44" HPOS="219" VPOS="1421" WIDTH="823" HEIGHT="29">
							<String ID="string_377" HPOS="219" VPOS="1428" WIDTH="50" HEIGHT="21" WC="0.95" CONTENT="gas;"/><SP WIDTH="24" VPOS="1428" HPOS="269"/>
							<String ID="string_378" HPOS="293" VPOS="1421" WIDTH="9" HEIGHT="21" WC="0.96" CONTENT="i"/><SP WIDTH="23" VPOS="1421" HPOS="302"/>
							<String ID="string_379" HPOS="325" VPOS="1421" WIDTH="71" HEIGHT="21" WC="0.96" CONTENT="andra"/><SP WIDTH="24" VPOS="1421" HPOS="396"/>
							<String ID="string_380" HPOS="420" VPOS="1421" WIDTH="41" HEIGHT="22" WC="0.96" CONTENT="fall"/><SP WIDTH="23" VPOS="1421" HPOS="461"/>
							<String ID="string_381" HPOS="484" VPOS="1424" WIDTH="24" HEIGHT="18" WC="0.96" CONTENT="är"/><SP WIDTH="19" VPOS="1424" HPOS="508"/>
							<String ID="string_382" HPOS="527" VPOS="1422" WIDTH="44" HEIGHT="21" WC="0.93" CONTENT="den"/><SP WIDTH="15" VPOS="1422" HPOS="571"/>
							<String ID="string_383" HPOS="586" VPOS="1422" WIDTH="51" HEIGHT="22" WC="0.93" CONTENT="icke"/><SP WIDTH="15" VPOS="1422" HPOS="637"/>
							<String ID="string_384" HPOS="652" VPOS="1425" WIDTH="78" HEIGHT="19" WC="0.92" CONTENT="rutten"/><SP WIDTH="17" VPOS="1425" HPOS="730"/>
							<String ID="string_385" HPOS="747" VPOS="1422" WIDTH="43" HEIGHT="22" WC="0.96" CONTENT="och"/><SP WIDTH="15" VPOS="1422" HPOS="790"/>
							<String ID="string_386" HPOS="805" VPOS="1422" WIDTH="47" HEIGHT="22" WC="0.93" CONTENT="kan"/><SP WIDTH="15" VPOS="1422" HPOS="852"/>
							<String ID="string_387" HPOS="867" VPOS="1422" WIDTH="95" HEIGHT="28" WC="0.91" CONTENT="hjelpas."/><SP WIDTH="31" VPOS="1422" HPOS="962"/>
							<String ID="string_388" HPOS="993" VPOS="1421" WIDTH="49" HEIGHT="21" WC="0.96" CONTENT="Har"/>
						</TextLine>
						<TextLine ID="line_45" HPOS="219" VPOS="1450" WIDTH="823" HEIGHT="31">
							<String ID="string_389" HPOS="219" VPOS="1458" WIDTH="55" HEIGHT="14" WC="0.95" CONTENT="man"/><SP WIDTH="15" VPOS="1458" HPOS="274"/>
							<String ID="string_390" HPOS="289" VPOS="1452" WIDTH="35" HEIGHT="21" WC="0.96" CONTENT="ett"/><SP WIDTH="15" VPOS="1452" HPOS="324"/>
							<String ID="string_391" HPOS="339" VPOS="1451" WIDTH="91" HEIGHT="22" WC="0.93" CONTENT="absolut"/><SP WIDTH="15" VPOS="1451" HPOS="430"/>
							<String ID="string_392" HPOS="445" VPOS="1452" WIDTH="130" HEIGHT="28" WC="0.95" CONTENT="stadgande,"/><SP WIDTH="16" VPOS="1452" HPOS="575"/>
							<String ID="string_393" HPOS="591" VPOS="1452" WIDTH="25" HEIGHT="21" WC="0.93" CONTENT="sä"/><SP WIDTH="14" VPOS="1452" HPOS="616"/>
							<String ID="string_394" HPOS="630" VPOS="1454" WIDTH="29" HEIGHT="27" WC="0.96" CONTENT="gå"/><SP WIDTH="16" VPOS="1454" HPOS="659"/>
							<String ID="string_395" HPOS="675" VPOS="1452" WIDTH="68" HEIGHT="22" WC="0.96" CONTENT="äfven"/><SP WIDTH="18" VPOS="1452" HPOS="743"/>
							<String ID="string_396" HPOS="761" VPOS="1452" WIDTH="27" HEIGHT="22" WC="0.96" CONTENT="de"/><SP WIDTH="17" VPOS="1452" HPOS="788"/>
							<String ID="string_397" HPOS="805" VPOS="1452" WIDTH="87" HEIGHT="28" WC="0.94" CONTENT="affärer,"/><SP WIDTH="14" VPOS="1452" HPOS="892"/>
							<String ID="string_398" HPOS="906" VPOS="1458" WIDTH="48" HEIGHT="15" WC="0.96" CONTENT="som"/><SP WIDTH="11" VPOS="1458" HPOS="954"/>
							<String ID="string_399" HPOS="965" VPOS="1450" WIDTH="77" HEIGHT="23" WC="0.96" CONTENT="kunna"/>
						</TextLine>
						<TextLine ID="line_46" HPOS="219" VPOS="1480" WIDTH="823" HEIGHT="30">
							<String ID="string_400" HPOS="219" VPOS="1480" WIDTH="90" HEIGHT="29" WC="0.92" CONTENT="räddas,"/><SP WIDTH="16" VPOS="1480" HPOS="309"/>
							<String ID="string_401" HPOS="325" VPOS="1481" WIDTH="30" HEIGHT="28" WC="0.96" CONTENT="pä"/><SP WIDTH="15" VPOS="1481" HPOS="355"/>
							<String ID="string_402" HPOS="370" VPOS="1489" WIDTH="85" HEIGHT="14" WC="0.96" CONTENT="samma"/><SP WIDTH="15" VPOS="1489" HPOS="455"/>
							<String ID="string_403" HPOS="470" VPOS="1483" WIDTH="46" HEIGHT="20" WC="0.96" CONTENT="sätt"/><SP WIDTH="15" VPOS="1483" HPOS="516"/>
							<String ID="string_404" HPOS="531" VPOS="1481" WIDTH="77" HEIGHT="28" WC="0.96" CONTENT="under,"/><SP WIDTH="16" VPOS="1481" HPOS="608"/>
							<String ID="string_405" HPOS="624" VPOS="1489" WIDTH="48" HEIGHT="14" WC="0.96" CONTENT="som"/><SP WIDTH="16" VPOS="1489" HPOS="672"/>
							<String ID="string_406" HPOS="688" VPOS="1483" WIDTH="33" HEIGHT="27" WC="0.93" CONTENT="de,"/><SP WIDTH="17" VPOS="1483" HPOS="721"/>
							<String ID="string_407" HPOS="738" VPOS="1482" WIDTH="81" HEIGHT="22" WC="0.92" CONTENT="hvilka"/><SP WIDTH="15" VPOS="1482" HPOS="819"/>
							<String ID="string_408" HPOS="834" VPOS="1482" WIDTH="51" HEIGHT="21" WC="0.92" CONTENT="icke"/><SP WIDTH="15" VPOS="1482" HPOS="885"/>
							<String ID="string_409" HPOS="900" VPOS="1481" WIDTH="79" HEIGHT="22" WC="0.93" CONTENT="kunna"/><SP WIDTH="14" VPOS="1481" HPOS="979"/>
							<String ID="string_410" HPOS="993" VPOS="1480" WIDTH="49" HEIGHT="22" WC="0.92" CONTENT="räd-"/>
						</TextLine>
						<TextLine ID="line_47" HPOS="220" VPOS="1509" WIDTH="822" HEIGHT="31">
							<String ID="string_411" HPOS="220" VPOS="1509" WIDTH="40" HEIGHT="22" WC="0.94" CONTENT="das"/><SP WIDTH="22" VPOS="1509" HPOS="260"/>
							<String ID="string_412" HPOS="282" VPOS="1511" WIDTH="49" HEIGHT="28" WC="0.93" CONTENT="och,"/><SP WIDTH="16" VPOS="1511" HPOS="331"/>
							<String ID="string_413" HPOS="347" VPOS="1511" WIDTH="73" HEIGHT="22" WC="0.91" CONTENT="säsom"/><SP WIDTH="21" VPOS="1511" HPOS="420"/>
							<String ID="string_414" HPOS="441" VPOS="1511" WIDTH="152" HEIGHT="22" WC="0.91" CONTENT="öfverläraren"/><SP WIDTH="16" VPOS="1511" HPOS="593"/>
							<String ID="string_415" HPOS="609" VPOS="1511" WIDTH="111" HEIGHT="22" WC="0.96" CONTENT="Kihlman"/><SP WIDTH="16" VPOS="1511" HPOS="720"/>
							<String ID="string_416" HPOS="736" VPOS="1512" WIDTH="71" HEIGHT="21" WC="0.93" CONTENT="redan"/><SP WIDTH="16" VPOS="1512" HPOS="807"/>
							<String ID="string_417" HPOS="823" VPOS="1511" WIDTH="123" HEIGHT="29" WC="0.92" CONTENT="päpekade,"/><SP WIDTH="18" VPOS="1511" HPOS="946"/>
							<String ID="string_418" HPOS="964" VPOS="1514" WIDTH="24" HEIGHT="18" WC="0.97" CONTENT="är"/><SP WIDTH="16" VPOS="1514" HPOS="988"/>
							<String ID="string_419" HPOS="1004" VPOS="1510" WIDTH="38" HEIGHT="22" WC="0.96" CONTENT="det"/>
						</TextLine>
					</TextBlock>
				</ComposedBlock>
			</PrintSpace>
		</Page>
	</Layout>
</alto>
