1120 1736
339 80 76 29 Pappiss.
425 88 44 21 11-p.
484 88 76 17 Toukok.
572 88 48 18 1885.
813 88 47 19 1005

68 147 102 23 taidetta.
201 147 29 21 Ei
245 147 91 21 kukaan
351 147 82 21 meistä
448 147 40 21 ole
503 146 154 28 taideniekka,
673 147 21 22 ei
709 147 77 22 meillä
800 148 36 21 ole
852 150 48 22 sitä

68 177 84 29 kykyä,
168 178 48 20 että
230 176 117 22 voisimme
362 176 131 27 arvostella,
509 176 112 28 kumpiko
636 176 71 29 esitys
722 179 63 19 tässä
798 184 30 14 on
838 180 62 20 etui-

70 206 79 30 sampi.
178 206 102 22 Minusta
295 206 126 22 sentähden
436 206 56 21 olisi
508 205 113 29 säädyille
636 206 170 29 arvokkampaa
818 206 25 29 ja
855 208 44 22 tie-

69 237 58 29 tysti
150 236 78 22 asialle
244 235 164 23 suuremmaksi
423 235 192 29 menestykseksi,
628 236 37 28 jos
681 236 82 29 säädyt
777 236 123 29 yksinker-

70 266 89 24 taisesti
181 265 138 23 valitsisivat
341 265 200 28 valtuuskunnan,
562 265 56 29 jolle
641 268 113 20 annetaan
769 266 131 24 avonainen

70 297 65 22 valta
157 295 104 29 säätyjen
283 295 104 29 puolesta
402 295 83 22 toimia
500 297 66 19 tässä
581 295 89 28 asiassa,
686 298 47 19 että
749 295 79 22 Suomi
843 298 56 21 saisi

70 326 77 29 täysin
170 325 131 22 arvokkaan
323 325 187 28 muistopatsaan
528 325 66 21 niillä
608 325 101 27 rahoilla,
722 325 60 29 joita
797 325 102 24 Suomen

70 357 70 21 kansa
155 362 29 14 on
200 357 48 19 tätä
264 355 137 21 tarkoitusta
409 356 85 20 varten
501 354 125 22 uhrannut.
640 355 102 22 Minusta
750 355 21 22 ei
778 358 62 19 tämä
849 357 49 22 asia

69 385 77 22 suoriu
151 384 146 29 paremmalla
304 384 87 22 tavalla
397 384 59 22 kuin
465 384 59 28 sillä,
527 384 25 29 ja
561 384 100 22 ehdotan
669 385 126 22 sentähden
800 388 48 19 että
854 387 44 22 sel-

69 415 77 22 lainen
153 414 165 23 valtuuskunta
325 414 146 28 valittaisiin,
477 414 65 29 jossa
550 414 51 22 olisi
609 415 121 22 istumassa
737 415 65 22 kaksi
805 415 93 28 jäsentä

70 445 108 22 kustakin
194 445 106 28 säädystä
313 444 26 29 ja
353 446 96 27 tarpeen
468 444 103 21 mukaan
594 444 142 29 varajäseniä
744 444 25 29 ja
778 445 56 21 tällä
842 446 53 22 olisi

70 475 126 22 avonainen
218 475 63 21 valta
303 474 105 29 säätyjen
430 474 110 29 puolesta
561 474 112 22 ratkaista
687 476 60 20 tämä
766 474 54 22 asia.

141 504 125 22 Professori
289 504 103 21 Donner:
421 504 51 29 Jag
494 507 27 18 &r
540 511 52 14 ense
607 504 52 21 med
674 506 92 27 prosten
782 504 116 23 Stenbäck

72 534 80 28 deruti,
176 536 35 19 att
227 534 63 21 detta
305 533 49 22 icke
369 533 65 22 torde
451 541 59 14 vara
527 533 39 22 det
581 534 86 29 riktiga
682 534 77 22 stället
774 536 35 20 att
823 534 75 23 inläta

71 564 37 29 sig
122 565 30 27 pä
166 565 76 27 nägon
257 563 144 29 konstnärlig
416 563 76 21 kritik
508 563 27 21 af
548 563 102 21 hvarken
665 564 99 22 hufvud-
780 564 56 22 eller
846 565 51 22 bifi-

73 601 76 22 gurer;
164 594 71 28 nägot
250 593 96 21 resultat
361 593 27 21 af
401 600 29 14 en
446 593 75 21 sädan
531 593 143 29 granskning
684 594 64 21 torde
758 594 50 21 icke
818 594 80 22 kunna

73 624 94 28 framgä.
198 623 53 21 Men
267 623 38 21 det
320 626 25 18 är
359 623 51 21 icke
426 623 76 21 heller
517 623 66 28 fräga
596 630 37 14 om
643 625 36 20 att
689 623 84 29 afgöra,
784 624 114 22 huruvida

74 654 113 28 figurerne
204 653 104 29 ,Patria"
325 652 55 22 eller
397 653 81 26 ,Lux*
497 652 56 22 eller
570 653 101 28 ,Labor*
689 656 38 18 äro
741 653 84 28 riktigt
841 655 56 21 äter-

73 683 70 29 gifna,
159 682 42 23 och
216 690 37 14 om
269 682 33 27 de,
318 690 47 14 som
381 682 66 22 skola
463 682 76 22 finnas
555 684 74 20 såsom
643 682 110 29 bifigurer
763 683 37 21 till
810 686 86 27 statyn,

72 714 55 21 böra
141 720 55 14 vara
208 712 49 29 just
273 712 69 28 dessa,
357 715 57 19 utan
430 712 178 29 hufvudfrägan
624 716 25 18 är
659 712 49 28 den,
719 712 115 22 huruvida
844 722 52 14 man

73 750 65 14 anser
154 742 38 22 det
206 750 56 14 vara
278 742 102 28 önskligt
395 744 41 26 att,
453 742 30 22 dä
500 742 79 22 landet
594 750 107 21 uppreser
715 744 34 20 ett
765 746 132 20 monument

73 774 73 20 såsom
168 772 211 28 tacksamhetsgärd
402 773 24 20 ät
451 772 47 21 den
521 774 59 20 store
603 772 100 28 monark,
725 772 97 22 hvilken
845 781 52 15 man

74 802 130 29 derigenom
226 802 43 21 vill
292 801 132 29 förhärliga,
449 802 30 21 dä
504 802 55 21 söka
576 804 56 26 göra
647 802 62 22 detta
724 805 134 19 monument
873 804 24 20 sä

74 832 100 22 utmärkt
190 832 42 21 och
248 832 24 21 sä
287 832 8 21 i
310 831 45 22 alla
371 831 64 22 delar
451 831 137 28 tilltalande,
604 839 49 14 som
667 833 52 20 vårt
733 831 56 22 land
801 831 48 23 kan
860 833 37 22 det

74 862 161 21 åstadkomma.
266 862 47 20 När
328 861 24 22 vi
367 861 72 22 hafva
455 861 87 28 lyckan
558 864 34 19 att
604 864 44 26 äga
658 862 39 21 två
708 862 24 21 sä
743 861 154 23 framstående

74 892 138 25 konstnärer,
235 890 27 22 af
282 891 79 22 hvilka
384 892 43 21 den
444 898 44 14 ena
504 891 169 29 ovedersägligt
688 891 60 21 visat
764 891 36 28 sig
815 899 82 21 genom

75 921 36 22 sin
126 920 150 29 hufvudfigur
290 920 71 29 rycka
376 921 53 21 med
445 921 38 28 sig
498 923 34 19 ett
548 923 58 19 stort
617 921 63 21 antal
690 921 155 28 medborgare,
856 921 41 22 och

75 951 44 22 den
142 950 70 22 andra
235 957 82 22 genom
339 951 50 20 sina
412 950 115 29 bifigurer
547 951 69 21 väckt
632 951 93 21 allmänt
740 950 74 27 bifall,
830 959 67 21 synes

75 981 39 22 det
135 981 49 28 mig
207 987 48 14 som
277 987 37 14 om
337 980 38 21 det
399 988 56 14 vore
477 980 40 21 det
538 982 83 20 största
636 980 78 22 slöseri
729 980 8 21 i
753 979 96 24 verlden
864 983 34 20 att

75 1010 109 22 förklara:
207 1010 24 21 vi
254 1009 77 30 åtnöja
354 1017 37 14 oss
414 1010 83 22 endast
520 1010 52 21 med
587 1010 94 27 hälften,
697 1010 24 21 vi
736 1010 45 28 bry
796 1017 36 15 oss
848 1011 50 22 icke

75 1048 37 15 om
135 1040 44 21 den
202 1039 70 22 andra
288 1039 94 22 hälften.
414 1040 50 21 När
480 1047 29 14 en
524 1042 72 27 utväg
612 1039 103 30 erbjudes
731 1041 37 20 att
783 1039 55 23 söka
853 1041 45 22 för-

75 1070 70 22 binda
168 1069 64 22 dessa
255 1070 39 21 två
317 1070 8 21 i
348 1072 34 19 ett
405 1072 145 26 gemensamt
571 1070 82 27 arbete,
668 1069 54 22 eller
738 1071 35 20 att
787 1069 111 30 inspirera

75 1100 52 21 dem
141 1099 38 22 till
193 1107 47 21 nya
255 1099 77 22 försök
347 1099 36 22 för
399 1099 175 29 återgifvandet
589 1100 26 21 af
628 1099 39 22 det
682 1099 65 22 bästa
760 1102 138 25 monument,

75 1131 25 21 så
122 1137 68 21 synes
212 1129 48 29 mig
283 1137 47 14 som
353 1137 37 14 om
414 1129 41 22 det
478 1137 54 14 vore
554 1131 34 20 ett
604 1133 61 18 ännu
680 1132 65 19 värre
761 1129 85 29 slöseri,
861 1137 37 15 om

75 1166 53 15 man
151 1159 78 21 visade
254 1166 28 14 en
305 1159 69 21 sådan
397 1160 76 28 utväg
487 1159 62 21 ifrån
564 1159 41 29 sig.
635 1159 46 28 Jag
696 1158 47 22 kan
759 1158 75 23 dertör
848 1159 50 22 icke

77 1192 68 19 annat
166 1192 29 18 än
217 1189 63 21 hålla
302 1188 75 29 derpå,
401 1191 35 19 att
459 1188 25 21 vi
500 1189 64 21 skola
580 1188 54 22 söka
648 1188 106 29 begagna
770 1188 27 21 de
812 1188 87 23 krafter

77 1218 42 22 och
135 1217 43 22 den
194 1218 104 22 snillrika
313 1218 271 22 konstnärsverksamhet
600 1225 47 15 som
662 1219 51 21 vårt
728 1217 57 22 land
800 1218 98 22 besitter.

77 1247 69 22 Hvad
168 1248 123 21 utskottets
314 1247 153 29 formulering
489 1248 113 28 beträffar,
625 1248 46 21 kan
691 1247 42 29 jag
756 1247 50 22 icke
829 1247 70 22 heller

77 1278 62 21 finna
162 1279 70 20 annat
254 1281 29 18 än
302 1279 34 20 att
351 1277 45 22 den
412 1281 26 18 är
453 1277 71 28 oklar,
540 1277 43 22 och
598 1277 89 29 styrkes
703 1277 50 22 deri
768 1276 26 22 af
807 1277 92 29 slutytt-

76 1307 81 22 randet
172 1307 26 22 af
211 1307 52 22 herr
279 1307 124 29 Runeberg
418 1307 9 21 i
444 1307 172 29 delegationens
631 1307 126 27 berättelse,
772 1306 66 23 hvari
853 1307 47 22 han

77 1337 58 22 talar
151 1345 35 14 om
202 1339 35 20 att
254 1354 4 10 ,
259 1337 99 27 tillfälle
373 1337 42 22 bör
431 1337 89 22 lämnas
535 1338 23 21 åt
574 1338 24 21 så
613 1338 83 27 många
711 1343 49 14 som
775 1337 90 29 möjligt
876 1336 25 23 af

78 1368 50 21 vårt
149 1367 65 21 lands
237 1369 57 20 mest
316 1367 155 21 framstående
495 1367 152 28 bildhuggare
669 1369 34 19 att
724 1365 123 24 medverka
862 1367 37 21 till

76 1397 176 21 monumentet".
283 1397 41 21 Om
341 1397 88 21 således
443 1396 51 22 icke
505 1404 29 14 en
544 1396 134 29 förändring
688 1398 67 27 göres
765 1396 35 21 uti
810 1397 89 22 utskot-

77 1429 44 18 tets
145 1426 87 29 förslag
254 1427 38 20 till
314 1426 152 28 formulering
481 1426 43 21 och
539 1426 142 22 bestämdare
696 1427 94 27 utsäges
805 1429 34 19 att
854 1426 45 21 den

77 1462 47 22 nya
139 1455 71 22 täflan
225 1456 54 21 eller
294 1456 139 21 samarbetet
448 1455 61 22 blott
524 1455 74 22 skulle
612 1455 62 29 gälla
689 1455 67 21 dessa
766 1456 45 27 två,
821 1456 78 22 Rune-

77 1485 56 28 berg
156 1485 43 22 och
222 1486 114 27 Takanen,
360 1486 25 20 så
401 1489 26 17 är
443 1485 39 21 det
497 1485 114 29 naturligt
627 1487 34 20 att
675 1484 150 29 villrådighet
840 1484 60 23 skall

78 1516 84 26 uppstå
185 1522 36 14 om
244 1515 132 21 ständernas
391 1517 63 20 rätta
469 1515 99 30 mening.
599 1514 70 26 Hvad
684 1514 152 25 kostnaderna
850 1513 48 23 vid-
