1086 1756
321 66 75 23 Pappiss.
408 66 24 17 20
444 69 17 17 p.
474 65 63 17 Huhtik.
548 65 49 18 1885.
814 66 34 17 695

61 123 40 22 vid
123 123 144 22 hvilketdera
290 124 101 21 ständets
409 123 104 22 uttalade
536 123 142 28 önskningar
693 125 73 20 större
781 124 105 23 afseende

61 153 74 29 enligt
150 153 32 22 all
194 155 49 20 rätt
258 154 42 21 och
315 153 108 28 billighet
437 153 44 21 bör
495 153 80 22 fästas.

130 182 47 29 Jag
191 184 73 21 måste
278 186 61 19 ännu
354 183 83 21 medan
449 182 44 29 jag
508 183 41 21 har
565 183 65 21 ordet
645 190 116 21 opponera
776 184 48 29 mig
838 185 48 20 mot

63 213 44 21 den
128 212 120 29 vändning
273 212 81 29 frägan
372 213 66 21 hotar
455 214 35 20 att
505 215 62 26 taga,
582 212 204 29 hufvudsakligast
801 221 83 21 genom

62 244 34 19 ett
116 243 108 28 yttrande
247 242 27 22 af
293 242 115 29 professor
422 242 133 29 Runeberg,
571 249 48 14 som
635 242 81 28 tyckes
730 250 56 15 vara
802 243 26 22 af
841 243 44 21 den

63 272 60 29 äsigt
146 274 35 20 att
196 271 297 29 ständerhusdelegationen
508 272 43 21 har
566 272 68 21 bordt
649 272 113 22 öfverläta
776 273 43 22 och
834 273 50 21 fak-

62 302 58 21 tiskt
141 309 33 14 nu
196 302 74 22 skulle
291 301 71 22 hafva
378 299 201 24 öfverlätit*detta
594 301 88 28 ärende,
699 302 20 21 d.
735 309 20 14 v.
772 310 16 14 s.
804 302 81 29 frägan

62 331 9 21 i
93 331 52 22 hela
161 332 51 21 dess
226 331 63 28 vidd,
303 331 37 22 till
355 331 136 22 ständernas
506 333 126 27 yttermera
646 331 148 31 behandling.
824 333 62 21 Rent

63 361 125 22 historiska
210 362 65 21 fakta
289 361 78 22 bevisa
382 361 79 22 alltför
476 361 90 28 tydligt
581 363 36 20 att
632 362 25 20 sä
671 361 51 22 icke
738 365 24 18 är
777 363 43 22 och
834 362 51 23 icke

64 391 46 21 kan
124 399 57 14 vara
194 391 72 22 fallet.
297 391 127 22 Ständerna
442 391 72 22 hafva
530 391 83 28 själfve
628 391 83 21 erkänt
726 391 42 22 och
784 392 100 22 tiliräek-

63 421 44 28 ligt
123 421 59 22 visat
198 423 34 20 att
248 421 28 22 de
290 421 50 22 icke
355 421 79 22 kunna
449 421 81 29 bygga
545 423 34 19 ett
594 421 136 22 ständerhus
745 422 43 21 och
798 423 9 20 i
817 423 69 21 vaket

65 450 148 22 medvetande
235 451 78 21 härom
337 451 89 22 hbeslöto
449 451 29 21 de
502 451 40 21 vid
565 453 90 19 senaste
679 451 163 22 ständermöte:
861 452 24 20 vi

65 479 56 30 vilja
141 481 111 22 öfverläta
272 481 81 28 frågan
368 481 24 21 åt
408 488 28 13 en
452 480 138 29 delegation,
606 481 25 21 vi
647 484 38 18 äro
701 481 36 21 för
751 483 83 27 många
850 482 35 20 att

65 510 71 22 strida
151 517 37 15 om
203 511 46 21 alla
263 511 90 28 platser,
369 517 49 15 som
432 510 76 21 finnas
522 511 8 20 i
541 510 151 29 Helsingfors,
703 511 24 21 vi
738 511 64 22 skola
812 511 74 22 öfver-

64 539 47 22 låta
126 540 63 22 detta
204 541 24 21 åt
243 542 54 20 våra
312 539 190 26 förtroendemän,
518 540 66 21 dessa
598 541 38 20 mä
651 540 84 22 handla
749 541 53 22 med
812 544 73 25 öppen

65 569 108 22 fullmakt
192 570 43 21 och
250 573 56 26 göra
320 570 43 21 och
377 570 48 21 låta
440 570 9 21 i
465 571 43 20 vär
523 570 51 21 stad
589 570 43 21 och
648 570 75 28 ställe;
740 571 73 22 denna
828 571 58 21 dele-

65 599 80 28 gation
168 599 41 22 har
231 600 85 21 säledes
339 600 51 21 icke
413 599 62 22 varit
497 600 72 28 nägot
591 599 62 29 slags
669 602 54 25 nytt
738 600 146 22 ständerhus-

65 629 95 28 utskott,
184 629 43 22 den
250 629 41 22 har
306 629 61 22 varit
382 629 43 22 och
441 633 26 17 är
483 632 62 18 ännu
561 629 8 21 i
585 629 75 22 denna
675 629 69 22 stund
760 637 28 14 en
804 636 81 22 genom

65 658 74 29 bägge
162 659 185 22 statsmakternas
370 659 126 28 ätgörande
518 659 144 21 tillkommen
680 659 142 29 myndighet,
838 666 48 14 som

66 688 95 22 handlat
176 689 52 21 med
243 689 132 21 ständernas
390 689 58 21 fulla
467 688 143 29 befogenhet.
641 689 36 20 Dä
686 696 32 14 nu
728 689 158 28 delegationen

66 721 55 18 nära
138 725 46 22 nog
199 719 113 28 enhälligt
327 719 42 21 och
385 718 58 21 efter
459 725 85 22 mogen
559 718 110 29 pröfning
683 719 99 21 bestämt
798 719 35 28 sig
850 718 37 21 för

67 749 86 20 tomten
168 749 30 28 pä
214 748 245 29 Observatoriibergen,
477 749 25 20 sä
517 748 114 21 handlade
648 748 43 21 den
696 744 10 38 i
721 748 43 21 full
775 749 111 21 öfverens-

67 778 126 22 stämmelse
224 778 51 22 med
305 778 44 22 den
370 778 150 28 instruktion,
543 785 50 15 som
615 778 131 22 densamma
770 778 117 28 förelagts.

67 807 50 22 Den
139 807 59 22 hade
221 808 118 28 dessutom,
355 809 73 21 säsom
443 815 30 14 en
489 808 138 28 föregäende
641 808 73 22 talare
728 808 71 22 redan
814 810 74 26 yttrat

67 837 41 29 sig,
131 837 51 22 icke
204 839 72 27 något
298 838 37 21 val
351 838 35 21 för
401 838 36 21 sin
452 838 68 28 plats.
550 838 49 21 När
615 838 38 21 det
669 837 125 23 sedermera
809 837 78 22 visade

67 866 36 30 sig
125 869 34 19 att
174 867 220 29 kostnadsförslaget
409 869 51 27 steg
476 868 39 21 till
530 867 55 21 vida
600 867 71 29 högre
687 870 28 18 än
730 867 158 29 delegationen

67 896 58 22 hade
140 899 87 26 väntat,
243 901 29 17 än
287 897 87 21 mindre
390 897 89 27 önskat,
496 897 29 21 dä
540 904 42 14 var
597 897 40 21 det
649 897 62 21 klart
721 899 34 19 att
766 896 122 29 delegatio-

67 934 44 13 nen
134 926 74 22 skulle
230 927 78 21 härom
331 927 90 21 anmäla
444 926 44 22 hos
512 926 128 29 ständerna,
658 934 52 14 men
726 927 68 21 ocksä
809 926 80 22 endast

67 955 84 23 härom.
181 956 49 22 När
253 956 75 22 derför
347 959 93 26 prosten
456 956 117 22 Stenbäck
588 958 15 20 t.
620 964 33 14 ex.
669 956 85 29 yrkade
770 958 30 27 pä
815 958 34 20 att
864 955 25 22 vi

67 993 32 13 nu
121 986 71 21 mätte
215 986 74 22 uttala
308 994 47 14 som
371 988 33 20 ett
419 986 116 22 förbehäll
550 988 34 20 att
599 986 69 22 huset
682 986 50 21 icke
746 987 38 20 mä
799 986 90 21 komma

67 1016 30 27 pä
113 1022 75 15 annan
202 1016 61 28 plats
276 1019 29 18 än
321 1016 248 28 Observatoriibergen,
585 1022 65 15 anser
663 1015 41 29 jag
719 1015 69 27 detta,
804 1016 29 28 pä
842 1016 48 20 sätt

69 1045 45 21 han
136 1044 56 30 själf
213 1046 67 21 också
295 1053 94 14 numera
403 1045 133 29 medpifvit,
551 1053 55 14 vara
622 1045 100 29 onödigt,
738 1045 43 22 och
797 1047 34 20 att
846 1052 44 20 om,

68 1076 72 20 säsom
156 1075 44 21 den
215 1075 71 22 förste
301 1075 87 22 talaren
404 1075 42 21 här
461 1075 55 21 med
531 1077 58 19 stort
603 1075 145 21 erkännande
764 1075 26 21 af
799 1075 89 28 delega-

68 1104 89 22 tionens
180 1104 154 30 tillgöranden
356 1104 92 29 yrkade,
473 1104 174 22 Presteständet
669 1112 32 14 nu
715 1106 73 20 röstar
804 1104 35 22 för
854 1106 36 19 ut-

69 1134 233 28 skottsbetänkandet,
327 1136 24 20 sä
377 1138 25 18 är
424 1134 8 22 i
455 1134 46 22 och
522 1134 52 22 med
597 1134 124 22 detsamma
744 1134 42 22 allt
806 1134 33 21 tal
854 1140 37 15 om

69 1163 108 22 Servalen
200 1164 108 22 afskuret.
338 1164 46 28 Jag
406 1164 104 21 biträder
528 1164 35 21 för
579 1164 71 28 öfrigt
666 1164 27 21 de
709 1164 82 21 talares
806 1164 85 28 yrkan-

71 1193 49 28 den,
142 1201 48 14 som
210 1194 91 22 förorda
323 1196 34 19 att
379 1193 174 22 Presteständet
576 1194 74 21 skulle
665 1194 73 21 uttala
754 1194 36 28 sig
806 1192 86 22 derhän

69 1225 35 19 att
119 1223 81 29 frägan
216 1231 36 14 om
268 1224 80 28 anslag
363 1223 50 21 icke
428 1224 38 20 mä
482 1222 93 22 förfalla
590 1223 43 21 och
649 1225 34 19 att
698 1223 40 21 vid
753 1223 63 21 detta
831 1224 61 19 utta-

69 1252 68 22 lande
151 1253 51 21 icke
217 1253 69 21 fästes
301 1254 71 28 nägot
386 1252 76 22 vilkor
479 1253 9 21 i
504 1252 91 22 formelt
613 1252 111 28 afseende,
744 1252 94 22 emedan
854 1251 39 21 det

71 1286 24 17 är
111 1282 101 29 onödigt.

141 1312 126 22 Professori
281 1312 127 27 Runeberg:
438 1312 46 26 Jag
500 1312 99 28 begärde
610 1312 65 21 ordet
684 1311 146 22 uteslutande
840 1310 52 22 med

71 1342 123 28 anledning
210 1342 26 21 af
249 1342 152 21 öfverläraren
416 1341 126 21 Kihlmans
559 1343 88 19 senaste
662 1341 114 28 yttrande.
792 1340 46 29 Jag
853 1340 41 21 ber

70 1371 51 21 med
144 1372 124 28 anledning
291 1371 66 21 deraf
373 1371 24 21 fä
412 1371 100 21 hänvisa
527 1371 37 21 till
580 1370 39 22 det
635 1370 165 29 stenografiska
816 1371 75 27 proto-

70 1401 76 28 kollet,
169 1401 9 21 i
192 1401 90 21 hvilket
298 1402 46 20 står
360 1402 35 20 att
407 1400 42 28 jag
465 1400 53 22 icke
533 1400 9 21 i
557 1400 84 22 minsta
656 1401 53 21 män
723 1400 106 22 betviflat
844 1398 46 22 rik-

70 1431 105 28 tigheten
197 1431 28 28 af
243 1431 126 21 relationen
390 1429 144 22 beträffande
550 1430 106 21 samtalet
671 1430 83 21 mellan
769 1430 40 21 hrr
824 1428 68 21 Kihl-

71 1467 53 14 man
146 1460 43 21 och
211 1460 49 28 Ärt.
291 1459 69 23 Hvad
373 1459 42 28 jag
430 1459 126 22 betviflade
571 1467 41 14 var
628 1459 44 22 den
687 1459 125 22 afgörande
827 1458 65 28 bety-

71 1489 78 22 delsen
164 1489 26 22 af
202 1489 28 22 hr
245 1489 56 22 Arts
317 1489 46 27 ord,
378 1489 44 21 och
438 1489 40 21 det
494 1492 43 25 gör
546 1489 40 28 jag
596 1463 148 59 fortfarande.
768 1489 36 21 Hr
820 1488 72 27 Lyras

788 1523 35 18 45*
