1111 1728
249 85 36 17 702
489 86 74 22 Pappiss.
575 87 22 18 23
610 91 15 18 p.
638 87 64 18 Huhtik.
713 86 49 18 1885.

214 144 83 30 bidrag
312 144 106 29 stigande
434 144 60 23 ända
508 145 38 22 till
562 146 58 28 779/,
637 145 26 22 af
677 145 64 22 deras
758 151 59 23 egna
828 144 128 23 kostnader.
985 145 54 22 Men

218 182 48 15 som
281 174 172 23 statsutskottet
468 175 133 28 framhållit,
617 175 42 22 har
675 175 64 22 detta
754 174 81 22 endast
860 173 97 24 kommit
966 174 74 30 ifråga

218 205 9 21 i
243 203 28 23 de
294 204 84 22 minsta
393 204 168 27 kommunerna,
577 205 40 22 der
632 204 74 22 likväl
721 205 39 21 det
775 204 73 22 totala
863 204 87 29 bidrag,
965 207 75 19 staten

217 234 78 29 gifvit,
317 233 51 22 icke
390 235 90 28 uppgår
499 233 38 22 till
552 235 71 28 högre
638 237 30 19 än
683 234 99 29 ungefär
798 235 65 25 1,000
877 234 74 27 mark;
967 235 74 20 denna

217 264 61 29 höga
301 265 141 28 procentsats
465 263 96 30 betyder
583 263 87 22 således
686 264 129 29 ingenting,
831 263 28 22 de
874 264 49 21 små
937 264 104 21 kummu-

218 301 72 15 nerna
306 297 38 18 äro
359 293 9 22 i
383 293 63 22 detta
460 293 128 22 hänseende
604 296 35 19 att
654 293 114 22 likställas
784 293 52 22 med
849 293 54 22 flere
912 293 128 22 landskom-

217 330 87 15 muner.
334 323 53 21 Men
408 323 38 22 det
468 331 54 14 vore
546 323 26 22 af
584 324 52 28 vigt
651 325 35 20 att
702 323 106 22 städerna
824 323 9 21 i
848 323 124 22 allmänhet
987 329 53 15 vore

218 352 128 22 förvissade
362 359 36 15 om
413 354 35 20 att
463 354 51 20 från
530 355 75 19 staten
621 353 78 21 kunna
713 355 85 19 emotse
808 355 34 19 ett
852 352 83 30 bidrag
945 352 36 22 till
991 352 49 22 sina

218 381 138 23 folkskolors
381 382 120 22 underhåll
526 382 26 22 af
573 390 28 14 en
621 383 48 21 viss
684 385 101 26 procent,
801 382 95 22 emedan
912 382 27 22 de
955 382 85 22 derige-

218 418 54 15 nom
294 412 54 28 såge
372 412 36 28 sig
424 412 8 21 i
448 412 67 22 stånd
540 414 35 20 att
598 415 29 18 än
643 412 79 22 vidare
737 412 98 29 utvidga
851 412 49 22 sina
916 412 125 22 folkskolor

219 440 93 23 särskilt
333 441 52 22 med
410 441 106 22 afseende
539 442 13 21 &
571 442 196 28 undervisningen
783 442 9 21 i
808 441 64 29 slöjd,
888 448 48 15 som
951 441 90 22 alltmer

218 470 76 30 börjar
310 471 71 21 vinna
395 471 75 29 insteg
486 471 42 22 och
544 472 70 28 högre
629 472 119 28 betydelse
763 472 9 21 i
788 471 120 22 desamma.
939 471 41 22 Om
996 473 46 20 stä-

219 501 71 21 derna
304 501 30 28 på
349 500 99 22 förhand
469 508 54 15 vore
539 501 127 22 förvissade
682 508 37 15 om
735 504 33 19 ett
784 501 77 29 dylikt
875 501 166 29 proportionelt

219 530 107 28 tillskott,
352 530 73 22 skulle
451 530 27 22 de
504 531 48 22 deri
577 538 24 15 se
622 538 29 15 en
668 534 158 26 uppmuntran
842 533 34 20 att
892 530 83 30 sjalfva
989 530 52 23 med

219 560 72 29 högre
315 560 82 29 belopp
417 560 96 29 bidraga
538 561 37 21 till
597 561 50 22 sina
663 561 138 22 folkskolors
816 561 126 22 underhåll.
973 560 69 23 Hvad

236 591 155 21 rocentsatsen
417 591 64 28 30%,
504 591 114 27 beträffar,
641 591 70 28 hyser
728 591 42 28 jag
786 590 59 22 dock
860 591 76 28 någon
951 591 90 22 tvekan.

246 627 30 14 an
298 619 52 28 kan,
373 619 52 22 med
448 620 105 22 afseende
573 621 13 21 å
609 621 45 21 den
677 620 71 22 frihet
764 627 49 15 som
828 620 106 22 städerna
949 628 43 21 ega
1007 622 34 20 att

219 649 100 30 gestalta
334 649 41 21 sitt
390 649 210 23 folkskoleväsende
616 650 43 22 och
674 650 101 21 beräkna
786 650 73 29 äfven
876 650 27 21 de
918 650 63 29 lägre
991 650 50 21 sko-

221 679 65 22 lorna
309 679 35 21 uti
362 679 130 21 totaliteten
508 679 26 22 af
547 680 40 21 sitt
603 679 218 28 folkskoleväsende,
837 679 86 22 kanske
938 687 53 14 anse
1007 682 34 18 att

222 707 74 23 denna
319 711 142 26 procentsats
484 716 52 15 vore
560 709 35 22 för
616 709 51 29 hög,
692 709 29 22 då
736 709 85 21 hittills
838 708 38 22 det
891 708 87 30 bidrag,
993 716 48 14 som

220 738 134 22 tillkommit
377 738 105 22 skolorna
524 740 12 20 på
552 738 83 28 landet,
661 740 99 28 uppgått
786 738 38 22 till
849 738 98 29 ungefär
962 739 28 21 33
1007 740 34 27 9/4.

220 768 47 28 Jag
285 770 47 19 tror
351 767 89 23 derföre
455 770 35 20 att
505 746 38 44 det
558 771 26 19 är
598 770 83 20 rättast
697 770 34 20 att
746 768 142 22 öfverlemna
904 769 23 21 åt
942 768 100 29 regerin-

220 805 51 21 gen,
288 798 72 20 såsom
383 798 70 22 äfven
468 798 182 22 statsutskottets
665 798 146 22 betänkande
826 800 48 27 gör,
890 800 34 20 att
940 801 102 19 närmare

220 827 88 29 pröfva,
332 826 95 22 hvilken
449 830 140 26 procentsats
612 835 54 15 vore
690 828 45 22 den
749 828 152 29 lämpligaste,
917 835 52 14 men
984 828 58 21 att
1031 822 15 40 i

220 856 126 22 allmänhet
362 856 110 23 fasthålla
486 865 28 13 en
530 857 76 22 sådan.
637 858 36 28 Ty
689 865 37 14 om
741 857 107 22 städerna
863 857 51 21 icke
924 857 70 22 hafva
1004 858 38 21 nå-

219 893 46 22 gon
281 886 103 22 bestämd
400 886 154 30 förhoppning
569 889 36 19 att
619 887 25 21 få
659 887 101 22 tillskott
776 887 27 21 af
816 887 138 28 statsmedel,
970 887 6 21 i
986 886 56 22 hän-

220 916 62 21 delse
306 915 27 22 de
356 916 73 22 önska
451 916 96 29 utvidga
570 917 41 21 sitt
631 916 220 28 folkskoleväsende,
868 917 24 21 så
907 917 46 21 kan
969 916 72 22 denna

220 945 170 29 omständighet
406 946 86 22 afhålla
505 948 49 20 dem
564 946 52 22 från
626 949 35 19 att
671 947 9 21 i
689 948 77 27 någon
777 946 107 28 betydlig
894 946 57 29 grad
959 946 82 29 själfva

219 974 76 22 lemna
310 975 83 29 bidrag
408 976 36 21 för
460 976 118 22 desamma.

290 1004 155 23 Keskustelun
456 1006 104 29 loputtua
567 1006 163 29 hyväksyttiin
738 1005 156 23 valiokunnan
902 1005 139 22 esillä-oleva

220 1034 97 22 ehdotus
332 1035 162 21 ratkaisevalla
510 1036 170 21 enemmistöllä.

290 1064 128 22 Mietinnön
435 1066 12 20 7
463 1065 81 21 sivulla
560 1065 81 22 olevan
656 1072 91 22 ponnen
760 1064 116 30 johdosta,
888 1064 56 29 joka
959 1064 82 22 koskee

220 1093 147 21 seuraavaksi
389 1094 91 22 kolmen
502 1094 90 22 vuoden
608 1095 73 29 ajaksi
696 1094 150 30 kaupunkien
861 1094 181 28 kansakoulujen

220 1122 167 30 ylläpitämistä
410 1126 81 19 varten
513 1127 155 19 määrättävää
685 1124 165 26 rahasummaa,
865 1124 116 22 lausuivat
996 1123 46 29 aja-

220 1152 109 22 tuksensa
344 1156 120 19 seuraavat
478 1154 103 28 puhujat:

293 1182 124 22 Professori
433 1182 100 23 Donner:
561 1184 47 28 Jag
633 1184 118 22 betraktar
772 1184 10 21 i
798 1182 86 30 själfva
901 1183 79 21 verket
995 1190 48 14 som

221 1217 29 15 en
265 1210 143 30 konsegvens
425 1212 26 22 af
464 1213 38 21 det
518 1213 135 29 föregående
664 1213 104 27 beslutet,
779 1212 91 22 hvilket
881 1212 66 29 ingår
957 1212 9 22 i
976 1214 67 20 stats-

220 1240 126 23 utskottets
364 1242 144 22 betänkande
523 1244 30 28 pä
568 1242 65 22 sidan
649 1244 20 26 6,
685 1244 34 20 att
734 1244 72 28 nägot
822 1241 89 29 förhöja
927 1242 63 21 detta
1005 1249 39 15 an-

221 1270 52 29 slag
295 1270 37 22 för
354 1271 117 22 städernas
494 1272 217 22 folkskoleväsende.
746 1272 12 22 I
774 1271 104 29 enlighet
894 1271 51 22 med
960 1271 84 29 nådiga

221 1300 172 28 propositionen
408 1300 43 22 har
466 1302 111 22 utskottet
592 1302 120 29 föreslagit
733 1302 96 26 500,400
844 1301 70 27 mark,
930 1308 52 14 men
997 1302 47 20 ien

221 1329 157 22 betänkandet
393 1330 112 30 vidfogad
520 1332 147 28 reservation,
682 1331 174 22 undertecknad
871 1330 27 22 af
912 1332 11 20 7
932 1332 112 27 personer,

220 1358 96 22 föresläs
339 1367 29 13 en
390 1360 57 22 liten
469 1361 138 28 förhöjning.
637 1361 46 22 Det
701 1368 68 21 synes
786 1360 70 22 ocksä
871 1367 54 15 vara
941 1360 50 22 skäl
1005 1362 40 25 att,

220 1395 38 14 om
274 1395 54 15 man
343 1389 40 21 hos
399 1391 136 28 regeringen
550 1390 103 22 förordar
668 1390 166 22 fasthällandet
850 1390 26 21 af
890 1397 28 14 en
933 1390 47 21 viss
995 1397 50 21 pro-

222 1419 53 20 cent
302 1419 73 21 säsom
397 1419 124 22 understöd
544 1421 23 20 ät
589 1420 118 21 städernas
723 1419 218 28 folkskoleväsende,
957 1427 28 13 en
1001 1422 44 19 tör-

222 1447 99 29 höjning
344 1448 59 22 skall
426 1449 74 22 blifva
519 1449 137 29 nödvändig.
693 1449 51 22 Den
768 1451 151 27 procentsats,
937 1449 108 21 hvarmed

222 1479 77 19 staten
321 1484 32 15 nu
376 1477 108 30 bidrager
499 1479 36 22 till
550 1480 115 21 städernas
681 1479 219 27 folkskoleväsende,
916 1481 25 19 är
955 1478 92 29 mycket

223 1507 119 21 vexlande.
372 1507 13 21 I
401 1508 153 22 betänkandet
577 1509 132 21 framhällas
728 1509 60 21 blott
804 1508 44 22 och
863 1508 52 22 bart
931 1508 27 21 de
972 1508 74 29 lägsta
