1111 1756
252 90 47 18 1278
483 92 75 22 Pappiss.
570 91 23 17 22
606 96 16 17 p.
634 92 72 18 Toukok.
718 91 48 18 1885.

215 150 35 21 för
266 149 166 23 folkskolornas
446 150 9 21 i
470 149 79 23 landet
563 149 122 23 underhåll
719 166 4 5 .
754 166 4 4 .
790 167 4 4 .
815 150 43 26 ac
874 150 121 28 1,356,600:
1011 162 27 3 —

215 180 37 21 för
266 179 76 23 finska
356 179 116 23 militären
502 196 4 4 .
539 196 4 4 .
575 196 4 4 .
611 196 4 4 .
647 196 4 5 .
683 196 4 4 .
719 196 4 4 «
830 196 9 10 n
872 180 121 28 8,729,848:
1011 192 26 3 —

215 209 37 22 för
266 209 140 29 landtdagen
422 210 25 21 år
463 210 57 22 1888
543 226 1 4 .
576 227 4 4 .
611 225 5 5 .
648 225 5 5 .
684 226 4 4 .
720 226 4 4 .
756 226 4 4 .
791 226 5 5 .
829 226 10 12 n
866 204 17 38 =
892 209 101 28 305,000:
1009 221 27 4 —

215 239 37 21 för
264 239 246 34 jernvägsbyggnader
529 246 29 14 m.
581 238 22 22 fl.
622 238 99 30 utgifter
744 239 52 21 från

265 268 295 22 kommunikationsfonden
579 285 2 5 .
626 285 27 5 ...
685 285 4 4 .
721 285 4 4 .
830 286 10 11 n
873 269 120 27 1,814140:
1010 280 26 4 —

216 298 36 22 för
268 298 159 22 ständerhuset
468 314 5 5 .
504 315 5 5 .
540 314 5 6 .
577 315 4 4 «=
613 314 5 5 =
649 315 5 5 ss
685 314 5 6 ss
723 315 3 4 ss
758 315 4 3 >
832 315 10 9 n
895 298 99 28 300,000:
1011 310 27 3 —

799 334 45 27 fn
859 334 135 27 12,505,588:
1011 346 27 4 —

288 374 124 23 Eventuelt
435 375 45 22 blir
502 375 39 22 det
563 375 36 22 för
620 375 248 29 jernvägsbyggnader
890 375 148 29 erforderliga

216 405 108 29 beloppet
334 406 116 27 4,658,140
459 405 66 22 mark
535 404 43 23 och
588 405 152 22 slutsumman
750 406 75 21 såsom
832 404 70 23 ofvan
910 405 129 28 15,349,588

216 435 71 22 mark.

288 464 51 22 Den
354 465 14 21 å
381 471 53 22 pag.
448 465 29 22 20
487 464 129 22 beräknade
627 464 163 30 behållningen
800 466 36 20 uti
846 464 109 22 Finlands
967 464 72 22 banks

217 502 33 14 nu
272 494 129 28 disponibla
423 494 135 22 vinstmedel
581 494 90 22 komme
687 494 75 22 derför
778 496 35 20 att
828 494 40 22 vid
882 495 118 28 utgången
1015 493 26 22 af

216 523 206 23 nästinstundande
432 523 154 30 finansperiod
595 526 84 27 utgöra
691 525 113 27 1,861,771
816 524 66 22 mark
892 525 28 21 68
927 532 21 21 p.
963 523 13 21 I
983 523 55 22 hän-

218 554 61 21 delse
295 553 147 22 förenämnda
458 553 167 29 öfverföringar
634 554 38 21 till
683 553 295 23 kommunikationsfonden
987 552 50 23 icke

218 590 42 22 ega
276 590 56 21 rum,
348 584 95 28 uppstår
458 590 28 14 en
502 583 107 23 eventuel
623 584 60 22 brist
699 583 26 23 af
738 584 95 28 982,228
848 583 65 22 mark
924 584 28 21 32
962 583 75 29 penni.

288 624 55 22 Ifall
366 624 25 22 af
412 624 71 22 behof
504 624 36 22 får
562 625 242 29 kapitalöfverskottet
828 625 41 22 vid
884 624 154 23 konverterin-

218 662 46 22 gen
287 654 26 22 af
334 655 57 21 1862
414 655 36 21 års
472 654 44 28 lån,
540 654 75 22 derest
629 655 137 29 regeringen
781 655 74 21 finner
870 654 50 22 skäl
935 654 104 29 företaga

217 684 100 22 nämnda
339 684 163 29 konvertering
524 684 72 22 under
619 685 54 21 åren
697 685 154 28 1886—1888,
872 684 115 22 användas
1002 683 36 22 för

218 713 147 23 bestridande
387 714 26 21 af
434 714 28 22 de
485 714 52 22 utaf
557 714 124 22 ständerna
703 714 123 29 godkända
844 713 127 30 utgifterna
986 713 52 22 från

218 743 312 22 kommunikationsfonden.*

290 772 156 30 Kirjoitukset
468 774 61 21 eivät
544 775 108 21 antaneet
667 774 88 22 aihetta
770 774 134 22 mihinkään
919 773 120 29 toimenpi-

219 802 75 23 teihin
310 802 85 29 säädyn
413 803 106 29 puolelta.

292 880 85 22 Tämän
396 880 93 29 jälkeen
511 880 93 28 yleisön,
620 880 144 22 kehotuksen
786 882 115 26 saatuaan,
921 880 119 28 lähdettyä

218 910 50 29 pois
291 910 87 28 säädyn
401 910 211 22 istuntohuoneesta
634 910 50 22 luki
707 910 67 22 herra
789 910 122 22 Puhemies
923 909 61 29 julki
999 916 39 15 sen

218 940 96 29 puheen,
328 939 57 29 jolla
399 940 47 21 hän
461 947 139 15 seuraavana
614 940 101 29 päivänä
725 940 31 22 oli
766 939 165 30 valtiopäivien
941 939 97 29 lopetta-

216 969 92 29 Jaisissa
330 969 152 22 valtiosalissa
504 970 97 22 esittävä
621 970 221 22 kunnian-arvoisan
865 968 173 30 Pappissäädyn

218 999 120 21 alamaiset
360 999 178 22 kunnioituksen
558 1000 26 28 ja
603 999 173 22 uskollisuuden
791 1001 89 20 tunteet
896 998 82 22 Hänen
993 998 46 22 Ma-

215 1028 167 29 jesteetillensa
397 1028 121 22 Keisarille
532 1028 25 30 ja
573 1029 214 28 Suuriruhtinaalle,
801 1029 26 29 ja
842 1029 32 21 oli
888 1031 62 19 tämä
964 1028 75 21 hänen

218 1058 210 28 ylhäisyydellensä
438 1058 269 23 kenraalikuvernöörille
717 1060 99 21 asetettu
824 1058 66 30 puhe,
896 1058 71 28 jonka
975 1059 66 27 sääty

217 1088 171 28 yksimielisesti
403 1088 120 29 hyväksyi,
538 1088 55 22 näin
609 1088 110 22 kuuluva:

515 1158 10 10 y
527 1141 72 22 Eders
614 1141 130 22 Excellens!

292 1188 75 22 Större
393 1188 66 22 delen
482 1189 26 21 af
528 1188 39 22 det
581 1189 112 22 Finlands
709 1189 97 22 Ständer
821 1188 118 29 förelagda
953 1188 88 21 arbetet

217 1217 43 22 och
276 1217 44 22 den
335 1217 40 28 tid,
392 1225 49 14 som
455 1217 35 22 för
505 1218 63 22 detta
583 1219 78 21 arbete
676 1218 79 22 blifvit
769 1218 111 27 bestämd,
895 1221 25 18 är
934 1225 38 20 nu,
987 1217 52 22 med

217 1247 65 22 Guds
298 1247 68 29 hjelp,
383 1247 105 22 afslutad.
518 1247 46 22 Det
579 1248 81 22 höfves
677 1248 20 29 ej
715 1249 120 21 arbetarne
850 1249 35 20 att
895 1247 83 29 sjelfva
987 1254 51 15 rosa

216 1276 42 22 sitt
282 1277 85 27 arbete;
386 1277 128 22 allraminst
529 1280 25 19 är
569 1277 64 22 detta
648 1279 30 28 pä
693 1278 36 21 sin
744 1278 68 29 plats,
828 1277 39 22 der
882 1277 65 22 detta
961 1277 78 22 arbete

215 1309 26 18 är
266 1306 167 23 öfverlemnadt
458 1308 23 20 åt
503 1307 94 22 samtids
621 1307 44 22 och
683 1307 135 22 efterverlds
834 1307 58 22 dom.
922 1306 76 29 Lofiig
1013 1309 25 19 är

215 1335 128 22 emellertid
368 1336 45 22 den
436 1336 92 29 önskan,
544 1349 27 4 —
588 1337 43 22 och
650 1337 44 22 den
709 1337 58 22 läter
782 1337 69 22 ocksä
866 1336 50 22 icke
931 1335 107 23 tillbaka-

214 1367 86 28 tränga
322 1366 41 28 sig,
378 1379 30 3 —
424 1368 35 19 att
481 1366 39 21 det
542 1367 83 27 arbete,
649 1373 48 15 som
712 1367 81 22 blifvit
807 1366 79 30 gjordt
900 1366 9 21 i
924 1365 115 22 fädernes-

214 1394 92 22 landets
320 1395 79 28 tjenst,
422 1395 50 22 icke
486 1397 71 20 måtte
572 1396 104 22 befinnas
691 1396 109 29 ovärdigt
816 1396 50 21 dess
881 1395 157 22 ädeltsinnade

214 1424 110 22 Monarks
347 1425 133 28 beaktande,
495 1425 43 22 och
553 1427 40 26 att,
609 1425 40 22 der
665 1433 28 14 en
708 1426 92 29 lösning
816 1425 26 22 af
854 1424 119 29 förelagda
987 1425 50 29 väg-

213 1453 52 30 tiga
280 1453 186 30 samhällsfrägor
481 1455 78 21 blifvit
571 1455 41 22 vid
620 1455 65 22 detta
692 1455 154 22 ständermöte
854 1461 98 20 vunnen,
963 1455 75 22 denna

214 1483 71 22 äfven
307 1484 38 21 mä
367 1483 79 23 kunna
467 1485 100 26 päräkna
589 1485 65 22 Hans
672 1485 132 28 Hejserliga
820 1485 119 28 Majestäts
953 1484 85 30 nädiga

214 1513 67 22 bifall
297 1513 42 22 och
354 1513 150 23 stadfästelse.
