1092 1723
238 90 47 18 1066
476 92 74 22 Panpiss.
563 93 18 17 12
594 98 16 16 p.
622 94 72 16 Toukok.
706 94 50 17 1885.

201 153 58 19 utan
282 151 27 21 de
332 153 82 27 utgöra
429 153 34 20 ett
478 151 49 22 helt
542 151 36 22 för
594 152 42 28 sig,
652 152 28 21 de
696 151 181 30 sammanhänga
892 152 52 22 med
957 151 70 30 judar

202 181 9 22 i
226 181 71 22 andra
312 181 84 28 länder,
412 181 27 21 de
455 183 83 26 utgöra
553 182 129 28 nägonting
697 181 180 28 internationelt,
894 183 25 20 sä
935 184 38 25 att,
990 189 37 14 om

203 218 53 15 man
271 214 37 18 rör
323 211 40 21 vid
373 218 28 14 en
410 211 55 28 jude
475 211 9 21 i
495 213 33 19 ett
538 211 61 27 land,
612 211 76 29 ,dann
698 211 86 22 schreit
794 219 23 14 es
828 212 24 21 in
864 211 60 22 allen
934 211 92 22 Ecken*

201 240 82 29 jorden
305 240 77 22 rundt.
411 240 55 22 Man
487 240 46 22 kan
551 240 87 23 säledes
653 241 51 22 icke
720 249 39 14 ens
775 241 88 29 hoppas
879 243 35 20 att
929 249 28 14 en
973 241 57 21 assi-

202 270 105 22 milation
329 270 60 21 skall
410 270 78 21 kunna
508 270 92 21 komma
622 271 38 21 till
678 271 69 22 ständ
762 271 96 22 emellan
871 271 98 28 judarne
985 270 42 21 och

203 300 44 21 den
269 299 75 22 finska
366 300 113 21 nationen.
510 300 77 21 Juden
610 300 74 22 skulle
707 301 51 21 icke
781 308 55 14 vara
851 301 61 28 jude,
929 307 35 15 om
980 299 47 22 han

202 329 78 22 kunde
295 329 184 22 sammansmälta
493 329 52 22 med
556 330 71 21 andra
637 330 111 22 nationer.
779 330 55 21 Han
844 331 77 28 mäste,
933 330 93 28 sälänge

203 359 46 22 han
269 358 120 23 förblifver
408 359 61 29 jude,
492 359 107 22 betrakta
619 359 80 29 hvarje
718 367 76 14 annan
809 361 81 20 nation
905 361 73 20 säsom
994 361 35 20 ett

202 388 74 22 medel]
299 388 36 22 för
350 389 35 22 sin
400 397 58 21 egen
472 389 90 22 nations
578 389 112 22 ändamäl.
721 389 105 22 Judarna
842 390 125 29 exploitera
983 389 45 22 den

203 419 85 28 nation,
305 426 47 14 som
367 421 113 26 upptager
496 419 50 21 dem
562 419 8 21 i
586 419 41 22 sitt
642 419 70 28 sköte,
730 421 24 20 sä
768 419 68 29 länge
846 419 41 22 der
898 419 130 29 nägonting

203 452 26 18 är
252 450 35 20 att
309 449 76 28 vinna,
403 456 52 14 men
471 449 28 21 de
513 449 120 22 bortkasta
648 449 66 28 bytet
730 451 57 20 utan
802 456 58 22 sorg,
877 449 29 22 dä
922 449 38 21 det
975 449 53 22 icke

203 485 62 14 mera
283 479 46 21 kan
344 478 63 29 tjena
422 478 35 22 för
473 478 64 22 deras
553 479 111 21 ändamål.
696 479 35 22 De
747 479 108 28 intränga
871 478 75 22 derför
962 479 64 21 öfver

203 508 47 28 allt,
275 508 42 21 och
335 509 24 20 sä
374 508 70 21 hafva
460 508 27 21 de
503 508 69 22 äfven
586 509 106 28 inträngt
707 509 9 21 i
731 509 107 21 Finland.
868 509 34 21 De
919 508 109 29 intränga

203 537 64 22 öfver
291 538 46 27 allt,
361 538 39 21 der
422 538 128 28 någonting
574 539 47 20 står
636 540 35 20 att
688 539 76 21 vinna.
796 539 34 21 De
846 539 91 21 komma
952 539 74 20 såsom

203 571 102 18 svärmar
325 567 26 22 af
371 567 108 29 roffoglar
496 568 112 21 kastande
624 568 36 29 sig
676 568 65 22 öfver
757 568 41 21 sitt
813 569 61 28 byte,
890 568 43 22 och
948 567 78 22 fordra

203 598 74 21 såsom
301 605 28 14 en
351 599 46 20 rätt
413 599 34 20 att
473 597 62 22 detta
559 597 59 22 skall
641 605 54 14 vara
718 598 52 21 dem
794 598 91 22 tillåtet.
916 598 53 21 Men
984 601 44 17 när

203 627 82 22 hösten
307 627 101 27 kommit,
430 630 41 18 när
487 627 96 22 skörden
603 627 119 28 inhöstats,
746 627 29 22 dä
798 628 71 28 draga
890 627 28 22 de
935 627 34 22 sin
985 627 42 21 kos

203 657 43 21 och
269 657 56 21 söka
347 657 36 28 sig
406 664 28 14 en
452 664 33 21 ny
499 657 190 29 marknadsplats,
705 657 36 22 för
757 659 35 20 att
808 657 8 21 i
832 657 39 22 det
886 665 47 20 nya
948 657 79 21 landet

202 686 63 22 lefva
280 686 43 22 och
339 687 98 28 förtjena
453 687 72 21 såsom
540 687 8 21 i
565 687 38 21 det
619 687 67 22 förra.
718 687 30 22 Sä
764 687 42 22 har
822 687 38 22 det
870 687 85 21 hittills
965 687 61 28 gått;

203 716 77 21 derom
295 716 78 21 vitnar
388 716 113 22 historien.

275 746 54 22 Man
352 749 65 26 säger
437 748 35 20 att
487 746 63 22 detta
565 746 51 22 folk
631 747 79 22 blifvit
726 746 111 29 förföljdt.
868 746 30 22 Ja
914 746 43 26 väl,
973 753 52 14 men

201 776 108 21 hvarföre
325 776 41 21 har
382 776 39 21 det
436 776 78 22 blifvit
529 776 119 29 förföljdt?
674 777 66 21 Hvar
750 776 76 29 ligger
837 776 108 22 orsaken?
970 776 55 21 Icke

202 808 26 18 är
241 805 28 29 ju
285 806 57 21 dock
357 806 181 28 menskligheten
554 806 160 22 århundraden
730 807 93 28 igenom
838 806 77 27 sådan,
931 807 35 19 att
981 805 45 21 den

202 835 73 22 skulle
299 838 56 19 utan
378 836 72 27 orsak,
466 837 55 20 utan
537 836 55 27 skäl,
608 839 57 26 göra
680 844 29 14 en
726 836 37 21 del
780 836 25 21 af
819 836 35 29 sig
870 835 58 29 sjelf,
945 842 27 14 en
988 835 38 21 hel

201 865 81 22 nation
297 865 37 21 till
349 865 94 22 föremål
459 866 36 21 för
511 865 93 29 ständig
614 865 132 29 förföljelse.
773 866 102 21 Orsaken
885 865 76 29 ligger
972 865 53 26 deri,

203 897 40 26 att,
259 895 40 21 der
312 895 72 28 juden
399 895 45 22 fått
459 895 113 28 intränga,
587 895 119 29 begynner
720 896 47 21 han
778 903 28 14 en
816 895 150 27 verksamhet,
978 901 47 15 som

201 926 103 19 utarmar
319 924 158 29 omgifningen
492 925 9 21 i
516 925 41 22 allt
573 925 72 28 högre
660 925 43 22 och
714 925 72 28 högre
796 925 60 27 grad.
883 925 54 21 Han
951 924 76 29 börjar

202 954 52 21 med
269 955 206 28 utlåningsrörelse,
491 957 41 26 gör
544 962 133 21 grannarna
687 955 145 28 småningom
842 955 38 21 till
890 955 50 21 sina
950 954 77 29 gälde-

200 987 68 18 närer
283 984 43 21 och
341 984 69 21 sedan
420 985 117 28 begynner
547 985 259 28 utsugningssystemet.
827 985 70 21 Detta
907 983 118 29 fördrages

201 1021 30 14 en
244 1013 57 29 lång
316 1014 39 28 tid,
371 1021 52 14 men
439 1014 108 29 slutligen
563 1016 65 27 tager
639 1015 126 21 tålamodet
776 1021 28 14 en
815 1014 65 21 ända.
896 1014 46 21 Det
952 1013 72 21 finnes

201 1050 29 14 en
245 1043 166 28 antisemitism,
427 1051 48 14 som
490 1047 25 18 är
529 1043 225 28 konsiderationslös,
771 1044 39 21 det
827 1047 24 18 är
862 1043 89 28 folkets,
963 1043 62 21 arbe-

200 1074 83 20 tarens.
314 1073 49 22 När
383 1073 118 22 arbetaren
516 1073 109 29 slutligen
642 1073 82 29 dignar
739 1073 73 22 under
826 1073 84 29 judens
926 1073 101 27 slafveri,

201 1106 42 17 när
265 1103 72 28 juden
360 1103 59 28 tagit
441 1103 60 21 ifrån
523 1103 83 21 honom
629 1103 57 22 hans
702 1103 58 22 sista
776 1103 112 28 egendom
904 1103 42 21 och
962 1102 65 21 detta

201 1132 86 21 medels
310 1134 34 19 ett
366 1133 75 28 listigt
464 1132 134 28 förfarande,
623 1133 28 21 då
674 1133 73 22 finnes
764 1133 38 21 det
818 1133 55 28 inga
888 1132 74 21 medel
977 1139 48 14 som

200 1161 63 22 hålla
278 1161 84 22 honom
377 1162 102 27 tillbaka,
495 1162 28 22 då
538 1162 78 29 hjelpa
631 1163 55 28 inga
702 1163 71 28 lagar,
788 1162 29 22 då
828 1162 88 29 hjelper
927 1161 39 22 det
976 1161 50 22 icke

201 1193 35 19 att
259 1191 48 22 tala
329 1199 37 14 om
381 1191 133 22 humanitet.
545 1191 129 22 Strömmen
690 1192 80 29 bryter
786 1192 92 28 igenom
894 1191 133 22 dammarna

201 1221 43 21 och
259 1221 141 28 förföljelsen
415 1223 42 27 går
471 1221 50 22 löst.
551 1221 51 22 Den
618 1229 48 14 som
681 1222 43 21 vill
740 1223 36 20 att
788 1221 98 29 judarne
900 1221 51 21 icke
963 1220 63 22 skola

199 1250 112 29 förföljas,
334 1251 41 22 bör
398 1251 76 21 derför
496 1251 66 21 ställa
586 1252 24 20 så
632 1251 38 21 till
693 1253 36 20 att
742 1251 99 28 judarne
857 1251 51 21 icke
923 1250 103 22 blifvit
1014 1246 15 38 i

199 1280 93 21 tillfälle
316 1283 35 19 att
369 1281 80 21 utöfva
465 1281 40 21 sitt
519 1281 234 28 utsugningssystem.
784 1281 46 28 Jag
847 1284 25 17 är
887 1279 138 29 öfvertygad

200 1309 83 28 derom,
300 1313 34 18 att
350 1310 39 22 det
403 1310 74 21 finska
493 1310 72 21 folket
580 1310 51 21 icke
646 1313 26 18 är
687 1311 77 21 bättre
780 1313 30 19 än
825 1310 73 21 andra
908 1309 55 27 folk,
973 1310 53 21 vårt

200 1338 51 22 folk
266 1339 59 22 skall
340 1340 74 21 blifva
429 1339 151 30 exploiteradt
596 1340 26 21 af
632 1339 98 29 judarne
747 1341 74 20 såsom
838 1340 71 21 andra
924 1339 49 21 folk
984 1339 43 21 och

199 1368 39 22 det
253 1369 88 22 kanske
356 1369 62 22 inom
433 1370 89 21 kortare
537 1369 41 28 tid,
593 1377 52 14 men
660 1373 43 18 när
718 1371 84 20 måttet
818 1373 24 18 är
858 1369 61 27 fullt,
931 1368 45 22 blir
987 1368 39 21 det

197 1398 182 30 judeförföljelse
403 1399 68 22 äfven
494 1399 40 22 hos
558 1406 42 15 oss.
631 1399 47 29 Jag
700 1399 44 22 vill
763 1399 51 22 icke
829 1399 81 22 härtill
925 1398 103 28 bidraga,

198 1428 44 22 och
259 1428 76 22 derför
350 1429 82 21 önskar
445 1429 42 29 jag
503 1431 32 19 att
552 1429 31 21 all
598 1429 107 29 beröring
720 1429 87 21 mellan
818 1429 39 21 det
867 1428 74 22 finska
952 1428 73 21 folket

198 1458 44 21 och
266 1458 38 22 det
324 1458 95 28 judiska
441 1460 36 20 må
499 1458 111 29 upphöra,
634 1458 42 22 och
700 1459 66 21 detta
789 1462 25 18 är
834 1466 32 14 nu
882 1458 92 28 möjligt
989 1459 35 19 att

199 1487 163 29 åstadkomma,
386 1488 29 22 då
437 1488 24 22 vi
483 1488 91 22 befinna
598 1495 35 14 oss
652 1488 8 21 i
677 1488 44 22 den
737 1488 104 29 lyckliga
857 1488 117 28 ställning,
991 1489 34 20 att

196 1516 99 30 judarne
311 1518 15 21 f.
343 1525 20 14 n.
380 1518 51 21 icke
453 1518 70 22 hafva
540 1518 75 28 laglig
630 1520 47 19 rätt
693 1520 35 20 att
744 1518 42 21 hos
802 1525 36 15 oss
853 1517 64 22 lefva
932 1517 42 21 och
990 1517 36 22 bo.
