1111 1756
266 84 46 18 1218
492 85 75 21 Pappiss.
580 85 24 17 20
616 88 16 18 p.
645 85 72 17 Toukok.
729 84 48 18 1885.

228 144 47 28 kin,
302 144 58 22 enkä
383 144 39 21 siis
447 143 71 23 tahdo
543 146 57 19 enää
622 143 94 22 vaivata
739 145 80 26 säätyä
841 143 59 21 niitä
916 143 140 23 kertomalla.

229 174 64 22 Minä
315 174 94 29 pyydän
427 181 58 15 vaan
500 173 119 28 ilmoittaa,
635 175 49 19 että
698 173 72 21 tähän
785 172 204 23 lakiehdotukseen
1004 173 53 22 olisi

228 206 108 32 pantava
351 203 70 22 kohta
444 203 87 22 alkuun
553 206 51 18 eräs
628 210 60 20 sana,
709 202 57 29 joka
786 203 123 21 selvittäisi
924 211 39 14 sen
978 204 77 21 vähän

229 234 131 28 paremmin,
383 240 28 14 en
432 233 63 21 tiedä
510 232 59 22 onko
586 240 24 14 se
626 232 173 29 epähuomiosta
812 232 84 29 jäänyt
910 233 51 34 pois
976 232 79 22 armol-

228 263 79 21 lisesta
330 263 141 28 esityksestä,
493 262 118 22 nimittäin
634 264 49 20 että
705 270 24 14 se
751 262 85 22 koskee
858 263 109 28 upseeria,
989 262 66 28 jotka

228 294 136 20 rintamassa
378 292 129 29 palvelevat
522 306 29 2 —
568 292 217 29 yfrontofficerare%.
817 292 28 22 Se
861 299 30 15 on
905 292 150 34 tarpeellinen

228 322 69 22 lisätä
312 322 75 27 tähän,
403 322 62 22 ett'ei
479 324 63 20 tämä
556 309 49 34 tule
620 322 139 21 koskemaan
774 322 74 21 muita
861 319 123 41 upseereja,
995 321 59 22 niin-

229 352 57 21 kuin
314 352 153 28 adjutantteja
491 352 26 28 ja
539 352 74 21 muita
636 352 133 26 semmoisia,
793 351 63 23 ett'ei
878 352 59 21 niitä
959 351 95 23 tarvitse

229 388 76 22 panna
320 382 49 28 pois
385 382 51 21 eikä
451 381 153 22 eläkerahalla
619 380 91 22 elättää.
740 381 65 22 Minä
814 382 120 28 pyytäisin
943 381 112 22 kunnian-

230 411 103 22 arvoisaa
348 413 84 26 säätyä,
448 413 48 20 että
511 411 71 22 tähän
598 411 136 21 asetukseen
748 411 147 28 lykättäisiin
910 412 75 21 sisään
1000 411 55 21 ihan

230 441 87 22 alkuun
341 442 11 21 1
377 443 71 25 Sään:
467 441 60 29 ,Vid
541 440 93 22 fronten
650 441 105 21 anstälda
770 440 129 22 officerare"
917 441 29 21 eli
963 441 92 28 ,Rinta-

230 478 75 15 massa
319 471 129 28 palvelevat
463 470 113 30 upseerit
591 470 27 29 ja
632 472 50 19 taas
698 472 61 19 tässä
775 470 178 22 kuulutuksessa
967 471 88 21 lausut-

230 501 78 21 taisiin
338 500 184 28 ,Frontofficer*,
550 502 48 19 että
621 500 65 21 tulisi
709 500 95 22 selvästi
826 500 149 29 rajoitetuksi,
998 500 58 21 mitä

230 530 104 29 upseeria
356 530 56 21 tällä
434 530 173 21 tarkoitetaaan.
638 529 84 23 Yhden
742 529 126 29 selityksen
883 530 62 21 minä
959 530 96 29 pyydän

231 561 60 20 vielä
313 560 73 27 lisätä,
409 560 117 21 nimittäin
549 561 48 20 että
620 567 24 14 se
667 560 70 21 muka
752 561 96 27 näyttää
863 560 54 21 siltä
931 560 57 21 kuin
1003 559 52 22 olisi

231 589 64 22 suuri
310 589 173 28 ristiriitaisuus,
499 590 48 21 kun
563 591 117 26 sanotaan,
696 591 48 20 että
759 589 71 22 sodan
846 589 94 22 tullessa
955 589 64 21 näitä
1029 589 26 28 jo

231 619 87 22 virasta
333 619 123 29 erotettuja
471 619 103 29 upseeria
589 619 162 22 kutsuttaisiin
767 619 105 22 takaisin.
903 619 30 22 Ei
943 619 112 21 suinkaan

231 657 23 13 se
270 649 35 22 ole
320 649 126 22 sentähden
461 649 56 22 kuin
533 649 113 21 edellinen
661 649 88 28 puhuja
765 649 77 28 arveli,
858 651 48 19 että
920 657 29 13 ne
963 648 93 22 olisivat

231 679 69 21 ikään
320 679 57 21 kuin
399 679 161 22 hillitsemässä
582 685 88 15 nuoren
686 681 109 19 sotaväen
810 679 70 21 liikaa
896 679 68 27 intoa,
980 680 75 19 mutta

231 716 24 14 se
278 716 30 14 on
331 708 126 22 sentähden
479 711 48 19 että
548 708 65 21 niille
637 710 114 20 annetaan
774 708 99 21 sellaisia
893 708 89 29 virkoja
997 707 58 22 kuin

231 739 57 26 sopii
310 738 151 28 vanhuksille,
484 739 58 20 niitä
564 745 30 14 on
612 740 78 19 monta
706 738 102 21 sellaista
823 738 99 29 paikkaa
935 737 25 29 ja
975 737 81 22 virkaa

231 768 90 27 kotona,
336 768 107 21 niinkuin
458 767 210 22 intendentuurissa
681 767 26 29 ja
717 768 174 21 kaikenlaisissa
901 768 85 21 muissa
996 769 59 20 sota-

230 797 165 28 komennoissa,
415 797 60 29 joita
495 797 128 22 semmoiset
646 797 88 22 vanhat
756 797 101 29 upseerit
876 797 77 22 voivat
969 797 87 26 hoitaa;

232 827 134 28 nuorempia
374 835 39 14 saa
421 827 53 22 sitte
481 827 116 22 liikkeelle
603 829 87 19 sotaan.
700 827 136 22 Vanhuksia
841 827 125 28 käytetään
971 827 85 22 kotona

230 864 61 15 vaan
311 857 21 21 ei
347 857 139 28 rintamassa,
502 857 112 28 jolleivät
632 857 36 21 ole
684 857 131 21 kohonneet
830 857 50 21 niin
902 857 88 21 suuriin
1005 857 46 22 vir-

230 887 86 26 koihin,
335 889 47 19 että
397 889 80 20 saavat
492 887 94 28 käyttää
601 886 102 22 hevosta.

303 916 95 21 Tohtori
422 916 85 29 Lagus:
533 916 46 29 Jag
604 916 41 21 bör
670 917 53 20 med
747 916 127 29 anledning
900 916 26 22 af
948 916 108 22 herrarne

232 946 98 21 Geitlins
354 945 41 22 och
417 947 134 27 Runebergs
567 945 153 29 anmärkning
734 948 49 19 mot
798 946 48 28 mig
862 949 88 25 nämna,
966 948 35 19 att
1013 946 42 29 jag

231 975 93 22 alldeles
340 976 50 21 icke
405 976 103 21 lemnade
523 976 70 28 nägot
608 975 88 29 förslag
711 975 37 21 till
764 976 156 28 formulering,
935 977 56 20 utan
1001 976 55 21 ville

230 1005 50 21 helt
303 1005 77 21 enkelt
403 1005 73 22 uttala
497 1005 49 29 mig
568 1004 90 28 derhän,
678 1007 35 19 att
731 1012 28 14 en
775 1005 103 28 antydan
894 1005 69 21 borde
978 1005 55 28 ingä
1048 1005 9 21 i

230 1035 118 28 ingressen
371 1035 8 20 i
403 1034 38 22 det
464 1035 67 28 syfte,
551 1042 45 14 som
621 1034 25 22 vi
666 1034 46 22 alla
726 1036 36 20 tre
777 1035 83 27 tyckas
875 1042 55 14 vara
945 1042 53 14 ense
1014 1042 42 14 om.

230 1064 51 29 Mig
296 1064 45 22 kan
357 1064 38 22 det
409 1072 56 14 vara
480 1064 92 22 alldeles
587 1064 117 28 likgiltigt
719 1064 60 22 huru
795 1064 71 22 saken
876 1064 101 22 kommer
991 1064 64 28 fram,

230 1094 61 21 blott
314 1094 44 21 den
379 1094 120 28 verkligen
521 1094 101 21 kommer
645 1093 67 28 fram;
732 1101 52 14 men
800 1094 39 21 det
854 1102 69 20 synes
938 1094 49 28 mig
1001 1101 55 14 vara

230 1123 94 22 alldeles
342 1124 149 28 nödvändigt.
521 1124 46 28 Jag
583 1123 42 22 vill
640 1127 84 18 nämna
739 1131 37 14 om
792 1126 35 19 att
842 1124 8 21 i
866 1123 95 29 Sverige
977 1123 36 21 för
1028 1131 28 13 en

230 1153 46 29 hop
300 1153 52 21 med
374 1154 25 20 år
414 1153 69 21 sedan
499 1160 29 14 en
543 1155 47 19 stor
604 1153 87 21 mängd
706 1153 249 29 postmästaretjenster
969 1153 87 21 sköttes

230 1182 26 22 af
264 1183 162 28 pensionerade
436 1183 110 21 militärer
556 1182 43 22 och
610 1184 34 20 att
655 1161 39 43 det
702 1182 118 22 fordrades
828 1183 98 28 mycken
937 1185 118 26 ansträng-

229 1212 59 29 ning
310 1212 26 22 af
357 1212 48 22 före
428 1212 65 22 detta
514 1212 105 21 minister
637 1212 89 22 Forsell
741 1213 37 21 för
793 1214 35 19 att
842 1212 25 22 få
883 1212 63 22 detta
961 1212 95 22 allmänt

229 1242 163 29 öfverklagade
407 1242 142 22 förhållande
564 1242 103 21 ändradt.
698 1242 70 21 Klart
783 1245 26 18 är
819 1242 68 22 också
897 1244 40 25 att,
948 1249 37 15 om
995 1244 16 19 t.
1022 1250 34 14 ex.

229 1272 86 22 sådana
339 1272 96 28 tjenster
461 1279 48 14 som
524 1271 294 29 tullförvaltaretjensterne
833 1272 8 21 i
857 1272 84 28 landet,
957 1271 52 22 med
1024 1273 34 19 ett

230 1301 41 21 ord
286 1302 46 20 alla
348 1302 85 21 sådana
447 1302 162 28 befattningar,
623 1300 37 22 till
670 1301 81 22 hvilka
761 1301 112 22 militärer
883 1302 78 21 kunna
972 1304 85 19 använ-

230 1330 46 28 das,
300 1330 26 22 af
346 1331 52 21 dem
412 1332 90 21 komme
517 1332 36 20 att
568 1331 83 27 skötas,
668 1332 25 20 så
708 1330 77 22 blefve
801 1331 39 21 det
856 1331 105 29 omöjligt
977 1333 34 19 att
1026 1332 30 27 på

229 1360 29 21 de
272 1360 65 29 lägre
352 1360 113 28 graderna
479 1361 77 21 kunna
571 1362 73 20 vänta
658 1360 37 29 sig
710 1368 48 14 mer
773 1360 93 22 bildade
882 1361 43 21 och
935 1360 122 22 studerade

229 1392 59 25 män,
312 1390 30 21 då
361 1390 27 20 de
404 1390 67 21 alltid
485 1390 73 21 skulle
573 1390 64 21 finna
652 1390 37 21 sin
704 1390 61 22 bana
781 1390 84 29 stängd
880 1398 83 21 genom
979 1392 35 19 att
1029 1397 29 14 en

228 1419 88 21 militär
331 1419 74 21 skulle
420 1421 31 27 gå
466 1420 50 21 dem
531 1420 8 20 i
554 1419 88 29 förväg.

301 1449 127 21 Professori
450 1449 102 21 Donner:
577 1449 148 28 Föregående
747 1449 73 22 talare
843 1450 43 21 har
904 1449 70 22 redan
989 1449 68 21 fram-

228 1478 69 21 hållit
320 1478 27 21 de
371 1479 92 28 vigtiga
484 1479 50 21 skäl
549 1486 48 13 som
613 1478 48 21 tala
676 1478 36 21 för
728 1481 34 19 ett
777 1479 67 22 bifall
860 1479 38 21 till
914 1479 43 21 den
972 1478 87 29 nådiga

227 1508 172 29 propositionen
423 1509 8 20 i
447 1508 64 22 detta
531 1511 70 24 ämne;
615 1507 43 30 jag
673 1508 42 21 vill
732 1508 89 22 derföre
837 1509 50 21 icke
902 1515 103 22 upprepa
1021 1508 39 21 de-
