1111 1761
270 69 37 31 790
506 75 73 21 Pappiss.
592 75 11 17 2
615 80 16 17 p.
643 76 72 17 Toukok.
727 75 48 18 1885.

232 133 85 22 allmän
332 133 169 30 angelägenhet,
517 140 48 15 som
581 133 26 22 af
620 141 86 15 samma
715 134 67 22 stånd
792 133 94 22 särskilt
896 136 87 19 ansetts
994 141 54 15 vara

232 163 27 22 af
271 163 57 30 vigt.
358 163 45 30 Jag
418 171 66 14 anser
498 163 48 29 mig
561 163 51 22 icke
627 163 99 22 behöfva
740 164 80 29 längre
833 163 111 22 motivera
955 164 27 22 de
993 163 55 29 skäl,

233 201 48 14 som
304 201 66 14 mana
384 193 48 29 mig
447 195 35 20 att
496 193 8 21 i
520 193 75 22 denna
610 193 66 29 fråga
691 193 134 30 obetingadt
840 193 79 22 förena
933 194 48 29 mig
997 193 51 22 med

233 223 136 29 fältprosten
384 223 124 22 Petterson.

304 253 104 22 Provasti
430 252 142 23 Fredrikson:
602 253 47 21 För
671 253 48 22 min
741 253 37 22 del
801 253 40 22 ber
861 253 43 28 jag
925 253 8 22 i
957 254 45 21 allo
1023 253 24 22 få

232 283 137 21 understöda
390 283 112 28 professor
524 283 97 21 Donner.
653 283 46 29 Jag
721 285 47 20 tror
787 285 35 19 att
836 283 40 21 det
891 283 90 29 förslag,
998 290 48 14 som

232 312 113 29 professor
367 312 91 22 Donner
475 312 116 28 framlade,
607 312 74 22 skulle
696 320 54 14 vara
766 312 54 22 fullt
835 312 210 29 tillfyllesgörande,

233 342 155 22 hvarförutom
409 342 42 29 jag
473 343 71 21 måste
567 350 53 14 anse
636 342 39 22 det
690 350 55 14 vara
760 342 88 22 mindre
863 342 134 22 välbetänkt
1012 344 35 20 att

232 372 86 21 enskilt
340 372 134 28 petitionera
488 372 9 21 i
512 374 34 19 ett
561 372 88 28 ärende,
665 380 48 14 som
728 373 60 21 varit
804 372 50 22 före
868 372 63 22 inom
946 372 101 28 stånden,

233 409 52 14 men
300 401 50 22 icke
364 402 89 28 lyckats
467 402 71 21 vinna
554 402 107 21 ståndens
676 402 124 29 pluralitet.

304 431 140 29 Yliopettaja
458 431 113 22 Kihlman:
602 432 45 21 Det
657 435 25 18 är
693 432 57 21 visst
760 434 52 19 sant
822 434 35 19 att
867 432 102 21 enskilda
979 431 68 22 stånd

232 461 43 22 och
298 461 91 22 särskilt
405 461 168 22 Presteståndet
588 461 76 29 ingått
679 461 36 22 till
731 462 65 21 Hans
811 461 107 28 Majestät
933 461 52 21 med
1000 464 45 18 sär-

232 491 75 22 skilda
321 491 127 29 petitioner,
463 499 51 13 men
530 491 63 21 detta
609 491 41 22 har
666 491 8 21 i
690 491 124 22 allmänhet
829 491 65 26 skett,
906 491 71 21 innan
988 497 57 14 sam-

232 529 38 14 ma
292 521 65 28 fråga
379 521 78 21 blifvit
477 521 129 21 behandlad
621 521 8 21 i
645 521 28 21 de
689 521 75 29 öfriga
779 521 102 21 stånden.
911 520 48 28 Att,
976 519 69 22 sedan

232 559 28 13 en
283 550 66 29 fråga
371 550 77 22 blifvit
470 551 8 21 i
501 551 71 21 andra
595 551 66 21 stånd
684 551 123 27 förkastad,
830 553 34 19 ett
886 550 67 22 stånd
973 549 72 22 skulle

232 580 90 21 besluta
344 581 35 27 sig
400 579 35 22 för
450 588 28 14 en
492 580 89 22 enskild
600 581 96 28 petition
711 581 8 21 i
735 588 85 14 samma
835 580 71 29 fråga,
923 580 62 21 detta
1000 580 45 21 kan

230 610 42 28 jag
287 610 51 21 icke
353 610 120 28 tillstyrka,
489 610 42 22 och
542 610 72 22 skulle
625 610 46 29 jag
678 610 80 27 derför,
770 610 8 22 i
788 610 74 22 likhet
872 610 52 21 med
934 610 113 28 professor

232 640 92 21 Donner
339 640 42 21 och
396 642 92 26 prosten
502 640 145 28 Fredrikson,
663 640 70 22 önska
748 642 35 20 att
793 640 171 21 Presteståndet
975 639 72 21 skulle

232 670 48 21 låta
294 670 53 21 bero
362 670 39 21 vid
416 672 34 19 ett
465 670 81 21 sådant
560 670 118 21 uttalande
694 670 36 21 till
745 670 143 29 protokollet,
904 676 47 15 som
963 669 25 21 af
996 676 51 21 pro-

232 700 72 21 fessor
319 700 92 21 Donner
426 700 134 28 föreslagits.

304 729 125 22 Professori
453 729 126 22 Danielson:
614 730 94 28 Löytyy
731 729 63 29 kyllä
817 728 148 29 esimerkkejä
987 728 58 28 siitä,

232 761 48 19 että
300 759 57 29 joku
371 759 134 29 yksityinen
520 761 65 26 sääty
601 759 33 21 tai
649 760 66 21 kaksi
731 762 80 25 säätyä
826 766 30 14 on
870 758 83 28 tehnyt
969 758 76 28 erityi-

232 796 40 14 sen
288 789 208 29 pyyntöesityksen,
512 789 84 21 vaikka
610 791 66 19 muut
687 789 81 29 säädyt
779 792 55 18 ovat
844 788 80 22 tulleet
934 796 111 14 eroavaan

233 818 141 29 päätökseen,
397 821 74 19 mutta
492 818 77 22 luulen
592 821 47 19 että
659 819 46 28 yhä
721 822 118 18 enemmän
854 825 147 15 maassamme
1016 825 29 14 on

232 849 121 21 huomattu
368 848 108 22 tällainen
490 848 178 29 menettelytapa
683 848 163 22 vaaralliseksi.
878 848 28 21 Se
917 848 20 21 ei
949 848 34 21 ole
993 847 52 21 erit-

232 878 49 21 täin
303 878 141 21 vaarallinen
466 878 58 22 siinä
544 878 181 28 kysymyksessä,
743 878 57 29 joka
814 880 44 26 nyt
873 885 30 14 on
918 877 68 21 esillä.
1017 876 28 22 Se

232 910 88 19 saattaa
334 908 143 28 päinvastoin
492 907 75 28 näkyä
583 908 58 21 siinä
656 908 114 28 hyvinkin
785 907 176 26 luonnolliselta,
971 909 74 19 mutta

233 937 21 22 ei
269 937 91 22 mikään
374 937 73 27 takaa,
463 937 59 22 ett'ei
538 937 89 22 toisissa
643 937 86 22 kuinka
739 937 111 22 tärkeissä
858 937 26 28 ja
894 936 152 22 vaarallisissa

232 967 173 28 kysymyksissä
419 967 95 22 tahansa
524 975 75 14 samaa
609 967 81 22 keinoa
700 967 142 28 käytettäisi,
850 967 36 28 jos
897 967 150 28 Pappissääty

232 999 44 26 nyt
292 997 82 21 antaisi
389 997 73 22 siihen
476 997 125 22 esimerkin.
632 997 97 28 Pyydän
742 997 127 22 sentähden
879 996 79 22 kaikin
968 995 79 29 puolin

232 1027 69 21 saada
316 1027 73 28 yhtyä
403 1027 121 28 professori
539 1027 116 21 Donnerin
671 1027 161 21 ehdotukseen.

303 1056 155 22 Keskustelun
470 1057 170 28 julisteituansa
655 1057 150 28 loppuneeksi
818 1056 67 21 asetti
896 1055 65 22 herra
971 1055 74 21 Puhe-

232 1086 56 21 mies
304 1086 85 28 säädyn
404 1086 163 22 vastattavaksi
583 1093 125 15 seuraavan
723 1085 234 29 äänestysesityksen:

304 1115 46 22 Vill
372 1116 140 29 högvördiga
534 1116 89 21 ståndet
641 1118 35 19 att
691 1116 52 21 med
758 1115 108 22 afseende
881 1116 13 20 &
909 1115 136 28 fältprosten

232 1146 132 21 Pettersons
385 1146 9 21 i
414 1146 179 21 statsutskottets
614 1146 149 21 förevarande
786 1145 143 22 betänkande
952 1145 95 28 intagna

233 1175 225 28 petitionsmemorial
472 1182 27 14 en
514 1175 143 29 underdänig
671 1176 99 28 petition
786 1174 26 22 af
825 1174 91 22 ståndet
926 1174 40 21 bör
977 1173 68 29 afgif-

232 1212 41 14 vas
296 1204 42 22 och
360 1205 36 21 för
418 1205 80 21 sädant
516 1205 104 21 ändamäl
635 1205 78 21 remiss
729 1205 26 21 af
768 1204 95 22 ärendet
878 1204 40 21 ske
933 1203 37 21 till
985 1204 60 20 stän-

233 1235 49 21 dets
306 1234 103 22 enskilda
431 1235 186 27 besvärsutskott,
640 1234 55 22 eller
717 1234 67 22 icke?
814 1235 50 20 Den
880 1233 38 21 det
933 1232 46 28 vill,
995 1240 50 14 sva-

233 1272 37 14 rar
281 1272 38 20 ja;

304 1294 81 21 vinner
407 1294 41 28 nej,
470 1294 42 21 har
534 1294 89 21 ständet
641 1296 76 20 ansett
732 1296 36 19 att
783 1293 81 22 endast
879 1295 34 19 ett
927 1292 118 22 uttalande

233 1324 41 21 bör
289 1326 65 26 göras
370 1324 36 21 till
421 1324 136 28 protokollet
572 1324 8 21 i
595 1324 38 21 det
649 1324 66 28 syfte,
731 1331 49 14 som
796 1323 26 21 af
830 1322 114 29 professor
955 1322 91 21 Donner

234 1353 118 29 anpifvits.

303 1382 242 29 Äänestysesitykseen
570 1383 120 21 vastattiin
713 1384 15 20 5
746 1383 53 27 jaa-
820 1382 26 29 ja
868 1382 31 21 29
922 1380 124 26 eiäänellä;

232 1416 66 25 sääty
313 1412 31 22 oli
359 1413 44 27 siis,
418 1413 153 28 hylkäämällä
585 1413 153 28 sotaprovasti
748 1412 147 22 Pettersonin
905 1410 142 22 ehdotuksen

231 1442 211 27 anomusesityksen
468 1442 179 22 lähettämisestä
673 1443 88 28 säädyn
787 1441 143 29 yksityiseen
952 1440 93 21 valitus-

230 1471 171 28 valiokuntaan,
413 1473 116 26 päättänyt
545 1473 42 20 että
602 1472 145 21 esillä-olevan
764 1470 221 23 anomusehdotuksen
995 1469 51 22 sekä

231 1501 150 22 valiokunnan
403 1501 51 22 siitä
476 1503 103 20 antaman
603 1501 125 22 lausunnon
748 1501 102 27 johdosta
872 1507 28 14 on
917 1500 128 21 ainoastaan
