1111 1753
332 85 74 21 Pappiss.
418 85 20 17 19
451 88 14 17 p.
478 85 72 16 Toukok.
561 84 49 17 1885.
800 85 45 18 1201

60 143 103 29 köyhille
178 142 141 29 talonpojille
334 143 73 28 hyvin
422 143 64 21 suuri
502 142 106 22 vahinko.
639 143 76 22 Mutta
731 143 81 22 turhaa
822 147 60 19 tässä

61 181 30 14 on
113 172 83 22 asiasta
218 175 108 26 enempää
349 172 83 29 puhua,
448 179 23 14 se
488 180 78 14 menee
581 179 66 21 vaan,
662 172 108 22 niinkuin
785 180 29 15 on
829 177 52 25 pää-

61 205 66 26 tetty,
143 202 26 29 ja
184 201 114 23 taitaakin
313 202 45 22 olla
372 203 98 27 parasta,
485 204 48 19 että
549 201 156 23 valiokunnan
720 203 104 21 mietintö
840 210 42 22 py-

62 240 43 22 syy
120 232 136 30 paikallaan.

131 262 105 22 Provasti
251 260 113 28 Lindelöf:
379 261 75 22 Också
468 261 42 29 jag
526 261 79 28 skulle,
621 262 8 21 i
644 262 75 22 likhet
729 264 51 20 med
789 264 92 27 prosten

64 292 117 29 Sahlberg,
203 292 75 21 uttala
299 292 48 28 mig
362 291 35 22 för
414 291 180 22 bestämmandet
609 291 54 22 utaf
676 292 44 21 den
737 294 11 20 1
766 292 116 22 december
903 316 2 2 .

61 323 37 21 till
120 322 84 22 allmän
226 321 159 29 flyttningstid
407 320 37 22 för
466 321 157 29 tjenstefolket
647 322 8 20 i
676 322 83 22 landet.
798 322 82 22 Skälen

62 352 35 21 för
120 352 72 21 denna
215 351 109 29 tidpunkt
348 353 47 19 tror
415 350 43 29 jag
481 351 50 22 icke
547 351 64 22 skola
626 351 78 22 kunna
717 352 81 27 jäfvas.
828 352 53 22 Men

60 381 41 29 jag
121 381 41 21 vill
182 381 51 22 icke
254 381 69 21 heller
346 381 60 21 vålla
426 380 143 29 tidsutdrägt
585 388 81 21 genom
682 381 102 28 yrkande
799 383 29 28 på
843 382 38 22 be-

61 411 135 22 tänkandets
212 410 127 23 återremiss
354 410 8 22 i
377 410 151 22 förevarande
542 410 135 22 hänseende.

131 441 106 22 Provasti
252 440 118 23 Forsman:
399 440 65 21 Minä
480 448 28 14 en
524 442 39 20 ota
573 440 178 23 ratkaistakseni
759 441 44 22 sitä
811 441 69 28 kysy-

63 472 79 27 mystä,
165 471 59 22 onko
247 472 43 27 nyt
312 470 112 21 voimassa
448 470 66 22 oleva
536 470 148 29 palkollisten
699 471 143 22 muuttoaika
858 478 22 14 se

63 501 108 21 kaikkein
193 501 96 28 sopivin,
310 499 54 30 joka
386 500 38 21 voi
448 500 52 27 olla,
518 500 39 21 vai
572 500 82 22 olisiko
669 502 94 27 tarpeen
778 503 103 20 muuttaa

62 533 61 19 tämä
143 531 51 21 aika
214 530 113 29 johonkin
349 530 103 21 muuhun
473 530 92 21 vuoden
587 530 88 22 aikaan.
715 531 67 22 Tästä
798 531 83 22 asiasta

63 560 63 29 voipi
147 561 90 27 tietysti
260 560 44 21 olla
327 559 103 29 erityisiä
452 560 151 29 mielipiteitä,
627 560 26 29 ja
668 561 126 22 semmoisia
809 560 72 23 mieli-

63 590 82 30 piteitä
159 589 71 23 onkin
245 590 103 21 lausuttu
362 589 55 22 laki-
432 589 25 29 ja
473 590 258 29 talousvaliokunnassa,
740 591 70 22 kuten
817 590 65 29 kyllä

63 621 91 21 selvään
165 622 67 19 astuu
242 619 112 28 näkyviin
362 619 157 22 valiokunnan
526 620 153 28 mietinnöstä.
703 620 75 22 Mutta
786 620 95 22 minulla

63 650 30 21 oli
115 650 131 22 oikeastaan
261 649 103 22 aikomus
379 649 67 22 herra
461 650 104 28 provasti
581 649 137 30 Sahlbergin
733 650 89 29 puheen
830 649 50 30 joh-

63 680 64 21 dosta
144 680 85 27 lausua,
245 679 69 22 ett'en
329 679 66 22 katso
409 679 168 29 tarpeelliseksi
592 679 86 22 mitään
693 680 102 21 remissiä
802 682 78 19 tämän

63 709 155 29 kysymyksen
233 708 95 22 suhteen
343 711 43 26 nyt
401 712 56 18 enää
473 709 57 21 laki-
539 708 25 30 ja
575 709 243 28 talousvaliokuntaan,
829 708 51 23 sillä

63 739 75 22 onhan
153 739 74 28 täällä,
242 738 196 29 puhumattakaan
454 739 71 21 niistä
540 739 77 28 syistä,
630 738 67 29 jotka
706 739 102 29 provasti
818 739 62 29 Lyra

62 768 25 30 jo
102 768 57 22 esiin
181 769 38 28 toi,
236 769 109 21 olemassa
360 768 135 28 vastalause,
509 768 56 29 joka
581 776 28 14 on
625 768 87 30 liitetty
727 769 153 22 valiokunnan

63 798 139 28 mietintöön,
226 798 25 29 ja
273 798 112 22 kunnian-
396 798 90 22 arvoisa
509 800 67 26 sääty
600 800 88 20 saattaa
702 798 90 29 tietysti
806 798 74 29 yhtyä

60 828 54 29 joko
129 828 154 22 valiokunnan
298 828 126 22 mietinnön
439 828 171 29 loppuponteen
625 828 34 22 tai
675 828 73 22 siihen
754 829 125 29 loppupon-

62 860 57 26 teen,
132 858 55 29 joka
202 866 30 14 on
247 858 184 22 vastalauseessa.

131 888 142 29 Yliopettaja
288 888 116 21 Kihlman:
434 887 48 29 Jag
497 888 47 21 kan
559 888 50 21 icke
625 888 50 21 dela
691 888 44 22 den
750 888 65 29 äsigt,
831 895 47 15 som

63 918 25 21 af
101 925 28 14 en
147 917 135 30 föregående
301 917 55 22 ärad
371 918 71 21 talare
458 917 43 21 här
516 917 79 22 blifvit
610 918 94 28 uttalad,
721 920 34 20 att
765 918 114 28 nämligen

64 947 73 22 denna
152 948 64 28 fräga
232 948 73 21 skulle
321 948 25 21 sä
360 947 49 22 ofta
424 948 122 28 upptagits
561 947 36 21 till
607 947 141 29 behandling
758 947 40 22 vid
805 947 74 21 landt-

65 977 150 28 bruksmöten,
231 977 75 22 derför
325 979 34 19 att
375 977 43 21 den
434 984 56 14 vore
506 979 34 20 ett
555 977 107 29 lämpligt
677 977 94 22 föremäl
786 977 36 21 för
836 977 43 21 tal-

63 1007 110 29 öfningar.
208 1007 47 28 Jag
270 1007 46 21 kan
331 1007 50 21 icke
395 1007 74 21 tänka
484 1007 49 29 mig
548 1009 35 19 att
598 1007 74 22 denna
687 1007 65 29 fråga
767 1006 73 23 skulle
855 1008 24 20 sä

64 1036 146 29 oupphörligt
217 1036 199 29 framkommit,om
426 1036 52 21 icke
487 1036 104 29 verkliga
600 1036 146 29 olägenheter
753 1036 73 22 skulle
834 1036 45 22 till-

64 1066 98 29 skyndas
183 1066 135 29 jordbruket
333 1066 95 29 tillföljd
444 1066 27 21 af
484 1073 32 14 nu
532 1067 106 28 gällande
654 1066 141 29 stadganden
810 1067 69 28 angå-

64 1096 55 21 ende
144 1096 192 29 flyttningstiden.
366 1096 47 21 Vid
423 1096 77 21 denna
514 1096 112 29 landtdag
641 1096 69 22 hafva
725 1095 155 22 framlemnats

62 1125 50 22 icke
134 1126 88 21 mindre
244 1129 29 18 än
288 1127 14 21 5
318 1125 111 22 särskilda
451 1126 129 29 petitioner,
595 1125 182 30 undertecknade
793 1125 25 22 af
831 1133 50 21 per-

62 1163 65 14 soner
141 1155 60 22 ifrån
217 1156 61 21 olika
287 1156 133 27 landsorter,
429 1155 63 22 ifrån
500 1155 116 28 Savolaks,
627 1156 149 27 Österbotten,
782 1155 98 29 Viborgs

61 1185 44 28 län,
131 1185 42 22 och
188 1186 109 29 slutligen
312 1189 25 18 är
352 1193 29 14 en
395 1185 144 22 reservation
554 1185 169 22 undertecknad
737 1185 26 22 af
776 1193 28 14 en
818 1185 62 22 med-

61 1215 68 21 lem
118 1211 15 38 i
150 1215 170 22 Bondeståndet
342 1215 90 21 hemma
455 1215 53 21 från
528 1215 60 29 höga
609 1215 92 21 norden.
731 1215 52 21 Alla
799 1218 38 18 äro
853 1215 27 20 de

61 1252 52 15 ense
129 1244 53 29 deri,
197 1248 35 19 att
247 1245 44 21 den
306 1244 131 22 nuvarande
453 1244 190 30 flyttningstiden
657 1248 25 18 är
697 1244 36 22 för
745 1244 135 29 jordbruket

62 1274 113 30 olämplig,
201 1274 95 22 emedan
318 1274 215 30 jordbruksarbetet
557 1276 14 20 &
593 1274 67 22 fältet
682 1274 9 22 i
705 1274 54 22 flere
778 1273 62 22 delar
856 1273 26 22 af

62 1304 77 22 landet
154 1304 87 29 fortgår
256 1307 62 19 ännu
332 1304 9 22 i
356 1304 81 28 början
454 1304 26 22 af
493 1304 128 22 november.
651 1304 34 22 De
701 1303 119 23 framhålla
828 1303 52 22 med

63 1334 136 29 sanningens
214 1334 167 30 öfvertygande
396 1334 65 21 kraft
477 1336 40 24 att,
533 1334 29 22 då
577 1335 41 21 vår
633 1341 96 15 sommar
744 1337 25 18 är
784 1334 25 20 så
822 1333 57 27 kort,

62 1363 38 22 det
116 1367 25 18 är
157 1364 91 21 alldeles
264 1364 143 28 nödvändigt
422 1366 37 19 att
475 1364 177 28 jordbrukarene
668 1364 8 21 i
691 1364 51 21 vårt
757 1362 54 23 land
826 1366 54 26 taga

62 1401 54 14 vara
137 1394 30 28 på
187 1393 81 29 hvarje
284 1394 50 28 dag,
351 1401 48 14 som
414 1393 38 21 för
465 1393 136 28 jordbruket
616 1394 45 21 kan
677 1394 120 28 begagnas.
827 1392 53 22 Men

63 1422 61 22 detta
139 1427 26 17 är
180 1423 109 29 omöjligt,
305 1423 29 22 då
349 1423 191 29 flyttningstiden
555 1422 104 23 inträffar
674 1422 44 22 den
731 1423 10 21 1
753 1422 127 27 november,

62 1452 148 29 hvarigenom
226 1455 33 19 ett
275 1453 87 22 atbrott
376 1453 9 20 i
397 1452 145 29 jordarbetet
557 1452 104 22 inträffar
675 1452 72 22 under
761 1451 81 30 början
857 1451 26 22 af

61 1482 98 21 nämnda
178 1483 88 21 månad.
296 1483 30 22 Så
344 1483 69 28 eniga
426 1482 182 29 jordbrukarene
623 1482 81 28 tyckas
720 1489 54 14 vara
790 1481 35 22 uti
844 1483 35 20 att

63 1518 52 14 anse
131 1511 44 22 den
190 1513 130 21 nuvarande
336 1511 191 29 flyttningstiden
542 1511 114 29 olämplig,
671 1513 25 21 så
711 1511 61 22 visar
780 1512 36 27 sig
823 1510 58 22 dock
