1100 1756
341 76 75 22 Pappiss.
429 76 21 17 27
463 80 16 17 p.
493 76 63 20 Huhtik.
568 76 48 17 1885.
816 76 35 18 757

62 133 26 22 af
109 135 33 19 ett
164 134 93 28 mycket
279 134 52 21 litet
347 133 63 27 fåtal,
426 141 55 14 vore
498 134 38 20 det
552 134 144 28 nödvändigt
711 136 35 19 att
762 134 50 22 dess
827 136 61 20 med-

62 163 94 21 lemmar
178 162 58 22 hvar
254 164 42 20 och
312 171 28 13 en
355 163 71 21 hafva
442 163 28 21 de
486 163 142 21 omfattande
643 163 98 29 insigter
757 164 42 21 och
814 172 74 20 repre-

64 194 90 20 sentera
180 192 45 22 alla
250 192 28 22 de
303 192 62 22 olika
391 192 137 29 riktningar,
552 200 49 14 som
623 192 82 22 härvid
720 193 99 22 behöfva
835 201 53 14 vara

65 222 188 28 representerade,
269 229 37 15 om
321 222 81 22 verket
417 222 59 22 skall
492 223 79 21 kunna
586 222 148 22 funktionera
749 224 30 27 på
794 225 33 19 ett
842 223 46 21 till-

64 252 174 21 fredsställande
261 254 50 19 sätt.
342 252 54 21 Men
420 252 28 22 då
472 254 35 20 ett
525 252 161 28 kollegium
661 248 31 37 är
701 255 149 19 sammansatt
865 253 26 21 af

63 283 35 19 ett
119 284 71 19 större
214 282 62 21 antal
299 288 113 22 personer,
436 283 24 20 så
483 285 25 18 är
532 282 64 21 detta
618 282 8 21 i
642 282 88 21 mindre
746 282 57 28 grad
818 282 70 22 fallet.

63 311 36 21 Då
114 312 42 21 har
170 318 54 14 man
238 311 92 28 mycket
345 311 83 21 lättare
444 313 34 20 att
493 312 63 20 finna
566 311 110 29 lämpliga
686 319 112 21 personer,
809 312 79 21 hvilka

63 340 140 22 tillsamman
218 342 157 27 representera
391 341 27 21 de
434 341 128 29 olikartade
578 341 97 28 insigter
690 341 42 21 och
744 342 144 29 egenskaper,

64 378 48 14 som
127 370 99 22 behöfva
241 378 56 14 vara
311 371 191 27 representerade.
533 370 159 22 Öfverläraren
707 371 112 22 Kihlman
831 379 57 22 upp-

64 400 58 21 läste
144 401 72 27 några
238 400 67 21 rader
328 400 52 22 från
403 400 220 22 bankdirektionens
643 400 114 28 yttrande,
773 402 115 29 nämligen

67 430 63 21 dessa
146 430 49 21 ord:
214 432 47 27 jatt
276 429 82 22 utöfva
374 430 28 21 de
417 430 211 29 bankfullmäktige
643 430 136 29 uppdragna
789 431 100 21 funktio-

65 467 41 14 ner
128 460 8 20 i
160 460 51 20 hela
234 460 65 21 deras
323 460 57 20 vidd
402 460 138 21 förutsätter
559 468 29 13 en
603 460 87 21 inblick
704 460 52 22 icke
772 460 94 22 allenast
882 461 8 20 i

67 491 51 27 eget
140 489 72 28 lands,
231 491 57 19 utan
303 489 69 22 äfven
388 490 8 20 i
412 490 71 21 andra
499 490 91 21 länders
606 488 226 24 affärsförhällanden
847 490 43 28 och

66 519 232 29 penningeställning,
322 526 49 14 som
389 519 157 22 öfverhufvud
561 522 25 18 är
601 520 87 28 ganska
704 520 115 28 sällsynt.*
852 519 38 22 Öf-

65 548 130 22 verläraren
210 548 111 22 Kihlman
338 549 110 21 stannade
464 549 46 21 der.
536 549 191 29 Fortsättningen
742 550 74 28 lyder:
835 549 55 28 ,och

65 578 117 29 själffallet
200 580 90 20 svärare
306 580 35 20 att
356 578 63 22 finna
434 579 42 21 hos
492 581 34 19 ett
542 578 57 22 fätal
614 582 29 18 än
658 578 40 22 hos
714 581 35 19 ett
763 581 71 20 större
850 586 39 14 an-

65 608 34 22 tal
121 610 127 27 personer".
279 608 60 21 Hela
363 608 63 22 detta
450 608 218 22 bankdirektionens
690 609 108 27 yttrande
817 608 73 29 syftar

63 638 50 28 just
135 639 30 27 pä
188 637 220 29 bankfullmäktiges
424 638 110 22 funktion
550 646 48 14 som
613 638 125 28 kollegium
753 638 137 27 betraktadt,

66 668 43 21 och
132 668 143 21 direktionen
295 667 131 22 framhåller
442 668 109 21 särskildt
567 670 34 19 att
617 668 38 21 det
671 668 116 28 själffallet
802 671 25 18 är
842 669 48 20 svä-

66 705 50 14 rare
139 699 35 19 att
194 698 42 21 hos
252 699 33 19 ett
300 698 59 21 fätal
374 704 108 22 personer
498 698 63 21 finna
577 697 45 22 alla
638 698 64 20 dessa
717 698 127 21 olikartade
860 698 31 20 in-

66 727 76 29 sigter,
166 734 48 14 som
237 727 99 27 kräfvas,
359 727 114 27 förenade,
498 730 29 18 än
550 728 41 21 hos
614 729 34 19 ett
670 727 26 21 af
716 727 55 21 flere
785 734 106 22 personer

68 759 149 19 sammansatt
240 756 130 29 kollegium.
401 757 46 21 Det
470 760 26 18 är
516 757 28 29 ju
565 757 69 21 äfven
650 756 73 22 denna
739 757 88 28 princip
843 764 48 14 som

66 786 107 22 öfverallt
196 790 42 24 gör
260 786 36 29 sig
318 786 108 29 gällande
450 787 40 21 vid
513 786 119 22 bildandet
656 786 25 21 af
700 786 153 28 styrelseverk
868 786 26 21 af

68 819 71 18 större
162 816 147 28 omfattning.
340 816 161 22 Ofverläraren
524 816 112 22 Kihlman
651 816 41 21 har
708 816 126 21 framhällit
849 816 42 21 och

67 846 69 21 äfven
150 848 94 26 prosten
259 846 66 28 Hjelt
341 845 43 22 har
400 846 109 21 särskildt
524 846 127 22 framhållit
667 848 35 19 att
712 848 33 19 ett
756 845 136 29 kollegiums

68 876 111 21 anseende
203 875 42 21 och
260 876 142 28 betydenhet
418 876 50 21 icke
485 876 66 21 beror
567 876 29 28 pä
612 876 87 21 antalet
714 882 107 22 personer
836 877 56 19 utan

68 906 29 28 pä
119 905 127 29 insigterna
269 905 41 21 hos
335 905 28 21 de
386 913 114 21 personer,
519 913 49 14 som
583 907 162 20 sammansätta
761 905 130 21 detsamma.

68 935 45 21 Det
136 938 25 18 är
184 934 135 29 visserligen
338 935 38 21 till
391 942 28 14 en
435 935 48 21 viss
499 935 58 29 grad
572 938 57 25 sant,
644 942 52 15 men
711 934 74 22 likasä
801 936 51 20 sant
868 937 24 19 är

70 964 42 26 det,
137 966 35 20 att
194 972 54 14 man
263 964 50 22 icke
329 964 126 29 lämpligen
470 965 47 21 kan
532 965 64 21 bilda
612 966 32 20 ett
660 964 123 28 kollegium
798 965 51 20 med
865 971 28 13 en

68 1002 62 14 mera
153 994 142 22 omfattande
317 994 95 29 uppgift
436 994 26 22 af
483 996 34 20 ett
540 994 79 22 alltför
634 994 52 21 litet
702 994 63 22 antal
780 1000 113 22 personer,

66 1024 49 28 just
139 1024 89 21 derföre
252 1026 34 19 att
309 1032 54 14 man
386 1024 42 22 hos
452 1026 35 20 ett
502 1024 126 29 kollegium
643 1024 9 21 i
666 1024 36 21 sin
717 1023 78 22 helhet
810 1023 83 21 lättare

70 1054 45 21 kan
130 1053 121 29 disponera
267 1054 64 21 öfver
347 1054 143 28 tillräckliga
504 1054 98 28 insigter
616 1054 9 20 i
641 1053 45 22 alla
696 1053 27 21 de
734 1053 62 21 olika
805 1060 89 22 grenar,

69 1091 47 14 som
141 1083 92 21 komma
255 1083 8 21 i
279 1084 71 28 fråga,
374 1084 28 21 dä
426 1084 87 21 antalet
536 1090 106 22 personer
662 1086 24 18 är
702 1085 76 19 större.
809 1082 45 21 Det
870 1085 24 18 är

69 1112 90 22 derföre
182 1120 48 13 som
254 1115 33 19 ett
310 1113 82 21 sädant
415 1115 75 19 större
512 1113 132 28 kollegium,
668 1112 68 22 äfven
759 1119 36 14 om
813 1111 81 29 hvarje

70 1142 90 22 enskild
175 1142 51 21 icke
242 1142 73 22 skulle
331 1145 157 26 representera
504 1150 28 14 en
548 1145 71 19 större
630 1142 72 29 insigt
712 1145 29 18 än
753 1142 26 21 de
791 1141 104 22 enskilda

69 1179 135 22 personerne
227 1173 8 20 i
259 1172 39 21 det
320 1172 50 21 lilla
390 1172 117 29 kollegiet,
528 1172 58 22 dock
609 1172 8 21 i
640 1172 36 21 sin
696 1171 77 22 helhet
789 1171 106 22 bedömer

70 1201 70 22 saken
166 1203 30 27 pä
218 1202 76 28 grund
317 1202 26 21 af
365 1209 28 14 en
416 1202 172 29 mängsidigare
610 1201 108 29 pröfning
741 1201 42 22 och
799 1200 96 22 sälunda

69 1231 117 29 riktigare.
216 1231 71 22 Utom
307 1231 44 22 den
367 1231 147 29 svärigheten
530 1234 34 19 att
579 1231 63 22 finna
657 1231 110 28 lämpliga
781 1237 113 22 personer,

69 1268 48 15 som
133 1255 7 39 =
148 1261 154 22 öfverläraren
333 1261 112 22 Kihlman
470 1261 120 29 betonade,
613 1260 106 23 framhöll
742 1259 153 22 öfverläraren

69 1290 113 22 Kihlman
204 1291 69 21 äfven
297 1291 72 21 andra
384 1291 56 21 skäl.
472 1291 160 21 Ofverläraren
648 1290 111 22 Kihlman
774 1290 72 27 ansäg
861 1291 35 19 att

69 1320 39 22 det
123 1320 93 29 förslag,
232 1327 48 15 som
295 1320 125 29 föreligger
435 1321 9 21 i
459 1321 189 21 bankutskottets
662 1319 149 28 betänkande,
822 1319 74 21 skulle

71 1350 73 21 strida
167 1352 48 19 mot
238 1351 28 21 68
291 1351 13 26 $
320 1350 25 21 L.
363 1350 30 27 O.,
409 1350 97 22 emedan
521 1351 9 20 i
546 1351 74 21 denna
635 1352 13 25 $
663 1350 58 21 talas
737 1357 37 14 om
789 1355 27 15 en
832 1355 64 22 myn-

70 1379 86 29 dighet,
180 1387 48 14 som
252 1387 53 21 eger
328 1379 82 22 utöfva
425 1380 109 21 inseende
550 1380 64 22 öfver
629 1379 103 22 bankens
749 1378 147 28 törvaltning,

69 1409 42 22 och
135 1409 8 21 i
164 1409 63 22 detta
242 1417 32 13 nu
290 1409 159 28 föreliggande
465 1409 88 29 förslag
569 1409 73 22 skulle
658 1409 57 22 talas
731 1416 37 14 om
783 1409 36 20 två
833 1415 64 21 myn-

70 1439 111 28 digheter.
212 1439 46 21 Det
281 1442 24 18 är
330 1439 58 21 dock
412 1439 94 22 alldeles
530 1439 50 22 icke
604 1439 68 21 exakt
696 1439 41 21 och
760 1437 84 29 riktigt
863 1439 34 20 att

69 1468 49 21 tala
138 1475 38 14 om
196 1469 40 21 tvä
252 1468 168 29 myndigheter.
451 1469 47 21 Det
513 1472 25 18 är
553 1469 9 20 i
578 1469 84 28 själfva
676 1468 81 21 verket
772 1467 83 22 endast
870 1474 27 14 en

69 1497 143 29 myndighet,
236 1505 49 14 som
305 1497 93 22 utöfvar
414 1498 39 21 det
469 1498 113 28 inseende,
598 1505 48 14 som
661 1498 25 21 L.
702 1497 24 22 O.
743 1496 154 27 föreskrifver,

137 1532 125 18 Pappissäädyn
271 1533 108 18 pöytäkirjat.
798 1526 23 17 49
