1111 1717
258 61 44 39 684
511 70 76 21 Pappiss.
598 70 24 18 20
635 75 16 17 p.
660 71 67 17 Huhtik.
739 70 50 18 1885.

223 131 44 21 gen
289 125 29 27 af
336 126 170 28 ifrågavarande
528 128 35 22 del
585 128 57 28 utaf
658 128 59 23 detta
738 128 81 22 ärende
838 127 93 23 afhällit
946 128 36 29 sig
996 128 52 22 från

225 154 114 24 utskottet
354 156 42 22 och
411 157 53 22 lätit
478 157 37 29 sig
530 158 27 21 af
564 158 149 29 suppleanter
722 157 133 23 företrädas.
870 157 178 29 Ifrägavarande

225 184 146 26 medlemmar
386 186 27 22 af
423 187 173 23 statsutskottet
610 195 55 15 vore
680 188 94 28 således,
788 187 71 23 äfven
869 187 74 29 enligt
953 187 96 22 friherre

226 221 46 15 von
294 215 74 22 Borns
390 216 66 29 åsigt,
471 217 51 22 icke
534 217 92 29 jäfvige
641 220 36 20 att
692 218 94 28 deltaga
801 217 9 22 i
824 217 126 22 utskottets
965 217 83 27 arbete,

226 244 30 21 då
278 244 64 22 detta
360 246 77 22 arbete
451 246 67 30 afsåg
532 248 35 21 att
582 247 158 23 åstadkomma
754 249 35 21 ett
804 246 144 23 betänkande
963 246 9 22 i
987 248 61 20 stän-

226 273 171 31 derhusfrågan.
427 276 34 22 De
483 284 55 14 voro
561 277 96 29 jäfvige,
681 277 82 22 endast
785 276 31 22 då
830 277 44 21 och
889 278 26 20 så
929 276 67 28 länge
1011 277 36 20 ut-

226 303 86 22 skottet
330 305 132 27 sysselsatte
476 306 37 29 sig
527 306 52 22 med
594 307 151 29 granskning,
761 307 61 22 huru
837 306 28 22 de
881 306 109 28 anslagna
1005 304 43 22 och

225 332 89 29 lyftade
329 334 89 22 medlen
433 335 79 23 blifvit
526 336 111 22 använda.

297 363 87 22 Härtill
399 364 39 22 ber
450 364 42 30 jag
501 372 33 15 nu
544 365 24 23 få
575 366 116 28 anmärka,
699 368 35 20 att
741 364 307 30 ständerhusdelegationens

226 392 121 22 berättelse
370 394 78 22 blifvit
468 395 37 21 till
524 396 174 22 statsutskottet
712 395 134 23 remitterad
856 394 40 28 för
909 394 138 29 granskning

226 420 81 23 endast
329 422 26 22 af
375 425 33 20 ett
430 424 72 29 stånd,
526 425 171 29 Ridderskapet
719 425 43 23 och
777 425 86 27 Adeln;
880 424 28 22 de
922 426 35 20 tre
972 424 75 29 öfriga

226 451 97 22 stånden
344 452 70 23 hafva
436 454 127 22 remitterat
585 455 141 22 berättelsen
745 454 37 23 till
803 454 172 22 statsutskottet
989 456 57 20 utan

226 483 71 20 annat
312 482 61 28 syfte
387 486 29 19 än
432 483 44 29 det,
492 491 48 15 som
554 484 130 30 inneligger
699 485 9 21 i
723 492 28 14 en
766 484 82 30 vanlig
862 484 85 26 remiss,
963 484 20 21 d.
998 491 21 14 v.
1030 490 16 14 s.

225 510 37 22 för
284 513 35 20 att
336 512 114 22 utskottet
464 514 71 22 måtte
550 514 52 22 med
617 514 126 30 anledning
758 514 27 22 af
799 514 39 22 det
853 513 145 23 remitterade
1013 512 33 23 af-

225 540 66 29 gifva
314 541 148 23 betänkande.
492 543 46 22 Till
560 544 59 29 följd
642 544 27 22 af
683 544 28 22 de
726 544 110 22 inkomna
851 542 195 23 remiss-handlin-

225 577 73 22 garna
320 572 71 28 ansåg
412 573 171 22 statsutskottet
605 574 37 29 sig
664 574 51 22 icke
738 573 72 23 hafva
828 573 27 22 af
867 572 97 23 stånden
978 572 68 23 fått
1035 568 15 39 i

224 600 107 29 uppdrag
346 603 35 19 att
395 602 97 22 anställa
507 603 143 29 granskning
665 603 141 23 beträffande
822 603 28 22 de
865 602 106 23 använda
984 602 62 22 med-

224 630 44 28 len,
292 630 28 22 då
342 638 29 14 en
393 631 71 23 sådan
514 632 114 30 granskning
651 633 93 29 begärts
766 633 84 22 endast
872 632 27 22 af
916 636 33 18 ett
974 631 73 29 stånd,

225 661 57 20 utan
305 661 70 28 ansåg
397 663 170 21 statsutskottet
581 662 38 23 sin
634 663 96 29 uppgift
745 663 56 22 böra
816 662 135 22 inskränkas
967 661 80 22 endast

224 688 38 22 till
283 689 133 29 afgifvande
435 691 27 22 af
474 694 33 20 ett
521 692 150 22 betänkande.
703 693 42 22 Om
760 692 116 22 utskottet
891 692 63 28 hade,
970 691 75 22 antin-

225 725 46 22 gen
292 720 31 28 på
344 720 75 28 grund
442 721 26 21 af
488 721 45 22 den
550 722 26 22 af
589 722 97 22 friherre
701 729 45 16 von
762 722 64 22 Born
841 721 126 30 åberopade
982 722 29 21 36
1026 722 21 26 8,

224 748 56 22 eller
298 750 30 28 på
342 750 75 28 grund
432 750 27 22 af
470 752 264 29 remiss-handlingarna,
750 754 76 20 ansett
841 752 37 28 sig
892 751 104 29 skyldigt
1011 752 36 20 att

224 777 125 23 verkställa
370 780 142 30 granskning
526 783 23 20 at
565 783 74 27 sättet,
655 782 61 22 huru
731 782 28 22 de
774 783 99 27 uttagna
887 781 90 22 medlen
991 780 55 22 blif-

225 807 35 21 vit
283 808 110 29 använda,
416 810 30 22 då
467 810 73 22 skulle
554 811 137 29 visserligen
707 811 28 22 de
750 811 148 22 medlemmar
914 810 25 22 af
952 812 93 20 statsut-

224 836 92 29 skottet,
340 845 47 15 som
410 839 76 23 tillika
503 840 107 30 fungerat
625 842 79 26 såsom,
719 841 149 22 medlemmar
883 840 25 22 af
922 839 122 29 delegatio-

224 874 50 20 nen,
298 868 60 21 varit
379 868 88 30 jäfvige
485 872 35 20 att
534 870 93 29 deltaga
641 871 9 21 i
666 878 29 14 en
711 871 71 22 sådan
797 870 148 29 granskning.
975 869 70 22 Desse

223 896 147 23 medlemmar
389 898 73 23 skulle
477 900 67 22 också
559 900 176 29 otvifvelaktigt
749 900 43 22 vid
806 902 34 20 ett
856 899 82 23 sådant
953 898 93 22 tillfälle

222 926 90 22 utträdt
334 926 52 23 från
407 928 118 22 utskottet.
554 930 47 28 Jag
623 930 87 22 erinrar
725 930 49 28 mig
790 930 43 22 ock
848 929 87 29 ganska
949 928 39 23 väl
1003 930 42 26 att,

223 955 30 21 då
275 956 82 28 frågan
379 964 37 15 om
435 958 39 28 jäf
493 958 101 23 förekom
617 960 9 20 i
641 960 180 26 statsutskottet,
834 959 43 29 jag
892 959 35 21 för
942 958 47 22 min
1006 957 38 23 del

222 985 158 29 uttryckligen
402 988 102 21 uttalade
526 989 48 28 mig
597 989 93 28 derhän,
705 991 35 20 att
754 989 44 29 jag
812 989 73 28 ansåg
899 988 48 29 mig
959 987 83 29 jäfvig,

223 1021 38 14 om
283 1015 112 22 utskottet
409 1017 71 28 ansåg
494 1017 37 29 sig
545 1018 56 22 böra
615 1019 74 21 inlåta
704 1019 36 29 sig
755 1019 31 29 på
801 1018 144 29 granskning
959 1018 27 21 af
999 1019 45 19 sät-

223 1045 35 19 tet
276 1044 35 22 för
326 1044 28 22 de
369 1045 89 28 lyftade
472 1046 99 22 medlens
587 1048 159 27 användande;
762 1055 54 14 men
832 1048 29 21 då
875 1047 114 22 utskottet
1004 1054 40 14 an-

222 1074 42 28 såg
280 1073 36 29 sig
330 1074 51 22 icke
396 1074 122 24 förbundet
533 1079 34 20 att
583 1077 125 21 verkställa
723 1084 29 14 en
768 1076 71 22 sådan
854 1076 147 29 granskning,
1019 1076 27 21 så

222 1102 79 22 förföll
316 1103 40 22 der
370 1104 53 22 hela
434 1105 46 29 jäfs
496 1105 86 29 frågan,
598 1108 26 20 så
639 1106 43 22 och
697 1106 73 22 sedan
785 1106 64 21 detta
865 1106 62 21 skett
941 1105 59 22 hade
1015 1104 30 22 de

222 1132 147 22 medlemmar
383 1134 9 21 i
407 1135 174 29 statsutskottet,
597 1143 49 15 som
661 1136 101 28 deltagit
776 1135 10 21 i
801 1135 170 29 delegationens
981 1134 64 22 arbe-

222 1164 46 26 ten,
288 1162 50 22 icke
357 1164 71 28 något
450 1164 49 22 skäl
514 1167 35 19 att
563 1165 151 29 undandraga
729 1166 37 28 sig
782 1164 149 29 deltagandet
945 1164 39 21 det
999 1163 46 22 för-

222 1191 129 23 beredande
366 1193 88 22 arbetet
467 1193 36 23 för
518 1194 161 23 betänkandet.
814 1212 2 3 N
974 1210 61 3 mosse

291 1221 36 22 Dä
342 1222 74 22 denna
431 1223 66 29 fräga
511 1224 102 22 förekom
628 1225 57 21 sista
699 1224 83 29 lördag
796 1224 9 22 i
821 1223 170 29 Ridderskapet
1000 1222 43 22 och

221 1250 83 27 Adeln,
325 1252 92 27 yttrade
439 1253 37 29 sig
498 1253 39 22 der
554 1262 29 13 en
597 1254 56 22 ärad
669 1254 80 22 talare:
767 1256 36 20 att
818 1253 64 22 desse
898 1252 145 27 medlemmar

220 1280 8 20 1
252 1280 178 30 statsutskottet,
452 1290 48 14 som
523 1283 76 22 tillika
614 1284 61 22 varit
690 1283 149 23 medlemmar
854 1283 9 21 i
878 1282 165 28 delegationen,

220 1309 52 22 icke
294 1309 72 23 funno
389 1311 124 30 anledning
535 1315 35 20 att
590 1313 119 29 själfmant
724 1312 90 23 afhälla
829 1312 36 30 sig
880 1312 52 22 från
947 1311 39 22 allt
1001 1310 43 22 del-

220 1339 93 27 tagande
335 1339 9 21 i
366 1340 76 23 denna
455 1342 71 29 fråga,
541 1344 72 20 måste
628 1343 108 29 beklagas
752 1342 83 28 derför,
850 1344 36 20 att
901 1342 40 21 det
955 1341 88 21 vittnar

219 1368 166 30 ofördelaktigt
407 1378 37 14 om
465 1372 43 22 den
523 1372 110 29 politiska
647 1372 103 23 moralen
765 1372 63 22 inom
844 1372 58 22 1885
918 1372 35 20 års
968 1377 76 22 repre-

219 1398 121 22 sentation.
371 1400 79 22 Denne
472 1402 72 21 talare
565 1403 43 27 går
630 1402 89 22 således
741 1402 82 28 längre
846 1404 30 18 än
898 1401 146 21 reservanten

218 1427 98 23 friherre
338 1436 45 14 von
406 1429 68 23 Born.
504 1432 54 21 Han
573 1439 66 14 anser
654 1434 36 19 att
705 1430 177 30 ifrågavarande
897 1430 147 22 medlemmar

218 1456 59 23 hade
301 1458 51 22 bort
374 1459 88 23 afhälla
476 1461 36 29 sig
527 1461 52 22 frän
594 1462 43 21 allt
652 1460 140 30 deltagande
807 1460 9 22 i
832 1460 74 22 denna
922 1460 70 28 fräga,
1008 1459 34 21 sä-

217 1487 63 24 ledes
303 1488 69 22 äfven
390 1489 52 22 frän
457 1490 148 30 deltagandet
619 1491 10 21 i
643 1491 89 21 arbetet
748 1490 38 22 för
801 1489 201 23 ästadkommande
1017 1488 28 22 af
