1114 1692
267 88 36 17 604
516 92 75 21 Pappiss.
602 92 21 17 14
635 96 15 17 p.
663 92 62 17 Huhtik.
737 91 50 18 1885.

231 146 146 31 Helsingfors
399 149 37 22 till
457 149 132 23 erhållande
605 150 26 22 af
644 150 65 22 dessa
723 149 127 23 understöd
864 149 65 23 torde
943 150 39 22 väl
996 156 56 16 vars

231 177 50 28 den,
295 180 35 20 att
345 178 65 23 dessa
424 179 133 29 föreningar
572 180 9 21 i
596 180 125 22 allmänhet
736 183 40 19 äro
792 179 91 27 sådana,
897 187 48 15 som
960 179 92 23 sträcka

231 207 37 22 sin
282 208 145 23 verksamhet
441 209 65 22 öfver
521 209 52 22 hela
588 209 85 29 landet,
689 209 72 22 under
777 209 39 23 det
831 209 28 22 de
874 208 66 23 flesta
952 212 98 20 motsva-

230 237 72 22 rande
323 238 131 30 föreningar
472 239 9 22 i
496 239 161 29 landsbygden
679 239 72 22 hafva
771 241 34 20 ett
819 246 62 15 mera
895 238 73 22 lokalt
983 239 68 29 syfte.

231 266 46 22 Det
295 274 53 15 vore
367 276 33 14 nu
414 268 137 30 visserligen
565 269 94 29 mycket
673 269 104 29 önskligt
792 271 36 20 att
842 276 54 15 man
911 276 53 15 vore
979 269 9 21 i
1003 269 49 21 till-

231 296 56 22 fälle
309 299 36 20 att
359 298 138 22 understöda
512 298 80 30 hvarje
607 299 108 29 förening
729 299 9 21 i
753 298 54 23 hela
821 299 84 28 landet,
921 306 48 14 som
984 298 66 22 sträf-

231 334 42 14 var
287 326 36 22 för
337 328 90 29 nyttigt
442 328 111 29 ändamål,
568 336 53 14 men
636 329 65 21 dessa
716 328 75 22 medel
807 332 38 18 äro
859 328 140 30 begränsade
1013 328 38 21 till

231 364 29 14 en
274 356 48 22 viss
337 364 92 22 summa,
445 358 42 22 och
503 358 39 22 det
556 358 66 22 torde
636 366 56 15 vara
706 358 136 30 lämpligare
857 360 36 20 att
907 358 50 22 icke
973 357 79 23 alltför

230 386 93 28 mycket
345 387 92 29 splittra
460 388 51 22 dem
526 388 9 22 i
550 390 49 20 små
619 396 106 20 summor,
739 388 150 29 hvarigenom
905 388 80 22 endast
999 388 53 22 litet

231 415 78 23 kunde
323 419 105 27 uträttas,
444 418 28 22 då
488 418 106 27 deremot,
610 426 37 14 om
663 418 27 22 de
705 418 163 22 koncentreras
878 419 30 28 på
918 419 71 28 några
999 417 54 23 säll-

231 445 57 29 skap
311 446 52 22 med
378 446 119 30 allmänna,
523 448 65 22 öfver
602 448 53 22 hela
670 448 80 22 landet
765 448 38 29 sig
817 448 135 22 sträckande
967 448 85 28 syften,

231 482 54 15 man
307 476 45 22 kan
366 477 72 21 räkna
459 478 30 28 på
507 480 36 20 att
558 478 27 22 de
601 478 74 22 skulle
689 480 56 27 göra
759 480 73 20 större
846 480 73 26 nytta.
949 478 42 21 Om
1007 477 46 23 alla

231 504 70 23 äfven
315 506 76 22 lokala
405 507 100 29 sällskap
520 507 65 22 skola
599 508 24 21 få
638 507 129 29 understöd,
783 509 26 21 så
823 508 76 22 blefve
910 507 87 29 följden
1007 507 44 22 den

231 536 36 20 att
282 535 27 22 de
324 543 32 14 nu
370 536 129 30 föreslagna
514 537 141 29 sällskapens
669 537 127 22 understöd
811 538 72 21 måste
897 537 100 22 minskas
1008 536 43 23 och

231 564 52 22 hela
305 572 103 16 summan
431 566 103 29 splittras
556 568 9 21 i
581 568 48 21 små
643 568 116 28 parceller.
790 567 43 22 Om
846 567 42 29 jag
902 569 47 20 rätt
963 566 87 23 förstod

231 594 82 22 doktor
335 595 134 30 Calamnius,
492 598 25 20 så
531 597 118 29 påpekade
667 597 47 22 han
729 599 42 26 att,
786 597 9 22 i
810 597 108 22 händelse
935 596 116 30 ,Svenska

229 624 141 23 folkskolans
385 626 98 22 vänner”
501 626 74 22 skulle
590 627 24 21 få
637 628 71 28 något
730 627 131 28 understöd,
887 627 68 22 borde
980 627 69 22 äfven

229 654 76 22 finska
329 654 112 24 likartade
456 656 85 22 sällskap
572 657 25 21 få
611 657 90 22 sådana.
732 657 47 22 För
794 657 48 21 min
857 657 38 21 del
909 657 86 21 känner
1007 656 43 29 jag

229 684 52 22 icke
295 685 71 29 något
380 688 71 20 annat
459 686 110 22 likartadt
579 690 30 18 än
619 686 87 22 Finska
716 686 335 30 folkupplysningssällskapet,

229 714 25 21 åt
269 714 90 22 hvilket
379 715 67 22 också
463 719 26 19 är
504 716 124 29 föreslaget
642 717 61 22 4000
717 716 72 22 mark.
820 716 69 22 Hvad
904 716 93 22 särskilt
1011 716 41 21 be-

229 743 80 22 träffar
324 744 135 30 föreningen
478 746 117 29 ,Svenska
615 746 142 22 folkskolans
777 749 108 26 vänner",
903 747 25 21 så
948 745 101 23 sträcker

229 774 38 28 sig
274 773 86 23 dennas
375 775 150 29 verksamhet,
541 776 73 22 ehuru
630 776 44 22 den
681 776 126 29 begränsar
815 776 36 22 sin
858 776 95 29 uppgift
959 775 37 22 till
1004 775 46 22 den

229 803 98 22 svenska
341 804 170 30 befolkningen,
527 805 65 23 öfver
602 806 53 22 hela
667 806 80 22 landet
757 806 44 22 och
813 806 43 22 den
867 810 25 17 är
902 806 86 22 således
998 805 54 22 icke

228 840 29 14 en
281 833 61 22 lokal
365 834 112 30 förening.
507 835 58 22 Dess
579 836 84 29 uppift,
680 838 35 19 att
730 835 95 30 utgifva
840 836 43 21 och
898 836 77 29 sprida
990 834 62 23 folk-

229 863 98 28 skrifter,
343 867 26 18 är
383 865 30 28 på
429 865 38 21 det
482 868 115 19 närmaste
607 865 248 22 öfverensstämmande
865 866 52 21 med
927 868 123 19 testamen-

228 895 46 19 tets
289 893 135 30 fordringar,
447 895 42 22 och
505 895 68 22 äfven
588 903 83 21 genom
686 895 50 22 dess
751 895 147 22 verksamhet
913 898 35 19 att
963 895 88 22 inrätta

227 922 162 23 folkbibliotek
414 927 91 19 närmar
533 925 36 29 sig
594 925 137 29 föreningeu
753 927 158 20 teslamentets
935 924 113 29 syftemäl.

227 951 71 23 Hvad
321 953 92 22 särskilt
435 954 108 22 beträffar
566 955 39 22 det
631 955 26 22 af
677 955 55 22 flere
748 955 72 22 talare
834 955 154 22 understödda
1003 955 47 21 för-

228 981 81 29 slaget,
325 984 34 20 att
374 983 69 22 äfven
453 984 286 30 Fornminnesföreningen
753 985 42 22 bör
808 985 99 21 tilldelas
918 984 131 27 understöd,

227 1014 66 19 torde
308 1011 35 22 för
359 1012 63 23 detta
437 1013 86 30 förslag
543 1014 122 22 törefinnas
680 1015 93 28 mycket
789 1014 54 29 skäl,
859 1021 52 15 men
924 1014 42 29 jag
981 1014 69 28 hyser

227 1041 60 22 dock
301 1043 76 28 någon
398 1043 86 22 tvekan
506 1044 115 22 huruvida
645 1044 75 22 denna
745 1044 108 29 förening
867 1044 47 21 kan
934 1044 52 21 med
1002 1045 47 20 rätt

226 1070 92 23 komma
340 1072 73 22 under
434 1075 157 20 testamentets
614 1074 166 29 stipulationer.
816 1074 94 21 Räntan
925 1073 26 22 af
964 1073 87 22 fonden

226 1100 35 21 lit.
286 1100 11 22 B
312 1100 35 22 får
363 1102 116 22 användas
495 1103 36 22 för
546 1104 131 29 vetenskap,
693 1103 57 22 skön
765 1104 75 28 konst,
853 1103 93 22 literära
957 1104 92 21 arbeten

227 1130 44 21 och
293 1130 124 23 utdelande
441 1132 27 22 af
482 1133 197 29 allmogeskrifter.
709 1133 117 22 Måhända
841 1133 208 22 Fornminnesföre-

227 1155 89 60 ningen
337 1160 46 23 kan
399 1162 164 22 subsummeras
578 1179 3 3 .
588 1163 73 22 under
679 1163 132 29 vetenskap,
828 1163 43 22 och
886 1163 8 21 i
910 1163 81 21 sådant
1006 1162 42 22 fall

227 1193 26 18 är
285 1191 23 20 det
321 1190 51 22 icke
387 1192 72 28 något
473 1192 82 22 hinder
570 1193 36 21 för
621 1195 35 20 att
671 1193 44 22 den
731 1193 98 22 erhåller
843 1192 129 22 understöd.
993 1191 57 23 Till

226 1219 118 29 gångarna
358 1220 77 23 HIIRET
450 1221 68 22 äfvou
532 1222 111 29 mvjugen
659 1222 64 22 devta
737 1227 132 22 understöd,
882 1229 37 15 om
934 1225 39 18 det
983 1229 69 14 anses

227 1249 37 21 stå
278 1249 9 21 i
303 1249 232 24 öfverensstämmelse
550 1252 52 22 med
617 1254 158 20 testamentets
786 1252 175 27 bestämmelser,
969 1251 80 23 hvilka

225 1279 152 29 naturligtvis
392 1280 9 21 i
416 1280 96 23 främsta
527 1284 98 19 rummet
639 1283 72 21 måste
726 1282 75 29 följas.

299 1309 106 22 Provasti
420 1310 121 29 Grönberg:
565 1311 64 22 Minä
654 1312 120 29 pyytäisin
797 1311 102 29 säädylle
914 1311 135 22 huomuttaa

223 1337 60 28 yhtä
298 1339 67 28 asiaa,
377 1339 73 29 jonka
465 1341 82 22 avuksi
562 1343 61 20 tästä
637 1341 128 22 rahastosta
781 1349 30 14 on
827 1341 73 22 aiottu
913 1341 26 29 ja
955 1341 92 21 luvattu

225 1367 59 22 mitä
298 1369 121 28 tarvitaan,
435 1371 117 21 nimittäin
570 1371 150 29 Runebergin
738 1371 181 29 muistopatsaan
933 1372 115 27 pystyttä-

225 1397 74 28 mistä,
313 1397 50 29 jota
377 1401 81 20 varten
473 1400 60 22 vielä
550 1401 115 22 tarvitaan
679 1401 85 28 rahoja.
795 1401 82 22 Siihen
891 1408 30 14 on
933 1401 26 28 jo
969 1399 78 29 varoja

224 1426 145 24 kokoomalla
388 1430 81 21 koottu
484 1430 26 29 ja
525 1430 52 22 olisi
592 1431 59 21 ehkä
666 1433 145 26 tarpeetonta
826 1430 126 22 uudestaan
967 1431 84 20 ruveta.

223 1455 148 31 kokoomaan,
387 1458 72 23 koska
474 1460 111 21 tällainen
599 1460 68 22 kassa
682 1460 88 29 löytyy.

227 1515 3 4 N
296 1487 94 22 Tohtori
401 1488 93 23 Geitlin:
509 1489 99 22 Yleinen
625 1491 78 20 totuus
713 1490 72 21 lienee
797 1492 49 19 että
851 1489 110 30 jokainen
969 1489 80 28 kansa,

221 1515 57 29 joka
301 1517 79 22 tahtoo
399 1519 69 29 oppia
483 1521 134 20 tuntemaan
632 1519 93 28 itseään,
739 1520 109 29 myöskin
864 1527 29 14 on
909 1519 139 22 velvollinen
