1109 1728
253 77 41 31 704
485 81 75 22 Pappiss.
571 81 23 18 23
606 85 16 18 p.
635 82 63 17 Huhtik.
709 81 50 18 1885.

214 140 51 22 icke
281 147 48 15 som
344 139 173 23 statsutskottet
531 139 107 30 förslagit
653 139 53 23 med
721 139 97 29 500,400
832 138 71 29 mark,
918 141 58 20 utan
990 137 52 24 med

215 170 97 28 530,400
333 169 70 23 mark.
433 169 159 22 Reservanten
615 169 68 23 anför
705 169 51 22 icke
771 170 72 28 något
858 171 72 19 annat
945 168 51 22 skäl
1010 171 30 18 än

216 202 35 20 att
265 199 53 28 han,
333 202 151 25 reservanten,
499 207 66 14 anser
580 201 37 20 att
632 199 126 22 tillskottet
773 198 27 23 af
813 199 81 26 30,000
909 198 66 22 mark
989 197 51 23 icke

216 233 25 18 är
263 229 144 29 tillräckligt.
436 229 47 22 Det
501 229 144 29 högvördiga
660 229 93 22 ständet
768 228 43 23 har
826 227 87 23 säledes
928 229 36 21 att
978 227 62 29 välja

215 259 98 22 emellan
335 261 36 20 att
393 258 86 30 bevilja
501 259 81 28 30,000
604 259 71 28 mark,
699 266 48 15 som
771 258 26 22 af
811 257 177 29 öfverstyrelsen
1004 257 36 22 för

215 289 166 27 skolväsendet,
404 288 27 22 af
449 289 138 28 regeringen
609 289 44 21 och
676 288 27 22 af
720 288 185 22 statsutskottets
919 286 121 30 pluralitet

216 320 87 21 ansetts
324 318 146 29 tillräckliga,
486 318 55 22 eller
557 320 35 20 att
607 318 86 29 bevilja
709 319 81 28 60,000
805 317 65 22 mark
885 318 30 28 pä
930 317 39 22 det
984 315 55 29 skäl,

216 350 36 20 att
265 347 54 22 herr
333 347 84 22 Heikel
432 354 66 16 anser
513 348 81 28 60,000
608 347 67 23 mark
689 355 56 15 vara
757 347 122 29 behöfliga.
909 347 47 28 Jag
966 345 73 23 öfver-

216 378 87 21 lemnar
318 376 37 22 till
371 377 91 22 ständet
477 379 35 20 att
527 377 86 29 afgöra,
629 377 97 22 hvilken
737 377 126 22 auktoritet
873 376 93 22 ständet
976 382 66 16 anser

215 414 62 14 mera
292 406 141 30 tillförlitlig.

287 436 127 22 Professori
428 436 100 22 Donner:
558 436 46 22 Det
619 437 118 22 förefaller
751 437 50 29 mig
816 444 48 14 som
875 443 37 15 om
923 436 44 22 den
977 443 63 14 sena-

217 472 35 16 ste
274 466 69 22 ärade
365 466 88 22 talaren
470 466 59 22 hade
543 466 65 22 velat
631 466 78 22 drifva
723 466 72 22 saken
809 466 53 22 litet
878 466 25 22 in
917 465 123 23 absurdum.

294 496 81 29 ingens
390 496 142 29 proposition
547 496 96 22 föreslär
657 498 30 27 pä
703 496 77 29 grund
795 496 27 22 af
835 504 29 14 en
879 495 122 23 berättelse
1016 495 24 21 af

216 526 179 28 öfverstyrelsen
417 526 35 22 för
467 526 162 22 skolväsendet
644 528 35 20 att
694 527 67 27 5,000
776 526 66 22 mark
857 525 88 29 årligen
960 525 39 29 läg

215 556 38 21 till
268 555 45 22 den
328 563 92 19 summa,
436 562 49 16 som
499 555 63 22 förut
576 563 42 15 var
628 555 103 29 behöflig
741 555 36 22 för
788 555 118 22 städernas
917 554 122 22 folkskole-

216 585 105 28 väsende,
337 585 43 22 och
395 585 65 22 dessa
477 586 66 28 5,000
558 585 65 22 mark
638 586 90 28 årligen
743 585 56 22 eller
814 585 37 22 för
865 585 52 22 hela
975 584 65 22 perioden

215 616 83 26 30,000
320 615 66 22 mark
408 614 35 23 för
465 615 165 29 utvecklingen
653 615 26 22 af
692 615 113 28 skolorna,
821 614 87 23 säledes
920 588 42 60 för
975 588 10 60 €
975 614 65 22 deras

216 644 125 29 förökning
362 644 9 22 i
394 644 95 22 främsta
512 647 104 19 rummet.
653 644 180 23 Statsutskottet
855 645 42 21 har
919 643 120 23 bibehållit

217 674 75 22 denna
307 682 88 14 summa
409 674 42 22 och
466 674 73 24 likväl
554 674 108 27 förordat,
679 677 35 19 att
728 674 137 29 regeringen
874 674 41 21 vid
924 673 115 22 utdelnin-

217 711 45 26 gen
278 703 27 22 af
317 703 123 23 understöd
454 703 38 22 till
507 704 117 22 städernas
639 704 129 22 folkskolor
783 703 74 22 skulle
872 703 63 22 hålla
950 707 28 17 en
993 702 47 22 viss

214 736 66 26 Järn
295 735 142 27 procentsats
451 733 36 22 för
501 733 42 22 sitt
557 733 87 30 bidrag.
674 733 72 22 Detta
760 733 97 22 innebär
872 735 35 20 att
922 733 24 22 åt
957 732 28 22 de
995 734 45 20 stä-

218 763 46 28 der,
287 770 48 15 som
358 763 84 22 hittills
460 763 92 22 erhållit
567 771 29 14 en
610 763 65 29 lägre
691 771 95 20 summa,
801 765 35 20 ett
851 763 100 22 tillskott
966 761 74 22 skulle

216 792 83 29 gifvas,
323 793 42 21 och
385 793 63 22 detta
462 793 100 22 tillskott
576 793 43 22 har
633 793 180 29 öfverstyrelsen
828 793 37 21 för
880 791 160 23 skolväsendet

218 822 43 21 alls
276 822 51 22 icke
341 822 90 22 kunnat
445 823 105 22 beräkna.
580 823 52 22 Den
646 823 44 22 har
704 823 151 28 naturligtvis
870 822 112 22 beräknat
992 821 48 22 till-

219 852 88 22 skottet
328 852 53 22 med
403 852 95 29 ledning
520 852 26 22 af
567 852 44 22 den
627 853 81 27 praxis,
724 860 49 15 som
788 852 85 22 hittills
888 851 80 22 blifvit
982 850 58 29 följd

217 881 43 22 och
283 881 26 22 af
329 878 136 59 regeringen
487 882 112 22 faststäld.
629 883 54 21 Men
702 889 38 15 om
755 889 30 14 en
799 881 92 30 generel
907 880 133 29 förhöjning

218 912 24 20 af
255 913 162 27 statsanslaget
437 911 36 22 för
487 911 81 30 hvarje
583 912 52 22 stad
649 915 68 26 göres
731 911 38 22 till
786 913 29 21 20
830 913 100 28 procent,
946 918 48 14 som
1008 917 33 14 nu

217 943 70 26 utgör
308 941 131 22 medeltalet
453 941 36 22 för
504 941 50 28 alla,
570 941 55 22 eller
639 942 39 21 till
693 942 29 22 25
737 943 96 28 procent
847 941 56 22 eller
917 944 63 18 ännu
994 946 48 15 mer

216 970 38 21 till
270 971 30 22 30
315 973 100 26 procent,
430 978 47 15 som
493 971 68 22 äfven
576 971 63 22 inom
654 971 92 22 ståndet
761 971 85 22 vunnit
858 969 130 28 understöd,
999 976 42 21 om,

214 996 71 37 säger
297 1000 48 51 jag
360 1001 135 29 regeringen
511 1001 73 21 skulle
600 1009 23 14 se
634 1001 37 28 sig
680 1001 131 22 föranläten
821 1003 35 19 att
866 1000 55 29 ingä
931 1001 31 28 pä
971 999 71 22 sädan

216 1029 93 29 generel
334 1030 127 29 förhöjning,
477 1031 24 21 sä
516 1030 74 22 skulle
606 1031 63 21 detta
682 1031 111 21 innebära
803 1032 35 20 ett
848 1029 81 29 anslag
939 1029 27 22 af
974 1031 67 19 stats-

217 1058 76 22 medel
315 1058 36 22 för
373 1059 118 22 städernas
511 1060 212 22 folkskoleväsende
738 1060 118 29 betydligt
871 1059 71 30 högre
958 1062 30 18 än
1002 1058 40 22 det

215 1089 140 28 nuvarande,
370 1089 43 22 och
428 1089 77 22 dertill
519 1090 74 21 skulle
608 1090 146 29 sannerligen
769 1089 52 22 icke
836 1089 69 22 räcka
920 1089 45 21 den
980 1090 60 27 steg-

216 1118 54 29 ring
293 1118 27 22 af
340 1119 66 28 5,000
420 1119 64 22 mark
499 1126 38 15 om
551 1120 55 27 året,
623 1127 49 14 som
683 1115 90 60 nådiga
788 1119 173 29 propositionen
976 1119 63 20 inne-

216 1147 79 22 håller.
325 1148 48 29 Jag
395 1148 97 22 nämnde
514 1149 70 22 redan
607 1149 68 28 förut,
693 1151 36 20 att
761 1157 12 13 hr
788 1149 95 21 Heikels
898 1147 141 22 reservation

215 1177 52 22 icke
282 1181 104 19 närmare
401 1178 90 22 utreder
506 1179 55 21 eller
575 1179 43 22 har
633 1179 89 22 försökt
737 1179 88 27 utreda,
836 1178 61 21 huru
907 1179 59 20 stort
976 1177 64 22 detta

212 1206 103 23 tillskott
336 1207 10 22 i
368 1207 84 30 själfva
473 1208 80 22 verket
575 1208 71 22 borde
664 1215 62 15 vara.
757 1209 53 20 Han
825 1207 95 22 föreslår
935 1207 60 22 blott
1010 1213 29 15 en

214 1236 60 22 rund
297 1244 88 15 summa
401 1237 55 22 eller
471 1245 28 14 en
514 1237 150 30 fördubbling
679 1238 27 21 af
720 1238 45 21 den
781 1245 94 20 summa,
891 1244 49 15 som
955 1235 84 23 skolöf-

213 1267 155 27 verstyrelsen
378 1267 123 29 föreslagit.
525 1267 232 29 Skolöfverstyrelsen
765 1267 96 22 föreslår
868 1266 82 22 inalles
958 1266 80 28 30,000

212 1295 78 22 marks
305 1296 134 29 förhöjning
454 1297 72 22 under
541 1297 29 22 de
584 1300 36 19 tre
630 1297 157 29 nästföljande
797 1298 61 27 åren,
868 1295 171 23 reservationen

212 1324 97 23 föreslår
331 1327 80 25 60,000
433 1327 70 27 mark,
526 1326 43 22 och
592 1327 30 22 då
636 1327 51 21 icke
702 1327 78 29 någon
795 1329 104 19 närmare
915 1325 125 28 utredning

213 1354 27 21 af
253 1354 41 22 det
308 1355 103 22 faktiska
425 1355 153 23 förhållandet
593 1356 74 22 finnes
682 1357 57 21 eller
753 1356 74 21 under
842 1355 144 22 närvarande
996 1354 44 22 för-

213 1383 109 23 hållande
345 1392 40 14 ens
408 1385 46 21 kan
469 1385 78 27 finnas,
564 1386 77 21 derför
656 1388 35 19 att
707 1385 124 22 ständerna
847 1385 50 21 icke
913 1384 79 22 kunna
1007 1383 33 22 af-

212 1416 58 26 göra
285 1414 9 20 i
308 1414 61 22 huru
391 1414 46 30 hög
455 1415 57 29 grad
527 1415 136 29 regeringen
678 1415 42 22 vill
735 1415 143 28 tillmötesgå
893 1414 148 22 statsutskot-

213 1444 46 20 tets
282 1444 120 21 uttalande
425 1451 37 15 om
483 1452 28 14 en
531 1445 65 29 jämn
619 1447 150 27 procentsats,
792 1445 25 21 så
840 1444 46 22 kan
901 1444 73 21 heller
988 1442 51 22 icke

212 1472 86 28 själfva
321 1480 103 15 summan
447 1474 104 22 effektivt
573 1474 143 22 bestämmas.
747 1474 52 22 Här
821 1473 94 22 föreslås
935 1473 61 21 blott
1011 1480 29 14 en

212 1501 152 30 fördubbling
380 1502 26 22 af
419 1502 61 23 hvad
495 1504 230 28 skolöfverstyrelsen
740 1503 101 28 föreslår,
858 1502 42 23 och
917 1502 39 22 det
971 1506 25 18 är
1011 1503 29 28 på
