1109 1753
327 82 75 20 Pappiss.
414 82 13 16 11
441 86 15 16 p.
469 82 72 17 Toukok.
553 82 49 17 1885.
795 82 45 18 1041

53 142 171 28 kompetentare
247 142 34 19 att
299 140 96 22 bedöma
411 140 70 21 saken
497 143 29 18 än
541 140 25 21 vi
581 140 42 21 här
637 141 30 27 pä
683 140 92 22 afständ
791 141 42 21 och
848 143 29 27 pä

54 172 114 22 allmänna
183 172 51 19 rent
249 170 123 21 teoretiska
387 170 106 28 grunder.
524 170 47 28 Jag
585 169 82 29 tycker
683 170 76 22 derför
774 172 35 20 att
824 178 53 14 man

56 201 56 29 godt
128 200 45 22 kan
187 200 76 21 lemna
278 200 69 22 saken
363 199 38 21 till
416 199 125 22 framtiden
556 199 43 21 och
615 199 47 22 läta
678 200 43 21 den
737 200 89 22 klarera
841 200 37 28 sig

57 230 59 30 själf,
139 230 43 22 och
205 229 39 22 det
267 230 24 21 sä
313 229 93 29 mycket
429 229 72 22 hellre
517 236 48 14 som
579 228 42 29 jag
636 229 91 21 truktar
742 230 41 27 för,
800 231 34 20 att
849 230 28 21 de

55 262 83 28 många
152 259 153 30 petitionerna
320 260 29 28 pä
363 266 28 14 en
402 260 62 27 gång
475 259 64 21 skola
549 258 108 29 försvaga
668 259 85 21 verkan
765 260 26 22 af
799 259 79 29 hvarje

56 290 90 22 enskild
161 289 70 22 bland
247 289 55 21 dem.

127 320 106 21 Provasti
249 318 134 22 Nordström:
414 318 35 22 Dä
465 318 155 22 öfverläraren
636 318 111 22 Kihlman
759 320 23 21 sä
793 318 85 30 grund-

57 350 45 28 ligt
124 348 89 22 bevisat
235 348 202 29 nödvändigheten
460 348 26 21 af
505 350 35 19 att
564 350 42 19 den
622 348 72 21 första
710 350 169 21 reservationen

57 379 77 22 blefve
155 377 106 28 beaktad,
284 377 42 22 vill
347 377 41 29 jag
411 377 50 22 icke
477 377 107 29 förlänga
601 377 160 22 diskussionen
775 379 52 21 med
845 380 34 19 att

58 409 74 21 uttala
150 408 49 28 mig
214 407 149 28 vidlyftigare
379 407 84 22 derom.
494 407 47 28 Jag
557 407 39 22 ber
612 407 81 22 endast
709 410 34 19 att
759 408 23 21 fä
797 408 83 29 bringa

59 439 9 21 i
82 439 96 25 erinran,
197 437 108 22 hurusom
320 437 271 28 undervisningsspräket
607 437 8 20 i
631 437 35 22 S:t
681 437 93 22 Michels
790 438 89 28 lyceum

59 469 72 21 säsom
154 467 94 22 svenskt
270 467 9 21 i
293 467 65 21 tiden
373 467 96 21 kommit
484 467 38 21 till
537 467 68 21 ständ
620 474 82 22 genom
718 475 85 14 samma
818 467 62 22 mäk-

59 498 50 28 tiga
131 497 62 29 vilja,
217 504 48 14 som
287 496 138 22 underskref
438 496 147 29 Helsingfors
601 496 73 22 finska
689 497 60 28 lycei
765 497 115 26 dödsdom,

60 527 43 22 och
123 529 35 20 att
173 527 33 27 de,
223 527 79 21 hvilka
317 526 8 21 i
341 526 63 21 tiden
420 526 127 22 utverkade
563 528 34 19 ett
612 527 102 27 lyceums
729 526 151 30 förläggande

60 557 37 21 till
120 556 33 22 S:t
168 556 89 26 Michel,
273 555 80 29 gjorde
369 556 39 21 det
423 556 9 20 i
448 556 40 21 akt
504 556 43 21 och
562 556 95 28 mening
672 558 34 19 att
722 556 23 22 få
761 558 34 20 ett
812 556 69 22 finskt

59 586 110 22 läroverk.
199 586 182 21 Förhällandena
397 587 30 27 pä
442 588 66 19 orten
524 589 38 17 äro
578 586 68 21 ocksä
661 586 85 22 sädana
756 588 35 20 att
801 586 81 21 endast

61 619 33 19 ett
116 616 71 22 finskt
213 616 90 28 lyceum
327 615 38 21 der
381 615 46 22 kan
443 616 91 20 komma
550 614 81 30 ifråga.
661 615 35 22 Då
711 623 32 14 nu
758 616 123 21 ständerna

61 646 112 29 landtdag
195 645 59 21 efter
276 645 111 29 landtdag
410 645 71 21 hafva
505 647 113 27 upprepat
641 652 29 14 en
685 646 98 28 petition
798 645 83 26 derom,

60 678 36 20 att
117 675 270 28 undervisningsspräket
410 675 8 21 i
442 675 63 21 detta
525 676 89 27 lyceum
631 676 70 20 mätte
717 675 74 22 blifva
806 674 75 28 finskt,

61 707 24 20 sä
108 709 25 18 är
157 705 74 21 denna
253 704 130 29 upprepade
406 704 109 22 anhällan
535 704 50 21 icke
601 707 70 19 annat
687 707 29 19 än
731 712 29 14 en
775 703 108 23 anhällan

61 743 37 14 om
113 737 34 19 att
162 742 28 14 en
205 734 122 29 begängen
341 734 111 21 orättvisa
467 735 71 20 mätte
554 734 129 29 godtgöras.
714 733 46 30 Jag
776 734 41 22 vill
833 733 48 22 der-

61 765 35 21 för
112 764 68 22 äfven
195 764 53 21 med
262 764 48 21 min
325 766 48 19 röst
385 763 140 22 understöda
536 763 81 22 doktor
629 763 98 22 Geitlins
737 763 146 27 reservation,

62 795 69 21 hvars
154 793 138 29 befogenhet
311 793 114 22 dessutom
440 793 37 22 till
493 793 58 22 fullo
567 793 91 28 styrkes
674 794 23 21 at
714 793 26 22 de
756 793 127 22 statistiska

62 824 58 27 data,
137 823 48 22 deri
200 826 39 19 äro
255 823 95 22 anförda
365 823 43 21 och
423 823 80 22 hvilka
519 823 49 22 ofta
578 823 63 21 förut
651 823 78 22 blifvit
740 823 143 22 framhållna.

132 853 126 22 Professori
281 852 122 22 Perander:
434 853 70 21 Eitt'ei
520 861 23 13 se
559 853 126 28 opetuksen
701 852 182 29 kaksikielisyys,

62 883 59 29 josta
136 883 97 21 Mikkeli
248 883 90 21 meidän
354 883 142 21 aikanamme
513 890 30 14 on
553 882 71 22 tullut
635 882 148 28 kuuluisaksi,
793 883 90 21 minun-

63 914 59 21 kaan
149 913 128 21 mielestäni
303 914 36 19 tee
361 914 50 19 tätä
435 912 173 29 paikkakuntaa
631 912 207 28 kadehdittavaksi,
861 919 23 14 se

63 943 78 28 näkyy
162 942 25 29 jo
208 942 59 27 siitä,
283 944 47 19 että
345 942 52 21 olen
412 942 141 29 yhdistynyt
569 944 77 19 tämän
661 942 126 22 mietinnön
803 941 82 22 ensim-

64 973 99 21 mäiseen
186 971 188 23 vastalauseesen.
405 971 132 22 Kuitenkin
557 971 95 29 pyydän
667 972 60 21 vielä
743 971 67 22 saada
826 973 59 20 tässä

65 1002 82 22 asiassa
162 1001 70 22 tuoda
247 1001 58 22 esiin
318 1001 125 29 joitakuita
458 1001 147 28 näkökohtia,
619 1001 66 28 jotka
701 1002 80 21 minun
791 1000 94 23 kannal-

65 1032 50 21 tani
137 1031 96 21 katsoen
255 1033 54 19 ovat
331 1031 96 21 tärkeät.
458 1031 98 21 Minulla
573 1038 29 14 on
618 1031 113 28 erityinen
747 1038 44 21 syy
806 1030 80 26 siihen,

65 1061 53 21 sitte
134 1061 47 21 kun
197 1060 85 22 tohtori
297 1060 78 29 Lagus
390 1067 30 14 on
435 1060 152 29 puolustanut
602 1062 65 19 tuota
679 1060 208 28 kaksikielisyyttä.

65 1091 81 21 Minun
161 1092 85 27 täytyy
261 1090 44 21 sitä
319 1090 101 28 jyrkästi
435 1092 124 19 vastustaa.
591 1089 214 27 Sivutarkoitukset,
820 1089 67 28 jotka

64 1121 111 21 itsessään
197 1120 65 28 kyllä
286 1121 115 20 saattavat
417 1120 45 21 olla
477 1120 74 28 hyvät
564 1119 25 29 ja
605 1121 111 26 suotavat,
731 1121 79 20 saavat
825 1120 62 20 tässä

64 1149 211 29 kaksikielisyyden
290 1150 144 27 systeemissä
450 1149 50 22 niin
517 1157 83 14 suuren
616 1150 58 27 alan,
691 1151 46 20 että
752 1149 135 21 häiritsevät

64 1180 44 21 itse
131 1179 202 29 päätarkoituksen
356 1179 182 22 saavuttamista.
570 1179 127 29 Opetustyö
720 1186 29 14 on
767 1179 58 21 siinä
841 1177 47 22 kie-

65 1209 67 22 dottu
152 1209 49 21 niin
217 1209 117 22 hankaliin
349 1209 135 26 muotoihin,
501 1211 48 19 että
565 1211 66 19 nämä
647 1209 146 21 välttämättä
809 1207 79 22 ehkäi-

66 1240 64 21 sevät
152 1239 43 21 itse
217 1239 161 28 opetusaineen
393 1239 136 21 vaikutusta
542 1238 25 29 ja
583 1239 127 28 opetuksen
725 1237 164 22 kehittäväistä

65 1269 95 21 voimaa.
195 1268 70 21 Tämä
291 1269 118 27 tarkoitus,
432 1270 48 19 että
503 1268 103 29 oppilaat
629 1269 116 28 oppisivat
767 1266 122 29 molempia

66 1298 74 26 kieliä,
164 1300 48 19 että
235 1298 213 29 umpiruotsalaiset,
470 1298 37 28 jos
523 1298 58 21 niitä
597 1297 58 28 olisi,
671 1296 218 23 suomalaistuisivat

64 1328 24 28 ja
116 1327 209 29 umpisuomalaiset
353 1327 224 28 ruotsalaistuisivat,
604 1329 63 20 tämä
691 1327 112 22 tarkoitus
827 1328 62 19 ottaa

65 1357 105 22 kullakin
190 1357 100 22 tunnilla
313 1357 117 28 opettajan
454 1357 85 22 kaiken
563 1357 108 21 huomion
695 1357 72 21 siihen
783 1359 108 18 määrään

65 1387 128 28 puoleensa,
209 1390 49 18 että
272 1387 80 21 kaikki
367 1389 67 19 muut
444 1387 127 28 opetuksen
581 1387 154 21 tarkoitukset
745 1386 146 21 välttämättä

66 1416 89 22 tulevat
182 1416 115 22 vahinkoa
319 1416 144 22 kärsineiksi
503 1416 36 22 Ne
563 1416 100 21 arvoisat
685 1415 120 29 edustajat,
826 1414 67 29 jotka

68 1448 53 19 ovat
144 1446 137 22 ehdotelleet
303 1447 120 20 anomusta
446 1448 81 19 tämän
550 1445 211 29 kaksikielisyyden
776 1443 117 31 poistami-

68 1476 66 27 seksi,
151 1478 54 19 ovat
219 1476 181 25 muistuttaneet,
417 1477 49 19 että
481 1477 63 19 tämä
560 1475 108 28 systeemi
684 1475 65 21 tekee
764 1474 129 22 mahdotto-

67 1505 74 21 maksi
156 1505 147 28 määräajalla
319 1505 62 21 ehtiä
396 1507 122 26 määrätyn
533 1504 154 29 oppikurssin.
719 1504 36 21 He
769 1506 53 19 ovat
833 1505 62 19 tässä
