1098 1753
326 93 76 21 Pappiss.
414 92 19 17 18
446 96 15 16 p.
474 92 71 17 Toukok.
558 91 50 18 1885.
802 91 46 18 1125

126 151 106 21 Provasti
247 150 61 28 Hjelt
331 157 159 15 sananvuoroa
503 150 26 28 ja
544 150 86 21 lausui:
662 150 33 21 På
717 158 51 20 pag.
793 151 28 21 15
842 150 42 21 har

55 180 171 23 statsutskottet
253 180 70 22 bland
345 179 311 22 kommunikationsfondens
680 180 98 28 utgifter
802 181 81 27 uppta-

56 211 36 29 git
106 210 136 22 subvention
253 210 25 21 af
286 217 28 14 en
325 210 77 28 privat
410 209 99 29 järnväg
519 209 52 22 från
581 210 77 28 någon
669 209 75 29 punkt
754 210 29 28 pä
824 210 58 21 Abo—

55 239 403 23 Tavastehus—Tammerforsbanan
480 239 37 21 till
540 239 156 29 Björneborgs
719 240 57 27 stad,
791 239 93 22 utöfver

57 270 28 22 de
108 270 116 28 1,500,000
243 269 71 28 mark,
334 269 81 21 hvilka
429 268 72 22 redan
517 269 8 21 i
541 268 71 22 näder
628 268 109 29 beviljats
753 271 34 20 att
804 269 26 22 af
843 268 40 22 all-

55 304 84 18 männa
161 299 74 22 medel
257 300 62 27 utgå,
343 298 88 29 ,sävidt
454 298 152 22 statsverkets
622 298 127 29 tillgångar
764 299 40 22 vid
819 298 65 22 tiden

57 330 36 21 för
107 330 87 21 banans
210 328 218 22 koncessionerande
445 328 39 22 det
499 328 197 29 medgäfve',
654 324 41 37 och
712 328 110 23 beräknat
831 328 54 22 den-

58 366 84 15 samma
165 358 37 21 till
218 359 116 27 1,500,000
348 358 71 28 mark,
436 357 73 22 ehuru
533 357 39 22 det
588 365 60 21 egna
662 357 154 23 förhällandet
832 365 53 22 eger

58 395 50 15 rum
131 390 34 19 att
188 388 45 22 alla
256 387 52 29 fyra
331 387 96 22 ständen
445 387 72 22 hafva
531 387 105 29 godkänt
650 387 235 29 järnvägsutskottets

58 418 86 28 förslag
160 420 34 19 att
208 417 233 29 Björneborgsbanan
457 417 74 22 skulle
547 417 91 29 byggas
647 417 53 21 med
715 417 169 28 ,statsmedel*,

58 447 85 22 säledes
166 447 72 22 medel
261 447 50 22 icke
333 447 120 29 tillhöriga
477 447 303 22 kommunikationsfonden.
812 447 72 22 Stats-

59 477 111 22 utskottet
192 477 99 26 föreslär,
314 479 56 20 utan
385 479 36 19 att
437 477 78 21 dertill
530 483 56 15 vara
601 479 104 26 tvunget,
721 476 164 30 upphäfvande

60 507 25 22 af
106 509 33 19 ett
154 507 26 21 af
201 507 52 28 fyra
269 507 68 21 stånd
352 507 86 21 fattadt
453 507 82 21 beslut.
566 506 35 21 Af
615 506 64 21 detta
694 506 49 21 skäl
758 508 72 20 måste
843 506 42 29 jag

59 536 59 29 yrka
134 539 34 19 att
184 537 73 21 denna
273 539 52 26 post
339 537 70 27 utgår
424 536 53 22 från
491 536 127 22 utskottets
634 536 191 29 budgetsförslag.

130 566 94 22 Tohtori
239 566 86 28 Lagus:
355 566 46 28 Jag
423 566 40 22 ber
487 568 35 19 att
545 566 25 21 fä
592 565 76 22 lemna
684 566 43 21 den
742 566 143 29 upplysning

60 598 34 20 att
109 596 9 21 i
141 596 45 22 alla
209 596 64 21 dessa
295 595 153 29 beräkningar
463 598 83 26 posten
562 602 38 15 om
616 596 95 26 122,400
726 596 65 21 mark
806 596 35 21 för
857 602 29 15 en

58 626 99 28 järnväg
172 625 36 21 till
223 625 100 29 Viborgs
338 625 70 21 hamn
424 625 41 22 bör
480 626 64 28 utgä,
561 625 27 21 af
602 624 38 22 det
656 625 50 21 skäl
721 627 36 19 att
771 625 114 22 utskottet

61 655 95 22 beslutit
178 657 35 19 att
231 655 50 21 icke
296 655 116 21 inkomma
427 655 38 21 till
481 655 125 22 ständerna
621 654 52 22 med
688 656 71 27 något
775 662 109 15 samman-

58 684 225 29 jämkningsförslag,
306 687 58 19 utan
387 687 76 19 ansett
487 686 34 20 att
540 684 53 22 hela
608 684 84 29 frägan
707 684 70 22 borde
793 684 93 22 förfalla

60 714 36 22 för
112 714 74 22 denna
201 715 68 28 gäng.

130 744 74 21 Herra
218 744 156 22 Puhemiehen
397 744 138 28 esityksestä
558 746 78 19 tämän
650 743 92 29 jälkeen
757 744 128 21 mietinnön

60 773 178 22 erikoiskohtien
260 773 143 29 käsittelyyn
428 773 132 29 ryhdyttyä
583 773 163 28 hyväksyttiin
768 773 116 22 keskuste-

59 803 61 22 lutta
134 803 155 22 valiokunnan
304 803 147 22 mietintönsä
459 805 14 20 6
482 803 85 22 sivulla
574 803 92 21 tekemä
674 803 102 28 ehdotus,
784 803 101 22 koskeva

61 833 174 22 Hankoniemen
259 833 114 22 rautatien
392 833 128 22 vastaisten
535 833 225 21 liikekustannusten
775 833 110 21 vähentä-

60 863 68 21 mistä
143 863 88 21 samoin
246 863 57 21 kuin
318 863 129 21 mietinnön
463 864 12 21 1
492 863 127 22 momentti.

130 893 13 21 2
159 899 84 15 mom:n
263 892 113 29 johdosta,
401 893 100 21 koskeva
523 894 15 20 4
562 892 118 29 prosentin
701 891 184 22 kuoletuslainan

60 922 122 28 ottamista,
199 922 79 28 syntyi
294 929 110 15 seuraava
419 922 145 22 keskustelu:

131 952 107 21 Provasti
256 951 73 28 Hjelt:
365 952 50 21 Den
433 952 9 21 i
464 952 49 21 min
536 951 141 22 reservation
703 951 184 22 förekommande

62 981 79 28 kalkyl
156 981 85 22 utvisar
257 983 34 20 att
307 983 70 27 något
392 982 39 21 län
445 981 74 22 under
534 983 68 20 nästa
617 981 126 22 triennium
749 981 51 22 icke
807 980 80 23 behöf-

62 1018 40 14 ver
124 1013 119 26 upptagas,
267 1014 54 19 enär
344 1011 45 22 alla
404 1011 99 29 utgifter
519 1011 79 22 kunna
613 1011 112 22 bestridas
741 1011 51 21 med
807 1010 80 28 medel,

62 1048 47 14 som
132 1048 82 21 genom
239 1040 132 22 nuvarande
394 1041 156 28 hevillningar
574 1040 201 28 sammanbringas.
816 1040 71 21 Detta

62 1069 183 29 bemyndigande
271 1069 36 22 för
331 1070 138 29 regeringen
494 1071 42 20 bör
565 1070 90 21 derföre
680 1077 27 14 ur
732 1069 155 22 betänkandet

64 1100 61 28 utgä.

134 1129 90 22 Pastori
238 1129 85 22 Lilius:
353 1129 50 22 Här
426 1133 25 18 är
472 1129 27 29 ju
523 1129 67 29 fråga
614 1129 50 22 icke
680 1129 60 22 blott
755 1135 36 15 om
806 1129 82 28 upplä-

63 1158 73 22 nande
152 1159 26 21 af
190 1159 129 28 penningar
333 1161 58 20 utan
406 1159 162 28 förnämligast
583 1161 35 20 att
633 1159 136 21 konvertera
785 1159 56 22 1862
853 1159 36 20 ärs

62 1188 38 21 län
115 1188 53 22 från
182 1189 44 28 4!/,
243 1189 27 28 9/,
286 1189 38 21 till
339 1190 14 21 4
365 1189 33 28 9/,,
415 1189 42 22 och
473 1190 83 20 månne
573 1189 39 21 det
627 1189 51 21 icke
694 1195 53 15 vore
763 1195 28 14 en
805 1188 85 21 finans-

62 1218 118 28 operation
196 1225 47 15 som
259 1221 25 18 är
299 1221 35 19 att
349 1218 103 22 förorda?

133 1247 142 30 Yliopettaja
290 1248 120 22 Kihlman:
441 1248 80 22 Såsom
537 1248 45 21 den
598 1247 138 30 föregående
752 1247 67 22 ärade
829 1246 59 23 tala-

62 1285 40 14 ren
125 1277 130 29 framhällit,
281 1281 25 18 är
328 1278 123 29 meningen
474 1278 52 21 icke
549 1280 36 19 att
608 1280 104 27 upptaga
727 1279 34 20 ett
775 1279 54 26 nytt
849 1276 39 22 län

62 1309 57 20 utan
141 1309 35 19 att
198 1307 136 22 konvertera
349 1309 34 20 ett
398 1307 117 29 gammalt,
531 1307 152 29 hvarigenom
699 1307 44 22 den
758 1306 72 22 fördel
837 1306 52 22 vin-

62 1344 46 21 nes,
124 1338 35 20 att
173 1336 84 29 landet,
273 1345 48 14 som
336 1337 86 22 hittills
437 1337 74 22 betalt
525 1339 69 20 ränta
610 1337 14 22 &
639 1338 43 27 4!/,
700 1338 34 27 9/,,
749 1336 90 29 komme
855 1337 34 20 att

62 1366 76 22 betala
153 1366 80 22 endast
247 1368 15 21 4
271 1368 34 27 %/,.
337 1367 53 21 Men
406 1374 37 15 om
458 1367 196 28 konverteringen
671 1367 91 28 engång
778 1366 56 27 sker,
845 1365 43 22 har

62 1396 172 22 statsutskottet
256 1399 75 19 ansett
354 1397 107 28 lämpligt
481 1398 36 20 att
541 1397 75 21 denna
640 1397 118 28 operation
777 1395 72 22 skulle
865 1396 26 20 sä

62 1425 124 22 behandlas
209 1428 36 19 att
269 1426 298 22 kommunikationsfonden
582 1426 86 21 erhölle
684 1433 28 14 en
727 1425 162 28 förstärkning,

62 1455 90 21 hvilket
166 1455 47 21 kan
228 1455 45 29 ske,
289 1458 58 19 utan
362 1458 35 19 att
412 1455 79 22 landet
502 1456 134 28 derigenom
646 1456 124 28 betungas;
787 1454 103 22 annuite-

62 1487 39 19 ten
124 1484 36 22 för
180 1484 39 22 det
242 1492 47 21 nya
304 1485 63 22 lånet
383 1485 74 21 skulle
472 1485 119 28 nämligen
606 1484 75 23 blifva
697 1485 129 21 densamma
841 1490 48 15 som

61 1513 35 22 för
112 1513 40 22 det
166 1515 82 27 gamla.
279 1515 36 21 Dä
331 1515 63 21 detta
409 1516 58 20 utan
482 1514 85 23 tvifvel
577 1514 77 29 ligger
665 1514 8 21 i
684 1514 92 22 ländets
787 1514 100 25 intresse,

132 1555 128 18 Pappissäädyn
269 1555 109 18 pöytäkirjat.
797 1549 21 18 72
