<?xml version="1.0" encoding="UTF-8"?>
<alto xmlns="http://www.loc.gov/standards/alto/ns-v3#" xmlns:xlink="http://www.w3.org/1999/xlink" xmlns:xsi="http://www.w3.org/2001/XMLSchema-instance" xsi:schemaLocation="http://www.loc.gov/standards/alto/ns-v3# http://www.loc.gov/alto/v3/alto-3-0.xsd">
	<Description>
		<MeasurementUnit>pixel</MeasurementUnit>
		<sourceImageInformation>
			<fileName>/tmp/tess_gxzcvp4u_input.PNG</fileName>
		</sourceImageInformation>
		<OCRProcessing ID="OCR_0">
			<ocrProcessingStep>
				<processingSoftware>
					<softwareName>tesseract 5.3.4</softwareName>
				</processingSoftware>
			</ocrProcessingStep>
		</OCRProcessing>
	</Description>
	<Layout>
		<Page WIDTH="1109" HEIGHT="1761" PHYSICAL_IMG_NR="0" ID="page_0">
			<PrintSpace HPOS="0" VPOS="0" WIDTH="1109" HEIGHT="1761">
				<ComposedBlock ID="cblock_0" HPOS="263" VPOS="69" WIDTH="512" HEIGHT="24">
					<TextBlock ID="block_0" HPOS="263" VPOS="69" WIDTH="512" HEIGHT="24">
						<TextLine ID="line_0" HPOS="263" VPOS="69" WIDTH="512" HEIGHT="24">
							<String ID="string_0" HPOS="263" VPOS="69" WIDTH="35" HEIGHT="18" WC="0.95" CONTENT="882"/><SP WIDTH="203" VPOS="69" HPOS="298"/>
							<String ID="string_1" HPOS="501" VPOS="72" WIDTH="74" HEIGHT="21" WC="0.91" CONTENT="Pappiss."/><SP WIDTH="14" VPOS="72" HPOS="575"/>
							<String ID="string_2" HPOS="589" VPOS="72" WIDTH="10" HEIGHT="17" WC="0.90" CONTENT="5"/><SP WIDTH="14" VPOS="72" HPOS="599"/>
							<String ID="string_3" HPOS="613" VPOS="77" WIDTH="16" HEIGHT="16" WC="0.88" CONTENT="p."/><SP WIDTH="13" VPOS="77" HPOS="629"/>
							<String ID="string_4" HPOS="642" VPOS="73" WIDTH="71" HEIGHT="17" WC="0.91" CONTENT="Toukok."/><SP WIDTH="14" VPOS="73" HPOS="713"/>
							<String ID="string_5" HPOS="727" VPOS="71" WIDTH="48" HEIGHT="18" WC="0.96" CONTENT="1885."/>
						</TextLine>
					</TextBlock>
				</ComposedBlock>
				<ComposedBlock ID="cblock_1" HPOS="221" VPOS="129" WIDTH="828" HEIGHT="1402">
					<TextBlock ID="block_1" HPOS="225" VPOS="129" WIDTH="824" HEIGHT="326">
						<TextLine ID="line_1" HPOS="225" VPOS="129" WIDTH="821" HEIGHT="31">
							<String ID="string_6" HPOS="225" VPOS="129" WIDTH="48" HEIGHT="22" WC="0.96" CONTENT="kan"/><SP WIDTH="14" VPOS="129" HPOS="273"/>
							<String ID="string_7" HPOS="287" VPOS="129" WIDTH="58" HEIGHT="29" WC="0.96" CONTENT="hysa"/><SP WIDTH="15" VPOS="129" HPOS="345"/>
							<String ID="string_8" HPOS="360" VPOS="130" WIDTH="142" HEIGHT="29" WC="0.96" CONTENT="berättigade"/><SP WIDTH="15" VPOS="130" HPOS="502"/>
							<String ID="string_9" HPOS="517" VPOS="131" WIDTH="114" HEIGHT="29" WC="0.96" CONTENT="farhågor,"/><SP WIDTH="16" VPOS="131" HPOS="631"/>
							<String ID="string_10" HPOS="647" VPOS="131" WIDTH="113" HEIGHT="22" WC="0.96" CONTENT="huruvida"/><SP WIDTH="15" VPOS="131" HPOS="760"/>
							<String ID="string_11" HPOS="775" VPOS="129" WIDTH="183" HEIGHT="29" WC="0.96" CONTENT="beräkningarna"/><SP WIDTH="16" VPOS="129" HPOS="958"/>
							<String ID="string_12" HPOS="974" VPOS="130" WIDTH="33" HEIGHT="23" WC="0.96" CONTENT="slå"/><SP WIDTH="10" VPOS="130" HPOS="1007"/>
							<String ID="string_13" HPOS="1017" VPOS="131" WIDTH="29" HEIGHT="27" WC="0.96" CONTENT="in,"/>
						</TextLine>
						<TextLine ID="line_2" HPOS="227" VPOS="159" WIDTH="820" HEIGHT="27">
							<String ID="string_14" HPOS="227" VPOS="159" WIDTH="43" HEIGHT="22" WC="0.96" CONTENT="och"/><SP WIDTH="15" VPOS="159" HPOS="270"/>
							<String ID="string_15" HPOS="285" VPOS="162" WIDTH="35" HEIGHT="19" WC="0.96" CONTENT="att"/><SP WIDTH="22" VPOS="162" HPOS="320"/>
							<String ID="string_16" HPOS="342" VPOS="160" WIDTH="85" HEIGHT="22" WC="0.93" CONTENT="således"/><SP WIDTH="24" VPOS="160" HPOS="427"/>
							<String ID="string_17" HPOS="451" VPOS="161" WIDTH="138" HEIGHT="21" WC="0.92" CONTENT="statsverket"/><SP WIDTH="22" VPOS="161" HPOS="589"/>
							<String ID="string_18" HPOS="611" VPOS="161" WIDTH="74" HEIGHT="22" WC="0.93" CONTENT="skulle"/><SP WIDTH="20" VPOS="161" HPOS="685"/>
							<String ID="string_19" HPOS="705" VPOS="161" WIDTH="97" HEIGHT="25" WC="0.91" CONTENT="råka,ut"/><SP WIDTH="15" VPOS="161" HPOS="802"/>
							<String ID="string_20" HPOS="817" VPOS="159" WIDTH="36" HEIGHT="22" WC="0.93" CONTENT="för"/><SP WIDTH="15" VPOS="159" HPOS="853"/>
							<String ID="string_21" HPOS="868" VPOS="160" WIDTH="179" HEIGHT="22" WC="0.92" CONTENT="eventualiteten"/>
						</TextLine>
						<TextLine ID="line_3" HPOS="226" VPOS="189" WIDTH="821" HEIGHT="30">
							<String ID="string_22" HPOS="226" VPOS="191" WIDTH="35" HEIGHT="20" WC="0.96" CONTENT="att"/><SP WIDTH="14" VPOS="191" HPOS="261"/>
							<String ID="string_23" HPOS="275" VPOS="191" WIDTH="74" HEIGHT="20" WC="0.93" CONTENT="måsta"/><SP WIDTH="15" VPOS="191" HPOS="349"/>
							<String ID="string_24" HPOS="364" VPOS="190" WIDTH="119" HEIGHT="29" WC="0.92" CONTENT="öfvertaga"/><SP WIDTH="16" VPOS="190" HPOS="483"/>
							<String ID="string_25" HPOS="499" VPOS="190" WIDTH="44" HEIGHT="22" WC="0.96" CONTENT="den"/><SP WIDTH="14" VPOS="190" HPOS="543"/>
							<String ID="string_26" HPOS="557" VPOS="198" WIDTH="48" HEIGHT="21" WC="0.96" CONTENT="nya"/><SP WIDTH="16" VPOS="198" HPOS="605"/>
							<String ID="string_27" HPOS="621" VPOS="191" WIDTH="80" HEIGHT="28" WC="0.96" CONTENT="banan,"/><SP WIDTH="16" VPOS="191" HPOS="701"/>
							<String ID="string_28" HPOS="717" VPOS="198" WIDTH="59" HEIGHT="19" WC="0.95" CONTENT="vore,"/><SP WIDTH="17" VPOS="198" HPOS="776"/>
							<String ID="string_29" HPOS="793" VPOS="197" WIDTH="68" HEIGHT="21" WC="0.96" CONTENT="synes"/><SP WIDTH="16" VPOS="197" HPOS="861"/>
							<String ID="string_30" HPOS="877" VPOS="189" WIDTH="38" HEIGHT="22" WC="0.96" CONTENT="det"/><SP WIDTH="15" VPOS="189" HPOS="915"/>
							<String ID="string_31" HPOS="930" VPOS="190" WIDTH="53" HEIGHT="29" WC="0.93" CONTENT="mig,"/><SP WIDTH="16" VPOS="190" HPOS="983"/>
							<String ID="string_32" HPOS="999" VPOS="191" WIDTH="48" HEIGHT="21" WC="0.92" CONTENT="det-"/>
						</TextLine>
						<TextLine ID="line_4" HPOS="226" VPOS="219" WIDTH="822" HEIGHT="30">
							<String ID="string_33" HPOS="226" VPOS="227" WIDTH="86" HEIGHT="14" WC="0.96" CONTENT="samma"/><SP WIDTH="15" VPOS="227" HPOS="312"/>
							<String ID="string_34" HPOS="327" VPOS="227" WIDTH="48" HEIGHT="14" WC="0.96" CONTENT="som"/><SP WIDTH="14" VPOS="227" HPOS="375"/>
							<String ID="string_35" HPOS="389" VPOS="223" WIDTH="34" HEIGHT="19" WC="0.96" CONTENT="att"/><SP WIDTH="15" VPOS="223" HPOS="423"/>
							<String ID="string_36" HPOS="438" VPOS="222" WIDTH="79" HEIGHT="25" WC="0.96" CONTENT="genast"/><SP WIDTH="15" VPOS="222" HPOS="517"/>
							<String ID="string_37" HPOS="532" VPOS="220" WIDTH="93" HEIGHT="23" WC="0.96" CONTENT="förorda"/><SP WIDTH="15" VPOS="220" HPOS="625"/>
							<String ID="string_38" HPOS="640" VPOS="222" WIDTH="35" HEIGHT="20" WC="0.96" CONTENT="att"/><SP WIDTH="15" VPOS="222" HPOS="675"/>
							<String ID="string_39" HPOS="690" VPOS="221" WIDTH="44" HEIGHT="21" WC="0.93" CONTENT="den"/><SP WIDTH="15" VPOS="221" HPOS="734"/>
							<String ID="string_40" HPOS="749" VPOS="220" WIDTH="89" HEIGHT="29" WC="0.91" CONTENT="bygges"/><SP WIDTH="16" VPOS="220" HPOS="838"/>
							<String ID="string_41" HPOS="854" VPOS="219" WIDTH="36" HEIGHT="22" WC="0.93" CONTENT="för"/><SP WIDTH="10" VPOS="219" HPOS="890"/>
							<String ID="string_42" HPOS="900" VPOS="221" WIDTH="148" HEIGHT="21" WC="0.92" CONTENT="statsverkets"/>
						</TextLine>
						<TextLine ID="line_5" HPOS="225" VPOS="249" WIDTH="823" HEIGHT="30">
							<String ID="string_43" HPOS="225" VPOS="249" WIDTH="108" HEIGHT="29" WC="0.96" CONTENT="räkning;"/><SP WIDTH="16" VPOS="249" HPOS="333"/>
							<String ID="string_44" HPOS="349" VPOS="249" WIDTH="42" HEIGHT="22" WC="0.96" CONTENT="och"/><SP WIDTH="15" VPOS="249" HPOS="391"/>
							<String ID="string_45" HPOS="406" VPOS="251" WIDTH="113" HEIGHT="21" WC="0.96" CONTENT="utskottet"/><SP WIDTH="15" VPOS="251" HPOS="519"/>
							<String ID="string_46" HPOS="534" VPOS="250" WIDTH="133" HEIGHT="23" WC="0.87" CONTENT="framhåller"/><SP WIDTH="16" VPOS="250" HPOS="667"/>
							<String ID="string_47" HPOS="683" VPOS="251" WIDTH="64" HEIGHT="28" WC="0.91" CONTENT="själft"/><SP WIDTH="10" VPOS="251" HPOS="747"/>
							<String ID="string_48" HPOS="757" VPOS="252" WIDTH="35" HEIGHT="20" WC="0.96" CONTENT="att"/><SP WIDTH="10" VPOS="252" HPOS="792"/>
							<String ID="string_49" HPOS="802" VPOS="249" WIDTH="65" HEIGHT="22" WC="0.96" CONTENT="detta"/><SP WIDTH="10" VPOS="249" HPOS="867"/>
							<String ID="string_50" HPOS="877" VPOS="249" WIDTH="58" HEIGHT="22" WC="0.96" CONTENT="dock"/><SP WIDTH="11" VPOS="249" HPOS="935"/>
							<String ID="string_51" HPOS="946" VPOS="250" WIDTH="49" HEIGHT="21" WC="0.96" CONTENT="icke"/><SP WIDTH="11" VPOS="250" HPOS="995"/>
							<String ID="string_52" HPOS="1006" VPOS="250" WIDTH="42" HEIGHT="22" WC="0.96" CONTENT="har"/>
						</TextLine>
						<TextLine ID="line_6" HPOS="227" VPOS="279" WIDTH="819" HEIGHT="29">
							<String ID="string_53" HPOS="227" VPOS="279" WIDTH="138" HEIGHT="29" WC="0.96" CONTENT="tillräckligt"/><SP WIDTH="14" VPOS="279" HPOS="365"/>
							<String ID="string_54" HPOS="379" VPOS="280" WIDTH="49" HEIGHT="21" WC="0.96" CONTENT="skäl"/><SP WIDTH="16" VPOS="280" HPOS="428"/>
							<String ID="string_55" HPOS="444" VPOS="280" WIDTH="35" HEIGHT="22" WC="0.96" CONTENT="för"/><SP WIDTH="16" VPOS="280" HPOS="479"/>
							<String ID="string_56" HPOS="495" VPOS="280" WIDTH="41" HEIGHT="28" WC="0.96" CONTENT="sig,"/><SP WIDTH="16" VPOS="280" HPOS="536"/>
							<String ID="string_57" HPOS="552" VPOS="281" WIDTH="96" HEIGHT="21" WC="0.96" CONTENT="emedan"/><SP WIDTH="15" VPOS="281" HPOS="648"/>
							<String ID="string_58" HPOS="663" VPOS="281" WIDTH="24" HEIGHT="21" WC="0.97" CONTENT="så"/><SP WIDTH="15" VPOS="281" HPOS="687"/>
							<String ID="string_59" HPOS="702" VPOS="281" WIDTH="84" HEIGHT="27" WC="0.96" CONTENT="många"/><SP WIDTH="15" VPOS="281" HPOS="786"/>
							<String ID="string_60" HPOS="801" VPOS="279" WIDTH="72" HEIGHT="22" WC="0.95" CONTENT="andra"/><SP WIDTH="16" VPOS="279" HPOS="873"/>
							<String ID="string_61" HPOS="889" VPOS="279" WIDTH="62" HEIGHT="21" WC="0.96" CONTENT="delar"/><SP WIDTH="11" VPOS="279" HPOS="951"/>
							<String ID="string_62" HPOS="962" VPOS="279" WIDTH="26" HEIGHT="21" WC="0.96" CONTENT="af"/><SP WIDTH="7" VPOS="279" HPOS="988"/>
							<String ID="string_63" HPOS="995" VPOS="281" WIDTH="51" HEIGHT="19" WC="0.96" CONTENT="vårt"/>
						</TextLine>
						<TextLine ID="line_7" HPOS="225" VPOS="308" WIDTH="821" HEIGHT="28">
							<String ID="string_64" HPOS="225" VPOS="308" WIDTH="56" HEIGHT="22" WC="0.96" CONTENT="land"/><SP WIDTH="14" VPOS="308" HPOS="281"/>
							<String ID="string_65" HPOS="295" VPOS="313" WIDTH="38" HEIGHT="17" WC="0.95" CONTENT="äro"/><SP WIDTH="17" VPOS="313" HPOS="333"/>
							<String ID="string_66" HPOS="350" VPOS="309" WIDTH="8" HEIGHT="21" WC="0.93" CONTENT="i"/><SP WIDTH="15" VPOS="309" HPOS="358"/>
							<String ID="string_67" HPOS="373" VPOS="309" WIDTH="71" HEIGHT="22" WC="0.92" CONTENT="behof"/><SP WIDTH="20" VPOS="309" HPOS="444"/>
							<String ID="string_68" HPOS="464" VPOS="310" WIDTH="26" HEIGHT="22" WC="0.96" CONTENT="af"/><SP WIDTH="21" VPOS="310" HPOS="490"/>
							<String ID="string_69" HPOS="511" VPOS="310" WIDTH="141" HEIGHT="22" WC="0.96" CONTENT="förbättrade"/><SP WIDTH="23" VPOS="310" HPOS="652"/>
							<String ID="string_70" HPOS="675" VPOS="309" WIDTH="228" HEIGHT="27" WC="0.96" CONTENT="kommunikationer,"/><SP WIDTH="19" VPOS="309" HPOS="903"/>
							<String ID="string_71" HPOS="922" VPOS="309" WIDTH="62" HEIGHT="22" WC="0.96" CONTENT="delar"/><SP WIDTH="16" VPOS="309" HPOS="984"/>
							<String ID="string_72" HPOS="1000" VPOS="316" WIDTH="46" HEIGHT="14" WC="0.96" CONTENT="som"/>
						</TextLine>
						<TextLine ID="line_8" HPOS="226" VPOS="339" WIDTH="823" HEIGHT="29">
							<String ID="string_73" HPOS="226" VPOS="346" WIDTH="32" HEIGHT="14" WC="0.95" CONTENT="nu"/><SP WIDTH="16" VPOS="346" HPOS="258"/>
							<String ID="string_74" HPOS="274" VPOS="339" WIDTH="51" HEIGHT="21" WC="0.96" CONTENT="icke"/><SP WIDTH="16" VPOS="339" HPOS="325"/>
							<String ID="string_75" HPOS="341" VPOS="342" WIDTH="37" HEIGHT="18" WC="0.96" CONTENT="äro"/><SP WIDTH="16" VPOS="342" HPOS="378"/>
							<String ID="string_76" HPOS="394" VPOS="341" WIDTH="24" HEIGHT="20" WC="0.96" CONTENT="så"/><SP WIDTH="20" VPOS="341" HPOS="418"/>
							<String ID="string_77" HPOS="438" VPOS="340" WIDTH="99" HEIGHT="28" WC="0.96" CONTENT="lyckligt"/><SP WIDTH="23" VPOS="340" HPOS="537"/>
							<String ID="string_78" HPOS="560" VPOS="340" WIDTH="87" HEIGHT="22" WC="0.96" CONTENT="lottade"/><SP WIDTH="16" VPOS="340" HPOS="647"/>
							<String ID="string_79" HPOS="663" VPOS="347" WIDTH="48" HEIGHT="14" WC="0.96" CONTENT="som"/><SP WIDTH="16" VPOS="347" HPOS="711"/>
							<String ID="string_80" HPOS="727" VPOS="340" WIDTH="84" HEIGHT="21" WC="0.96" CONTENT="Kotka."/><SP WIDTH="32" VPOS="340" HPOS="811"/>
							<String ID="string_81" HPOS="843" VPOS="339" WIDTH="33" HEIGHT="21" WC="0.91" CONTENT="På"/><SP WIDTH="15" VPOS="339" HPOS="876"/>
							<String ID="string_82" HPOS="891" VPOS="339" WIDTH="75" HEIGHT="29" WC="0.96" CONTENT="grund"/><SP WIDTH="15" VPOS="339" HPOS="966"/>
							<String ID="string_83" HPOS="981" VPOS="339" WIDTH="68" HEIGHT="22" WC="0.96" CONTENT="häraf"/>
						</TextLine>
						<TextLine ID="line_9" HPOS="225" VPOS="368" WIDTH="821" HEIGHT="30">
							<String ID="string_84" HPOS="225" VPOS="368" WIDTH="74" HEIGHT="22" WC="0.96" CONTENT="skulle"/><SP WIDTH="13" VPOS="368" HPOS="299"/>
							<String ID="string_85" HPOS="312" VPOS="368" WIDTH="42" HEIGHT="29" WC="0.96" CONTENT="jag"/><SP WIDTH="15" VPOS="368" HPOS="354"/>
							<String ID="string_86" HPOS="369" VPOS="369" WIDTH="36" HEIGHT="22" WC="0.96" CONTENT="för"/><SP WIDTH="14" VPOS="369" HPOS="405"/>
							<String ID="string_87" HPOS="419" VPOS="370" WIDTH="48" HEIGHT="21" WC="0.95" CONTENT="min"/><SP WIDTH="16" VPOS="370" HPOS="467"/>
							<String ID="string_88" HPOS="483" VPOS="370" WIDTH="36" HEIGHT="21" WC="0.96" CONTENT="del"/><SP WIDTH="16" VPOS="370" HPOS="519"/>
							<String ID="string_89" HPOS="535" VPOS="370" WIDTH="50" HEIGHT="22" WC="0.96" CONTENT="icke"/><SP WIDTH="16" VPOS="370" HPOS="585"/>
							<String ID="string_90" HPOS="601" VPOS="370" WIDTH="78" HEIGHT="22" WC="0.95" CONTENT="kunna"/><SP WIDTH="10" VPOS="370" HPOS="679"/>
							<String ID="string_91" HPOS="689" VPOS="370" WIDTH="124" HEIGHT="28" WC="0.95" CONTENT="godkänna"/><SP WIDTH="11" VPOS="370" HPOS="813"/>
							<String ID="string_92" HPOS="824" VPOS="369" WIDTH="75" HEIGHT="21" WC="0.93" CONTENT="denna"/><SP WIDTH="10" VPOS="369" HPOS="899"/>
							<String ID="string_93" HPOS="909" VPOS="369" WIDTH="137" HEIGHT="22" WC="0.92" CONTENT="lånesumma"/>
						</TextLine>
						<TextLine ID="line_10" HPOS="226" VPOS="398" WIDTH="821" HEIGHT="30">
							<String ID="string_94" HPOS="226" VPOS="398" WIDTH="27" HEIGHT="21" WC="0.92" CONTENT="af"/><SP WIDTH="13" VPOS="398" HPOS="253"/>
							<String ID="string_95" HPOS="266" VPOS="399" WIDTH="95" HEIGHT="27" WC="0.91" CONTENT="900,000"/><SP WIDTH="22" VPOS="399" HPOS="361"/>
							<String ID="string_96" HPOS="383" VPOS="400" WIDTH="72" HEIGHT="28" WC="0.96" CONTENT="mark,"/><SP WIDTH="23" VPOS="400" HPOS="455"/>
							<String ID="string_97" HPOS="478" VPOS="403" WIDTH="57" HEIGHT="19" WC="0.96" CONTENT="utan"/><SP WIDTH="16" VPOS="403" HPOS="535"/>
							<String ID="string_98" HPOS="551" VPOS="400" WIDTH="8" HEIGHT="22" WC="0.96" CONTENT="i"/><SP WIDTH="16" VPOS="400" HPOS="559"/>
							<String ID="string_99" HPOS="575" VPOS="400" WIDTH="51" HEIGHT="22" WC="0.96" CONTENT="dess"/><SP WIDTH="17" VPOS="400" HPOS="626"/>
							<String ID="string_100" HPOS="643" VPOS="400" WIDTH="65" HEIGHT="21" WC="0.96" CONTENT="ställe"/><SP WIDTH="16" VPOS="400" HPOS="708"/>
							<String ID="string_101" HPOS="724" VPOS="398" WIDTH="91" HEIGHT="30" WC="0.92" CONTENT="förhöja"/><SP WIDTH="16" VPOS="398" HPOS="815"/>
							<String ID="string_102" HPOS="831" VPOS="399" WIDTH="164" HEIGHT="21" WC="0.91" CONTENT="subventionen"/><SP WIDTH="15" VPOS="399" HPOS="995"/>
							<String ID="string_103" HPOS="1010" VPOS="399" WIDTH="37" HEIGHT="22" WC="0.96" CONTENT="till"/>
						</TextLine>
						<TextLine ID="line_11" HPOS="225" VPOS="428" WIDTH="180" HEIGHT="27">
							<String ID="string_104" HPOS="225" VPOS="428" WIDTH="95" HEIGHT="27" WC="0.91" CONTENT="800,000"/><SP WIDTH="15" VPOS="428" HPOS="320"/>
							<String ID="string_105" HPOS="335" VPOS="430" WIDTH="70" HEIGHT="21" WC="0.96" CONTENT="mark."/>
						</TextLine>
					</TextBlock>
					<TextBlock ID="block_2" HPOS="221" VPOS="458" WIDTH="827" HEIGHT="1073">
						<TextLine ID="line_12" HPOS="298" VPOS="458" WIDTH="749" HEIGHT="29">
							<String ID="string_106" HPOS="298" VPOS="458" WIDTH="95" HEIGHT="22" WC="0.96" CONTENT="Tohtori"/><SP WIDTH="14" VPOS="458" HPOS="393"/>
							<String ID="string_107" HPOS="407" VPOS="459" WIDTH="83" HEIGHT="28" WC="0.96" CONTENT="Lagus:"/><SP WIDTH="16" VPOS="459" HPOS="490"/>
							<String ID="string_108" HPOS="506" VPOS="461" WIDTH="44" HEIGHT="20" WC="0.96" CONTENT="Det"/><SP WIDTH="15" VPOS="461" HPOS="550"/>
							<String ID="string_109" HPOS="565" VPOS="459" WIDTH="47" HEIGHT="21" WC="0.96" CONTENT="kan"/><SP WIDTH="15" VPOS="459" HPOS="612"/>
							<String ID="string_110" HPOS="627" VPOS="459" WIDTH="106" HEIGHT="22" WC="0.96" CONTENT="förefalla"/><SP WIDTH="10" VPOS="459" HPOS="733"/>
							<String ID="string_111" HPOS="743" VPOS="466" WIDTH="49" HEIGHT="14" WC="0.96" CONTENT="som"/><SP WIDTH="11" VPOS="466" HPOS="792"/>
							<String ID="string_112" HPOS="803" VPOS="465" WIDTH="36" HEIGHT="14" WC="0.96" CONTENT="om"/><SP WIDTH="12" VPOS="465" HPOS="839"/>
							<String ID="string_113" HPOS="851" VPOS="458" WIDTH="113" HEIGHT="22" WC="0.96" CONTENT="utskottet"/><SP WIDTH="10" VPOS="458" HPOS="964"/>
							<String ID="string_114" HPOS="974" VPOS="458" WIDTH="73" HEIGHT="22" WC="0.96" CONTENT="skulle"/>
						</TextLine>
						<TextLine ID="line_13" HPOS="225" VPOS="487" WIDTH="821" HEIGHT="31">
							<String ID="string_115" HPOS="225" VPOS="487" WIDTH="72" HEIGHT="22" WC="0.95" CONTENT="hafva"/><SP WIDTH="22" VPOS="487" HPOS="297"/>
							<String ID="string_116" HPOS="319" VPOS="487" WIDTH="118" HEIGHT="30" WC="0.95" CONTENT="föreslagit"/><SP WIDTH="24" VPOS="487" HPOS="437"/>
							<String ID="string_117" HPOS="461" VPOS="497" WIDTH="28" HEIGHT="14" WC="0.96" CONTENT="en"/><SP WIDTH="22" VPOS="497" HPOS="489"/>
							<String ID="string_118" HPOS="511" VPOS="489" WIDTH="144" HEIGHT="29" WC="0.89" CONTENT="någorlunda"/><SP WIDTH="23" VPOS="489" HPOS="655"/>
							<String ID="string_119" HPOS="678" VPOS="491" WIDTH="47" HEIGHT="20" WC="0.96" CONTENT="stor"/><SP WIDTH="23" VPOS="491" HPOS="725"/>
							<String ID="string_120" HPOS="748" VPOS="488" WIDTH="144" HEIGHT="27" WC="0.95" CONTENT="subvention,"/><SP WIDTH="23" VPOS="488" HPOS="892"/>
							<String ID="string_121" HPOS="915" VPOS="488" WIDTH="8" HEIGHT="21" WC="0.96" CONTENT="i"/><SP WIDTH="15" VPOS="488" HPOS="923"/>
							<String ID="string_122" HPOS="938" VPOS="488" WIDTH="41" HEIGHT="21" WC="0.95" CONTENT="fall"/><SP WIDTH="15" VPOS="488" HPOS="979"/>
							<String ID="string_123" HPOS="994" VPOS="496" WIDTH="52" HEIGHT="15" WC="0.95" CONTENT="man"/>
						</TextLine>
						<TextLine ID="line_14" HPOS="226" VPOS="517" WIDTH="821" HEIGHT="30">
							<String ID="string_124" HPOS="226" VPOS="517" WIDTH="116" HEIGHT="29" WC="0.96" CONTENT="nämligen"/><SP WIDTH="23" VPOS="517" HPOS="342"/>
							<String ID="string_125" HPOS="365" VPOS="518" WIDTH="69" HEIGHT="22" WC="0.95" CONTENT="fattar"/><SP WIDTH="21" VPOS="518" HPOS="434"/>
							<String ID="string_126" HPOS="455" VPOS="521" WIDTH="32" HEIGHT="19" WC="0.92" CONTENT="ett"/><SP WIDTH="24" VPOS="521" HPOS="487"/>
							<String ID="string_127" HPOS="511" VPOS="519" WIDTH="188" HEIGHT="28" WC="0.92" CONTENT="amorteringslån"/><SP WIDTH="24" VPOS="519" HPOS="699"/>
							<String ID="string_128" HPOS="723" VPOS="526" WIDTH="48" HEIGHT="15" WC="0.96" CONTENT="som"/><SP WIDTH="16" VPOS="526" HPOS="771"/>
							<String ID="string_129" HPOS="787" VPOS="526" WIDTH="28" HEIGHT="14" WC="0.96" CONTENT="en"/><SP WIDTH="16" VPOS="526" HPOS="815"/>
							<String ID="string_130" HPOS="831" VPOS="518" WIDTH="141" HEIGHT="21" WC="0.96" CONTENT="subvention."/><SP WIDTH="30" VPOS="518" HPOS="972"/>
							<String ID="string_131" HPOS="1002" VPOS="519" WIDTH="45" HEIGHT="21" WC="0.93" CONTENT="Det"/>
						</TextLine>
						<TextLine ID="line_15" HPOS="226" VPOS="547" WIDTH="821" HEIGHT="31">
							<String ID="string_132" HPOS="226" VPOS="550" WIDTH="25" HEIGHT="18" WC="0.96" CONTENT="är"/><SP WIDTH="16" VPOS="550" HPOS="251"/>
							<String ID="string_133" HPOS="267" VPOS="547" WIDTH="58" HEIGHT="22" WC="0.96" CONTENT="dock"/><SP WIDTH="16" VPOS="547" HPOS="325"/>
							<String ID="string_134" HPOS="341" VPOS="555" WIDTH="27" HEIGHT="14" WC="0.96" CONTENT="en"/><SP WIDTH="16" VPOS="555" HPOS="368"/>
							<String ID="string_135" HPOS="384" VPOS="549" WIDTH="114" HEIGHT="29" WC="0.96" CONTENT="väsentlig"/><SP WIDTH="16" VPOS="549" HPOS="498"/>
							<String ID="string_136" HPOS="514" VPOS="549" WIDTH="90" HEIGHT="22" WC="0.96" CONTENT="skilnad"/><SP WIDTH="16" VPOS="549" HPOS="604"/>
							<String ID="string_137" HPOS="620" VPOS="549" WIDTH="97" HEIGHT="22" WC="0.96" CONTENT="emellan"/><SP WIDTH="16" VPOS="549" HPOS="717"/>
							<String ID="string_138" HPOS="733" VPOS="549" WIDTH="65" HEIGHT="21" WC="0.96" CONTENT="dessa"/><SP WIDTH="15" VPOS="549" HPOS="798"/>
							<String ID="string_139" HPOS="813" VPOS="549" WIDTH="41" HEIGHT="21" WC="0.96" CONTENT="två"/><SP WIDTH="15" VPOS="549" HPOS="854"/>
							<String ID="string_140" HPOS="869" VPOS="548" WIDTH="69" HEIGHT="21" WC="0.96" CONTENT="saker."/><SP WIDTH="31" VPOS="548" HPOS="938"/>
							<String ID="string_141" HPOS="969" VPOS="548" WIDTH="78" HEIGHT="22" WC="0.94" CONTENT="Kotka"/>
						</TextLine>
						<TextLine ID="line_16" HPOS="225" VPOS="577" WIDTH="822" HEIGHT="31">
							<String ID="string_142" HPOS="225" VPOS="577" WIDTH="44" HEIGHT="21" WC="0.95" CONTENT="har"/><SP WIDTH="22" VPOS="577" HPOS="269"/>
							<String ID="string_143" HPOS="291" VPOS="577" WIDTH="36" HEIGHT="21" WC="0.96" CONTENT="för"/><SP WIDTH="20" VPOS="577" HPOS="327"/>
							<String ID="string_144" HPOS="347" VPOS="578" WIDTH="36" HEIGHT="21" WC="0.96" CONTENT="sin"/><SP WIDTH="20" VPOS="578" HPOS="383"/>
							<String ID="string_145" HPOS="403" VPOS="578" WIDTH="36" HEIGHT="22" WC="0.96" CONTENT="del"/><SP WIDTH="20" VPOS="578" HPOS="439"/>
							<String ID="string_146" HPOS="459" VPOS="579" WIDTH="61" HEIGHT="29" WC="0.96" CONTENT="gjort"/><SP WIDTH="23" VPOS="579" HPOS="520"/>
							<String ID="string_147" HPOS="543" VPOS="579" WIDTH="27" HEIGHT="21" WC="0.96" CONTENT="de"/><SP WIDTH="16" VPOS="579" HPOS="570"/>
							<String ID="string_148" HPOS="586" VPOS="579" WIDTH="67" HEIGHT="21" WC="0.96" CONTENT="bästa"/><SP WIDTH="15" VPOS="579" HPOS="653"/>
							<String ID="string_149" HPOS="668" VPOS="579" WIDTH="77" HEIGHT="21" WC="0.96" CONTENT="anbud"/><SP WIDTH="15" VPOS="579" HPOS="745"/>
							<String ID="string_150" HPOS="760" VPOS="579" WIDTH="36" HEIGHT="21" WC="0.96" CONTENT="för"/><SP WIDTH="16" VPOS="579" HPOS="796"/>
							<String ID="string_151" HPOS="812" VPOS="580" WIDTH="35" HEIGHT="19" WC="0.96" CONTENT="att"/><SP WIDTH="15" VPOS="580" HPOS="847"/>
							<String ID="string_152" HPOS="862" VPOS="577" WIDTH="25" HEIGHT="22" WC="0.96" CONTENT="få"/><SP WIDTH="15" VPOS="577" HPOS="887"/>
							<String ID="string_153" HPOS="902" VPOS="585" WIDTH="28" HEIGHT="13" WC="0.96" CONTENT="en"/><SP WIDTH="12" VPOS="585" HPOS="930"/>
							<String ID="string_154" HPOS="942" VPOS="578" WIDTH="105" HEIGHT="28" WC="0.96" CONTENT="järnväg,"/>
						</TextLine>
						<TextLine ID="line_17" HPOS="226" VPOS="607" WIDTH="821" HEIGHT="30">
							<String ID="string_155" HPOS="226" VPOS="613" WIDTH="37" HEIGHT="15" WC="0.96" CONTENT="om"/><SP WIDTH="22" VPOS="613" HPOS="263"/>
							<String ID="string_156" HPOS="285" VPOS="614" WIDTH="53" HEIGHT="14" WC="0.91" CONTENT="man"/><SP WIDTH="23" VPOS="614" HPOS="338"/>
							<String ID="string_157" HPOS="361" VPOS="608" WIDTH="142" HEIGHT="29" WC="0.91" CONTENT="undantager"/><SP WIDTH="18" VPOS="608" HPOS="503"/>
							<String ID="string_158" HPOS="521" VPOS="608" WIDTH="134" HEIGHT="22" WC="0.96" CONTENT="Jakobstad."/><SP WIDTH="30" VPOS="608" HPOS="655"/>
							<String ID="string_159" HPOS="685" VPOS="608" WIDTH="144" HEIGHT="29" WC="0.96" CONTENT="Björneborg"/><SP WIDTH="15" VPOS="608" HPOS="829"/>
							<String ID="string_160" HPOS="844" VPOS="607" WIDTH="42" HEIGHT="22" WC="0.96" CONTENT="har"/><SP WIDTH="15" VPOS="607" HPOS="886"/>
							<String ID="string_161" HPOS="901" VPOS="607" WIDTH="35" HEIGHT="22" WC="0.96" CONTENT="för"/><SP WIDTH="16" VPOS="607" HPOS="936"/>
							<String ID="string_162" HPOS="952" VPOS="608" WIDTH="37" HEIGHT="21" WC="0.91" CONTENT="det"/><SP WIDTH="16" VPOS="608" HPOS="989"/>
							<String ID="string_163" HPOS="1005" VPOS="608" WIDTH="42" HEIGHT="21" WC="0.90" CONTENT="fal-"/>
						</TextLine>
						<TextLine ID="line_18" HPOS="225" VPOS="636" WIDTH="822" HEIGHT="32">
							<String ID="string_164" HPOS="225" VPOS="636" WIDTH="38" HEIGHT="27" WC="0.95" CONTENT="let,"/><SP WIDTH="24" VPOS="636" HPOS="263"/>
							<String ID="string_165" HPOS="287" VPOS="639" WIDTH="34" HEIGHT="19" WC="0.95" CONTENT="att"/><SP WIDTH="22" VPOS="639" HPOS="321"/>
							<String ID="string_166" HPOS="343" VPOS="639" WIDTH="75" HEIGHT="20" WC="0.95" CONTENT="staten"/><SP WIDTH="23" VPOS="639" HPOS="418"/>
							<String ID="string_167" HPOS="441" VPOS="638" WIDTH="73" HEIGHT="22" WC="0.96" CONTENT="skulle"/><SP WIDTH="22" VPOS="638" HPOS="514"/>
							<String ID="string_168" HPOS="536" VPOS="639" WIDTH="79" HEIGHT="29" WC="0.96" CONTENT="bygga"/><SP WIDTH="21" VPOS="639" HPOS="615"/>
							<String ID="string_169" HPOS="636" VPOS="638" WIDTH="51" HEIGHT="22" WC="0.96" CONTENT="dess"/><SP WIDTH="16" VPOS="638" HPOS="687"/>
							<String ID="string_170" HPOS="703" VPOS="639" WIDTH="64" HEIGHT="27" WC="0.96" CONTENT="bana,"/><SP WIDTH="17" VPOS="639" HPOS="767"/>
							<String ID="string_171" HPOS="784" VPOS="638" WIDTH="81" HEIGHT="21" WC="0.93" CONTENT="endast"/><SP WIDTH="15" VPOS="638" HPOS="865"/>
							<String ID="string_172" HPOS="880" VPOS="637" WIDTH="73" HEIGHT="21" WC="0.92" CONTENT="lofvat"/><SP WIDTH="15" VPOS="637" HPOS="953"/>
							<String ID="string_173" HPOS="968" VPOS="638" WIDTH="79" HEIGHT="27" WC="0.91" CONTENT="25,000"/>
						</TextLine>
						<TextLine ID="line_19" HPOS="225" VPOS="666" WIDTH="821" HEIGHT="30">
							<String ID="string_174" HPOS="225" VPOS="666" WIDTH="67" HEIGHT="22" WC="0.96" CONTENT="mark"/><SP WIDTH="15" VPOS="666" HPOS="292"/>
							<String ID="string_175" HPOS="307" VPOS="674" WIDTH="36" HEIGHT="14" WC="0.96" CONTENT="om"/><SP WIDTH="16" VPOS="674" HPOS="343"/>
							<String ID="string_176" HPOS="359" VPOS="668" WIDTH="48" HEIGHT="21" WC="0.96" CONTENT="året"/><SP WIDTH="14" VPOS="668" HPOS="407"/>
							<String ID="string_177" HPOS="421" VPOS="668" WIDTH="9" HEIGHT="21" WC="0.96" CONTENT="i"/><SP WIDTH="15" VPOS="668" HPOS="430"/>
							<String ID="string_178" HPOS="445" VPOS="670" WIDTH="30" HEIGHT="20" WC="0.96" CONTENT="40"/><SP WIDTH="14" VPOS="670" HPOS="475"/>
							<String ID="string_179" HPOS="489" VPOS="670" WIDTH="36" HEIGHT="20" WC="0.96" CONTENT="års"/><SP WIDTH="15" VPOS="670" HPOS="525"/>
							<String ID="string_180" HPOS="540" VPOS="668" WIDTH="40" HEIGHT="22" WC="0.95" CONTENT="tid."/><SP WIDTH="31" VPOS="668" HPOS="580"/>
							<String ID="string_181" HPOS="611" VPOS="668" WIDTH="79" HEIGHT="22" WC="0.96" CONTENT="Kotka"/><SP WIDTH="15" VPOS="668" HPOS="690"/>
							<String ID="string_182" HPOS="705" VPOS="668" WIDTH="42" HEIGHT="22" WC="0.95" CONTENT="har"/><SP WIDTH="15" VPOS="668" HPOS="747"/>
							<String ID="string_183" HPOS="762" VPOS="668" WIDTH="37" HEIGHT="22" WC="0.96" CONTENT="för"/><SP WIDTH="15" VPOS="668" HPOS="799"/>
							<String ID="string_184" HPOS="814" VPOS="674" WIDTH="86" HEIGHT="15" WC="0.96" CONTENT="samma"/><SP WIDTH="15" VPOS="674" HPOS="900"/>
							<String ID="string_185" HPOS="915" VPOS="667" WIDTH="41" HEIGHT="21" WC="0.96" CONTENT="fall"/><SP WIDTH="15" VPOS="667" HPOS="956"/>
							<String ID="string_186" HPOS="971" VPOS="667" WIDTH="75" HEIGHT="29" WC="0.96" CONTENT="bjudit"/>
						</TextLine>
						<TextLine ID="line_20" HPOS="226" VPOS="696" WIDTH="820" HEIGHT="30">
							<String ID="string_187" HPOS="226" VPOS="698" WIDTH="35" HEIGHT="20" WC="0.96" CONTENT="ett"/><SP WIDTH="15" VPOS="698" HPOS="261"/>
							<String ID="string_188" HPOS="276" VPOS="696" WIDTH="88" HEIGHT="30" WC="0.96" CONTENT="kapital"/><SP WIDTH="15" VPOS="696" HPOS="364"/>
							<String ID="string_189" HPOS="379" VPOS="698" WIDTH="26" HEIGHT="21" WC="0.96" CONTENT="af"/><SP WIDTH="13" VPOS="698" HPOS="405"/>
							<String ID="string_190" HPOS="418" VPOS="706" WIDTH="28" HEIGHT="13" WC="0.96" CONTENT="en"/><SP WIDTH="16" VPOS="706" HPOS="446"/>
							<String ID="string_191" HPOS="462" VPOS="698" WIDTH="51" HEIGHT="22" WC="0.96" CONTENT="half"/><SP WIDTH="12" VPOS="698" HPOS="513"/>
							<String ID="string_192" HPOS="525" VPOS="698" WIDTH="94" HEIGHT="28" WC="0.96" CONTENT="million,"/><SP WIDTH="17" VPOS="698" HPOS="619"/>
							<String ID="string_193" HPOS="636" VPOS="698" WIDTH="68" HEIGHT="22" WC="0.96" CONTENT="hvars"/><SP WIDTH="15" VPOS="698" HPOS="704"/>
							<String ID="string_194" HPOS="719" VPOS="700" WIDTH="68" HEIGHT="20" WC="0.96" CONTENT="ränta"/><SP WIDTH="16" VPOS="700" HPOS="787"/>
							<String ID="string_195" HPOS="803" VPOS="697" WIDTH="86" HEIGHT="22" WC="0.96" CONTENT="således"/><SP WIDTH="16" VPOS="697" HPOS="889"/>
							<String ID="string_196" HPOS="905" VPOS="697" WIDTH="72" HEIGHT="21" WC="0.96" CONTENT="skulle"/><SP WIDTH="15" VPOS="697" HPOS="977"/>
							<String ID="string_197" HPOS="992" VPOS="700" WIDTH="54" HEIGHT="26" WC="0.96" CONTENT="göra"/>
						</TextLine>
						<TextLine ID="line_21" HPOS="224" VPOS="726" WIDTH="822" HEIGHT="32">
							<String ID="string_198" HPOS="224" VPOS="726" WIDTH="49" HEIGHT="22" WC="0.96" CONTENT="lika"/><SP WIDTH="25" VPOS="726" HPOS="273"/>
							<String ID="string_199" HPOS="298" VPOS="727" WIDTH="92" HEIGHT="28" WC="0.96" CONTENT="mycket"/><SP WIDTH="25" VPOS="727" HPOS="390"/>
							<String ID="string_200" HPOS="415" VPOS="735" WIDTH="48" HEIGHT="15" WC="0.94" CONTENT="som"/><SP WIDTH="24" VPOS="735" HPOS="463"/>
							<String ID="string_201" HPOS="487" VPOS="728" WIDTH="143" HEIGHT="30" WC="0.94" CONTENT="Björneborg"/><SP WIDTH="23" VPOS="728" HPOS="630"/>
							<String ID="string_202" HPOS="653" VPOS="728" WIDTH="74" HEIGHT="22" WC="0.96" CONTENT="skulle"/><SP WIDTH="22" VPOS="728" HPOS="727"/>
							<String ID="string_203" HPOS="749" VPOS="728" WIDTH="79" HEIGHT="22" WC="0.96" CONTENT="betala"/><SP WIDTH="23" VPOS="728" HPOS="828"/>
							<String ID="string_204" HPOS="851" VPOS="727" WIDTH="60" HEIGHT="22" WC="0.95" CONTENT="blott"/><SP WIDTH="21" VPOS="727" HPOS="911"/>
							<String ID="string_205" HPOS="932" VPOS="727" WIDTH="9" HEIGHT="21" WC="0.96" CONTENT="i"/><SP WIDTH="23" VPOS="727" HPOS="941"/>
							<String ID="string_206" HPOS="964" VPOS="728" WIDTH="29" HEIGHT="21" WC="0.96" CONTENT="40"/><SP WIDTH="23" VPOS="728" HPOS="993"/>
							<String ID="string_207" HPOS="1016" VPOS="728" WIDTH="30" HEIGHT="20" WC="0.94" CONTENT="år."/>
						</TextLine>
						<TextLine ID="line_22" HPOS="225" VPOS="756" WIDTH="821" HEIGHT="30">
							<String ID="string_208" HPOS="225" VPOS="756" WIDTH="157" HEIGHT="22" WC="0.96" CONTENT="Kristinestad"/><SP WIDTH="20" VPOS="756" HPOS="382"/>
							<String ID="string_209" HPOS="402" VPOS="758" WIDTH="41" HEIGHT="21" WC="0.96" CONTENT="har"/><SP WIDTH="16" VPOS="758" HPOS="443"/>
							<String ID="string_210" HPOS="459" VPOS="758" WIDTH="74" HEIGHT="28" WC="0.96" CONTENT="bjudit"/><SP WIDTH="16" VPOS="758" HPOS="533"/>
							<String ID="string_211" HPOS="549" VPOS="762" WIDTH="62" HEIGHT="18" WC="0.96" CONTENT="ännu"/><SP WIDTH="15" VPOS="762" HPOS="611"/>
							<String ID="string_212" HPOS="626" VPOS="758" WIDTH="93" HEIGHT="28" WC="0.95" CONTENT="mycket"/><SP WIDTH="15" VPOS="758" HPOS="719"/>
							<String ID="string_213" HPOS="734" VPOS="758" WIDTH="95" HEIGHT="24" WC="0.96" CONTENT="mindre,"/><SP WIDTH="16" VPOS="758" HPOS="829"/>
							<String ID="string_214" HPOS="845" VPOS="757" WIDTH="8" HEIGHT="21" WC="0.96" CONTENT="i"/><SP WIDTH="16" VPOS="757" HPOS="853"/>
							<String ID="string_215" HPOS="869" VPOS="757" WIDTH="39" HEIGHT="21" WC="0.96" CONTENT="det"/><SP WIDTH="16" VPOS="757" HPOS="908"/>
							<String ID="string_216" HPOS="924" VPOS="759" WIDTH="34" HEIGHT="19" WC="0.96" CONTENT="att"/><SP WIDTH="16" VPOS="759" HPOS="958"/>
							<String ID="string_217" HPOS="974" VPOS="757" WIDTH="72" HEIGHT="21" WC="0.96" CONTENT="denna"/>
						</TextLine>
						<TextLine ID="line_23" HPOS="225" VPOS="786" WIDTH="823" HEIGHT="30">
							<String ID="string_218" HPOS="225" VPOS="786" WIDTH="52" HEIGHT="22" WC="0.96" CONTENT="stad"/><SP WIDTH="22" VPOS="786" HPOS="277"/>
							<String ID="string_219" HPOS="299" VPOS="786" WIDTH="42" HEIGHT="22" WC="0.93" CONTENT="har"/><SP WIDTH="22" VPOS="786" HPOS="341"/>
							<String ID="string_220" HPOS="363" VPOS="787" WIDTH="72" HEIGHT="22" WC="0.91" CONTENT="lofvat"/><SP WIDTH="24" VPOS="787" HPOS="435"/>
							<String ID="string_221" HPOS="459" VPOS="788" WIDTH="79" HEIGHT="21" WC="0.93" CONTENT="endast"/><SP WIDTH="20" VPOS="788" HPOS="538"/>
							<String ID="string_222" HPOS="558" VPOS="789" WIDTH="95" HEIGHT="27" WC="0.89" CONTENT="100,000"/><SP WIDTH="14" VPOS="789" HPOS="653"/>
							<String ID="string_223" HPOS="667" VPOS="788" WIDTH="71" HEIGHT="28" WC="0.96" CONTENT="mark,"/><SP WIDTH="16" VPOS="788" HPOS="738"/>
							<String ID="string_224" HPOS="754" VPOS="787" WIDTH="117" HEIGHT="22" WC="0.96" CONTENT="fördelade"/><SP WIDTH="15" VPOS="787" HPOS="871"/>
							<String ID="string_225" HPOS="886" VPOS="788" WIDTH="30" HEIGHT="27" WC="0.96" CONTENT="på"/><SP WIDTH="15" VPOS="788" HPOS="916"/>
							<String ID="string_226" HPOS="931" VPOS="794" WIDTH="28" HEIGHT="14" WC="0.96" CONTENT="en"/><SP WIDTH="15" VPOS="794" HPOS="959"/>
							<String ID="string_227" HPOS="974" VPOS="786" WIDTH="34" HEIGHT="22" WC="0.96" CONTENT="tid"/><SP WIDTH="15" VPOS="786" HPOS="1008"/>
							<String ID="string_228" HPOS="1023" VPOS="787" WIDTH="25" HEIGHT="21" WC="0.96" CONTENT="af"/>
						</TextLine>
						<TextLine ID="line_24" HPOS="225" VPOS="816" WIDTH="821" HEIGHT="29">
							<String ID="string_229" HPOS="225" VPOS="816" WIDTH="30" HEIGHT="22" WC="0.94" CONTENT="20"/><SP WIDTH="20" VPOS="816" HPOS="255"/>
							<String ID="string_230" HPOS="275" VPOS="817" WIDTH="30" HEIGHT="20" WC="0.94" CONTENT="år."/><SP WIDTH="31" VPOS="817" HPOS="305"/>
							<String ID="string_231" HPOS="336" VPOS="816" WIDTH="128" HEIGHT="23" WC="0.96" CONTENT="Brahestad"/><SP WIDTH="20" VPOS="816" HPOS="464"/>
							<String ID="string_232" HPOS="484" VPOS="818" WIDTH="41" HEIGHT="21" WC="0.96" CONTENT="har"/><SP WIDTH="15" VPOS="818" HPOS="525"/>
							<String ID="string_233" HPOS="540" VPOS="819" WIDTH="54" HEIGHT="26" WC="0.95" CONTENT="åter,"/><SP WIDTH="17" VPOS="819" HPOS="594"/>
							<String ID="string_234" HPOS="611" VPOS="818" WIDTH="36" HEIGHT="21" WC="0.96" CONTENT="för"/><SP WIDTH="15" VPOS="818" HPOS="647"/>
							<String ID="string_235" HPOS="662" VPOS="820" WIDTH="35" HEIGHT="20" WC="0.96" CONTENT="att"/><SP WIDTH="16" VPOS="820" HPOS="697"/>
							<String ID="string_236" HPOS="713" VPOS="818" WIDTH="24" HEIGHT="21" WC="0.96" CONTENT="få"/><SP WIDTH="16" VPOS="818" HPOS="737"/>
							<String ID="string_237" HPOS="753" VPOS="825" WIDTH="28" HEIGHT="14" WC="0.96" CONTENT="en"/><SP WIDTH="16" VPOS="825" HPOS="781"/>
							<String ID="string_238" HPOS="797" VPOS="818" WIDTH="66" HEIGHT="26" WC="0.96" CONTENT="bana,"/><SP WIDTH="16" VPOS="818" HPOS="863"/>
							<String ID="string_239" HPOS="879" VPOS="816" WIDTH="80" HEIGHT="22" WC="0.93" CONTENT="endast"/><SP WIDTH="15" VPOS="816" HPOS="959"/>
							<String ID="string_240" HPOS="974" VPOS="816" WIDTH="72" HEIGHT="22" WC="0.93" CONTENT="lofvat"/>
						</TextLine>
						<TextLine ID="line_25" HPOS="225" VPOS="846" WIDTH="821" HEIGHT="27">
							<String ID="string_241" HPOS="225" VPOS="846" WIDTH="80" HEIGHT="27" WC="0.92" CONTENT="10,000"/><SP WIDTH="22" VPOS="846" HPOS="305"/>
							<String ID="string_242" HPOS="327" VPOS="847" WIDTH="65" HEIGHT="21" WC="0.96" CONTENT="mark"/><SP WIDTH="22" VPOS="847" HPOS="392"/>
							<String ID="string_243" HPOS="414" VPOS="847" WIDTH="8" HEIGHT="21" WC="0.96" CONTENT="i"/><SP WIDTH="23" VPOS="847" HPOS="422"/>
							<String ID="string_244" HPOS="445" VPOS="848" WIDTH="30" HEIGHT="22" WC="0.96" CONTENT="30"/><SP WIDTH="22" VPOS="848" HPOS="475"/>
							<String ID="string_245" HPOS="497" VPOS="849" WIDTH="30" HEIGHT="20" WC="0.94" CONTENT="år."/><SP WIDTH="31" VPOS="849" HPOS="527"/>
							<String ID="string_246" HPOS="558" VPOS="848" WIDTH="47" HEIGHT="21" WC="0.96" CONTENT="När"/><SP WIDTH="18" VPOS="848" HPOS="605"/>
							<String ID="string_247" HPOS="623" VPOS="855" WIDTH="31" HEIGHT="14" WC="0.96" CONTENT="nu"/><SP WIDTH="15" VPOS="855" HPOS="654"/>
							<String ID="string_248" HPOS="669" VPOS="848" WIDTH="79" HEIGHT="21" WC="0.96" CONTENT="Kotka"/><SP WIDTH="15" VPOS="848" HPOS="748"/>
							<String ID="string_249" HPOS="763" VPOS="850" WIDTH="25" HEIGHT="19" WC="0.93" CONTENT="är"/><SP WIDTH="16" VPOS="850" HPOS="788"/>
							<String ID="string_250" HPOS="804" VPOS="846" WIDTH="79" HEIGHT="22" WC="0.92" CONTENT="beredt"/><SP WIDTH="15" VPOS="846" HPOS="883"/>
							<String ID="string_251" HPOS="898" VPOS="848" WIDTH="40" HEIGHT="25" WC="0.96" CONTENT="att,"/><SP WIDTH="14" VPOS="848" HPOS="938"/>
							<String ID="string_252" HPOS="952" VPOS="846" WIDTH="36" HEIGHT="22" WC="0.96" CONTENT="för"/><SP WIDTH="15" VPOS="846" HPOS="988"/>
							<String ID="string_253" HPOS="1003" VPOS="846" WIDTH="43" HEIGHT="22" WC="0.97" CONTENT="den"/>
						</TextLine>
						<TextLine ID="line_26" HPOS="225" VPOS="875" WIDTH="821" HEIGHT="31">
							<String ID="string_254" HPOS="225" VPOS="875" WIDTH="108" HEIGHT="22" WC="0.96" CONTENT="händelse"/><SP WIDTH="24" VPOS="875" HPOS="333"/>
							<String ID="string_255" HPOS="357" VPOS="878" WIDTH="34" HEIGHT="20" WC="0.96" CONTENT="att"/><SP WIDTH="22" VPOS="878" HPOS="391"/>
							<String ID="string_256" HPOS="413" VPOS="880" WIDTH="74" HEIGHT="19" WC="0.96" CONTENT="staten"/><SP WIDTH="22" VPOS="880" HPOS="487"/>
							<String ID="string_257" HPOS="509" VPOS="878" WIDTH="42" HEIGHT="20" WC="0.96" CONTENT="vill"/><SP WIDTH="23" VPOS="878" HPOS="551"/>
							<String ID="string_258" HPOS="574" VPOS="878" WIDTH="79" HEIGHT="28" WC="0.95" CONTENT="bygga"/><SP WIDTH="15" VPOS="878" HPOS="653"/>
							<String ID="string_259" HPOS="668" VPOS="878" WIDTH="76" HEIGHT="21" WC="0.96" CONTENT="banan"/><SP WIDTH="15" VPOS="878" HPOS="744"/>
							<String ID="string_260" HPOS="759" VPOS="877" WIDTH="41" HEIGHT="27" WC="0.96" CONTENT="dit,"/><SP WIDTH="16" VPOS="877" HPOS="800"/>
							<String ID="string_261" HPOS="816" VPOS="877" WIDTH="75" HEIGHT="20" WC="0.96" CONTENT="lemna"/><SP WIDTH="16" VPOS="877" HPOS="891"/>
							<String ID="string_262" HPOS="907" VPOS="883" WIDTH="28" HEIGHT="14" WC="0.96" CONTENT="en"/><SP WIDTH="15" VPOS="883" HPOS="935"/>
							<String ID="string_263" HPOS="950" VPOS="876" WIDTH="96" HEIGHT="21" WC="0.96" CONTENT="kontant"/>
						</TextLine>
						<TextLine ID="line_27" HPOS="225" VPOS="905" WIDTH="822" HEIGHT="30">
							<String ID="string_264" HPOS="225" VPOS="905" WIDTH="137" HEIGHT="22" WC="0.96" CONTENT="subvention"/><SP WIDTH="23" VPOS="905" HPOS="362"/>
							<String ID="string_265" HPOS="385" VPOS="906" WIDTH="26" HEIGHT="21" WC="0.96" CONTENT="af"/><SP WIDTH="20" VPOS="906" HPOS="411"/>
							<String ID="string_266" HPOS="431" VPOS="915" WIDTH="29" HEIGHT="13" WC="0.96" CONTENT="en"/><SP WIDTH="23" VPOS="915" HPOS="460"/>
							<String ID="string_267" HPOS="483" VPOS="907" WIDTH="50" HEIGHT="22" WC="0.96" CONTENT="half"/><SP WIDTH="18" VPOS="907" HPOS="533"/>
							<String ID="string_268" HPOS="551" VPOS="907" WIDTH="93" HEIGHT="28" WC="0.96" CONTENT="million,"/><SP WIDTH="17" VPOS="907" HPOS="644"/>
							<String ID="string_269" HPOS="661" VPOS="907" WIDTH="91" HEIGHT="22" WC="0.96" CONTENT="bevisar"/><SP WIDTH="15" VPOS="907" HPOS="752"/>
							<String ID="string_270" HPOS="767" VPOS="907" WIDTH="40" HEIGHT="21" WC="0.96" CONTENT="det"/><SP WIDTH="16" VPOS="907" HPOS="807"/>
							<String ID="string_271" HPOS="823" VPOS="908" WIDTH="34" HEIGHT="19" WC="0.96" CONTENT="att"/><SP WIDTH="16" VPOS="908" HPOS="857"/>
							<String ID="string_272" HPOS="873" VPOS="905" WIDTH="122" HEIGHT="22" WC="0.96" CONTENT="förtröstan"/><SP WIDTH="15" VPOS="905" HPOS="995"/>
							<String ID="string_273" HPOS="1010" VPOS="905" WIDTH="37" HEIGHT="22" WC="0.96" CONTENT="till"/>
						</TextLine>
						<TextLine ID="line_28" HPOS="223" VPOS="934" WIDTH="823" HEIGHT="32">
							<String ID="string_274" HPOS="223" VPOS="934" WIDTH="139" HEIGHT="30" WC="0.91" CONTENT="järnvägens"/><SP WIDTH="24" VPOS="934" HPOS="362"/>
							<String ID="string_275" HPOS="386" VPOS="936" WIDTH="107" HEIGHT="22" WC="0.96" CONTENT="framtida"/><SP WIDTH="20" VPOS="936" HPOS="493"/>
							<String ID="string_276" HPOS="513" VPOS="939" WIDTH="67" HEIGHT="26" WC="0.96" CONTENT="nytta"/><SP WIDTH="15" VPOS="939" HPOS="580"/>
							<String ID="string_277" HPOS="595" VPOS="940" WIDTH="26" HEIGHT="19" WC="0.96" CONTENT="är"/><SP WIDTH="14" VPOS="940" HPOS="621"/>
							<String ID="string_278" HPOS="635" VPOS="938" WIDTH="30" HEIGHT="28" WC="0.96" CONTENT="på"/><SP WIDTH="16" VPOS="938" HPOS="665"/>
							<String ID="string_279" HPOS="681" VPOS="939" WIDTH="65" HEIGHT="20" WC="0.96" CONTENT="orten"/><SP WIDTH="16" VPOS="939" HPOS="746"/>
							<String ID="string_280" HPOS="762" VPOS="939" WIDTH="54" HEIGHT="19" WC="0.96" CONTENT="stor."/><SP WIDTH="31" VPOS="939" HPOS="816"/>
							<String ID="string_281" HPOS="847" VPOS="936" WIDTH="78" HEIGHT="21" WC="0.91" CONTENT="Kotka"/><SP WIDTH="15" VPOS="936" HPOS="925"/>
							<String ID="string_282" HPOS="940" VPOS="939" WIDTH="25" HEIGHT="18" WC="0.96" CONTENT="är"/><SP WIDTH="15" VPOS="939" HPOS="965"/>
							<String ID="string_283" HPOS="980" VPOS="935" WIDTH="66" HEIGHT="22" WC="0.96" CONTENT="också"/>
						</TextLine>
						<TextLine ID="line_29" HPOS="225" VPOS="965" WIDTH="821" HEIGHT="30">
							<String ID="string_284" HPOS="225" VPOS="972" WIDTH="29" HEIGHT="13" WC="0.96" CONTENT="en"/><SP WIDTH="23" VPOS="972" HPOS="254"/>
							<String ID="string_285" HPOS="277" VPOS="965" WIDTH="27" HEIGHT="21" WC="0.96" CONTENT="af"/><SP WIDTH="20" VPOS="965" HPOS="304"/>
							<String ID="string_286" HPOS="324" VPOS="967" WIDTH="55" HEIGHT="20" WC="0.96" CONTENT="våra"/><SP WIDTH="22" VPOS="967" HPOS="379"/>
							<String ID="string_287" HPOS="401" VPOS="968" WIDTH="58" HEIGHT="20" WC="0.96" CONTENT="mest"/><SP WIDTH="20" VPOS="968" HPOS="459"/>
							<String ID="string_288" HPOS="479" VPOS="967" WIDTH="134" HEIGHT="28" WC="0.96" CONTENT="uppgående"/><SP WIDTH="21" VPOS="967" HPOS="613"/>
							<String ID="string_289" HPOS="634" VPOS="967" WIDTH="81" HEIGHT="27" WC="0.96" CONTENT="städer,"/><SP WIDTH="22" VPOS="967" HPOS="715"/>
							<String ID="string_290" HPOS="737" VPOS="967" WIDTH="42" HEIGHT="21" WC="0.96" CONTENT="och"/><SP WIDTH="22" VPOS="967" HPOS="779"/>
							<String ID="string_291" HPOS="801" VPOS="966" WIDTH="44" HEIGHT="21" WC="0.96" CONTENT="den"/><SP WIDTH="16" VPOS="966" HPOS="845"/>
							<String ID="string_292" HPOS="861" VPOS="973" WIDTH="54" HEIGHT="21" WC="0.95" CONTENT="eger"/><SP WIDTH="14" VPOS="973" HPOS="915"/>
							<String ID="string_293" HPOS="929" VPOS="973" WIDTH="28" HEIGHT="14" WC="0.96" CONTENT="en"/><SP WIDTH="16" VPOS="973" HPOS="957"/>
							<String ID="string_294" HPOS="973" VPOS="965" WIDTH="73" HEIGHT="27" WC="0.95" CONTENT="hamn,"/>
						</TextLine>
						<TextLine ID="line_30" HPOS="225" VPOS="995" WIDTH="821" HEIGHT="29">
							<String ID="string_295" HPOS="225" VPOS="1001" WIDTH="49" HEIGHT="14" WC="0.97" CONTENT="som"/><SP WIDTH="15" VPOS="1001" HPOS="274"/>
							<String ID="string_296" HPOS="289" VPOS="995" WIDTH="37" HEIGHT="21" WC="0.95" CONTENT="väl"/><SP WIDTH="15" VPOS="995" HPOS="326"/>
							<String ID="string_297" HPOS="341" VPOS="996" WIDTH="65" HEIGHT="21" WC="0.96" CONTENT="torde"/><SP WIDTH="15" VPOS="996" HPOS="406"/>
							<String ID="string_298" HPOS="421" VPOS="1004" WIDTH="60" HEIGHT="20" WC="0.96" CONTENT="vara,"/><SP WIDTH="16" VPOS="1004" HPOS="481"/>
							<String ID="string_299" HPOS="497" VPOS="1004" WIDTH="36" HEIGHT="14" WC="0.96" CONTENT="om"/><SP WIDTH="15" VPOS="1004" HPOS="533"/>
							<String ID="string_300" HPOS="548" VPOS="997" WIDTH="50" HEIGHT="21" WC="0.96" CONTENT="icke"/><SP WIDTH="17" VPOS="997" HPOS="598"/>
							<String ID="string_301" HPOS="615" VPOS="997" WIDTH="44" HEIGHT="21" WC="0.96" CONTENT="den"/><SP WIDTH="16" VPOS="997" HPOS="659"/>
							<String ID="string_302" HPOS="675" VPOS="997" WIDTH="56" HEIGHT="21" WC="0.96" CONTENT="allra"/><SP WIDTH="15" VPOS="997" HPOS="731"/>
							<String ID="string_303" HPOS="746" VPOS="997" WIDTH="73" HEIGHT="26" WC="0.96" CONTENT="bästa,"/><SP WIDTH="16" VPOS="997" HPOS="819"/>
							<String ID="string_304" HPOS="835" VPOS="997" WIDTH="26" HEIGHT="20" WC="0.96" CONTENT="så"/><SP WIDTH="13" VPOS="997" HPOS="861"/>
							<String ID="string_305" HPOS="874" VPOS="995" WIDTH="58" HEIGHT="22" WC="0.96" CONTENT="dock"/><SP WIDTH="10" VPOS="995" HPOS="932"/>
							<String ID="string_306" HPOS="942" VPOS="995" WIDTH="44" HEIGHT="21" WC="0.96" CONTENT="den"/><SP WIDTH="10" VPOS="995" HPOS="986"/>
							<String ID="string_307" HPOS="996" VPOS="997" WIDTH="50" HEIGHT="19" WC="0.96" CONTENT="näst"/>
						</TextLine>
						<TextLine ID="line_31" HPOS="225" VPOS="1024" WIDTH="821" HEIGHT="31">
							<String ID="string_308" HPOS="225" VPOS="1024" WIDTH="66" HEIGHT="22" WC="0.96" CONTENT="bästa"/><SP WIDTH="23" VPOS="1024" HPOS="291"/>
							<String ID="string_309" HPOS="314" VPOS="1025" WIDTH="9" HEIGHT="21" WC="0.96" CONTENT="i"/><SP WIDTH="21" VPOS="1025" HPOS="323"/>
							<String ID="string_310" HPOS="344" VPOS="1025" WIDTH="83" HEIGHT="22" WC="0.95" CONTENT="landet."/><SP WIDTH="31" VPOS="1025" HPOS="427"/>
							<String ID="string_311" HPOS="458" VPOS="1027" WIDTH="48" HEIGHT="21" WC="0.96" CONTENT="När"/><SP WIDTH="15" VPOS="1027" HPOS="506"/>
							<String ID="string_312" HPOS="521" VPOS="1034" WIDTH="31" HEIGHT="14" WC="0.96" CONTENT="nu"/><SP WIDTH="15" VPOS="1034" HPOS="552"/>
							<String ID="string_313" HPOS="567" VPOS="1034" WIDTH="29" HEIGHT="14" WC="0.97" CONTENT="en"/><SP WIDTH="15" VPOS="1034" HPOS="596"/>
							<String ID="string_314" HPOS="611" VPOS="1027" WIDTH="60" HEIGHT="21" WC="0.96" CONTENT="bana"/><SP WIDTH="15" VPOS="1027" HPOS="671"/>
							<String ID="string_315" HPOS="686" VPOS="1033" WIDTH="82" HEIGHT="22" WC="0.96" CONTENT="genom"/><SP WIDTH="17" VPOS="1033" HPOS="768"/>
							<String ID="string_316" HPOS="785" VPOS="1025" WIDTH="112" HEIGHT="22" WC="0.95" CONTENT="Savolaks"/><SP WIDTH="16" VPOS="1025" HPOS="897"/>
							<String ID="string_317" HPOS="913" VPOS="1025" WIDTH="41" HEIGHT="21" WC="0.96" CONTENT="har"/><SP WIDTH="15" VPOS="1025" HPOS="954"/>
							<String ID="string_318" HPOS="969" VPOS="1025" WIDTH="77" HEIGHT="21" WC="0.96" CONTENT="blifvit"/>
						</TextLine>
						<TextLine ID="line_32" HPOS="224" VPOS="1054" WIDTH="824" HEIGHT="31">
							<String ID="string_319" HPOS="224" VPOS="1054" WIDTH="111" HEIGHT="28" WC="0.95" CONTENT="besluten,"/><SP WIDTH="24" VPOS="1054" HPOS="335"/>
							<String ID="string_320" HPOS="359" VPOS="1057" WIDTH="24" HEIGHT="20" WC="0.96" CONTENT="så"/><SP WIDTH="23" VPOS="1057" HPOS="383"/>
							<String ID="string_321" HPOS="406" VPOS="1055" WIDTH="67" HEIGHT="30" WC="0.96" CONTENT="följer"/><SP WIDTH="18" VPOS="1055" HPOS="473"/>
							<String ID="string_322" HPOS="491" VPOS="1063" WIDTH="48" HEIGHT="15" WC="0.96" CONTENT="som"/><SP WIDTH="15" VPOS="1063" HPOS="539"/>
							<String ID="string_323" HPOS="554" VPOS="1064" WIDTH="29" HEIGHT="14" WC="0.96" CONTENT="en"/><SP WIDTH="15" VPOS="1064" HPOS="583"/>
							<String ID="string_324" HPOS="598" VPOS="1057" WIDTH="143" HEIGHT="21" WC="0.92" CONTENT="konsekvens"/><SP WIDTH="16" VPOS="1057" HPOS="741"/>
							<String ID="string_325" HPOS="757" VPOS="1055" WIDTH="96" HEIGHT="22" WC="0.92" CONTENT="derutaf"/><SP WIDTH="13" VPOS="1055" HPOS="853"/>
							<String ID="string_326" HPOS="866" VPOS="1054" WIDTH="182" HEIGHT="22" WC="0.92" CONTENT="önskvärdheten"/>
						</TextLine>
						<TextLine ID="line_33" HPOS="224" VPOS="1083" WIDTH="822" HEIGHT="32">
							<String ID="string_327" HPOS="224" VPOS="1085" WIDTH="35" HEIGHT="20" WC="0.96" CONTENT="att"/><SP WIDTH="21" VPOS="1085" HPOS="259"/>
							<String ID="string_328" HPOS="280" VPOS="1083" WIDTH="24" HEIGHT="23" WC="0.96" CONTENT="få"/><SP WIDTH="19" VPOS="1083" HPOS="304"/>
							<String ID="string_329" HPOS="323" VPOS="1092" WIDTH="28" HEIGHT="14" WC="0.96" CONTENT="en"/><SP WIDTH="16" VPOS="1092" HPOS="351"/>
							<String ID="string_330" HPOS="367" VPOS="1085" WIDTH="58" HEIGHT="22" WC="0.95" CONTENT="bana"/><SP WIDTH="15" VPOS="1085" HPOS="425"/>
							<String ID="string_331" HPOS="440" VPOS="1086" WIDTH="37" HEIGHT="21" WC="0.95" CONTENT="till"/><SP WIDTH="15" VPOS="1086" HPOS="477"/>
							<String ID="string_332" HPOS="492" VPOS="1086" WIDTH="83" HEIGHT="27" WC="0.96" CONTENT="Kotka,"/><SP WIDTH="16" VPOS="1086" HPOS="575"/>
							<String ID="string_333" HPOS="591" VPOS="1094" WIDTH="54" HEIGHT="14" WC="0.96" CONTENT="vare"/><SP WIDTH="16" VPOS="1094" HPOS="645"/>
							<String ID="string_334" HPOS="661" VPOS="1087" WIDTH="36" HEIGHT="28" WC="0.96" CONTENT="sig"/><SP WIDTH="15" VPOS="1087" HPOS="697"/>
							<String ID="string_335" HPOS="712" VPOS="1087" WIDTH="29" HEIGHT="28" WC="0.96" CONTENT="på"/><SP WIDTH="16" VPOS="1087" HPOS="741"/>
							<String ID="string_336" HPOS="757" VPOS="1093" WIDTH="44" HEIGHT="14" WC="0.96" CONTENT="ena"/><SP WIDTH="16" VPOS="1093" HPOS="801"/>
							<String ID="string_337" HPOS="817" VPOS="1085" WIDTH="55" HEIGHT="21" WC="0.96" CONTENT="eller"/><SP WIDTH="15" VPOS="1085" HPOS="872"/>
							<String ID="string_338" HPOS="887" VPOS="1084" WIDTH="71" HEIGHT="22" WC="0.96" CONTENT="andra"/><SP WIDTH="15" VPOS="1084" HPOS="958"/>
							<String ID="string_339" HPOS="973" VPOS="1086" WIDTH="73" HEIGHT="25" WC="0.96" CONTENT="sättet,"/>
						</TextLine>
						<TextLine ID="line_34" HPOS="224" VPOS="1113" WIDTH="824" HEIGHT="29">
							<String ID="string_340" HPOS="224" VPOS="1115" WIDTH="28" HEIGHT="27" WC="0.89" CONTENT="ty"/><SP WIDTH="23" VPOS="1115" HPOS="252"/>
							<String ID="string_341" HPOS="275" VPOS="1113" WIDTH="116" HEIGHT="29" WC="0.89" CONTENT="själffallet"/><SP WIDTH="22" VPOS="1113" HPOS="391"/>
							<String ID="string_342" HPOS="413" VPOS="1119" WIDTH="25" HEIGHT="18" WC="0.96" CONTENT="är"/><SP WIDTH="18" VPOS="1119" HPOS="438"/>
							<String ID="string_343" HPOS="456" VPOS="1118" WIDTH="34" HEIGHT="19" WC="0.93" CONTENT="att"/><SP WIDTH="23" VPOS="1118" HPOS="490"/>
							<String ID="string_344" HPOS="513" VPOS="1116" WIDTH="158" HEIGHT="22" WC="0.91" CONTENT="statsbanorna"/><SP WIDTH="24" VPOS="1116" HPOS="671"/>
							<String ID="string_345" HPOS="695" VPOS="1116" WIDTH="73" HEIGHT="21" WC="0.96" CONTENT="skulle"/><SP WIDTH="17" VPOS="1116" HPOS="768"/>
							<String ID="string_346" HPOS="785" VPOS="1115" WIDTH="72" HEIGHT="21" WC="0.96" CONTENT="vinna"/><SP WIDTH="15" VPOS="1115" HPOS="857"/>
							<String ID="string_347" HPOS="872" VPOS="1115" WIDTH="25" HEIGHT="20" WC="0.97" CONTENT="så"/><SP WIDTH="16" VPOS="1115" HPOS="897"/>
							<String ID="string_348" HPOS="913" VPOS="1114" WIDTH="91" HEIGHT="28" WC="0.96" CONTENT="mycket"/><SP WIDTH="14" VPOS="1114" HPOS="1004"/>
							<String ID="string_349" HPOS="1018" VPOS="1115" WIDTH="30" HEIGHT="27" WC="0.96" CONTENT="på"/>
						</TextLine>
						<TextLine ID="line_35" HPOS="225" VPOS="1143" WIDTH="822" HEIGHT="31">
							<String ID="string_350" HPOS="225" VPOS="1143" WIDTH="75" HEIGHT="22" WC="0.96" CONTENT="denna"/><SP WIDTH="15" VPOS="1143" HPOS="300"/>
							<String ID="string_351" HPOS="315" VPOS="1144" WIDTH="60" HEIGHT="22" WC="0.96" CONTENT="bana"/><SP WIDTH="14" VPOS="1144" HPOS="375"/>
							<String ID="string_352" HPOS="389" VPOS="1153" WIDTH="82" HEIGHT="21" WC="0.96" CONTENT="genom"/><SP WIDTH="16" VPOS="1153" HPOS="471"/>
							<String ID="string_353" HPOS="487" VPOS="1145" WIDTH="58" HEIGHT="22" WC="0.96" CONTENT="ökad"/><SP WIDTH="15" VPOS="1145" HPOS="545"/>
							<String ID="string_354" HPOS="560" VPOS="1146" WIDTH="69" HEIGHT="21" WC="0.96" CONTENT="trafik"/><SP WIDTH="16" VPOS="1146" HPOS="629"/>
							<String ID="string_355" HPOS="645" VPOS="1148" WIDTH="40" HEIGHT="24" WC="0.96" CONTENT="att,"/><SP WIDTH="16" VPOS="1148" HPOS="685"/>
							<String ID="string_356" HPOS="701" VPOS="1145" WIDTH="69" HEIGHT="22" WC="0.96" CONTENT="äfven"/><SP WIDTH="14" VPOS="1145" HPOS="770"/>
							<String ID="string_357" HPOS="784" VPOS="1145" WIDTH="36" HEIGHT="21" WC="0.96" CONTENT="för"/><SP WIDTH="16" VPOS="1145" HPOS="820"/>
							<String ID="string_358" HPOS="836" VPOS="1144" WIDTH="45" HEIGHT="22" WC="0.96" CONTENT="den"/><SP WIDTH="14" VPOS="1144" HPOS="881"/>
							<String ID="string_359" HPOS="895" VPOS="1143" WIDTH="107" HEIGHT="22" WC="0.96" CONTENT="händelse"/><SP WIDTH="12" VPOS="1143" HPOS="1002"/>
							<String ID="string_360" HPOS="1014" VPOS="1146" WIDTH="33" HEIGHT="19" WC="0.96" CONTENT="att"/>
						</TextLine>
						<TextLine ID="line_36" HPOS="224" VPOS="1173" WIDTH="822" HEIGHT="30">
							<String ID="string_361" HPOS="224" VPOS="1174" WIDTH="213" HEIGHT="29" WC="0.90" CONTENT="amorteringslånet"/><SP WIDTH="18" VPOS="1174" HPOS="437"/>
							<String ID="string_362" HPOS="455" VPOS="1175" WIDTH="51" HEIGHT="21" WC="0.96" CONTENT="icke"/><SP WIDTH="16" VPOS="1175" HPOS="506"/>
							<String ID="string_363" HPOS="522" VPOS="1175" WIDTH="73" HEIGHT="22" WC="0.95" CONTENT="skulle"/><SP WIDTH="16" VPOS="1175" HPOS="595"/>
							<String ID="string_364" HPOS="611" VPOS="1175" WIDTH="49" HEIGHT="22" WC="0.96" CONTENT="helt"/><SP WIDTH="15" VPOS="1175" HPOS="660"/>
							<String ID="string_365" HPOS="675" VPOS="1175" WIDTH="43" HEIGHT="22" WC="0.96" CONTENT="och"/><SP WIDTH="15" VPOS="1175" HPOS="718"/>
							<String ID="string_366" HPOS="733" VPOS="1174" WIDTH="73" HEIGHT="22" WC="0.94" CONTENT="hållet"/><SP WIDTH="15" VPOS="1174" HPOS="806"/>
							<String ID="string_367" HPOS="821" VPOS="1175" WIDTH="63" HEIGHT="27" WC="0.96" CONTENT="utgå,"/><SP WIDTH="17" VPOS="1175" HPOS="884"/>
							<String ID="string_368" HPOS="901" VPOS="1173" WIDTH="43" HEIGHT="21" WC="0.95" CONTENT="den"/><SP WIDTH="16" VPOS="1173" HPOS="944"/>
							<String ID="string_369" HPOS="960" VPOS="1173" WIDTH="86" HEIGHT="28" WC="0.96" CONTENT="förlust,"/>
						</TextLine>
						<TextLine ID="line_37" HPOS="223" VPOS="1202" WIDTH="823" HEIGHT="32">
							<String ID="string_370" HPOS="223" VPOS="1209" WIDTH="49" HEIGHT="15" WC="0.93" CONTENT="som"/><SP WIDTH="16" VPOS="1209" HPOS="272"/>
							<String ID="string_371" HPOS="288" VPOS="1203" WIDTH="131" HEIGHT="29" WC="0.92" CONTENT="derigenom"/><SP WIDTH="15" VPOS="1203" HPOS="419"/>
							<String ID="string_372" HPOS="434" VPOS="1205" WIDTH="74" HEIGHT="21" WC="0.96" CONTENT="skulle"/><SP WIDTH="15" VPOS="1205" HPOS="508"/>
							<String ID="string_373" HPOS="523" VPOS="1206" WIDTH="88" HEIGHT="28" WC="0.96" CONTENT="uppstå,"/><SP WIDTH="16" VPOS="1206" HPOS="611"/>
							<String ID="string_374" HPOS="627" VPOS="1212" WIDTH="54" HEIGHT="15" WC="0.96" CONTENT="vore"/><SP WIDTH="16" VPOS="1212" HPOS="681"/>
							<String ID="string_375" HPOS="697" VPOS="1212" WIDTH="48" HEIGHT="14" WC="0.96" CONTENT="mer"/><SP WIDTH="16" VPOS="1212" HPOS="745"/>
							<String ID="string_376" HPOS="761" VPOS="1208" WIDTH="29" HEIGHT="18" WC="0.96" CONTENT="än"/><SP WIDTH="16" VPOS="1208" HPOS="790"/>
							<String ID="string_377" HPOS="806" VPOS="1204" WIDTH="39" HEIGHT="21" WC="0.93" CONTENT="väl"/><SP WIDTH="12" VPOS="1204" HPOS="845"/>
							<String ID="string_378" HPOS="857" VPOS="1203" WIDTH="98" HEIGHT="22" WC="0.91" CONTENT="betäckt."/><SP WIDTH="15" VPOS="1203" HPOS="955"/>
							<String ID="string_379" HPOS="970" VPOS="1202" WIDTH="76" HEIGHT="22" WC="0.59" CONTENT="Äfven"/>
						</TextLine>
						<TextLine ID="line_38" HPOS="223" VPOS="1232" WIDTH="823" HEIGHT="31">
							<String ID="string_380" HPOS="223" VPOS="1232" WIDTH="43" HEIGHT="22" WC="0.96" CONTENT="har"/><SP WIDTH="23" VPOS="1232" HPOS="266"/>
							<String ID="string_381" HPOS="289" VPOS="1233" WIDTH="38" HEIGHT="21" WC="0.96" CONTENT="det"/><SP WIDTH="24" VPOS="1233" HPOS="327"/>
							<String ID="string_382" HPOS="351" VPOS="1234" WIDTH="60" HEIGHT="22" WC="0.96" CONTENT="visat"/><SP WIDTH="14" VPOS="1234" HPOS="411"/>
							<String ID="string_383" HPOS="425" VPOS="1234" WIDTH="37" HEIGHT="29" WC="0.96" CONTENT="sig"/><SP WIDTH="15" VPOS="1234" HPOS="462"/>
							<String ID="string_384" HPOS="477" VPOS="1236" WIDTH="34" HEIGHT="20" WC="0.96" CONTENT="att"/><SP WIDTH="15" VPOS="1236" HPOS="511"/>
							<String ID="string_385" HPOS="526" VPOS="1242" WIDTH="52" HEIGHT="14" WC="0.96" CONTENT="man"/><SP WIDTH="16" VPOS="1242" HPOS="578"/>
							<String ID="string_386" HPOS="594" VPOS="1235" WIDTH="50" HEIGHT="21" WC="0.96" CONTENT="icke"/><SP WIDTH="16" VPOS="1235" HPOS="644"/>
							<String ID="string_387" HPOS="660" VPOS="1236" WIDTH="46" HEIGHT="20" WC="0.96" CONTENT="kan"/><SP WIDTH="15" VPOS="1236" HPOS="706"/>
							<String ID="string_388" HPOS="721" VPOS="1235" WIDTH="80" HEIGHT="28" WC="0.95" CONTENT="bygga"/><SP WIDTH="16" VPOS="1235" HPOS="801"/>
							<String ID="string_389" HPOS="817" VPOS="1234" WIDTH="72" HEIGHT="21" WC="0.96" CONTENT="banor"/><SP WIDTH="15" VPOS="1234" HPOS="889"/>
							<String ID="string_390" HPOS="904" VPOS="1233" WIDTH="9" HEIGHT="21" WC="0.96" CONTENT="i"/><SP WIDTH="14" VPOS="1233" HPOS="913"/>
							<String ID="string_391" HPOS="927" VPOS="1234" WIDTH="51" HEIGHT="20" WC="0.96" CONTENT="vårt"/><SP WIDTH="15" VPOS="1234" HPOS="978"/>
							<String ID="string_392" HPOS="993" VPOS="1232" WIDTH="53" HEIGHT="22" WC="0.96" CONTENT="land"/>
						</TextLine>
						<TextLine ID="line_39" HPOS="223" VPOS="1262" WIDTH="824" HEIGHT="31">
							<String ID="string_393" HPOS="223" VPOS="1262" WIDTH="53" HEIGHT="22" WC="0.95" CONTENT="med"/><SP WIDTH="23" VPOS="1262" HPOS="276"/>
							<String ID="string_394" HPOS="299" VPOS="1271" WIDTH="28" HEIGHT="13" WC="0.95" CONTENT="en"/><SP WIDTH="23" VPOS="1271" HPOS="327"/>
							<String ID="string_395" HPOS="350" VPOS="1264" WIDTH="137" HEIGHT="22" WC="0.96" CONTENT="subvention"/><SP WIDTH="22" VPOS="1264" HPOS="487"/>
							<String ID="string_396" HPOS="509" VPOS="1265" WIDTH="136" HEIGHT="28" WC="0.96" CONTENT="uppgående"/><SP WIDTH="18" VPOS="1265" HPOS="645"/>
							<String ID="string_397" HPOS="663" VPOS="1264" WIDTH="60" HEIGHT="22" WC="0.95" CONTENT="blott"/><SP WIDTH="15" VPOS="1264" HPOS="723"/>
							<String ID="string_398" HPOS="738" VPOS="1264" WIDTH="37" HEIGHT="22" WC="0.96" CONTENT="till"/><SP WIDTH="16" VPOS="1264" HPOS="775"/>
							<String ID="string_399" HPOS="791" VPOS="1271" WIDTH="30" HEIGHT="14" WC="0.96" CONTENT="en"/><SP WIDTH="16" VPOS="1271" HPOS="821"/>
							<String ID="string_400" HPOS="837" VPOS="1262" WIDTH="111" HEIGHT="29" WC="0.95" CONTENT="tredjedel"/><SP WIDTH="16" VPOS="1262" HPOS="948"/>
							<String ID="string_401" HPOS="964" VPOS="1262" WIDTH="25" HEIGHT="22" WC="0.93" CONTENT="af"/><SP WIDTH="13" VPOS="1262" HPOS="989"/>
							<String ID="string_402" HPOS="1002" VPOS="1269" WIDTH="45" HEIGHT="15" WC="0.92" CONTENT="om-"/>
						</TextLine>
						<TextLine ID="line_40" HPOS="223" VPOS="1292" WIDTH="824" HEIGHT="30">
							<String ID="string_403" HPOS="223" VPOS="1292" WIDTH="161" HEIGHT="29" WC="0.93" CONTENT="kostnaderna,"/><SP WIDTH="15" VPOS="1292" HPOS="384"/>
							<String ID="string_404" HPOS="399" VPOS="1294" WIDTH="96" HEIGHT="22" WC="0.92" CONTENT="hvarom"/><SP WIDTH="14" VPOS="1294" HPOS="495"/>
							<String ID="string_405" HPOS="509" VPOS="1295" WIDTH="24" HEIGHT="21" WC="0.96" CONTENT="vi"/><SP WIDTH="15" VPOS="1295" HPOS="533"/>
							<String ID="string_406" HPOS="548" VPOS="1294" WIDTH="71" HEIGHT="22" WC="0.95" CONTENT="hafva"/><SP WIDTH="15" VPOS="1294" HPOS="619"/>
							<String ID="string_407" HPOS="634" VPOS="1302" WIDTH="29" HEIGHT="14" WC="0.96" CONTENT="en"/><SP WIDTH="14" VPOS="1302" HPOS="663"/>
							<String ID="string_408" HPOS="677" VPOS="1294" WIDTH="139" HEIGHT="28" WC="0.96" CONTENT="ytterligare"/><SP WIDTH="15" VPOS="1294" HPOS="816"/>
							<String ID="string_409" HPOS="831" VPOS="1292" WIDTH="141" HEIGHT="30" WC="0.96" CONTENT="påminnelse"/><SP WIDTH="15" VPOS="1292" HPOS="972"/>
							<String ID="string_410" HPOS="987" VPOS="1292" WIDTH="9" HEIGHT="21" WC="0.93" CONTENT="i"/><SP WIDTH="15" VPOS="1292" HPOS="996"/>
							<String ID="string_411" HPOS="1011" VPOS="1300" WIDTH="36" HEIGHT="20" WC="0.92" CONTENT="pe-"/>
						</TextLine>
						<TextLine ID="line_41" HPOS="223" VPOS="1322" WIDTH="823" HEIGHT="31">
							<String ID="string_412" HPOS="223" VPOS="1322" WIDTH="100" HEIGHT="22" WC="0.90" CONTENT="titionen"/><SP WIDTH="22" VPOS="1322" HPOS="323"/>
							<String ID="string_413" HPOS="345" VPOS="1330" WIDTH="36" HEIGHT="14" WC="0.96" CONTENT="om"/><SP WIDTH="16" VPOS="1330" HPOS="381"/>
							<String ID="string_414" HPOS="397" VPOS="1324" WIDTH="44" HEIGHT="21" WC="0.92" CONTENT="den"/><SP WIDTH="14" VPOS="1324" HPOS="441"/>
							<String ID="string_415" HPOS="455" VPOS="1324" WIDTH="185" HEIGHT="29" WC="0.91" CONTENT="Björneborgska"/><SP WIDTH="15" VPOS="1324" HPOS="640"/>
							<String ID="string_416" HPOS="655" VPOS="1324" WIDTH="81" HEIGHT="22" WC="0.95" CONTENT="banan."/><SP WIDTH="31" VPOS="1324" HPOS="736"/>
							<String ID="string_417" HPOS="767" VPOS="1322" WIDTH="146" HEIGHT="30" WC="0.96" CONTENT="Björneborg"/><SP WIDTH="15" VPOS="1322" HPOS="913"/>
							<String ID="string_418" HPOS="928" VPOS="1322" WIDTH="41" HEIGHT="22" WC="0.93" CONTENT="har"/><SP WIDTH="15" VPOS="1322" HPOS="969"/>
							<String ID="string_419" HPOS="984" VPOS="1325" WIDTH="62" HEIGHT="18" WC="0.92" CONTENT="näm-"/>
						</TextLine>
						<TextLine ID="line_42" HPOS="221" VPOS="1351" WIDTH="826" HEIGHT="32">
							<String ID="string_420" HPOS="221" VPOS="1351" WIDTH="65" HEIGHT="29" WC="0.96" CONTENT="ligen"/><SP WIDTH="15" VPOS="1351" HPOS="286"/>
							<String ID="string_421" HPOS="301" VPOS="1352" WIDTH="51" HEIGHT="22" WC="0.96" CONTENT="icke"/><SP WIDTH="14" VPOS="1352" HPOS="352"/>
							<String ID="string_422" HPOS="366" VPOS="1354" WIDTH="88" HEIGHT="21" WC="0.96" CONTENT="kunnat"/><SP WIDTH="13" VPOS="1354" HPOS="454"/>
							<String ID="string_423" HPOS="467" VPOS="1354" WIDTH="51" HEIGHT="22" WC="0.93" CONTENT="med"/><SP WIDTH="12" VPOS="1354" HPOS="518"/>
							<String ID="string_424" HPOS="530" VPOS="1354" WIDTH="41" HEIGHT="29" WC="0.86" CONTENT="11/,"/><SP WIDTH="12" VPOS="1354" HPOS="571"/>
							<String ID="string_425" HPOS="583" VPOS="1354" WIDTH="101" HEIGHT="22" WC="0.96" CONTENT="millions"/><SP WIDTH="11" VPOS="1354" HPOS="684"/>
							<String ID="string_426" HPOS="695" VPOS="1352" WIDTH="186" HEIGHT="23" WC="0.96" CONTENT="statsunderstöd"/><SP WIDTH="11" VPOS="1352" HPOS="881"/>
							<String ID="string_427" HPOS="892" VPOS="1352" WIDTH="155" HEIGHT="21" WC="0.96" CONTENT="åstadkomma"/>
						</TextLine>
						<TextLine ID="line_43" HPOS="222" VPOS="1381" WIDTH="825" HEIGHT="31">
							<String ID="string_428" HPOS="222" VPOS="1388" WIDTH="30" HEIGHT="14" WC="0.96" CONTENT="en"/><SP WIDTH="23" VPOS="1388" HPOS="252"/>
							<String ID="string_429" HPOS="275" VPOS="1382" WIDTH="65" HEIGHT="28" WC="0.96" CONTENT="bana,"/><SP WIDTH="23" VPOS="1382" HPOS="340"/>
							<String ID="string_430" HPOS="363" VPOS="1385" WIDTH="56" HEIGHT="19" WC="0.96" CONTENT="utan"/><SP WIDTH="23" VPOS="1385" HPOS="419"/>
							<String ID="string_431" HPOS="442" VPOS="1384" WIDTH="42" HEIGHT="21" WC="0.96" CONTENT="har"/><SP WIDTH="22" VPOS="1384" HPOS="484"/>
							<String ID="string_432" HPOS="506" VPOS="1384" WIDTH="79" HEIGHT="28" WC="0.96" CONTENT="begärt"/><SP WIDTH="24" VPOS="1384" HPOS="585"/>
							<String ID="string_433" HPOS="609" VPOS="1391" WIDTH="28" HEIGHT="14" WC="0.96" CONTENT="en"/><SP WIDTH="19" VPOS="1391" HPOS="637"/>
							<String ID="string_434" HPOS="656" VPOS="1384" WIDTH="47" HEIGHT="21" WC="0.96" CONTENT="lika"/><SP WIDTH="16" VPOS="1384" HPOS="703"/>
							<String ID="string_435" HPOS="719" VPOS="1385" WIDTH="47" HEIGHT="20" WC="0.96" CONTENT="stor"/><SP WIDTH="16" VPOS="1385" HPOS="766"/>
							<String ID="string_436" HPOS="782" VPOS="1382" WIDTH="140" HEIGHT="22" WC="0.96" CONTENT="subvention"/><SP WIDTH="15" VPOS="1382" HPOS="922"/>
							<String ID="string_437" HPOS="937" VPOS="1381" WIDTH="42" HEIGHT="21" WC="0.87" CONTENT="till."/><SP WIDTH="30" VPOS="1381" HPOS="979"/>
							<String ID="string_438" HPOS="1009" VPOS="1381" WIDTH="38" HEIGHT="21" WC="0.96" CONTENT="Nu"/>
						</TextLine>
						<TextLine ID="line_44" HPOS="221" VPOS="1410" WIDTH="826" HEIGHT="30">
							<String ID="string_439" HPOS="221" VPOS="1410" WIDTH="60" HEIGHT="23" WC="0.95" CONTENT="hade"/><SP WIDTH="23" VPOS="1410" HPOS="281"/>
							<String ID="string_440" HPOS="304" VPOS="1412" WIDTH="113" HEIGHT="22" WC="0.96" CONTENT="utskottet"/><SP WIDTH="22" VPOS="1412" HPOS="417"/>
							<String ID="string_441" HPOS="439" VPOS="1414" WIDTH="8" HEIGHT="20" WC="0.96" CONTENT="i"/><SP WIDTH="24" VPOS="1414" HPOS="447"/>
							<String ID="string_442" HPOS="471" VPOS="1414" WIDTH="103" HEIGHT="21" WC="0.93" CONTENT="afseende"/><SP WIDTH="23" VPOS="1414" HPOS="574"/>
							<String ID="string_443" HPOS="597" VPOS="1414" WIDTH="14" HEIGHT="21" WC="0.92" CONTENT="å"/><SP WIDTH="22" VPOS="1414" HPOS="611"/>
							<String ID="string_444" HPOS="633" VPOS="1413" WIDTH="164" HEIGHT="22" WC="0.91" CONTENT="Kotka-banan"/><SP WIDTH="21" VPOS="1413" HPOS="797"/>
							<String ID="string_445" HPOS="818" VPOS="1412" WIDTH="37" HEIGHT="28" WC="0.93" CONTENT="sig"/><SP WIDTH="20" VPOS="1412" HPOS="855"/>
							<String ID="string_446" HPOS="875" VPOS="1410" WIDTH="117" HEIGHT="30" WC="0.92" CONTENT="förelagda"/><SP WIDTH="21" VPOS="1410" HPOS="992"/>
							<String ID="string_447" HPOS="1013" VPOS="1413" WIDTH="34" HEIGHT="19" WC="0.96" CONTENT="tre"/>
						</TextLine>
						<TextLine ID="line_45" HPOS="223" VPOS="1440" WIDTH="824" HEIGHT="31">
							<String ID="string_448" HPOS="223" VPOS="1440" WIDTH="133" HEIGHT="23" WC="0.93" CONTENT="alternativ:"/><SP WIDTH="23" VPOS="1440" HPOS="356"/>
							<String ID="string_449" HPOS="379" VPOS="1444" WIDTH="32" HEIGHT="20" WC="0.63" CONTENT="1:o"/><SP WIDTH="16" VPOS="1444" HPOS="411"/>
							<String ID="string_450" HPOS="427" VPOS="1443" WIDTH="74" HEIGHT="21" WC="0.96" CONTENT="skulle"/><SP WIDTH="23" VPOS="1443" HPOS="501"/>
							<String ID="string_451" HPOS="524" VPOS="1444" WIDTH="38" HEIGHT="21" WC="0.96" CONTENT="det"/><SP WIDTH="15" VPOS="1444" HPOS="562"/>
							<String ID="string_452" HPOS="577" VPOS="1443" WIDTH="47" HEIGHT="21" WC="0.96" CONTENT="låta"/><SP WIDTH="15" VPOS="1443" HPOS="624"/>
							<String ID="string_453" HPOS="639" VPOS="1443" WIDTH="52" HEIGHT="21" WC="0.96" CONTENT="hela"/><SP WIDTH="15" VPOS="1443" HPOS="691"/>
							<String ID="string_454" HPOS="706" VPOS="1443" WIDTH="84" HEIGHT="28" WC="0.96" CONTENT="frågan"/><SP WIDTH="17" VPOS="1443" HPOS="790"/>
							<String ID="string_455" HPOS="807" VPOS="1449" WIDTH="37" HEIGHT="15" WC="0.96" CONTENT="om"/><SP WIDTH="15" VPOS="1449" HPOS="844"/>
							<String ID="string_456" HPOS="859" VPOS="1441" WIDTH="76" HEIGHT="22" WC="0.96" CONTENT="banan"/><SP WIDTH="15" VPOS="1441" HPOS="935"/>
							<String ID="string_457" HPOS="950" VPOS="1440" WIDTH="97" HEIGHT="28" WC="0.96" CONTENT="förfalla,"/>
						</TextLine>
						<TextLine ID="line_46" HPOS="223" VPOS="1470" WIDTH="825" HEIGHT="29">
							<String ID="string_458" HPOS="223" VPOS="1470" WIDTH="56" HEIGHT="22" WC="0.93" CONTENT="eller"/><SP WIDTH="16" VPOS="1470" HPOS="279"/>
							<String ID="string_459" HPOS="295" VPOS="1473" WIDTH="34" HEIGHT="20" WC="0.85" CONTENT="2:o"/><SP WIDTH="15" VPOS="1473" HPOS="329"/>
							<String ID="string_460" HPOS="344" VPOS="1471" WIDTH="74" HEIGHT="22" WC="0.96" CONTENT="skulle"/><SP WIDTH="16" VPOS="1471" HPOS="418"/>
							<String ID="string_461" HPOS="434" VPOS="1472" WIDTH="38" HEIGHT="22" WC="0.96" CONTENT="det"/><SP WIDTH="15" VPOS="1472" HPOS="472"/>
							<String ID="string_462" HPOS="487" VPOS="1473" WIDTH="82" HEIGHT="22" WC="0.96" CONTENT="föreslå"/><SP WIDTH="14" VPOS="1473" HPOS="569"/>
							<String ID="string_463" HPOS="583" VPOS="1475" WIDTH="35" HEIGHT="19" WC="0.96" CONTENT="att"/><SP WIDTH="16" VPOS="1475" HPOS="618"/>
							<String ID="string_464" HPOS="634" VPOS="1474" WIDTH="75" HEIGHT="20" WC="0.96" CONTENT="staten"/><SP WIDTH="15" VPOS="1474" HPOS="709"/>
							<String ID="string_465" HPOS="724" VPOS="1473" WIDTH="73" HEIGHT="20" WC="0.95" CONTENT="måtte"/><SP WIDTH="16" VPOS="1473" HPOS="797"/>
							<String ID="string_466" HPOS="813" VPOS="1471" WIDTH="80" HEIGHT="28" WC="0.96" CONTENT="bygga"/><SP WIDTH="11" VPOS="1471" HPOS="893"/>
							<String ID="string_467" HPOS="904" VPOS="1470" WIDTH="74" HEIGHT="21" WC="0.96" CONTENT="denna"/><SP WIDTH="10" VPOS="1470" HPOS="978"/>
							<String ID="string_468" HPOS="988" VPOS="1470" WIDTH="60" HEIGHT="21" WC="0.96" CONTENT="bana"/>
						</TextLine>
						<TextLine ID="line_47" HPOS="222" VPOS="1499" WIDTH="825" HEIGHT="32">
							<String ID="string_469" HPOS="222" VPOS="1501" WIDTH="53" HEIGHT="22" WC="0.96" CONTENT="med"/><SP WIDTH="23" VPOS="1501" HPOS="275"/>
							<String ID="string_470" HPOS="298" VPOS="1501" WIDTH="39" HEIGHT="22" WC="0.96" CONTENT="det"/><SP WIDTH="19" VPOS="1501" HPOS="337"/>
							<String ID="string_471" HPOS="356" VPOS="1501" WIDTH="88" HEIGHT="30" WC="0.94" CONTENT="bidrag,"/><SP WIDTH="21" VPOS="1501" HPOS="444"/>
							<String ID="string_472" HPOS="465" VPOS="1509" WIDTH="48" HEIGHT="15" WC="0.96" CONTENT="som"/><SP WIDTH="19" VPOS="1509" HPOS="513"/>
							<String ID="string_473" HPOS="532" VPOS="1502" WIDTH="79" HEIGHT="22" WC="0.96" CONTENT="Kotka"/><SP WIDTH="19" VPOS="1502" HPOS="611"/>
							<String ID="string_474" HPOS="630" VPOS="1502" WIDTH="73" HEIGHT="21" WC="0.96" CONTENT="utfäst"/><SP WIDTH="21" VPOS="1502" HPOS="703"/>
							<String ID="string_475" HPOS="724" VPOS="1502" WIDTH="36" HEIGHT="29" WC="0.96" CONTENT="sig"/><SP WIDTH="21" VPOS="1502" HPOS="760"/>
							<String ID="string_476" HPOS="781" VPOS="1503" WIDTH="36" HEIGHT="20" WC="0.96" CONTENT="att"/><SP WIDTH="23" VPOS="1503" HPOS="817"/>
							<String ID="string_477" HPOS="840" VPOS="1501" WIDTH="81" HEIGHT="26" WC="0.94" CONTENT="lemna,"/><SP WIDTH="23" VPOS="1501" HPOS="921"/>
							<String ID="string_478" HPOS="944" VPOS="1499" WIDTH="55" HEIGHT="22" WC="0.93" CONTENT="eller"/><SP WIDTH="15" VPOS="1499" HPOS="999"/>
							<String ID="string_479" HPOS="1014" VPOS="1500" WIDTH="33" HEIGHT="22" WC="0.91" CONTENT="3:0"/>
						</TextLine>
					</TextBlock>
				</ComposedBlock>
			</PrintSpace>
		</Page>
	</Layout>
</alto>
