1103 1761
226 63 35 30 744
465 69 75 22 Pappiss.
553 70 21 17 27
587 75 16 16 p.
616 71 61 17 Huhtik.
691 70 48 17 1885.

192 129 34 19 att
250 126 63 23 detta
336 128 66 21 ständ
425 128 58 22 skall
507 128 8 21 i
538 128 126 22 allmänhet
687 128 80 26 kunna
788 127 96 28 erbjuda
906 134 112 22 personer,

192 163 48 16 som
269 165 43 21 ega
335 157 28 22 de
385 157 36 23 för
444 165 29 14 en
496 157 197 30 bankfullmäktig
716 157 86 29 nödiga
825 157 192 28 gvalifikationer-

189 194 36 15 na.
266 187 78 22 Afven
373 187 173 22 Prosteständet
577 195 78 14 manas
686 195 83 21 genom
801 186 36 21 sin
865 187 152 21 embetsverk-

193 217 88 21 samhet
309 217 50 22 icke
387 217 37 22 till
452 217 178 29 sysselsättning
652 217 53 22 med
729 217 74 22 denna
829 216 70 29 fråga,
924 216 93 23 hvarför

191 246 69 22 äfven
282 247 26 21 af
328 247 63 21 detta
413 247 68 22 stånd
504 247 8 21 i
536 247 78 28 regeln
637 247 50 21 icke
711 247 94 28 mycket
828 250 25 17 är
876 248 34 20 att
925 246 92 28 hoppas.

191 275 43 22 Om
257 277 71 27 något
351 277 66 21 stånd
438 277 70 21 borde
529 277 78 21 kunna
623 277 102 21 leverera
739 276 112 29 lämpliga
865 283 111 21 personer,
993 276 23 20 så

193 308 25 18 är
243 305 39 22 det
304 306 39 21 väl
368 306 197 29 Borgareständet.
597 306 54 22 Men
674 306 28 22 de
726 306 67 21 flesta
815 305 147 22 handelsmän
978 307 39 18 äro

192 335 135 29 importörer
350 336 42 21 och
408 336 44 21 den
467 336 110 28 beröring,
593 336 9 20 i
617 335 96 23 hvilken
729 336 140 28 importören
884 342 81 22 genom
981 334 35 21 sin

192 364 84 29 import
299 364 101 22 kommer
422 366 53 21 med
497 366 122 27 bankerna,
644 368 25 18 är
684 366 27 21 af
724 365 72 22 sådan
811 364 156 22 beskaffenhet
982 366 34 20 att

193 394 43 22 den
252 394 127 28 ingalunda
393 395 88 29 nödgar
497 395 84 21 honom
596 397 35 19 att
646 398 104 18 närmare
766 395 72 21 tänka
848 395 36 28 sig
894 395 24 21 in
928 394 9 22 i
947 393 68 22 bank-

192 423 116 22 väsendet.
339 424 52 22 Med
414 427 136 27 exportören
569 428 25 17 är
610 424 154 22 förhållandet
779 425 72 28 något
867 426 73 19 annat.
970 423 46 22 Ex-

193 455 107 26 portören
323 453 86 22 drifver
432 454 126 29 vanligtvis
582 456 71 19 större
677 454 89 26 affärer,
783 453 42 22 och
841 455 64 20 arten
921 453 25 22 af
959 453 56 22 hans

192 483 212 22 affärsverksamhet
419 484 87 28 nödgar
522 484 84 21 honom
622 486 34 19 att
671 484 67 21 träda
753 484 9 21 i
779 491 27 14 en
817 487 102 18 närmare
930 483 86 21 förbin-

193 512 62 22 delse
280 513 63 22 såväl
366 513 51 22 med
440 513 74 22 rikare
538 513 78 22 firmor
639 514 8 21 i
670 513 107 22 utlandet
797 521 48 14 som
860 513 51 21 med
926 513 89 21 landets

193 550 59 21 egna
274 543 222 28 bankinrättningar.
527 543 59 22 Häri
608 543 76 29 ligger
705 551 31 14 nu
752 543 111 28 möjligen
879 551 27 13 en
922 543 93 27 maning

193 574 34 19 att
250 580 60 20 egna
328 573 200 28 uppmärksamhet
543 574 23 20 åt
583 573 145 28 bankfrågor.
759 573 54 21 Men
829 573 68 21 äfven
912 574 103 27 exportö-

191 608 41 14 ren
247 605 26 17 är
288 602 122 28 specialist:
426 602 46 22 han
487 603 87 21 känner
590 602 37 22 sin
642 602 62 27 affär,
721 602 112 22 hvarmed
847 602 51 21 icke
914 605 24 18 är
949 601 66 29 sagdt

192 633 35 19 att
250 631 47 22 han
320 632 73 21 skulle
416 632 75 22 känna
507 632 71 22 andra
594 632 83 22 affärer
692 632 44 22 och
752 640 43 20 ega
811 632 126 22 öfverblick
952 631 64 21 öfver

192 660 90 22 landets
310 661 52 22 hela
389 662 213 22 affärsverksamhet
630 662 55 21 eller
708 670 56 14 vara
783 669 77 14 vuxen
883 662 43 20 den
949 660 64 22 verk-

193 690 94 28 samhet,
304 698 47 14 som
367 691 88 29 åligger
470 692 214 28 bankfullmäktige.
708 692 171 27 Ridderskapet
889 691 42 21 och
941 690 74 22 Adeln

194 720 86 22 lemnar
303 721 79 21 landet
404 722 84 28 många
511 722 145 26 embetsmän,
672 729 53 14 men
741 722 186 21 embetsmannen
943 721 72 21 såsom

195 750 75 28 sådan,
295 750 67 22 äfven
385 758 36 14 om
444 751 46 22 han
513 754 25 18 är
554 751 87 29 duglig,
657 755 25 17 är
697 752 51 21 icke
765 751 78 21 derför
857 751 119 25 bankman,
991 752 25 19 är

191 779 51 22 icke
258 780 89 22 derföre
363 780 99 30 skicklig
478 783 34 19 att
528 783 56 19 utan
599 781 112 22 särskilda
721 781 89 21 studier
820 780 80 22 utöfva
910 780 106 21 inseende

193 809 65 22 öfver
273 817 28 13 en
317 810 66 22 bank.
414 810 35 22 Då
462 810 42 29 jag
519 811 96 21 sålunda
630 813 45 19 sett
691 811 49 28 mig
756 810 107 29 omkring
879 810 41 22 och
931 810 84 28 frågat:

192 838 58 22 hvar
274 839 64 22 skola
361 840 64 22 dessa
444 841 48 21 åtta
508 840 140 29 insigtsfulle
664 840 118 22 bankmän
798 840 65 22 sökas
880 840 42 21 och
937 839 79 26 finnas,

193 869 25 20 så
234 868 42 21 har
288 869 43 28 jag
346 870 134 28 visserligen
496 870 45 21 fått
556 872 34 19 ett
606 878 56 13 svar.
694 872 53 19 Man
762 870 44 21 har
822 871 79 20 nämnt
916 872 38 23 ett,
970 870 45 23 två,

193 900 34 19 tre
250 905 75 21 namn,
347 906 52 14 men
423 899 74 28 sedan,
518 899 25 28 ja
566 899 70 22 sedan
651 899 42 22 har
708 907 54 14 man
778 899 52 21 icke
844 899 52 21 med
911 898 104 22 säkerhet

191 927 89 22 kunnat
303 928 114 29 uppgifva
439 937 98 14 namnen
560 931 29 26 på
613 929 65 22 dessa
701 930 8 20 i
732 929 173 22 bankväsendet
927 928 88 21 erfarne

192 965 111 20 personer,
329 965 49 14 som
400 959 26 26 ju
452 959 72 28 enligt
549 959 151 29 lagförslaget
715 959 75 21 skulle
806 958 74 22 blifva
896 957 118 29 behöfliga.

191 987 54 21 Men
268 994 37 15 om
328 987 39 22 det
390 991 25 18 är
437 989 63 21 svårt
516 990 35 19 att
566 988 63 22 finna
644 989 39 21 det
698 989 88 28 nödiga
801 988 87 21 antalet
903 987 112 28 skickliga

191 1024 111 21 personer,
326 1018 24 21 så
373 1017 46 22 blir
437 1018 147 28 svårigheten
606 1018 50 21 icke
677 1018 94 21 dermed
788 1017 110 29 afhulpen
914 1019 33 20 att
962 1024 53 14 man

191 1046 79 21 stiftar
286 1054 28 14 en
329 1047 40 28 lag
384 1049 34 20 att
435 1047 27 22 de
477 1047 64 22 skola
556 1047 78 22 finnas.
666 1048 89 21 Genom
772 1055 29 14 en
811 1047 149 29 lagstiftning
969 1047 46 20 kan

191 1083 53 14 man
260 1076 51 21 icke
326 1076 121 22 framkalla
463 1077 43 27 det,
522 1085 47 14 som
585 1077 51 22 icke
652 1077 79 22 finnes.
750 1077 55 22 Man
821 1077 46 22 kan
877 1077 38 21 väl
925 1077 90 21 komma

191 1105 87 22 derhän
302 1108 34 19 att
352 1106 87 22 antalet
456 1107 26 21 af
494 1114 107 21 personer
616 1107 44 22 blir
676 1107 61 27 fullt,
753 1115 53 13 men
822 1107 50 21 icke
888 1106 76 21 dertill
980 1107 35 20 att

191 1134 65 22 dessa
271 1143 107 21 personer
394 1136 70 22 hafva
480 1137 26 21 de
523 1137 115 29 behöfliga
653 1137 222 28 gvalifikationerna.
905 1136 54 21 Men
977 1135 38 21 det

190 1164 117 29 behöfliga
329 1165 81 22 härvid
431 1169 24 18 &r
475 1166 27 28 ju
518 1166 50 21 icke
584 1174 149 21 personernas
749 1167 70 25 antal,
835 1168 57 19 utan
907 1165 108 21 behofvet

191 1193 94 22 kräfver
308 1196 34 20 att
365 1195 28 21 de
408 1195 176 29 ifrägavarande
600 1203 139 21 personerna
753 1199 41 18 äro
809 1196 26 20 sä
850 1194 165 29 gvalificerade,

189 1224 35 20 att
240 1223 28 21 de
284 1224 87 22 tillföra
392 1225 90 21 banken
498 1225 58 22 ökad
572 1226 77 28 insigt.
680 1225 154 22 Förtroendet
849 1225 36 21 för
903 1224 112 22 bankfull-

189 1253 114 29 mäktiges
327 1254 75 22 beslut
425 1254 66 22 beror
513 1255 51 21 icke
587 1255 75 29 derpä,
682 1257 35 19 att
732 1254 102 22 beslutet
849 1258 24 18 är
889 1254 86 22 fattadt
991 1254 26 20 af

189 1283 34 20 ett
238 1285 73 19 större
327 1284 62 21 antal
405 1292 114 21 personer;
536 1287 28 26 ty
579 1285 39 21 det
634 1288 24 18 är
673 1285 51 21 icke
741 1285 94 26 antalet,
851 1291 48 15 som
914 1284 101 28 ingifver

187 1314 73 20 större
290 1312 137 30 förtroende,
457 1316 57 20 utan
544 1314 28 22 de
603 1314 134 22 beslutande
767 1321 151 21 personernas
947 1321 67 21 egen-

187 1341 88 29 skaper.

258 1372 55 21 Men
337 1374 94 28 antaget
454 1375 34 19 att
511 1381 53 14 man
587 1374 76 21 kunde
686 1374 64 21 finna
773 1374 50 20 ätta
838 1380 112 22 personer,
966 1380 47 14 som

186 1408 55 14 vore
264 1402 125 28 uppgiften
410 1410 83 20 vuxna,
516 1404 98 20 återstår
637 1403 58 21 dock
713 1403 93 29 frågan:
823 1402 64 22 skola
902 1402 28 22 de
946 1402 67 21 också

187 1430 105 22 befinnas
315 1432 151 28 beredvilliga
490 1434 34 20 att
547 1434 69 27 åtaga
631 1433 36 28 sig
683 1433 76 21 denna
774 1432 109 29 uppgift?
912 1432 50 28 Mig
977 1439 36 21 sy-

185 1467 41 14 nes
243 1460 39 21 det
297 1461 9 20 i
322 1461 125 22 allmänhet
462 1462 49 21 icke
526 1469 54 14 vara
596 1462 110 21 lockande
717 1464 36 20 att
764 1464 70 26 åtaga
845 1462 36 28 sig
892 1469 28 14 en
930 1461 83 22 befatt-

185 1489 64 30 ning,
273 1497 49 14 som
345 1494 25 17 är
393 1491 95 22 förenad
511 1491 52 22 med
586 1493 24 20 så
634 1494 57 19 stort
715 1499 91 14 ansvar.
836 1491 56 22 Man
911 1491 42 22 har
974 1491 40 21 vid
