1100 1734
347 86 75 21 Pappiss.
435 86 22 17 14
471 90 15 16 p.
499 86 63 17 Huhtik.
574 85 49 17 1885.
832 84 34 18 617

80 144 35 22 för
130 144 30 29 pä
181 151 52 23 pag.
249 145 30 22 24
296 144 36 22 för
347 144 108 29 Kaipiais
471 144 74 22 säsom
559 143 228 30 förgreningspunkt,
803 146 34 20 att
853 144 48 22 der-

82 174 75 22 städes
171 173 70 23 redan
255 174 122 28 befintliga
391 174 144 28 byggnader,
552 174 52 28 spår
614 173 43 22 och
667 174 72 22 andra
749 173 153 28 inrättningar

81 203 81 23 endast
183 204 38 22 till
236 212 29 14 en
280 204 37 21 del
331 203 98 22 behöfde
445 204 165 29 kompletteras
625 202 36 23 för
677 206 35 19 att
726 205 116 20 motsvara
856 202 46 22 for-

80 233 123 30 dringarna
233 234 14 22 pä
262 241 28 14 en
304 233 98 29 begväm
415 233 242 29 anslutningsstation.
688 233 79 29 Något
777 234 70 22 annat
856 232 47 22 kan

80 263 113 23 utskottet
207 264 50 21 icke
273 263 83 22 anföra.
387 263 110 27 Rörande
513 263 44 22 den
572 263 110 29 riktning,
692 263 9 21 i
711 262 96 23 hvilken
817 262 86 22 sträck-

81 294 86 30 ningen
189 293 52 22 från
261 292 105 30 Kaipiais
382 292 75 23 skulle
473 293 82 29 fortgå,
571 293 41 21 har
627 293 62 21 inom
704 293 113 22 utskottet
832 291 72 23 under

82 323 177 29 öfverläggning
273 322 61 22 varit
349 324 86 20 tvänne
450 323 75 29 linier,
543 323 43 22 den
601 330 44 14 ena
661 322 63 22 öfver
735 321 169 24 Halmenniemi

83 353 43 22 och
149 360 28 14 en
200 360 77 14 annan
299 352 64 22 öfver
386 352 89 30 Kieppi
497 353 43 22 och
555 352 156 29 Mäntyharju.
741 353 34 22 På
833 352 32 22 grund
880 350 27 22 af

82 383 62 22 hvad
160 383 57 22 1883
233 383 36 21 års
284 382 86 22 komité
385 383 85 28 anfört,
485 383 42 22 har
543 383 113 22 utskottet
665 383 115 22 förkastat
805 391 28 14 den
844 382 61 22 förra

84 412 73 22 linien
179 412 42 22 och
243 412 102 29 godkänt
367 413 214 29 bansträckningen
600 413 305 29 Kaipiais-Kieppi-Mänty-

83 442 69 29 harju
167 449 18 15 o.
201 449 16 15 s.
232 450 21 14 v.
278 442 35 21 De
325 442 56 29 skäl,
391 442 82 22 hvilka
483 443 106 22 inverkat
599 444 30 27 på
638 443 120 28 utskottet,
768 443 137 22 förekomma

84 473 30 28 på
130 479 51 22 pag.
197 473 28 22 18
240 471 9 22 i
263 471 250 24 komitébetänkandet.

155 502 46 21 För
221 501 139 30 järnvägens
376 501 154 30 fortsättning
546 502 51 22 från
613 502 34 22 S:t
661 502 85 23 Michel
761 502 38 22 till
813 500 92 29 Kuopio

85 531 59 22 hade
166 532 62 21 inom
252 533 57 21 1883
331 533 37 20 års
382 532 89 22 komité
487 532 138 22 framhållits
640 532 51 22 icke
706 533 89 22 mindre
810 535 30 18 än
854 531 53 28 fyra

86 561 62 22 olika
166 561 119 23 banlinier.
315 561 121 23 Utskottet
451 562 44 22 har
510 564 83 27 genast
607 562 128 22 eliminerat
751 570 34 20 en,
800 564 56 19 utan
871 562 36 21 att

86 591 72 22 inlåta
181 591 36 29 sig
238 592 30 29 på
290 591 139 22 bedömande
453 592 28 21 af
503 593 136 27 densamma,
663 592 41 21 och
727 591 113 30 uppställt
861 592 44 20 tre:

88 629 28 14 en
131 621 84 29 vestlig
231 621 64 22 öfver
310 621 153 29 Haukivuori,
479 622 147 22 Pieksämäki
641 622 43 21 och
699 621 147 30 Suonenjoki,
860 620 47 22 till-

88 651 77 29 styrkt
187 651 26 22 af
234 651 57 22 1879
314 652 35 21 års
362 651 268 30 järnvägskommission,
645 652 112 21 inclusive
773 651 84 22 bibana
871 649 37 22 till

87 681 91 28 Tisvesi;
194 689 29 14 en
245 681 69 29 ostlig
329 681 64 22 öfver
408 681 97 29 Jokkas,
520 681 76 23 Jorois
611 681 44 22 och
669 681 141 30 Leppävirta
824 679 84 30 kyrko-

88 711 65 29 byar,
168 711 135 22 anslutande
318 711 36 29 sig
368 711 41 22 vid
425 711 92 22 Tiihola
532 712 38 21 till
585 711 45 22 den
645 711 62 22 förra
732 711 67 28 linien,
814 709 95 23 hvilken

89 741 134 28 sträckning
245 740 137 23 omfattades
404 741 26 22 af
454 742 59 22 1882
538 743 36 20 ärs
587 741 201 30 järnvägsutskott
803 740 42 23 och
861 746 48 15 som

90 777 62 15 vann
166 770 125 22 understöd
305 771 8 21 i
329 771 172 29 Ridderskapet
517 771 42 22 och
575 771 84 28 Adeln;
675 779 29 14 en
718 771 115 22 mellersta
847 769 62 28 linie,

89 800 129 29 föreslagen
233 800 26 22 af
273 801 56 22 1883
345 801 36 21 års
394 801 206 29 järnvägskomitö,
617 801 85 29 dragen
717 801 9 22 i
743 808 56 21 svag
813 799 97 30 böjning

89 837 84 45 genom
196 830 100 29 Höytyis
316 830 31 29 by
363 831 86 22 mellan
465 831 103 22 Maavesi
583 831 43 22 och
642 831 141 28 Sysmäjärvi
798 829 59 30 sjöar
872 829 38 22 till

105 860 78 29 äppilä
197 859 156 30 kapellkyrka.

161 890 60 22 Utaf
242 890 64 22 dessa
328 890 42 22 har
393 890 115 23 utskottet
523 891 86 21 lemnat
625 890 112 22 företräde
753 892 25 20 åt
793 890 44 22 den
852 890 58 21 vest-

89 919 84 30 ligaste
195 920 30 29 på
248 920 28 21 de
299 920 35 21 uti
356 920 56 29 kejs.
432 921 179 29 propositionen,
627 928 51 22 pag.
695 922 33 25 11,
745 920 94 29 angifna
855 918 54 22 skäl.

90 949 73 22 Dessa
185 950 50 21 skäl
256 952 47 20 äro:
328 952 33 20 ett
377 952 72 20 större
465 950 162 22 trafikområde
642 950 51 22 med
708 953 48 19 stor
771 948 140 29 folkmängd,

91 980 72 21 större
185 978 199 30 skogstillgångar,
406 988 65 14 mera
494 980 93 22 tillfälle
609 980 38 22 till
665 980 79 29 odling
759 982 64 25 samt,
838 978 74 29 enligt

90 1008 63 23 hvad
175 1008 113 23 komiténs
310 1009 119 23 minoritet
451 1010 135 28 framhållit,
609 1010 120 29 bördigare
747 1009 106 29 jordmån
869 1008 42 21 och

91 1041 72 19 större
184 1038 86 30 mängd
291 1039 258 29 ladugärdsprodukter,
571 1040 159 22 motsvarande
754 1040 27 21 de
804 1038 109 29 östligare

91 1068 174 23 kommunernas
279 1071 70 20 större
360 1070 202 28 spanmålsförråd,
573 1070 95 22 hvartill
678 1070 94 28 komme,
783 1071 36 19 att
829 1067 84 23 sträck-

93 1098 86 30 ningen
201 1099 50 22 icke
273 1099 80 22 endast
372 1100 8 21 i
395 1099 50 22 lika
459 1100 60 29 grad
534 1100 103 29 betjenar
653 1102 90 19 orterna
758 1100 30 29 på
803 1097 112 23 hvardera

92 1128 66 22 sidan
179 1130 24 20 af
215 1128 44 23 den
275 1129 135 22 savolakska
425 1129 130 29 landtåsen,
570 1132 56 20 utan
641 1130 68 21 äfven
724 1133 25 18 är
765 1130 90 21 kortare
870 1127 43 22 och

92 1165 91 22 gynnas
199 1159 25 22 af
236 1159 273 29 terrängförhållandena,
523 1160 81 22 hvilka
614 1159 195 30 omständigheter
819 1158 95 28 betinga

92 1188 89 21 mindre
204 1189 259 29 anläggningskostnad.
494 1190 47 21 Det
564 1193 24 18 är
610 1190 125 21 utskottets
750 1194 165 22 resonnemang

92 1217 65 23 öfver
172 1218 162 29 sträckningen
349 1219 8 21 i
374 1221 85 20 största
474 1219 101 22 korthet.

165 1248 68 22 Hvad
255 1249 58 21 först
333 1248 84 30 själfva
432 1249 181 29 hufvudfrågan,
629 1249 54 22 eller
698 1248 135 29 byggandet
847 1247 26 22 af
887 1253 28 15 en

90 1277 100 30 järnväg
205 1278 36 21 till
257 1277 111 23 Savolaks
384 1279 79 28 angår,
481 1287 68 20 synes
564 1279 97 22 rättvisa
675 1279 42 21 och
734 1278 106 29 billighet
855 1278 61 21 emot

93 1307 167 22 innevånarene
282 1308 8 21 i
306 1308 110 22 Savolaks
437 1308 86 28 fordra,
539 1311 36 20 att
590 1308 68 23 äfven
674 1308 27 22 de
716 1312 67 25 göras
799 1307 118 28 delaktiga

93 1337 27 21 af
140 1337 119 22 enahanda
281 1337 112 22 förmåner
417 1339 44 21 och
485 1338 105 25 fördelar,
611 1345 49 15 som
675 1345 82 22 genom
772 1336 144 31 anläggande

93 1367 26 22 af
132 1367 117 22 stambana
264 1367 9 22 i
288 1367 71 28 södra,
374 1370 79 20 vestra
470 1369 44 21 och
524 1375 67 15 norra
601 1368 93 21 delarna
704 1368 26 21 af
737 1368 78 21 landet
825 1365 92 24 beredts

94 1396 65 22 dessa
172 1396 138 23 landsorters
326 1397 144 30 befolkning,
486 1398 61 21 helst
562 1398 68 22 också
645 1397 28 22 de
687 1398 8 21 i
706 1398 35 21 sin
751 1399 54 20 mån
815 1395 102 29 bidragit

92 1426 38 21 till
153 1426 147 23 anskaffande
323 1426 26 22 af
370 1427 28 22 de
413 1427 93 30 belopp,
521 1428 80 22 hvilka
616 1427 64 22 dessa
693 1427 125 29 järnvägar
832 1426 84 22 kostat.

93 1455 43 22 Om
159 1456 86 22 således
268 1456 106 22 afseende
397 1457 73 22 fästes
494 1458 30 29 på
545 1457 116 22 Savolaks'
677 1457 74 28 behof,
767 1464 37 15 om
818 1455 98 23 rättvisa

93 1485 43 22 och
156 1486 113 28 billighet,
290 1494 35 14 om
344 1486 97 29 politisk
456 1487 98 22 klokhet
569 1487 102 29 påkallar
686 1487 123 28 byggande
825 1486 26 21 af
863 1485 54 21 ifrå-

94 1515 130 28 gavarande
238 1515 103 29 järnväg,
358 1517 25 20 så
397 1516 38 22 får
451 1516 114 29 farhågan
581 1519 34 20 att
630 1516 97 22 trafiken
738 1516 50 22 icke
799 1515 119 27 inbringar
