1111 1761
240 69 35 16 710
478 68 74 22 Pappiss.
565 68 22 18 23
599 73 16 17 p.
629 69 62 18 Huhtik.
703 69 50 17 1885.

204 127 87 28 slagits,
307 127 161 29 förhöjningen
483 127 90 21 komme
588 127 9 21 i
611 127 48 22 lika
674 129 62 20 stora
751 129 73 19 satser
839 127 119 30 samtidigt
973 127 52 22 från

204 158 40 21 två
258 157 54 27 håll,
328 157 51 22 från
394 159 76 20 staten
485 157 43 22 och
543 156 52 22 från
610 157 169 22 kommunerna.
810 156 53 21 Men
880 157 28 21 då
921 165 52 14 man
984 157 43 22 vill

205 195 28 13 en
248 187 46 29 god
310 187 46 28 sak,
371 187 86 21 händer
473 187 38 21 det
526 187 59 21 blott
601 186 78 22 alltför
694 186 45 22 lätt
754 189 35 19 att
800 193 53 14 man
864 187 87 28 skjuter
961 187 65 22 öfver

205 217 74 27 målet,
303 217 43 21 och
359 216 40 29 jag
415 217 71 21 måste
501 216 37 21 för
552 216 49 21 min
617 215 36 22 del
669 218 110 19 motsätta
794 217 48 28 mig
858 223 28 14 en
901 217 70 21 sådan
986 217 41 21 sti-

206 246 108 29 pulation,
339 253 45 14 som
405 248 34 19 att
456 246 163 21 kommunerna
635 245 49 22 helt
699 245 107 30 plötsligt
822 245 92 30 åläggas
931 248 33 19 att
979 246 47 21 till-

205 275 77 29 skjuta
298 277 44 21 200
357 276 63 21 mark
435 276 37 21 till
488 275 44 21 den
546 275 192 29 löneförhöjning,
754 283 48 13 som
817 277 76 19 staten
908 276 8 20 i
930 276 44 20 alla
985 275 42 21 fall

206 306 40 21 bör
260 306 76 21 lemna
350 305 36 21 till
402 304 146 30 afhjelpande
563 304 27 22 af
603 304 74 22 nöden
693 305 8 21 i
717 305 71 29 fråga.
819 305 47 29 Jag
876 308 41 26 gör
927 305 38 22 det
976 305 50 21 icke

206 335 81 27 derför,
304 337 34 19 att
351 334 41 29 jag
407 335 50 21 icke
473 334 73 22 skulle
561 342 54 14 anse
631 342 28 14 en
675 334 70 22 sådan
760 334 187 30 löneförhöjning
957 334 69 22 äfven

206 366 50 20 från
283 365 136 21 kommunen
447 364 114 22 önskvärd
587 364 43 21 och
652 364 72 29 nödig
747 364 36 21 för
806 364 220 22 tolkskolelärarene.

206 395 76 21 Såsom
298 393 56 29 själf
367 394 99 28 gammal
481 394 172 21 folkskollärare
669 396 40 19 vet
725 394 68 22 äfven
806 394 42 29 jag
863 394 61 22 hvad
935 394 39 22 det
984 394 42 22 vill

206 428 54 25 säga
276 425 35 20 att
327 426 68 27 tungt
410 424 78 22 arbeta
503 423 72 22 under
591 423 120 22 decennier
726 424 52 21 med
792 426 73 27 tunga
875 424 150 29 brödbekym-

206 461 47 14 mer
275 453 36 22 för
334 456 33 19 ett
387 454 57 29 högt
459 454 41 21 och
516 453 61 22 ädelt
593 453 54 28 mål;
663 461 52 14 men
729 453 42 29 jag
786 454 42 21 har
844 454 66 21 också
925 454 51 21 med
992 454 34 21 in-

206 487 70 18 tresse
292 483 51 22 sökt
358 483 56 29 följa
429 483 195 22 folkskolesakens
640 483 136 29 utveckling
792 483 8 21 i
816 483 64 22 detta
890 484 53 21 land
954 484 72 21 under

206 516 33 19 ett
263 513 122 29 fjärdedels
408 513 62 22 sekel
492 513 43 22 och
550 513 41 21 har
607 515 45 19 sett
667 513 52 21 med
735 513 96 21 hvilken
847 519 46 16 stor
909 513 117 29 svårighet

205 551 53 14 man
276 543 58 21 först
348 543 41 21 har
404 543 42 21 hos
462 543 72 21 folket
550 543 89 21 kunnat
654 546 57 25 göra
726 543 130 21 folkskolan
872 543 96 29 populär
983 543 43 22 och

206 573 80 21 älskad
309 575 58 19 samt
383 573 71 21 väcka
470 572 130 22 förtroende
615 572 36 21 för
667 572 136 22 densamma.
835 573 76 21 Skulle
927 581 31 13 nu
974 573 51 21 med

206 610 39 14 ens
268 602 162 22 kommunerna
453 602 93 28 åläggas
569 604 34 19 ett
626 602 83 29 bidrag
727 602 26 21 af
767 603 44 21 200
826 602 66 21 mark
907 602 94 28 årligen,
1018 602 8 21 i

206 632 65 22 deras
287 635 59 25 ögon
361 632 92 28 mycket
468 634 60 19 stora
543 632 132 28 penningar,
691 639 54 14 vore
762 632 64 21 detta
841 634 61 19 rätta
912 634 68 19 sättet
991 634 36 19 att

206 664 56 26 göra
277 661 128 22 folkskolan
421 661 133 29 impopulär,
565 661 40 21 der
616 661 43 21 den
669 661 71 21 redan
751 661 78 28 finnes,
841 664 58 19 samt
910 664 33 19 att
953 664 73 25 ytter-

206 692 72 28 ligare
293 691 107 28 försvåra,
416 698 37 14 om
469 691 19 29 ej
505 693 51 19 rent
571 690 26 22 af
605 690 151 30 omöjliggöra
766 698 47 21 nya
824 691 135 22 folkskolors
970 699 56 21 upp-

206 721 81 21 komst.
318 721 178 28 Konseqvensen
512 720 26 22 af
552 720 74 22 denna
641 721 48 21 min
700 721 61 28 åsigt
773 728 54 14 vore
838 721 95 21 sålunda
944 721 82 21 visser-

206 751 63 28 ligen
292 753 34 19 att
349 750 132 29 obetingadt
504 750 90 22 ansluta
616 750 48 28 mig
684 750 37 22 till
737 750 125 22 utskottets
879 750 148 27 betänkande,

206 788 58 20 men,
289 780 29 22 då
340 780 39 21 det
401 783 25 18 är
449 780 130 29 principielt
601 780 84 28 riktigt
708 782 34 20 att
763 780 163 22 kommunerna
942 780 84 28 själfva

206 810 132 22 underhälla
350 810 40 21 sitt
401 809 210 22 folkskoleväsende
622 809 41 22 och
675 810 29 21 dä
714 809 166 29 förmedlingar
891 810 48 21 ofta
949 810 78 21 kunna

206 840 51 21 leda
280 840 76 21 bättre
379 839 35 21 till
438 839 69 22 mälet
530 843 29 17 än
575 839 38 21 det
629 842 35 18 att
679 842 62 19 strax
756 840 60 28 yrka
831 841 30 27 pä
877 840 36 21 för
927 840 98 28 mycket,

206 872 49 18 tror
276 869 42 28 jag
340 869 58 21 dock
420 871 36 19 att
478 876 52 14 man
552 868 51 22 icke
619 869 74 21 skulle
708 870 88 20 riskera
812 870 24 20 sä
851 869 98 28 mycket,
965 869 61 21 hvad

206 898 143 22 folkskolans
371 899 100 28 prestige
494 898 41 21 hos
557 898 73 21 folket
653 898 114 28 beträffar,
784 906 36 14 om
836 906 53 14 man
904 898 73 22 skulle
993 899 33 21 in-

207 929 99 21 skränka
329 928 37 28 sig
388 927 37 22 till
448 935 28 14 en
494 928 93 21 fordran
603 928 25 21 af
643 929 42 21 100
700 928 70 21 mark.
802 928 45 21 Det
862 931 24 18 är
902 928 85 21 säledes
1003 928 28 22 af

206 960 52 20 rent
280 957 119 30 praktiska
418 957 50 22 skäl
481 957 41 29 jag
538 965 65 14 anser
618 960 35 19 att
669 957 43 22 den
731 960 89 19 senaste
835 958 168 22 reservationen
1019 958 8 21 i

206 988 142 21 förestäende
363 988 71 21 mätto
450 987 36 22 för
500 987 73 22 denna
588 988 62 28 gäng
665 987 79 22 funnit
760 988 39 21 det
814 990 61 19 rätta
885 988 42 21 och
937 988 92 21 förenar

207 1018 48 28 mig
271 1017 75 22 derför
361 1016 36 22 för
411 1017 49 21 min
475 1017 36 21 del
527 1024 35 14 om
578 1017 136 21 densamma.

278 1046 105 22 Provasti
407 1046 116 28 Dahlberg:
548 1047 105 21 Provasti
677 1046 137 22 Nordström
837 1054 28 14 on
881 1047 76 21 varsin
972 1046 56 22 läm-

206 1076 93 29 pimästi
322 1076 136 22 ehdottanut
480 1076 177 29 naisopettajain
679 1076 86 29 palkan
784 1076 159 22 korottamista
957 1076 70 28 ylem-

206 1106 68 21 missä
298 1106 190 21 kansakouluissa
510 1106 87 21 maalla
629 1106 57 21 Tätä
709 1106 77 21 hänen
801 1106 150 22 ehdotustaan
966 1106 62 21 minä

206 1136 124 21 kannatan.
361 1135 168 29 Naisopettajat
544 1135 92 22 tekevät
651 1143 79 14 saman
745 1139 58 25 työn
816 1136 57 21 kuin
884 1136 143 28 miesopetta-

204 1165 42 28 jat,
262 1167 54 19 ovat
330 1164 58 29 yhtä
403 1165 133 21 tunnollisia
548 1165 25 28 ja
588 1164 57 29 yhtä
661 1165 140 21 kunnollisia
806 1165 26 28 ja
842 1165 101 27 taitavia,
954 1167 75 19 mutta

207 1195 48 20 kun
278 1195 28 20 he
329 1196 53 20 ovat
403 1194 140 22 heikommat
565 1195 156 26 luonnoltaan,
743 1195 51 21 niin
812 1194 84 22 heidän
912 1195 116 21 voimansa

207 1226 145 19 masentuvat
367 1224 54 29 pian
434 1223 26 30 ja
474 1223 82 22 heidän
572 1226 146 26 terveytensä
728 1224 132 21 turmeltuu.
881 1224 92 21 Heidän
984 1225 44 20 tar-

207 1253 72 22 vitsee
294 1253 125 22 sentähden
435 1253 110 22 virkistää
555 1254 114 21 voimiaan
677 1253 25 29 ja
713 1255 147 26 terveyttään
870 1253 159 29 kylpemisellä

204 1283 25 27 ja
244 1283 87 22 muulla
346 1283 86 21 tavalla
447 1283 138 28 lepoaikana,
601 1285 75 19 mutta
691 1283 75 22 siihen
785 1283 72 22 heiltä
872 1285 101 27 puuttuu
988 1290 39 14 va-

206 1312 54 29 roja,
286 1312 72 29 joll'ei
384 1312 84 22 heidän
490 1313 140 28 palkkaansa
653 1313 105 28 myöskin
782 1313 114 28 tarpeeksi
919 1313 108 21 koroteta.

206 1342 72 21 Tämä
300 1349 29 14 on
352 1349 23 14 se
398 1343 52 20 uusi
470 1349 48 22 syy,
531 1342 58 28 jolla
603 1343 62 20 minä
681 1343 111 21 tahtoisin
807 1342 121 29 puolustaa
943 1342 84 21 heidän

205 1371 128 29 palkkansa
349 1372 165 27 korottamista;
530 1371 85 22 muissa
630 1371 87 22 kohdin
733 1372 63 21 minä
806 1372 92 28 tyydyn
908 1371 119 22 valiokun-

205 1409 47 14 nan
274 1401 135 22 mietintöön
432 1403 60 20 tässä
507 1401 88 22 asiassa.
625 1401 97 22 Millään
737 1401 91 22 ehdolla
845 1409 28 14 en
888 1401 77 28 tahdo,
980 1403 49 20 että

205 1431 83 21 kuntia
307 1431 188 21 velvoitettaisiin
510 1431 133 28 puolestaan
659 1433 151 19 enentämään
825 1431 30 21 eli
871 1431 158 21 korottamaan

204 1460 128 28 opettajain
362 1460 105 28 palkkaa,
497 1468 28 13 en
555 1460 125 22 sentähden
709 1463 48 19 että
783 1461 131 21 kadehtisin
939 1462 88 26 opetta-

204 1489 52 29 jilta
278 1489 209 30 palkankorotusta,
510 1497 58 14 vaan
592 1489 127 22 sentähden
739 1492 49 19 että
811 1497 29 14 on
864 1490 60 21 vielä
946 1490 82 22 kuntia
