1111 1709
254 78 46 18 1038
493 81 74 21 Pappiss.
579 82 14 16 11
606 86 16 16 p.
635 82 70 18 Toukok.
718 82 48 17 1885.

215 138 68 22 värdt
293 138 63 22 liten,
377 139 85 22 Likaså
475 140 88 29 nödgas
577 140 115 22 utskottet
706 142 14 20 &
731 148 52 21 pag.
796 140 28 22 35
836 140 105 27 erkänna,
954 142 48 24 ,att
1013 139 26 21 de

215 167 169 31 finskspråkiga
398 169 133 22 läroverken
547 170 51 21 haft
614 172 35 20 att
664 170 76 29 fröjda
749 171 37 28 sig
796 171 24 20 åt
831 172 33 19 ett
874 170 74 21 starkt
958 170 83 28 tillopp

216 197 80 28 elever,
312 198 120 23 vittnande
455 206 37 15 om
515 201 34 20 ett
572 200 121 21 vaknande
708 199 194 29 bildningsbehof,
915 200 71 28 jämte
1002 200 38 21 det

216 227 66 22 dessa
305 228 87 22 skolors
415 229 63 22 antal
501 230 25 20 år
548 228 36 23 för
600 230 25 21 år
639 230 119 29 tilltagit*.
788 229 122 22 Utskottet
926 232 65 26 säger
1006 231 34 20 att

216 256 39 22 det
270 258 50 21 icke
335 258 47 22 kan
397 258 94 22 förneka
507 259 63 21 detta
586 258 96 23 faktum.
712 260 79 29 Viljan
807 259 79 29 tyckes
905 259 50 21 icke
970 258 70 22 hafva

216 287 99 22 saknats.
346 288 99 23 Oaktadt
461 289 41 21 allt
519 289 63 22 detta
597 297 65 14 anser
677 290 114 21 utskottet
807 289 37 22 det
860 297 55 14 vara
930 288 109 23 obestrid-

217 317 45 28 ligt
287 319 40 25 att,
358 325 36 14 om
425 319 74 21 denna
528 319 130 28 grundsats,
686 321 35 20 att
751 319 290 29 skolundervisningssprä-

218 347 39 20 ket
281 347 41 21 bör
343 349 60 21 rätta
426 349 36 28 sig
483 349 58 21 efter
564 349 179 22 innevånarenes
765 349 68 29 språk
848 349 8 21 i
872 349 45 22 den
931 348 111 29 kringlig-

218 376 75 29 gande
314 377 89 29 nejden,
418 379 115 29 tillämpas
556 379 8 21 i
588 380 52 21 vårt
663 379 61 26 land,
740 381 24 20 så
787 380 71 20 måste
880 379 44 21 den
938 379 51 21 leda
1005 377 36 22 till

218 407 112 21 orättvisa
345 408 42 21 och
403 408 125 29 obillighet,
544 409 118 28 nämligen
678 411 60 20 emot
754 409 175 28 befolkningens
945 408 96 22 svenska

218 436 115 22 minoritet.
364 437 106 22 Deremot
494 439 58 21 talar
567 439 115 21 utskottet
696 439 51 21 icke
763 441 34 19 ett
813 438 40 22 ord
868 445 37 15 om
916 438 125 22 orättvisan

218 466 43 21 och
276 466 151 29 obilligheten
443 470 59 20 emot
518 468 43 21 den
577 468 75 22 finska
667 468 175 29 befolkningens
862 468 112 28 majoritet.
997 468 42 21 Ut-

216 495 87 22 skottet
319 497 96 28 antyder
431 500 34 19 att
476 498 127 29 petitionen
614 505 36 14 om
660 498 152 22 förändrande
823 498 26 21 af
857 497 184 30 undervisnings-

218 526 92 28 språket
326 527 59 21 varit
401 527 110 30 olämplig
534 528 42 21 och
600 530 34 19 att
650 528 100 22 deremot
766 536 29 13 en
810 528 66 21 enkel
892 528 97 29 petition
1004 535 37 14 om

218 555 131 22 inrättande
366 558 23 20 af
403 565 28 13 en
447 557 60 23 finsk
529 558 51 21 lärd
596 558 64 21 skola
676 558 8 21 i
700 558 31 22 S:t
747 558 90 27 Michel,
861 557 51 22 ifall
927 565 28 14 en
971 557 70 22 sådan

217 585 98 28 petition
337 586 132 29 framstälts,
493 587 115 22 sannolikt
631 587 54 22 låtit
708 588 65 21 stöda
795 588 36 28 sig
853 589 29 27 på
905 587 59 29 goda
986 587 54 20 skäl.

218 614 61 22 Utan
296 616 83 22 tvifvel
394 617 58 22 hade
467 617 60 29 goda
541 618 51 21 skäl
607 617 89 22 kunnat
712 617 144 27 framställas,
864 625 53 14 men
927 616 114 29 svårligen

218 644 73 23 skulle
308 653 28 14 en
351 647 122 28 petitionär
489 647 87 22 kunnat
592 647 122 29 öfvertyga
730 647 122 22 ständerna
868 649 34 20 att
915 647 31 22 S:t
957 646 84 21 Michel

218 674 42 21 hör
275 675 37 21 till
328 675 28 22 de
371 679 72 19 större
459 677 111 25 städerna,
587 677 40 22 der
650 678 40 21 två
713 677 105 22 läroverk
836 677 77 21 kunna
928 677 55 21 bära
999 676 41 28 sig.

218 703 47 30 Jag
280 704 101 23 kommer
396 706 36 21 för
447 707 102 21 tillfället
564 707 51 21 icke
631 707 55 28 ihåg
701 707 59 22 huru
777 708 82 27 många
876 707 107 21 invånare
999 705 41 22 fin-

218 741 42 14 nas
276 734 8 21 i
299 735 31 22 S:t
350 736 95 21 Michels
469 737 58 27 stad,
549 744 52 14 men
625 738 24 20 så
672 737 93 28 mycket
788 737 86 21 erinrar
886 736 42 29 jag
943 735 48 29 mig
1007 737 34 20 att

219 763 74 22 denna
309 765 51 21 stad
375 765 50 22 icke
441 766 46 21 kan
502 767 82 21 räknas
601 766 37 21 till
653 767 111 21 Finlands
781 769 71 19 större
868 766 80 21 städer.

290 794 131 23 Utskottets
443 796 144 22 betänkande
610 797 36 20 uti
666 797 75 21 denna
757 796 36 21 del
809 803 67 22 synes
891 795 48 29 mig
955 795 85 21 således

218 822 148 31 ådagalägga,
382 825 59 22 huru
464 826 112 21 utskottet
599 826 65 29 själft
679 826 57 21 känt
752 826 146 29 svårigheten
915 827 33 20 att
964 824 77 22 bevisa

219 851 39 24 det
280 861 48 15 som
351 855 70 22 borde
443 856 94 22 bevisas.
568 856 46 22 Det
638 860 24 17 är
685 858 73 20 såsom
781 864 37 14 om
840 856 113 21 utskottet
969 854 72 23 skulle

218 883 65 22 vrida
298 885 44 21 och
357 885 75 22 vånda
447 887 36 28 sig
498 886 71 21 under
585 886 117 29 intrycket
718 887 26 21 af
757 886 147 29 grundsatser
920 885 41 22 och
972 884 69 27 fakta,

218 912 80 23 hvilka
314 914 38 22 det
367 916 71 21 måste
454 916 51 21 med
521 923 51 22 sorg
588 916 106 27 erkänna,
702 924 52 13 men
765 916 38 21 det
819 915 86 22 drifves
917 915 57 22 dock
984 914 57 21 lika-

218 949 49 15 som
284 944 25 21 af
330 946 34 19 ett
385 945 146 29 oundvikligt
554 945 42 22 öde
620 947 35 20 att
678 947 74 20 såsom
768 945 91 29 obilligt
877 945 43 22 och
935 944 106 22 orättvist

218 971 103 24 förkasta
343 975 76 28 något,
435 983 47 14 som
506 975 39 22 vid
567 979 105 18 närmare
692 975 172 29 undersökning
879 974 101 22 befinnes
993 973 48 29 just

218 1001 201 25 öfverensstämma
442 1005 52 21 med
514 1005 108 29 billighet
637 1005 43 22 och
695 1005 102 22 rättvisa.
827 1005 61 21 Läsa
903 1005 24 21 vi
942 1004 100 21 deremot

218 1033 176 28 reservationen,
418 1035 171 21 undertecknad
611 1035 26 22 af
656 1035 83 22 doktor
763 1035 93 27 Geitlin,
872 1035 24 20 så
919 1035 72 20 möter
1006 1040 36 14 oss

217 1061 43 22 här
275 1063 129 30 någonting
419 1064 48 21 helt
483 1066 74 20 annat.
588 1065 80 21 Denne
684 1068 118 18 reservant
817 1064 103 22 befinner
934 1064 36 28 sig
986 1063 7 21 i
1009 1065 33 19 ett

219 1091 93 22 alldeles
328 1096 95 19 motsatt
438 1094 56 29 läge.
519 1094 42 21 Om
572 1094 115 21 utskottet
703 1094 58 22 hade
778 1101 28 14 en
821 1095 84 27 ytterst
921 1094 52 21 svår
987 1100 55 21 upp-

220 1121 52 28 gift,
296 1122 42 21 har
361 1126 146 19 reservanten
531 1123 100 22 deremot
655 1131 28 14 en
701 1126 84 27 ytterst
806 1124 50 21 lätt.
887 1123 155 22 Reservanten

218 1150 90 22 bevisar
324 1152 60 21 hvad
400 1161 48 14 som
467 1153 57 21 skall
546 1153 95 28 bevisas,
658 1153 42 22 och
722 1154 39 21 det
776 1155 56 20 utan
853 1153 122 28 svårighet,
991 1159 52 14 men

217 1179 47 22 han
280 1181 131 22 framhåller
426 1183 79 27 tillika,
522 1183 42 22 och
580 1183 64 22 detta
665 1183 41 22 ber
718 1183 42 29 jag
776 1183 41 21 här
832 1182 24 22 få
872 1182 121 22 framhålla
1009 1182 33 21 sä-

216 1217 48 14 som
280 1211 167 29 förtjenstfullt,
463 1215 34 19 att
508 1215 33 18 ett
551 1213 109 28 yrkande,
672 1213 81 22 sådant
769 1220 48 14 som
827 1212 144 29 petitionens,
979 1211 62 29 inga-

216 1239 72 23 lunda
304 1241 110 22 behöfver
429 1242 55 21 eller
499 1242 40 21 bör
557 1243 115 21 betraktas
689 1243 73 21 såsom
785 1242 94 28 uttryck
895 1241 26 22 af
934 1241 109 29 afvoghet

217 1273 61 18 emot
302 1271 38 21 det
364 1272 97 21 svenska
484 1272 97 29 språket.
612 1272 36 21 Då
662 1272 42 29 jag
719 1273 8 20 i
743 1272 75 21 denna
834 1272 70 21 stund
919 1271 74 28 yrkat,
1010 1273 33 18 att

216 1299 271 31 undervisningsspräket
510 1302 8 21 i
541 1302 31 21 S:t
595 1302 94 21 Michels
713 1302 104 21 läroverk
837 1301 41 22 bör
895 1308 55 15 vara
965 1301 79 26 finska,

216 1327 43 22 har
272 1329 43 29 jag
331 1331 62 28 gjort
409 1331 38 21 det
470 1331 72 22 under
564 1331 56 22 fullt
634 1331 152 22 medvetande
803 1331 25 21 af
842 1333 35 20 att
894 1331 37 21 det
948 1330 98 21 svenska

216 1359 98 27 språket,
332 1367 47 14 som
393 1360 41 29 jag
450 1361 41 21 vill
507 1361 107 29 aflägsna,
631 1365 26 17 är
672 1361 54 22 mitt
747 1361 143 26 modersmål,
906 1360 36 21 för
957 1359 90 22 hvilket

214 1387 43 29 jag
273 1388 37 21 till
326 1389 48 21 min
398 1390 103 29 dödedag
524 1392 72 20 måste
619 1391 58 28 hysa
701 1393 34 19 ett
758 1391 70 21 barns
849 1389 121 22 förkärlek.
1001 1389 46 28 Jag

216 1417 42 21 har
274 1418 74 22 likväl
363 1419 50 22 icke
429 1420 88 22 kunnat
540 1420 86 22 handla
648 1420 149 28 annorlunda,
814 1420 28 22 då
857 1420 114 22 rättvisan
987 1423 60 17 emot

216 1446 57 29 dem,
290 1455 48 15 som
360 1448 71 23 hafva
454 1450 89 22 finskan
566 1450 37 21 till
618 1450 140 28 modersmål,
775 1450 42 22 och
839 1457 47 14 som
903 1452 83 26 utgöra
1001 1448 44 22 den

216 1479 62 19 stora
294 1478 151 29 majoriteten,
462 1480 89 22 fordrar
574 1482 35 19 att
632 1480 147 22 minoriteten
803 1480 120 21 reducerar
941 1479 50 21 sina
1006 1486 38 14 an-

216 1508 75 27 språk.
323 1508 31 21 Af
377 1510 170 21 reservationen
572 1510 42 21 har
627 1510 43 28 jag
685 1508 80 23 erfarit
782 1517 85 14 samma
883 1508 98 28 intryck,
997 1516 47 14 som
