1111 1759
247 87 47 18 1140
492 89 74 21 Pappiss.
578 88 20 18 18
611 92 15 18 p.
638 89 73 17 Toukok.
723 88 48 18 1885.

213 149 118 20 sanotusta
356 148 108 28 yleisestä
489 147 153 22 valtiovarain
660 147 135 27 rahastosta,
809 146 26 30 ja
849 148 104 28 provasti
967 147 71 23 Dahl-

212 177 57 29 berg
288 184 29 14 on
342 180 43 26 nyt
408 179 98 20 sanonut
522 184 81 14 samaa.
634 177 91 21 Luulen
741 179 48 19 että
805 184 23 14 se
843 177 62 22 väite
921 178 21 21 ei
956 178 82 21 miten-

211 207 61 21 kään
294 206 55 30 pidä
371 206 147 30 paikkaansa.
556 206 88 22 Tuskin
670 207 93 21 kukaan
785 209 62 19 tässä
871 207 50 22 tahi
938 208 100 21 missään

211 244 94 14 muussa
320 236 112 29 säädyssä,
448 236 77 22 silloin
540 236 48 22 kun
596 236 125 28 päätettiin
731 236 70 22 Porin
809 237 141 28 rautatiestä,
958 237 80 21 käsitti

213 266 64 22 asian
293 266 65 28 siten,
374 268 48 20 että
437 266 137 26 määrättiin,
585 266 70 21 mistä
665 266 130 22 rahastosta
805 269 67 19 varat
882 266 72 22 olivat
963 274 75 14 mene-

213 299 45 19 vät.
290 296 115 21 Sellainen
420 298 80 26 päätös
516 296 51 21 olisi
583 296 44 21 sitä
643 296 71 28 paitsi
730 296 58 21 ollut
803 296 151 28 täydellisesti
969 299 70 18 väärä

211 326 26 28 ja
253 325 72 21 sotiva
351 325 279 29 Valtiopäiväjärjestystä
656 327 102 26 vastaan,
784 326 51 21 sillä
861 326 137 29 kysymystä
1018 326 21 21 ei

212 355 49 21 oltu
276 354 110 30 käsitelty
404 355 301 29 Valtiopäiväjärjestyksen
732 355 133 22 säätämällä
887 356 91 22 tavalla.
1010 355 28 22 Se

213 385 21 21 ei
257 384 60 22 vielä
341 385 58 21 ollut
422 385 229 22 valtiovaliokunnan
674 385 163 22 tarkastuksen
853 385 104 23 alaisena.
988 387 49 20 Nuo

213 416 74 20 sanat:
313 432 5 9 ,
319 415 89 28 yleiset
431 415 160 27 valtiovarat*,
617 414 128 26 ,allmänna
761 415 144 22 statsmedel*
924 416 38 27 tai,
978 415 59 22 niin-

212 444 57 22 kuin
291 444 254 22 rautatievaliokunnan
569 444 149 22 mietinnössä
740 445 134 28 ylipäätään
892 452 59 14 vaan
970 452 66 14 sano-

213 476 62 20 taan:
302 474 170 28 ,valtiovarat*,
498 474 166 28 ,statsmedel*,
688 476 115 20 saattavat
818 476 89 20 tuottaa
923 474 115 22 hämmen-

213 506 74 26 nystä,
311 504 71 22 koska
397 504 65 22 niillä
477 504 114 22 toisinaan
607 504 130 22 käsitetään
753 504 44 22 sitä
812 504 111 28 rahastoa,
937 503 56 29 joka
1008 512 30 14 on

211 536 109 19 tunnettu
336 534 92 21 nimellä
445 551 9 9 ,
458 534 115 26 allmänna
588 533 164 28 statsfonden*,
761 534 114 22 toisinaan
883 536 49 20 taas
943 534 94 21 kaikkia

213 564 88 21 valtion
324 563 84 29 varoja,
431 564 71 21 olivat
520 571 28 13 ne
564 563 54 21 sitte
634 564 199 28 suostuntavaroja
848 564 33 21 tai
897 564 49 21 niin
962 566 74 20 sanot-

213 593 50 28 tuja
279 593 141 21 hallituksen
446 593 59 22 omia
528 593 85 28 rahoja.
652 594 56 20 Että
731 601 29 14 ne
783 593 254 22 rautatievaliokunnan

213 623 148 21 mietinnössä
375 623 120 22 käsittivät
509 622 103 29 yleisesti
627 623 89 21 valtion
732 623 85 29 varoja,
833 631 22 14 se
867 631 29 14 on
906 623 54 22 ihan
969 623 67 22 selvä.

215 652 63 22 Siinä
299 653 21 21 ei
343 653 58 21 ollut
423 652 132 22 mitenkään
570 652 97 29 puhetta
684 653 58 27 siitä,
759 655 48 19 että
823 661 28 13 ne
867 653 65 22 rahat
948 653 90 21 otettai-

215 682 44 22 siin
282 682 134 28 rahastosta,
437 682 72 29 jonka
531 682 91 22 nimenä
643 690 29 14 on
690 683 129 28 ,allmänna
835 682 163 28 statsfonden*",
1014 682 23 28 ja

216 712 110 22 sellainen
341 715 78 26 päätös
435 712 51 22 olisi
502 712 44 21 sitä
561 712 75 28 paitsi,
652 712 72 22 kuten
736 714 97 26 sanottu,
845 714 113 27 syntynyt
968 712 70 22 koko-

213 749 60 14 naan
288 742 137 22 laittomalla
440 742 92 22 tavalla.

285 784 125 21 Professori
425 784 100 21 Donner:
557 783 80 22 Ehuru
656 784 42 28 jag
721 784 42 22 har
786 786 125 20 reserverat
926 784 49 28 mig
989 785 48 19 mot

215 813 43 21 den
273 813 165 29 uppställning,
448 821 47 14 som
503 820 78 14 senare
590 813 152 22 förekommer
751 814 8 21 i
767 814 183 21 statsutskottets
960 814 79 21 betän-

215 843 80 27 kande,
319 844 71 20 mäste
409 843 43 29 jag
474 842 72 22 likväl
571 842 78 22 förena
672 843 50 29 mig
745 851 36 14 om
802 844 44 21 den
862 843 112 28 anhällan,
991 850 47 14 som

213 875 66 26 göres
294 874 30 28 pä
340 872 62 23 detta
418 873 72 28 ställe,
506 872 94 22 emedan
616 872 38 23 det
670 873 8 21 i
694 872 81 30 hvarje
791 873 108 22 händelse
910 881 68 21 synes
988 872 49 30 mig

214 902 114 30 föreligga
353 903 51 21 skäl
426 904 37 20 för
485 910 28 14 en
534 903 70 21 sådan
626 903 115 22 anhållan.
771 904 52 21 Den
846 903 128 29 beräkning
990 910 47 14 som

213 932 173 22 statsutskottet
401 933 62 29 gjort
478 932 64 22 öfver
559 933 149 21 statsverkets
724 933 117 22 allmänna
855 933 127 21 inkomster
995 932 43 22 och

213 962 98 28 utgifter
337 970 67 20 synes
430 962 48 30 mig
503 962 50 22 icke
576 962 72 22 heller
672 970 55 14 vara
746 964 24 20 sä
785 963 73 29 knapt
873 962 115 30 uppgjord
1004 964 34 20 att

213 992 76 28 nägon
315 992 96 29 farhäga
426 992 136 28 förefunnes,
578 994 35 19 att
629 992 39 22 det
684 992 50 22 icke
750 1000 54 14 vore
819 992 92 29 möjligt
926 992 36 21 för
976 999 63 21 rege-

212 1021 83 29 ringen
311 1024 34 19 att
361 1022 113 22 öfverföra
490 1022 43 21 den
548 1022 42 21 här
605 1022 100 21 nämnda
720 1030 104 14 summan
837 1022 26 22 af
871 1022 94 28 700,000
972 1021 65 21 mark

213 1050 94 29 årligen,
322 1051 51 22 ifall
395 1052 135 28 regeringen
552 1051 92 21 bifaller
667 1052 37 21 till
728 1052 44 22 den
788 1052 157 28 underdäniga
961 1051 78 21 anhäl-

213 1080 38 21 lan
277 1080 52 22 från
356 1081 133 21 ständernas
513 1080 54 22 sida.
606 1081 42 22 Om
671 1088 55 14 man
749 1082 111 28 granskar
883 1080 156 22 statsfondens

212 1110 131 28 inkomster,
360 1110 100 22 derifrän
475 1110 123 22 afräknade
614 1111 156 21 inkomsterna
785 1111 52 21 frän
845 1111 160 29 järnvägarna,
1014 1111 26 21 sä

212 1140 62 21 visar
290 1140 39 21 det
345 1140 36 29 sig
396 1142 35 20 att
446 1140 36 21 för
498 1140 27 21 de
540 1141 15 21 4
571 1140 55 21 sista
642 1142 55 20 ären
714 1142 58 21 1880
788 1141 37 21 till
842 1142 57 21 1883
915 1140 71 22 hafva
1001 1140 36 21 in-

212 1169 131 22 komsterna
357 1170 8 20 i
381 1170 106 22 medeltal
511 1170 89 28 utgjort
623 1177 49 15 mer
695 1173 30 19 än
748 1171 28 21 25
792 1170 107 28 miljoner
913 1170 43 22 och
972 1172 66 26 tager

211 1206 53 14 man
289 1201 34 19 ett
345 1201 121 27 ogymsamt
488 1200 26 20 är
537 1199 42 28 till,
605 1200 25 21 sä
646 1200 42 21 har
703 1200 133 22 medeltalet
851 1200 62 22 varit
928 1199 64 22 öfver
1008 1200 29 21 24

210 1228 112 29 miljoner.
353 1230 51 21 Här
429 1228 110 22 beräknas
563 1231 35 19 att
621 1229 116 22 allmänna
752 1230 157 21 statsfondens
924 1228 115 22 ordinarie

209 1258 128 22 inkomster
351 1259 73 21 under
439 1258 73 22 denna
527 1258 80 29 period
622 1259 9 21 i
647 1259 107 21 medeltal
771 1259 74 21 skulle
860 1259 61 29 stiga
931 1258 61 22 blott
999 1258 38 21 till

210 1288 132 28 22,800,000
365 1289 69 22 mark.
468 1288 42 22 Om
533 1288 50 21 icke
599 1288 54 29 krig
669 1289 106 21 inträffar
790 1289 55 21 eller
860 1290 77 26 nägon
953 1288 85 21 allmän

209 1316 156 30 landsolycka,
389 1326 47 14 som
457 1318 7 21 i
480 1317 78 29 hvarje
574 1317 43 22 fall
632 1318 90 22 komme
738 1320 35 20 att
789 1318 108 22 förändra
913 1317 125 22 förhällan-

210 1346 40 22 det
273 1348 84 21 mellan
376 1351 86 19 statens
477 1347 126 22 inkomster
619 1348 43 21 och
677 1348 104 28 utgifter,
798 1349 25 21 sä
838 1348 65 22 torde
919 1355 53 14 man
987 1347 51 21 icke

210 1376 72 22 hafva
305 1376 39 22 det
359 1378 101 28 ringaste
474 1377 50 21 skäl
540 1379 35 19 att
591 1377 85 28 befara,
692 1380 35 19 att
743 1377 20 29 ej
781 1380 34 19 ett
831 1377 117 29 betydligt
964 1376 74 22 öfver-

210 1406 63 21 skott
289 1406 8 21 i
312 1408 88 20 statens
422 1406 125 22 inkomster
570 1406 60 22 skall
653 1407 124 22 förefinnas
794 1407 92 22 utöfver
902 1407 27 21 de
944 1406 97 28 vanliga

209 1435 130 29 utgifterna
361 1436 43 22 och
427 1438 35 20 att
476 1436 137 30 regeringen
629 1436 87 22 säledes
732 1437 51 21 icke
799 1444 54 15 vore
869 1436 61 22 stäld
945 1436 9 21 i
969 1436 67 21 förlä-

209 1465 92 28 genhet,
327 1466 69 22 äfven
422 1473 36 15 om
483 1466 43 21 den
549 1466 123 29 medgäfve
698 1466 171 23 öfverförandet
895 1466 26 22 af
936 1466 44 21 den
995 1465 43 22 här

209 1495 101 21 nämnda
325 1502 108 15 summan.
464 1495 46 29 Jag
525 1496 42 21 vill
583 1495 37 22 för
635 1504 59 20 egen
710 1496 37 22 del
758 1496 141 22 äterkomma
907 1495 37 22 till
954 1494 86 30 själfva
