1086 1759
228 76 46 32 1046
467 83 74 21 Pappiss.
553 83 13 17 11
580 88 15 16 p.
608 83 72 17 Toukok.
693 83 48 18 1885.

264 140 83 22 Tämän
358 141 91 27 jälkeen
460 141 73 27 päätti
548 143 65 26 sääty
630 141 154 22 keskustelutta
800 140 110 28 hyväksyä
926 142 16 20 2
956 148 60 14 mom.

192 170 120 22 mietinnön
339 172 76 26 pontta
438 170 66 22 niillä
525 171 161 27 poikkeuksilla
715 171 55 22 kuin
793 170 86 28 säädyn
901 171 116 27 ylempänä

194 200 102 22 mainitut
316 201 87 21 Vaasan
415 201 28 27 ja
458 200 109 22 Mikkelin
579 201 90 27 kouluja
680 201 101 22 koskevat
784 200 113 28 päätökset
906 202 110 20 osottavat.

264 289 119 21 Esitettiin
404 289 205 22 lakivaliokunnan
632 290 108 21 mietintö
756 296 37 14 n:o
809 290 14 21 9
839 292 68 18 erään
922 289 95 28 Pappis-

193 319 109 27 säädyssä
317 318 88 29 tehdyn
421 319 239 22 anomusehdotuksen
674 319 113 27 johdosta,
800 318 56 29 joka
871 319 83 21 koskee
967 325 51 15 sem-

192 348 78 21 moista
293 349 106 21 muutosta
420 348 281 28 Valtiopäiväjärjestyksen
717 349 31 21 4?
761 350 76 26 $:ään,
852 350 45 20 että
910 348 107 22 Senaatin

193 377 83 22 esimies
288 377 27 28 ja
325 378 85 27 jäsenet
426 379 91 21 saisivat
533 380 59 20 ottaa
607 385 53 15 osaa
676 379 102 28 säätyjen
794 378 178 23 keskusteluihin.

262 407 102 22 Mietintö
380 408 148 28 hyväksyttiin
544 408 162 22 keskustelutta.

264 497 182 22 Käsiteltäväksi
471 498 93 21 otettiin
587 498 206 21 lakivaliokunnan
816 497 103 22 mietintö
935 505 37 14 n:o
989 498 27 21 13

192 527 124 21 erinäisten
339 527 93 28 Pappis-
455 527 24 28 ja
502 527 275 29 Talonpoikaissäädyssä
792 527 105 29 tehtyjen
912 534 105 15 anomus-

192 556 152 22 ehdotuksien
364 556 113 29 johdosta,
495 557 66 28 jotka
576 557 112 22 koskevat
703 557 131 22 muutoksia
849 557 98 22 Suomen
962 557 54 21 Ase-

192 586 223 21 velvollisuuslaissa.

264 616 127 21 Mietinnön
417 617 165 21 ensimmäinen
607 617 73 29 ponsi,
703 617 102 22 koskeva
821 616 195 23 asevelvollisuus-

193 645 48 22 lain
257 646 29 21 58
302 647 36 26 $:n
354 647 163 27 muuttamista,
533 647 163 28 hyväksyttiin
712 647 174 21 keskustelutta.

266 676 12 21 2
294 683 91 21 ponnen
406 676 113 28 johdosta,
542 676 102 22 koskeva
666 677 118 28 lisäyksen
800 676 116 21 ottamista
932 675 84 22 asevel-

194 705 159 22 vollisuuslain
369 706 29 21 64
413 707 65 26 S:ään
494 706 80 28 syntyi
590 714 110 14 seuraava
716 706 141 21 keskustelu:

264 735 106 21 Provasti
392 735 147 22 Fredrikson:
569 736 47 29 Jag
640 736 75 21 skulle
738 736 29 21 be
791 737 35 20 att
841 735 23 22 fä
880 734 137 23 understöda

193 765 45 21 den
263 764 73 29 tredje
361 765 132 28 petitionen,
519 765 172 22 undertecknad
715 765 26 22 af
758 766 53 21 herr
825 765 115 28 Nyrönen.
970 765 47 28 Jag

193 794 47 22 kan
262 795 68 20 nämi.
346 794 50 21 icke
412 798 71 19 annat
497 795 49 22 inse
562 799 30 18 än
606 797 37 20 att
659 795 45 22 den
720 799 25 18 är
760 795 9 21 i
785 795 44 22 alla
845 795 62 21 delar
922 795 94 21 berätti-

193 824 51 29 gad.
276 824 44 21 Det
343 827 25 18 är
393 825 129 28 nägonting
544 825 128 29 onaturligt
690 827 35 20 att
741 833 29 13 en
785 832 87 22 person,
888 832 48 14 som
952 827 24 19 är
992 825 24 20 sä

192 854 47 28 lytt
262 853 43 22 och
327 854 53 27 lam,
400 856 35 19 att
453 854 46 22 han
513 854 51 22 icke
580 855 57 28 själf
650 858 25 18 är
690 855 120 28 förmögen
826 857 34 19 att
875 854 91 29 förfoga
981 854 36 28 sig

192 883 38 22 till
253 883 182 29 uppbädsstället
455 884 42 21 och
520 885 62 21 inom
598 885 140 21 kommunen
754 888 25 17 är
794 884 96 21 allmänt
904 884 62 21 känd
982 884 35 21 för

194 913 42 22 sitt
259 913 199 29 beklagansvärda
477 914 111 28 tillstånd,
604 914 59 22 skall
679 915 75 21 måsta
769 914 52 21 med
837 916 48 19 stor
900 913 117 29 svårighet

192 943 44 22 och
259 943 69 28 pläga
349 943 64 28 släpa
428 943 36 29 sig
480 943 39 22 dit.
550 944 80 21 Skulle
645 943 222 30 uppbädsnämnden
882 943 50 22 icke
947 943 70 22 hafva

191 973 128 28 tillräcklig
344 973 57 21 tillit
423 973 37 21 till
483 973 38 22 det
536 973 74 29 intyg,
626 981 49 14 som
692 973 246 28 kommunalstyrelsen
952 980 66 14 anser

192 1003 38 28 sig
245 1002 79 22 kunna
338 1002 105 22 meddela
458 1003 73 22 denne
546 1004 109 27 stackare,
672 1004 25 21 sä
712 1003 71 22 borde
799 1002 219 30 uppbädsnämnden

192 1032 139 21 åtminstone
354 1032 79 21 kunna
455 1033 42 21 lita
514 1033 37 21 till
566 1035 34 20 ett
616 1033 167 28 embets-intyg
803 1033 27 21 af
842 1032 176 29 församlingens

192 1063 70 27 prest.
300 1061 46 29 Jag
371 1062 149 22 understöder
535 1063 8 21 i
559 1063 45 21 allo
618 1063 157 28 petitionären
790 1063 120 28 Nyrönens
926 1061 90 29 förslag.

265 1091 106 22 Provasti
396 1091 113 29 Sahlberg:
548 1092 55 22 Icke
621 1093 73 21 heller
710 1093 43 28 jag
769 1092 45 22 kan
829 1092 63 21 finna
907 1092 49 29 mig
970 1091 47 22 till-

192 1121 113 21 Fredstäld
320 1121 26 22 af
358 1121 165 29 lagutskottets
537 1122 144 29 tillgörande,
698 1123 29 21 dä
743 1122 40 21 det
793 1124 82 27 vägrat
885 1124 35 19 att
927 1120 91 23 biträda

191 1151 155 28 petitionären
361 1151 111 28 Nyrönen
487 1152 35 21 uti
537 1151 57 22 hans
610 1152 109 22 anhållan
735 1152 79 21 derom
829 1153 34 20 att
879 1151 37 22 till
931 1152 29 21 64
970 1153 14 25 &
994 1150 26 22 af

192 1180 216 29 värnepligtslagen,
424 1181 95 21 hvilken
533 1181 133 29 uppräknar
681 1182 58 27 dem,
755 1181 82 22 hvilka
847 1181 50 22 icke
905 1184 39 18 äro
955 1181 62 28 skyl-

192 1210 53 29 dige
262 1213 34 18 att
312 1210 88 21 infinna
415 1211 36 28 sig
466 1211 40 21 vid
521 1211 292 28 uppbädssammanträdet,
830 1213 33 19 ett
879 1211 81 21 sådant
970 1210 47 22 till-

190 1239 57 30 lägg
262 1240 71 21 borde
348 1243 73 25 göras,
438 1242 35 19 att
487 1248 85 14 samma
587 1241 113 28 rättighet
716 1241 70 22 också
801 1240 74 22 skulle
891 1240 127 21 tillkomma

191 1270 87 21 sådana
301 1277 112 21 personer,
435 1277 48 14 som
506 1270 46 22 lida
568 1271 26 21 af
607 1271 9 21 i
631 1274 90 25 ögonen
736 1270 103 22 fallande
854 1270 92 29 kropps-
963 1270 55 21 eller

191 1299 127 28 själslyten.
349 1299 13 21 I
377 1299 74 22 likhet
467 1300 51 21 med
534 1300 44 21 den
593 1300 138 29 föregående
748 1300 90 22 talaren
854 1307 64 14 anser
926 1299 42 29 jag
979 1299 39 22 det

190 1336 57 14 vara
262 1329 69 21 hårdt
346 1329 43 21 och
404 1329 200 29 behjertansvärdt
620 1332 35 20 att
670 1330 168 29 krymplingar,
852 1329 84 28 blinda,
947 1329 69 27 halta,

190 1358 68 28 lama,
274 1358 122 27 enhändta,
413 1359 148 29 sinnessvaga
576 1360 43 21 och
630 1360 141 21 döfstumma
787 1361 72 20 måste
875 1359 87 21 infinna
982 1359 36 28 sig

190 1388 42 21 vid
250 1388 290 29 uppbådssammanträdet,
555 1389 96 22 oaktadt
666 1389 58 22 hvar
741 1389 44 22 och
800 1397 29 14 en
844 1389 62 21 förut
922 1390 39 20 vet
976 1389 44 20 och

191 1417 29 22 de
236 1417 85 29 själfva
344 1418 69 21 äfven
436 1421 60 25 veta,
511 1421 35 19 att
561 1419 29 21 de
605 1419 51 22 icke
671 1419 80 22 kunna
767 1419 91 22 komma
873 1418 80 29 ifråga.
983 1418 36 21 Dä

190 1448 57 20 våra
270 1447 200 28 uppbådsdistrikt
484 1452 38 18 äro
538 1449 25 21 så
578 1449 147 27 vidsträckta,
743 1450 26 20 så
784 1448 103 28 tillfogas
904 1448 51 21 dem
970 1447 49 21 här-

191 1476 93 29 igenom
307 1476 74 29 plåga,
409 1478 94 28 onödigt
521 1478 82 22 besvär
618 1478 43 22 och
677 1478 131 28 kostnader,
824 1478 80 21 hvilka
918 1477 103 21 kommu-

190 1514 46 14 nen
260 1506 57 29 själf
330 1506 89 22 komme
435 1510 36 19 att
486 1508 24 21 få
525 1508 136 28 vidkännas,
677 1508 97 21 emedan
790 1508 85 21 sådana
889 1514 108 22 personer
1012 1508 8 20 i
