<?xml version="1.0" encoding="UTF-8"?>
<alto xmlns="http://www.loc.gov/standards/alto/ns-v3#" xmlns:xlink="http://www.w3.org/1999/xlink" xmlns:xsi="http://www.w3.org/2001/XMLSchema-instance" xsi:schemaLocation="http://www.loc.gov/standards/alto/ns-v3# http://www.loc.gov/alto/v3/alto-3-0.xsd">
	<Description>
		<MeasurementUnit>pixel</MeasurementUnit>
		<sourceImageInformation>
			<fileName>/tmp/tess_eytxmfdt_input.PNG</fileName>
		</sourceImageInformation>
		<OCRProcessing ID="OCR_0">
			<ocrProcessingStep>
				<processingSoftware>
					<softwareName>tesseract 5.3.4</softwareName>
				</processingSoftware>
			</ocrProcessingStep>
		</OCRProcessing>
	</Description>
	<Layout>
		<Page WIDTH="1092" HEIGHT="1750" PHYSICAL_IMG_NR="0" ID="page_0">
			<PrintSpace HPOS="0" VPOS="0" WIDTH="1092" HEIGHT="1750">
				<ComposedBlock ID="cblock_0" HPOS="450" VPOS="378" WIDTH="62" HEIGHT="45">
					<TextBlock ID="block_0" HPOS="450" VPOS="378" WIDTH="62" HEIGHT="45">
						<TextLine ID="line_0" HPOS="450" VPOS="378" WIDTH="62" HEIGHT="45">
							<String ID="string_0" HPOS="450" VPOS="378" WIDTH="62" HEIGHT="45" WC="0.73" CONTENT="IT."/>
						</TextLine>
					</TextBlock>
				</ComposedBlock>
				<ComposedBlock ID="cblock_1" HPOS="144" VPOS="469" WIDTH="666" HEIGHT="60">
					<TextBlock ID="block_1" HPOS="144" VPOS="469" WIDTH="666" HEIGHT="60">
						<TextLine ID="line_1" HPOS="144" VPOS="469" WIDTH="666" HEIGHT="60">
							<String ID="string_1" HPOS="144" VPOS="469" WIDTH="666" HEIGHT="60" WC="0.92" CONTENT="Innehållsförteckning."/>
						</TextLine>
					</TextBlock>
				</ComposedBlock>
				<ComposedBlock ID="cblock_2" HPOS="460" VPOS="565" WIDTH="36" HEIGHT="28">
					<TextBlock ID="block_2" HPOS="460" VPOS="565" WIDTH="36" HEIGHT="28">
						<TextLine ID="line_2" HPOS="460" VPOS="565" WIDTH="36" HEIGHT="28">
							<String ID="string_2" HPOS="460" VPOS="565" WIDTH="36" HEIGHT="28" WC="0.96" CONTENT="A."/>
						</TextLine>
					</TextBlock>
				</ComposedBlock>
				<ComposedBlock ID="cblock_3" HPOS="68" VPOS="624" WIDTH="821" HEIGHT="140">
					<TextBlock ID="block_3" HPOS="68" VPOS="624" WIDTH="790" HEIGHT="45">
						<TextLine ID="line_3" HPOS="68" VPOS="624" WIDTH="790" HEIGHT="22">
							<String ID="string_3" HPOS="68" VPOS="625" WIDTH="86" HEIGHT="18" WC="0.88" CONTENT="Aftom-"/><SP WIDTH="13" VPOS="625" HPOS="154"/>
							<String ID="string_4" HPOS="167" VPOS="625" WIDTH="48" HEIGHT="18" WC="0.92" CONTENT="och"/><SP WIDTH="13" VPOS="625" HPOS="215"/>
							<String ID="string_5" HPOS="228" VPOS="624" WIDTH="209" HEIGHT="22" WC="0.90" CONTENT="sömdagsskolor,"/><SP WIDTH="13" VPOS="624" HPOS="437"/>
							<String ID="string_6" HPOS="450" VPOS="624" WIDTH="101" HEIGHT="18" WC="0.91" CONTENT="inrättande"/><SP WIDTH="13" VPOS="624" HPOS="551"/>
							<String ID="string_7" HPOS="564" VPOS="624" WIDTH="24" HEIGHT="21" WC="0.96" CONTENT="af,"/><SP WIDTH="13" VPOS="624" HPOS="588"/>
							<String ID="string_8" HPOS="601" VPOS="630" WIDTH="18" HEIGHT="12" WC="0.96" CONTENT="se"/><SP WIDTH="13" VPOS="630" HPOS="619"/>
							<String ID="string_9" HPOS="632" VPOS="625" WIDTH="20" HEIGHT="16" WC="0.93" CONTENT="A."/><SP WIDTH="16" VPOS="625" HPOS="652"/>
							<String ID="string_10" HPOS="668" VPOS="625" WIDTH="17" HEIGHT="16" WC="0.92" CONTENT="B."/><SP WIDTH="13" VPOS="625" HPOS="685"/>
							<String ID="string_11" HPOS="698" VPOS="625" WIDTH="30" HEIGHT="17" WC="0.93" CONTENT="U:s"/><SP WIDTH="13" VPOS="625" HPOS="728"/>
							<String ID="string_12" HPOS="741" VPOS="625" WIDTH="35" HEIGHT="17" WC="0.96" CONTENT="bet."/><SP WIDTH="13" VPOS="625" HPOS="776"/>
							<String ID="string_13" HPOS="789" VPOS="630" WIDTH="28" HEIGHT="12" WC="0.92" CONTENT="n:o"/><SP WIDTH="14" VPOS="630" HPOS="817"/>
							<String ID="string_14" HPOS="831" VPOS="624" WIDTH="27" HEIGHT="17" WC="0.96" CONTENT="25."/>
						</TextLine>
						<TextLine ID="line_4" HPOS="69" VPOS="644" WIDTH="389" HEIGHT="44">
							<String ID="string_15" HPOS="69" VPOS="644" WIDTH="137" HEIGHT="44" WC="0.95" CONTENT="Allmänna"/><SP WIDTH="11" VPOS="644" HPOS="206"/>
							<String ID="string_16" HPOS="217" VPOS="644" WIDTH="241" HEIGHT="33" WC="0.90" CONTENT="besvärsutskottet,"/>
						</TextLine>
					</TextBlock>
					<TextBlock ID="block_4" HPOS="139" VPOS="671" WIDTH="354" HEIGHT="21">
						<TextLine ID="line_5" HPOS="139" VPOS="671" WIDTH="354" HEIGHT="21">
							<String ID="string_17" HPOS="139" VPOS="671" WIDTH="61" HEIGHT="18" WC="0.96" CONTENT="beslut"/><SP WIDTH="12" VPOS="671" HPOS="200"/>
							<String ID="string_18" HPOS="212" VPOS="677" WIDTH="28" HEIGHT="12" WC="0.96" CONTENT="om"/><SP WIDTH="13" VPOS="677" HPOS="240"/>
							<String ID="string_19" HPOS="253" VPOS="671" WIDTH="40" HEIGHT="17" WC="0.90" CONTENT="dess"/><SP WIDTH="13" VPOS="671" HPOS="293"/>
							<String ID="string_20" HPOS="306" VPOS="671" WIDTH="119" HEIGHT="21" WC="0.95" CONTENT="tillsättande,"/><SP WIDTH="13" VPOS="671" HPOS="425"/>
							<String ID="string_21" HPOS="438" VPOS="672" WIDTH="13" HEIGHT="16" WC="0.96" CONTENT="I."/><SP WIDTH="14" VPOS="672" HPOS="451"/>
							<String ID="string_22" HPOS="465" VPOS="671" WIDTH="28" HEIGHT="18" WC="0.96" CONTENT="20."/>
						</TextLine>
					</TextBlock>
					<TextBlock ID="block_5" HPOS="140" VPOS="695" WIDTH="563" HEIGHT="22">
						<TextLine ID="line_6" HPOS="140" VPOS="695" WIDTH="563" HEIGHT="22">
							<String ID="string_23" HPOS="140" VPOS="695" WIDTH="31" HEIGHT="18" WC="0.96" CONTENT="val"/><SP WIDTH="13" VPOS="695" HPOS="171"/>
							<String ID="string_24" HPOS="184" VPOS="695" WIDTH="20" HEIGHT="17" WC="0.93" CONTENT="af"/><SP WIDTH="11" VPOS="695" HPOS="204"/>
							<String ID="string_25" HPOS="215" VPOS="695" WIDTH="97" HEIGHT="17" WC="0.92" CONTENT="ledamöter"/><SP WIDTH="13" VPOS="695" HPOS="312"/>
							<String ID="string_26" HPOS="325" VPOS="696" WIDTH="33" HEIGHT="16" WC="0.93" CONTENT="och"/><SP WIDTH="13" VPOS="696" HPOS="358"/>
							<String ID="string_27" HPOS="371" VPOS="696" WIDTH="120" HEIGHT="21" WC="0.91" CONTENT="suppleanter,"/><SP WIDTH="13" VPOS="696" HPOS="491"/>
							<String ID="string_28" HPOS="504" VPOS="696" WIDTH="14" HEIGHT="16" WC="0.93" CONTENT="I."/><SP WIDTH="14" VPOS="696" HPOS="518"/>
							<String ID="string_29" HPOS="532" VPOS="695" WIDTH="28" HEIGHT="21" WC="0.96" CONTENT="52,"/><SP WIDTH="13" VPOS="695" HPOS="560"/>
							<String ID="string_30" HPOS="573" VPOS="695" WIDTH="40" HEIGHT="21" WC="0.96" CONTENT="386,"/><SP WIDTH="15" VPOS="695" HPOS="613"/>
							<String ID="string_31" HPOS="628" VPOS="696" WIDTH="21" HEIGHT="16" WC="0.94" CONTENT="II."/><SP WIDTH="14" VPOS="696" HPOS="649"/>
							<String ID="string_32" HPOS="663" VPOS="695" WIDTH="40" HEIGHT="17" WC="0.94" CONTENT="675."/>
						</TextLine>
					</TextBlock>
					<TextBlock ID="block_6" HPOS="140" VPOS="719" WIDTH="440" HEIGHT="17">
						<TextLine ID="line_7" HPOS="140" VPOS="719" WIDTH="440" HEIGHT="17">
							<String ID="string_33" HPOS="140" VPOS="719" WIDTH="53" HEIGHT="17" WC="0.93" CONTENT="dess"/><SP WIDTH="12" VPOS="719" HPOS="193"/>
							<String ID="string_34" HPOS="205" VPOS="719" WIDTH="163" HEIGHT="17" WC="0.91" CONTENT="betänkanden"/><SP WIDTH="13" VPOS="719" HPOS="368"/>
							<String ID="string_35" HPOS="381" VPOS="719" WIDTH="39" HEIGHT="17" WC="0.93" CONTENT="och"/><SP WIDTH="13" VPOS="719" HPOS="420"/>
							<String ID="string_36" HPOS="433" VPOS="719" WIDTH="147" HEIGHT="17" WC="0.92" CONTENT="skrifvelser:"/>
						</TextLine>
					</TextBlock>
					<TextBlock ID="block_7" HPOS="140" VPOS="742" WIDTH="749" HEIGHT="22">
						<TextLine ID="line_8" HPOS="140" VPOS="742" WIDTH="749" HEIGHT="22">
							<String ID="string_37" HPOS="140" VPOS="742" WIDTH="16" HEIGHT="18" WC="0.71" CONTENT="b."/><SP WIDTH="12" VPOS="742" HPOS="156"/>
							<String ID="string_38" HPOS="168" VPOS="747" WIDTH="28" HEIGHT="14" WC="0.96" CONTENT="n:o"/><SP WIDTH="13" VPOS="747" HPOS="196"/>
							<String ID="string_39" HPOS="209" VPOS="743" WIDTH="15" HEIGHT="21" WC="0.93" CONTENT="1,"/><SP WIDTH="13" VPOS="743" HPOS="224"/>
							<String ID="string_40" HPOS="237" VPOS="743" WIDTH="93" HEIGHT="21" WC="0.96" CONTENT="angående"/><SP WIDTH="18" VPOS="743" HPOS="330"/>
							<String ID="string_41" HPOS="348" VPOS="743" WIDTH="113" HEIGHT="17" WC="0.96" CONTENT="tillsättande"/><SP WIDTH="19" VPOS="743" HPOS="461"/>
							<String ID="string_42" HPOS="480" VPOS="743" WIDTH="20" HEIGHT="17" WC="0.96" CONTENT="af"/><SP WIDTH="17" VPOS="743" HPOS="500"/>
							<String ID="string_43" HPOS="517" VPOS="749" WIDTH="22" HEIGHT="11" WC="0.91" CONTENT="en"/><SP WIDTH="18" VPOS="749" HPOS="539"/>
							<String ID="string_44" HPOS="557" VPOS="743" WIDTH="67" HEIGHT="17" WC="0.48" CONTENT="komitö"/><SP WIDTH="16" VPOS="743" HPOS="624"/>
							<String ID="string_45" HPOS="640" VPOS="743" WIDTH="29" HEIGHT="17" WC="0.93" CONTENT="för"/><SP WIDTH="15" VPOS="743" HPOS="669"/>
							<String ID="string_46" HPOS="684" VPOS="743" WIDTH="98" HEIGHT="18" WC="0.91" CONTENT="utrönande"/><SP WIDTH="13" VPOS="743" HPOS="782"/>
							<String ID="string_47" HPOS="795" VPOS="743" WIDTH="20" HEIGHT="17" WC="0.93" CONTENT="af"/><SP WIDTH="11" VPOS="743" HPOS="815"/>
							<String ID="string_48" HPOS="826" VPOS="743" WIDTH="63" HEIGHT="17" WC="0.91" CONTENT="handt-"/>
						</TextLine>
					</TextBlock>
				</ComposedBlock>
				<ComposedBlock ID="cblock_4" HPOS="141" VPOS="803" WIDTH="7" HEIGHT="9">
					<TextBlock ID="block_8" HPOS="141" VPOS="803" WIDTH="7" HEIGHT="9">
						<TextLine ID="line_9" HPOS="141" VPOS="803" WIDTH="7" HEIGHT="9">
							<String ID="string_49" HPOS="141" VPOS="803" WIDTH="7" HEIGHT="9" WC="0.46" CONTENT="E"/>
						</TextLine>
					</TextBlock>
				</ComposedBlock>
				<ComposedBlock ID="cblock_5" HPOS="140" VPOS="851" WIDTH="8" HEIGHT="8">
					<TextBlock ID="block_9" HPOS="140" VPOS="851" WIDTH="8" HEIGHT="8">
						<TextLine ID="line_10" HPOS="140" VPOS="851" WIDTH="8" HEIGHT="8">
							<String ID="string_50" HPOS="140" VPOS="851" WIDTH="8" HEIGHT="8" WC="0.75" CONTENT="”"/>
						</TextLine>
					</TextBlock>
				</ComposedBlock>
				<ComposedBlock ID="cblock_6" HPOS="177" VPOS="791" WIDTH="46" HEIGHT="116">
					<TextBlock ID="block_10" HPOS="177" VPOS="791" WIDTH="46" HEIGHT="116">
						<TextLine ID="line_11" HPOS="177" VPOS="791" WIDTH="46" HEIGHT="21">
							<String ID="string_51" HPOS="177" VPOS="803" WIDTH="7" HEIGHT="9" WC="0.84" CONTENT="n"/><SP WIDTH="25" VPOS="803" HPOS="184"/>
							<String ID="string_52" HPOS="209" VPOS="791" WIDTH="14" HEIGHT="21" WC="0.74" CONTENT="%"/>
						</TextLine>
						<TextLine ID="line_12" HPOS="177" VPOS="839" WIDTH="43" HEIGHT="20">
							<String ID="string_53" HPOS="177" VPOS="851" WIDTH="7" HEIGHT="8" WC="0.54" CONTENT="n"/><SP WIDTH="20" VPOS="851" HPOS="184"/>
							<String ID="string_54" HPOS="204" VPOS="839" WIDTH="16" HEIGHT="20" WC="0.78" CONTENT="3"/>
						</TextLine>
						<TextLine ID="line_13" HPOS="177" VPOS="886" WIDTH="45" HEIGHT="21">
							<String ID="string_55" HPOS="177" VPOS="899" WIDTH="7" HEIGHT="8" WC="0.89" CONTENT="»"/><SP WIDTH="21" VPOS="899" HPOS="184"/>
							<String ID="string_56" HPOS="205" VPOS="886" WIDTH="17" HEIGHT="20" WC="0.84" CONTENT="4,"/>
						</TextLine>
					</TextBlock>
				</ComposedBlock>
				<ComposedBlock ID="cblock_7" HPOS="174" VPOS="1501" WIDTH="42" HEIGHT="22">
					<TextBlock ID="block_11" HPOS="174" VPOS="1501" WIDTH="42" HEIGHT="22">
						<TextLine ID="line_14" HPOS="174" VPOS="1501" WIDTH="42" HEIGHT="22">
							<String ID="string_57" HPOS="174" VPOS="1514" WIDTH="6" HEIGHT="7" WC="0.91" CONTENT="»"/><SP WIDTH="9" VPOS="1514" HPOS="180"/>
							<String ID="string_58" HPOS="189" VPOS="1501" WIDTH="27" HEIGHT="22" WC="0.95" CONTENT="16,"/>
						</TextLine>
					</TextBlock>
				</ComposedBlock>
				<ComposedBlock ID="cblock_8" HPOS="230" VPOS="766" WIDTH="660" HEIGHT="804">
					<TextBlock ID="block_12" HPOS="236" VPOS="766" WIDTH="513" HEIGHT="22">
						<TextLine ID="line_15" HPOS="236" VPOS="766" WIDTH="513" HEIGHT="22">
							<String ID="string_59" HPOS="236" VPOS="767" WIDTH="123" HEIGHT="16" WC="0.92" CONTENT="verkeriernas"/><SP WIDTH="13" VPOS="767" HPOS="359"/>
							<String ID="string_60" HPOS="372" VPOS="767" WIDTH="7" HEIGHT="16" WC="0.96" CONTENT="i"/><SP WIDTH="13" VPOS="767" HPOS="379"/>
							<String ID="string_61" HPOS="392" VPOS="767" WIDTH="62" HEIGHT="16" WC="0.93" CONTENT="landet"/><SP WIDTH="12" VPOS="767" HPOS="454"/>
							<String ID="string_62" HPOS="466" VPOS="767" WIDTH="89" HEIGHT="21" WC="0.95" CONTENT="tillstånd,"/><SP WIDTH="13" VPOS="767" HPOS="555"/>
							<String ID="string_63" HPOS="568" VPOS="767" WIDTH="14" HEIGHT="16" WC="0.95" CONTENT="I."/><SP WIDTH="14" VPOS="767" HPOS="582"/>
							<String ID="string_64" HPOS="596" VPOS="766" WIDTH="40" HEIGHT="21" WC="0.93" CONTENT="203,"/><SP WIDTH="14" VPOS="766" HPOS="636"/>
							<String ID="string_65" HPOS="650" VPOS="766" WIDTH="99" HEIGHT="18" WC="0.85" CONTENT="221—231."/>
						</TextLine>
					</TextBlock>
					<TextBlock ID="block_13" HPOS="236" VPOS="790" WIDTH="652" HEIGHT="44">
						<TextLine ID="line_16" HPOS="236" VPOS="790" WIDTH="652" HEIGHT="23">
							<String ID="string_66" HPOS="236" VPOS="795" WIDTH="41" HEIGHT="16" WC="0.96" CONTENT="ang."/><SP WIDTH="13" VPOS="795" HPOS="277"/>
							<String ID="string_67" HPOS="290" VPOS="791" WIDTH="59" HEIGHT="16" WC="0.93" CONTENT="finska"/><SP WIDTH="12" VPOS="791" HPOS="349"/>
							<String ID="string_68" HPOS="361" VPOS="791" WIDTH="137" HEIGHT="21" WC="0.92" CONTENT="normallyceets"/><SP WIDTH="12" VPOS="791" HPOS="498"/>
							<String ID="string_69" HPOS="510" VPOS="791" WIDTH="94" HEIGHT="22" WC="0.96" CONTENT="placering"/><SP WIDTH="12" VPOS="791" HPOS="604"/>
							<String ID="string_70" HPOS="616" VPOS="791" WIDTH="6" HEIGHT="16" WC="0.96" CONTENT="i"/><SP WIDTH="10" VPOS="791" HPOS="622"/>
							<String ID="string_71" HPOS="632" VPOS="791" WIDTH="117" HEIGHT="21" WC="0.96" CONTENT="Helsingfors,"/><SP WIDTH="8" VPOS="791" HPOS="749"/>
							<String ID="string_72" HPOS="757" VPOS="791" WIDTH="14" HEIGHT="16" WC="0.95" CONTENT="I."/><SP WIDTH="10" VPOS="791" HPOS="771"/>
							<String ID="string_73" HPOS="781" VPOS="791" WIDTH="40" HEIGHT="21" WC="0.93" CONTENT="263,"/><SP WIDTH="10" VPOS="791" HPOS="821"/>
							<String ID="string_74" HPOS="831" VPOS="790" WIDTH="57" HEIGHT="17" WC="0.84" CONTENT="269—"/>
						</TextLine>
						<TextLine ID="line_17" HPOS="236" VPOS="813" WIDTH="260" HEIGHT="21">
							<String ID="string_75" HPOS="236" VPOS="813" WIDTH="41" HEIGHT="18" WC="0.92" CONTENT="277."/><SP WIDTH="14" VPOS="813" HPOS="277"/>
							<String ID="string_76" HPOS="291" VPOS="824" WIDTH="22" HEIGHT="2" WC="0.92" CONTENT="—"/><SP WIDTH="13" VPOS="824" HPOS="313"/>
							<String ID="string_77" HPOS="326" VPOS="814" WIDTH="24" HEIGHT="17" WC="0.93" CONTENT="Sf."/><SP WIDTH="14" VPOS="814" HPOS="350"/>
							<String ID="string_78" HPOS="364" VPOS="815" WIDTH="22" HEIGHT="16" WC="0.85" CONTENT="II."/><SP WIDTH="15" VPOS="815" HPOS="386"/>
							<String ID="string_79" HPOS="401" VPOS="813" WIDTH="41" HEIGHT="21" WC="0.96" CONTENT="680,"/><SP WIDTH="13" VPOS="813" HPOS="442"/>
							<String ID="string_80" HPOS="455" VPOS="814" WIDTH="41" HEIGHT="17" WC="0.96" CONTENT="697."/>
						</TextLine>
					</TextBlock>
					<TextBlock ID="block_14" HPOS="234" VPOS="838" WIDTH="655" HEIGHT="45">
						<TextLine ID="line_18" HPOS="234" VPOS="838" WIDTH="655" HEIGHT="22">
							<String ID="string_81" HPOS="234" VPOS="843" WIDTH="28" HEIGHT="12" WC="0.93" CONTENT="om"/><SP WIDTH="12" VPOS="843" HPOS="262"/>
							<String ID="string_82" HPOS="274" VPOS="838" WIDTH="102" HEIGHT="17" WC="0.91" CONTENT="inrättande"/><SP WIDTH="12" VPOS="838" HPOS="376"/>
							<String ID="string_83" HPOS="388" VPOS="838" WIDTH="20" HEIGHT="17" WC="0.96" CONTENT="af"/><SP WIDTH="11" VPOS="838" HPOS="408"/>
							<String ID="string_84" HPOS="419" VPOS="844" WIDTH="22" HEIGHT="11" WC="0.93" CONTENT="en"/><SP WIDTH="12" VPOS="844" HPOS="441"/>
							<String ID="string_85" HPOS="453" VPOS="838" WIDTH="124" HEIGHT="22" WC="0.92" CONTENT="finskspräkig"/><SP WIDTH="8" VPOS="838" HPOS="577"/>
							<String ID="string_86" HPOS="585" VPOS="838" WIDTH="172" HEIGHT="22" WC="0.92" CONTENT="parallelafdelning"/><SP WIDTH="8" VPOS="838" HPOS="757"/>
							<String ID="string_87" HPOS="765" VPOS="839" WIDTH="32" HEIGHT="16" WC="0.96" CONTENT="vid"/><SP WIDTH="8" VPOS="839" HPOS="797"/>
							<String ID="string_88" HPOS="805" VPOS="838" WIDTH="84" HEIGHT="17" WC="0.96" CONTENT="Mustiala"/>
						</TextLine>
						<TextLine ID="line_19" HPOS="236" VPOS="861" WIDTH="381" HEIGHT="22">
							<String ID="string_89" HPOS="236" VPOS="861" WIDTH="186" HEIGHT="22" WC="0.91" CONTENT="landtbruksinstitut,"/><SP WIDTH="14" VPOS="861" HPOS="422"/>
							<String ID="string_90" HPOS="436" VPOS="863" WIDTH="13" HEIGHT="16" WC="0.93" CONTENT="I."/><SP WIDTH="13" VPOS="863" HPOS="449"/>
							<String ID="string_91" HPOS="462" VPOS="862" WIDTH="42" HEIGHT="21" WC="0.93" CONTENT="277,"/><SP WIDTH="13" VPOS="862" HPOS="504"/>
							<String ID="string_92" HPOS="517" VPOS="861" WIDTH="100" HEIGHT="18" WC="0.73" CONTENT="293—302."/>
						</TextLine>
					</TextBlock>
					<TextBlock ID="block_15" HPOS="235" VPOS="885" WIDTH="653" HEIGHT="41">
						<TextLine ID="line_20" HPOS="235" VPOS="885" WIDTH="653" HEIGHT="22">
							<String ID="string_93" HPOS="235" VPOS="891" WIDTH="41" HEIGHT="16" WC="0.87" CONTENT="ang."/><SP WIDTH="14" VPOS="891" HPOS="276"/>
							<String ID="string_94" HPOS="290" VPOS="885" WIDTH="35" HEIGHT="17" WC="0.93" CONTENT="den"/><SP WIDTH="13" VPOS="885" HPOS="325"/>
							<String ID="string_95" HPOS="338" VPOS="886" WIDTH="135" HEIGHT="21" WC="0.91" CONTENT="värnepligtiga"/><SP WIDTH="12" VPOS="886" HPOS="473"/>
							<String ID="string_96" HPOS="485" VPOS="886" WIDTH="99" HEIGHT="17" WC="0.92" CONTENT="militärens"/><SP WIDTH="13" VPOS="886" HPOS="584"/>
							<String ID="string_97" HPOS="597" VPOS="886" WIDTH="71" HEIGHT="21" WC="0.93" CONTENT="sedliga"/><SP WIDTH="13" VPOS="886" HPOS="668"/>
							<String ID="string_98" HPOS="681" VPOS="886" WIDTH="130" HEIGHT="20" WC="0.93" CONTENT="förhällanden,"/><SP WIDTH="14" VPOS="886" HPOS="811"/>
							<String ID="string_99" HPOS="825" VPOS="886" WIDTH="13" HEIGHT="16" WC="0.89" CONTENT="1."/><SP WIDTH="10" VPOS="886" HPOS="838"/>
							<String ID="string_100" HPOS="848" VPOS="885" WIDTH="40" HEIGHT="20" WC="0.95" CONTENT="312,"/>
						</TextLine>
						<TextLine ID="line_21" HPOS="236" VPOS="909" WIDTH="101" HEIGHT="17">
							<String ID="string_101" HPOS="236" VPOS="909" WIDTH="101" HEIGHT="17" WC="0.91" CONTENT="340—354."/>
						</TextLine>
					</TextBlock>
					<TextBlock ID="block_16" HPOS="236" VPOS="933" WIDTH="654" HEIGHT="46">
						<TextLine ID="line_22" HPOS="236" VPOS="933" WIDTH="654" HEIGHT="22">
							<String ID="string_102" HPOS="236" VPOS="938" WIDTH="42" HEIGHT="17" WC="0.90" CONTENT="ang."/><SP WIDTH="18" VPOS="938" HPOS="278"/>
							<String ID="string_103" HPOS="296" VPOS="933" WIDTH="137" HEIGHT="22" WC="0.89" CONTENT="öfverflyttning"/><SP WIDTH="19" VPOS="933" HPOS="433"/>
							<String ID="string_104" HPOS="452" VPOS="933" WIDTH="20" HEIGHT="17" WC="0.96" CONTENT="af"/><SP WIDTH="17" VPOS="933" HPOS="472"/>
							<String ID="string_105" HPOS="489" VPOS="934" WIDTH="45" HEIGHT="21" WC="0.96" CONTENT="gods"/><SP WIDTH="21" VPOS="934" HPOS="534"/>
							<String ID="string_106" HPOS="555" VPOS="934" WIDTH="6" HEIGHT="15" WC="0.96" CONTENT="i"/><SP WIDTH="19" VPOS="934" HPOS="561"/>
							<String ID="string_107" HPOS="580" VPOS="933" WIDTH="25" HEIGHT="16" WC="0.96" CONTENT="S:t"/><SP WIDTH="19" VPOS="933" HPOS="605"/>
							<String ID="string_108" HPOS="624" VPOS="933" WIDTH="106" HEIGHT="22" WC="0.93" CONTENT="Petersburg"/><SP WIDTH="18" VPOS="933" HPOS="730"/>
							<String ID="string_109" HPOS="748" VPOS="933" WIDTH="39" HEIGHT="17" WC="0.92" CONTENT="frän"/><SP WIDTH="12" VPOS="933" HPOS="787"/>
							<String ID="string_110" HPOS="799" VPOS="933" WIDTH="48" HEIGHT="17" WC="0.96" CONTENT="finsk"/><SP WIDTH="12" VPOS="933" HPOS="847"/>
							<String ID="string_111" HPOS="859" VPOS="933" WIDTH="31" HEIGHT="16" WC="0.95" CONTENT="till"/>
						</TextLine>
						<TextLine ID="line_23" HPOS="236" VPOS="956" WIDTH="465" HEIGHT="23">
							<String ID="string_112" HPOS="236" VPOS="957" WIDTH="44" HEIGHT="21" WC="0.92" CONTENT="rysk"/><SP WIDTH="10" VPOS="957" HPOS="280"/>
							<String ID="string_113" HPOS="290" VPOS="957" WIDTH="77" HEIGHT="22" WC="0.92" CONTENT="jernväg"/><SP WIDTH="13" VPOS="957" HPOS="367"/>
							<String ID="string_114" HPOS="380" VPOS="957" WIDTH="33" HEIGHT="17" WC="0.93" CONTENT="och"/><SP WIDTH="12" VPOS="957" HPOS="413"/>
							<String ID="string_115" HPOS="425" VPOS="959" WIDTH="83" HEIGHT="19" WC="0.92" CONTENT="tvärtom,"/><SP WIDTH="13" VPOS="959" HPOS="508"/>
							<String ID="string_116" HPOS="521" VPOS="958" WIDTH="14" HEIGHT="15" WC="0.93" CONTENT="I."/><SP WIDTH="13" VPOS="958" HPOS="535"/>
							<String ID="string_117" HPOS="548" VPOS="957" WIDTH="41" HEIGHT="20" WC="0.93" CONTENT="354,"/><SP WIDTH="49" VPOS="957" HPOS="589"/>
							<String ID="string_118" HPOS="638" VPOS="956" WIDTH="63" HEIGHT="18" WC="0.91" CONTENT="384—385."/>
						</TextLine>
					</TextBlock>
					<TextBlock ID="block_17" HPOS="236" VPOS="981" WIDTH="653" HEIGHT="45">
						<TextLine ID="line_24" HPOS="236" VPOS="981" WIDTH="653" HEIGHT="21">
							<String ID="string_119" HPOS="236" VPOS="986" WIDTH="40" HEIGHT="16" WC="0.96" CONTENT="ang."/><SP WIDTH="14" VPOS="986" HPOS="276"/>
							<String ID="string_120" HPOS="290" VPOS="981" WIDTH="109" HEIGHT="21" WC="0.96" CONTENT="utvidgning"/><SP WIDTH="13" VPOS="981" HPOS="399"/>
							<String ID="string_121" HPOS="412" VPOS="981" WIDTH="20" HEIGHT="16" WC="0.96" CONTENT="af"/><SP WIDTH="11" VPOS="981" HPOS="432"/>
							<String ID="string_122" HPOS="443" VPOS="981" WIDTH="35" HEIGHT="17" WC="0.93" CONTENT="den"/><SP WIDTH="12" VPOS="981" HPOS="478"/>
							<String ID="string_123" HPOS="490" VPOS="981" WIDTH="128" HEIGHT="17" WC="0.91" CONTENT="kombinerade"/><SP WIDTH="13" VPOS="981" HPOS="618"/>
							<String ID="string_124" HPOS="631" VPOS="981" WIDTH="41" HEIGHT="16" WC="0.91" CONTENT="kur-"/><SP WIDTH="13" VPOS="981" HPOS="672"/>
							<String ID="string_125" HPOS="685" VPOS="981" WIDTH="33" HEIGHT="16" WC="0.93" CONTENT="och"/><SP WIDTH="13" VPOS="981" HPOS="718"/>
							<String ID="string_126" HPOS="731" VPOS="981" WIDTH="135" HEIGHT="16" WC="0.92" CONTENT="värdanstalten"/><SP WIDTH="13" VPOS="981" HPOS="866"/>
							<String ID="string_127" HPOS="879" VPOS="981" WIDTH="10" HEIGHT="15" WC="0.92" CONTENT="å"/>
						</TextLine>
						<TextLine ID="line_25" HPOS="236" VPOS="1003" WIDTH="581" HEIGHT="23">
							<String ID="string_128" HPOS="236" VPOS="1005" WIDTH="90" HEIGHT="20" WC="0.93" CONTENT="Fagernäs"/><SP WIDTH="13" VPOS="1005" HPOS="326"/>
							<String ID="string_129" HPOS="339" VPOS="1005" WIDTH="81" HEIGHT="16" WC="0.96" CONTENT="hemman"/><SP WIDTH="12" VPOS="1005" HPOS="420"/>
							<String ID="string_130" HPOS="432" VPOS="1005" WIDTH="52" HEIGHT="16" WC="0.96" CONTENT="invid"/><SP WIDTH="12" VPOS="1005" HPOS="484"/>
							<String ID="string_131" HPOS="496" VPOS="1005" WIDTH="75" HEIGHT="21" WC="0.96" CONTENT="Kuopio,"/><SP WIDTH="13" VPOS="1005" HPOS="571"/>
							<String ID="string_132" HPOS="584" VPOS="1005" WIDTH="13" HEIGHT="16" WC="0.96" CONTENT="I."/><SP WIDTH="14" VPOS="1005" HPOS="597"/>
							<String ID="string_133" HPOS="611" VPOS="1003" WIDTH="41" HEIGHT="22" WC="0.96" CONTENT="385,"/><SP WIDTH="12" VPOS="1003" HPOS="652"/>
							<String ID="string_134" HPOS="664" VPOS="1004" WIDTH="41" HEIGHT="21" WC="0.93" CONTENT="400,"/><SP WIDTH="12" VPOS="1004" HPOS="705"/>
							<String ID="string_135" HPOS="717" VPOS="1004" WIDTH="100" HEIGHT="19" WC="0.80" CONTENT="414—437,"/>
						</TextLine>
					</TextBlock>
					<TextBlock ID="block_18" HPOS="236" VPOS="1028" WIDTH="653" HEIGHT="45">
						<TextLine ID="line_26" HPOS="238" VPOS="1028" WIDTH="651" HEIGHT="22">
							<String ID="string_136" HPOS="238" VPOS="1033" WIDTH="41" HEIGHT="16" WC="0.90" CONTENT="ang."/><SP WIDTH="19" VPOS="1033" HPOS="279"/>
							<String ID="string_137" HPOS="298" VPOS="1028" WIDTH="100" HEIGHT="17" WC="0.92" CONTENT="ordnandet"/><SP WIDTH="18" VPOS="1028" HPOS="398"/>
							<String ID="string_138" HPOS="416" VPOS="1028" WIDTH="20" HEIGHT="17" WC="0.96" CONTENT="af"/><SP WIDTH="17" VPOS="1028" HPOS="436"/>
							<String ID="string_139" HPOS="453" VPOS="1029" WIDTH="152" HEIGHT="20" WC="0.96" CONTENT="undervisningen"/><SP WIDTH="19" VPOS="1029" HPOS="605"/>
							<String ID="string_140" HPOS="624" VPOS="1029" WIDTH="6" HEIGHT="16" WC="0.93" CONTENT="i"/><SP WIDTH="19" VPOS="1029" HPOS="630"/>
							<String ID="string_141" HPOS="649" VPOS="1029" WIDTH="102" HEIGHT="21" WC="0.92" CONTENT="gymnastik"/><SP WIDTH="21" VPOS="1029" HPOS="751"/>
							<String ID="string_142" HPOS="772" VPOS="1029" WIDTH="30" HEIGHT="16" WC="0.93" CONTENT="vid"/><SP WIDTH="17" VPOS="1029" HPOS="802"/>
							<String ID="string_143" HPOS="819" VPOS="1028" WIDTH="70" HEIGHT="17" WC="0.93" CONTENT="landets"/>
						</TextLine>
						<TextLine ID="line_27" HPOS="236" VPOS="1051" WIDTH="497" HEIGHT="22">
							<String ID="string_144" HPOS="236" VPOS="1052" WIDTH="89" HEIGHT="21" WC="0.95" CONTENT="läroverk,"/><SP WIDTH="13" VPOS="1052" HPOS="325"/>
							<String ID="string_145" HPOS="338" VPOS="1053" WIDTH="14" HEIGHT="15" WC="0.96" CONTENT="I."/><SP WIDTH="13" VPOS="1053" HPOS="352"/>
							<String ID="string_146" HPOS="365" VPOS="1051" WIDTH="41" HEIGHT="21" WC="0.93" CONTENT="385,"/><SP WIDTH="12" VPOS="1051" HPOS="406"/>
							<String ID="string_147" HPOS="418" VPOS="1052" WIDTH="101" HEIGHT="17" WC="0.89" CONTENT="400—405."/><SP WIDTH="14" VPOS="1052" HPOS="519"/>
							<String ID="string_148" HPOS="533" VPOS="1062" WIDTH="21" HEIGHT="2" WC="0.93" CONTENT="—"/><SP WIDTH="13" VPOS="1062" HPOS="554"/>
							<String ID="string_149" HPOS="567" VPOS="1052" WIDTH="24" HEIGHT="17" WC="0.88" CONTENT="Sf."/><SP WIDTH="14" VPOS="1052" HPOS="591"/>
							<String ID="string_150" HPOS="605" VPOS="1053" WIDTH="22" HEIGHT="16" WC="0.96" CONTENT="II."/><SP WIDTH="14" VPOS="1053" HPOS="627"/>
							<String ID="string_151" HPOS="641" VPOS="1051" WIDTH="40" HEIGHT="22" WC="0.95" CONTENT="737,"/><SP WIDTH="13" VPOS="1051" HPOS="681"/>
							<String ID="string_152" HPOS="694" VPOS="1051" WIDTH="39" HEIGHT="18" WC="0.96" CONTENT="778."/>
						</TextLine>
					</TextBlock>
					<TextBlock ID="block_19" HPOS="235" VPOS="1075" WIDTH="653" HEIGHT="45">
						<TextLine ID="line_28" HPOS="235" VPOS="1075" WIDTH="653" HEIGHT="22">
							<String ID="string_153" HPOS="235" VPOS="1081" WIDTH="28" HEIGHT="11" WC="0.90" CONTENT="om"/><SP WIDTH="19" VPOS="1081" HPOS="263"/>
							<String ID="string_154" HPOS="282" VPOS="1076" WIDTH="118" HEIGHT="17" WC="0.90" CONTENT="anskaffande"/><SP WIDTH="18" VPOS="1076" HPOS="400"/>
							<String ID="string_155" HPOS="418" VPOS="1076" WIDTH="21" HEIGHT="17" WC="0.92" CONTENT="af"/><SP WIDTH="17" VPOS="1076" HPOS="439"/>
							<String ID="string_156" HPOS="456" VPOS="1076" WIDTH="141" HEIGHT="21" WC="0.89" CONTENT="arbetsförtjenst"/><SP WIDTH="19" VPOS="1076" HPOS="597"/>
							<String ID="string_157" HPOS="616" VPOS="1077" WIDTH="19" HEIGHT="15" WC="0.93" CONTENT="ät"/><SP WIDTH="16" VPOS="1077" HPOS="635"/>
							<String ID="string_158" HPOS="651" VPOS="1076" WIDTH="72" HEIGHT="21" WC="0.92" CONTENT="frigifne"/><SP WIDTH="17" VPOS="1076" HPOS="723"/>
							<String ID="string_159" HPOS="740" VPOS="1076" WIDTH="67" HEIGHT="21" WC="0.92" CONTENT="fängar,"/><SP WIDTH="14" VPOS="1076" HPOS="807"/>
							<String ID="string_160" HPOS="821" VPOS="1077" WIDTH="13" HEIGHT="15" WC="0.93" CONTENT="I."/><SP WIDTH="13" VPOS="1077" HPOS="834"/>
							<String ID="string_161" HPOS="847" VPOS="1075" WIDTH="41" HEIGHT="21" WC="0.96" CONTENT="459,"/>
						</TextLine>
						<TextLine ID="line_29" HPOS="236" VPOS="1098" WIDTH="215" HEIGHT="22">
							<String ID="string_162" HPOS="236" VPOS="1098" WIDTH="102" HEIGHT="22" WC="0.88" CONTENT="472—477,"/><SP WIDTH="13" VPOS="1098" HPOS="338"/>
							<String ID="string_163" HPOS="351" VPOS="1098" WIDTH="100" HEIGHT="18" WC="0.78" CONTENT="560—584."/>
						</TextLine>
					</TextBlock>
					<TextBlock ID="block_20" HPOS="235" VPOS="1122" WIDTH="653" HEIGHT="41">
						<TextLine ID="line_30" HPOS="236" VPOS="1122" WIDTH="652" HEIGHT="22">
							<String ID="string_164" HPOS="236" VPOS="1128" WIDTH="28" HEIGHT="11" WC="0.93" CONTENT="om"/><SP WIDTH="13" VPOS="1128" HPOS="264"/>
							<String ID="string_165" HPOS="277" VPOS="1123" WIDTH="102" HEIGHT="17" WC="0.95" CONTENT="inrättande"/><SP WIDTH="13" VPOS="1123" HPOS="379"/>
							<String ID="string_166" HPOS="392" VPOS="1123" WIDTH="20" HEIGHT="17" WC="0.96" CONTENT="af"/><SP WIDTH="11" VPOS="1123" HPOS="412"/>
							<String ID="string_167" HPOS="423" VPOS="1128" WIDTH="21" HEIGHT="12" WC="0.93" CONTENT="en"/><SP WIDTH="14" VPOS="1128" HPOS="444"/>
							<String ID="string_168" HPOS="458" VPOS="1123" WIDTH="74" HEIGHT="17" WC="0.96" CONTENT="lärostol"/><SP WIDTH="13" VPOS="1123" HPOS="532"/>
							<String ID="string_169" HPOS="545" VPOS="1124" WIDTH="6" HEIGHT="15" WC="0.93" CONTENT="i"/><SP WIDTH="13" VPOS="1124" HPOS="551"/>
							<String ID="string_170" HPOS="564" VPOS="1123" WIDTH="67" HEIGHT="21" WC="0.96" CONTENT="hygien"/><SP WIDTH="13" VPOS="1123" HPOS="631"/>
							<String ID="string_171" HPOS="644" VPOS="1123" WIDTH="31" HEIGHT="17" WC="0.93" CONTENT="vid"/><SP WIDTH="13" VPOS="1123" HPOS="675"/>
							<String ID="string_172" HPOS="688" VPOS="1124" WIDTH="127" HEIGHT="19" WC="0.95" CONTENT="universitetet,"/><SP WIDTH="9" VPOS="1124" HPOS="815"/>
							<String ID="string_173" HPOS="824" VPOS="1123" WIDTH="13" HEIGHT="16" WC="0.95" CONTENT="I."/><SP WIDTH="10" VPOS="1123" HPOS="837"/>
							<String ID="string_174" HPOS="847" VPOS="1122" WIDTH="41" HEIGHT="21" WC="0.96" CONTENT="478,"/>
						</TextLine>
						<TextLine ID="line_31" HPOS="235" VPOS="1145" WIDTH="101" HEIGHT="18">
							<String ID="string_175" HPOS="235" VPOS="1145" WIDTH="101" HEIGHT="18" WC="0.90" CONTENT="584—593."/>
						</TextLine>
					</TextBlock>
					<TextBlock ID="block_21" HPOS="236" VPOS="1170" WIDTH="653" HEIGHT="45">
						<TextLine ID="line_32" HPOS="236" VPOS="1170" WIDTH="653" HEIGHT="21">
							<String ID="string_176" HPOS="236" VPOS="1175" WIDTH="28" HEIGHT="12" WC="0.93" CONTENT="om"/><SP WIDTH="12" VPOS="1175" HPOS="264"/>
							<String ID="string_177" HPOS="276" VPOS="1171" WIDTH="115" HEIGHT="16" WC="0.91" CONTENT="anställande"/><SP WIDTH="13" VPOS="1171" HPOS="391"/>
							<String ID="string_178" HPOS="404" VPOS="1171" WIDTH="20" HEIGHT="16" WC="0.96" CONTENT="af"/><SP WIDTH="11" VPOS="1171" HPOS="424"/>
							<String ID="string_179" HPOS="435" VPOS="1176" WIDTH="22" HEIGHT="11" WC="0.96" CONTENT="en"/><SP WIDTH="13" VPOS="1176" HPOS="457"/>
							<String ID="string_180" HPOS="470" VPOS="1171" WIDTH="63" HEIGHT="17" WC="0.93" CONTENT="läkare"/><SP WIDTH="12" VPOS="1171" HPOS="533"/>
							<String ID="string_181" HPOS="545" VPOS="1172" WIDTH="57" HEIGHT="15" WC="0.92" CONTENT="säsom"/><SP WIDTH="13" VPOS="1172" HPOS="602"/>
							<String ID="string_182" HPOS="615" VPOS="1171" WIDTH="76" HEIGHT="16" WC="0.96" CONTENT="medlem"/><SP WIDTH="12" VPOS="1171" HPOS="691"/>
							<String ID="string_183" HPOS="703" VPOS="1171" WIDTH="20" HEIGHT="16" WC="0.93" CONTENT="af"/><SP WIDTH="11" VPOS="1171" HPOS="723"/>
							<String ID="string_184" HPOS="734" VPOS="1170" WIDTH="155" HEIGHT="21" WC="0.92" CONTENT="skolöfverstyrel-"/>
						</TextLine>
						<TextLine ID="line_33" HPOS="236" VPOS="1194" WIDTH="232" HEIGHT="21">
							<String ID="string_185" HPOS="236" VPOS="1199" WIDTH="36" HEIGHT="15" WC="0.96" CONTENT="sen,"/><SP WIDTH="14" VPOS="1199" HPOS="272"/>
							<String ID="string_186" HPOS="286" VPOS="1195" WIDTH="13" HEIGHT="15" WC="0.96" CONTENT="I."/><SP WIDTH="13" VPOS="1195" HPOS="299"/>
							<String ID="string_187" HPOS="312" VPOS="1194" WIDTH="42" HEIGHT="21" WC="0.93" CONTENT="478,"/><SP WIDTH="12" VPOS="1194" HPOS="354"/>
							<String ID="string_188" HPOS="366" VPOS="1194" WIDTH="102" HEIGHT="17" WC="0.88" CONTENT="593—595."/>
						</TextLine>
					</TextBlock>
					<TextBlock ID="block_22" HPOS="234" VPOS="1218" WIDTH="654" HEIGHT="64">
						<TextLine ID="line_34" HPOS="238" VPOS="1218" WIDTH="650" HEIGHT="21">
							<String ID="string_189" HPOS="238" VPOS="1223" WIDTH="28" HEIGHT="12" WC="0.92" CONTENT="om"/><SP WIDTH="19" VPOS="1223" HPOS="266"/>
							<String ID="string_190" HPOS="285" VPOS="1218" WIDTH="145" HEIGHT="21" WC="0.91" CONTENT="löneförhöjning"/><SP WIDTH="12" VPOS="1218" HPOS="430"/>
							<String ID="string_191" HPOS="442" VPOS="1218" WIDTH="27" HEIGHT="17" WC="0.93" CONTENT="för"/><SP WIDTH="13" VPOS="1218" HPOS="469"/>
							<String ID="string_192" HPOS="482" VPOS="1218" WIDTH="58" HEIGHT="17" WC="0.92" CONTENT="lärare"/><SP WIDTH="13" VPOS="1218" HPOS="540"/>
							<String ID="string_193" HPOS="553" VPOS="1219" WIDTH="32" HEIGHT="16" WC="0.93" CONTENT="och"/><SP WIDTH="13" VPOS="1219" HPOS="585"/>
							<String ID="string_194" HPOS="598" VPOS="1218" WIDTH="105" HEIGHT="21" WC="0.92" CONTENT="tjenstemän"/><SP WIDTH="13" VPOS="1218" HPOS="703"/>
							<String ID="string_195" HPOS="716" VPOS="1218" WIDTH="31" HEIGHT="17" WC="0.93" CONTENT="vid"/><SP WIDTH="13" VPOS="1218" HPOS="747"/>
							<String ID="string_196" HPOS="760" VPOS="1218" WIDTH="128" HEIGHT="19" WC="0.92" CONTENT="universitetet,"/>
						</TextLine>
						<TextLine ID="line_35" HPOS="234" VPOS="1240" WIDTH="654" HEIGHT="22">
							<String ID="string_197" HPOS="234" VPOS="1242" WIDTH="22" HEIGHT="15" WC="0.86" CONTENT="II."/><SP WIDTH="20" VPOS="1242" HPOS="256"/>
							<String ID="string_198" HPOS="276" VPOS="1241" WIDTH="40" HEIGHT="21" WC="0.91" CONTENT="696,"/><SP WIDTH="21" VPOS="1241" HPOS="316"/>
							<String ID="string_199" HPOS="337" VPOS="1241" WIDTH="99" HEIGHT="18" WC="0.91" CONTENT="730—735."/><SP WIDTH="20" VPOS="1241" HPOS="436"/>
							<String ID="string_200" HPOS="456" VPOS="1251" WIDTH="22" HEIGHT="4" WC="0.62" CONTENT="—-"/><SP WIDTH="20" VPOS="1251" HPOS="478"/>
							<String ID="string_201" HPOS="498" VPOS="1242" WIDTH="38" HEIGHT="17" WC="0.96" CONTENT="Inb."/><SP WIDTH="17" VPOS="1242" HPOS="536"/>
							<String ID="string_202" HPOS="553" VPOS="1242" WIDTH="29" HEIGHT="17" WC="0.93" CONTENT="till"/><SP WIDTH="14" VPOS="1242" HPOS="582"/>
							<String ID="string_203" HPOS="596" VPOS="1242" WIDTH="135" HEIGHT="20" WC="0.92" CONTENT="Bondeständet,"/><SP WIDTH="14" VPOS="1242" HPOS="731"/>
							<String ID="string_204" HPOS="745" VPOS="1242" WIDTH="22" HEIGHT="16" WC="0.87" CONTENT="II."/><SP WIDTH="17" VPOS="1242" HPOS="767"/>
							<String ID="string_205" HPOS="784" VPOS="1240" WIDTH="104" HEIGHT="21" WC="0.91" CONTENT="774—775;"/>
						</TextLine>
						<TextLine ID="line_36" HPOS="237" VPOS="1265" WIDTH="101" HEIGHT="17">
							<String ID="string_206" HPOS="237" VPOS="1265" WIDTH="101" HEIGHT="17" WC="0.91" CONTENT="809—810."/>
						</TextLine>
					</TextBlock>
					<TextBlock ID="block_23" HPOS="234" VPOS="1288" WIDTH="654" HEIGHT="45">
						<TextLine ID="line_37" HPOS="234" VPOS="1288" WIDTH="654" HEIGHT="23">
							<String ID="string_207" HPOS="234" VPOS="1294" WIDTH="40" HEIGHT="16" WC="0.95" CONTENT="ang."/><SP WIDTH="17" VPOS="1294" HPOS="274"/>
							<String ID="string_208" HPOS="291" VPOS="1289" WIDTH="22" HEIGHT="16" WC="0.93" CONTENT="de"/><SP WIDTH="15" VPOS="1289" HPOS="313"/>
							<String ID="string_209" HPOS="328" VPOS="1289" WIDTH="48" HEIGHT="17" WC="0.96" CONTENT="båda"/><SP WIDTH="16" VPOS="1289" HPOS="376"/>
							<String ID="string_210" HPOS="392" VPOS="1289" WIDTH="95" HEIGHT="17" WC="0.95" CONTENT="inhemska"/><SP WIDTH="13" VPOS="1289" HPOS="487"/>
							<String ID="string_211" HPOS="500" VPOS="1290" WIDTH="86" HEIGHT="21" WC="0.93" CONTENT="språkens"/><SP WIDTH="13" VPOS="1290" HPOS="586"/>
							<String ID="string_212" HPOS="599" VPOS="1289" WIDTH="128" HEIGHT="22" WC="0.92" CONTENT="likställighet,"/><SP WIDTH="13" VPOS="1289" HPOS="727"/>
							<String ID="string_213" HPOS="740" VPOS="1289" WIDTH="22" HEIGHT="16" WC="0.81" CONTENT="II."/><SP WIDTH="15" VPOS="1289" HPOS="762"/>
							<String ID="string_214" HPOS="777" VPOS="1289" WIDTH="38" HEIGHT="20" WC="0.93" CONTENT="737,"/><SP WIDTH="15" VPOS="1289" HPOS="815"/>
							<String ID="string_215" HPOS="830" VPOS="1288" WIDTH="58" HEIGHT="17" WC="0.89" CONTENT="777—"/>
						</TextLine>
						<TextLine ID="line_38" HPOS="236" VPOS="1312" WIDTH="152" HEIGHT="21">
							<String ID="string_216" HPOS="236" VPOS="1312" WIDTH="38" HEIGHT="21" WC="0.92" CONTENT="778,"/><SP WIDTH="14" VPOS="1312" HPOS="274"/>
							<String ID="string_217" HPOS="288" VPOS="1312" WIDTH="100" HEIGHT="18" WC="0.42" CONTENT="900—980."/>
						</TextLine>
					</TextBlock>
					<TextBlock ID="block_24" HPOS="232" VPOS="1336" WIDTH="657" HEIGHT="45">
						<TextLine ID="line_39" HPOS="232" VPOS="1336" WIDTH="657" HEIGHT="22">
							<String ID="string_218" HPOS="232" VPOS="1341" WIDTH="40" HEIGHT="16" WC="0.91" CONTENT="ang."/><SP WIDTH="20" VPOS="1341" HPOS="272"/>
							<String ID="string_219" HPOS="292" VPOS="1337" WIDTH="74" HEIGHT="21" WC="0.91" CONTENT="spräket"/><SP WIDTH="18" VPOS="1337" HPOS="366"/>
							<String ID="string_220" HPOS="384" VPOS="1338" WIDTH="6" HEIGHT="15" WC="0.96" CONTENT="i"/><SP WIDTH="19" VPOS="1338" HPOS="390"/>
							<String ID="string_221" HPOS="409" VPOS="1337" WIDTH="92" HEIGHT="16" WC="0.96" CONTENT="särskilda"/><SP WIDTH="19" VPOS="1337" HPOS="501"/>
							<String ID="string_222" HPOS="520" VPOS="1337" WIDTH="29" HEIGHT="16" WC="0.96" CONTENT="till"/><SP WIDTH="21" VPOS="1337" HPOS="549"/>
							<String ID="string_223" HPOS="570" VPOS="1337" WIDTH="93" HEIGHT="16" WC="0.96" CONTENT="kommuns"/><SP WIDTH="21" VPOS="1337" HPOS="663"/>
							<String ID="string_224" HPOS="684" VPOS="1337" WIDTH="111" HEIGHT="20" WC="0.93" CONTENT="behandling"/><SP WIDTH="18" VPOS="1337" HPOS="795"/>
							<String ID="string_225" HPOS="813" VPOS="1336" WIDTH="76" HEIGHT="17" WC="0.92" CONTENT="afsedda"/>
						</TextLine>
						<TextLine ID="line_40" HPOS="237" VPOS="1360" WIDTH="248" HEIGHT="21">
							<String ID="string_226" HPOS="237" VPOS="1360" WIDTH="110" HEIGHT="21" WC="0.92" CONTENT="skrifvelser,"/><SP WIDTH="14" VPOS="1360" HPOS="347"/>
							<String ID="string_227" HPOS="361" VPOS="1361" WIDTH="13" HEIGHT="16" WC="0.96" CONTENT="I."/><SP WIDTH="15" VPOS="1361" HPOS="374"/>
							<String ID="string_228" HPOS="389" VPOS="1360" WIDTH="41" HEIGHT="21" WC="0.96" CONTENT="774,"/><SP WIDTH="14" VPOS="1360" HPOS="430"/>
							<String ID="string_229" HPOS="444" VPOS="1360" WIDTH="41" HEIGHT="17" WC="0.96" CONTENT="786."/>
						</TextLine>
					</TextBlock>
					<TextBlock ID="block_25" HPOS="232" VPOS="1383" WIDTH="655" HEIGHT="45">
						<TextLine ID="line_41" HPOS="232" VPOS="1383" WIDTH="655" HEIGHT="23">
							<String ID="string_230" HPOS="232" VPOS="1389" WIDTH="27" HEIGHT="11" WC="0.93" CONTENT="om"/><SP WIDTH="19" VPOS="1389" HPOS="259"/>
							<String ID="string_231" HPOS="278" VPOS="1384" WIDTH="77" HEIGHT="16" WC="0.90" CONTENT="förökad"/><SP WIDTH="18" VPOS="1384" HPOS="355"/>
							<String ID="string_232" HPOS="373" VPOS="1384" WIDTH="109" HEIGHT="17" WC="0.92" CONTENT="läkarevärd"/><SP WIDTH="19" VPOS="1384" HPOS="482"/>
							<String ID="string_233" HPOS="501" VPOS="1385" WIDTH="23" HEIGHT="21" WC="0.93" CONTENT="pä"/><SP WIDTH="17" VPOS="1385" HPOS="524"/>
							<String ID="string_234" HPOS="541" VPOS="1384" WIDTH="108" HEIGHT="21" WC="0.95" CONTENT="landsorten,"/><SP WIDTH="14" VPOS="1384" HPOS="649"/>
							<String ID="string_235" HPOS="663" VPOS="1385" WIDTH="22" HEIGHT="15" WC="0.84" CONTENT="II."/><SP WIDTH="14" VPOS="1385" HPOS="685"/>
							<String ID="string_236" HPOS="699" VPOS="1383" WIDTH="39" HEIGHT="21" WC="0.93" CONTENT="774,"/><SP WIDTH="13" VPOS="1383" HPOS="738"/>
							<String ID="string_237" HPOS="751" VPOS="1383" WIDTH="100" HEIGHT="18" WC="0.87" CONTENT="778—786."/><SP WIDTH="15" VPOS="1383" HPOS="851"/>
							<String ID="string_238" HPOS="866" VPOS="1393" WIDTH="21" HEIGHT="2" WC="0.93" CONTENT="—"/>
						</TextLine>
						<TextLine ID="line_42" HPOS="234" VPOS="1407" WIDTH="192" HEIGHT="21">
							<String ID="string_239" HPOS="234" VPOS="1407" WIDTH="24" HEIGHT="16" WC="0.96" CONTENT="Sf."/><SP WIDTH="14" VPOS="1407" HPOS="258"/>
							<String ID="string_240" HPOS="272" VPOS="1408" WIDTH="22" HEIGHT="15" WC="0.88" CONTENT="II."/><SP WIDTH="15" VPOS="1408" HPOS="294"/>
							<String ID="string_241" HPOS="309" VPOS="1407" WIDTH="51" HEIGHT="21" WC="0.95" CONTENT="1096,"/><SP WIDTH="15" VPOS="1407" HPOS="360"/>
							<String ID="string_242" HPOS="375" VPOS="1407" WIDTH="51" HEIGHT="18" WC="0.96" CONTENT="1114."/>
						</TextLine>
					</TextBlock>
					<TextBlock ID="block_26" HPOS="232" VPOS="1431" WIDTH="656" HEIGHT="67">
						<TextLine ID="line_43" HPOS="232" VPOS="1431" WIDTH="656" HEIGHT="21">
							<String ID="string_243" HPOS="232" VPOS="1436" WIDTH="40" HEIGHT="16" WC="0.91" CONTENT="ang."/><SP WIDTH="20" VPOS="1436" HPOS="272"/>
							<String ID="string_244" HPOS="292" VPOS="1431" WIDTH="65" HEIGHT="17" WC="0.91" CONTENT="förbud"/><SP WIDTH="19" VPOS="1431" HPOS="357"/>
							<String ID="string_245" HPOS="376" VPOS="1431" WIDTH="26" HEIGHT="16" WC="0.93" CONTENT="för"/><SP WIDTH="16" VPOS="1431" HPOS="402"/>
							<String ID="string_246" HPOS="418" VPOS="1431" WIDTH="140" HEIGHT="18" WC="0.92" CONTENT="folkskollärare"/><SP WIDTH="13" VPOS="1431" HPOS="558"/>
							<String ID="string_247" HPOS="571" VPOS="1432" WIDTH="33" HEIGHT="16" WC="0.93" CONTENT="och"/><SP WIDTH="13" VPOS="1432" HPOS="604"/>
							<String ID="string_248" HPOS="617" VPOS="1432" WIDTH="106" HEIGHT="17" WC="0.92" CONTENT="-lärarinnor"/><SP WIDTH="12" VPOS="1432" HPOS="723"/>
							<String ID="string_249" HPOS="735" VPOS="1434" WIDTH="27" HEIGHT="14" WC="0.96" CONTENT="att"/><SP WIDTH="12" VPOS="1434" HPOS="762"/>
							<String ID="string_250" HPOS="774" VPOS="1432" WIDTH="56" HEIGHT="17" WC="0.93" CONTENT="under"/><SP WIDTH="13" VPOS="1432" HPOS="830"/>
							<String ID="string_251" HPOS="843" VPOS="1431" WIDTH="45" HEIGHT="16" WC="0.93" CONTENT="läse-"/>
						</TextLine>
						<TextLine ID="line_44" HPOS="234" VPOS="1455" WIDTH="653" HEIGHT="22">
							<String ID="string_252" HPOS="234" VPOS="1455" WIDTH="46" HEIGHT="16" WC="0.95" CONTENT="årets"/><SP WIDTH="19" VPOS="1455" HPOS="280"/>
							<String ID="string_253" HPOS="299" VPOS="1455" WIDTH="71" HEIGHT="22" WC="0.96" CONTENT="förlopp"/><SP WIDTH="19" VPOS="1455" HPOS="370"/>
							<String ID="string_254" HPOS="389" VPOS="1455" WIDTH="59" HEIGHT="17" WC="0.96" CONTENT="lemna"/><SP WIDTH="20" VPOS="1455" HPOS="448"/>
							<String ID="string_255" HPOS="468" VPOS="1456" WIDTH="28" HEIGHT="16" WC="0.92" CONTENT="sin"/><SP WIDTH="17" VPOS="1456" HPOS="496"/>
							<String ID="string_256" HPOS="513" VPOS="1455" WIDTH="58" HEIGHT="22" WC="0.92" CONTENT="tjenst,"/><SP WIDTH="17" VPOS="1455" HPOS="571"/>
							<String ID="string_257" HPOS="588" VPOS="1456" WIDTH="22" HEIGHT="15" WC="0.96" CONTENT="II."/><SP WIDTH="15" VPOS="1456" HPOS="610"/>
							<String ID="string_258" HPOS="625" VPOS="1455" WIDTH="40" HEIGHT="21" WC="0.93" CONTENT="787,"/><SP WIDTH="13" VPOS="1455" HPOS="665"/>
							<String ID="string_259" HPOS="678" VPOS="1455" WIDTH="99" HEIGHT="17" WC="0.88" CONTENT="932—936."/><SP WIDTH="15" VPOS="1455" HPOS="777"/>
							<String ID="string_260" HPOS="792" VPOS="1465" WIDTH="21" HEIGHT="2" WC="0.90" CONTENT="—"/><SP WIDTH="14" VPOS="1465" HPOS="813"/>
							<String ID="string_261" HPOS="827" VPOS="1455" WIDTH="24" HEIGHT="16" WC="0.96" CONTENT="Sf."/><SP WIDTH="14" VPOS="1455" HPOS="851"/>
							<String ID="string_262" HPOS="865" VPOS="1455" WIDTH="22" HEIGHT="16" WC="0.93" CONTENT="IL"/>
						</TextLine>
						<TextLine ID="line_45" HPOS="234" VPOS="1477" WIDTH="118" HEIGHT="21">
							<String ID="string_263" HPOS="234" VPOS="1477" WIDTH="52" HEIGHT="21" WC="0.96" CONTENT="1228,"/><SP WIDTH="14" VPOS="1477" HPOS="286"/>
							<String ID="string_264" HPOS="300" VPOS="1478" WIDTH="52" HEIGHT="17" WC="0.96" CONTENT="1236."/>
						</TextLine>
					</TextBlock>
					<TextBlock ID="block_27" HPOS="230" VPOS="1502" WIDTH="659" HEIGHT="68">
						<TextLine ID="line_46" HPOS="230" VPOS="1502" WIDTH="659" HEIGHT="22">
							<String ID="string_265" HPOS="230" VPOS="1507" WIDTH="40" HEIGHT="16" WC="0.89" CONTENT="ang."/><SP WIDTH="14" VPOS="1507" HPOS="270"/>
							<String ID="string_266" HPOS="284" VPOS="1502" WIDTH="68" HEIGHT="17" WC="0.92" CONTENT="lärares"/><SP WIDTH="13" VPOS="1502" HPOS="352"/>
							<String ID="string_267" HPOS="365" VPOS="1503" WIDTH="33" HEIGHT="16" WC="0.93" CONTENT="och"/><SP WIDTH="14" VPOS="1503" HPOS="398"/>
							<String ID="string_268" HPOS="412" VPOS="1503" WIDTH="110" HEIGHT="16" WC="0.92" CONTENT="lärarinnors"/><SP WIDTH="13" VPOS="1503" HPOS="522"/>
							<String ID="string_269" HPOS="535" VPOS="1503" WIDTH="32" HEIGHT="16" WC="0.96" CONTENT="vid"/><SP WIDTH="11" VPOS="1503" HPOS="567"/>
							<String ID="string_270" HPOS="578" VPOS="1503" WIDTH="71" HEIGHT="21" WC="0.93" CONTENT="privata"/><SP WIDTH="13" VPOS="1503" HPOS="649"/>
							<String ID="string_271" HPOS="662" VPOS="1503" WIDTH="84" HEIGHT="16" WC="0.92" CONTENT="läroverk"/><SP WIDTH="12" VPOS="1503" HPOS="746"/>
							<String ID="string_272" HPOS="758" VPOS="1503" WIDTH="88" HEIGHT="21" WC="0.92" CONTENT="rättighet"/><SP WIDTH="15" VPOS="1503" HPOS="846"/>
							<String ID="string_273" HPOS="861" VPOS="1503" WIDTH="28" HEIGHT="16" WC="0.96" CONTENT="att"/>
						</TextLine>
						<TextLine ID="line_47" HPOS="232" VPOS="1525" WIDTH="649" HEIGHT="23">
							<String ID="string_274" HPOS="232" VPOS="1525" WIDTH="136" HEIGHT="21" WC="0.93" CONTENT="tillgodoräkna"/><SP WIDTH="20" VPOS="1525" HPOS="368"/>
							<String ID="string_275" HPOS="388" VPOS="1526" WIDTH="86" HEIGHT="20" WC="0.87" CONTENT="tjensteär"/><SP WIDTH="21" VPOS="1526" HPOS="474"/>
							<String ID="string_276" HPOS="495" VPOS="1526" WIDTH="28" HEIGHT="16" WC="0.92" CONTENT="för"/><SP WIDTH="20" VPOS="1526" HPOS="523"/>
							<String ID="string_277" HPOS="543" VPOS="1526" WIDTH="105" HEIGHT="16" WC="0.96" CONTENT="erhållande"/><SP WIDTH="21" VPOS="1526" HPOS="648"/>
							<String ID="string_278" HPOS="669" VPOS="1526" WIDTH="20" HEIGHT="16" WC="0.96" CONTENT="af"/><SP WIDTH="17" VPOS="1526" HPOS="689"/>
							<String ID="string_279" HPOS="706" VPOS="1527" WIDTH="79" HEIGHT="21" WC="0.96" CONTENT="pension,"/><SP WIDTH="19" VPOS="1527" HPOS="785"/>
							<String ID="string_280" HPOS="804" VPOS="1527" WIDTH="23" HEIGHT="15" WC="0.95" CONTENT="II."/><SP WIDTH="20" VPOS="1527" HPOS="827"/>
							<String ID="string_281" HPOS="847" VPOS="1525" WIDTH="34" HEIGHT="16" WC="0.95" CONTENT="787"/>
						</TextLine>
						<TextLine ID="line_48" HPOS="232" VPOS="1548" WIDTH="417" HEIGHT="22">
							<String ID="string_282" HPOS="232" VPOS="1548" WIDTH="102" HEIGHT="18" WC="0.88" CONTENT="937—941."/><SP WIDTH="15" VPOS="1548" HPOS="334"/>
							<String ID="string_283" HPOS="349" VPOS="1559" WIDTH="21" HEIGHT="2" WC="0.93" CONTENT="—"/><SP WIDTH="14" VPOS="1559" HPOS="370"/>
							<String ID="string_284" HPOS="384" VPOS="1549" WIDTH="24" HEIGHT="17" WC="0.95" CONTENT="Sf."/><SP WIDTH="14" VPOS="1549" HPOS="408"/>
							<String ID="string_285" HPOS="422" VPOS="1550" WIDTH="22" HEIGHT="16" WC="0.92" CONTENT="II."/><SP WIDTH="15" VPOS="1550" HPOS="444"/>
							<String ID="string_286" HPOS="459" VPOS="1549" WIDTH="52" HEIGHT="21" WC="0.93" CONTENT="1096,"/><SP WIDTH="15" VPOS="1549" HPOS="511"/>
							<String ID="string_287" HPOS="526" VPOS="1549" WIDTH="123" HEIGHT="17" WC="0.86" CONTENT="1114—1117."/>
						</TextLine>
					</TextBlock>
				</ComposedBlock>
				<ComposedBlock ID="cblock_9" HPOS="793" VPOS="1584" WIDTH="22" HEIGHT="18">
					<TextBlock ID="block_28" HPOS="793" VPOS="1584" WIDTH="22" HEIGHT="18">
						<TextLine ID="line_49" HPOS="793" VPOS="1584" WIDTH="22" HEIGHT="18">
							<String ID="string_288" HPOS="793" VPOS="1584" WIDTH="22" HEIGHT="18" WC="0.96" CONTENT="85"/>
						</TextLine>
					</TextBlock>
				</ComposedBlock>
			</PrintSpace>
		</Page>
	</Layout>
</alto>
