1078 1759
217 82 47 18 1094
444 84 74 20 Pappiss.
531 84 18 17 15
562 88 16 17 p.
590 85 72 17 Toukok.
675 84 51 18 1885.

182 144 34 20 tet
236 142 133 21 förutsätter
384 142 117 28 nämligen
516 144 35 19 att
566 142 59 22 hvar
641 142 42 22 och
699 150 34 19 en,
750 149 49 15 som
815 141 35 22 för
865 140 143 31 uppförande

182 172 26 22 af
225 175 34 19 ett
275 171 134 22 ständerhus
424 171 100 29 beviljar
540 172 95 28 800,000
650 172 72 28 mark,
739 172 69 22 också
823 172 58 21 skall
896 179 55 14 vara
966 171 42 21 vil-

183 202 34 29 lig
243 204 34 20 att
295 201 36 22 för
345 208 87 15 samma
446 201 107 22 ändamål
568 202 85 29 bevilja
670 202 96 28 300,000
782 202 70 27 mark,
868 208 52 15 men
936 202 73 21 denna

183 231 168 29 förutsättning
374 234 25 18 är
422 231 50 21 icke
496 231 136 29 berättigad.
672 232 43 22 Om
732 240 28 13 en
776 238 84 22 person
875 232 41 21 vill
931 232 78 28 bygga

184 263 33 20 ett
240 261 43 21 hus
307 260 41 22 och
371 260 58 22 hans
451 260 127 30 tillgångar
601 261 50 21 icke
671 262 77 21 tillåta
763 261 85 22 honom
863 264 35 19 att
913 261 97 29 uppföra

183 292 67 20 huset
276 290 81 22 sådant
377 298 49 14 som
448 290 47 22 han
518 290 84 22 önskar
625 291 71 21 hafva
720 291 44 27 det,
790 295 25 17 är
830 291 39 21 det
884 290 125 30 ingalunda

186 320 124 22 otänkbart
326 322 34 19 att
375 320 52 28 han,
443 320 71 22 hellre
531 323 29 19 än
576 322 34 20 att
626 321 99 29 uppföra
741 323 34 19 ett
791 320 49 27 hus,
856 320 90 22 hvilket
960 319 50 21 icke

185 352 128 20 motsvarar
335 349 58 22 hans
409 350 147 28 önskningar,
572 350 138 29 uppskjuter
725 350 53 22 med
794 350 78 22 husets
888 348 122 31 byggande

184 380 88 21 tilldess
287 379 59 21 hans
361 379 127 29 tillgångar
502 380 77 21 tillåta
596 380 84 22 honom
696 382 34 20 att
746 380 79 28 bygga
833 380 72 29 enligt
918 380 92 21 önskan.

185 409 128 22 Ständerna
335 408 72 22 önska
427 411 35 19 att
477 412 33 18 ett
527 410 136 21 ständerhus
678 411 38 21 må
731 409 116 29 uppföras,
863 417 52 14 men
930 409 80 21 endast

184 440 40 22 två
239 439 69 21 stånd
323 438 70 22 hafva
408 439 96 28 beviljat
520 440 95 26 800,000
630 440 65 21 mark
710 443 65 18 utom
786 440 28 21 de
825 440 62 21 förut
897 438 112 29 beviljade

187 470 120 26 1,200,000,
324 468 95 22 emedan
434 468 27 22 de
477 471 75 19 ansett
568 472 35 18 att
619 471 33 19 ett
668 469 137 22 ständerhus
821 469 50 21 icke
881 469 46 21 kan
938 468 72 22 erhål-

185 499 32 21 las
243 498 36 22 för
295 506 29 14 en
347 498 89 22 mindre
460 506 92 19 summa,
576 506 38 14 om
636 499 118 29 nämligen
778 499 158 21 ständerhuset
953 498 56 21 skall

185 528 74 22 blifva
283 528 189 28 ändamålsenligt
495 528 43 22 och
564 528 37 22 för
619 528 125 22 ständerna
765 528 69 22 äfven
849 529 8 21 i
873 536 28 14 en
916 527 94 22 framtid

187 557 219 23 tillfredsställande.
441 558 53 21 Men
518 560 85 20 tvänne
627 558 67 22 stånd
718 558 72 22 hafva
812 558 96 28 beviljat
931 558 79 21 endast

186 588 95 28 300,000
303 588 65 21 mark
383 588 9 21 i
408 587 44 22 den
472 587 154 29 öfvertygelse
646 590 35 20 att
696 588 53 22 med
766 589 115 27 1,500,000
896 587 65 22 mark
976 588 34 20 ett

185 618 135 21 ständerhus
335 617 45 22 kan
395 617 174 23 åstadkommas.
600 618 36 21 Då
651 626 33 13 nu
699 618 172 22 statsutskottet
885 616 125 30 uppställer

185 647 325 29 omröstningspropositionen
526 648 101 26 sålunda,
644 650 35 19 att
692 648 209 28 ja-propositionen
916 646 94 22 innebär

186 677 131 29 beviljande
333 676 26 22 af
374 678 95 25 800,000
484 677 72 27 mark,
573 678 25 20 så
613 681 26 17 är
654 677 64 22 detta
734 677 90 29 riktigt,
839 684 52 14 men
906 676 28 22 då
942 678 67 19 stats-

185 707 114 21 utskottet
314 707 57 21 låter
387 706 219 29 nej-propositionen
621 707 116 22 innefatta
745 706 131 29 beviljande
885 706 25 22 af
916 706 93 27 300,000

184 737 92 21 utöfver
291 736 28 22 de
334 736 71 22 redan
420 736 114 29 beviljade
551 737 122 27 1,200,000,
690 738 24 20 så
731 740 25 18 är
775 736 63 22 detta
849 735 160 29 oberättigadt,

185 766 95 22 emedan
303 766 217 28 nej-propositionen
543 766 50 22 icke
613 766 41 22 bör
669 766 111 22 innebära
796 766 127 29 någonting
939 767 69 19 annat

185 800 29 18 än
233 800 89 25 vägran
337 796 26 20 af
376 795 125 22 tillskottet
518 796 95 28 800,000
628 796 70 22 mark.
730 796 103 28 Beviljas
848 796 50 21 icke
915 795 93 26 800,000

184 826 71 27 mark,
270 826 41 21 bör
327 832 82 22 genom
425 833 32 20 ny
473 826 141 28 omröstning
630 826 93 22 utredas
739 833 38 15 om
792 825 122 22 ständerna
924 824 85 28 bevilja

184 857 33 20 ett
232 855 102 21 tillskott
356 854 26 22 af
401 856 95 26 300,000
516 856 72 27 mark,
611 855 149 22 alldenstund
776 855 39 21 det
831 859 25 17 är
871 854 90 29 möjligt
975 856 35 19 att

185 886 33 27 de,
241 892 49 14 som
313 884 62 22 velat
389 884 86 29 bevilja
498 886 95 26 800,000
608 885 72 26 mark,
695 885 74 22 likväl
786 885 50 21 icke
852 888 37 18 äro
903 884 104 28 benägna

183 917 35 19 att
233 914 87 29 bevilja
335 914 95 28 300,000
445 914 70 28 mark,
530 914 30 22 dä
571 914 73 30 enligt
655 914 66 22 deras
732 914 153 30 uppfattning
896 916 33 19 ett
940 913 68 22 ända-

183 944 132 29 mälsenligt
335 944 137 21 ständerhus
495 944 50 21 icke
566 944 46 22 kan
635 944 52 22 med
704 945 118 27 1,500,000
837 944 95 29 byggas.
962 943 46 29 Jag

182 975 73 21 mäste
276 975 29 28 pä
321 973 95 22 anförda
431 974 51 21 skäl
496 974 58 28 yrka
570 976 35 19 att
621 974 327 29 omröstningspropositionen
963 973 45 21 för-

183 1004 84 21 ändras
290 1003 107 22 sålunda:
415 1002 76 28 första
510 1004 162 27 propositionen
696 1004 69 28 enligt
790 1003 110 22 utskottets
909 1002 100 28 förslag:

183 1034 42 21 den
241 1034 35 21 det
291 1036 44 25 gör,
351 1034 72 20 röstar
431 1033 38 27 ja;
477 1033 81 27 utfalla
568 1034 45 21 icke
621 1034 67 21 minst
696 1034 36 21 två
740 1033 131 28 tredjedelar
879 1032 28 28 af
911 1034 97 20 rösterna

184 1064 33 20 till
234 1064 94 26 förmån
338 1062 43 27 för
394 1062 202 29 ja-propositionen,
612 1065 70 20 röstas
698 1070 32 15 om
748 1070 27 14 en
792 1063 71 21 andra
875 1062 133 28 proposition

185 1092 29 28 af
229 1092 96 29 ungefär
342 1091 103 29 följande
461 1092 87 28 lydelse:
564 1093 38 21 vill
613 1092 127 28 förstärkta
756 1092 154 22 statsutskottet
924 1091 86 27 utöfver

185 1123 25 21 de
229 1122 70 22 redan
322 1122 105 28 beviljade
449 1122 119 26 1,200,000
591 1124 61 20 mark
672 1122 129 28 ytterligare
817 1122 75 27 bevilja
907 1121 103 26 300,000

183 1152 74 26 mark;
274 1152 42 21 den
332 1152 58 21 detta
406 1152 38 21 vill
460 1153 70 20 röstar
540 1152 38 27 ja;
594 1152 92 22 erhälles
701 1152 47 22 icke
764 1152 67 21 heller
846 1158 31 15 nu
888 1152 36 20 tvä
935 1151 72 27 tredje-

183 1182 44 21 dels
251 1181 166 28 röstpluralitet,
438 1182 41 21 har
492 1180 89 29 frågan
596 1189 33 14 om
645 1182 122 28 beviljande
783 1181 29 27 af
824 1181 126 28 ytterligare
966 1180 42 21 till-

183 1211 56 22 skott
257 1211 40 27 för
322 1210 111 29 byggande
449 1210 29 28 af
490 1212 29 20 ett
533 1212 130 21 ständerhus
678 1211 88 27 utöfver
782 1212 26 20 de
822 1211 69 21 redan
907 1210 102 27 beviljade

183 1241 127 28 1,200,000
325 1240 63 22 mark
403 1241 36 21 vid
454 1241 73 21 denna
543 1241 105 28 landtdag
658 1241 107 27 förfallit.
798 1240 87 22 Genom
900 1247 29 14 en
939 1240 70 21 sådan

181 1270 162 29 uppställning
367 1270 26 22 af
412 1270 353 30 omröstningspropositionerna
782 1269 93 23 beredes
890 1269 120 29 möjlighet

182 1300 36 21 för
237 1300 47 22 alla
303 1300 62 21 olika
381 1300 115 22 tänkande
512 1302 34 19 att
557 1300 77 22 röstai
648 1300 104 29 enlighet
771 1300 52 21 med
839 1300 27 21 de
880 1299 61 22 olika
954 1306 57 21 upp-

185 1329 166 29 fattningarna.
381 1330 85 28 Ingens
486 1332 46 19 rätt
551 1330 105 21 kränkes.
689 1330 47 29 Jag
752 1330 36 21 fär
805 1329 74 22 derför
894 1328 116 22 vördsamt

185 1358 93 22 anhälla
300 1360 35 20 att
355 1360 91 21 ständet
464 1359 50 21 ville
532 1360 156 21 äterremittera
704 1360 97 25 ärendet,
816 1358 40 28 för
878 1360 31 20 att
925 1360 85 19 statsut-

185 1388 79 22 skottet
289 1389 66 21 måtte
378 1392 95 24 uppgöra
500 1390 50 26 nytt
566 1388 89 29 förslag
679 1390 34 21 till
737 1388 275 28 omröstningsproposition

183 1420 8 18 i
207 1418 80 28 antydt
300 1417 63 28 syfte.

256 1448 107 21 Provasti
379 1448 62 28 Lyra
454 1448 25 28 ja

256 1478 107 20 Provasti
392 1478 126 28 Rosengren
542 1478 148 22 kannattivat
714 1477 138 29 yliopettaja
876 1476 136 22 Kihlmanin

180 1506 131 22 ehdotusta.
