1107 1807
398 153 81 18 Toukok.
499 152 23 19 22
541 160 17 17 p.
809 152 52 20 1471

62 216 130 27 ylimalkaan
208 222 31 20 se,
256 218 47 19 että
331 216 106 21 säädetään
452 215 60 22 lakia
526 216 184 26 aviopuolisoiden
729 216 161 21 omaisuussuh-

64 245 66 20 teista
152 245 53 20 mitä
228 244 164 26 säädetäänkin,
416 244 73 21 niiden
512 245 101 20 vaikutus
637 244 99 21 nähdään
756 246 62 19 vasta
832 245 58 26 sitte,

63 273 44 20 kun
130 273 107 20 avioliitto
260 279 27 14 on
307 275 97 19 erotettu
427 273 113 21 kuoleman
564 273 76 20 kautta
663 273 29 20 tai
708 273 80 20 muulla
804 273 85 26 tavalla,

64 302 68 19 mutta
149 300 109 21 avioliiton
274 300 115 21 kestäessä
405 300 19 21 ei
441 300 137 21 mainittavaa
594 300 124 21 vaikutusta
735 300 37 21 ole.
789 300 38 21 Jos
854 307 36 14 an-

63 332 78 18 netaan
165 330 49 20 sille
236 330 31 21 tai
289 330 54 20 tälle
363 330 155 25 hallintovalta,
539 329 35 27 jos
598 332 107 18 annetaan
728 330 49 20 sille
793 330 29 20 tai
838 330 51 20 tälle

64 357 173 26 omistusoikeus,
254 357 43 21 niin
313 357 133 21 kumminkin
462 363 26 15 on
505 357 109 21 omaisuus
630 357 101 21 kaikessa
746 358 144 26 tapauksessa

63 386 94 27 yhteistä
171 386 22 26 ja
209 386 113 21 nautitaan
344 386 121 27 yhteisesti,
487 386 128 21 huolimatta
631 386 93 21 kaikista
738 386 151 26 juriidillisista

64 415 156 26 rajoituksista.
251 414 50 21 Niin
325 421 26 14 on
373 415 59 20 asian
449 415 52 20 laita
517 415 169 20 niinkauankuin
701 415 132 20 avioliitossa
848 415 43 20 ele-

63 446 51 19 tään
135 444 141 26 joltisestikin
299 450 98 15 sovussa.
428 444 26 21 Ja
468 444 34 26 jos
519 444 103 21 avioliitto
638 444 77 21 kerran
732 450 26 15 on
774 444 114 26 perinpoh-

61 472 86 26 jaisesti
163 474 100 24 onneton,
286 472 33 26 jos
341 478 27 15 on
387 471 177 27 perinpohjainen
579 472 148 26 eripuraisuus
741 474 90 25 päässyt
846 472 44 21 val-

64 501 49 20 lalle
128 500 193 27 aviokumppanien
339 500 86 26 kesken,
444 500 43 21 niin
504 500 175 21 tämänkaltaiset
690 500 41 21 lain
742 500 90 27 pykälät
842 506 49 15 suo-

61 529 74 26 jaavat
150 528 64 27 hyvin
229 528 56 21 vähä
303 528 30 21 tai
349 528 19 21 ei
383 528 115 21 ollenkaan
513 528 128 27 heikompaa
657 528 168 27 osakumppalia.
857 529 32 21 On

64 557 59 26 kyllä
138 557 65 26 nähty
220 558 47 19 että
282 557 71 26 köyhä
368 557 76 25 vaimo,
459 556 51 27 joka
527 557 18 27 ei
562 557 33 20 ole
611 557 80 20 mitään
710 559 79 24 pesään
806 559 84 23 tuonut,

65 592 27 15 on
115 586 160 27 kotityrannina
293 586 118 21 vaivannut
427 586 122 21 miestänsä.
580 586 32 21 On
628 586 65 27 nähty
708 586 22 26 ja
745 586 82 25 kuultu,
845 588 46 19 että

63 614 58 21 rikas
145 614 75 26 vaimo,
243 614 66 26 jonka
333 620 62 15 omaa
416 614 73 21 kaikki
512 616 62 19 varat
593 616 57 23 ovat,
665 614 128 21 kotirauhan
810 614 80 21 tähden

63 643 78 26 kyyne!
157 642 69 21 silmin
243 644 64 19 antaa
323 642 98 27 köyhälle
438 642 126 21 mieheileen
581 642 77 21 kaiken
674 648 93 15 varansa
784 642 106 27 käytettä-

63 670 67 21 väksi.
161 670 75 21 Täällä
258 670 109 21 avioliiton
391 670 102 21 ahtaassa
515 670 85 27 piirissä
624 670 17 21 ei
665 670 122 27 lainpykälä
809 670 81 21 mitään

63 701 58 19 auta.
151 699 74 21 Koska
249 699 37 21 siis
308 706 26 14 en
353 699 33 21 voi
402 699 80 21 mitään
499 699 169 27 käytännöllistä
683 699 79 27 hyötyä
778 701 58 19 tästä
853 699 36 21 eh-

65 728 112 21 dotetusta
197 729 118 20 säännöstä
335 728 94 25 odottaa,
452 728 43 21 niin
511 734 67 21 pysyn
595 728 57 21 minä
668 728 122 26 puolestani
806 728 84 21 vanhan

63 756 43 21 lain
122 756 99 21 kannalla
233 756 24 27 ja
273 756 108 21 kannatan
397 756 72 21 niiden
486 756 148 27 mielipidettä,
648 756 62 27 jotka
726 756 116 27 hylkäävät
857 758 32 19 tä-

62 787 49 18 män
127 785 212 26 yhteensovituksen.

130 812 149 21 Kirkkoherra
304 812 163 21 Wennerström:
497 812 47 21 Den
567 812 132 26 föregående
720 812 65 21 ärade
808 812 81 21 talaren

63 841 58 26 sade,
139 843 32 19 att
185 841 70 21 denna
270 841 173 26 lagbestämning
458 841 48 21 icke
522 841 40 21 kan
579 841 64 21 träffa
660 841 24 21 de
700 841 94 27 lyckliga
813 841 76 21 äkten-

63 870 80 26 skapen
160 870 5 20 i
181 870 49 20 värt
253 869 56 21 land.
340 870 53 20 Häri
417 869 54 21 hade
493 870 43 20 han
558 870 113 26 onekligen
694 869 129 27 fullkomligt
839 872 49 18 rätt.

63 898 31 21 De
112 898 89 27 lyckliga
221 898 149 26 äktenskapen
385 898 6 20 i
409 898 47 21 värt
477 898 47 21 land
543 898 73 21 träffas
632 898 48 21 icke
695 898 22 21 af
732 898 70 21 denna
817 898 72 26 lagbe-

63 926 113 26 stämning.
207 927 33 20 En
263 926 80 27 lycklig
365 933 49 14 man
439 926 38 21 och
500 933 26 14 en
549 926 79 27 lycklig
643 926 77 21 hustru
736 928 52 24 säga
804 926 46 21 icke
867 926 23 21 ät

62 954 132 21 hvarandra:
213 954 58 21 detta
289 956 23 19 är
328 954 47 21 mitt
393 954 37 21 och
450 954 34 21 det
502 954 35 21 der
554 956 23 19 är
594 954 46 26 ditt,
660 956 21 24 ty
699 954 25 21 de
741 956 56 24 veta,
814 956 32 19 att
862 954 27 21 de

62 982 64 22 hafva
141 983 38 21 allt
195 985 140 24 gemensamt.
367 983 49 21 Men
430 982 38 27 jag
483 983 72 26 frägar
570 982 64 27 Eder,
650 982 120 27 högtärade
787 982 101 21 medlem-

62 1018 47 14 mar
124 1011 22 22 af
160 1011 61 21 detta
235 1011 72 26 stånd,
323 1011 22 21 af
359 1012 72 21 hvilka
447 1011 25 21 de
488 1011 63 21 flesta
566 1014 37 18 äro
620 1012 56 20 mina
689 1011 144 22 medbröder
825 1007 12 35 i
846 1018 43 14 em-

59 1040 58 20 bete:
135 1039 66 27 gifves
219 1039 37 21 det
271 1039 28 21 dä
314 1040 109 26 verkligen
439 1040 56 20 blott
510 1040 92 26 lyckliga
618 1039 96 27 familjer,
731 1040 93 26 lyckliga
839 1042 49 18 män

62 1069 40 21 och
117 1069 92 26 lyckliga
222 1069 91 20 hustrur
327 1068 65 22 bland
408 1069 47 20 vårt
469 1068 72 21 finska
554 1068 59 22 folk?
636 1068 69 21 Hafva
721 1069 20 20 vi
756 1069 47 21 icke
815 1068 74 27 sjelfva

61 1097 5 20 i
84 1097 50 21 våra
156 1096 157 27 församlingar,
338 1096 69 22 ehvad
427 1096 26 21 de
470 1099 36 18 äro
522 1097 6 20 i
546 1096 47 21 stad
611 1097 51 20 eller
677 1097 28 26 på
721 1097 78 26 landet,
817 1096 72 22 träffat

62 1125 22 21 så
107 1125 79 26 många
208 1125 97 27 familjer,
329 1125 73 21 hvilka
423 1125 48 21 icke
494 1125 72 21 kunna
581 1125 7 21 i
603 1126 71 25 någon
701 1125 46 21 mån
771 1125 117 21 benämnas

60 1154 106 27 lyckliga?
197 1154 61 21 Huru
282 1153 44 22 ofta
342 1154 39 21 har
401 1160 48 15 man
468 1154 47 21 icke
531 1154 53 21 känt
599 1154 38 21 sitt
652 1156 50 24 eget
717 1154 70 26 hjerta
803 1154 85 27 tryckas

61 1188 102 19 samman,
187 1184 39 19 när
249 1188 47 15 man
321 1184 44 19 sett
389 1182 84 21 eländet
489 1182 6 20 i
512 1182 64 21 dessa
598 1182 54 26 hem,
675 1182 37 26 jag
738 1182 39 21 här
792 1181 96 28 åsyftar?

60 1211 62 21 Huru
147 1211 38 21 har
207 1217 48 15 man
275 1211 48 21 icke
339 1211 62 21 tänkt
417 1211 34 26 på,
468 1213 32 19 att
516 1211 37 21 det
568 1211 56 21 dock
639 1217 51 15 vore
707 1211 80 26 nödigt,
804 1213 31 19 att
853 1211 36 21 det

60 1239 72 21 skulle
145 1238 71 22 finnas
231 1241 33 19 ett
279 1239 136 26 hjelpmedel,
437 1241 66 19 annat
523 1241 26 19 än
566 1239 37 21 det
618 1245 46 15 som
680 1239 79 21 endast
774 1239 5 21 i
796 1241 92 25 yttersta

60 1267 37 21 fall
114 1267 42 21 kan
172 1269 61 24 tagas
249 1267 6 21 i
273 1267 100 27 anspråk,
390 1267 106 26 nämligen
513 1269 33 19 att
563 1269 90 19 stämma
672 1274 90 14 mannen
779 1267 57 25 eller,
855 1274 33 14 om

63 1296 34 21 det
113 1296 70 26 någon
207 1296 56 26 gång
285 1296 42 21 kan
346 1295 92 27 inträffa,
455 1296 91 21 hustrun
562 1295 55 22 inför
633 1298 57 19 rätta
707 1296 38 21 och
763 1296 88 21 sålunda
867 1295 22 22 få

62 1324 160 21 mälsmansrätt
245 1324 60 21 öfver
320 1331 92 14 mannen
429 1324 51 21 eller
496 1325 107 20 tvertom?
632 1323 40 22 Ett
688 1324 76 21 sådant
780 1324 67 21 medel
865 1326 23 19 är

59 1353 139 26 nödvändigt,
217 1359 44 15 som
279 1353 142 21 säkerställer
437 1353 40 21 den
494 1353 105 27 olyckliga
614 1353 110 25 hustruns,
741 1355 42 19 rätt
800 1353 38 21 och
851 1353 37 26 jag

58 1381 45 20 kan
116 1381 49 21 icke
180 1380 58 21 finna
253 1381 67 26 något
335 1382 67 20 annat
417 1380 70 21 medel
502 1380 118 27 härvidlag,
641 1383 27 18 än
688 1380 78 21 endast
782 1380 43 26 det,
841 1387 46 14 som

61 1409 100 27 erbjudes
181 1410 5 20 i
203 1409 41 21 den
269 1409 143 27 lagparagraf,
435 1416 47 14 som
505 1409 114 27 föreligger
641 1410 34 20 till
695 1410 50 20 vårt
767 1409 121 27 antagande

61 1438 51 21 eller
136 1437 143 22 förkastande.
311 1438 41 26 Jag
375 1438 39 21 har
438 1438 67 21 under
529 1438 39 21 den
592 1438 37 26 tid,
651 1444 45 15 som
715 1437 93 22 förflutit
821 1438 67 21 sedan

61 1466 69 21 denna
152 1466 60 27 fråga
234 1466 69 22 första
323 1467 83 26 gången
422 1466 85 22 förevar
522 1467 6 20 i
544 1466 93 26 ståndet,
654 1467 107 26 allvarligt
777 1466 111 27 öfvervägt

60 1495 130 26 densamma,
207 1497 22 25 ty
244 1495 67 21 redan
329 1495 26 21 då
370 1495 105 21 framlade
487 1495 38 27 jag
541 1495 32 21 för
588 1495 43 21 min
649 1495 31 21 del
696 1495 38 21 det
744 1495 86 26 förslag,
841 1501 47 15 som

60 1531 29 14 nu
105 1523 62 22 äfven
191 1523 115 27 föreligger
321 1524 6 20 i
345 1524 46 26 dag,
409 1524 40 26 jag
467 1523 114 22 förordade
597 1524 107 26 nämligen
721 1524 131 26 antagandet
867 1523 23 22 af
