1120 1794
413 158 83 18 Toukok.
513 157 26 19 16
555 165 19 17 p.
819 157 54 20 1349

74 223 61 19 tässä'
155 221 148 26 mietinnössä,
319 223 112 19 enemmän
451 223 78 19 vastaa
552 221 43 21 sitä
615 221 220 27 oikeudenkäsitystä,
849 221 54 27 joka

72 255 87 15 maassa
178 249 23 27 jo
217 255 27 15 on
258 251 93 25 päässyt
363 249 100 21 voimaan
478 251 62 19 tässä
554 249 125 21 suhteessa.
707 249 59 21 Minä
780 249 123 27 puolestani

75 285 25 14 en
123 278 33 21 ole
181 278 224 21 valiokunnassakaan
425 279 140 20 vastustanut
585 278 48 26 sitä,
651 280 45 19 että
709 278 78 27 pykälä
801 278 101 21 muodos-

73 306 104 21 tettaisiin
193 306 116 27 pikemmin
323 306 87 21 vanhan
423 306 44 21 lain
482 306 99 21 mukaan.
605 306 125 21 Sentähdea
745 313 26 14 en
783 306 54 21 minä
847 302 54 35 puo-

72 335 79 21 lestani
173 335 118 27 myöskään
313 337 141 19 vastustanut
474 335 46 21 sitä
541 335 158 26 muodostusta,
719 335 53 26 joka
794 335 109 21 vastalau-

74 369 76 15 seessa
166 369 26 15 on
208 363 68 27 tehty,
293 363 68 21 koska
378 369 23 15 se
418 363 69 21 seisoo
504 363 84 21 vanhan
604 363 43 21 lain
662 363 102 26 pohjalla.

142 396 98 22 Provasti
261 396 134 21 Fredrikson:
426 398 40 26 Jag
483 399 24 19 är
521 399 166 19 reservanterna
702 397 96 21 tacksam
813 397 33 21 för
861 397 42 21 den

73 426 139 26 reservation,
236 432 46 15 som
306 426 26 21 de
355 428 45 19 mot
415 426 130 26 stadgandet
560 426 6 20 i
584 428 11 19 7
611 425 11 27 $
639 425 62 22 hafva
721 426 62 26 gjort,
805 426 40 21 och
859 426 44 21 kan

49 466 3 3 +
74 454 49 22 icke
138 456 65 19 annat
219 456 27 19 än
261 454 70 21 uttala
347 455 41 21 den
404 454 104 27 innerliga
523 454 90 26 önskan,
629 456 34 19 att
677 455 66 26 några
754 454 109 27 allvarliga
872 455 32 20 ät-

76 483 79 26 gärder
170 482 69 22 skulle
255 482 98 27 vidtagas
370 483 88 25 derhän,
476 484 30 19 att
522 482 6 21 i
540 483 116 26 synnerhet
667 483 40 21 den
720 483 117 21 arbetande
845 482 58 21 klas-

74 518 37 15 sen
128 511 46 22 icke
191 511 70 22 skulle
277 512 27 26 pä
320 512 110 26 söndagen
447 511 72 21 kunna
534 512 108 26 betungas
656 512 50 21 med
721 511 90 27 onödigt
821 512 81 25 arbete,

75 542 51 19 utan
148 539 22 21 fä
187 540 96 21 använda
301 540 67 21 denna
385 540 41 26 dag
440 540 33 20 till
488 540 175 26 vedergvickelse
679 539 46 22 frän
740 540 93 21 veckans
849 540 53 26 släp.

73 568 51 21 Men
148 568 70 21 säsom
243 568 39 21 den
299 570 11 19 7
328 567 11 27 $
356 568 58 27 lyder
430 568 6 21 i
451 568 112 27 förslaget,
583 568 42 21 kan
645 568 87 21 hvilken
748 568 92 27 köpman
857 574 46 15 som

73 596 64 26 helst,
159 596 39 21 sak
220 602 84 15 samma
325 596 28 27 pä
371 596 74 21 landet
461 596 52 21 eller
528 596 6 21 i
551 597 56 25 stad,
624 596 72 27 tvinga
711 596 48 21 sina
774 596 82 27 tjenare
871 596 34 21 till

75 625 81 21 arbete.
186 625 42 26 Jag
242 624 86 22 förenar
343 625 44 26 mig
401 625 6 20 i
424 625 43 21 allo
482 631 35 15 om
531 625 168 21 reservationen.

144 670 149 22 Keskustelun
313 670 102 27 loputtua
428 670 71 27 päätti
515 672 68 25 sääty,
598 670 98 27 hyljäten
710 670 143 21 valiokunnan
868 671 37 21 eh-

75 699 115 26 dotuksen,
211 699 112 27 hyväksyä
345 699 91 27 pykälän
461 699 115 21 sellaisena
598 699 51 21 kuin
670 705 23 15 se
709 705 27 15 on
751 699 153 21 kuudennessa

73 728 181 22 vastalauseessa.

463 789 46 27 78.

143 835 74 27 Piispa
232 835 127 21 Johansson:
378 835 107 21 Tässäkin
498 835 89 22 kohden
602 835 85 22 olimme
701 835 116 27 pakotetut
831 837 72 19 vasta-

75 864 88 21 lauseen
188 864 132 21 tekemiseen
337 864 128 26 sentähden,
481 866 47 19 että
541 864 107 21 kansassa
663 870 27 15 on
705 864 87 27 laajalta
808 870 23 15 se
845 864 60 21 käsi-

74 894 33 25 tys
131 892 114 26 olemassa,
270 894 46 19 että
339 898 38 15 saa
393 892 100 26 kauppaa
508 892 73 26 tehdä,
595 892 34 27 jos
645 898 54 15 vaan
713 892 80 26 pääovi
808 898 27 15 on
850 898 53 20 puo-

73 920 56 21 tissa
144 920 73 21 kiinni.
247 920 76 21 Vanha
337 920 45 21 laki
397 926 78 15 sanoo:
493 920 129 25 ,Rihkama-
638 920 31 21 tai
683 920 69 21 muita
766 920 88 27 puoteja
873 920 31 21 äl-

73 949 57 21 köön
146 949 127 21 sunnuntai-
288 949 21 26 ja
323 949 148 26 juhlapäivinä
487 949 128 21 aukaistako
627 949 183 26 kaupanpidoksi;
821 949 83 21 ruokaa

72 977 22 27 ja
114 977 89 27 juomaa
225 984 33 19 on,
279 977 237 27 jumalanpalveluksen
538 979 119 25 päätettyä,
675 978 51 26 lupa
741 977 163 28 hätätarpeeksi

73 1007 98 26 myydä*.
202 1006 97 22 Olemme
315 1007 120 21 sentähden
450 1007 110 21 toivoneet
575 1006 43 21 sitä
633 1007 152 21 muodostusta
799 1006 53 22 tälle
866 1013 39 20 py-

71 1034 89 27 kälälle,
182 1036 48 20 että
250 1034 148 26 tiedettäisiin,
421 1034 53 21 mitä
493 1034 138 22 lakisäännös
648 1034 109 21 tarkottaa
769 1034 23 27 ja
806 1034 55 22 mitä
877 1034 25 22 ei.

73 1063 114 21 Kannatan
203 1063 120 21 sentähden
340 1063 42 21 sitä
392 1063 159 26 muodostusta,
561 1063 67 26 jonka
640 1065 58 18 tämä
706 1063 81 27 pykälä
795 1069 26 15 on
830 1065 74 19 vasta-

73 1091 112 21 lauseessa
199 1093 86 19 saanut.
315 1091 32 21 On
362 1091 60 27 kyllä
435 1093 96 24 sanottu,
547 1093 46 20 että
609 1098 50 14 arm.
676 1091 111 27 esityksen
802 1092 100 20 muodos-

74 1122 35 19 tus
125 1126 27 15 on
168 1120 124 21 selitettävä
306 1120 92 21 samalla
411 1122 74 24 tapaa,
499 1122 70 19 mutta
585 1126 27 15 on
627 1120 74 21 toinen
712 1120 76 26 selitys
794 1116 55 53 hikeä
859 1120 43 21 ole-

72 1154 73 15 massa
159 1148 78 21 useilla
252 1148 109 26 paikoilla.

141 1182 98 21 Provasti
261 1182 110 27 Sahlberg:
402 1183 31 20 På
455 1183 40 20 bra
518 1182 77 27 många
617 1184 59 19 orter
692 1182 5 21 i
713 1182 48 21 vårt
775 1182 49 21 land
840 1160 62 43 törde

71 1210 183 27 söndagshandel,
277 1217 34 14 om
334 1210 48 22 icke
397 1210 5 21 i
419 1212 70 25 öppen
505 1211 63 26 boda,
585 1210 24 21 så
624 1210 134 22 åtminstone
772 1210 45 22 inre
833 1212 69 25 vägen

71 1245 52 15 vara
144 1239 79 26 vanlig.
253 1239 43 21 Det
318 1239 39 21 har
380 1239 63 21 väckt
465 1240 74 20 anstöt
557 1239 39 21 hos
611 1238 77 26 folket,
705 1239 40 21 och
761 1240 89 20 emedan
864 1239 38 27 jag

72 1274 64 15 anser
150 1269 34 20 att
199 1274 26 15 en
241 1267 68 21 sådan
325 1267 79 22 handel
418 1267 73 22 Runde
506 1267 85 22 utöfvas
607 1267 62 22 äfven
684 1267 133 26 hädanefter,
833 1274 25 14 om
869 1267 11 27 $
889 1270 11 18 7

72 1298 90 25 antages
186 1296 66 27 enligt
271 1296 41 21 den
326 1296 146 26 formulering,
489 1302 46 15 som
550 1296 61 27 ingår
626 1296 7 21 i
648 1296 253 27 utskottsbetänkandet,

71 1325 70 21 skulle
165 1325 64 21 också
250 1325 38 27 jag
304 1325 57 21 hålla
376 1324 46 22 före
437 1327 33 19 att
487 1325 35 21 det
536 1324 90 27 förslag,
642 1331 45 15 som
703 1327 24 19 är
743 1325 72 26 gjordt
830 1324 24 22 af
867 1331 33 15 re-

72 1355 140 19 servanterna
235 1355 23 18 är
282 1355 31 19 att
336 1352 121 27 föredraga,
479 1353 90 21 emedan
585 1353 38 21 der
637 1353 58 21 klart
711 1355 63 24 säges
792 1355 31 19 att
837 1353 65 26 ingen

72 1381 174 27 söndagshandel
265 1381 98 22 hvarken
376 1381 6 21 i
399 1383 70 25 öppen
485 1382 56 20 boda
557 1381 54 22 eller
626 1382 27 26 på
669 1384 67 18 annat
751 1383 44 19 sätt
810 1381 33 21 får
858 1381 44 22 för-

71 1409 62 27 siggå
157 1410 26 26 på
207 1411 50 20 sön-
273 1410 40 20 och
329 1409 112 27 helgedag.
471 1409 40 27 Jag
526 1409 98 22 förordar
641 1410 71 21 derför
726 1411 175 20 reservanternas

71 1438 80 27 förslag
167 1438 133 21 beträffande
316 1439 141 21 redaktionen
473 1438 22 22 af
508 1438 11 27 $
535 1441 20 19 7.

139 1473 98 21 Provasti
257 1473 72 21 Walle:
360 1472 82 22 :Vasten
463 1473 114 26 molempia
594 1473 96 21 edellisiä
706 1473 91 21 arvoisia
811 1473 91 26 puhujia

71 1500 72 22 seison
165 1500 58 21 minä
243 1500 135 27 jokseenkin,
393 1500 34 27 jos
446 1507 26 15 en
487 1500 120 26 kokonaan,
624 1501 143 20 vaiiokunnan
783 1501 117 21 mietinnön

72 1529 108 21 kannalla.
205 1529 67 21 Olisin
289 1529 110 22 kuitenkin
417 1531 78 19 suonut
507 1529 68 21 siihen
586 1529 104 26 lisätyksi,
701 1529 58 21 ett'ei
768 1531 37 19 tuo
815 1529 86 27 kauppa
