1131 1818
422 157 80 18 Toukok.
521 156 24 18 15
562 164 18 16 p.
829 158 52 19 1311

86 219 82 21 tähden
191 221 46 19 että
260 219 276 27 oikeudenkäyttämisessä
558 219 72 21 meillä
651 219 55 21 vielä
725 225 28 15 on
767 219 145 27 puutteita
886 215 31 35 ja

86 247 93 21 tuomari
201 254 39 15 sen
263 247 77 21 kautta
360 247 54 21 voisi
428 247 55 21 tulla
498 247 143 21 semmoiseen
657 254 107 19 asemaan,
781 249 45 19 että
841 247 70 21 hänen

87 277 49 21 olisi
157 277 64 21 aivan
238 277 78 21 vaikea
330 277 264 21 kuolemanrankaistusta
609 277 117 26 langettaa,
742 277 48 21 olen
806 277 57 21 minä
878 279 33 19 tä-

86 306 42 21 hän
142 306 95 27 pykälän
251 306 184 21 muodostukseen
450 306 130 27 yhdistynyt.

156 334 88 21 Tohtori
261 334 81 21 Geitlin:
358 334 74 33 Piispa
447 334 123 21 Johansson
586 334 69 21 elävin
671 334 60 21 värin
748 334 68 21 meille
832 334 78 27 kertoi,

85 362 82 21 kuinka
188 362 122 21 kauheassa
330 362 80 21 määrin
426 362 110 21 rikoksien
552 362 53 21 luku
620 362 166 27 sivistysmaissa
802 368 27 15 on
846 368 64 15 enen-

87 392 66 31 tynyt,
174 390 22 26 ja
218 390 68 32 puhui
306 390 130 21 sosialistien
450 390 22 26 ja
487 390 117 21 nihilistien
619 390 121 21 vehkeistä.
768 390 71 21 Mutta
852 390 60 26 juuri

86 418 73 21 näissä
174 418 106 21 samoissa
296 418 166 27 sivistysmaissa
476 418 238 21 kuolemanrankaistus
731 418 67 21 kuten
809 420 101 19 tunnettu

86 447 133 21 suurellakin
241 447 156 21 ankaruudella
416 454 98 20 pannaan
531 449 134 30 täytäntöön.
696 447 38 21 Jos
750 447 37 21 siis
805 453 25 15 on
846 449 63 24 totta,

87 477 45 19 että
148 475 107 21 rikoksien
272 475 52 21 luku
339 475 112 21 kuitenkin
465 475 43 27 yhä
524 475 94 26 karttuu,
639 475 43 21 niin
697 477 59 19 tämä
769 476 93 20 minusta
877 477 34 19 to-

88 503 74 26 distaa,
179 505 47 19 että
240 503 240 21 kuolemanrankaistus
496 509 27 15 on
538 503 91 21 tehoton
644 503 122 21 rankaistus
784 505 60 36 tässä
860 503 51 21 suh-

84 535 81 18 teessa.

156 560 72 32 Piispa
243 548 123 33 Johansson:
392 560 33 21 En
444 560 64 21 katso
523 560 263 21 kuolemanrankaistusta
800 560 111 21 suoranai-

86 589 59 21 seksi
160 589 20 26 ja
196 589 121 21 riittäväksi
340 589 75 21 avuksi
438 589 90 21 murhaa
542 591 96 24 vastaan,
655 589 77 21 vaikka
746 589 55 21 siinä
817 589 92 26 apuakin

88 623 31 19 on,
135 619 69 19 mutta
219 617 115 21 kuoleman
349 617 113 21 tuomioita
478 617 62 21 onkin
557 617 126 21 ainoastaan
699 617 135 26 pienimpään
850 619 59 19 mää-

86 648 53 19 rään
161 646 136 27 nykyaikana
318 648 68 24 pantu
412 647 130 26 täytäntöön
564 646 145 26 Euroopassa.
742 646 168 21 Kuolemantuo-

86 675 75 21 mioita
176 681 27 15 on
219 675 57 26 kyllä
290 675 73 26 paljon
379 675 66 27 tehty,
461 677 71 19 mutta
547 681 39 15 sen
601 675 81 27 yleisen
698 675 130 26 mielipiteen
844 675 66 25 takia,

86 703 50 26 joka
152 703 83 21 liikkuu
250 703 97 27 nykyään
364 703 173 27 sivistysmaissa,
555 709 26 15 on
590 703 53 21 niitä
651 703 92 21 vähässä
753 703 81 21 määrin
843 705 67 24 pantu

86 731 100 21 toimeen.
216 732 72 20 Mutta
302 731 85 21 käänne
403 731 69 27 näkyy
488 731 54 21 siinä
558 731 84 21 kohden
658 733 112 25 syntyvän.

155 759 131 27 Yliopettaja
301 759 99 21 Kihlman:
416 759 42 27 Jag
473 759 76 21 trodde
566 761 32 19 att
615 759 69 21 denna
699 759 60 27 fräga
774 759 47 21 icke
837 759 70 21 skulle

86 789 67 21 redan
169 788 6 21 i
192 788 58 21 afton
272 788 98 21 afslutas.
399 789 51 20 Men
473 789 27 20 dä
521 788 37 27 jag
580 795 34 14 ser
638 790 32 19 att
688 789 60 20 detta
766 789 96 21 kommer
877 791 33 19 att

88 816 43 26 ske,
149 822 64 15 anser
226 816 36 27 jag
277 816 42 27 mig
335 816 53 21 böra
403 816 162 27 tillkännagifva
580 816 42 21 min
638 816 106 21 särskilda
759 816 91 27 mening.
874 816 34 21 Ti-

88 845 40 20 den
151 844 80 21 tilläter
254 845 42 26 mig
319 844 47 21 icke
389 846 32 19 att
443 844 97 27 utförligt
560 845 104 20 motivera
682 844 42 21 min
740 844 62 27 äsigt,
819 844 39 21 och
872 844 37 27 jag

85 873 43 21 kan
149 873 23 21 sä
187 873 86 27 mycket
288 873 68 21 hellre
370 873 114 21 underlåta
500 873 66 26 detta,
584 879 45 15 som
643 873 37 26 jag
697 875 24 19 är
736 872 124 28 öfvertygad
876 875 33 19 att

85 902 7 21 i
108 908 25 15 en
149 901 67 27 fräga,
240 902 68 21 sädan
330 907 46 16 som
398 902 74 26 denna,
491 902 97 21 ständets
604 901 138 22 medlemmar
759 902 65 21 redan
840 901 68 22 bildat

86 930 33 26 sig
134 937 26 15 en
176 930 44 21 fast
234 930 148 27 öfvertygelse,
399 930 65 21 innan
480 931 40 20 den
531 930 116 27 afgörande
663 931 91 20 stunden
768 930 96 26 kommit,
882 930 26 21 dä

87 959 24 21 de
127 959 65 21 hafva
206 961 33 19 att
253 959 65 26 lägga
333 959 33 21 sin
378 959 33 27 ja-
435 959 52 21 eller
510 959 103 27 nej-sedel
629 959 6 21 i
652 966 73 14 urnan.
756 959 41 26 Jag
812 959 38 21 ber
861 959 46 21 der-

84 987 35 22 för
133 988 78 20 endast
225 987 22 21 fä
263 987 167 27 tillkännagifva,
447 989 33 19 att
492 987 38 27 jag
546 988 100 26 önskade,
658 989 33 19 att
700 987 70 22 första
779 987 128 27 paragrafen

84 1016 6 21 i
108 1018 23 19 21
158 1017 47 26 kap.
231 1016 70 21 blefve
324 1018 93 25 antagen
439 1017 49 20 med
511 1016 138 21 uteslutande
673 1016 23 21 af
712 1016 66 21 -orden
794 1016 66 27 ,eller
875 1016 33 21 till

84 1045 90 21 tukthus
199 1045 26 26 pä
248 1044 115 27 lifstiden*,
381 1045 32 21 till
434 1044 53 27 följd
506 1044 100 27 hvaraf
600 1040 14 35 $
623 1045 83 21 komme
722 1047 33 19 att
770 1045 83 21 erhålla
867 1044 40 22 föl-

80 1073 66 26 jande
162 1072 92 27 lydelse:
271 1073 67 26 ,Den,
355 1078 44 15 som
416 1072 6 21 i
437 1073 81 26 uppsät
534 1074 32 19 att
583 1073 54 21 döda
652 1073 49 20 med
718 1073 75 20 berädt
810 1073 47 20 mod
870 1073 35 20 be-

81 1101 75 21 röfvar
170 1108 68 14 annan
253 1101 68 26 lifvet,
337 1101 55 21 skall
408 1101 32 21 för
457 1101 59 21 mord
533 1101 73 21 dömas
623 1101 32 21 till
671 1101 117 21 dödsstraff
810 1101 38 21 och
864 1101 42 21 för-

81 1129 45 21 lust
149 1129 23 21 af
191 1129 167 27 medborgerligt
380 1129 143 22 förtroende*.
555 1130 31 20 Dä
608 1129 35 27 jag
664 1130 64 26 yrkar
750 1130 63 25 detta,
831 1132 24 18 är
869 1130 37 20 det

83 1158 47 21 icke
152 1159 60 20 svärt
229 1160 34 19 att
278 1165 40 14 ana
333 1158 58 21 hvad
406 1164 46 15 som
465 1160 66 25 utgör
543 1158 51 21 mitt
608 1158 72 21 motiv.
709 1158 43 27 Jag
766 1165 65 14 anser
844 1161 60 18 näm-

79 1187 58 26 ligen
154 1186 117 22 dödsstraff
283 1186 35 22 för
332 1187 118 26 uppsätligt
466 1187 60 21 mord
542 1193 51 15 vara
609 1189 31 19 ett
656 1187 66 26 straff,
740 1187 63 21 hvars
825 1186 78 22 afskaf-

80 1214 64 22 fande
160 1215 52 21 eller
227 1214 114 22 införande
357 1215 46 21 icke
418 1214 33 22 fär
466 1216 63 25 göras
542 1215 108 21 beroende
662 1214 22 22 af
692 1215 107 21 särskilda
811 1215 39 21 tids
863 1216 40 20 och

81 1242 263 22 ortsförhållanden
276 1238 8 38 :
290 1238 58 38 eller
359 1242 24 22 af
395 1243 105 26 mensklig
516 1243 130 21 diskussion.
665 1242 150 29 Dödsstraffet
829 1245 24 19 är
868 1249 36 15 en-

81 1272 38 26 ligt
135 1272 42 20 min
194 1271 136 27 uppfattning
348 1278 25 15 en
389 1272 105 26 grundlag
509 1271 75 22 stiftad
600 1271 22 22 af
632 1272 90 26 Honom,
740 1278 44 15 som
801 1274 24 19 är
839 1272 64 21 herre

80 1300 58 22 öfver
160 1300 23 21 lif
206 1301 40 21 och
270 1301 42 21 död
332 1301 40 21 och
388 1307 46 15 som
449 1301 23 21 åt
488 1300 124 22 öfverheten
628 1300 140 22 öfverlemnat
782 1303 34 19 att
830 1301 73 21 såsom

78 1335 27 15 en
129 1329 61 21 Guds
214 1329 82 26 tjenare
319 1329 83 27 skydda
424 1329 40 21 och
486 1329 148 26 upprätthålla
654 1329 36 21 det
705 1331 58 19 rätta
777 1329 29 26 på
818 1329 82 26 jorden.

79 1357 41 21 Om
136 1358 24 20 så
180 1357 102 22 förhåller
302 1357 38 27 sig,
358 1363 34 15 om
408 1358 37 20 det
461 1360 23 18 är
500 1357 60 21 Guds
575 1357 51 27 vilja
640 1359 34 19 att
689 1358 47 25 den,
753 1363 46 15 som
815 1358 87 26 uppsåt-

76 1385 41 27 ligt
131 1386 93 29 mördar,
240 1385 56 21 skall
311 1385 93 27 umgälla
419 1386 39 20 sitt
472 1386 60 21 brott
546 1386 50 20 med
608 1385 72 21 lifvets
692 1385 85 27 förlust,
791 1385 39 21 har
838 1385 63 27 ingen

76 1414 130 22 furstemakt
226 1414 40 21 och
281 1414 64 27 ingen
360 1414 150 21 ständermakt
527 1414 105 27 rättighet
647 1416 32 19 att
694 1416 53 25 göra
762 1415 71 26 någon
849 1415 53 20 änd-

76 1443 47 26 ring
146 1443 135 21 härutinnan.
313 1443 41 21 Det
376 1445 24 19 är
419 1443 69 21 under
507 1443 69 21 denna
592 1443 56 32 vilja,
664 1443 68 21 under
749 1443 59 21 Guds
824 1443 6 20 i
846 1443 54 21 hans

76 1471 40 21 ord
137 1471 153 32 uppenbarade
313 1471 48 26 vilja
382 1471 38 26 jag
442 1471 61 26 böjer
520 1471 50 26 mig,
588 1471 27 20 då
628 1471 37 27 jag
679 1471 90 21 härmed
786 1471 114 21 tillkänna-

76 1499 73 27 gifver,
172 1502 34 19 att
226 1500 38 26 jag
288 1506 61 15 anser
366 1500 140 21 dödsstraffet
522 1506 52 15 vara
591 1500 35 21 det
643 1500 54 21 enda
713 1499 67 27 straff,
797 1506 45 15 som
858 1500 42 21 kan

74 1528 88 21 försona
184 1528 121 27 uppsåtligt
327 1528 69 21 mord.
425 1528 46 21 Här
486 1528 40 21 har
540 1530 62 25 sagts
618 1530 32 19 att
665 1535 49 14 man
729 1517 65 32 infört
816 1528 38 21 det
869 1528 30 21 al-
