1110 1810
223 136 55 20 1294
527 138 80 23 Toukok.
628 136 21 19 15
667 144 18 17 p.

189 200 52 27 joku
265 200 225 27 rankaistusmääräys
513 200 82 27 pitäisi
610 199 42 21 olla
670 200 154 20 kiroamisesta
842 199 96 27 yleensä,
955 205 26 15 on
998 206 26 14 se

191 228 66 21 sitten
273 228 124 21 siirrettävä
410 228 58 27 juuri
484 228 65 21 tähän
567 228 81 21 lukuun
664 230 28 19 42
707 228 30 21 tai
753 230 34 19 43.

260 262 131 26 Yliopettaja
407 262 101 21 Kihlman:
533 262 42 26 Jag
591 262 48 21 ville
655 262 29 27 pä
699 262 38 21 det
751 262 150 21 bestämdaste
916 263 105 20 motsätta

191 290 44 27 mig
255 292 32 19 att
303 290 67 27 nägot
385 290 75 27 tillägg
476 296 34 15 om
525 290 101 21 svordom
643 290 32 21 till
692 290 59 21 detta
767 290 80 27 kapitel
864 292 69 25 göres,
951 290 73 21 derför

191 319 109 26 nämligen
325 320 33 19 att
383 319 83 26 mened,
492 324 46 15 som
563 321 22 18 är
605 320 33 19 ett
653 319 25 20 sä
693 318 106 27 förfärligt
815 319 66 25 brott,
898 319 124 26 derigenom

193 347 68 21 skulle
283 347 84 21 komma
383 349 34 19 att
431 347 28 26 pä
475 347 66 26 nägot
557 349 45 19 sätt
617 347 106 21 likställas
740 347 47 21 med
804 347 106 24 svordom,
927 353 44 15 som
988 347 32 21 als

191 375 48 21 icke
254 375 43 21 kan
313 375 6 21 i
335 375 103 21 afseende
455 375 12 21 ä
485 375 165 26 brottsligheten
667 375 87 21 dermed
767 375 110 26 jemföras.
909 375 58 21 Skall
984 375 38 21 nä-

191 405 38 25 got
251 403 121 27 stadgande
395 409 34 15 om
453 403 100 21 svordom
576 403 86 26 införas,
685 403 24 21 sä
728 403 41 21 bör
785 403 37 21 det
837 403 79 21 införas
932 403 6 21 i
954 403 68 27 nägot

192 433 65 19 annat
273 431 90 27 kapitel,
379 438 48 14 men
444 432 116 26 ingalunda
575 432 6 20 i
599 432 66 20 detta.

260 466 45 20 Hra
320 465 145 21 Puhemiehen
483 465 131 27 esityksestä
627 466 97 26 jätettiin
738 466 71 26 piispa
819 465 153 27 Alopaeuksen
983 466 40 20 eh-

193 494 63 20 dotus
279 493 171 26 ratkaisematta,
474 493 83 21 kunnes
581 495 61 25 sääty
664 493 75 27 ryhtyy
759 495 28 19 42
803 493 64 21 luvun
884 493 138 27 käsittelyyn.

552 552 26 19 18
595 550 66 21 Luku.

259 590 152 27 Hyväksyttiin
429 590 169 21 keskustelutta.

553 648 25 19 19
594 646 70 21 Luku.

588 694 8 19 1
615 690 16 27 8.

259 731 100 20 Provasti
376 730 131 21 Fredrikson:
539 730 255 27 Straffbestämningarna
811 731 6 20 i
834 730 103 21 afseende
953 731 11 20 å
982 731 52 20 äk-
1026 726 12 36 -

192 759 165 27 tenskapsbrott
377 759 5 21 i
401 761 24 19 19
442 759 99 27 kapitlet,
557 759 48 21 icke
621 759 81 21 mindre
720 761 25 19 än
763 759 24 21 de
803 759 33 21 för
851 759 112 27 lägersmäl
980 760 43 20 och

192 793 69 15 annan
277 787 63 21 otukt
355 787 6 21 i
379 788 25 20 20
421 787 96 26 kapitlet,
536 789 35 19 äro
589 787 134 27 synnerligen
738 787 66 21 milda
820 789 57 19 emot
893 787 56 21 hvad
967 788 55 20 1734

192 816 35 20 ärs
246 815 37 27 lag
302 816 139 26 bestämmer,
464 815 40 21 och
517 816 38 26 jag
571 816 70 20 mäste
657 815 120 27 uppriktigt
792 815 100 22 bekänna
906 816 43 20 min
963 815 62 21 fruk-

192 845 36 19 tan
250 845 31 19 att
303 844 82 20 sädana
401 844 223 26 strafibestämningar
639 844 47 20 icke
701 850 66 20 gerna
782 843 72 21 kunna
870 845 66 19 annat
951 846 26 18 än
993 843 29 21 ha

191 872 56 21 väda
262 872 59 21 .med
347 872 38 26 sig.
417 872 34 21 Då
475 874 100 19 ansvaret
597 872 34 21 för
651 872 72 21 enkelt
742 872 41 21 hor
796 872 44 21 kan
855 872 28 21 bli
900 872 78 21 endast
993 874 28 19 50

192 899 61 22 mark
275 899 33 22 för
330 900 41 21 den
395 899 66 27 ogifta
485 899 40 22 och
547 901 40 20 100
603 900 60 21 mark
679 899 34 22 för
727 900 45 21 den
786 899 59 27 gifta,
862 906 48 15 men
927 901 15 19 t.
958 906 19 15 o.
992 906 29 15 m.

193 929 76 21 endast
291 929 70 26 nägon
385 929 89 21 mänads
498 929 103 26 fängelse,
619 929 40 21 och
680 929 27 21 dä
723 929 61 21 äfven
799 929 34 21 för
848 929 115 26 lägersmäl
981 929 40 21 och

191 963 71 15 onnan
285 957 63 21 otukt
369 957 65 26 högst
454 957 89 26 lindriga
565 956 62 22 straff
641 957 95 26 stadgas,
752 957 71 21 mäste
835 957 38 26 jag
889 963 52 15 anse
959 957 64 21 dessa

191 985 82 27 kapitel
296 986 72 20 säsom
391 986 27 20 de
437 986 66 20 minst
521 985 91 27 lyckade
627 986 6 20 i
651 985 48 21 hela
715 985 147 27 lagförslaget.
892 986 42 26 Jag
950 985 72 21 älskar

191 1013 48 22 icke
254 1015 33 19 att
302 1014 64 26 vädja
381 1013 33 21 till
431 1014 36 20 det
483 1013 107 21 allmänna
606 1015 107 19 samvetet
728 1014 52 21 eller
790 1013 79 21 folkets
881 1013 141 26 rättskänsla,

192 1042 124 27 Ofvertygad
337 1048 46 15 som
401 1043 38 26 jag
454 1045 31 23 är,
501 1044 34 19 att
549 1049 49 14 man
613 1043 49 20 med
679 1043 36 20 det
730 1042 111 27 slagordet
856 1043 43 20 kan
914 1042 107 27 bekämpa

189 1070 88 21 hvilken
301 1070 78 21 reform
406 1076 45 15 som
475 1070 62 21 helst.
568 1070 11 21 I
601 1070 61 21 detta
681 1070 36 21 fall
738 1072 45 19 tror
800 1070 37 27 jag
855 1070 53 21 dock
926 1072 33 19 att
973 1070 49 21 värt

190 1099 58 21 folks
263 1098 269 27 sedlighetsmedvetande,
550 1104 44 15 som
611 1098 121 27 lyckligtvis
749 1101 56 18 ännu
816 1101 24 18 är
850 1099 84 26 ganska
942 1098 77 26 starkt,

191 1127 54 21 skall
268 1127 27 26 pä
319 1129 32 19 ett
371 1127 135 27 synnerligen
527 1127 59 21 svärt
601 1129 45 19 sätt
661 1127 100 26 kränkas,
777 1133 34 15 om
827 1127 72 21 säsom
915 1127 62 26 sagdt
994 1127 27 21 de

191 1155 65 26 brott,
273 1155 88 21 hvarom
376 1155 57 21 talas
449 1155 6 21 i
472 1155 61 21 detta
551 1157 24 19 19
591 1155 43 21 och
648 1155 44 27 följ.
709 1155 88 27 kapitel,
813 1156 73 20 kunna
901 1155 63 27 gäaf
972 1155 49 21 med

191 1183 25 21 sä
241 1183 47 21 små
309 1183 67 21 straff.
398 1183 94 21 'Ansvar
511 1183 34 21 för
565 1183 90 21 dubbelt
669 1183 41 21 hor
725 1185 24 19 är
764 1183 67 27 enligt
847 1183 36 21 vär
899 1183 71 26 gamla
985 1183 37 27 lag

189 1212 23 26 ju
228 1211 103 21 lifsstraff.
362 1212 74 26 Enligt
451 1211 104 27 förslaget
570 1211 85 21 straffas
671 1218 49 14 man
735 1212 49 20 med
799 1211 98 27 fängelse
912 1212 28 26 pä
955 1213 66 26 högst

191 1241 32 19 ett
239 1240 29 21 är.
299 1240 43 21 För
359 1240 41 21 den
415 1240 112 26 förmögne
542 1240 113 21 libertinen
672 1240 81 27 betyda
769 1242 40 19 100
824 1240 74 21 marks
913 1240 62 21 böter
990 1240 33 21 in-

191 1269 96 26 genting;
312 1268 39 21 och
371 1269 28 26 pä
418 1275 84 14 samma
515 1269 40 26 vis,
570 1268 56 21 hvad
642 1271 23 18 är
680 1270 27 19 50
721 1268 64 22 mark
796 1268 36 22 för
847 1269 40 20 den
904 1269 53 25 rike,
974 1274 46 15 som

191 1296 39 21 har
246 1297 59 21 öfvat
321 1297 39 21 hor
375 1297 50 21 med
439 1303 84 15 annans
538 1297 93 21 hustru?
654 1297 44 26 Jag
711 1297 80 26 frägar,
807 1299 24 19 är
841 1297 62 21 detta
913 1296 62 22 straff
984 1297 35 21 sä-

190 1325 55 21 dant
258 1327 35 19 att
307 1325 37 21 det
360 1331 37 15 ens
414 1325 6 21 i
436 1325 73 27 någon
523 1325 50 21 män
588 1327 121 19 motsvarar
724 1325 158 27 förbrytelsen?

259 1359 150 21 Kirkkoherra
433 1359 100 21 Torckell:
564 1359 44 27 Jag
632 1361 46 19 tror
703 1359 61 21 äfven
788 1361 31 19 att
842 1359 150 27 stadgandena
1015 1359 6 21 i

191 1387 68 21 denna
284 1387 103 27 paragraf
411 1390 34 18 äro
473 1388 82 26 egnade
579 1389 31 19 att
631 1388 26 26 pä
680 1389 30 19 ett
725 1387 121 27 betänkligt
861 1389 46 19 sätt
921 1387 100 21 omkasta

190 1415 51 21 hela
262 1416 35 20 det
316 1416 83 26 sedliga
413 1416 212 21 rättsmedvetandet
640 1416 56 20 inom
711 1415 81 21 landet.
824 1415 39 21 Om
880 1422 48 14 man
941 1415 80 31 jemför

192 1445 59 20 detta
267 1444 83 27 kapitel
365 1445 50 20 med
431 1446 25 19 28
474 1444 92 27 kapitlet
583 1444 38 21 och
635 1445 25 20 de
671 1444 229 27 straffbestämningar,
913 1451 44 15 som
967 1445 53 21 fast-

191 1472 74 21 ställas
281 1472 32 22 för
329 1472 56 22 stöld
403 1472 40 21 och
459 1473 98 23 snatteri,
575 1473 22 20 sä
613 1473 68 21 finner
696 1479 49 14 man
762 1473 45 20 deri
823 1473 101 26 stadgadt
935 1474 38 24 att,
986 1478 33 15 om

191 1501 57 22 stöld
264 1501 53 21 eller
333 1502 90 20 snatteri
440 1502 67 26 begäs
524 1501 30 21 till
572 1503 30 19 ett
618 1502 66 20 värde
700 1501 23 21 af
736 1502 61 26 tjugu
814 1501 64 27 mark,
889 1501 85 21 straffas
984 1502 38 20 det
