1114 1932
420 160 82 18 Toukok.
519 159 24 19 28
561 165 18 17 p.
816 158 53 21 1593

69 224 118 20 säännöstä
210 223 53 21 ollut
287 223 107 21 olemassa
414 223 23 27 ja
458 223 47 21 kun
527 223 20 21 ei
570 223 33 21 ole
619 223 112 21 todisteita
746 223 69 21 siihen
831 223 67 27 esillä,

71 252 44 19 että
132 253 57 19 tämä
206 251 78 21 virasto
301 251 48 21 olisi
365 251 155 27 laimiinlyönyt
535 251 197 21 velvollisuutensa.

137 280 72 21 Mutta
230 286 105 21 perussyy
358 280 66 21 tähän
447 282 80 25 syvään
546 280 136 26 epäkohtaan
699 286 32 19 on,
749 282 46 19 että
809 280 91 21 siveelli-

69 313 50 21 syys
139 307 104 21 laimenee
258 308 22 26 ja
295 307 73 21 osaksi
384 308 68 26 tylsyy
467 307 188 27 yhteiskunnassa.
685 307 90 21 Yleinen
791 307 108 27 mielipide

70 343 27 15 on
120 339 60 19 tässä
203 337 87 21 kohden
313 339 118 24 etupäässä
453 337 111 27 syyllinen.
594 336 99 22 Virastot
713 339 61 19 tässä
793 337 56 21 eivät
865 337 34 21 voi

69 365 75 27 pitkän
159 365 71 27 päälle
247 367 81 29 auttaa,
344 365 78 21 vaikka
433 365 114 21 heidänkin
560 365 57 21 tulee
627 365 65 21 tehdä
701 365 197 25 velvollisuutensa,

71 391 55 22 ellei
148 392 141 27 yhteiskunta
310 392 138 21 siveellisesti
471 398 66 15 nouse
557 394 77 19 sotaan
649 392 54 21 niitä
716 392 118 22 siveellisiä
849 395 51 24 epä-

69 422 76 21 kohtia
160 424 97 23 vastaan,
271 422 56 27 joita
341 428 27 15 on
385 422 108 21 olemassa
507 422 96 21 kaikissa
619 422 225 21 kansankerroksissa.

138 450 76 21 Edellä
236 450 135 21 mainituista
387 450 67 27 syistä
471 450 99 25 ehdotan,
587 452 46 19 että
649 450 181 21 korkeanarvoisa
846 457 53 20 pap-

69 479 98 27 pissääty
189 479 95 27 yhdessä
299 479 87 21 muiden
401 479 99 27 säätyjen
515 479 80 21 kanssa
611 479 58 21 Keis.
686 479 155 27 Majesteetilta
856 479 43 21 ala-

70 507 151 21 maisuudessa
239 507 72 26 anoisi,
330 509 45 19 että
391 507 74 21 kaikki
481 507 125 21 semmoiset
622 507 147 27 ohjesäännöt,
786 507 51 21 kuin
848 507 52 21 Hel-

71 536 70 26 singin
156 536 139 26 kaupungille
311 542 86 15 vuonna
414 538 53 19 1876
483 538 99 24 annetut,
597 536 159 26 lakkautetaan,
773 536 42 21 kun
828 542 25 15 ne
866 542 34 15 so-

69 564 57 21 tivat
146 564 77 27 yleistä
245 564 59 21 lakia
325 566 91 19 vastaan
437 564 22 27 ja
482 564 43 21 kun
542 571 25 14 ne
583 564 43 21 sitä
641 564 70 27 paitse
727 564 129 21 turmelevat
872 564 28 21 si-

68 592 147 27 veellisyyden
238 593 105 21 kansassa
365 593 22 27 ja
410 593 133 21 loukkaavat
558 599 37 15 sen
612 593 190 25 oikeudentuntoa,
817 593 22 27 ja
856 595 45 19 että

71 620 77 21 näiden
169 620 66 27 sijaan
252 620 149 27 ryhdyttäisiin
417 620 190 27 prostitutsioonin
623 620 187 21 vastustamiseksi
824 620 21 27 ja
862 626 38 15 sen

70 649 165 27 vahingollisten
251 652 129 18 seurausten
397 649 138 21 estämiseksi
550 649 193 27 terveyssuhteisin
753 649 86 21 nähden
847 649 54 21 mui-

71 678 41 21 den
130 678 172 26 toimenpiteisin,
320 678 61 27 jotka
397 678 44 21 laki
454 678 23 27 ja
492 678 83 21 kansan
593 678 168 21 oikeudentunto
779 678 34 21 voi
829 679 71 26 myön-

70 708 37 19 tää
123 706 96 21 oikeiksi.

141 734 97 21 Provasti
251 735 128 26 Rosengren:
395 735 49 20 Kun
453 740 26 15 on
490 734 41 21 niin
543 734 157 27 perusteellisia
708 735 21 26 ja
739 734 66 21 selviä
813 735 88 20 lausun-

72 762 45 27 toja
141 762 125 26 esiintuotu,
291 762 42 21 niin
353 762 57 21 minä
426 769 53 15 vaan
495 762 84 27 pyydän
594 763 67 26 yhtyä
676 762 70 26 niihin,
765 762 48 22 eikä
829 762 72 21 minun

71 791 123 21 mielestäni
216 793 62 19 tässä
301 792 34 20 ole
353 791 89 21 minulla
457 791 80 21 mitään
553 793 63 19 uutta
631 793 134 19 sanottavaa.
796 791 41 21 Sen
854 792 47 20 tah-

75 819 39 21 don
131 819 126 21 ainoastaan
273 820 77 20 lausua
367 821 45 19 että
422 821 107 19 raamattu
541 825 76 15 sanoo:
629 836 4 8 ,
637 819 94 27 pitääkö
741 819 85 21 meidän
836 819 65 21 tehdä

73 849 70 26 pahaa
162 850 45 19 että
223 848 50 21 siitä
289 848 59 21 tulisi
363 849 96 26 hyvää?
488 848 89 21 Tahdon
593 848 129 21 muistuttaa
737 850 46 19 että
797 848 106 22 sellainen

72 877 83 27 käsitys
180 879 45 19 että
245 877 90 27 jollakin
359 877 94 27 siveyttä
470 877 21 27 ja
512 877 58 21 lakia
585 879 90 19 vastaan
691 877 101 21 sotivalla
806 877 96 21 toimella

72 905 147 21 koetettaisiin
243 905 56 21 sotia
322 911 130 21 suurempaa
474 905 71 27 pahaa
567 907 90 19 vastaan
676 905 139 21 kaiketikaan
831 905 20 21 ei
867 905 34 21 ole

73 933 130 27 oikeutettu,
226 940 54 14 vaan
304 934 114 20 kokonaan
441 935 86 19 väärää.
559 933 52 22 Mitä
635 934 58 20 tulee
714 933 65 21 niihin
795 933 107 22 lauseihin

71 961 56 27 joita
143 967 26 15 on
185 963 60 19 tässä
261 961 124 27 esiintuotu,
401 961 44 21 niin
459 961 58 21 minä
527 961 114 21 kokonaan
652 961 100 27 yhdistyn
760 961 64 21 herra
832 961 70 27 piispa

74 990 143 21 Johanssonin
234 991 108 26 puheesen
357 991 23 26 ja
396 991 109 27 kannatan
521 991 48 20 sitä.

141 1018 147 21 Kirkkoherra
303 1019 82 20 Wallin:
411 1018 67 21 Äfven
493 1019 38 26 jag
545 1018 83 21 tillåter
641 1018 44 27 mig
701 1020 32 19 att
748 1019 6 20 i
771 1019 41 20 allo
828 1018 74 22 förena

76 1047 41 26 mig
142 1047 30 21 uti
195 1047 37 21 det
255 1047 119 25 uttalande,
395 1053 44 15 som
456 1047 85 27 gjordes
559 1046 22 22 af
596 1047 74 26 biskop
687 1047 122 21 Johansson
825 1047 77 21 liksom

76 1075 61 22 äfven
161 1078 32 19 att
213 1076 133 22 understöda
363 1076 39 21 den
419 1075 22 22 af
457 1076 76 21 honom
549 1075 122 27 föreslagna
687 1076 107 21 klämmen
810 1076 7 21 i
833 1076 70 21 denna

75 1104 66 27 fråga.
171 1104 42 27 Jag
229 1111 64 14 anser
307 1104 44 27 mig
367 1104 104 27 derjemte
486 1105 53 21 böra
555 1104 90 27 tillägga
660 1105 67 26 några
743 1104 45 21 ord.
879 1131 2 2 N

145 1132 42 21 Vär
210 1132 42 21 tids
276 1133 53 26 högt
351 1132 102 21 skattade
475 1132 129 21 civilisation
619 1133 40 20 har
674 1132 135 27 sannerligen
826 1133 77 26 mängä

75 1161 75 21 mörka
173 1161 101 26 skuggor.
304 1161 49 21 Men
377 1167 25 15 en
427 1160 22 22 af
470 1161 26 21 de
511 1161 112 21 mörkaste
638 1161 40 21 och
693 1161 82 21 kanske
793 1161 39 21 den
848 1161 55 21 allra

75 1190 109 21 mörkaste
208 1192 23 19 är
255 1190 45 25 den,
328 1196 44 15 som
395 1190 87 21 beröres
505 1190 30 21 uti
552 1189 27 22 nu
595 1189 146 27 föreliggande
757 1190 144 21 betänkande.

76 1218 49 20 Man
141 1218 42 21 kan
199 1218 108 27 knappast
322 1218 67 21 tänka
404 1218 33 26 sig
453 1225 26 14 en
495 1218 98 21 mörkare
608 1217 120 22 skamfläck
743 1218 26 26 pä
780 1218 122 24 samhället,

77 1249 23 19 än
126 1249 31 19 att
180 1247 53 26 högt
255 1247 86 21 bildade
363 1247 75 21 läkare
457 1247 36 21 och
511 1247 181 26 vetenskapsmän
707 1246 98 27 företaga
821 1247 33 26 sig
869 1249 34 19 att

75 1274 97 23 försvara
195 1275 179 27 prostitutionens
397 1275 167 27 nödvändighet,
588 1276 81 26 hvarpä
684 1276 73 20 såsom
771 1275 60 21 bevis
847 1275 55 22 före-

76 1303 66 27 ligger
159 1305 14 19 t.
190 1310 31 14 ex.
238 1303 42 21 den
295 1304 97 26 broskyr,
409 1309 46 15 som
472 1303 5 21 i
495 1303 40 27 dag
552 1304 37 21 har
605 1303 70 21 blifvit
689 1303 213 26 utdelad
785 1299 12 36 i
807 1303 95 26 ståndet,

75 1334 56 19 samt
147 1334 32 19 att
193 1332 150 27 myndigheter
358 1332 40 22 och
414 1332 171 27 polisordningar
601 1333 27 26 på
644 1334 31 19 ett
690 1332 94 21 indirekt
794 1334 44 19 sätt
848 1339 55 20 upp-

75 1360 102 21 rätthålla
201 1360 68 21 denna
293 1360 106 27 skamliga
418 1360 129 21 institution.
578 1361 41 20 Det
643 1362 24 19 är
688 1360 64 27 djupt
765 1360 137 27 upprörande

74 1388 34 22 för
129 1389 91 21 känslan
243 1391 33 19 att
298 1389 66 21 tänka
384 1389 39 26 sig,
439 1391 33 19 att
487 1391 71 19 staten
575 1389 41 21 och
630 1389 186 27 myndigheterna,
831 1389 72 21 hvilka

75 1417 64 21 hafva
154 1419 32 19 att
201 1418 56 20 vaka
273 1417 58 22 öfver
346 1419 45 19 rätt
407 1418 37 21 och
462 1417 108 27 sedlighet
585 1418 5 20 i
608 1418 118 25 samhället,
743 1418 28 26 gå
787 1418 24 20 så
826 1417 77 27 långt
892 1413 14 36 i

75 1446 118 21 liberalitet
209 1448 31 19 att
258 1446 24 21 de
299 1446 75 27 trycka
390 1446 143 26 laglighetens
544 1446 92 26 stämpel
648 1446 26 26 på
685 1446 40 21 den
737 1445 73 27 grofva
819 1446 84 21 otukts-

75 1474 69 21 lasten
169 1474 40 21 och
232 1474 90 21 sålunda
345 1474 28 27 på
396 1476 44 19 sätt
462 1474 40 21 och
521 1474 30 21 vis
568 1474 87 27 inbjuda
673 1474 120 21 menniskor
809 1476 32 19 att
857 1474 46 21 söla

76 1503 32 26 sig
124 1503 6 21 i
146 1503 67 21 laster
229 1503 40 21 och
285 1503 154 26 utsväfningar.
470 1503 49 20 Men
537 1502 36 21 det
589 1504 55 19 mest
655 1502 126 22 förfärande
797 1505 23 18 är
830 1502 72 26 likväl,

75 1532 72 20 såsom
169 1531 61 21 äfven
252 1538 51 20 nyss
325 1531 111 22 framhölls
456 1531 22 21 af
493 1531 75 27 biskop
585 1531 130 27 Johansson,
732 1533 31 19 att
779 1531 125 27 härigenom
