1102 1790
400 149 83 17 Toukok.
500 147 26 20 18
542 155 18 17 p.
804 148 54 20 1397

63 210 54 21 ettei
135 211 280 27 kymmenvuotisilta.
362 206 57 36 saisi
430 212 61 26 työtä
506 211 77 26 vaatia,
600 211 125 21 semmoista
739 212 67 26 työtä,
823 211 65 21 mihin

63 239 78 21 heidän
163 239 110 21 :voimansa
295 239 103 27 riittävät,
417 241 71 19 mutta
503 239 19 21 ei
538 240 59 20 heitä
613 239 33 21 ole
663 239 115 26 tehtaisiin,
795 239 19 21 ei
829 239 60 21 heitä

63 268 34 21 ole
112 268 128 27 oppipojiksi
255 270 94 24 pantava
365 268 54 21 siinä
429 268 77 27 ijässä.
522 264 7 35 .
530 268 70 21 Antaa
614 268 79 21 heidän
707 268 82 21 kasvaa
801 269 24 20 12
836 274 53 15 vuo-

65 296 38 21 den
126 296 105 22 ikäisiksi:
262 296 61 27 Kyllä
347 296 79 21 heidän
445 296 111 21 voimansa
570 296 108 21 silloinkin
695 296 52 21 vielä
765 298 48 19 ovat
829 296 60 21 heik-

63 325 49 33 koja
128 324 127 23 tämmöisen
270 325 63 21 ikeen
350 325 39 21 alle
406 323 131 29 taipumaan,
552 325 53 27 joka
622 326 25 20 12
658 327 75 19 vuotta
743 325 147 22 nuoremmille

63 354 30 21 ei
98 354 123 22 ollenkaan
227 354 51 21 sovi.

131 382 73 21 Vielä
199 378 7 35 :
215 382 110 26 tahtoisin,
347 382 67 21 koska
431 388 27 15 on
473 382 105 25 lausuttu,
594 370 46 33 että
656 382 233 33 ammatintarkastajat

63 412 51 19 ovat
135 410 245 21 teollisuushallituksen
404 410 81 25 alaisia,
506 416 71 15 sanoa
589 412 45 19 että
650 417 26 15 en
691 410 72 21 oikein
776 412 113 25 ymmärrä,

63 439 52 21 mitä
137 441 74 19 varten
235 441 59 19 tämä
311 439 122 21 armollinen
451 439 64 27 esitys
532 439 75 21 tahtoo
624 439 96 27 erityistä
735 439 155 21 huomattusta

63 468 65 21 tehdä
139 478 2 2 -
151 468 56 26 siitä,
231 470 45 19 että
295 468 81 21 näiden
392 469 137 26 määräysten
547 468 109 27 johdosta,
674 468 67 21 mitkä
756 468 68 21 täällä
839 470 50 19 ovat

64 496 102 27 tehtyinä,
185 497 86 21 wtämän
286 496 77 21 kautta
378 496 20 21 ei
413 496 123 21 vähennetä
550 496 43 21 sitä
608 496 139 26 toimivaltaa,
755 496 54 27 joka
819 496 70 21 teolli-

63 524 200 21 suushallitukselle
274 520 10 35 .
289 526 93 19 annetun
408 524 146 27 ohjesäännön
579 524 77 21 kautta
678 530 27 15 on
728 524 162 21 intendenteille

63 553 128 21 mainitussa
207 553 153 21 hallituksessa
374 554 130 26 määrätty*.
536 553 71 21 Minua
623 553 57 21 tosin
696 553 19 21 ei
731 553 33 21 ole
779 553 111 21 valiokun-

63 587 63 15 nassa
148 581 136 26 kannatettu,
307 583 69 19 mutta
396 581 60 21 siellä
470 581 22 27 jo
508 581 46 27 pari
569 581 77 21 kertaa
660 581 85 21 lausuin
761 583 46 19 että
823 581 65 27 lisäys

65 611 24 20 17
109 609 34 27 S:n
165 610 81 21 toiseen
265 610 135 21 momenttiin
415 610 131 21 kumminkin
562 610 87 21 minulle
665 610 100 26 todistaa,
782 612 46 19 että
843 610 46 20 näi-

65 638 39 21 den
124 638 244 27 ammatintarkastajain
384 644 73 15 asema
473 644 26 15 on
516 638 90 27 ajateltu
622 638 62 27 hyvin
700 638 102 27 vapaaksi
818 638 72 21 teolli-

64 667 186 21 suushallisuksen
273 667 97 21 suhteen.
402 667 58 21 Minä
483 673 26 15 en
528 667 113 21 ollenkaan
656 667 117 26 ihmettele,
789 667 33 27 jos
839 673 51 15 vuo-

63 695 41 21 den
118 695 103 21 kuluttua
234 696 31 20 tai
280 695 92 21 kentiesi
387 695 21 27 jo
424 695 79 27 puolen
520 695 82 21 vuoden
618 694 104 22 kuluttua
735 695 105 21 tultaisiin
855 701 35 15 sa-

63 730 99 19 nomaan,
179 726 45 19 että
238 724 140 24 tarvittaisiin
394 724 103 27 erityinen
512 724 117 27 ylihallitus:
646 724 64 21 näille
726 724 163 27 tarkastajoille,

65 757 22 15 se
103 752 76 20 tahtoo
195 757 72 15 sanoa:
285 751 47 21 uusi
349 751 127 23 virkakunta
492 751 50 21 ihan
553 751 69 21 alusta
633 747 94 36 loppuun,
743 751 52 26 jolle
804 752 19 20 ei
831 751 58 21 suin-

64 780 55 21 kaan
143 782 76 25 54,000
243 780 88 21 markan
354 780 117 21 vuotuinen
493 780 63 21 lasku
579 780 55 26 riitä,
654 787 54 14 vaan
727 780 46 21 olisi
794 786 23 15 se
833 780 57 27 paljo

63 809 157 21 suuremmaksi
242 809 128 21 laskettava.
400 809 115 21 Kannatan
538 809 38 21 siis
591 809 57 21 vielä
662 809 157 21 vastalausetta
833 809 57 21 enltä

65 838 32 21 ole
116 838 97 27 löytänyt
228 838 119 21 ensinkään
362 840 62 25 syytä
439 838 78 26 luopua
534 834 174 47 mielipiteestäni
724 838 49 21 siitä
789 838 52 21 mitä
857 840 32 19 tä-

63 867 43 20 hän
122 866 81 21 saakka
221 866 80 21 asiassa
318 872 27 15 on
360 866 106 21 lausuttu.

132 894 130 28 Yliopettaja
285 893 99 23 Kihlman:
414 895 32 21 En
466 894 131 27 föregäende
612 895 68 21 talare
695 895 40 21 har
750 895 50 21 sökt
815 895 75 21 bevisa

61 924 187 26 nödvändigheten
261 923 32 22 :af
314 926 33 19 att
368 923 109 22 särskilda
494 924 280 27 yrkesinspektörstjenster
788 924 100 21 inrättas.

61 952 73 21 Andra
155 952 70 21 talare
239 952 64 21 hafva
317 952 72 21 funnit
402 952 140 26 bevisningen
558 952 114 21 bindande.
704 952 65 21 Detta
784 954 23 19 är
823 952 66 21 allde-

61 980 31 21 les
109 980 47 22 icke
172 980 60 21 fallet
248 981 47 20 med
312 980 49 27 mig.
384 980 40 21 Vid
440 980 139 27 bevisningen
594 980 130 21 förutsättes
738 980 107 27 nämligen
856 982 33 19 att

61 1009 174 21 industriidkare:
253 1009 40 21 och
316 1008 133 22 fabrikanter
472 1011 37 19 äro
531 1009 80 21 sådana
627 1015 109 20 personer,
754 1009 72 21 hvilka
842 1009 46 21 icke

61 1037 93 21 allenast
177 1039 36 19 äro
237 1037 89 21 alldeles
348 1037 158 27 :obarmhertiga
523 1039 44 19 mot
584 1037 54 27 dem,
654 1037 72 21 hvilka
741 1038 27 20 de
783 1037 57 27 gifva
855 1044 34 14 ar-

61 1066 55 25 bete,
134 1067 51 19 utan
203 1065 65 22 också
284 1066 24 20 så
323 1065 81 27 sedligt
418 1064 143 27 förderfvade,
578 1067 33 19 att
627 1065 26 21 de
670 1065 46 22 icke
734 1067 56 19 sätta
806 1065 6 21 i
828 1065 61 27 fråga

61 1096 34 19 att
116 1094 63 27 bryta
201 1094 41 26 lag,
262 1094 61 21 äfven
343 1094 71 21 fastän
430 1094 25 21 de
472 1094 70 21 kunna
559 1094 165 21 förutsätta:att
739 1094 26 21 de
781 1094 60 21 skola
857 1094 32 21 för

61 1123 61 21 detta
137 1123 95 26 lagbrott
247 1122 120 22 bestraffas.
397 1123 33 26 Ja,
450 1123 24 21 de
491 1125 37 19 äro
545 1123 23 21 så
584 1122 135 22 förderfvade
735 1125 32 19 att
778 1129 110 20 personer,

61 1156 46 15 som
121 1151 86 21 komma
223 1151 48 21 med
287 1151 48 21 dem
351 1151 5 20 i
373 1151 106 26 beröring,
496 1151 81 26 läkare,
593 1151 139 21 medlemmar
741 1150 24 22 af
773 1151 116 21 sundhets-

60 1179 98 26 nämden,
173 1179 140 21 medlemmar
326 1179 23 21 af
362 1179 238 27 kommunalstyrelsen,
616 1179 43 21 alla
674 1179 65 21 blifva
755 1179 22 21 af
791 1180 48 20 dem
851 1186 37 20 ge-

60 1210 50 19 nast
126 1208 135 26 besmittade,
279 1208 24 21 sä
319 1210 34 19 att
367 1208 27 21 de
409 1208 93 26 glömma
518 1208 32 21 sin
567 1208 138 27 embetspligt
720 1208 56 21 blott
790 1208 33 21 för
838 1208 49 21 atti

61 1237 94 26 sällskap
171 1237 49 21 med
237 1237 64 21 dessa
311 1237 6 20 i
329 1237 69 26 grund
408 1236 138 22 förderfvade
556 1236 132 22 fabrikanter
696 1236 73 22 utöfva
778 1243 25 15 en
812 1239 76 24 gräns-

60 1265 32 21 lös
109 1265 184 27 obarmhertighet
308 1267 44 19 mot
369 1265 39 21 den
425 1265 119 21 arbetande
559 1265 159 27 befolkningen.
741 1265 39 22 Om
789 1269 28 17 nu
827 1265 61 21 detta

60 1299 51 15 vore
127 1295 54 23 sant,
198 1299 33 15 om
247 1299 48 15 man
311 1293 72 21 kunde
397 1292 126 26 förutsätta,
539 1295 33 19 att
588 1299 26 15 en
631 1293 33 21 hel
680 1293 59 21 klass
755 1292 22 22 af
790 1293 98 21 medbor-

60 1328 51 20 gare
136 1322 67 21 skulle
226 1328 51 15 vara
297 1322 32 21 till
347 1322 38 21 den
402 1322 54 26 grad
472 1322 110 21 moraliskt
599 1322 97 27 sjunken,
712 1324 33 19 att
761 1322 40 21 den
818 1322 69 21 skulle

58 1350 66 22 hafva
145 1350 96 27 förmåga
265 1353 32 19 att
312 1351 68 26 draga
394 1351 67 21 andra
476 1351 84 21 klasser
576 1350 22 22 af
612 1351 140 26 medborgare
768 1351 49 21 med
833 1351 33 26 sig
881 1351 6 20 i

32 1378 3 2 *
59 1385 92 15 samma.
163 1379 116 21 moraliska
301 1378 130 27 förnedring,
455 1379 36 21 dä:
502 1385 52 15 vore
568 1379 140 26 bevisningen
724 1379 114 22 bindande
848 1379 40 21 och

60 1408 37 21 det
111 1414 51 15 vore
179 1408 38 21 allt
231 1408 49 21 skäl
294 1410 35 19 att
344 1408 26 21 de
386 1410 124 24 strängaste
526 1408 102 26 åtgärder
638 1408 97 26 vidtoges
746 1409 33 20 för
788 1410 34 19 att
830 1408 58 21 hålla

59 1436 161 22 vederbörande
236 1436 31 21 uti
283 1436 56 21 tukt.
363 1436 48 21 Men
428 1442 34 15 om
478 1438 32 19 ett
526 1436 157 21 samhällsondt
698 1438 23 19 är
734 1438 60 19 stort
807 1437 40 21 och
863 1437 24 21 sä

59 1464 185 26 vidtomfattande,
268 1465 53 20 hvar
340 1464 56 21 skall
412 1471 48 14 man
469 1460 63 36 finna
547 1460 66 36 hjelp
623 1466 45 19 mot
684 1464 132 22 detsamma?
823 1460 12 36 :
846 1464 42 21 Det

59 1493 75 26 finnes,
151 1495 64 25 säger
237 1500 55 19 man,
309 1495 33 19 ett
357 1492 72 23 medel
444 1494 40 21 och
500 1493 62 21 detta
577 1495 24 19 är
614 1493 138 21 inrättandet
765 1493 24 21 af
802 1494 36 20 två
852 1500 35 20 yr-

58 1522 183 26 kesinspektörer..
271 1522 44 21 Det
337 1524 24 19 är
380 1522 71 26 dessa,
467 1522 123 21 som:skola
607 1523 72 26 görat;
695 1522 27 21 de
737 1522 62 21 skola
814 1522 73 21 kunna
