1131 1821
432 173 82 17 Toukok.
533 171 23 20 23
574 179 18 17 p.
841 173 55 20 1515

95 235 91 21 lemättä
202 241 25 15 on
244 235 62 21 oleva
321 235 107 21 tuottavin
445 235 95 21 kaikista
556 235 74 26 osista,
647 235 66 21 mitkä
730 235 82 21 tulevat
826 235 49 21 sillä
891 241 35 15 ra-

96 263 57 22 dalla
167 264 191 21 rakennettaviksi.

164 292 132 27 Yliopettaja
319 290 101 23 Kihlman:
451 292 31 21 Dä
506 292 39 21 här
567 292 128 21 framhällits
719 294 33 19 att
773 292 152 21 Imatrabanan

94 319 88 22 framför
196 320 67 21 andra
280 320 66 21 banor
363 320 68 21 skulle
446 320 67 21 blifva
529 320 102 25 rentabel,
649 320 39 21 har
700 320 38 27 jag
753 320 57 21 velat
824 320 49 21 frän
883 320 42 21 den

94 348 132 27 föregäende
242 349 151 21 diskussionen
410 349 76 26 erinra,
502 351 36 19 att
548 349 48 27 just
611 349 27 21 dä
654 349 70 21 denna
739 349 66 21 banas
817 349 108 21 rentabili-

96 379 31 19 tet
151 376 145 27 ifrägasattes.
327 377 48 21 Man
397 377 48 21 ville
463 377 69 27 bygga
549 377 70 21 denna
635 377 54 21 bana
705 377 6 21 i
728 376 89 22 främsta
832 379 93 19 rummet

95 405 23 21 af
133 405 38 21 det
185 405 55 27 skäl,
255 407 34 19 att
303 405 35 21 vid
353 405 103 21 Vuoksen
471 405 69 21 finnes
557 412 27 14 en
594 405 80 26 mängd
684 405 70 21 forsar
764 405 40 21 och
814 412 48 14 man
871 405 54 27 hop-

94 434 68 26 pades
178 436 39 23 att,
234 434 28 21 dä
277 440 26 15 en
316 434 106 27 jernbana
438 433 70 22 blifvit
524 434 62 27 bygd,
603 434 106 21 industrin
725 436 60 19 snart
801 434 69 21 skulle
886 434 38 21 be-

110 470 54 20 agna
186 463 35 26 sig
241 462 24 22 af
284 462 98 22 forsarna
405 463 41 21 och
468 463 38 21 det
520 463 106 26 begväma
641 463 283 21 kommunikationsmedlet.

118 492 22 19 ot
160 490 60 21 detta
235 490 49 21 skäl
297 490 110 25 invändes,
424 492 33 19 att
472 490 71 21 banan
558 490 125 26 visserligen
699 490 97 21 kommer
812 492 32 19 att
859 489 65 22 blifva

94 519 104 24 rentabel,
217 521 36 19 när
271 519 24 21 de
312 519 128 21 industriela
456 519 182 26 anläggningarna
653 519 89 21 kommit
755 519 29 21 till
796 519 70 25 stånd,
875 525 50 15 men

93 547 118 26 ingalunda
225 547 65 21 förut.
312 547 67 21 Utom
392 547 130 27 nyssnämda
537 547 50 21 skäl
597 547 32 21 för
640 547 83 21 banans
732 547 119 27 byggande,
861 547 64 21 fram-

95 577 55 21 hölls
173 576 61 22 äfven
258 579 32 19 ett
313 579 72 24 annat,
400 577 107 26 nämligen
525 579 32 19 att
572 577 71 21 banan
659 577 70 21 skulle
744 576 65 22 blifva
826 577 98 21 rentabel

97 611 76 21 genom
196 605 165 21 turisttrafiken.
391 605 80 21 Härtill
494 605 104 21 svarades
621 607 40 23 att,
682 611 34 15 om
737 605 37 21 det
792 605 48 21 icke
855 605 68 21 finnes

95 634 67 26 nägot
184 635 66 19 annat
272 634 48 20 skäl
336 636 26 18 än
378 633 68 26 detta,
463 633 35 21 det
516 633 27 21 dä
558 640 51 15 vore
623 634 105 26 riktigare
743 635 33 19 att
791 633 40 21 den
847 634 77 20 Karel-

95 661 38 21 ska
149 661 155 21 hufvudbanan
319 661 5 21 i
342 661 33 21 sin
390 661 74 21 helhet
478 661 80 21 främst
572 661 85 21 komme
672 661 33 21 till
720 661 114 21 utförande
844 661 39 21 och
891 663 34 19 tu-

95 690 113 20 ristbanan
224 689 84 21 efterät.
332 689 28 21 Sä
376 689 129 27 uppfattade
518 690 38 26 jag
572 690 75 20 skälen
663 689 82 21 sädana
757 689 25 21 de
793 689 130 26 framhöllos,

96 717 26 21 dä
138 717 76 27 frägan
230 718 55 20 sista
301 718 84 26 gängen
400 724 39 14 var
453 717 55 27 före,
523 718 41 21 och
580 718 39 20 har
632 718 37 26 jag
684 718 57 20 velat
757 717 104 21 särskildt
876 717 47 21 der-

95 754 33 15 om
151 748 79 25 erinra,
254 747 26 21 dä
304 754 26 14 en
353 754 70 14 annan
445 747 138 27 uppfattning
598 748 58 26 gjort
670 748 33 26 sig
719 747 106 27 gällande,
842 748 82 20 hvilket

94 776 42 21 ock
157 775 103 27 framgätt
283 775 22 22 af
324 776 43 21 min
390 782 92 20 grannes
500 778 87 19 senaste
602 776 106 27 yttrande.
739 776 40 21 Om
796 776 82 21 säledes
897 776 27 21 de

94 804 142 21 ekonomiska
258 804 76 21 skälen
350 804 31 21 för
398 804 161 21 Imatrabanans
575 804 115 27 byggande
705 804 47 21 icke
768 806 37 19 äro
822 804 102 21 bevisade

94 833 42 21 och
158 832 103 27 erkända,
277 833 25 20 sä
315 833 71 26 ligger
400 833 47 20 häri
463 834 32 19 ett
510 833 124 26 ytterligare
650 832 48 21 skäl
712 832 35 22 för
761 832 163 29 presteständet

91 862 36 19 att
149 859 102 22 fasthälla
273 860 36 21 vid
331 860 40 21 den
388 860 63 26 äsigt,
468 862 34 19 att
516 860 70 21 denna
600 860 56 21 bana
671 860 39 21 bör
726 860 80 27 byggas
823 861 54 20 först
892 866 32 15 se-

94 895 58 19 nare,
177 888 66 21 sedan
261 888 41 22 den
318 889 108 25 egentliga
441 888 153 21 hufvudbanan
609 888 69 21 blifvit
692 888 116 27 fulländad,
825 889 52 20 eller
893 889 30 20 ät-

93 917 109 22 minstone
224 917 48 21 icke
295 917 43 21 förr
354 919 26 19 än
397 917 41 21 den
454 917 34 21 del
505 917 23 21 af
541 917 152 21 hufvudbanan
709 917 69 21 blifvit
792 917 130 26 fullbordad,

92 951 49 15 som
156 946 42 25 gär
210 945 48 21 frän
274 945 88 26 Wiborg
375 945 35 21 till
426 945 123 21 Sordavala.

162 974 90 21 Tohtori
268 973 81 22 Geitlin:
365 974 58 21 Minä
439 974 43 21 olin
498 974 69 21 silloin
582 974 21 27 ja
620 974 48 21 olen
684 974 94 21 vieläkin
788 974 42 21 sitä
841 974 80 26 mieltä,

92 1004 48 19 että
161 1002 224 21 kannattavaisuuden
410 1002 99 27 puolesta
532 1004 59 19 tämä
612 1008 26 15 on
655 1002 61 21 oleva
730 1008 64 21 paras
812 1008 36 15 osa
864 1002 58 21 koko

92 1031 104 26 Karjalan
218 1030 94 25 radasta,
334 1031 80 20 ensiksi
430 1031 68 20 siihen
513 1031 99 25 katsoen,
628 1032 49 19 että
690 1031 64 21 kovin
769 1030 71 27 paljon
858 1031 64 20 turis-

92 1059 45 27 teja
152 1059 59 21 tulee
227 1059 42 21 sitä
284 1059 130 21 kulkemaan
427 1059 23 27 ja
465 1059 91 21 toiseksi
572 1059 50 21 siitä
638 1061 78 25 syystä,
734 1061 45 19 että
790 1059 133 21 semmoinen

90 1089 51 19 rata
160 1087 64 21 tekee
244 1094 26 14 ne
287 1089 130 19 äärettömät
431 1087 88 25 voimat,
533 1087 63 27 jotka
611 1089 51 19 ovat
676 1087 169 21 sulkeutuneina
859 1087 64 21 Imat-

92 1122 38 14 ran
152 1116 104 26 koskeen,
279 1116 160 21 teollisuudelle
458 1116 154 27 hyödyllisiksi.
644 1116 55 21 Joka
715 1116 65 21 vaatii
796 1118 46 19 että
857 1116 65 21 Imat-

92 1150 52 15 raan
167 1144 79 21 ensiksi
262 1144 72 26 pitäisi
351 1146 101 24 perustaa
469 1144 165 21 suuremmoisia
649 1144 92 21 tehtaita
755 1144 22 27 ja
792 1144 52 21 sitte
859 1146 63 19 vasta

92 1173 106 20 rakentaa
213 1173 70 20 siihen
298 1173 125 26 rautatietä,
438 1172 44 21 hän
497 1173 95 20 minusta
608 1173 107 20 tavallaan
727 1173 101 26 ajattelee
839 1173 83 21 samoin

92 1201 52 21 kuin
160 1201 88 21 entinen
263 1203 102 19 tunnettu
381 1201 59 27 mies,
454 1201 53 27 joka
521 1201 107 21 ihmetteli
637 1201 102 21 Jumalan
752 1201 108 26 viisautta,
869 1201 52 27 joka

93 1229 71 27 ohjasi
188 1229 73 21 suuria
274 1229 60 27 jokia
349 1229 75 26 siihen,
439 1229 61 27 jossa
516 1229 27 21 oli
558 1231 125 25 perustettu
698 1229 114 26 mahtavia,
828 1229 93 21 rikkaita

92 1254 101 35 kaupunke
204 1258 31 26 ja.
478 1277 2 3 :

162 1285 98 21 Provasti
274 1285 73 21 Walle:
363 1285 75 21 Minun
453 1287 72 25 täytyy
541 1285 129 21 kerrassaan
688 1285 85 26 väittää,
789 1287 77 19 vasten
881 1285 39 27 yli-

92 1314 97 27 opettaja
212 1314 101 21 Geitlinin
336 1314 124 27 lausuntoa,
482 1316 45 19 että
546 1314 95 21 Imatran
662 1314 95 21 sivurata
771 1314 21 27 jo
808 1316 38 25 nyt
861 1314 59 21 tulisi

92 1343 98 20 olemaan
205 1343 154 26 kannattajana
375 1343 54 21 koko
446 1342 103 27 Karjalan
564 1342 87 21 radalle.
679 1343 69 20 Mutta
764 1343 89 20 samalla
868 1343 52 20 kuin

91 1371 44 21 sitä
157 1371 79 25 väitän,
258 1371 108 27 pyytäisin:
388 1371 93 21 vieläkin
504 1371 137 24 kannatusta,
662 1371 48 27 jota
730 1371 22 27 jo
774 1371 48 21 olen
842 1373 81 24 saanut

92 1399 86 21 ainakin
192 1399 90 27 yhdeltä
296 1399 118 27 puhujalta,
430 1399 99 27 puoleksi
545 1399 131 26 toiseltakin,
691 1399 173 21 ehdotukselleni
875 1401 45 19 että

90 1428 141 27 pappissääty
254 1428 89 21 sittekin
365 1428 109 26 päättäisi,
498 1430 46 19 että
560 1428 54 21 koko
632 1428 102 26 Karjalan
749 1428 110 26 pääradan
875 1425 46 24 val-

92 1456 114 21 mistuttua
222 1462 25 15 on
264 1456 94 21 Imatran
375 1458 46 19 rata
437 1456 161 21 rakennettava.
623 1456 59 21 Minä
697 1456 106 27 pyytäisin
819 1456 42 21 sitä
870 1456 50 21 siitä

90 1486 74 25 syystä
180 1487 52 23 että,
245 1485 35 26 jos
297 1485 101 20 tällainen
414 1484 82 27 säädyn
512 1486 75 25 päätös
604 1485 77 26 löytyy,
698 1485 42 20 niin
757 1485 57 20 minä
826 1485 46 21 olen
883 1491 37 14 va-

91 1513 103 21 kuutettu
211 1525 25 3 —
253 1513 69 21 koska
336 1513 21 27 jo
374 1515 38 25 nyt
425 1513 113 27 kysellään
552 1513 90 21 koskien
658 1513 74 21 hintaa
742 1525 27 3 —
783 1515 45 19 että
843 1513 77 21 koskia

90 1543 102 19 ostetaan
206 1541 21 27 ja
244 1541 216 21 teollisuuslaitoksia
476 1541 68 21 siihen
559 1541 111 26 laitetaan,
688 1543 66 19 mutta
768 1541 36 27 jos
816 1543 56 19 tämä
882 1541 38 27 jää
