1111 1800
41 1729 17 48 —n

272 157 56 19 1414
576 158 82 17 Toukok.
676 156 25 19 18
716 164 18 17 p.

1042 207 3 11 U

243 220 89 26 Sverge,
350 220 22 21 sä
388 220 61 21 torde
467 220 25 21 de
510 226 48 15 vara
575 220 166 26 undantagsfall.
769 220 47 21 Men
833 219 70 22 skulle
920 220 38 21 den
976 226 27 15 nu
1014 219 53 22 före-

243 248 75 27 slagna
340 248 135 21 arbetstiden
497 248 48 21 icke
566 254 48 16 vara
637 248 38 21 den
692 248 63 21 bästa
770 248 33 21 för
819 248 38 21 den
875 254 56 21 unga
948 248 120 25 arbetaren,

243 279 53 18 utan
318 277 38 21 det
375 276 67 27 enligt
459 283 46 15 mer
520 276 85 22 erfarna
619 283 115 20 personers
750 276 65 27 insigt
830 276 40 22 och
886 276 97 22 förständ
999 276 69 22 skulle

243 312 51 15 vara
317 306 72 21 bättre
411 306 33 21 för
467 306 64 21 dessa
550 306 101 21 arbetare
665 308 33 19 att
713 306 135 21 arbetstiden
864 306 114 26 förlänges,
995 306 24 21 sä
1035 306 33 21 mä

243 335 28 20 dä
293 341 67 20 gerna
382 334 32 22 för
437 334 42 27 mig
499 334 59 22 tiden
577 334 119 22 förändras.
725 334 42 27 Jag
781 334 97 21 kommer
893 334 48 22 icke
957 336 33 19 att
1005 334 64 27 lägga

243 363 27 27 pä
292 362 82 27 hjertat
395 369 34 14 om
454 363 36 21 det
510 362 82 22 afvikes
611 362 46 21 frän
672 362 257 22 utskottsbetänkandets
944 362 87 27 förslag,
1047 364 22 25 ty

243 391 127 21 arbetarens
392 391 65 21 bästa
479 391 56 21 hade
551 391 36 27 jag
607 391 33 21 för
655 393 83 25 ögonen
755 391 33 21 vid
803 391 120 21 utskottets
940 391 129 27 behandling

243 420 23 21 af
287 420 71 21 denna
376 420 67 26 fräga,
461 420 123 21 arbetarens
607 420 61 21 bästa
688 420 48 21 ville
750 420 37 26 jag
804 420 64 21 ocksä
886 426 27 15 nu
929 420 139 21 understöda.

312 448 133 26 Yliopettaja
467 448 100 20 Kihlman:
597 448 50 21 Med
669 448 115 26 anledning
802 448 23 20 af
844 448 89 21 Prosten
952 448 117 20 Forsmans

243 476 113 21 uttalande
375 476 66 21 beder
458 476 38 27 jag
513 476 22 21 fä
551 476 76 26 erinra,
644 478 32 19 att
691 482 48 15 man
755 476 48 21 icke
819 476 55 21 blott
889 476 39 21 har
943 478 32 19 att
991 476 79 24 frukta,

243 507 33 19 att
292 505 71 21 denna
378 505 13 25 &
407 504 69 22 skulle
492 504 97 22 medföra
605 505 25 21 de
646 511 56 20 unga
719 505 124 21 arbetarnes
859 504 142 24 afskedande,
1019 506 51 19 utan

243 536 32 19 att
300 533 35 21 det
356 535 24 19 är
397 533 86 21 alldeles
501 533 74 21 säkert
590 535 32 19 att
639 533 61 21 dessa
716 533 106 26 arbetare,
839 539 34 15 om
890 533 26 21 de
931 533 51 21 icke
998 533 72 21 kunna

244 561 110 21 användas
373 561 6 21 i
400 561 27 21 de
442 561 101 26 fabriker,
561 567 45 15 som
621 561 77 21 arbeta
713 563 25 19 12
755 561 85 21 timmar
855 567 34 15 om
906 561 79 27 dagen,
1002 561 69 21 måste

242 590 66 21 blifva
324 590 123 21 afskedade,
473 590 41 26 Jag
529 590 78 21 tänker
623 590 48 21 med
687 590 92 26 verkligt
794 590 125 27 bekymmer
933 590 28 26 pä
972 590 41 21 den
1022 590 48 26 dag,

245 618 27 21 dä
295 618 61 21 detta
378 618 55 21 skall
456 618 48 21 dem
527 618 116 21 förkunnas
667 618 38 21 och
727 618 25 21 de
775 618 85 21 säledes
881 618 59 21 skola
956 618 115 26 bortvisas,

244 647 90 21 emedan
350 647 62 26 lagen
429 647 46 21 icke
491 647 81 21 tillåter
588 647 47 21 dem
650 647 83 21 arbeta.
760 647 11 20 J
787 647 61 21 dessa
857 647 110 21 arbetares
977 647 93 21 intresse

243 676 67 21 beder
331 676 38 26 jag
391 675 124 27 ytterligare
537 675 23 21 fä
581 675 59 21 fästa
659 676 97 21 ständets
775 675 193 27 uppmärksamhet
986 676 28 26 pä
1030 675 41 21 den

244 704 82 27 viktiga
349 704 142 27 bestämning,
515 710 46 15 som
578 704 71 21 finnes
666 704 6 21 i
690 704 40 21 den
746 704 66 21 redan
828 704 116 27 godkända
961 705 11 20 7
989 705 19 26 8,
1025 710 46 15 som

244 734 40 25 gör
306 734 38 25 att,
365 732 6 21 i
388 732 37 21 fall
439 739 59 20 unga
511 739 107 20 personer
631 732 69 22 skulle
715 734 54 25 taga
783 732 69 21 skada
866 732 23 21 af
903 733 92 26 arbetet,
1010 732 61 21 faran

244 761 7 21 i
268 761 60 21 detta
341 760 39 22 fall
395 763 23 19 är
435 761 64 21 redan
515 761 112 27 förebygd.

312 813 177 32 Äänestysesitys:
519 818 57 21 Joka
602 818 109 27 hyväksyy
737 820 12 19 8
772 818 36 26 &:n
831 818 118 21 mietinnön
973 818 99 26 niukaan,

244 847 77 19 vastaa
335 845 45 27 jaa;
625 872 4 3 N

310 875 36 26 jos
362 875 18 21 ei
396 875 86 26 voittaa,
500 881 25 15 on
542 875 87 26 työaika
643 875 126 26 pidennetty
786 877 26 19 14
828 875 104 21 tunniksi.

314 931 86 21 Päätös:
430 931 24 21 19
477 931 114 21 ei-äänellä
614 931 25 21 14
659 931 109 27 jaa-ääntä
787 933 90 19 vastaan
891 931 104 27 hyväksyi
1012 933 61 25 sääty

245 960 99 27 pykälän,
362 959 105 22 muuttaen
483 960 53 21 siinä
553 960 70 21 olevan
641 960 25 20 13
682 959 70 22 tunnin
768 959 127 28 työajan
865 955 27 36 14
910 959 97 22 tunniksi.

633 1012 12 19 9
661 1011 19 25 8.

316 1044 129 27 Yliopettaja
468 1044 99 21 Kihlman:
599 1044 38 21 Om
662 1050 25 15 en
705 1044 37 27 lag
762 1044 67 21 sådan
844 1050 46 15 som
906 1044 72 21 denna
997 1044 78 21 inlåter

246 1072 33 27 sig
301 1073 27 26 på
352 1072 72 22 alltför
446 1079 125 20 noggranna
593 1072 168 27 bestämningar,
786 1072 96 22 kommer
904 1073 39 21 den
961 1074 33 19 att
1009 1072 66 22 verka

246 1103 119 19 motsatsen
390 1101 22 21 af
431 1101 56 21 hvad
506 1101 41 21 den
563 1101 36 21 vill
615 1101 72 21 verka.
717 1101 44 27 Mig
776 1107 63 21 synes
857 1101 70 21 såsom
944 1101 72 21 skulle
1034 1101 41 21 den

245 1129 122 27 föreslagna
389 1129 62 27 lagen
475 1129 31 21 uti
530 1131 11 19 9
565 1129 10 27 $
594 1129 63 21 hafva
675 1129 53 22 felat
740 1130 46 26 just
802 1129 136 26 härutinnan,
955 1129 6 21 i
978 1130 37 21 det
1033 1130 42 21 den

246 1158 66 21 infört
323 1158 162 27 bestämningar
493 1158 110 27 angående
612 1158 136 26 rasttiderna,
757 1170 29 3 —
794 1158 167 27 bestämningar,
971 1164 47 15 som
1026 1158 49 21 icke

246 1188 38 19 äro
306 1186 114 27 behöfliga.
450 1187 43 21 Det
515 1186 69 27 ligger
606 1186 105 27 nemligen
731 1186 6 21 i
758 1186 74 27 hvarje
847 1186 160 27 fabriksegares
1024 1188 52 25 eget

245 1215 95 21 intresse
356 1217 32 19 att
404 1215 63 21 ställa
483 1215 131 21 rasttiderna
630 1215 31 26 så,
677 1217 32 19 att
726 1215 126 21 arbetarena
867 1217 39 19 äro
916 1215 159 26 välförmögna

244 1244 36 20 till
294 1244 82 28 arbete.
401 1243 46 22 Här
462 1244 91 21 föreslås
570 1244 124 26 emellertid,
710 1246 35 19 att
759 1250 26 15 en
799 1246 48 19 rast
861 1244 40 21 bör
915 1244 75 21 infalla
1001 1246 76 19 senast

237 1272 85 21 -4-0och
347 1272 34 21 en
392 1277 74 23 annan
485 1274 74 19 senast
575 1274 11 19 9
603 1272 85 21 timmar
703 1272 55 21 efter
773 1272 96 21 arbetets
886 1272 81 27 början.
999 1272 76 21 Såsom

244 1301 38 26 jag
306 1301 66 21 redan
395 1300 55 22 hade
469 1302 54 19 äran
541 1302 118 25 omnämna,
677 1301 86 21 arbetas
779 1300 6 21 i
802 1301 26 21 de
844 1302 69 20 större
929 1300 125 22 fabrikerna
1069 1300 6 21 i

247 1329 75 21 landet
345 1329 26 26 på
392 1329 170 26 eftermiddagen
579 1329 48 21 från
646 1330 12 19 2
674 1329 31 20 till
722 1331 11 19 5
750 1329 116 25 oafbrutet,
884 1329 26 26 på
926 1329 150 26 förmiddagen

245 1357 49 21 från
310 1359 12 19 5
339 1357 33 21 till
389 1359 9 19 1
416 1357 46 21 med
481 1364 24 14 en
521 1357 84 21 timmes
622 1359 45 19 rast
682 1357 77 21 mellan
776 1359 11 19 8
805 1357 38 21 och
861 1359 18 19 9.
904 1357 173 27 Bestämningen

247 1385 38 21 här
300 1385 98 22 kommer
414 1385 84 22 således
513 1385 49 22 icke
579 1387 32 19 att
627 1386 75 21 beröra
718 1385 128 26 fabrikerna,
860 1385 53 21 hvad
930 1386 61 21 deras
1001 1386 75 21 arbete

247 1413 103 22 beträftar
364 1414 28 27 på
408 1414 153 27 förmiddagen,
579 1420 47 15 men
638 1414 33 21 väl
682 1414 27 27 på
721 1414 175 27 eftermiddagen.
921 1414 74 27 Enligt
1007 1414 69 21 denna

247 1443 138 26 bestämning
408 1443 67 21 borde
500 1443 84 21 således
605 1449 26 15 en
647 1445 46 19 rast
707 1443 82 21 införas
803 1443 92 21 klockan
912 1443 78 21 mellan
1007 1445 11 19 6
1037 1443 40 21 och

247 1472 12 20 7
275 1471 33 21 för
323 1473 33 19 att
371 1471 85 21 arbetet
471 1471 123 21 sedermera
609 1471 71 21 kunde
695 1471 105 21 fortsätta
814 1477 26 15 en
856 1471 73 21 timme
946 1471 33 20 till
996 1473 11 19 8
1024 1471 54 21 eller

246 1498 57 27 1/,.8.
333 1500 32 20 En
382 1500 67 20 sådan
465 1499 136 27 bestämning
617 1499 39 22 hör
671 1499 168 27 uppenbarligen
856 1499 32 21 till
905 1499 86 22 klassen
1007 1499 23 21 af
1038 1500 38 20 be-

247 1528 139 27 stämningar,
410 1528 71 21 hvilka
505 1528 27 27 gå
554 1528 75 27 längre
648 1530 27 19 än
692 1528 116 21 omtanken
821 1528 36 21 för
870 1528 128 21 arbetarens
1014 1528 64 21 helsa
