1104 1787
376 139 83 17 Toukok.
477 137 26 19 15
520 145 18 17 p.
795 139 54 20 1271

48 201 148 21 rätthällande
211 201 29 27 pä
252 201 84 27 jorden,
353 208 48 14 men
417 200 86 22 straffet
517 201 43 21 kan
572 201 104 26 derjemte
687 201 46 21 afse
746 202 40 20 den
798 201 82 21 brotts-

50 230 54 26 liges
120 229 135 27 förbättring.
288 229 38 21 Om
341 229 30 26 pä
387 229 69 26 nägon
473 229 31 20 tid
520 229 121 21 och-under
651 229 69 26 nägra
731 228 147 22 förhällanden

49 257 72 22 denna
136 257 129 27 förbättring
281 258 55 21 visst
352 258 39 21 bör
408 257 61 26 afses,
489 258 23 21 sä
528 260 24 19 är
568 258 38 21 det
622 258 32 21 vid
668 258 38 21 den
719 258 60 21 älder
789 257 24 22 af
820 264 60 15 men-

50 286 89 21 niskans
161 286 26 21 lif
209 286 26 21 dä
257 286 126 21 menniskan
407 288 56 19 ännu
481 286 44 21 kan
540 286 61 27 böjas
617 286 35 21 till
667 286 37 21 det
719 286 79 22 bättre.
828 287 52 20 Man

49 314 41 21 har
105 314 95 26 invändt,
216 316 33 19 att
264 314 20 21 vi
300 316 57 19 ännu
372 314 49 21 icke
441 314 63 21 hafva
523 314 127 27 tillräckligt
665 314 167 21 straffanstalter
847 314 33 21 för

51 349 56 20 unga
129 342 125 27 förbrytare.
285 342 40 27 Jag
351 344 24 19 är
398 342 55 21 dock
477 342 125 27 öfvertygad
627 349 39 20 om,
692 344 30 19 att
741 343 82 20 sådana
837 342 42 21 lätt

49 371 75 21 kunna
145 371 32 21 fäs
201 371 32 21 till
252 371 71 27 ständ,
339 371 86 27 mycket
440 371 80 21 lättare
536 373 15 19 t.
569 377 19 15 o.
604 378 27 14 m.
648 373 27 19 än
692 371 63 21 dessa
771 371 109 27 fängelser

51 399 33 22 för
109 400 24 21 de
157 399 114 27 fullvuxna,
294 399 32 22 för
350 400 84 21 hvilkas
457 400 131 21 tillvexande
611 400 59 21 antal
693 406 46 15 man
762 400 49 21 med
833 400 48 21 skäl

49 427 93 22 fruktar.
172 428 41 27 Jag
228 430 48 19 tror
290 428 68 21 också
373 430 34 19 att
421 428 22 27 ju
460 435 45 14 mer
521 428 48 21 vårt
584 428 52 21 land
652 428 39 21 och
702 428 48 21 vårt
759 428 46 21 folk
816 428 64 21 offrar

51 456 28 26 pä
96 456 104 21 anstalter
215 456 32 21 för
263 463 57 20 unga
334 456 127 27 förbrytare,
477 456 34 21 för
525 456 66 21 barns
607 456 136 27 förbättring,
760 456 49 21 dess
825 456 54 21 min-

50 484 40 22 dre
105 484 103 22 behöfver
227 485 62 21 detta
307 484 50 21 land
376 484 40 21 och
433 485 60 21 detta
508 484 46 21 folk
569 484 54 21 offra
638 485 27 26 pä
680 484 109 27 fängelser
803 484 35 22 för
853 485 25 21 de

49 513 122 26 fullvuxna.
201 513 43 21 Det
259 515 24 19 är
299 513 23 21 af
335 513 41 27 själ
393 513 40 21 och
449 513 70 27 hjerta
533 513 37 27 jag
587 513 101 21 omfattar
703 513 68 21 första
782 519 97 15 reserva-

52 541 73 21 tionen
141 541 5 21 i
163 541 140 21 förevarande
326 541 75 27 punkt.
431 541 41 27 Jag
495 543 25 19 är
543 541 125 27 öfvertygad
687 547 34 15 om
737 543 38 24 att,
793 547 33 15 om
842 541 38 21 nä-

49 570 80 26 gonsin
144 570 71 20 säsom
232 571 30 20 ett
279 569 148 21 sidoändamäl
443 570 48 21 med
508 569 85 22 straffet
608 569 130 27 förbättring
749 569 55 21 skall
814 569 65 26 afses,

51 598 39 21 det
111 598 46 27 just
180 600 23 19 är
225 598 50 21 med
295 598 101 21 afseende
413 598 12 21 å
441 598 65 21 dessa
520 604 59 21 unga
594 598 37 21 det
646 598 55 21 skall
717 598 39 21 ske
772 598 46 26 och,
836 598 44 21 oaf-

49 627 52 21 sedt
117 628 34 19 att
166 626 147 22 enskildheter
328 627 5 20 i
350 626 167 27 formuleringen
539 626 22 21 af
578 626 106 27 förslaget
699 626 71 22 kunde
788 626 41 21 täla
846 628 33 19 att

50 656 101 20 närmare
173 654 79 21 tänkas
273 655 35 26 pä,
325 654 100 21 omfattar
439 654 37 27 jag
491 654 87 21 likväli
595 655 83 26 princip
694 655 129 26 obetingadt
839 655 40 21 den

49 683 70 22 första
135 684 168 21 reservationen.

120 712 99 21 Provasti
243 712 127 26 Rosengren:
400 712 59 21 Minä
480 712 126 26 puolestani
629 712 110 21 kannatan
761 711 118 27 professori

51 740 125 21 Forsmanin
194 740 118 21 lausunnon
330 740 109 27 sisällystä
455 740 92 27 yleensä,
563 740 24 27 ja
603 740 42 21 niin
656 740 101 21 muodoin
769 740 110 27 hyväksyn

51 771 74 18 tämän
148 769 93 27 pykälän
265 769 52 21 sekä
340 775 52 15 arm.
415 769 108 27 esityksen
540 771 46 19 että
602 769 143 21 valiokunnan
761 769 119 21 mietinnön

51 797 173 21 muodostuksen
246 797 100 21 mukaan.
376 797 54 21 Mitä
453 797 58 21 tulee
531 797 76 25 siihen,
627 799 47 19 että
688 797 193 21 ruumiinrankais-

52 827 60 19 tusta
128 825 43 21 niin
187 825 144 26 kammotaan,
353 824 59 22 ett'ei
433 825 113 21 ollenkaan
560 825 77 27 lapsia,
653 825 19 21 ei
687 825 116 26 niitäkään,
817 825 63 27 jotka

54 854 49 19 ovat
118 853 197 21 ilkivaltaisuuteen
331 855 118 24 uupuneet,
465 853 72 26 pitäisi
554 853 115 25 rankaista,
687 853 42 20 niin
745 853 72 21 minun
833 855 46 25 täy-

51 884 38 25 tyy
105 888 65 15 sanoa
187 884 45 19 että
247 882 58 27 kyllä
321 882 56 20 minä
392 882 71 26 riipun
478 882 65 20 kiinni
556 882 106 21 vanhassa
673 882 120 21 lauseessa:
811 882 70 26 ,vitsa

38 926 3 2 -
51 910 93 27 lapselle
156 910 22 27 ja
193 910 80 21 ruoska
288 910 91 26 oriille,
394 910 50 21 sillä
460 910 57 27 kyllä
533 910 71 27 lapset
618 910 44 21 sitä
672 910 135 21 tarvitsevat.
829 910 51 21 Jota

53 938 167 22 alhaisemmalla
239 938 188 27 kehityskannalla
444 938 96 22 ihminen
554 945 35 19 on,
604 939 44 20 sitä
662 938 120 27 tärkeämpi
797 945 28 14 on
840 938 42 22 sel-

52 967 72 21 lainen
139 967 116 27 menettely
271 967 56 25 sille,
342 969 48 19 että
409 973 24 15 se
453 967 117 20 ikäänkuin
587 969 102 19 tuntonsa
703 967 80 21 kautta
797 967 83 21 havait-

51 1001 38 15 see
107 995 133 27 eksyneensä
255 995 21 27 ja
292 1001 38 15 sen
345 995 78 21 kautta
438 995 58 21 tulee
509 995 150 27 johdatetuksi
673 997 150 25 möyntämään
835 997 46 19 että

53 1023 71 22 hänen
147 1023 58 22 tulee
229 1023 105 22 oikeuden
357 1024 79 21 edessä
458 1024 81 26 taipua.
569 1024 54 20 Mitä
642 1023 57 22 tulee
716 1025 60 19 tässä
791 1024 88 27 tehtyyn

53 1052 129 27 esitykseen,
201 1054 46 19 että
262 1052 167 21 rankaistuksen
445 1052 55 21 siinä
516 1052 148 26 tapauksessa,
682 1054 46 19 että
744 1052 137 21 vanhemmat

51 1080 60 21 eivät
126 1080 65 21 tohdo
209 1080 42 21 sitä
266 1080 73 26 tehdä,
354 1080 73 27 pitäisi
443 1080 106 27 tapahtua
564 1080 50 25 niin,
631 1082 46 19 että
691 1086 25 15 se
729 1080 109 21 voitaisiin
848 1082 33 19 to-

52 1109 73 20 distaa
140 1108 173 27 tapahtuneeksi,
330 1109 43 20 niin
389 1109 58 20 minä
462 1109 84 26 pyydän
561 1108 142 21 huomauttaa
719 1110 46 20 että
775 1108 44 21 kun
830 1115 50 14 van-

53 1137 96 21 hemmat
165 1139 88 19 antavat
268 1137 69 21 vitsaa
352 1137 98 27 lapselle,
467 1143 24 15 se
507 1137 19 21 ei
543 1137 120 21 enimmästi
674 1137 152 27 tapahdukaan
837 1137 44 21 niin

52 1166 87 21 kahden
156 1166 89 21 kesken.
267 1166 66 27 Kyllä
347 1172 24 15 se
385 1166 62 21 usein
464 1166 105 26 tapahtuu
584 1166 52 25 niin,
647 1168 46 19 että
703 1166 56 21 koko
771 1166 110 21 talonväki

53 1200 40 15 saa
115 1200 38 15 sen
178 1194 76 21 nähdä.
286 1194 80 26 Lapset
386 1196 50 19 ovat
451 1196 110 19 tottuneet
575 1194 75 25 siihen,
667 1196 46 19 että
728 1194 58 27 kyllä
802 1194 80 21 heidän

53 1222 193 21 rankaistuksensa
262 1228 27 15 on
302 1222 99 27 jotenkin
415 1222 96 27 julkinen
525 1222 22 27 ja
564 1222 43 21 kun
623 1222 19 21 ei
659 1222 33 21 ole
708 1222 113 26 tarkoitus,
836 1224 47 19 että

54 1251 27 21 he
105 1250 106 22 vietäisiin
234 1252 115 19 raastuvan
373 1250 100 27 trapuille
497 1251 30 20 tai
549 1250 96 21 muuhun
664 1250 93 27 yleiseen
773 1250 108 27 paikkaan

54 1279 167 26 häväistäväksi,
238 1285 55 15 vaan
309 1285 22 15 se
347 1279 106 27 tapahtuu
468 1279 124 21 huoneessa
607 1279 55 21 siinä
677 1279 124 27 perheessä,
814 1279 68 27 johon

54 1308 56 26 lapsi
133 1308 88 25 kuuluu,
246 1308 77 21 vaikka
349 1308 54 21 siinä
427 1308 64 21 onkin
513 1308 122 27 joitakuita,
649 1308 62 26 jotka
727 1314 38 15 sen
780 1308 101 26 näkevät,

55 1336 44 20 niin
115 1342 23 15 se
155 1336 19 21 ei
189 1336 34 20 voi
238 1335 91 21 loukata
350 1335 75 27 lapsen
449 1337 77 19 tuntoa
549 1335 121 27 ollenkaan,
690 1336 19 21 ei
730 1335 152 21 vähintäkään.

54 1364 55 21 Mitä
125 1364 57 21 tulee
199 1364 68 21 siihen
283 1366 46 19 että
345 1364 39 21 hra
399 1364 56 27 Lyra
471 1366 60 19 tässä
547 1364 44 21 niin
607 1364 69 21 liiaksi
693 1364 63 21 kehui
775 1364 53 21 niitä
843 1364 38 21 lai-

55 1392 72 21 toksia
148 1392 70 27 lapsia
238 1394 81 24 varten,
333 1392 62 27 jotka
410 1393 119 20 osoittavat
545 1393 138 21 erinomaista
698 1393 133 26 taipumusta
845 1399 39 20 pa-

55 1421 63 26 haan,
142 1421 45 20 niin
205 1421 89 21 minulla
309 1427 27 15 on
353 1427 23 15 se
393 1421 76 26 ajatus,
486 1421 61 21 ett'ei
561 1421 66 21 niistä
642 1421 122 21 sentähden
778 1421 35 21 voi
828 1421 55 20 niin-

55 1449 58 21 kään
135 1449 72 27 paljon
229 1449 71 27 hyvää
323 1449 59 26 tulla,
403 1449 51 21 kuin
471 1451 85 19 saattaa
570 1449 76 26 luulla,
661 1449 50 21 sillä
726 1450 19 21 ei
761 1449 122 27 perhe-elä-

56 1480 48 18 mää
119 1478 22 27 ja
157 1478 126 26 perheoloja
306 1478 33 21 voi
363 1478 86 21 mikään
469 1478 88 26 paikata
579 1478 31 21 tai
625 1478 44 21 sitä
684 1480 89 25 täyttää,
790 1478 53 21 mitä
858 1484 28 15 ne

55 1506 73 21 voivat
151 1508 70 19 antaa.
252 1506 53 21 Sillä
327 1506 95 21 ihminen
445 1512 28 15 on
495 1506 96 21 niinkuin
611 1506 73 21 kaikki
703 1506 104 26 muutkin,
821 1506 63 27 jotka
