1126 1788
250 151 54 20 1446
549 155 83 18 Toukok.
650 153 24 19 19
690 161 19 17 p.

220 219 46 19 että
289 217 139 27 pappissääty
451 217 122 27 hyväksyisi
589 217 122 26 momentin,
724 217 48 26 jota
788 223 26 15 en
830 217 92 26 toivoisi,
938 217 44 21 niin
997 217 49 21 roh-

220 246 67 21 kenen
305 248 77 24 pyytää
399 248 45 19 että
459 245 139 27 pappissääty
615 245 131 21 kumminkin
762 245 186 27 hyväksyessänsä
956 245 90 21 lausuisi

221 280 37 15 sen
274 274 163 27 mielipiteensä.
454 277 45 19 että
514 281 24 15 se
555 274 19 22 ei
589 274 95 27 hyväksy
700 274 41 21 sitä
758 274 117 26 mietintöä,
889 274 67 27 jonka
971 281 74 20 perus-

220 303 95 21 tuksella
330 305 59 19 tämä
405 305 11 19 3
432 301 12 29 &
461 302 226 27 yhteensovituksessa
704 308 27 15 on
747 302 136 33 rakennettu,
899 302 44 21 niin
955 305 45 19 että
1008 302 37 21 siis

219 331 98 27 säätyjen
333 331 144 21 vastaukseen
493 338 52 14 arm.
562 331 122 27 esitykseen
700 331 18 21 ei
735 331 50 21 saisi
801 331 54 21 tulla
870 333 58 19 tämä
944 327 102 47 motivee-

219 365 58 20 raus,
290 359 52 26 joka
357 359 227 27 yhteensovituksessa
601 365 26 15 on
644 359 112 21 olemassa.

289 404 119 21 Professori
425 404 101 27 Räbergh:
551 404 41 27 Jag
608 404 106 21 erkänner
729 404 32 21 till
776 404 51 21 fullo
843 406 34 19 att
891 388 156 43 motiveringen

220 433 40 21 här
282 432 77 22 liksom
381 433 28 26 pä
424 433 77 26 mänga
517 433 67 21 andra
600 433 76 21 ställen
692 433 5 20 i
714 432 141 22 förevarande
872 433 135 21 betänkande
1024 435 24 19 är

220 461 86 27 mycket
327 461 104 21 haltande
454 461 39 21 och
511 461 51 21 ville
578 461 82 21 derföre
677 462 6 20 i
698 462 69 21 likhet
781 462 49 21 med
843 462 153 27 kyrkoherden
1010 462 37 21 Jo-

220 489 96 22 hansson
332 490 79 21 föreslä
427 492 37 24 att,
481 490 6 21 i
502 490 36 21 fall
554 490 162 27 presteständet
731 490 73 21 säsom
812 490 38 27 jag
859 490 85 27 hoppas
952 490 95 27 godkän-

221 524 38 15 ner
275 518 60 21 detta
352 520 99 24 moment,
468 518 154 27 motiveringen
639 518 66 21 mätte
722 518 84 26 ändras,
823 520 22 25 ty
862 518 36 21 det
914 518 72 24 motiv,
1001 524 47 15 som

219 547 42 21 här
275 547 106 27 äberopas
396 548 24 20 af
435 547 113 26 utskottet,
564 547 108 26 nämligen
689 547 118 21 dissenters
824 547 122 27 fattigdom,
962 548 39 20 bör
1017 547 31 21 in-

219 575 95 27 galunda
337 575 68 26 enligt
426 575 43 21 min
489 575 64 21 tanke
569 582 51 14 vara
636 582 26 14 en
678 575 113 27 tillräcklig
806 575 76 27 grund,
898 575 86 21 hvarför
999 582 48 20 pre-

221 604 123 21 steständet
366 606 39 25 gör
427 604 40 21 här
486 604 127 27 ifrägasatta
629 604 155 27 medgifvande.
814 605 44 21 Det
874 604 53 26 skäl,
945 610 45 15 som
1005 604 43 21 för-

221 632 46 21 mär
287 632 42 26 mig
346 634 31 19 att
394 632 38 21 här
447 631 86 22 förorda
550 634 30 19 ett
596 632 194 26 tillmötesgäende,
807 634 24 19 är
845 631 88 22 framför
949 632 38 21 allt
1003 632 44 25 det,

222 663 32 18 att
274 660 39 27 jag
332 661 49 22 ville
401 662 82 21 bereda
504 662 22 20 ät
541 662 105 26 styrelsen
662 661 111 27 möjlighet
787 664 34 18 att
835 661 7 21 i
859 661 58 21 vissa
932 661 65 21 svära
1011 661 38 21 fall

220 690 73 21 kunna
316 690 86 26 vidtaga
418 690 101 25 åtgärder
533 689 33 22 för
580 689 100 22 förandet
695 689 23 22 af
731 689 237 33 fackförteckningarne
983 690 6 20 i
1006 690 43 21 dis-

221 718 259 27 senterförsamlingarna.
510 719 49 20 Man
582 718 71 22 kunde
674 718 23 27 ju
713 718 107 27 nämligen
835 718 69 21 tänka
919 718 33 27 sig
968 721 31 19 ett
1015 719 34 20 sä-

222 746 52 21 dant
296 746 43 26 fall,
364 748 32 19 att
419 748 90 19 senaten
528 746 80 21 tilläter
624 753 26 15 en
666 732 131 46 dissenters.
801 747 125 27 församling
942 749 34 19 att
992 747 58 21 bilda

222 775 34 27 sig
271 775 40 21 och
327 763 32 33 att
376 775 69 21 denna
461 773 244 28 dissentersförsamling
720 776 33 21 till
768 782 25 15 en
810 776 74 27 början
897 782 53 20 eger
959 782 25 15 en
993 776 57 21 före-

221 804 109 26 ständare,
353 804 86 21 hvilken
464 804 26 27 pä
514 806 30 19 ett
568 803 106 27 nöjaktigt
695 806 42 18 sätt
754 803 32 22 för
802 804 65 21 dessa
881 803 168 27 förteckningar,

222 838 46 15 men
285 831 163 22 förhällandena
464 832 84 21 ändras.
578 832 171 21 Föreständaren
765 832 61 22 faller
842 833 72 21 undan
931 833 40 21 och
988 839 62 15 sena-

221 863 48 19 tens
285 860 278 27 ecklesiastik-expedition,
581 861 26 20 dä
623 861 48 24 den,
687 861 71 21 säsom
769 860 169 27 dissenterlagen
950 861 39 20 har
998 860 54 22 före-

221 889 71 26 slagit,
313 889 127 21 verkställer
456 889 109 21 visitation
579 889 56 21 inom
651 889 268 28 dissenterförsamlingen,
934 889 69 21 finner
1019 891 31 19 att

221 918 188 27 förteckningarna
425 921 36 19 äro
479 918 59 22 förda
555 918 26 26 pä
598 919 31 20 ett
644 920 79 24 ytterst
738 917 74 22 vitiöst
827 920 51 23 sätt,
892 918 23 21 sä
928 918 80 25 vitiöst,
1019 920 32 19 att

223 946 62 22 deras
300 946 89 22 förande
405 946 48 22 icke
468 946 82 22 lemnar
566 947 39 21 den
623 947 102 21 säkerhet
739 946 35 22 för
788 946 57 21 vissa
859 946 135 27 rättsfrägor,
1005 953 46 15 som

222 975 55 21 dock
301 977 24 19 är
347 975 89 21 alldeles
456 975 134 26 nödvändig;
607 975 5 20 i
629 975 71 27 dylika
715 975 36 21 fall
768 975 69 21 skulle
854 975 106 27 styrelsen
976 975 54 21 räka
1045 975 6 20 i

221 1003 143 25 mellanhand,
389 1009 33 16 om
448 1004 37 21 den
511 1003 47 22 icke
578 1003 56 22 hade
649 1004 70 26 nägon
736 1006 66 24 utväg
818 1006 31 18 att
866 1003 105 22 öfverläta
988 1003 64 22 dessa

221 1032 173 27 förteckningars
417 1032 89 21 förande
530 1032 22 21 ät
574 1038 110 21 personer,
708 1032 71 21 hvilka
798 1034 37 19 äro
856 1032 71 21 dertill
943 1032 52 21 fullt
1008 1032 42 21 för-

222 1062 84 25 mögna.
328 1061 44 21 Det
388 1063 24 18 är
428 1060 60 22 detta
504 1060 186 26 betraktelsesätt,
708 1067 42 15 som
768 1060 80 22 förmär
864 1060 42 27 mig
923 1063 31 18 att
965 1060 87 22 förorda

222 1088 141 22 förevarande
382 1091 100 23 moment,
498 1088 71 21 fastän
582 1088 44 27 jag,
643 1089 71 20 säsom
728 1088 37 27 jag
780 1089 67 21 redan
864 1089 84 25 nämde,
966 1088 34 21 vid
1017 1095 35 14 sa-

222 1118 54 20 kens
292 1117 130 27 behandling
437 1117 5 21 i
458 1117 108 21 utskottet
582 1124 37 14 var
633 1117 6 21 i
656 1117 142 22 minoriteten.
820 1118 44 26 Jag
874 1120 42 19 tror
926 1117 126 27 visserligen

222 1148 33 19 att
274 1148 89 25 prosten
380 1146 101 21 Sandelin
498 1146 38 21 har
552 1148 49 25 sagt
617 1148 32 19 ett
665 1148 48 19 sant
730 1146 43 24 ord,
791 1146 27 21 dä
834 1146 43 21 han
892 1146 108 27 tillämpat
1016 1146 37 21 det

223 1174 94 21 bekanta
335 1174 121 21 talesättet:
473 1174 42 21 sila
529 1181 88 20 myggor
631 1174 40 21 och
687 1174 67 27 svälja
769 1174 102 22 kameler.
900 1175 44 26 Jag
958 1177 46 19 tror
1020 1177 33 18 att

223 1209 48 15 man
295 1205 76 19 väntar
394 1203 33 27 sig
447 1203 71 21 alltför
534 1205 59 19 stora
609 1203 58 21 faror
682 1203 23 21 af
719 1203 60 21 detta
795 1205 101 25 moment,
911 1210 50 14 man
977 1205 76 19 väntar

223 1231 205 27 civiläktenskapets
449 1231 136 27 nödvändiga
598 1231 112 22 införande
725 1232 64 21 bland
806 1232 47 21 vårt
869 1231 52 23 folk,
937 1238 50 15 man
1003 1234 51 19 vän-

222 1262 35 19 tar
272 1260 32 27 sig
321 1260 105 21 allmänna
442 1260 200 21 missförhällanden
659 1260 56 21 inom
731 1260 126 26 dissenters,
869 1260 72 21 hvilka
952 1260 102 27 möjligen

223 1288 66 22 ocksä
306 1288 70 22 kunde
394 1288 86 27 öfvergä
496 1289 28 26 pä
539 1289 37 20 vär
592 1288 111 22 lutherska
717 1288 74 27 kyrka.
814 1289 42 26 Jag
871 1291 46 19 tror
933 1289 61 21 detta
1005 1288 48 22 icke

223 1317 55 21 skall
300 1316 66 22 blifva
381 1316 67 26 fallet,
464 1319 23 25 ty
503 1317 39 21 här
558 1317 67 26 gäller
640 1317 6 20 i
662 1316 76 27 sjelfva
755 1317 73 21 verket
844 1317 68 26 enligt
928 1317 42 21 min
987 1317 66 21 tanke

224 1345 56 21 blott
302 1347 32 19 att
358 1346 52 25 göra
431 1345 36 21 det
481 1345 86 27 möjligt
580 1345 36 21 för
628 1345 108 27 styrelsen
750 1347 33 19 att
798 1345 5 21 i
820 1345 58 21 vissa
894 1346 64 20 svära
974 1345 36 21 fall
1029 1345 25 21 sä

224 1374 66 21 ordna
313 1374 119 21 -dissenters
455 1373 113 27 bokföring
584 1376 32 19 att
633 1374 125 21 densamma
773 1374 110 26 verkligen
899 1374 43 21 kan
958 1373 97 28 uppfylla

224 1402 35 21 det
282 1402 107 26 ändamäl,
413 1408 43 15 som
482 1402 87 21 dermed
593 1404 24 19 är
635 1402 77 21 afsedt.
742 1403 42 21 Det
800 1404 24 19 är
840 1404 62 20 detta
918 1402 72 26 motiv,
1008 1408 47 15 som

222 1429 97 21 dikterar
334 1429 43 21 min
393 1429 56 26 äsigt
465 1429 5 20 i
487 1428 82 27 frägan.

289 1471 150 21 Kirkkoherra
460 1471 102 26 Tallgren:
592 1471 79 27 Pyysin
693 1477 146 15 sananvuoroa
860 1471 129 21 ainoastaan
1006 1476 49 15 saa-

223 1500 90 21 dakseni
336 1500 73 21 kaikin
431 1500 75 26 puolin
525 1500 119 21 kannattaa
662 1500 141 21 kirkkoherra
819 1499 152 22 Johanssonin
987 1500 70 21 ehdo-

222 1530 65 24 tusta,
310 1530 48 19 että
375 1528 167 27 kysymyksessä
558 1528 62 21 oleva
634 1528 113 21 momentti
761 1528 150 27 hyväksytään
927 1528 129 21 ainoastaan
