<?xml version="1.0" encoding="UTF-8"?>
<alto xmlns="http://www.loc.gov/standards/alto/ns-v3#" xmlns:xlink="http://www.w3.org/1999/xlink" xmlns:xsi="http://www.w3.org/2001/XMLSchema-instance" xsi:schemaLocation="http://www.loc.gov/standards/alto/ns-v3# http://www.loc.gov/alto/v3/alto-3-0.xsd">
	<Description>
		<MeasurementUnit>pixel</MeasurementUnit>
		<sourceImageInformation>
			<fileName>/tmp/tess_tx9uqe7q_input.PNG</fileName>
		</sourceImageInformation>
		<OCRProcessing ID="OCR_0">
			<ocrProcessingStep>
				<processingSoftware>
					<softwareName>tesseract 5.3.4</softwareName>
				</processingSoftware>
			</ocrProcessingStep>
		</OCRProcessing>
	</Description>
	<Layout>
		<Page WIDTH="1104" HEIGHT="1810" PHYSICAL_IMG_NR="0" ID="page_0">
			<PrintSpace HPOS="0" VPOS="0" WIDTH="1104" HEIGHT="1810">
				<ComposedBlock ID="cblock_0" HPOS="238" VPOS="155" WIDTH="445" HEIGHT="25">
					<TextBlock ID="block_0" HPOS="238" VPOS="155" WIDTH="445" HEIGHT="25">
						<TextLine ID="line_0" HPOS="238" VPOS="155" WIDTH="445" HEIGHT="25">
							<String ID="string_0" HPOS="238" VPOS="155" WIDTH="54" HEIGHT="21" WC="0.96" CONTENT="1444"/><SP WIDTH="232" VPOS="155" HPOS="292"/>
							<String ID="string_1" HPOS="524" VPOS="155" WIDTH="125" HEIGHT="19" WC="0.79" CONTENT="Toukok..19"/><SP WIDTH="16" VPOS="155" HPOS="649"/>
							<String ID="string_2" HPOS="665" VPOS="163" WIDTH="18" HEIGHT="17" WC="0.96" CONTENT="p."/>
						</TextLine>
					</TextBlock>
				</ComposedBlock>
				<ComposedBlock ID="cblock_1" HPOS="189" VPOS="218" WIDTH="872" HEIGHT="1338">
					<TextBlock ID="block_1" HPOS="206" VPOS="218" WIDTH="835" HEIGHT="938">
						<TextLine ID="line_1" HPOS="275" VPOS="218" WIDTH="762" HEIGHT="28">
							<String ID="string_3" HPOS="275" VPOS="219" WIDTH="100" HEIGHT="21" WC="0.92" CONTENT="Provasti"/><SP WIDTH="15" VPOS="219" HPOS="375"/>
							<String ID="string_4" HPOS="390" VPOS="219" WIDTH="107" HEIGHT="25" WC="0.96" CONTENT="Sandelin:"/><SP WIDTH="20" VPOS="219" HPOS="497"/>
							<String ID="string_5" HPOS="517" VPOS="219" WIDTH="40" HEIGHT="27" WC="0.29" CONTENT="Mig"/><SP WIDTH="13" VPOS="219" HPOS="557"/>
							<String ID="string_6" HPOS="570" VPOS="222" WIDTH="66" HEIGHT="23" WC="0.93" CONTENT="synes"/><SP WIDTH="15" VPOS="222" HPOS="636"/>
							<String ID="string_7" HPOS="651" VPOS="221" WIDTH="77" HEIGHT="19" WC="0.96" CONTENT="nästan"/><SP WIDTH="16" VPOS="221" HPOS="728"/>
							<String ID="string_8" HPOS="744" VPOS="221" WIDTH="33" HEIGHT="19" WC="0.96" CONTENT="att"/><SP WIDTH="15" VPOS="221" HPOS="777"/>
							<String ID="string_9" HPOS="792" VPOS="219" WIDTH="41" HEIGHT="21" WC="0.93" CONTENT="den"/><SP WIDTH="10" VPOS="219" HPOS="833"/>
							<String ID="string_10" HPOS="843" VPOS="218" WIDTH="64" HEIGHT="27" WC="0.93" CONTENT="långa"/><SP WIDTH="11" VPOS="218" HPOS="907"/>
							<String ID="string_11" HPOS="918" VPOS="219" WIDTH="119" HEIGHT="21" WC="0.92" CONTENT="diskussio-"/>
						</TextLine>
						<TextLine ID="line_2" HPOS="208" VPOS="247" WIDTH="829" HEIGHT="27">
							<String ID="string_12" HPOS="208" VPOS="254" WIDTH="40" HEIGHT="14" WC="0.93" CONTENT="nen"/><SP WIDTH="19" VPOS="254" HPOS="248"/>
							<String ID="string_13" HPOS="267" VPOS="247" WIDTH="111" HEIGHT="27" WC="0.93" CONTENT="angäende"/><SP WIDTH="17" VPOS="247" HPOS="378"/>
							<String ID="string_14" HPOS="395" VPOS="247" WIDTH="61" HEIGHT="21" WC="0.96" CONTENT="detta"/><SP WIDTH="16" VPOS="247" HPOS="456"/>
							<String ID="string_15" HPOS="472" VPOS="249" WIDTH="95" HEIGHT="19" WC="0.96" CONTENT="moment"/><SP WIDTH="15" VPOS="249" HPOS="567"/>
							<String ID="string_16" HPOS="582" VPOS="247" WIDTH="39" HEIGHT="21" WC="0.93" CONTENT="har"/><SP WIDTH="15" VPOS="247" HPOS="621"/>
							<String ID="string_17" HPOS="636" VPOS="247" WIDTH="69" HEIGHT="27" WC="0.92" CONTENT="blifvit"/><SP WIDTH="10" VPOS="247" HPOS="705"/>
							<String ID="string_18" HPOS="715" VPOS="249" WIDTH="32" HEIGHT="19" WC="0.93" CONTENT="ett"/><SP WIDTH="10" VPOS="249" HPOS="747"/>
							<String ID="string_19" HPOS="757" VPOS="247" WIDTH="83" HEIGHT="21" WC="0.92" CONTENT="silande"/><SP WIDTH="9" VPOS="247" HPOS="840"/>
							<String ID="string_20" HPOS="849" VPOS="247" WIDTH="22" HEIGHT="21" WC="0.93" CONTENT="af"/><SP WIDTH="6" VPOS="247" HPOS="871"/>
							<String ID="string_21" HPOS="877" VPOS="253" WIDTH="97" HEIGHT="21" WC="0.87" CONTENT="myggor."/><SP WIDTH="22" VPOS="253" HPOS="974"/>
							<String ID="string_22" HPOS="996" VPOS="247" WIDTH="41" HEIGHT="21" WC="0.92" CONTENT="En-"/>
						</TextLine>
						<TextLine ID="line_3" HPOS="207" VPOS="275" WIDTH="829" HEIGHT="27">
							<String ID="string_23" HPOS="207" VPOS="275" WIDTH="40" HEIGHT="27" WC="0.78" CONTENT="ligt"/><SP WIDTH="22" VPOS="275" HPOS="247"/>
							<String ID="string_24" HPOS="269" VPOS="275" WIDTH="131" HEIGHT="27" WC="0.85" CONTENT="föregäende"/><SP WIDTH="23" VPOS="275" HPOS="400"/>
							<String ID="string_25" HPOS="423" VPOS="277" WIDTH="95" HEIGHT="20" WC="0.93" CONTENT="moment"/><SP WIDTH="15" VPOS="277" HPOS="518"/>
							<String ID="string_26" HPOS="533" VPOS="275" WIDTH="82" HEIGHT="27" WC="0.96" CONTENT="åligger"/><SP WIDTH="16" VPOS="275" HPOS="615"/>
							<String ID="string_27" HPOS="631" VPOS="276" WIDTH="37" HEIGHT="20" WC="0.93" CONTENT="det"/><SP WIDTH="16" VPOS="276" HPOS="668"/>
							<String ID="string_28" HPOS="684" VPOS="275" WIDTH="139" HEIGHT="27" WC="0.93" CONTENT="ovilkorligen"/><SP WIDTH="16" VPOS="275" HPOS="823"/>
							<String ID="string_29" HPOS="839" VPOS="275" WIDTH="197" HEIGHT="22" WC="0.92" CONTENT="dissenterförsam-"/>
						</TextLine>
						<TextLine ID="line_4" HPOS="207" VPOS="304" WIDTH="829" HEIGHT="27">
							<String ID="string_30" HPOS="207" VPOS="304" WIDTH="56" HEIGHT="26" WC="0.93" CONTENT="lings"/><SP WIDTH="16" VPOS="304" HPOS="263"/>
							<String ID="string_31" HPOS="279" VPOS="304" WIDTH="150" HEIGHT="22" WC="0.96" CONTENT="föreståndare"/><SP WIDTH="16" VPOS="304" HPOS="429"/>
							<String ID="string_32" HPOS="445" VPOS="306" WIDTH="32" HEIGHT="19" WC="0.93" CONTENT="att"/><SP WIDTH="15" VPOS="306" HPOS="477"/>
							<String ID="string_33" HPOS="492" VPOS="304" WIDTH="45" HEIGHT="22" WC="0.93" CONTENT="föra"/><SP WIDTH="18" VPOS="304" HPOS="537"/>
							<String ID="string_34" HPOS="555" VPOS="305" WIDTH="33" HEIGHT="21" WC="0.93" CONTENT="det"/><SP WIDTH="13" VPOS="305" HPOS="588"/>
							<String ID="string_35" HPOS="601" VPOS="304" WIDTH="78" HEIGHT="27" WC="0.93" CONTENT="nödiga"/><SP WIDTH="11" VPOS="304" HPOS="679"/>
							<String ID="string_36" HPOS="690" VPOS="304" WIDTH="156" HEIGHT="27" WC="0.91" CONTENT="civilregistret."/><SP WIDTH="25" VPOS="304" HPOS="846"/>
							<String ID="string_37" HPOS="871" VPOS="305" WIDTH="43" HEIGHT="21" WC="0.90" CONTENT="Det"/><SP WIDTH="9" VPOS="305" HPOS="914"/>
							<String ID="string_38" HPOS="923" VPOS="311" WIDTH="27" HEIGHT="14" WC="0.87" CONTENT="nu"/><SP WIDTH="9" VPOS="311" HPOS="950"/>
							<String ID="string_39" HPOS="959" VPOS="304" WIDTH="77" HEIGHT="27" WC="0.87" CONTENT="ifräga-"/>
						</TextLine>
						<TextLine ID="line_5" HPOS="207" VPOS="332" WIDTH="830" HEIGHT="26">
							<String ID="string_40" HPOS="207" VPOS="333" WIDTH="96" HEIGHT="21" WC="0.90" CONTENT="vnrande"/><SP WIDTH="24" VPOS="333" HPOS="303"/>
							<String ID="string_41" HPOS="327" VPOS="332" WIDTH="177" HEIGHT="22" WC="0.91" CONTENT="omdiskuterade"/><SP WIDTH="19" VPOS="332" HPOS="504"/>
							<String ID="string_42" HPOS="523" VPOS="335" WIDTH="118" HEIGHT="19" WC="0.91" CONTENT="moinentet"/><SP WIDTH="16" VPOS="335" HPOS="641"/>
							<String ID="string_43" HPOS="657" VPOS="332" WIDTH="56" HEIGHT="22" WC="0.92" CONTENT="afser"/><SP WIDTH="18" VPOS="332" HPOS="713"/>
							<String ID="string_44" HPOS="731" VPOS="333" WIDTH="34" HEIGHT="21" WC="0.93" CONTENT="det"/><SP WIDTH="14" VPOS="333" HPOS="765"/>
							<String ID="string_45" HPOS="779" VPOS="332" WIDTH="142" HEIGHT="26" WC="0.92" CONTENT="förhällande,"/><SP WIDTH="18" VPOS="332" HPOS="921"/>
							<String ID="string_46" HPOS="939" VPOS="333" WIDTH="26" HEIGHT="20" WC="0.96" CONTENT="dä"/><SP WIDTH="15" VPOS="333" HPOS="965"/>
							<String ID="string_47" HPOS="980" VPOS="332" WIDTH="57" HEIGHT="22" WC="0.95" CONTENT="inom"/>
						</TextLine>
						<TextLine ID="line_6" HPOS="209" VPOS="361" WIDTH="828" HEIGHT="27">
							<String ID="string_48" HPOS="209" VPOS="368" WIDTH="25" HEIGHT="15" WC="0.49" CONTENT="ea"/><SP WIDTH="25" VPOS="368" HPOS="234"/>
							<String ID="string_49" HPOS="259" VPOS="362" WIDTH="235" HEIGHT="26" WC="0.49" CONTENT="dissenterförsamling"/><SP WIDTH="15" VPOS="362" HPOS="494"/>
							<String ID="string_50" HPOS="509" VPOS="361" WIDTH="164" HEIGHT="22" WC="0.96" CONTENT="föreståndaren"/><SP WIDTH="15" VPOS="361" HPOS="673"/>
							<String ID="string_51" HPOS="688" VPOS="361" WIDTH="33" HEIGHT="22" WC="0.96" CONTENT="för"/><SP WIDTH="15" VPOS="361" HPOS="721"/>
							<String ID="string_52" HPOS="736" VPOS="361" WIDTH="153" HEIGHT="27" WC="0.93" CONTENT="församlingen"/><SP WIDTH="15" VPOS="361" HPOS="889"/>
							<String ID="string_53" HPOS="904" VPOS="362" WIDTH="49" HEIGHT="21" WC="0.96" CONTENT="icke"/><SP WIDTH="16" VPOS="362" HPOS="953"/>
							<String ID="string_54" HPOS="969" VPOS="362" WIDTH="68" HEIGHT="21" WC="0.96" CONTENT="skulle"/>
						</TextLine>
						<TextLine ID="line_7" HPOS="208" VPOS="389" WIDTH="829" HEIGHT="27">
							<String ID="string_55" HPOS="208" VPOS="396" WIDTH="52" HEIGHT="15" WC="0.92" CONTENT="vara"/><SP WIDTH="16" VPOS="396" HPOS="260"/>
							<String ID="string_56" HPOS="276" VPOS="390" WIDTH="110" HEIGHT="26" WC="0.96" CONTENT="förmögen"/><SP WIDTH="18" VPOS="390" HPOS="386"/>
							<String ID="string_57" HPOS="404" VPOS="392" WIDTH="33" HEIGHT="19" WC="0.93" CONTENT="att"/><SP WIDTH="15" VPOS="392" HPOS="437"/>
							<String ID="string_58" HPOS="452" VPOS="389" WIDTH="47" HEIGHT="22" WC="0.96" CONTENT="föra"/><SP WIDTH="16" VPOS="389" HPOS="499"/>
							<String ID="string_59" HPOS="515" VPOS="390" WIDTH="59" HEIGHT="21" WC="0.96" CONTENT="detta"/><SP WIDTH="15" VPOS="390" HPOS="574"/>
							<String ID="string_60" HPOS="589" VPOS="390" WIDTH="98" HEIGHT="26" WC="0.91" CONTENT="register."/><SP WIDTH="27" VPOS="390" HPOS="687"/>
							<String ID="string_61" HPOS="714" VPOS="390" WIDTH="75" HEIGHT="21" WC="0.78" CONTENT="&#39;Männe"/><SP WIDTH="18" VPOS="390" HPOS="789"/>
							<String ID="string_62" HPOS="807" VPOS="396" WIDTH="47" HEIGHT="15" WC="0.96" CONTENT="man"/><SP WIDTH="18" VPOS="396" HPOS="854"/>
							<String ID="string_63" HPOS="872" VPOS="396" WIDTH="26" HEIGHT="15" WC="0.95" CONTENT="nu"/><SP WIDTH="17" VPOS="396" HPOS="898"/>
							<String ID="string_64" HPOS="915" VPOS="390" WIDTH="53" HEIGHT="21" WC="0.93" CONTENT="skall"/><SP WIDTH="18" VPOS="390" HPOS="968"/>
							<String ID="string_65" HPOS="986" VPOS="396" WIDTH="51" HEIGHT="15" WC="0.96" CONTENT="anse"/>
						</TextLine>
						<TextLine ID="line_8" HPOS="207" VPOS="418" WIDTH="830" HEIGHT="27">
							<String ID="string_66" HPOS="207" VPOS="420" WIDTH="33" HEIGHT="19" WC="0.93" CONTENT="ett"/><SP WIDTH="16" VPOS="420" HPOS="240"/>
							<String ID="string_67" HPOS="256" VPOS="418" WIDTH="78" HEIGHT="21" WC="0.92" CONTENT="sädant"/><SP WIDTH="15" VPOS="418" HPOS="334"/>
							<String ID="string_68" HPOS="349" VPOS="418" WIDTH="141" HEIGHT="26" WC="0.92" CONTENT="förhällande,"/><SP WIDTH="17" VPOS="418" HPOS="490"/>
							<String ID="string_69" HPOS="507" VPOS="420" WIDTH="32" HEIGHT="19" WC="0.95" CONTENT="att"/><SP WIDTH="17" VPOS="420" HPOS="539"/>
							<String ID="string_70" HPOS="556" VPOS="418" WIDTH="36" HEIGHT="21" WC="0.93" CONTENT="det"/><SP WIDTH="16" VPOS="418" HPOS="592"/>
							<String ID="string_71" HPOS="608" VPOS="418" WIDTH="46" HEIGHT="21" WC="0.92" CONTENT="icke"/><SP WIDTH="15" VPOS="418" HPOS="654"/>
							<String ID="string_72" HPOS="669" VPOS="418" WIDTH="68" HEIGHT="21" WC="0.92" CONTENT="finnes"/><SP WIDTH="16" VPOS="418" HPOS="737"/>
							<String ID="string_73" HPOS="753" VPOS="418" WIDTH="5" HEIGHT="21" WC="0.93" CONTENT="i"/><SP WIDTH="18" VPOS="418" HPOS="758"/>
							<String ID="string_74" HPOS="776" VPOS="418" WIDTH="261" HEIGHT="27" WC="0.92" CONTENT="dissenterförsamlingen"/>
						</TextLine>
						<TextLine ID="line_9" HPOS="208" VPOS="446" WIDTH="829" HEIGHT="27">
							<String ID="string_75" HPOS="208" VPOS="451" WIDTH="25" HEIGHT="16" WC="0.91" CONTENT="en"/><SP WIDTH="19" VPOS="451" HPOS="233"/>
							<String ID="string_76" HPOS="252" VPOS="452" WIDTH="54" HEIGHT="20" WC="0.40" CONTENT="man,"/><SP WIDTH="19" VPOS="452" HPOS="306"/>
							<String ID="string_77" HPOS="325" VPOS="452" WIDTH="45" HEIGHT="15" WC="0.92" CONTENT="som"/><SP WIDTH="17" VPOS="452" HPOS="370"/>
							<String ID="string_78" HPOS="387" VPOS="452" WIDTH="51" HEIGHT="15" WC="0.95" CONTENT="vore"/><SP WIDTH="14" VPOS="452" HPOS="438"/>
							<String ID="string_79" HPOS="452" VPOS="446" WIDTH="112" HEIGHT="27" WC="0.96" CONTENT="förmögen"/><SP WIDTH="15" VPOS="446" HPOS="564"/>
							<String ID="string_80" HPOS="579" VPOS="448" WIDTH="33" HEIGHT="19" WC="0.93" CONTENT="att"/><SP WIDTH="9" VPOS="448" HPOS="612"/>
							<String ID="string_81" HPOS="621" VPOS="446" WIDTH="49" HEIGHT="21" WC="0.96" CONTENT="föra"/><SP WIDTH="9" VPOS="446" HPOS="670"/>
							<String ID="string_82" HPOS="679" VPOS="446" WIDTH="60" HEIGHT="21" WC="0.93" CONTENT="detta"/><SP WIDTH="12" VPOS="446" HPOS="739"/>
							<String ID="string_83" HPOS="751" VPOS="446" WIDTH="146" HEIGHT="27" WC="0.92" CONTENT="civilregister,"/><SP WIDTH="12" VPOS="446" HPOS="897"/>
							<String ID="string_84" HPOS="909" VPOS="446" WIDTH="71" HEIGHT="21" WC="0.92" CONTENT="såsom"/><SP WIDTH="9" VPOS="446" HPOS="980"/>
							<String ID="string_85" HPOS="989" VPOS="452" WIDTH="48" HEIGHT="15" WC="0.91" CONTENT="nor-"/>
						</TextLine>
						<TextLine ID="line_10" HPOS="207" VPOS="475" WIDTH="831" HEIGHT="27">
							<String ID="string_86" HPOS="207" VPOS="475" WIDTH="54" HEIGHT="21" WC="0.96" CONTENT="malt"/><SP WIDTH="24" VPOS="475" HPOS="261"/>
							<String ID="string_87" HPOS="285" VPOS="475" WIDTH="52" HEIGHT="21" WC="0.79" CONTENT="eller"/><SP WIDTH="22" VPOS="475" HPOS="337"/>
							<String ID="string_88" HPOS="359" VPOS="475" WIDTH="72" HEIGHT="21" WC="0.96" CONTENT="såsom"/><SP WIDTH="22" VPOS="475" HPOS="431"/>
							<String ID="string_89" HPOS="453" VPOS="477" WIDTH="32" HEIGHT="19" WC="0.91" CONTENT="ett"/><SP WIDTH="14" VPOS="477" HPOS="485"/>
							<String ID="string_90" HPOS="499" VPOS="475" WIDTH="176" HEIGHT="27" WC="0.96" CONTENT="undantagsfall?"/><SP WIDTH="28" VPOS="475" HPOS="675"/>
							<String ID="string_91" HPOS="703" VPOS="475" WIDTH="42" HEIGHT="27" WC="0.67" CONTENT="&quot;Jag"/><SP WIDTH="15" VPOS="475" HPOS="745"/>
							<String ID="string_92" HPOS="760" VPOS="475" WIDTH="69" HEIGHT="21" WC="0.93" CONTENT="måste"/><SP WIDTH="17" VPOS="475" HPOS="829"/>
							<String ID="string_93" HPOS="846" VPOS="475" WIDTH="138" HEIGHT="27" WC="0.91" CONTENT="ovilkorligen"/><SP WIDTH="17" VPOS="475" HPOS="984"/>
							<String ID="string_94" HPOS="1001" VPOS="475" WIDTH="37" HEIGHT="21" WC="0.92" CONTENT="be-"/>
						</TextLine>
						<TextLine ID="line_11" HPOS="206" VPOS="503" WIDTH="832" HEIGHT="26">
							<String ID="string_95" HPOS="206" VPOS="503" WIDTH="77" HEIGHT="21" WC="0.91" CONTENT="trakta"/><SP WIDTH="15" VPOS="503" HPOS="283"/>
							<String ID="string_96" HPOS="298" VPOS="503" WIDTH="37" HEIGHT="21" WC="0.93" CONTENT="det"/><SP WIDTH="16" VPOS="503" HPOS="335"/>
							<String ID="string_97" HPOS="351" VPOS="503" WIDTH="72" HEIGHT="21" WC="0.92" CONTENT="säsom"/><SP WIDTH="16" VPOS="503" HPOS="423"/>
							<String ID="string_98" HPOS="439" VPOS="505" WIDTH="32" HEIGHT="19" WC="0.96" CONTENT="ett"/><SP WIDTH="16" VPOS="505" HPOS="471"/>
							<String ID="string_99" HPOS="487" VPOS="503" WIDTH="89" HEIGHT="21" WC="0.93" CONTENT="alldeles"/><SP WIDTH="16" VPOS="503" HPOS="576"/>
							<String ID="string_100" HPOS="592" VPOS="505" WIDTH="87" HEIGHT="24" WC="0.92" CONTENT="säreget"/><SP WIDTH="14" VPOS="505" HPOS="679"/>
							<String ID="string_101" HPOS="693" VPOS="503" WIDTH="168" HEIGHT="26" WC="0.91" CONTENT="undantagsfall."/><SP WIDTH="22" VPOS="503" HPOS="861"/>
							<String ID="string_102" HPOS="883" VPOS="503" WIDTH="42" HEIGHT="26" WC="0.96" CONTENT="Jag"/><SP WIDTH="13" VPOS="503" HPOS="925"/>
							<String ID="string_103" HPOS="938" VPOS="503" WIDTH="41" HEIGHT="21" WC="0.91" CONTENT="kan"/><SP WIDTH="11" VPOS="503" HPOS="979"/>
							<String ID="string_104" HPOS="990" VPOS="503" WIDTH="48" HEIGHT="21" WC="0.91" CONTENT="icke"/>
						</TextLine>
						<TextLine ID="line_12" HPOS="207" VPOS="532" WIDTH="832" HEIGHT="27">
							<String ID="string_105" HPOS="207" VPOS="534" WIDTH="69" HEIGHT="19" WC="0.96" CONTENT="annat"/><SP WIDTH="22" VPOS="534" HPOS="276"/>
							<String ID="string_106" HPOS="298" VPOS="534" WIDTH="27" HEIGHT="19" WC="0.93" CONTENT="än"/><SP WIDTH="23" VPOS="534" HPOS="325"/>
							<String ID="string_107" HPOS="348" VPOS="532" WIDTH="89" HEIGHT="21" WC="0.92" CONTENT="förväna"/><SP WIDTH="14" VPOS="532" HPOS="437"/>
							<String ID="string_108" HPOS="451" VPOS="532" WIDTH="44" HEIGHT="25" WC="0.96" CONTENT="mig"/><SP WIDTH="16" VPOS="532" HPOS="495"/>
							<String ID="string_109" HPOS="511" VPOS="532" WIDTH="59" HEIGHT="21" WC="0.90" CONTENT="öfver"/><SP WIDTH="15" VPOS="532" HPOS="570"/>
							<String ID="string_110" HPOS="585" VPOS="532" WIDTH="148" HEIGHT="27" WC="0.90" CONTENT="kyrkoherden"/><SP WIDTH="17" VPOS="532" HPOS="733"/>
							<String ID="string_111" HPOS="750" VPOS="532" WIDTH="123" HEIGHT="21" WC="0.91" CONTENT="Nordlunds"/><SP WIDTH="16" VPOS="532" HPOS="873"/>
							<String ID="string_112" HPOS="889" VPOS="532" WIDTH="100" HEIGHT="27" WC="0.92" CONTENT="yttrande"/><SP WIDTH="17" VPOS="532" HPOS="989"/>
							<String ID="string_113" HPOS="1006" VPOS="534" WIDTH="33" HEIGHT="19" WC="0.96" CONTENT="att"/>
						</TextLine>
						<TextLine ID="line_13" HPOS="207" VPOS="560" WIDTH="831" HEIGHT="27">
							<String ID="string_114" HPOS="207" VPOS="564" WIDTH="16" HEIGHT="19" WC="0.92" CONTENT="t."/><SP WIDTH="17" VPOS="564" HPOS="223"/>
							<String ID="string_115" HPOS="240" VPOS="567" WIDTH="33" HEIGHT="15" WC="0.95" CONTENT="ex."/><SP WIDTH="15" VPOS="567" HPOS="273"/>
							<String ID="string_116" HPOS="288" VPOS="567" WIDTH="26" HEIGHT="15" WC="0.96" CONTENT="en"/><SP WIDTH="17" VPOS="567" HPOS="314"/>
							<String ID="string_117" HPOS="331" VPOS="560" WIDTH="34" HEIGHT="22" WC="0.92" CONTENT="hel"/><SP WIDTH="20" VPOS="560" HPOS="365"/>
							<String ID="string_118" HPOS="385" VPOS="560" WIDTH="122" HEIGHT="24" WC="0.90" CONTENT=",landsdel*"/><SP WIDTH="18" VPOS="560" HPOS="507"/>
							<String ID="string_119" HPOS="525" VPOS="560" WIDTH="70" HEIGHT="22" WC="0.93" CONTENT="skulle"/><SP WIDTH="14" VPOS="560" HPOS="595"/>
							<String ID="string_120" HPOS="609" VPOS="560" WIDTH="88" HEIGHT="22" WC="0.92" CONTENT="tillhöra"/><SP WIDTH="15" VPOS="560" HPOS="697"/>
							<String ID="string_121" HPOS="712" VPOS="567" WIDTH="26" HEIGHT="15" WC="0.93" CONTENT="en"/><SP WIDTH="16" VPOS="567" HPOS="738"/>
							<String ID="string_122" HPOS="754" VPOS="560" WIDTH="234" HEIGHT="27" WC="0.92" CONTENT="dissenterförsamling"/><SP WIDTH="10" VPOS="560" HPOS="988"/>
							<String ID="string_123" HPOS="998" VPOS="560" WIDTH="40" HEIGHT="22" WC="0.96" CONTENT="och"/>
						</TextLine>
						<TextLine ID="line_14" HPOS="208" VPOS="588" WIDTH="830" HEIGHT="27">
							<String ID="string_124" HPOS="208" VPOS="589" WIDTH="6" HEIGHT="20" WC="0.96" CONTENT="i"/><SP WIDTH="17" VPOS="589" HPOS="214"/>
							<String ID="string_125" HPOS="231" VPOS="589" WIDTH="70" HEIGHT="21" WC="0.91" CONTENT="denna"/><SP WIDTH="18" VPOS="589" HPOS="301"/>
							<String ID="string_126" HPOS="319" VPOS="589" WIDTH="139" HEIGHT="26" WC="0.59" CONTENT="ymaakunta*"/><SP WIDTH="17" VPOS="589" HPOS="458"/>
							<String ID="string_127" HPOS="475" VPOS="588" WIDTH="48" HEIGHT="22" WC="0.96" CONTENT="icke"/><SP WIDTH="16" VPOS="588" HPOS="523"/>
							<String ID="string_128" HPOS="539" VPOS="588" WIDTH="70" HEIGHT="22" WC="0.96" CONTENT="skulle"/><SP WIDTH="15" VPOS="588" HPOS="609"/>
							<String ID="string_129" HPOS="624" VPOS="588" WIDTH="69" HEIGHT="21" WC="0.96" CONTENT="finnas"/><SP WIDTH="16" VPOS="588" HPOS="693"/>
							<String ID="string_130" HPOS="709" VPOS="595" WIDTH="26" HEIGHT="15" WC="0.93" CONTENT="en"/><SP WIDTH="16" VPOS="595" HPOS="735"/>
							<String ID="string_131" HPOS="751" VPOS="589" WIDTH="56" HEIGHT="21" WC="0.96" CONTENT="enda"/><SP WIDTH="14" VPOS="589" HPOS="807"/>
							<String ID="string_132" HPOS="821" VPOS="594" WIDTH="86" HEIGHT="21" WC="0.96" CONTENT="person,"/><SP WIDTH="18" VPOS="594" HPOS="907"/>
							<String ID="string_133" HPOS="925" VPOS="594" WIDTH="46" HEIGHT="16" WC="0.93" CONTENT="som"/><SP WIDTH="16" VPOS="594" HPOS="971"/>
							<String ID="string_134" HPOS="987" VPOS="594" WIDTH="51" HEIGHT="16" WC="0.95" CONTENT="vore"/>
						</TextLine>
						<TextLine ID="line_15" HPOS="207" VPOS="616" WIDTH="831" HEIGHT="27">
							<String ID="string_135" HPOS="207" VPOS="616" WIDTH="112" HEIGHT="27" WC="0.92" CONTENT="förmögen"/><SP WIDTH="23" VPOS="616" HPOS="319"/>
							<String ID="string_136" HPOS="342" VPOS="618" WIDTH="33" HEIGHT="19" WC="0.93" CONTENT="att"/><SP WIDTH="18" VPOS="618" HPOS="375"/>
							<String ID="string_137" HPOS="393" VPOS="616" WIDTH="49" HEIGHT="22" WC="0.93" CONTENT="föra"/><SP WIDTH="15" VPOS="616" HPOS="442"/>
							<String ID="string_138" HPOS="457" VPOS="618" WIDTH="32" HEIGHT="20" WC="0.93" CONTENT="ett"/><SP WIDTH="15" VPOS="618" HPOS="489"/>
							<String ID="string_139" HPOS="504" VPOS="616" WIDTH="149" HEIGHT="27" WC="0.93" CONTENT="civilregister;"/><SP WIDTH="18" VPOS="616" HPOS="653"/>
							<String ID="string_140" HPOS="671" VPOS="617" WIDTH="59" HEIGHT="21" WC="0.93" CONTENT="detta"/><SP WIDTH="16" VPOS="617" HPOS="730"/>
							<String ID="string_141" HPOS="746" VPOS="616" WIDTH="99" HEIGHT="27" WC="0.92" CONTENT="begriper"/><SP WIDTH="15" VPOS="616" HPOS="845"/>
							<String ID="string_142" HPOS="860" VPOS="616" WIDTH="36" HEIGHT="27" WC="0.93" CONTENT="jag"/><SP WIDTH="16" VPOS="616" HPOS="896"/>
							<String ID="string_143" HPOS="912" VPOS="616" WIDTH="52" HEIGHT="22" WC="0.92" CONTENT="icke."/><SP WIDTH="32" VPOS="616" HPOS="964"/>
							<String ID="string_144" HPOS="996" VPOS="616" WIDTH="42" HEIGHT="27" WC="0.96" CONTENT="Jag"/>
						</TextLine>
						<TextLine ID="line_16" HPOS="209" VPOS="645" WIDTH="829" HEIGHT="27">
							<String ID="string_145" HPOS="209" VPOS="651" WIDTH="64" HEIGHT="15" WC="0.92" CONTENT="anser"/><SP WIDTH="18" VPOS="651" HPOS="273"/>
							<String ID="string_146" HPOS="291" VPOS="647" WIDTH="93" HEIGHT="20" WC="0.96" CONTENT="tvärtom"/><SP WIDTH="16" VPOS="647" HPOS="384"/>
							<String ID="string_147" HPOS="400" VPOS="647" WIDTH="40" HEIGHT="24" WC="0.96" CONTENT="att,"/><SP WIDTH="18" VPOS="647" HPOS="440"/>
							<String ID="string_148" HPOS="458" VPOS="646" WIDTH="37" HEIGHT="20" WC="0.96" CONTENT="der"/><SP WIDTH="15" VPOS="646" HPOS="495"/>
							<String ID="string_149" HPOS="510" VPOS="645" WIDTH="65" HEIGHT="21" WC="0.93" CONTENT="bland"/><SP WIDTH="16" VPOS="645" HPOS="575"/>
							<String ID="string_150" HPOS="591" VPOS="646" WIDTH="66" HEIGHT="26" WC="0.96" CONTENT="några"/><SP WIDTH="14" VPOS="646" HPOS="657"/>
							<String ID="string_151" HPOS="671" VPOS="645" WIDTH="109" HEIGHT="21" WC="0.95" CONTENT="särskilda"/><SP WIDTH="16" VPOS="645" HPOS="780"/>
							<String ID="string_152" HPOS="796" VPOS="651" WIDTH="111" HEIGHT="21" WC="0.0" CONTENT="personer:"/><SP WIDTH="9" VPOS="651" HPOS="907"/>
							<String ID="string_153" HPOS="916" VPOS="646" WIDTH="65" HEIGHT="21" WC="0.0" CONTENT="redan"/><SP WIDTH="17" VPOS="646" HPOS="981"/>
							<String ID="string_154" HPOS="998" VPOS="645" WIDTH="40" HEIGHT="21" WC="0.96" CONTENT="har"/>
						</TextLine>
						<TextLine ID="line_17" HPOS="207" VPOS="673" WIDTH="830" HEIGHT="29">
							<String ID="string_155" HPOS="207" VPOS="673" WIDTH="70" HEIGHT="21" WC="0.93" CONTENT="blifvit"/><SP WIDTH="20" VPOS="673" HPOS="277"/>
							<String ID="string_156" HPOS="297" VPOS="680" WIDTH="25" HEIGHT="15" WC="0.92" CONTENT="en"/><SP WIDTH="17" VPOS="680" HPOS="322"/>
							<String ID="string_157" HPOS="339" VPOS="674" WIDTH="67" HEIGHT="21" WC="0.86" CONTENT="sådan"/><SP WIDTH="15" VPOS="674" HPOS="406"/>
							<String ID="string_158" HPOS="421" VPOS="674" WIDTH="201" HEIGHT="26" WC="0.96" CONTENT="sammanslutning,"/><SP WIDTH="15" VPOS="674" HPOS="622"/>
							<String ID="string_159" HPOS="637" VPOS="676" WIDTH="32" HEIGHT="19" WC="0.96" CONTENT="att"/><SP WIDTH="16" VPOS="676" HPOS="669"/>
							<String ID="string_160" HPOS="685" VPOS="674" WIDTH="26" HEIGHT="21" WC="0.93" CONTENT="de"/><SP WIDTH="15" VPOS="674" HPOS="711"/>
							<String ID="string_161" HPOS="726" VPOS="674" WIDTH="86" HEIGHT="21" WC="0.96" CONTENT="besluta"/><SP WIDTH="16" VPOS="674" HPOS="812"/>
							<String ID="string_162" HPOS="828" VPOS="674" WIDTH="32" HEIGHT="26" WC="0.97" CONTENT="sig"/><SP WIDTH="14" VPOS="674" HPOS="860"/>
							<String ID="string_163" HPOS="874" VPOS="673" WIDTH="35" HEIGHT="22" WC="0.97" CONTENT="för"/><SP WIDTH="15" VPOS="673" HPOS="909"/>
							<String ID="string_164" HPOS="924" VPOS="676" WIDTH="33" HEIGHT="19" WC="0.93" CONTENT="att"/><SP WIDTH="16" VPOS="676" HPOS="957"/>
							<String ID="string_165" HPOS="973" VPOS="675" WIDTH="64" HEIGHT="27" WC="0.96" CONTENT="skilja"/>
						</TextLine>
						<TextLine ID="line_18" HPOS="208" VPOS="702" WIDTH="828" HEIGHT="27">
							<String ID="string_166" HPOS="208" VPOS="702" WIDTH="40" HEIGHT="27" WC="0.97" CONTENT="sig,"/><SP WIDTH="16" VPOS="702" HPOS="248"/>
							<String ID="string_167" HPOS="264" VPOS="702" WIDTH="33" HEIGHT="22" WC="0.96" CONTENT="för"/><SP WIDTH="16" VPOS="702" HPOS="297"/>
							<String ID="string_168" HPOS="313" VPOS="704" WIDTH="32" HEIGHT="19" WC="0.93" CONTENT="att"/><SP WIDTH="16" VPOS="704" HPOS="345"/>
							<String ID="string_169" HPOS="361" VPOS="702" WIDTH="58" HEIGHT="21" WC="0.92" CONTENT="bilda"/><SP WIDTH="16" VPOS="702" HPOS="419"/>
							<String ID="string_170" HPOS="435" VPOS="709" WIDTH="26" HEIGHT="15" WC="0.96" CONTENT="en"/><SP WIDTH="15" VPOS="709" HPOS="461"/>
							<String ID="string_171" HPOS="476" VPOS="702" WIDTH="94" HEIGHT="21" WC="0.92" CONTENT="särskild"/><SP WIDTH="16" VPOS="702" HPOS="570"/>
							<String ID="string_172" HPOS="586" VPOS="702" WIDTH="239" HEIGHT="26" WC="0.92" CONTENT="dissenterförsamling,"/><SP WIDTH="16" VPOS="702" HPOS="825"/>
							<String ID="string_173" HPOS="841" VPOS="703" WIDTH="38" HEIGHT="21" WC="0.96" CONTENT="der"/><SP WIDTH="12" VPOS="703" HPOS="879"/>
							<String ID="string_174" HPOS="891" VPOS="703" WIDTH="65" HEIGHT="21" WC="0.80" CONTENT="redan"/><SP WIDTH="12" VPOS="703" HPOS="956"/>
							<String ID="string_175" HPOS="968" VPOS="702" WIDTH="68" HEIGHT="22" WC="0.93" CONTENT="finnes"/>
						</TextLine>
						<TextLine ID="line_19" HPOS="209" VPOS="731" WIDTH="828" HEIGHT="27">
							<String ID="string_176" HPOS="209" VPOS="738" WIDTH="26" HEIGHT="14" WC="0.92" CONTENT="en"/><SP WIDTH="24" VPOS="738" HPOS="235"/>
							<String ID="string_177" HPOS="259" VPOS="731" WIDTH="67" HEIGHT="21" WC="0.92" CONTENT="sädan"/><SP WIDTH="23" VPOS="731" HPOS="326"/>
							<String ID="string_178" HPOS="349" VPOS="731" WIDTH="102" HEIGHT="27" WC="0.91" CONTENT="förmäga,"/><SP WIDTH="18" VPOS="731" HPOS="451"/>
							<String ID="string_179" HPOS="469" VPOS="737" WIDTH="46" HEIGHT="15" WC="0.96" CONTENT="som"/><SP WIDTH="16" VPOS="737" HPOS="515"/>
							<String ID="string_180" HPOS="531" VPOS="737" WIDTH="42" HEIGHT="21" WC="0.96" CONTENT="nog"/><SP WIDTH="15" VPOS="737" HPOS="573"/>
							<String ID="string_181" HPOS="588" VPOS="731" WIDTH="41" HEIGHT="21" WC="0.92" CONTENT="kan"/><SP WIDTH="14" VPOS="731" HPOS="629"/>
							<String ID="string_182" HPOS="643" VPOS="731" WIDTH="49" HEIGHT="21" WC="0.92" CONTENT="föra"/><SP WIDTH="15" VPOS="731" HPOS="692"/>
							<String ID="string_183" HPOS="707" VPOS="731" WIDTH="62" HEIGHT="21" WC="0.93" CONTENT="deras"/><SP WIDTH="17" VPOS="731" HPOS="769"/>
							<String ID="string_184" HPOS="786" VPOS="731" WIDTH="149" HEIGHT="27" WC="0.89" CONTENT="civilregister."/><SP WIDTH="30" VPOS="731" HPOS="935"/>
							<String ID="string_185" HPOS="965" VPOS="731" WIDTH="72" HEIGHT="27" WC="0.89" CONTENT="Nägot"/>
						</TextLine>
						<TextLine ID="line_20" HPOS="209" VPOS="759" WIDTH="828" HEIGHT="27">
							<String ID="string_186" HPOS="209" VPOS="759" WIDTH="159" HEIGHT="27" WC="0.91" CONTENT="undantagsfall"/><SP WIDTH="21" VPOS="759" HPOS="368"/>
							<String ID="string_187" HPOS="389" VPOS="759" WIDTH="70" HEIGHT="22" WC="0.96" CONTENT="kunde"/><SP WIDTH="16" VPOS="759" HPOS="459"/>
							<String ID="string_188" HPOS="475" VPOS="760" WIDTH="22" HEIGHT="26" WC="0.96" CONTENT="ju"/><SP WIDTH="18" VPOS="760" HPOS="497"/>
							<String ID="string_189" HPOS="515" VPOS="759" WIDTH="53" HEIGHT="22" WC="0.93" CONTENT="dock"/><SP WIDTH="16" VPOS="759" HPOS="568"/>
							<String ID="string_190" HPOS="584" VPOS="760" WIDTH="74" HEIGHT="25" WC="0.91" CONTENT="flnnas,"/><SP WIDTH="18" VPOS="760" HPOS="658"/>
							<String ID="string_191" HPOS="676" VPOS="760" WIDTH="38" HEIGHT="21" WC="0.93" CONTENT="der"/><SP WIDTH="15" VPOS="760" HPOS="714"/>
							<String ID="string_192" HPOS="729" VPOS="759" WIDTH="150" HEIGHT="22" WC="0.92" CONTENT="föreständare"/><SP WIDTH="17" VPOS="759" HPOS="879"/>
							<String ID="string_193" HPOS="896" VPOS="759" WIDTH="69" HEIGHT="22" WC="0.92" CONTENT="blefve"/><SP WIDTH="17" VPOS="759" HPOS="965"/>
							<String ID="string_194" HPOS="982" VPOS="759" WIDTH="55" HEIGHT="22" WC="0.92" CONTENT="oför-"/>
						</TextLine>
						<TextLine ID="line_21" HPOS="209" VPOS="787" WIDTH="829" HEIGHT="27">
							<String ID="string_195" HPOS="209" VPOS="789" WIDTH="75" HEIGHT="25" WC="0.91" CONTENT="mögen"/><SP WIDTH="25" VPOS="789" HPOS="284"/>
							<String ID="string_196" HPOS="309" VPOS="789" WIDTH="32" HEIGHT="19" WC="0.96" CONTENT="att"/><SP WIDTH="25" VPOS="789" HPOS="341"/>
							<String ID="string_197" HPOS="366" VPOS="789" WIDTH="50" HEIGHT="25" WC="0.96" CONTENT="göra"/><SP WIDTH="23" VPOS="789" HPOS="416"/>
							<String ID="string_198" HPOS="439" VPOS="789" WIDTH="43" HEIGHT="24" WC="0.96" CONTENT="det,"/><SP WIDTH="23" VPOS="789" HPOS="482"/>
							<String ID="string_199" HPOS="505" VPOS="787" WIDTH="49" HEIGHT="22" WC="0.93" CONTENT="eller"/><SP WIDTH="22" VPOS="787" HPOS="554"/>
							<String ID="string_200" HPOS="576" VPOS="788" WIDTH="65" HEIGHT="26" WC="0.96" CONTENT="något"/><SP WIDTH="18" VPOS="788" HPOS="641"/>
							<String ID="string_201" HPOS="659" VPOS="789" WIDTH="62" HEIGHT="19" WC="0.96" CONTENT="annat"/><SP WIDTH="15" VPOS="789" HPOS="721"/>
							<String ID="string_202" HPOS="736" VPOS="787" WIDTH="37" HEIGHT="21" WC="0.93" CONTENT="fall"/><SP WIDTH="16" VPOS="787" HPOS="773"/>
							<String ID="string_203" HPOS="789" VPOS="787" WIDTH="85" HEIGHT="21" WC="0.96" CONTENT="inträffa"/><SP WIDTH="17" VPOS="787" HPOS="874"/>
							<String ID="string_204" HPOS="891" VPOS="789" WIDTH="31" HEIGHT="19" WC="0.96" CONTENT="att"/><SP WIDTH="17" VPOS="789" HPOS="922"/>
							<String ID="string_205" HPOS="939" VPOS="788" WIDTH="35" HEIGHT="21" WC="0.93" CONTENT="det"/><SP WIDTH="16" VPOS="788" HPOS="974"/>
							<String ID="string_206" HPOS="990" VPOS="787" WIDTH="48" HEIGHT="22" WC="0.96" CONTENT="icke"/>
						</TextLine>
						<TextLine ID="line_22" HPOS="209" VPOS="816" WIDTH="829" HEIGHT="27">
							<String ID="string_207" HPOS="209" VPOS="816" WIDTH="72" HEIGHT="21" WC="0.96" CONTENT="skulle"/><SP WIDTH="12" VPOS="816" HPOS="281"/>
							<String ID="string_208" HPOS="293" VPOS="816" WIDTH="72" HEIGHT="21" WC="0.96" CONTENT="finnas"/><SP WIDTH="13" VPOS="816" HPOS="365"/>
							<String ID="string_209" HPOS="378" VPOS="816" WIDTH="36" HEIGHT="21" WC="0.96" CONTENT="för"/><SP WIDTH="13" VPOS="816" HPOS="414"/>
							<String ID="string_210" HPOS="427" VPOS="816" WIDTH="94" HEIGHT="21" WC="0.93" CONTENT="tillfället"/><SP WIDTH="16" VPOS="816" HPOS="521"/>
							<String ID="string_211" HPOS="537" VPOS="816" WIDTH="76" HEIGHT="27" WC="0.90" CONTENT="nägon,"/><SP WIDTH="17" VPOS="816" HPOS="613"/>
							<String ID="string_212" HPOS="630" VPOS="822" WIDTH="45" HEIGHT="15" WC="0.96" CONTENT="som"/><SP WIDTH="16" VPOS="822" HPOS="675"/>
							<String ID="string_213" HPOS="691" VPOS="816" WIDTH="72" HEIGHT="21" WC="0.96" CONTENT="skulle"/><SP WIDTH="14" VPOS="816" HPOS="763"/>
							<String ID="string_214" HPOS="777" VPOS="816" WIDTH="72" HEIGHT="21" WC="0.92" CONTENT="kunna"/><SP WIDTH="9" VPOS="816" HPOS="849"/>
							<String ID="string_215" HPOS="858" VPOS="816" WIDTH="45" HEIGHT="21" WC="0.92" CONTENT="föra"/><SP WIDTH="9" VPOS="816" HPOS="903"/>
							<String ID="string_216" HPOS="912" VPOS="816" WIDTH="126" HEIGHT="27" WC="0.92" CONTENT="civilregist-"/>
						</TextLine>
						<TextLine ID="line_23" HPOS="209" VPOS="844" WIDTH="828" HEIGHT="27">
							<String ID="string_217" HPOS="209" VPOS="846" WIDTH="41" HEIGHT="23" WC="0.96" CONTENT="ret,"/><SP WIDTH="24" VPOS="846" HPOS="250"/>
							<String ID="string_218" HPOS="274" VPOS="844" WIDTH="39" HEIGHT="22" WC="0.93" CONTENT="och"/><SP WIDTH="23" VPOS="844" HPOS="313"/>
							<String ID="string_219" HPOS="336" VPOS="844" WIDTH="33" HEIGHT="22" WC="0.87" CONTENT="för"/><SP WIDTH="24" VPOS="844" HPOS="369"/>
							<String ID="string_220" HPOS="393" VPOS="846" WIDTH="30" HEIGHT="19" WC="0.96" CONTENT="att"/><SP WIDTH="21" VPOS="846" HPOS="423"/>
							<String ID="string_221" HPOS="444" VPOS="844" WIDTH="152" HEIGHT="27" WC="0.93" CONTENT="församlingen"/><SP WIDTH="16" VPOS="844" HPOS="596"/>
							<String ID="string_222" HPOS="612" VPOS="845" WIDTH="48" HEIGHT="21" WC="0.96" CONTENT="icke"/><SP WIDTH="15" VPOS="845" HPOS="660"/>
							<String ID="string_223" HPOS="675" VPOS="844" WIDTH="33" HEIGHT="22" WC="0.96" CONTENT="för"/><SP WIDTH="15" VPOS="844" HPOS="708"/>
							<String ID="string_224" HPOS="723" VPOS="845" WIDTH="41" HEIGHT="21" WC="0.96" CONTENT="den"/><SP WIDTH="18" VPOS="845" HPOS="764"/>
							<String ID="string_225" HPOS="782" VPOS="844" WIDTH="53" HEIGHT="21" WC="0.93" CONTENT="skull"/><SP WIDTH="19" VPOS="844" HPOS="835"/>
							<String ID="string_226" HPOS="854" VPOS="845" WIDTH="64" HEIGHT="21" WC="0.96" CONTENT="måtte"/><SP WIDTH="18" VPOS="845" HPOS="918"/>
							<String ID="string_227" HPOS="936" VPOS="844" WIDTH="45" HEIGHT="22" WC="0.96" CONTENT="helt"/><SP WIDTH="16" VPOS="844" HPOS="981"/>
							<String ID="string_228" HPOS="997" VPOS="844" WIDTH="40" HEIGHT="22" WC="0.96" CONTENT="och"/>
						</TextLine>
						<TextLine ID="line_24" HPOS="209" VPOS="873" WIDTH="829" HEIGHT="27">
							<String ID="string_229" HPOS="209" VPOS="873" WIDTH="69" HEIGHT="23" WC="0.92" CONTENT="hället"/><SP WIDTH="15" VPOS="873" HPOS="278"/>
							<String ID="string_230" HPOS="293" VPOS="873" WIDTH="102" HEIGHT="27" WC="0.88" CONTENT="upplösas"/><SP WIDTH="17" VPOS="873" HPOS="395"/>
							<String ID="string_231" HPOS="412" VPOS="873" WIDTH="52" HEIGHT="22" WC="0.93" CONTENT="eller"/><SP WIDTH="15" VPOS="873" HPOS="464"/>
							<String ID="string_232" HPOS="479" VPOS="873" WIDTH="158" HEIGHT="27" WC="0.93" CONTENT="tillintetgöras,"/><SP WIDTH="17" VPOS="873" HPOS="637"/>
							<String ID="string_233" HPOS="654" VPOS="873" WIDTH="72" HEIGHT="22" WC="0.93" CONTENT="derför"/><SP WIDTH="15" VPOS="873" HPOS="726"/>
							<String ID="string_234" HPOS="741" VPOS="875" WIDTH="24" HEIGHT="19" WC="0.96" CONTENT="är"/><SP WIDTH="11" VPOS="875" HPOS="765"/>
							<String ID="string_235" HPOS="776" VPOS="874" WIDTH="40" HEIGHT="21" WC="0.93" CONTENT="den"/><SP WIDTH="10" VPOS="874" HPOS="816"/>
							<String ID="string_236" HPOS="826" VPOS="875" WIDTH="92" HEIGHT="25" WC="0.92" CONTENT="utvägen"/><SP WIDTH="10" VPOS="875" HPOS="918"/>
							<String ID="string_237" HPOS="928" VPOS="873" WIDTH="32" HEIGHT="21" WC="0.95" CONTENT="till"/><SP WIDTH="8" VPOS="873" HPOS="960"/>
							<String ID="string_238" HPOS="968" VPOS="874" WIDTH="70" HEIGHT="20" WC="0.96" CONTENT="hands"/>
						</TextLine>
						<TextLine ID="line_25" HPOS="210" VPOS="902" WIDTH="827" HEIGHT="28">
							<String ID="string_239" HPOS="210" VPOS="904" WIDTH="33" HEIGHT="20" WC="0.93" CONTENT="att"/><SP WIDTH="22" VPOS="904" HPOS="243"/>
							<String ID="string_240" HPOS="265" VPOS="903" WIDTH="71" HEIGHT="26" WC="0.90" CONTENT="nägon"/><SP WIDTH="24" VPOS="903" HPOS="336"/>
							<String ID="string_241" HPOS="360" VPOS="903" WIDTH="211" HEIGHT="27" WC="0.90" CONTENT="magistratsperson,"/><SP WIDTH="20" VPOS="903" HPOS="571"/>
							<String ID="string_242" HPOS="591" VPOS="902" WIDTH="133" HEIGHT="27" WC="0.92" CONTENT="kronofogde"/><SP WIDTH="21" VPOS="902" HPOS="724"/>
							<String ID="string_243" HPOS="745" VPOS="902" WIDTH="52" HEIGHT="22" WC="0.93" CONTENT="eller"/><SP WIDTH="14" VPOS="902" HPOS="797"/>
							<String ID="string_244" HPOS="811" VPOS="902" WIDTH="98" HEIGHT="22" WC="0.91" CONTENT="länsman"/><SP WIDTH="16" VPOS="902" HPOS="909"/>
							<String ID="string_245" HPOS="925" VPOS="902" WIDTH="112" HEIGHT="22" WC="0.92" CONTENT="förordnas"/>
						</TextLine>
						<TextLine ID="line_26" HPOS="208" VPOS="930" WIDTH="831" HEIGHT="27">
							<String ID="string_246" HPOS="208" VPOS="932" WIDTH="35" HEIGHT="19" WC="0.93" CONTENT="att"/><SP WIDTH="15" VPOS="932" HPOS="243"/>
							<String ID="string_247" HPOS="258" VPOS="930" WIDTH="47" HEIGHT="21" WC="0.96" CONTENT="föra"/><SP WIDTH="17" VPOS="930" HPOS="305"/>
							<String ID="string_248" HPOS="322" VPOS="930" WIDTH="42" HEIGHT="21" WC="0.60" CONTENT="det:"/><SP WIDTH="11" VPOS="930" HPOS="364"/>
							<String ID="string_249" HPOS="375" VPOS="930" WIDTH="127" HEIGHT="21" WC="0.91" CONTENT="åtminstone"/><SP WIDTH="20" VPOS="930" HPOS="502"/>
							<String ID="string_250" HPOS="522" VPOS="930" WIDTH="122" HEIGHT="21" WC="0.96" CONTENT="tillsvidare."/><SP WIDTH="26" VPOS="930" HPOS="644"/>
							<String ID="string_251" HPOS="670" VPOS="930" WIDTH="41" HEIGHT="27" WC="0.96" CONTENT="Jag"/><SP WIDTH="17" VPOS="930" HPOS="711"/>
							<String ID="string_252" HPOS="728" VPOS="932" WIDTH="23" HEIGHT="19" WC="0.93" CONTENT="är"/><SP WIDTH="16" VPOS="932" HPOS="751"/>
							<String ID="string_253" HPOS="767" VPOS="930" WIDTH="66" HEIGHT="21" WC="0.96" CONTENT="också"/><SP WIDTH="14" VPOS="930" HPOS="833"/>
							<String ID="string_254" HPOS="847" VPOS="930" WIDTH="51" HEIGHT="21" WC="0.93" CONTENT="fullt"/><SP WIDTH="14" VPOS="930" HPOS="898"/>
							<String ID="string_255" HPOS="912" VPOS="930" WIDTH="127" HEIGHT="27" WC="0.92" CONTENT="öfvertygad"/>
						</TextLine>
						<TextLine ID="line_27" HPOS="212" VPOS="958" WIDTH="825" HEIGHT="27">
							<String ID="string_256" HPOS="212" VPOS="958" WIDTH="72" HEIGHT="21" WC="0.92" CONTENT="derom"/><SP WIDTH="16" VPOS="958" HPOS="284"/>
							<String ID="string_257" HPOS="300" VPOS="961" WIDTH="39" HEIGHT="24" WC="0.96" CONTENT="att,"/><SP WIDTH="18" VPOS="961" HPOS="339"/>
							<String ID="string_258" HPOS="357" VPOS="959" WIDTH="36" HEIGHT="21" WC="0.96" CONTENT="der"/><SP WIDTH="17" VPOS="959" HPOS="393"/>
							<String ID="string_259" HPOS="410" VPOS="959" WIDTH="23" HEIGHT="20" WC="0.93" CONTENT="sä"/><SP WIDTH="16" VPOS="959" HPOS="433"/>
							<String ID="string_260" HPOS="449" VPOS="958" WIDTH="97" HEIGHT="21" WC="0.90" CONTENT="inträffar"/><SP WIDTH="16" VPOS="958" HPOS="546"/>
							<String ID="string_261" HPOS="562" VPOS="960" WIDTH="32" HEIGHT="19" WC="0.93" CONTENT="att"/><SP WIDTH="16" VPOS="960" HPOS="594"/>
							<String ID="string_262" HPOS="610" VPOS="959" WIDTH="69" HEIGHT="26" WC="0.93" CONTENT="nägon"/><SP WIDTH="16" VPOS="959" HPOS="679"/>
							<String ID="string_263" HPOS="695" VPOS="958" WIDTH="133" HEIGHT="27" WC="0.92" CONTENT="kronofogde"/><SP WIDTH="12" VPOS="958" HPOS="828"/>
							<String ID="string_264" HPOS="840" VPOS="958" WIDTH="52" HEIGHT="22" WC="0.93" CONTENT="eller"/><SP WIDTH="10" VPOS="958" HPOS="892"/>
							<String ID="string_265" HPOS="902" VPOS="958" WIDTH="135" HEIGHT="27" WC="0.92" CONTENT="magistrats-"/>
						</TextLine>
						<TextLine ID="line_28" HPOS="209" VPOS="987" WIDTH="829" HEIGHT="28">
							<String ID="string_266" HPOS="209" VPOS="994" WIDTH="80" HEIGHT="21" WC="0.93" CONTENT="person"/><SP WIDTH="16" VPOS="994" HPOS="289"/>
							<String ID="string_267" HPOS="305" VPOS="987" WIDTH="112" HEIGHT="22" WC="0.96" CONTENT="förordnas"/><SP WIDTH="16" VPOS="987" HPOS="417"/>
							<String ID="string_268" HPOS="433" VPOS="990" WIDTH="32" HEIGHT="19" WC="0.93" CONTENT="att"/><SP WIDTH="15" VPOS="990" HPOS="465"/>
							<String ID="string_269" HPOS="480" VPOS="987" WIDTH="46" HEIGHT="22" WC="0.93" CONTENT="föra"/><SP WIDTH="17" VPOS="987" HPOS="526"/>
							<String ID="string_270" HPOS="543" VPOS="988" WIDTH="155" HEIGHT="26" WC="0.93" CONTENT="civilregistret,"/><SP WIDTH="17" VPOS="988" HPOS="698"/>
							<String ID="string_271" HPOS="715" VPOS="988" WIDTH="36" HEIGHT="21" WC="0.96" CONTENT="det"/><SP WIDTH="16" VPOS="988" HPOS="751"/>
							<String ID="string_272" HPOS="767" VPOS="988" WIDTH="56" HEIGHT="21" WC="0.93" CONTENT="dock"/><SP WIDTH="14" VPOS="988" HPOS="823"/>
							<String ID="string_273" HPOS="837" VPOS="988" WIDTH="48" HEIGHT="21" WC="0.96" CONTENT="icke"/><SP WIDTH="17" VPOS="988" HPOS="885"/>
							<String ID="string_274" HPOS="902" VPOS="988" WIDTH="55" HEIGHT="21" WC="0.93" CONTENT="skall"/><SP WIDTH="15" VPOS="988" HPOS="957"/>
							<String ID="string_275" HPOS="972" VPOS="988" WIDTH="66" HEIGHT="21" WC="0.96" CONTENT="räcka"/>
						</TextLine>
						<TextLine ID="line_29" HPOS="209" VPOS="1015" WIDTH="829" HEIGHT="27">
							<String ID="string_276" HPOS="209" VPOS="1016" WIDTH="71" HEIGHT="26" WC="0.93" CONTENT="länge,"/><SP WIDTH="24" VPOS="1016" HPOS="280"/>
							<String ID="string_277" HPOS="304" VPOS="1016" WIDTH="63" HEIGHT="21" WC="0.92" CONTENT="innan"/><SP WIDTH="22" VPOS="1016" HPOS="367"/>
							<String ID="string_278" HPOS="389" VPOS="1016" WIDTH="288" HEIGHT="26" WC="0.92" CONTENT="dissenterförsamlingarna"/><SP WIDTH="15" VPOS="1016" HPOS="677"/>
							<String ID="string_279" HPOS="692" VPOS="1016" WIDTH="68" HEIGHT="26" WC="0.92" CONTENT="draga"/><SP WIDTH="14" VPOS="1016" HPOS="760"/>
							<String ID="string_280" HPOS="774" VPOS="1015" WIDTH="85" HEIGHT="27" WC="0.93" CONTENT="försorg"/><SP WIDTH="15" VPOS="1015" HPOS="859"/>
							<String ID="string_281" HPOS="874" VPOS="1016" WIDTH="74" HEIGHT="21" WC="0.92" CONTENT="derom"/><SP WIDTH="15" VPOS="1016" HPOS="948"/>
							<String ID="string_282" HPOS="963" VPOS="1018" WIDTH="34" HEIGHT="19" WC="0.96" CONTENT="att"/><SP WIDTH="15" VPOS="1018" HPOS="997"/>
							<String ID="string_283" HPOS="1012" VPOS="1016" WIDTH="26" HEIGHT="21" WC="0.96" CONTENT="de"/>
						</TextLine>
						<TextLine ID="line_30" HPOS="211" VPOS="1044" WIDTH="830" HEIGHT="27">
							<String ID="string_284" HPOS="211" VPOS="1044" WIDTH="21" HEIGHT="21" WC="0.96" CONTENT="få"/><SP WIDTH="15" VPOS="1044" HPOS="232"/>
							<String ID="string_285" HPOS="247" VPOS="1051" WIDTH="27" HEIGHT="15" WC="0.96" CONTENT="en"/><SP WIDTH="15" VPOS="1051" HPOS="274"/>
							<String ID="string_286" HPOS="289" VPOS="1050" WIDTH="84" HEIGHT="21" WC="0.96" CONTENT="person,"/><SP WIDTH="17" VPOS="1050" HPOS="373"/>
							<String ID="string_287" HPOS="390" VPOS="1050" WIDTH="48" HEIGHT="16" WC="0.96" CONTENT="som"/><SP WIDTH="15" VPOS="1050" HPOS="438"/>
							<String ID="string_288" HPOS="453" VPOS="1044" WIDTH="32" HEIGHT="22" WC="0.96" CONTENT="för"/><SP WIDTH="16" VPOS="1044" HPOS="485"/>
							<String ID="string_289" HPOS="501" VPOS="1045" WIDTH="62" HEIGHT="21" WC="0.93" CONTENT="deras"/><SP WIDTH="17" VPOS="1045" HPOS="563"/>
							<String ID="string_290" HPOS="580" VPOS="1044" WIDTH="146" HEIGHT="27" WC="0.92" CONTENT="civilregister."/><SP WIDTH="23" VPOS="1044" HPOS="726"/>
							<String ID="string_291" HPOS="749" VPOS="1044" WIDTH="41" HEIGHT="27" WC="0.96" CONTENT="Jag"/><SP WIDTH="15" VPOS="1044" HPOS="790"/>
							<String ID="string_292" HPOS="805" VPOS="1051" WIDTH="64" HEIGHT="15" WC="0.96" CONTENT="anser"/><SP WIDTH="16" VPOS="1051" HPOS="869"/>
							<String ID="string_293" HPOS="885" VPOS="1045" WIDTH="39" HEIGHT="21" WC="0.96" CONTENT="det"/><SP WIDTH="15" VPOS="1045" HPOS="924"/>
							<String ID="string_294" HPOS="939" VPOS="1051" WIDTH="50" HEIGHT="14" WC="0.40" CONTENT="vara"/><SP WIDTH="9" VPOS="1051" HPOS="989"/>
							<String ID="string_295" HPOS="998" VPOS="1044" WIDTH="43" HEIGHT="21" WC="0.40" CONTENT="far-"/>
						</TextLine>
						<TextLine ID="line_31" HPOS="211" VPOS="1073" WIDTH="828" HEIGHT="27">
							<String ID="string_296" HPOS="211" VPOS="1073" WIDTH="39" HEIGHT="27" WC="0.92" CONTENT="ligt"/><SP WIDTH="24" VPOS="1073" HPOS="250"/>
							<String ID="string_297" HPOS="274" VPOS="1075" WIDTH="30" HEIGHT="19" WC="0.92" CONTENT="att"/><SP WIDTH="23" VPOS="1075" HPOS="304"/>
							<String ID="string_298" HPOS="327" VPOS="1073" WIDTH="88" HEIGHT="21" WC="0.92" CONTENT="försöka"/><SP WIDTH="23" VPOS="1073" HPOS="415"/>
							<String ID="string_299" HPOS="438" VPOS="1073" WIDTH="40" HEIGHT="21" WC="0.95" CONTENT="sila"/><SP WIDTH="23" VPOS="1073" HPOS="478"/>
							<String ID="string_300" HPOS="501" VPOS="1073" WIDTH="49" HEIGHT="21" WC="0.96" CONTENT="bort"/><SP WIDTH="15" VPOS="1073" HPOS="550"/>
							<String ID="string_301" HPOS="565" VPOS="1073" WIDTH="69" HEIGHT="21" WC="0.93" CONTENT="denna"/><SP WIDTH="16" VPOS="1073" HPOS="634"/>
							<String ID="string_302" HPOS="650" VPOS="1079" WIDTH="77" HEIGHT="20" WC="0.93" CONTENT="mygga"/><SP WIDTH="15" VPOS="1079" HPOS="727"/>
							<String ID="string_303" HPOS="742" VPOS="1073" WIDTH="33" HEIGHT="21" WC="0.96" CONTENT="för"/><SP WIDTH="17" VPOS="1073" HPOS="775"/>
							<String ID="string_304" HPOS="792" VPOS="1075" WIDTH="30" HEIGHT="19" WC="0.93" CONTENT="att"/><SP WIDTH="17" VPOS="1075" HPOS="822"/>
							<String ID="string_305" HPOS="839" VPOS="1073" WIDTH="100" HEIGHT="27" WC="0.92" CONTENT="möjligen"/><SP WIDTH="17" VPOS="1073" HPOS="939"/>
							<String ID="string_306" HPOS="956" VPOS="1073" WIDTH="83" HEIGHT="26" WC="0.91" CONTENT="nödgas"/>
						</TextLine>
						<TextLine ID="line_32" HPOS="209" VPOS="1101" WIDTH="831" HEIGHT="27">
							<String ID="string_307" HPOS="209" VPOS="1101" WIDTH="69" HEIGHT="27" WC="0.86" CONTENT="svälja"/><SP WIDTH="24" VPOS="1101" HPOS="278"/>
							<String ID="string_308" HPOS="302" VPOS="1108" WIDTH="24" HEIGHT="14" WC="0.79" CONTENT="en"/><SP WIDTH="24" VPOS="1108" HPOS="326"/>
							<String ID="string_309" HPOS="350" VPOS="1101" WIDTH="71" HEIGHT="21" WC="0.96" CONTENT="kamel"/><SP WIDTH="18" VPOS="1101" HPOS="421"/>
							<String ID="string_310" HPOS="439" VPOS="1101" WIDTH="40" HEIGHT="21" WC="0.93" CONTENT="och"/><SP WIDTH="21" VPOS="1101" HPOS="479"/>
							<String ID="string_311" HPOS="500" VPOS="1101" WIDTH="65" HEIGHT="21" WC="0.90" CONTENT="hlifva"/><SP WIDTH="19" VPOS="1101" HPOS="565"/>
							<String ID="string_312" HPOS="584" VPOS="1103" WIDTH="52" HEIGHT="19" WC="0.93" CONTENT="utan"/><SP WIDTH="17" VPOS="1103" HPOS="636"/>
							<String ID="string_313" HPOS="653" VPOS="1101" WIDTH="148" HEIGHT="27" WC="0.92" CONTENT="dissenterlag."/><SP WIDTH="30" VPOS="1101" HPOS="801"/>
							<String ID="string_314" HPOS="831" VPOS="1101" WIDTH="42" HEIGHT="27" WC="0.96" CONTENT="Jag"/><SP WIDTH="17" VPOS="1101" HPOS="873"/>
							<String ID="string_315" HPOS="890" VPOS="1107" WIDTH="63" HEIGHT="15" WC="0.93" CONTENT="anser"/><SP WIDTH="16" VPOS="1107" HPOS="953"/>
							<String ID="string_316" HPOS="969" VPOS="1101" WIDTH="71" HEIGHT="21" WC="0.96" CONTENT="derför"/>
						</TextLine>
						<TextLine ID="line_33" HPOS="210" VPOS="1130" WIDTH="415" HEIGHT="26">
							<String ID="string_317" HPOS="210" VPOS="1132" WIDTH="33" HEIGHT="19" WC="0.93" CONTENT="att"/><SP WIDTH="16" VPOS="1132" HPOS="243"/>
							<String ID="string_318" HPOS="259" VPOS="1132" WIDTH="118" HEIGHT="19" WC="0.91" CONTENT="momentet"/><SP WIDTH="16" VPOS="1132" HPOS="377"/>
							<String ID="string_319" HPOS="393" VPOS="1136" WIDTH="66" HEIGHT="20" WC="0.93" CONTENT="gerna"/><SP WIDTH="16" VPOS="1136" HPOS="459"/>
							<String ID="string_320" HPOS="475" VPOS="1130" WIDTH="42" HEIGHT="21" WC="0.93" CONTENT="kan"/><SP WIDTH="15" VPOS="1130" HPOS="517"/>
							<String ID="string_321" HPOS="532" VPOS="1130" WIDTH="93" HEIGHT="26" WC="0.91" CONTENT="gvarstä."/>
						</TextLine>
					</TextBlock>
					<TextBlock ID="block_2" HPOS="211" VPOS="1158" WIDTH="830" HEIGHT="114">
						<TextLine ID="line_34" HPOS="281" VPOS="1158" WIDTH="759" HEIGHT="27">
							<String ID="string_322" HPOS="281" VPOS="1159" WIDTH="97" HEIGHT="21" WC="0.92" CONTENT="Provasti"/><SP WIDTH="17" VPOS="1159" HPOS="378"/>
							<String ID="string_323" HPOS="395" VPOS="1159" WIDTH="127" HEIGHT="26" WC="0.92" CONTENT="Rosengren:"/><SP WIDTH="32" VPOS="1159" HPOS="522"/>
							<String ID="string_324" HPOS="554" VPOS="1158" WIDTH="27" HEIGHT="22" WC="0.95" CONTENT="Se"/><SP WIDTH="22" VPOS="1158" HPOS="581"/>
							<String ID="string_325" HPOS="603" VPOS="1158" WIDTH="70" HEIGHT="21" WC="0.96" CONTENT="tuntui"/><SP WIDTH="17" VPOS="1158" HPOS="673"/>
							<String ID="string_326" HPOS="690" VPOS="1158" WIDTH="91" HEIGHT="21" WC="0.96" CONTENT="minusta"/><SP WIDTH="19" VPOS="1158" HPOS="781"/>
							<String ID="string_327" HPOS="800" VPOS="1158" WIDTH="48" HEIGHT="21" WC="0.96" CONTENT="kuin"/><SP WIDTH="18" VPOS="1158" HPOS="848"/>
							<String ID="string_328" HPOS="866" VPOS="1159" WIDTH="37" HEIGHT="20" WC="0.96" CONTENT="hra"/><SP WIDTH="17" VPOS="1159" HPOS="903"/>
							<String ID="string_329" HPOS="920" VPOS="1159" WIDTH="56" HEIGHT="26" WC="0.96" CONTENT="Lyra"/><SP WIDTH="16" VPOS="1159" HPOS="976"/>
							<String ID="string_330" HPOS="992" VPOS="1158" WIDTH="48" HEIGHT="22" WC="0.96" CONTENT="olisi"/>
						</TextLine>
						<TextLine ID="line_35" HPOS="211" VPOS="1186" WIDTH="827" HEIGHT="26">
							<String ID="string_331" HPOS="211" VPOS="1186" WIDTH="105" HEIGHT="21" WC="0.96" CONTENT="tahtonut"/><SP WIDTH="13" VPOS="1186" HPOS="316"/>
							<String ID="string_332" HPOS="329" VPOS="1186" WIDTH="93" HEIGHT="21" WC="0.96" CONTENT="loukata"/><SP WIDTH="13" VPOS="1186" HPOS="422"/>
							<String ID="string_333" HPOS="435" VPOS="1186" WIDTH="74" HEIGHT="21" WC="0.96" CONTENT="minua"/><SP WIDTH="14" VPOS="1186" HPOS="509"/>
							<String ID="string_334" HPOS="523" VPOS="1186" WIDTH="50" HEIGHT="21" WC="0.93" CONTENT="sillä"/><SP WIDTH="14" VPOS="1186" HPOS="573"/>
							<String ID="string_335" HPOS="587" VPOS="1186" WIDTH="150" HEIGHT="26" WC="0.92" CONTENT="lauseellansa,"/><SP WIDTH="16" VPOS="1186" HPOS="737"/>
							<String ID="string_336" HPOS="753" VPOS="1186" WIDTH="44" HEIGHT="21" WC="0.96" CONTENT="kun"/><SP WIDTH="16" VPOS="1186" HPOS="797"/>
							<String ID="string_337" HPOS="813" VPOS="1186" WIDTH="41" HEIGHT="21" WC="0.96" CONTENT="hän"/><SP WIDTH="16" VPOS="1186" HPOS="854"/>
							<String ID="string_338" HPOS="870" VPOS="1186" WIDTH="69" HEIGHT="26" WC="0.96" CONTENT="sanoi,"/><SP WIDTH="15" VPOS="1186" HPOS="939"/>
							<String ID="string_339" HPOS="954" VPOS="1188" WIDTH="48" HEIGHT="19" WC="0.96" CONTENT="että"/><SP WIDTH="13" VPOS="1188" HPOS="1002"/>
							<String ID="string_340" HPOS="1015" VPOS="1188" WIDTH="23" HEIGHT="19" WC="0.96" CONTENT="11"/>
						</TextLine>
						<TextLine ID="line_36" HPOS="212" VPOS="1215" WIDTH="829" HEIGHT="27">
							<String ID="string_341" HPOS="212" VPOS="1217" WIDTH="75" HEIGHT="19" WC="0.95" CONTENT="vuotta"/><SP WIDTH="23" VPOS="1217" HPOS="287"/>
							<String ID="string_342" HPOS="310" VPOS="1215" WIDTH="114" HEIGHT="27" WC="0.95" CONTENT="takaperin"/><SP WIDTH="23" VPOS="1215" HPOS="424"/>
							<String ID="string_343" HPOS="447" VPOS="1215" WIDTH="58" HEIGHT="21" WC="0.96" CONTENT="minä"/><SP WIDTH="16" VPOS="1215" HPOS="505"/>
							<String ID="string_344" HPOS="521" VPOS="1215" WIDTH="98" HEIGHT="27" WC="0.96" CONTENT="ajattelin"/><SP WIDTH="12" VPOS="1215" HPOS="619"/>
							<String ID="string_345" HPOS="631" VPOS="1215" WIDTH="26" HEIGHT="27" WC="0.96" CONTENT="ja"/><SP WIDTH="13" VPOS="1215" HPOS="657"/>
							<String ID="string_346" HPOS="670" VPOS="1215" WIDTH="74" HEIGHT="27" WC="0.96" CONTENT="päätin"/><SP WIDTH="16" VPOS="1215" HPOS="744"/>
							<String ID="string_347" HPOS="760" VPOS="1215" WIDTH="63" HEIGHT="21" WC="0.96" CONTENT="toisin"/><SP WIDTH="16" VPOS="1215" HPOS="823"/>
							<String ID="string_348" HPOS="839" VPOS="1215" WIDTH="52" HEIGHT="21" WC="0.96" CONTENT="kuin"/><SP WIDTH="17" VPOS="1215" HPOS="891"/>
							<String ID="string_349" HPOS="908" VPOS="1217" WIDTH="43" HEIGHT="24" WC="0.96" CONTENT="nyt."/><SP WIDTH="31" VPOS="1217" HPOS="951"/>
							<String ID="string_350" HPOS="982" VPOS="1215" WIDTH="59" HEIGHT="21" WC="0.96" CONTENT="Minä"/>
						</TextLine>
						<TextLine ID="line_37" HPOS="213" VPOS="1244" WIDTH="826" HEIGHT="28">
							<String ID="string_351" HPOS="213" VPOS="1244" WIDTH="84" HEIGHT="28" WC="0.96" CONTENT="pyydän"/><SP WIDTH="16" VPOS="1244" HPOS="297"/>
							<String ID="string_352" HPOS="313" VPOS="1244" WIDTH="40" HEIGHT="21" WC="0.92" CONTENT="hra"/><SP WIDTH="15" VPOS="1244" HPOS="353"/>
							<String ID="string_353" HPOS="368" VPOS="1244" WIDTH="72" HEIGHT="26" WC="0.92" CONTENT="Lyraa"/><SP WIDTH="13" VPOS="1244" HPOS="440"/>
							<String ID="string_354" HPOS="453" VPOS="1244" WIDTH="128" HEIGHT="21" WC="0.96" CONTENT="katsomaan"/><SP WIDTH="16" VPOS="1244" HPOS="581"/>
							<String ID="string_355" HPOS="597" VPOS="1244" WIDTH="93" HEIGHT="21" WC="0.93" CONTENT="entisten"/><SP WIDTH="16" VPOS="1244" HPOS="690"/>
							<String ID="string_356" HPOS="706" VPOS="1244" WIDTH="151" HEIGHT="27" WC="0.92" CONTENT="valtiopäiväin"/><SP WIDTH="11" VPOS="1244" HPOS="857"/>
							<String ID="string_357" HPOS="868" VPOS="1244" WIDTH="171" HEIGHT="27" WC="0.96" CONTENT="pöytäkirjoista,"/>
						</TextLine>
					</TextBlock>
					<TextBlock ID="block_3" HPOS="189" VPOS="1272" WIDTH="872" HEIGHT="284">
						<TextLine ID="line_38" HPOS="189" VPOS="1272" WIDTH="851" HEIGHT="26">
							<String ID="string_358" HPOS="189" VPOS="1272" WIDTH="66" HEIGHT="21" WC="0.69" CONTENT="niin"/><SP WIDTH="16" VPOS="1272" HPOS="255"/>
							<String ID="string_359" HPOS="271" VPOS="1272" WIDTH="58" HEIGHT="21" WC="0.96" CONTENT="tulee"/><SP WIDTH="16" VPOS="1272" HPOS="329"/>
							<String ID="string_360" HPOS="345" VPOS="1272" WIDTH="42" HEIGHT="21" WC="0.93" CONTENT="hän"/><SP WIDTH="15" VPOS="1272" HPOS="387"/>
							<String ID="string_361" HPOS="402" VPOS="1272" WIDTH="120" HEIGHT="21" WC="0.96" CONTENT="näkemään"/><SP WIDTH="16" VPOS="1272" HPOS="522"/>
							<String ID="string_362" HPOS="538" VPOS="1278" WIDTH="45" HEIGHT="20" WC="0.96" CONTENT="sen,"/><SP WIDTH="16" VPOS="1278" HPOS="583"/>
							<String ID="string_363" HPOS="599" VPOS="1274" WIDTH="47" HEIGHT="19" WC="0.96" CONTENT="että"/><SP WIDTH="13" VPOS="1274" HPOS="646"/>
							<String ID="string_364" HPOS="659" VPOS="1272" WIDTH="58" HEIGHT="21" WC="0.96" CONTENT="minä"/><SP WIDTH="15" VPOS="1272" HPOS="717"/>
							<String ID="string_365" HPOS="732" VPOS="1279" WIDTH="25" HEIGHT="14" WC="0.96" CONTENT="en"/><SP WIDTH="10" VPOS="1279" HPOS="757"/>
							<String ID="string_366" HPOS="767" VPOS="1272" WIDTH="33" HEIGHT="21" WC="0.96" CONTENT="ole"/><SP WIDTH="9" VPOS="1272" HPOS="800"/>
							<String ID="string_367" HPOS="809" VPOS="1272" WIDTH="96" HEIGHT="21" WC="0.92" CONTENT="koskaan"/><SP WIDTH="11" VPOS="1272" HPOS="905"/>
							<String ID="string_368" HPOS="916" VPOS="1272" WIDTH="124" HEIGHT="21" WC="0.92" CONTENT="dissenteri-"/>
						</TextLine>
						<TextLine ID="line_39" HPOS="212" VPOS="1299" WIDTH="827" HEIGHT="28">
							<String ID="string_369" HPOS="212" VPOS="1299" WIDTH="59" HEIGHT="21" WC="0.93" CONTENT="lakia"/><SP WIDTH="14" VPOS="1299" HPOS="271"/>
							<String ID="string_370" HPOS="285" VPOS="1300" WIDTH="109" HEIGHT="27" WC="0.93" CONTENT="hyvinnyt,"/><SP WIDTH="18" VPOS="1300" HPOS="394"/>
							<String ID="string_371" HPOS="412" VPOS="1300" WIDTH="54" HEIGHT="21" WC="0.96" CONTENT="enkä"/><SP WIDTH="17" VPOS="1300" HPOS="466"/>
							<String ID="string_372" HPOS="483" VPOS="1300" WIDTH="116" HEIGHT="27" WC="0.96" CONTENT="myöskään"/><SP WIDTH="17" VPOS="1300" HPOS="599"/>
							<String ID="string_373" HPOS="616" VPOS="1300" WIDTH="56" HEIGHT="21" WC="0.96" CONTENT="koko"/><SP WIDTH="16" VPOS="1300" HPOS="672"/>
							<String ID="string_374" HPOS="688" VPOS="1300" WIDTH="59" HEIGHT="21" WC="0.96" CONTENT="asiaa"/><SP WIDTH="17" VPOS="1300" HPOS="747"/>
							<String ID="string_375" HPOS="764" VPOS="1300" WIDTH="142" HEIGHT="26" WC="0.96" CONTENT="milloinkaan,"/><SP WIDTH="19" VPOS="1300" HPOS="906"/>
							<String ID="string_376" HPOS="925" VPOS="1300" WIDTH="47" HEIGHT="21" WC="0.96" CONTENT="sillä"/><SP WIDTH="11" VPOS="1300" HPOS="972"/>
							<String ID="string_377" HPOS="983" VPOS="1300" WIDTH="56" HEIGHT="21" WC="0.96" CONTENT="minä"/>
						</TextLine>
						<TextLine ID="line_40" HPOS="211" VPOS="1329" WIDTH="828" HEIGHT="27">
							<String ID="string_378" HPOS="211" VPOS="1329" WIDTH="42" HEIGHT="21" WC="0.96" CONTENT="olin"/><SP WIDTH="19" VPOS="1329" HPOS="253"/>
							<String ID="string_379" HPOS="272" VPOS="1329" WIDTH="61" HEIGHT="21" WC="0.93" CONTENT="ainoa"/><SP WIDTH="16" VPOS="1329" HPOS="333"/>
							<String ID="string_380" HPOS="349" VPOS="1329" WIDTH="189" HEIGHT="27" WC="0.91" CONTENT="pappissäädyssä,"/><SP WIDTH="14" VPOS="1329" HPOS="538"/>
							<String ID="string_381" HPOS="552" VPOS="1329" WIDTH="53" HEIGHT="27" WC="0.93" CONTENT="joka"/><SP WIDTH="14" VPOS="1329" HPOS="605"/>
							<String ID="string_382" HPOS="619" VPOS="1329" WIDTH="172" HEIGHT="26" WC="0.92" CONTENT="pyyntöesitystä"/><SP WIDTH="13" VPOS="1329" HPOS="791"/>
							<String ID="string_383" HPOS="804" VPOS="1329" WIDTH="114" HEIGHT="26" WC="0.93" CONTENT="vastustin,"/><SP WIDTH="11" VPOS="1329" HPOS="918"/>
							<String ID="string_384" HPOS="929" VPOS="1329" WIDTH="51" HEIGHT="21" WC="0.93" CONTENT="kuin"/><SP WIDTH="9" VPOS="1329" HPOS="980"/>
							<String ID="string_385" HPOS="989" VPOS="1335" WIDTH="50" HEIGHT="21" WC="0.93" CONTENT="pyy-"/>
						</TextLine>
						<TextLine ID="line_41" HPOS="212" VPOS="1357" WIDTH="827" HEIGHT="27">
							<String ID="string_386" HPOS="212" VPOS="1357" WIDTH="83" HEIGHT="25" WC="0.65" CONTENT="döttiin,"/><SP WIDTH="18" VPOS="1357" HPOS="295"/>
							<String ID="string_387" HPOS="313" VPOS="1359" WIDTH="46" HEIGHT="19" WC="0.93" CONTENT="että"/><SP WIDTH="16" VPOS="1359" HPOS="359"/>
							<String ID="string_388" HPOS="375" VPOS="1357" WIDTH="268" HEIGHT="21" WC="0.92" CONTENT="eriuskolaisseurakuntia"/><SP WIDTH="16" VPOS="1357" HPOS="643"/>
							<String ID="string_389" HPOS="659" VPOS="1357" WIDTH="72" HEIGHT="27" WC="0.96" CONTENT="pitäisi"/><SP WIDTH="16" VPOS="1357" HPOS="731"/>
							<String ID="string_390" HPOS="747" VPOS="1357" WIDTH="66" HEIGHT="21" WC="0.96" CONTENT="saada"/><SP WIDTH="15" VPOS="1357" HPOS="813"/>
							<String ID="string_391" HPOS="828" VPOS="1357" WIDTH="90" HEIGHT="21" WC="0.96" CONTENT="maahan"/><SP WIDTH="11" VPOS="1357" HPOS="918"/>
							<String ID="string_392" HPOS="929" VPOS="1359" WIDTH="110" HEIGHT="25" WC="0.96" CONTENT="perustaa."/>
						</TextLine>
						<TextLine ID="line_42" HPOS="211" VPOS="1386" WIDTH="850" HEIGHT="27">
							<String ID="string_393" HPOS="211" VPOS="1387" WIDTH="60" HEIGHT="22" WC="0.96" CONTENT="Minä"/><SP WIDTH="16" VPOS="1387" HPOS="271"/>
							<String ID="string_394" HPOS="287" VPOS="1393" WIDTH="25" HEIGHT="15" WC="0.96" CONTENT="en"/><SP WIDTH="17" VPOS="1393" HPOS="312"/>
							<String ID="string_395" HPOS="329" VPOS="1386" WIDTH="33" HEIGHT="22" WC="0.96" CONTENT="ole"/><SP WIDTH="16" VPOS="1386" HPOS="362"/>
							<String ID="string_396" HPOS="378" VPOS="1386" WIDTH="53" HEIGHT="21" WC="0.96" CONTENT="niitä"/><SP WIDTH="15" VPOS="1386" HPOS="431"/>
							<String ID="string_397" HPOS="446" VPOS="1386" WIDTH="98" HEIGHT="26" WC="0.96" CONTENT="halunut,"/><SP WIDTH="16" VPOS="1386" HPOS="544"/>
							<String ID="string_398" HPOS="560" VPOS="1386" WIDTH="55" HEIGHT="21" WC="0.96" CONTENT="enkä"/><SP WIDTH="16" VPOS="1386" HPOS="615"/>
							<String ID="string_399" HPOS="631" VPOS="1386" WIDTH="93" HEIGHT="26" WC="0.96" CONTENT="nytkään"/><SP WIDTH="15" VPOS="1386" HPOS="724"/>
							<String ID="string_400" HPOS="739" VPOS="1386" WIDTH="51" HEIGHT="27" WC="0.96" CONTENT="pidä"/><SP WIDTH="16" VPOS="1386" HPOS="790"/>
							<String ID="string_401" HPOS="806" VPOS="1386" WIDTH="42" HEIGHT="21" WC="0.96" CONTENT="sitä"/><SP WIDTH="15" VPOS="1386" HPOS="848"/>
							<String ID="string_402" HPOS="863" VPOS="1386" WIDTH="118" HEIGHT="21" WC="0.93" CONTENT="laisinkaan"/><SP WIDTH="9" VPOS="1386" HPOS="981"/>
							<String ID="string_403" HPOS="990" VPOS="1392" WIDTH="50" HEIGHT="15" WC="0.32" CONTENT="suo-"/><SP WIDTH="18" VPOS="1392" HPOS="1040"/>
							<String ID="string_404" HPOS="1058" VPOS="1396" WIDTH="3" HEIGHT="2" WC="0.78" CONTENT="-"/>
						</TextLine>
						<TextLine ID="line_43" HPOS="212" VPOS="1413" WIDTH="828" HEIGHT="27">
							<String ID="string_405" HPOS="212" VPOS="1415" WIDTH="79" HEIGHT="19" WC="0.91" CONTENT="tavana"/><SP WIDTH="16" VPOS="1415" HPOS="291"/>
							<String ID="string_406" HPOS="307" VPOS="1414" WIDTH="80" HEIGHT="20" WC="0.93" CONTENT="asiana."/><SP WIDTH="24" VPOS="1414" HPOS="387"/>
							<String ID="string_407" HPOS="411" VPOS="1414" WIDTH="97" HEIGHT="21" WC="0.93" CONTENT="Provasti"/><SP WIDTH="17" VPOS="1414" HPOS="508"/>
							<String ID="string_408" HPOS="525" VPOS="1413" WIDTH="101" HEIGHT="22" WC="0.96" CONTENT="Sandelin"/><SP WIDTH="18" VPOS="1413" HPOS="626"/>
							<String ID="string_409" HPOS="644" VPOS="1419" WIDTH="25" HEIGHT="16" WC="0.96" CONTENT="on"/><SP WIDTH="16" VPOS="1419" HPOS="669"/>
							<String ID="string_410" HPOS="685" VPOS="1413" WIDTH="114" HEIGHT="22" WC="0.96" CONTENT="koettanut"/><SP WIDTH="15" VPOS="1413" HPOS="799"/>
							<String ID="string_411" HPOS="814" VPOS="1413" WIDTH="93" HEIGHT="27" WC="0.94" CONTENT="selittää,"/><SP WIDTH="19" VPOS="1413" HPOS="907"/>
							<String ID="string_412" HPOS="926" VPOS="1415" WIDTH="43" HEIGHT="20" WC="0.94" CONTENT="että"/><SP WIDTH="12" VPOS="1415" HPOS="969"/>
							<String ID="string_413" HPOS="981" VPOS="1415" WIDTH="59" HEIGHT="19" WC="0.96" CONTENT="tämä"/>
						</TextLine>
						<TextLine ID="line_44" HPOS="211" VPOS="1443" WIDTH="829" HEIGHT="27">
							<String ID="string_414" HPOS="211" VPOS="1444" WIDTH="94" HEIGHT="20" WC="0.96" CONTENT="säännös"/><SP WIDTH="24" VPOS="1444" HPOS="305"/>
							<String ID="string_415" HPOS="329" VPOS="1443" WIDTH="48" HEIGHT="21" WC="0.93" CONTENT="olisi"/><SP WIDTH="24" VPOS="1443" HPOS="377"/>
							<String ID="string_416" HPOS="401" VPOS="1443" WIDTH="77" HEIGHT="27" WC="0.92" CONTENT="aijottu"/><SP WIDTH="16" VPOS="1443" HPOS="478"/>
							<String ID="string_417" HPOS="494" VPOS="1449" WIDTH="54" HEIGHT="15" WC="0.96" CONTENT="vaan"/><SP WIDTH="16" VPOS="1449" HPOS="548"/>
							<String ID="string_418" HPOS="564" VPOS="1443" WIDTH="133" HEIGHT="21" WC="0.96" CONTENT="satunnaisia"/><SP WIDTH="15" VPOS="1443" HPOS="697"/>
							<String ID="string_419" HPOS="712" VPOS="1443" WIDTH="135" HEIGHT="21" WC="0.96" CONTENT="mahdollisia"/><SP WIDTH="16" VPOS="1443" HPOS="847"/>
							<String ID="string_420" HPOS="863" VPOS="1443" WIDTH="114" HEIGHT="27" WC="0.93" CONTENT="tapauksia"/><SP WIDTH="15" VPOS="1443" HPOS="977"/>
							<String ID="string_421" HPOS="992" VPOS="1449" WIDTH="48" HEIGHT="15" WC="0.91" CONTENT="var-"/>
						</TextLine>
						<TextLine ID="line_45" HPOS="213" VPOS="1471" WIDTH="828" HEIGHT="27">
							<String ID="string_422" HPOS="213" VPOS="1473" WIDTH="43" HEIGHT="24" WC="0.96" CONTENT="ten,"/><SP WIDTH="21" VPOS="1473" HPOS="256"/>
							<String ID="string_423" HPOS="277" VPOS="1471" WIDTH="69" HEIGHT="27" WC="0.95" CONTENT="joihin"/><SP WIDTH="23" VPOS="1471" HPOS="346"/>
							<String ID="string_424" HPOS="369" VPOS="1471" WIDTH="53" HEIGHT="22" WC="0.96" CONTENT="voisi"/><SP WIDTH="21" VPOS="1471" HPOS="422"/>
							<String ID="string_425" HPOS="443" VPOS="1471" WIDTH="43" HEIGHT="22" WC="0.97" CONTENT="olla"/><SP WIDTH="15" VPOS="1471" HPOS="486"/>
							<String ID="string_426" HPOS="501" VPOS="1473" WIDTH="67" HEIGHT="25" WC="0.96" CONTENT="syynä"/><SP WIDTH="12" VPOS="1473" HPOS="568"/>
							<String ID="string_427" HPOS="580" VPOS="1471" WIDTH="98" HEIGHT="27" WC="0.96" CONTENT="johtajan"/><SP WIDTH="13" VPOS="1471" HPOS="678"/>
							<String ID="string_428" HPOS="691" VPOS="1472" WIDTH="53" HEIGHT="26" WC="0.96" CONTENT="joko"/><SP WIDTH="15" VPOS="1472" HPOS="744"/>
							<String ID="string_429" HPOS="759" VPOS="1472" WIDTH="84" HEIGHT="20" WC="0.96" CONTENT="sairaus"/><SP WIDTH="16" VPOS="1472" HPOS="843"/>
							<String ID="string_430" HPOS="859" VPOS="1471" WIDTH="29" HEIGHT="21" WC="0.96" CONTENT="tai"/><SP WIDTH="16" VPOS="1471" HPOS="888"/>
							<String ID="string_431" HPOS="904" VPOS="1478" WIDTH="50" HEIGHT="14" WC="0.93" CONTENT="muu"/><SP WIDTH="16" VPOS="1478" HPOS="954"/>
							<String ID="string_432" HPOS="970" VPOS="1473" WIDTH="71" HEIGHT="19" WC="0.92" CONTENT="sattu-"/>
						</TextLine>
						<TextLine ID="line_46" HPOS="213" VPOS="1499" WIDTH="828" HEIGHT="27">
							<String ID="string_433" HPOS="213" VPOS="1506" WIDTH="54" HEIGHT="19" WC="0.95" CONTENT="mus,"/><SP WIDTH="22" VPOS="1506" HPOS="267"/>
							<String ID="string_434" HPOS="289" VPOS="1499" WIDTH="52" HEIGHT="27" WC="0.96" CONTENT="joka"/><SP WIDTH="23" VPOS="1499" HPOS="341"/>
							<String ID="string_435" HPOS="364" VPOS="1500" WIDTH="63" HEIGHT="21" WC="0.96" CONTENT="tekisi"/><SP WIDTH="17" VPOS="1500" HPOS="427"/>
							<String ID="string_436" HPOS="444" VPOS="1499" WIDTH="66" HEIGHT="21" WC="0.96" CONTENT="häntä"/><SP WIDTH="15" VPOS="1499" HPOS="510"/>
							<String ID="string_437" HPOS="525" VPOS="1500" WIDTH="224" HEIGHT="26" WC="0.96" CONTENT="kykenemättömäksi"/><SP WIDTH="16" VPOS="1500" HPOS="749"/>
							<String ID="string_438" HPOS="765" VPOS="1500" WIDTH="120" HEIGHT="21" WC="0.96" CONTENT="hoitamaan"/><SP WIDTH="18" VPOS="1500" HPOS="885"/>
							<String ID="string_439" HPOS="903" VPOS="1499" WIDTH="59" HEIGHT="21" WC="0.93" CONTENT="näitä"/><SP WIDTH="15" VPOS="1499" HPOS="962"/>
							<String ID="string_440" HPOS="977" VPOS="1499" WIDTH="64" HEIGHT="21" WC="0.92" CONTENT="sivili-"/>
						</TextLine>
						<TextLine ID="line_47" HPOS="213" VPOS="1528" WIDTH="826" HEIGHT="28">
							<String ID="string_441" HPOS="213" VPOS="1529" WIDTH="144" HEIGHT="27" WC="0.91" CONTENT="registereitä,"/><SP WIDTH="15" VPOS="1529" HPOS="357"/>
							<String ID="string_442" HPOS="372" VPOS="1529" WIDTH="21" HEIGHT="26" WC="0.96" CONTENT="ja"/><SP WIDTH="16" VPOS="1529" HPOS="393"/>
							<String ID="string_443" HPOS="409" VPOS="1524" WIDTH="52" HEIGHT="36" WC="0.92" CONTENT="että."/><SP WIDTH="10" VPOS="1524" HPOS="461"/>
							<String ID="string_444" HPOS="471" VPOS="1528" WIDTH="70" HEIGHT="22" WC="0.92" CONTENT="silloin"/><SP WIDTH="15" VPOS="1528" HPOS="541"/>
							<String ID="string_445" HPOS="556" VPOS="1528" WIDTH="48" HEIGHT="22" WC="0.96" CONTENT="olisi"/><SP WIDTH="16" VPOS="1528" HPOS="604"/>
							<String ID="string_446" HPOS="620" VPOS="1528" WIDTH="71" HEIGHT="21" WC="0.96" CONTENT="varsin"/><SP WIDTH="11" VPOS="1528" HPOS="691"/>
							<String ID="string_447" HPOS="702" VPOS="1528" WIDTH="188" HEIGHT="22" WC="0.96" CONTENT="välttämättömän"/><SP WIDTH="9" VPOS="1528" HPOS="890"/>
							<String ID="string_448" HPOS="899" VPOS="1528" WIDTH="140" HEIGHT="27" WC="0.96" CONTENT="tarpeellista,"/>
						</TextLine>
					</TextBlock>
				</ComposedBlock>
			</PrintSpace>
		</Page>
	</Layout>
</alto>
