1094 1783
390 138 77 20 Huhtik.
483 138 26 20 28
525 146 19 17 'p.
820 140 40 19 935

69 203 209 28 metrijärjestelmän.
294 203 165 27 käyttämisestä
469 202 121 28 palöviinan
602 203 177 21 valmistuksessa
787 203 22 27 ja
814 203 83 27 inyyh-:

70 232 57 21 nissä
144 232 52 21 sekä
213 232 141 21 valiokunnan
370 232 97 27 säätyjen
484 231 126 28 päätöksien
626 232 100 32 johdosta
742 232 97 32 tekemää
857 237 34 16 so:

69 260 175 25 vitusehdotusta
266 260 61 21 kaksi
343 262 75 25 säätyä
433 266 27 15 on
476 260 164 32 päätöksissään
655 260 74 27 jäänyt
744 260 66 21 toista”
819 260 72 21 kahta

69 285 96 35 vastaan,
188 289 114 34 paloviinan
324 288 155 23 valmistusvero
497 285 47 49 olisi
557 288 65 28 jäävä
637 289 124 21 entiselleen
770 289 27 27 ja
814 289 81 41 tekevä:

69 319 73 25 61,1344
157 318 77 26 penniä
249 318 87 21 litralta.

138 346 146 26 Kirjoituksen
298 346 102 26 johdosta
415 346 80 21 lausui:
781 348 2 2 |
877 348 22 25 34

137 374 131 27 Yliopettaja
293 374 99 21 Kihlman:
418 374 82 21 Genom
526 374 69 21 denna
619 354 110 41 skrifvelse
750 374 39 21 har
805 365 88 30 "ståndet

70 402 68 21 blifvit
161 402 150 22 underrättadt
334 402 79 26 derom,
434 404 32 20 att
482 403 31 20 till
530 402 51 27 följd
597 402 22 22 af
634 402 26 21 de
676 403 57 21 olika
748 403 78 26 beslut,
844 408 46 15 som

69 431 70 21 blifvit
147 431 83 21 fattade
244 431 23 21 af
274 431 149 27 ridderskapet
439 431 40 21 och
494 431 63 21 adeln
574 431 38 21 och
630 431 185 27 borgareständet.
826 419 10 33 &
852 437 47 21 ena.

70 460 61 21 sidan
158 461 56 19 samt
237 459 163 27 presteständet
423 459 40 22 oeh
480 459 158 22 bondeståndet
656 460 12 20 ä
685 459 66 22 andra
766 459 68 27 sidan,
851 459 40 21 den

69 488 107 21 blifvande
201 488 62 27 lagen
288 489 83 20 komme
394 490 32 19 att
448 487 107 22 innehålla
571 488 170 25 bestämningen,
757 490 33 19 att
806 488 85 21 skatten

69 516 32 22 för
126 517 63 21 litern
216 518 62 25 utgör
300 519 73 23 61,:344
395 517 70 26 penni.
497 517 30 21 En
550 517 64 27 penni
637 517 57 21 skall
710 517 83 21 således
810 516 82 22 delas
881 512 15 36 i

69 545 191 27 tiotusendedelar,
286 545 40 21 och
353 545 59 21 detta
428 547 30 19 är
481 545 113 21 resultatet
618 545 22 22 af
661 545 100 21 Finlands
777 545 116 27 höglofliga

70 574 99 25 ständers
185 574 72 21 beslut
272 574 68 21 under
356 574 69 21 denna
439 574 110 26 landtdag.'
580 574 124 21 Resultatet
719 580 62 20 sytes
792 580 50 15 vara
858 574 38 21 sä-

69 602 59 26 dant,
144 604 32 19 att
192 602 38 21 allt
245 602 66 21 borde
326 603 71 26 göras,
412 602 33 21 för
461 604 32 20 att
509 602 59 21 detta
583 602 106 27 olyckliga
709 602 30 21 tal
754 602 47 21 icke:
825 602 68 22 måtte

69 631 56 27 ingå:
141 631 5 21 i
171 631 39 21 den
231 631 107 21 blifvande
361 631 68 27 lagen.
459 631 166 21 Presteständet
642 631 39 21 har
696 631 91 21 likasom:
811 628 84 24 bonde-

71 659 88 22 ständet
175 660 100 21 omfattat
291 659 76 27 nädiga
375 660 169 26 propositionen,
556 660 65 26 enligt
633 659 83 21 hvilken
727 660 86 20 skatten
824 660 70 20 skulle

70 688 52 26 utgå
135 688 48 21 'med
202 690 25 19 65
235 688 79 27 penni.
344 688 32 21 Då
392 694 28 15 nu
437 687 110 27 de;begge
564 687 67 28 öfriga
647 688 89 21 stånden
753 688 46 21 icke
816 687 78 22 bifallit

69 716 72 21 härtill
159 716 39 21 och
214 716 79 27 följden
310 716 22 21 af
346 716 69 22 denna
431 718 78 25 vägran
527 716 68 22 blifvit
610 716 60 22 dettä
682 717 105 27 olyckliga
797 716 96 27 siffertal,

70 747 59 25 tager
142 745 38 28 jag
195 745 43 26 mig
258 745 90 21 friheten
364 745 114 21 hemställa
494 745 31 21 till.
541 745 167 27 presteständet,
726 745 105 21 huruvida
846 745 47 21 icke

69 773 161 27 presteständet
250 774 48 20 ville
315 773 74 26 frångå
405 774 38 20 sitt
457 774 73 21 beslut
546 779 32 15 om
596 775 25 19 65
638 773 63 27 penni
718 773 39 22 ocli.
775 774 120 21 bestämma

70 802 33 27 sig
125 802 33 21 för
177 802 37 21 det
232 804 92 22 närmast
340 802 90 21 stående
443 802 72 27 jemna
531 802 54 21 talet
601 804 25 19 62
642 802 70 27 penni,
729 804 56 19 .sämt
801 802 94 22 derefter

69 830 90 27 inbjuda
181 830 32 21 de
230 830 181 27 öfriga:ständen
435 832 31 20 att
484 836 33 15 om
533 830 61 22 detta
610 831 71 21 beslut
695 831 33 27 sig
742 830 83 23 förena.
848 830 48 25 Jag

69 859 40 21 har
132 859 117 27 anledning
271 861 39 24 tro,
335 861 37 22 att
389 859 60 21 såväl
466 859 151 27 ridderskapet
633 859 39 21 och
689 859 62 21 adeln
768 865 45 15 som
829 859 66 21 också

72 887 178 27 borgareständet
274 887 69 21 skulle
365 887 47 21 icke
437 887 92 21 allenast
545 890 78 24 antaga
639 894 25 14 en
680 887 67 21 sådan
763 887 131 33 inbjudning,

73 918 50 19 utan:
141 916 64 21 också
221 922 65 21 gerna
309 917 52 26 göra
385 916 42 26 det,
444 916 33 21 för
493 918 31 19 att
540 916 46 21 icke
611 916 59 21 detta
686 916 52 21 bråk
756 916 22 21 af
787 916 62 27 penni
860 915 37 22 mä

71 945 6 21 i
101 945 40 21 den
165 944 107 22 blifvande
292 945 66 31 lagen
381 951 50 15 vara
454 945 72 21 såsom
543 947 31 25 ett
589 945 135 22 vittnesbörd
740 949 34 17 om
790 944 109 22 ständens'

72 970 108 29 oförmäga
196 974 32 19 att
243 973 79 26 sämjas
338 974 14 19 t.
369 978 18 15 o.
405 979 26 15 m.
447 973 6 20 i
471 969 116 25 smäsaker.

139 1001 119 21 Professori
282 1002 87 27 Donner:
395 1001 43 27 Jag
464 1002 43 24 ber
517 1003 33 20 att
564 1001 22 21 få
602 1001 131 22 understöda
750 985 143 39 öfverläraren

73 1030 109 22 Kihlmans
206 1029 86 27 förslag.
323 1029 66 22 Äfven
412 1029 33 22 för
468 1030 43 26 mig
533 1030 39 21 har
595 1030 37 21 det
650 1030 54 21 varit
720 1030 59 21 svårt
794 1031 33 20 att
842 1029 62 22 söka'

69 1059 90 25 -utreda,
192 1059 28 26 pä
251 1059 54 20 hvad
336 1061 44 18 sätt
409 1059 86 20 skatten
529 1058 33 22 för
591 1065 25 14 en
647 1059 49 20 liter
725 1059 87 21 bränvin
843 1059 54 20 skall

73 1087 97 25 erläggas
194 1087 55 20 med
268 1089 53 18 1344
346 1086 121 21 tiotusende
492 1086 44 21 dels
553 1087 70 26 penni.
653 1087 41 25 Jag
711 1087 34 20 vill
760 1086 88 27 tillägga
865 1088 31 19 att

69 1115 38 27 jag
121 1115 68 21 finner
205 1115 102 27 förslaget
324 1115 134 27 synnerligen
475 1115 97 27 lämpligt
587 1115 40 21 och
643 1115 61 21 äfven
716 1115 135 21 brädskande
863 1117 33 19 att

71 1143 89 27 inbjuda
182 1144 25 21 de
230 1144 36 20 två
291 1143 76 22 nämda
389 1143 92 21 ständen
505 1145 33 20 att
549 1122 77 43 förena
642 1144 35 26 sig
690 1149 33 15 om
739 1144 60 21 detta
814 1143 81 27 heslut;

72 1172 32 22 för
119 1179 53 20 egen
188 1172 34 21 del
231 1172 133 21 hemställer
383 1173 37 26 jag
437 1174 32 20 att
483 1172 170 27 presteständet,
668 1173 6 20 i
690 1172 36 21 fall
743 1172 36 21 det
795 1172 101 21 omfattar

73 1201 115 21 öfverlärar
213 1201 111 22 Kihlmans
350 1201 86 27 förslag,
461 1201 66 21 måtte:
551 1203 75 25 genast
648 1201 93 21 förklara:
766 1201 37 21 sitt
825 1201 73 21 beslut

68 1224 117 42 justeradt,
209 1229 24 20 sä
254 1230 32 20 att
301 1228 280 27 protokollsutdrag
515 1224 73 36 måtte
597 1229 71 21 kunna
684 1228 50 26 afgä
748 1229 47 20 med
812 1228 85 43 inbjud-

73 1258 50 26 ning
140 1258 29 20 till
185 1257 27 21 de
228 1258 69 26 begge
313 1257 97 22 ständen.

125 1299 2 3 +
141 1286 147 22 Keskustelun:
308 1307 2 4 ,
318 1287 99 32 loputtua
443 1286 133 33 hyväksyttiin
602 1275 151 44 yksimielisesti
779 1269 118 45 yliopettaja

73 1299 110 37 Kihlmanin
193 1325 2 2 -
209 1295 93 51 ehdotus,
323 1315 31 27 ja,
369 1315 28 21 oli
418 1315 48 21 näin
483 1314 61 28 tehty
560 1316 83 26 päätös,
656 1315 54 27 joka
724 1315 112 21 katsottiin
852 1315 45 21 heti

72 1344 164 26 tarkastetuksi,
255 1356 2 2 -
270 1344 127 27 viipymättä
425 1343 236 28 pöytäkirjan-otteella
691 1344 71 20 muille
793 1343 104 28 säädyille

73 1372 148 22 ilmoitettava.

143 1487 110 21 Esitettiin
267 1476 12 42 -
284 1480 259 28 suostuntavaliokunnan
572 1487 91 21 ehdotus.
689 1486 70 22 niiden
786 1487 114 21 toisistaan

74 1516 100 22 eroavien
190 1516 122 26 päätösten
335 1515 231 28 yhteensovitukseksi,
581 1515 67 27 joihin
666 1516 75 26 säädyt
757 1518 50 19 ovat
823 1515 76 30 tulleet
