1109 1795
241 147 56 19 1464
556 149 82 18 Toukok.
655 147 26 19 22
697 154 20 17 p:

211 210 96 21 hemmet
330 210 41 22 och
394 211 93 20 barnens
511 211 83 21 skötsel
616 210 60 22 äsido
695 210 39 22 och
751 211 56 21 blott
821 211 35 20 slä
869 211 36 26 sig
920 212 27 25 pä
962 211 85 22 förvärf

210 239 34 22 för
260 241 32 19 att
308 240 98 20 använda
424 240 39 20 den
479 239 33 22 för
528 246 53 20 egen
597 240 96 25 räkning.
717 240 49 20 Men
781 239 37 27 jag
831 239 75 26 frägar
919 239 50 21 med
983 240 60 21 skäl:

185 273 3 2 *
210 268 44 21 kan
273 268 19 27 ej
311 275 24 14 en
352 268 98 21 vårdslös
469 268 37 21 och
524 268 120 26 oordentlig
660 268 76 21 hustru
754 270 49 24 göra
821 268 22 21 sä
861 268 61 21 äfven
939 275 34 19 nu,
990 268 54 21 eller

211 296 40 21 har
277 303 26 14 nu
330 297 100 26 gällande
457 297 33 26 lag
514 297 82 20 kunnat
615 297 27 26 pä
663 297 66 26 nägot
746 298 41 19 sätt
803 296 133 22 förekomma
951 297 92 21 sädant?

210 325 75 26 Enligt
301 325 47 21 min
362 325 66 21 tanke
444 325 39 21 har
498 325 118 26 ändringen
631 324 25 22 af
668 331 29 15 nu
712 325 99 26 gällande
827 325 157 26 lagstadgande
1000 325 42 21 alls

212 354 62 26 ingen
296 353 114 27 betydelse
428 353 7 21 i
451 353 60 21 detta
527 353 113 26 afseende;
656 360 48 14 men
721 353 43 26 det,
780 353 60 21 hvari
856 360 28 14 nu
900 353 142 21 förevarande

212 381 118 27 lagförslag
351 382 42 21 har
411 382 34 21 sin
460 382 118 27 betydelse,
595 382 69 26 ligger
680 382 50 26 deri,
746 384 36 19 att
796 382 38 21 det
849 381 150 28 undanrycker
1014 388 28 15 en

212 410 92 27 liderlig,
328 410 102 27 försupen
454 410 39 22 och
517 410 83 21 lastbar
620 417 47 14 man
684 411 86 20 makten
786 412 32 19 att
833 410 100 27 fräntaga
949 410 91 21 hustrun

212 438 39 21 och
273 438 80 21 barnen
375 438 79 21 hennes
473 444 75 20 genom
566 438 64 26 ärligt
645 438 74 21 arbete
735 437 134 22 förvärfvade
884 437 101 27 förtjenst
1001 438 39 21 och

214 468 95 20 använda
332 467 39 21 den
388 467 34 21 för
436 467 211 21 tillfredsställandet
662 467 22 21 af
699 467 44 21 sina
760 467 76 21 lustar.
867 468 50 20 Man
933 467 39 21 har
987 467 56 21 hun-

213 495 110 21 dradetals
347 496 97 26 exempel
468 496 25 26 pä
517 502 103 14 mannens
641 496 36 20 räa
698 495 37 22 och
756 495 140 27 oförsvarliga
912 496 106 20 beteende
1035 496 6 20 i

214 524 60 20 detta
294 524 108 25 afseende,
420 530 45 14 men
484 524 82 26 ganska
582 523 27 26 få,
626 523 128 22 åtminstone
771 524 70 20 sävidt
854 523 38 27 jag
908 524 89 25 känner;
1013 523 28 27 pä

212 551 111 21 hustruns.
354 551 59 21 Skall
432 552 28 21 dä
477 552 51 21 icke
542 552 162 26 lagstiftningen
719 551 41 21 här
775 552 62 21 träda
853 552 91 20 emellan
960 551 33 22 för
1009 553 32 19 att

214 581 128 21 ätminstone
366 581 6 21 i
397 581 68 26 nägon
486 581 48 21 män
556 581 52 21 söka
624 580 65 27 stäfja
704 583 33 19 ett
753 581 76 21 sädant
844 580 198 22 missförhällande.

212 610 50 20 Man
278 609 39 21 har
338 611 57 19 ännu
411 611 54 25 sagt,
481 611 35 19 att
530 610 132 26 antagandet
678 609 23 21 af
715 610 59 20 detta
790 610 157 26 lagstadgande
964 610 75 20 strede

213 639 57 20 emot
294 638 155 26 äktenskapets
470 637 34 21 idé
523 638 38 21 och
580 638 93 20 väsende
689 638 38 21 der
742 644 48 14 man
806 637 39 22 och
862 638 78 26 gvinna
956 639 36 20 äro
1009 639 32 19 ett

212 665 41 21 och
279 665 71 21 derför
372 665 67 21 borde
462 665 64 21 hafva
546 665 39 21 allt
604 667 140 24 gemensamt,
759 672 47 14 men
824 667 32 19 att
872 665 133 26 antagandet
1019 665 25 21 af

214 695 70 21 denna
301 695 36 26 lag
353 701 50 15 vore
419 696 33 19 att
466 694 71 22 införa
552 701 25 14 en
595 695 132 26 upplösande
743 694 82 27 princip
841 694 56 22 inom
915 695 125 21 detsamma.

213 724 48 21 Men
285 723 43 26 mig
351 723 75 27 tyckes
446 725 33 19 att
499 723 43 21 lika
557 723 49 21 litet
620 729 45 15 som
682 723 74 26 lagens
772 723 121 26 stadgande
909 729 40 20 om,
966 725 32 19 att
1014 730 27 14 en

214 758 39 15 son
276 752 52 21 eller
349 752 73 21 dotter
442 752 35 21 vid
493 752 43 21 viss
552 752 61 21 älder
628 752 60 21 skola
703 758 52 15 vara
770 752 101 27 myndiga
888 752 40 21 och
943 752 27 26 pä
986 752 57 21 visst.

213 782 45 19 sätt
282 780 122 21 oberoende
428 779 22 22 af
470 780 188 25 föräldramakten,
677 780 43 21 kan
736 780 90 27 upplösa
842 780 40 21 och
898 780 144 26 tillintetgöra

214 809 36 21 det
273 811 59 19 rätta
354 809 40 21 och
415 809 107 26 naturliga
543 808 146 22 förhällandet
710 809 74 21 mellan
802 808 106 22 föräldrar
924 809 39 21 och
979 809 62 26 barn,

212 836 44 21 lika
276 837 48 20 litet
340 837 41 20 kan
398 843 28 14 nu
442 836 164 27 ifrägavarande
621 837 157 26 lagstadgande
794 837 141 26 tillintetgöra
951 837 37 20 det
1003 843 37 14 na-

213 865 79 26 turliga
314 865 145 21 förhållandet
478 865 76 21 makar
571 865 99 26 emellan,
686 865 40 21 och
742 866 34 20 mä
791 865 21 21 vi
827 865 111 21 dessutom
955 865 87 21 komma

212 892 57 27 ihäg,
286 894 32 20 att
333 893 86 26 mycket
433 893 69 21 mäste
518 893 40 20 den
576 893 114 26 verldsliga
704 893 63 26 lagen
784 892 46 26 ,för
845 892 91 27 hjertats
948 892 93 21 härdhet

213 921 40 22 och
280 921 170 27 obotfärdighets
476 922 71 21 skull"
570 922 78 26 stadga
670 922 40 21 och
729 921 114 26 anbefalla,
860 928 45 15 som
922 921 46 22 från
984 922 55 21 ideel

212 950 110 27 synpunkt
341 950 129 21 betraktadt
489 950 47 21 icke
553 950 43 21 kan
615 950 68 26 gillas.
703 962 25 3 —
745 950 41 26 Jag
802 952 71 19 röstar
888 950 33 21 för
936 952 106 24 antagan-

214 979 36 21 det
265 979 22 21 af
300 979 328 27 sammanjemkningsförslaget.

281 1007 73 27 Piispa
370 1007 124 21 Johansson:
519 1008 31 20 En
567 1007 33 21 voi
617 1009 73 25 tyytyä
704 1007 144 21 valiokunnan
862 1007 179 27 yhteensovituk-

213 1043 59 14 seen.
303 1036 66 21 Tämä
390 1036 92 21 ehdotus
502 1036 33 21 voi
552 1036 57 27 kyllä
625 1036 43 21 olla
683 1036 77 27 välitys
776 1036 115 21 mietinnön
908 1036 21 26 ja
946 1036 95 21 armolli-

214 1070 37 15 sen
275 1064 108 27 esityksen
408 1064 87 25 kesken,
520 1066 68 19 mutta
609 1064 43 21 kun
670 1064 89 26 Pappis-
774 1064 21 26 ja
812 1064 228 27 talonpoikaissäädyn

212 1092 118 27 päätökset
355 1094 50 19 ovat
430 1092 83 21 vanhan
537 1092 107 21 voimassa
666 1092 74 21 olevan
757 1092 41 21 lain
814 1092 100 27 puolella,
932 1092 42 21 niin
990 1092 50 21 olisi

212 1122 164 27 yhteensovitus
400 1121 89 21 tehtävä
512 1121 77 21 näiden
613 1121 97 27 säätyjen
732 1123 118 25 päätösten
872 1121 168 27 perustuksella.

212 1150 69 21 Uutta
303 1151 119 20 säännöstä
442 1150 146 26 ehdotellaan,
604 1151 125 25 säännöstä,
743 1150 47 26 jota
806 1150 66 21 kansa
889 1150 19 21 ei
924 1150 55 21 vielä
994 1152 45 19 tar-

211 1178 63 22 vitse.
304 1178 197 26 Kaupunkioloissa
523 1178 57 21 ehkä
601 1178 89 21 useakin
714 1180 46 19 tätä
780 1178 86 26 kaipaa,
881 1180 71 19 mutta
965 1180 75 19 tämän

211 1207 139 21 säännöksen
372 1207 128 21 seurauksia
524 1213 68 15 emme
615 1207 44 21 niin
677 1207 82 21 hevillä
778 1207 33 21 voi
826 1207 123 21 arvostella.
980 1207 61 21 Minä

211 1235 78 21 katson
306 1241 38 15 sen
360 1237 78 19 tuovan
454 1235 74 21 uuden
542 1237 115 24 perusteen
674 1235 130 26 perheeseen
814 1234 23 27 ja
848 1235 94 21 ehdotan
950 1235 88 21 sentäh-

213 1264 41 21 den
278 1266 45 19 että
344 1264 145 27 Pappissääty
506 1270 68 21 pysyy
595 1264 106 21 entisessä
716 1264 172 26 päätöksessään
903 1264 22 26 ja
941 1264 99 21 lähettää

212 1292 116 21 mietinnön
350 1292 94 21 takaisin
463 1292 151 21 valiokuntaan
631 1292 209 21 muodostettavaksi
856 1292 90 26 Pappis-
959 1292 22 26 ja
998 1292 41 21 Ta-

210 1320 220 27 lonpoikaissäätyjen
446 1322 114 25 päätösten
577 1321 165 26 perustuksella.

280 1349 119 21 Professori
426 1349 106 21 Forsman:
563 1349 58 21 Minä
639 1345 54 36 olen
704 1349 82 21 'toista
809 1349 73 21 mieltä
904 1349 52 21 kuin
975 1351 65 19 useat

212 1378 99 21 edelliset
326 1377 94 21 arvoisat
436 1377 97 27 puhujat,
548 1377 62 27 jotka
626 1379 50 19 ovat
691 1377 109 21 vaatineet
815 1379 72 19 tämän
901 1377 138 27 yhteensovi-

211 1406 173 22 tusehdotuksen
406 1406 150 27 hylkäämistä.
587 1406 37 21 Jos
646 1406 111 27 ylipäänsä
776 1406 118 21 tahdotaan
911 1408 59 19 tässä
986 1406 50 21 mei-

211 1435 41 21 dän
279 1435 296 26 nelikamarijärjestelmässä
595 1435 83 26 jotakin
701 1435 195 27 yhteisvaikutusta
919 1435 66 21 saada
1007 1435 33 21 ai-

211 1463 61 25 kaan,
298 1463 41 20 niin
364 1462 82 27 tietysti
468 1464 74 25 täytyy
564 1463 80 21 kunkin
666 1463 86 26 säädyn,
769 1462 65 21 miten
851 1462 136 22 mahdollista
1003 1469 34 18 on,

210 1491 139 21 tarvittaessa
364 1491 80 27 luopua
460 1491 164 27 päätöksistään
640 1491 202 27 yksityiskohdissa.
868 1491 71 21 Minun
953 1491 85 21 mieles-

210 1520 46 21 täni
281 1526 27 15 on
334 1520 60 21 asian
416 1520 52 21 laita
488 1520 58 26 juuri
566 1522 72 19 tämän
658 1520 142 27 kysymyksen
818 1520 90 21 suhteen
925 1520 111 21 sellainen.
