1103 1773
237 144 56 20 1494
537 162 3 5 .
561 147 82 18 Toukok.
660 145 26 19 '22
702 152 19 18 p.

207 215 77 20 genom
300 209 33 21 sin
349 209 193 26 sammansättning
556 209 84 21 lemnar
654 209 108 26 garantier
776 208 35 22 för
826 211 32 19 ett
871 209 92 27 lyckligt
980 208 56 22 utfö-

208 237 66 21 rande
290 237 78 21 af.den
384 237 90 27 uppgift,
492 237 37 21 det
545 237 70 25 åtagit
629 237 39 26 sig.

279 266 38 20 Om
338 265 38 27 jag
398 266 97 26 sälunda,
519 266 68 21 ehuru
602 266 5 21 i
625 266 81 27 princip
728 272 50 15 ense
794 266 50 21 med
860 266 115 26 utskottet,
991 268 46 19 tror

207 297 34 18 att
264 294 73 27 frägan
355 301 32 15 om
404 295 142 26 bearbetning
563 295 38 21 och
619 294 135 26 användning
769 294 23 21 af
806 294 36 21 det
857 294 66 21 redan
940 294 96 21 samlade

205 323 125 20 materialet
343 323 96 21 kommer
455 324 34 19 att
503 322 57 21 finna
576 323 33 20 sin
625 323 84 26 lösning
724 322 61 21 äfven
801 324 52 19 utan
862 329 26 14 en
897 322 72 21 direkt
976 324 60 19 stän-

208 351 138 26 derpetition,
363 357 51 15 vore
427 351 38 26 jag
481 351 12 21 ä
509 351 67 21 andra
591 351 61 21 sidan
667 351 51 26 böjd
733 353 33 19 att
780 351 6 20 i
803 351 79 21 sakens
893 351 95 21 intresse
996 351 41 21 och

208 379 48 21 med
272 379 102 22 afseende
390 380 12 20 å
418 379 123 21 nuvarande
551 379 100 21 -faktiska
666 379 148 22 förhållanden
830 380 28 26 gå
872 380 75 26 längre
963 381 27 19 än
1003 381 34 19 ut-

207 409 83 21 skottet
308 408 120 27 föreslagit.
457 409 43 20 Det
517 410 24 19 är
557 409 86 25 bekant,
660 410 32 19 att
708 409 64 26 ryska
788 408 165 27 topografkären
970 408 89 32 redan

208 437 69 21 under
292 437 144 21 instundande
453 443 94 15 sommar
561 437 97 21 kommer
673 439 32 19 att
716 437 5 21 i
734 437 106 26 väsentlig
854 437 49 21 män
920 437 117 21 inskränka

207 465 47 21 sina
274 465 90 21 arbeten
380 465 56 21 inom
453 465 95 21 Finland.
579 465 174 27 Lokalstyrelsen
768 465 6 20 i
790 464 133 27 Helsingfors
941 465 95 21 kommer

207 496 33 19 att
262 493 106 28 förflyttas
391 494 32 21 till
445 494 31 21 S:t
491 494 134 26 Petersburg
640 494 38 21 och
695 494 77 21 endast
788 500 26 15 en
830 494 82 21 mindre
928 493 109 27 afdelning

207 523 97 21 kommer
324 524 33 19 att
372 522 102 22 fortsätta
490 523 102 20 arbetena
611 523 3 20 i
630 523 99 26 Wiborgs
745 523 34 20 län
796 523 5 20 i
819 523 152 26 sammanhang
987 522 49 21 med

207 551 150 26 mätningarne
372 551 6 21 i
394 551 171 26 Ingermanland.
590 551 33 21 Dä
637 550 69 22 finska
722 551 110 27 Styrelsen
844 551 193 26 naturligtvis
989 546 51 36 icke

207 579 85 22 utöfvar
313 580 70 26 nägot
396 580 117 27 inflytande
529 580 28 26 pä
573 580 141 26 dirigeringen
730 579 24 22 af
766 580 67 21 dessa
847 580 96 26 arbeten,
967 579 68 22 finnes

207 608 46 21 icke
274 608 68 21 heller
360 608 70 26 nägon
449 608 85 26 garanti
549 608 34 21 för
598 610 33 19 att
646 608 109 21 desamma
771 608 47 21 icke
832 608 47 21 förr
893 608 52 21 eller
959 614 76 15 senare

207 637 71 20 kunna
302 638 26 19 än
350 636 126 27 ytterligare
499 637 128 20 inskränkas
647 637 51 20 eller
714 639 15 18 t.
747 643 17 15 o.
780 643 27 15 m.
824 636 89 26 alldeles
931 637 104 26 upphöra.

206 665 80 21 Finska
308 667 72 19 staten
404 667 50 24 äger
475 665 54 21 dock
546 667 32 19 ett
594 665 70 21 direkt
678 665 92 21 intresse
787 664 22 22 af
823 667 33 19 att
873 671 25 15 en
912 665 125 26 stagnation

205 693 6 21 i
229 693 85 21 landets
333 693 127 27 geodetiska
480 693 160 27 undersökning
658 694 47 20 icke
721 694 67 20 måtte
804 693 166 27 ifrägakomma;
988 700 48 15 men

207 722 12 20 å
243 721 66 21 andra
332 721 61 21 sidan
416 722 41 20 kan
481 722 110 26 Styrelsen
611 722 48 20 icke
678 721 98 21 använda
792 721 37 21 det
843 722 82 26 anslag,
943 728 44 15 som
1003 721 34 22 för

207 750 133 21 närvarande
362 750 62 26 utgår
440 750 32 21 till
488 750 64 27 ryska
567 750 175 27 topografkåren,
759 750 34 21 för
807 750 113 21 inhemska
936 752 101 25 topogra-

206 778 38 26 fer,
262 778 26 21 då
306 778 47 21 fullt
369 778 138 27 kompetenta
523 784 104 21 personer
643 778 32 21 för
686 778 134 27 sjelfständig
831 777 134 28 topografisk
973 778 63 21 verk-

206 807 85 21 samhet
306 807 33 21 för
353 807 134 21 närvarande
501 807 120 26 veterligen
637 807 47 21 icke
698 806 76 22 finnas.
799 808 45 20 Den
856 807 65 26 insigt
931 813 46 15 som
986 807 49 21 här-

205 835 33 22 för
261 837 23 19 är
308 835 120 27 nödvändig
451 836 74 20 vinnes
544 835 21 27 ej
585 836 68 20 heller
667 836 47 20 lätt.
746 835 118 27 Grundliga
880 836 155 20 matematiska

205 864 117 21 förstudier
343 866 39 19 äro
401 864 72 21 härför
489 871 25 14 en
531 864 122 26 nödvändig
668 864 161 26 förutsättning,
846 864 137 21 hvarförutan
1000 871 36 14 er-

205 892 103 27 forderlig
330 893 106 26 precision
460 892 33 21 vid
516 893 168 20 instrumentens
706 892 164 21 handhafvande
891 893 40 21 och
947 892 88 22 framför

206 921 38 21 allt
266 920 98 27 förmåga
388 923 31 19 att
441 920 168 27 framgångsrikt
629 922 97 25 uppgöra
744 921 36 21 och
798 920 71 22 utföra
885 921 151 26 arbetsplaner

207 950 62 20 ernås
284 949 56 22 först
354 956 78 20 genom
447 950 98 26 praktisk
561 949 128 21 erfarenhet.
714 949 42 21 Det
772 955 64 21 synes
852 948 74 22 derför
941 949 94 26 önskligt

205 980 34 19 att
255 978 110 27 Styrelsen
381 978 66 21 redan
464 984 27 15 nu
507 978 49 21 ville
572 980 96 25 upptaga
683 978 31 21 till
730 977 100 27 pröfning
845 978 6 20 i.
868 978 54 21 hvad
935 978 48 21 mån
992 977 43 22 för-

205 1006 123 21 beredande
350 1006 102 26 åtgärder
474 1006 72 21 kunde
569 1012 64 15 anses
649 1006 23 21 af
686 1006 100 21 behofvet
802 1006 114 27 påkallade
931 1006 34 21 för
980 1008 33 19 att
1028 1006 7 21 i

205 1035 115 21 framtiden
337 1035 126 26 möjliggöra
477 1034 168 27 fortsättningen
662 1034 22 22 af
697 1035 85 21 landets
799 1034 146 27 topografiska
956 1035 78 21 under-

205 1063 93 26 sökning
318 1063 47 21 med
385 1063 112 21 inhemska
514 1063 89 21 krafter.
633 1063 34 21 Då
682 1063 74 26 frågan
773 1065 57 19 ännu
846 1065 24 19 är
884 1063 39 21 allt
938 1063 33 21 för
986 1063 49 21 litet

204 1091 124 27 förberedd,
349 1092 45 21 kan
416 1098 49 15 man
487 1092 136 26 naturligtvis
646 1092 48 21 icke
715 1092 39 21 här
770 1091 119 22 framställa
903 1092 70 26 några
988 1094 45 19 sär-

204 1120 72 21 skilda
291 1120 132 26 detaljerade
438 1119 87 27 förslag,
542 1122 52 19 utan
611 1120 77 21 endast
705 1122 29 19 ett
750 1119 80 27 förslag
846 1119 23 22 af
878 1120 88 21 allmänt
974 1120 60 21 inne-

204 1148 51 26 håll,
268 1150 33 19 att
316 1148 110 27 Styrelsen
443 1149 67 20 måtte
525 1149 80 20 beakta
621 1148 172 22 önskvärdheten
810 1148 62 21 deraf
885 1150 32 19 att
933 1149 101 26 lämpliga

205 1182 105 22 personer
326 1177 67 21 måtte
409 1177 94 21 utbildas
521 1177 31 21 till
568 1176 132 27 topografins
717 1177 73 26 tjenst.

275 1206 61 20 Annu
353 1212 26 15 en
395 1205 167 27 omständighet,
580 1212 44 15 som
639 1205 37 27 jag
691 1205 21 27 ej
727 1205 70 22 funnit
812 1205 220 27 uppmärksammad
1021 1201 15 36 i

204 1234 259 26 petitionsbetänkandet,
480 1240 64 15 anser
557 1234 39 26 jag
611 1234 44 26 mig
669 1234 53 21 böra
737 1233 119 22 framhålla.
876 1233 157 27 Hufvudpunk-

205 1264 63 19 terna
282 1262 36 21 vid
334 1262 59 21 såväl
409 1262 203 26 gradmätningarna
627 1268 45 15 som
688 1262 146 27 topografiska
850 1262 77 21 kårens
944 1262 90 21 mätnin-

205 1297 38 20 gar
264 1292 37 20 äro
321 1291 97 26 vanligen
439 1297 74 20 genom
537 1291 109 26 inhuggna
661 1291 87 20 märken
765 1291 52 20 eller
831 1291 8 20 i
855 1291 75 26 berget
945 1290 89 22 inlödda

203 1319 166 27 metallstycken
392 1319 134 21 markerade.
557 1319 69 21 Dessa
649 1319 89 21 märken
761 1321 151 25 representera
932 1319 53 21 hvar
1001 1319 32 21 för

207 1348 30 26 sig
254 1347 20 27 ej
291 1349 32 19 ett
338 1347 119 27 obetydligt
473 1346 84 28 kapital
571 1348 40 21 och
627 1348 72 20 kunna
717 1347 31 21 vid
766 1354 26 14 en
808 1347 114 21 framdeles
938 1347 95 21 skeende

203 1376 169 27 komplettering
388 1376 22 21 af
424 1376 223 26 nivelleringsarbetet
661 1376 63 21 hafva
740 1378 32 19 ett
788 1376 123 21 oskattbart
922 1376 65 21 värde
999 1376 34 21 så-

205 1410 47 16 som
274 1405 190 26 utgångspunkter
485 1404 35 22 för
537 1411 40 21 nya
593 1405 69 21 linier.
692 1405 69 21 Dessa
776 1405 173 21 minnesmärken
964 1404 23 22 af
1001 1407 33 19 ett

204 1435 108 24 noggrant
336 1433 39 21 och
399 1433 148 26 omsorgsfullt
565 1433 76 21 arbete
657 1435 36 19 äro
709 1433 122 21 emellertid
845 1433 41 21 lätt
901 1435 84 19 utsatta
1000 1433 33 23 för

202 1461 127 27 förstöring.
353 1462 83 21 Genom
452 1461 41 21 den
509 1461 22 21 af
541 1462 147 28 petitionären
704 1461 114 22 omnämda
834 1461 150 27 expeditionen
999 1462 34 21 för

203 1490 143 27 uppsökande
362 1490 23 21 af
399 1490 41 21 den
456 1490 173 22 interndtionella
644 1490 188 26 gradmätningens
844 1490 189 27 triangelpunkter

204 1518 38 28 har
262 1519 62 21 äfven
340 1519 90 21 kommit
444 1518 8 22 i
468 1517 75 28 dagen
555 1520 31 19 att
601 1518 69 21 under
686 1518 40 21 den
739 1518 158 27 jemförelsevis
913 1519 64 21 korta
991 1518 41 27 tid;
