1113 1810
428 159 81 18 Toukok.
527 157 24 20 29
569 165 16 17 p.
804 158 52 19 1615

59 228 78 20 massa,
153 224 70 19 mutta
237 224 38 25 nyt
290 228 29 15 on
334 222 99 27 säädetty
450 223 45 20 että
510 222 143 27 päiväpalkka
668 222 127 21 maksetaan
804 222 83 21 ainoas-

57 252 51 19 taan
127 251 181 26 istuntopäivistä.
339 251 54 20 Mitä
409 253 48 18 taas
475 250 57 22 tulee
548 250 132 27 vapaaherra
695 250 109 21 Palménin
820 251 64 20 muis-

58 280 118 20 tutukseen
187 279 260 26 matkakustannuksista,
457 279 41 21 niin
509 279 81 21 tahdon
599 279 141 21 huomauttaa
748 281 47 19 että
802 279 83 21 matka-

58 308 64 21 rahat
138 308 123 21 maksetaan
281 310 77 19 6:nnen
374 308 79 21 luokan
469 308 92 21 mukaan
576 308 22 26 ja
616 308 52 21 siinä
685 308 18 21 ei
719 308 45 21 tule
774 308 111 21 ollenkaan

57 336 99 27 palvelija
176 336 163 27 kysymykseen.
371 336 132 21 Ainoastaan
520 338 58 19 5:ssä
596 336 99 21 luokassa
712 336 98 21 sallitaan
826 336 59 21 mak-

60 371 37 15 sua
120 365 149 27 palvelijankin
287 365 83 21 edestä.
403 365 108 21 Tahtoisin
536 365 116 27 puolustaa
675 365 210 21 valtiovaliokunnan

57 393 124 21 ehdotusta.

125 422 88 21 Lehtori
231 422 123 22 Blomstedt:
369 422 150 21 Valiokunnan
536 422 116 21 ehdotusta
665 422 23 27 ja
703 422 53 21 niitä
764 422 120 27 perusteita

57 453 97 24 vastaan,
167 451 63 27 jotka
245 451 96 27 provasti
357 451 128 21 Nordström
502 453 59 19 tässä
578 457 26 15 on
616 451 108 26 lausunut,
736 451 56 21 minä
802 451 81 21 tahdon

57 479 134 25 muistuttaa,
212 481 46 19 että
274 479 43 21 kun
334 479 141 21 valitsemalla
489 479 86 27 jäsenet
590 481 127 19 määrätään
726 475 78 35 näihin.
820 475 64 35 valio-

57 508 84 21 kuntiin
155 508 22 27 ja
193 508 78 21 heidän
289 508 35 21 siis
343 508 125 27 täytymällä
483 510 72 25 täytyy
566 508 119 21 uskottuun
697 508 92 21 toimeen
801 508 81 27 ryhtyä,

56 537 44 20 niin
123 536 77 22 heidän
224 536 142 27 palkkojensa
389 536 59 21 tulisi
472 537 41 20 olla
530 538 105 25 määrätyt
651 537 48 20 sillä
714 536 64 26 lailla,
796 538 45 20 että
856 536 28 22 he

57 565 56 21 eivät
128 566 99 26 työstään
244 565 98 27 tappiota
359 565 65 21 kärsi.
455 565 75 21 Täällä
546 571 26 15 on
586 565 91 26 jäseniä,
690 565 62 26 jotka
767 567 50 19 ovat
827 565 57 26 neljä

55 594 122 21 kuukautta
193 594 98 26 tappiota
307 594 116 21 kärsineet.
447 594 38 21 Jos
497 594 65 25 heitä,
573 594 61 27 jotka
647 596 46 19 ovat
703 596 107 25 määrätyt
818 596 65 19 tänne

55 623 66 21 kesän
137 623 91 21 hellettä
247 623 138 26 kantamaan,
407 629 37 15 sen
461 623 75 21 lisäksi
552 623 54 21 vielä
622 623 139 27 pakoitetaan
776 623 108 21 taloudel-

55 651 51 21 lista
127 651 100 26 tappiota
246 651 129 26 kärsimään,
392 651 43 21 niin
451 651 58 21 minä
524 651 65 26 pidän
605 651 41 21 sitä
663 653 130 25 vääryytenä
807 651 23 26 ja
845 657 37 20 pa-

55 686 40 14 nen
111 679 152 22 vastalauseen
279 680 42 20 sitä
336 681 97 20 vastaan.

123 708 132 27 Yliopettaja
271 708 100 21 Kihlman:
394 708 74 21 Ehuru
485 708 90 22 medlem
590 709 6 20 i
614 708 164 22 statsutskottet
792 708 41 21 har
845 708 37 27 jag

55 737 47 21 icke
125 737 91 26 deltagit
231 737 5 20 i
254 737 177 21 statsutskottets
454 737 72 21 beslut
541 737 5 20 i
564 737 70 21 denna
656 736 65 27 fräga,
742 737 89 21 emedau
844 737 38 26 jag

55 767 82 20 ansetts
151 765 73 27 jäfvig,
241 766 27 20 dä
282 765 37 27 jag
335 765 68 21 tillika
415 767 24 19 är
449 766 92 21 medlem
552 766 5 20 i
570 765 248 27 expeditionsutskottet.
840 765 40 21 Om

52 794 39 26 jag
108 794 57 21 hade
184 794 54 21 varit
253 794 6 20 i
276 792 84 23 tillfälle
377 796 32 19 att
425 794 86 26 deltaga
526 794 5 20 i
549 794 196 26 öfverläggningen,
761 794 69 21 skulle
843 794 37 26 jag

53 823 48 21 icke
126 822 61 21 hafva
206 822 83 21 kunnat
304 822 75 22 förena
394 823 43 26 mig
453 828 34 15 om
505 823 34 21 det
556 823 96 25 resultat,
670 823 32 20 till
717 822 81 21 hvilket
814 824 66 19 stats-

54 851 108 21 utskottet
183 851 96 26 kommit,
303 851 89 21 emedan
417 851 39 21 den
473 851 161 27 förutsättning,
650 851 46 21 frän
711 851 87 21 hvilken
814 853 65 19 stats-

54 880 107 21 utskottet
183 880 80 27 utgått,
287 880 66 26 enligt
375 880 43 21 min
440 880 86 26 mening
549 882 23 19 är
588 880 88 21 alldeles
692 880 85 26 oriktig.
806 880 74 21 Juste-

53 908 167 26 ringsutskottet
235 908 88 21 arbetar
337 908 48 21 icke
401 908 134 21 annorlunda
551 910 25 19 än
588 908 248 27 expeditionsutskottet,
847 914 33 15 om

53 937 107 26 nämligen
180 937 230 26 justeringsutskottet
433 937 54 21 skall
511 936 70 22 utföra
604 939 31 19 ett
658 937 118 26 ordentligt
798 937 80 21 arbete.

53 966 86 21 Liksom
161 966 244 26 expeditionsutskottet
424 966 58 21 läter
500 966 155 26 handlingarna
676 966 106 21 cirkulera
803 966 78 21 mellan

54 995 118 21 utskottets
190 995 97 21 enskilda
302 995 146 27 medlemmar,
464 995 64 21 innan
545 1002 47 14 man
609 995 175 27 sammanträder,
800 995 25 21 sä
836 995 44 21 mä-

53 1024 33 19 ste
105 1023 66 21 ocksä
188 1023 231 26 justeringsutskottet
438 1022 85 28 förfara,
545 1029 33 15 om
600 1023 36 21 det
656 1023 35 21 vill
711 1023 117 21 verkställa
848 1025 32 19 ett

53 1052 92 27 pälitligt
161 1052 80 21 arbete.
263 1052 155 21 Erfarenheten
430 1052 39 21 har
478 1052 106 26 nemligen
595 1052 57 21 visat
662 1054 38 24 att,
713 1058 33 15 om
758 1054 33 19 ett
800 1052 80 21 ärende

53 1080 116 26 genomgäs
185 1080 6 20 i
208 1080 85 21 utskott
313 1082 52 19 utan
386 1082 33 19 att
434 1080 167 21 medlemmarna
614 1079 60 22 förut
689 1079 45 22 haft
750 1079 83 22 tillfälle
849 1082 32 19 att

54 1109 92 22 enskildt
169 1109 53 21 hvar
241 1109 34 21 för
296 1110 31 26 sig
344 1110 105 26 genomgä
464 1109 160 27 handlingarna,
641 1109 119 22 kontrollen
777 1109 47 22 icke
840 1109 41 21 blir

53 1138 64 21 säker
133 1138 40 21 och
189 1138 90 26 pälitlig,
297 1138 38 21 och
353 1138 36 21 det
405 1140 24 19 är
443 1138 44 26 just
505 1138 62 25 detta,
586 1144 25 15 en
629 1138 82 26 pälitlig
722 1138 100 26 kontroll,
831 1144 50 15 man

53 1166 84 22 fordrar
159 1167 61 21 säväl
241 1166 24 22 af
286 1167 244 26 expeditionsutskottet
550 1173 45 15 som
611 1166 24 22 af
645 1166 235 27 justeringsutskottet.

54 1195 42 26 Jag
120 1195 59 21 delar
193 1195 6 21 i
217 1195 42 21 allo
277 1195 25 21 de
319 1195 87 26 äsigter,
424 1201 44 15 som
485 1195 40 21 här
541 1195 67 21 blifvit
624 1195 96 21 uttalade
736 1195 23 21 af
771 1195 111 27 professor

57 1223 92 26 Palmen,
166 1225 34 19 att
212 1219 102 36 nämligen
324 1223 229 27 justeringsutskottet
561 1224 67 21 borde
638 1223 80 22 aflönas
727 1223 66 27 enligt
801 1230 81 14 samma

53 1253 100 26 grunder,
177 1259 46 15 som
247 1253 251 26 expeditionsutskottet.
529 1253 48 21 Men
604 1253 28 21 dä
654 1253 228 26 justeringsutskottet

53 1282 51 19 utan
121 1280 72 22 tvifvel
209 1280 39 21 har
265 1282 32 20 ett
308 1280 78 22 lättare
398 1281 74 21 arbete
482 1282 27 19 än
518 1280 248 27 expeditionsutskottet,
777 1281 23 20 sä
809 1280 72 22 kunde

55 1309 50 21 dess
120 1308 96 27 aflöning
230 1315 39 20 per
285 1309 42 26 dag
343 1309 66 26 nägot
423 1309 121 26 nedsättas,
560 1309 40 21 och
616 1309 27 21 dä
654 1309 166 21 medlemmarna
830 1309 6 20 i
846 1315 35 15 ex-

53 1338 218 27 peditionsutskottet
286 1338 87 27 ätnjuta
388 1345 25 14 en
432 1338 90 26 aflöning
539 1338 22 21 af
576 1339 25 19 14
618 1338 60 21 mark
694 1344 38 21 per
743 1338 48 26 dag,
803 1338 23 21 sä
839 1340 42 25 tyc-

54 1366 36 21 kes
115 1366 42 26 mig
181 1368 32 19 att
236 1366 37 21 det
297 1372 48 15 vore
370 1366 131 26 tillräckligt,
519 1372 33 15 om
566 1366 248 26 justeringsutskottets*
821 1366 60 21 med-

53 1395 89 22 lemmar
163 1395 71 22 skulle
256 1395 66 21 hafva
346 1402 25 15 en
392 1395 94 27 aflöning
505 1402 38 20 per
559 1396 41 26 dag
616 1395 22 21 af
654 1397 25 19 12
695 1395 66 26 mark,
780 1397 25 19 12
820 1395 62 21 mark

52 1424 109 27 nämligen
174 1424 35 21 för
225 1424 26 21 de
267 1424 144 26 medlemmar,
429 1430 46 15 som
491 1426 38 19 äro
545 1424 86 21 bosatta
646 1424 5 21 i
668 1424 140 26 Helsingfors.
840 1424 42 21 För

54 1454 26 24 de
103 1453 139 21 medlemmar
265 1453 104 26 äterigen,
394 1459 45 15 som
455 1453 48 21 icke
518 1455 38 19 äro
572 1453 89 21 bosatta
675 1453 5 20 i
697 1452 141 27 Helsingfors,
855 1453 26 21 de

53 1481 36 21 mä
111 1481 67 21 sedan
202 1481 86 21 tillhöra
311 1481 244 27 expeditionsutskottet
578 1481 51 21 eller
646 1481 234 27 justeringsutskottet,

55 1516 62 15 anser
138 1510 36 27 jag
198 1510 37 21 det
257 1516 51 15 vara
328 1510 132 26 tillräckligt,
478 1516 33 15 om
528 1510 27 21 de
570 1510 70 21 skulle
656 1510 84 27 åtnjuta
756 1516 83 15 samma
854 1510 28 21 af-

54 1539 72 26 löning
145 1545 46 15 som
213 1539 26 21 de
259 1538 62 22 flesta
345 1539 138 21 medlemmar
497 1539 6 20 i
520 1539 163 26 presteständet
699 1539 67 21 under
782 1539 99 21 landtda-
