1094 1800
393 157 82 20 Toukok.
491 158 24 19 22
533 158 19 25 p.
789 158 53 21 1491

111 222 119 21 Professori
246 221 93 22 Palmén:
355 222 38 21 Jos
407 222 52 26 joka
475 222 63 21 kerta
553 222 44 21 kun
611 222 53 27 joku
677 228 97 15 anomus-
784 222 27 21 tai
819 222 53 27 joku

43 251 159 27 esitysehdotus
226 251 116 27 hyljätään,
367 257 22 15 se
413 251 115 21 katsotaan
554 251 147 21 semmoiseksi
724 251 147 26 tapaukseksi,

39 280 54 26 joka
108 280 144 26 perustuslain
270 280 93 20 mukaan
379 280 79 20 antaisi
474 279 82 21 aihetta
571 279 72 21 uuden
660 280 134 20 samallaisen
806 279 66 22 ehdo-

42 308 78 21 tuksen
128 304 10 35 '
143 308 139 25 tekemiseen,
302 308 46 21 niin
363 308 19 21 ei
398 308 154 26 valtiopäivillä
567 308 49 21 olisi
632 308 81 27 tietysti
729 308 80 21 mitään
826 308 45 26 lop-

41 343 44 20 pua
103 336 221 21 keskusteluaineilla.
354 336 85 21 Vaikka
453 336 102 27 puheena
570 336 62 21 oleva
648 336 45 21 asia
708 336 66 21 onkin
789 336 85 27 tärkeä,

42 365 57 21 minä
123 365 37 21 siis
183 365 126 26 empimättä
330 365 131 21 ehdottaisin
477 367 47 19 että
542 371 21 15 se
581 367 113 19 sanotusta
709 365 164 21 muodollisesta

43 395 74 25 syystä
129 393 129 26 jätettäisiin
276 393 92 21 sikseen.

111 421 97 21 Provasti
224 421 119 21 Nordström
357 421 23 27 ja

111 450 87 21 Lehtori
215 450 93 26 Hedberg
319 450 133 27 yhdistyivät
463 450 118 27 professori
589 450 110 21 Palménin
707 450 166 26 mielipiteesen.

111 506 146 21 Keskustelun
280 506 101 27 loputtua
396 506 70 27 päätti
482 508 62 25 sääty
559 506 161 27 yksimielisesti
734 508 52 24 että,
803 506 69 21 koska

42 534 117 22 mietinnön
176 535 150 20 käsittelemän
344 534 227 22 anomusehdotuksen
588 535 132 20 tekemiseen
731 534 140 27 anomusajan

42 563 101 21 kuluttua
165 563 19 21 ei
204 563 34 21 ole
254 563 54 21 ollut
324 563 24 21 V.
364 563 59 21 J:ssä
438 563 114 21 mainittua
568 565 68 25 syytä,
652 563 97 21 mietintö
767 569 25 15 on
806 563 69 26 jätet-

42 594 50 19 tävä
109 592 112 21 huomioon
239 594 122 19 ottamatta.

111 676 109 21 Esitettiin
243 676 82 27 yleisen
348 676 223 21 valitusvaliokunnan
594 676 97 21 mietintö
714 682 35 15 n:o
773 678 26 19 34
819 676 53 21 Por-

42 705 162 26 varissäädyssä
229 705 81 27 tehdyn
333 705 227 21 anomusehdotuksen
581 705 109 26 johdosta,
711 705 52 26 joka
788 705 81 21 koskee

41 740 106 14 maamme
161 733 115 21 kartaston
291 733 164 21 tarkastamista
468 733 22 27 ja
507 733 161 27 parantamista.

111 790 131 26 Yliopettaja
258 790 101 21 Kihlman:
375 790 148 21 Petitionären
538 790 6 21 i
560 790 181 26 borgareständet
755 790 51 21 herr
818 790 52 21 Neo-

42 818 47 21 vius
107 818 40 21 har
163 818 30 21 till
210 818 130 26 behandling
356 818 101 27 upptagit
473 825 25 14 en
515 818 65 26 fräga,
598 824 45 15 som
660 820 23 19 är
698 818 22 21 af
735 818 88 21 allmänt
839 818 31 21 in-

42 849 70 19 tresse
133 847 39 21 och
188 846 72 22 derför
276 846 22 22 af
312 849 46 19 stor
371 847 120 27 betydelse.
522 847 113 21 Utskottet
649 847 39 21 har
704 846 61 22 äfven
781 847 89 21 beaktat

41 875 86 26 frägans
151 875 51 26 vigt,
226 875 70 26 vigten
320 875 24 21 af
362 877 33 19 att
410 882 39 19 ega
465 882 27 14 en
507 875 122 26 tillförlitlig
645 875 150 26 generalkarta
812 875 58 21 öfver

41 903 74 21 landet
129 903 6 21 i
153 903 49 21 dess
225 903 80 26 helhet,
329 905 56 19 samt
409 903 70 26 vigten
501 903 22 21 af
537 910 26 14 en
580 903 66 21 sådan
662 903 74 21 kartas
752 903 118 27 inflytande

39 932 28 27 pä
89 932 86 21 landets
192 932 140 21 ekonomiska
348 932 129 26 utveckling,
509 932 40 21 Till
565 932 42 21 den
623 932 120 26 utredning,
760 932 109 21 utskottet

39 960 110 26 förebragt
164 960 92 21 rörande
271 960 37 21 det
324 960 81 26 arbete,
422 966 46 15 som
484 960 66 21 redan
567 960 79 21 utförts
663 960 6 21 i
686 960 69 21 denna
766 960 101 26 riktning,

39 989 39 20 ber
95 988 38 27 jag
152 991 31 18 att
203 989 212 26 kompletteringsvis
430 988 23 21 få
467 988 112 21 framhålla
594 989 69 26 några
678 988 189 27 omständigheter,

40 1023 44 15 som
101 1017 73 21 kunna
190 1024 49 14 vara
256 1017 23 21 af
292 1017 111 27 betydelse
420 1017 33 21 för
468 1017 146 21 bedömandet
629 1017 22 21 af
665 1017 104 26 sakläget.

108 1045 265 27 Landtmäteristyrelsens
391 1045 148 27 detaljkartor,
556 1045 102 21 affattade
672 1046 6 20 i
695 1052 26 14 en
737 1046 68 25 skala,
822 1052 47 15 som

39 1074 55 20 efter
115 1073 141 22 förefallande
279 1073 67 22 behof
364 1075 25 19 är
404 1073 147 21 underkastad
566 1073 18 27 ej
602 1073 134 27 obetydande
752 1074 115 26 vexlingar,

40 1102 89 21 omfatta
144 1102 6 21 i
167 1102 117 21 allmänhet
300 1102 76 21 endast
392 1102 80 21 mindre
491 1102 81 21 arealer
588 1102 40 21 och
639 1104 37 19 äro
687 1102 120 27 uppgjorda
816 1104 52 19 utan

39 1131 104 21 samband
167 1131 49 21 med
234 1131 122 21 hvarandra
371 1131 40 21 och
427 1131 78 21 endast
521 1131 48 21 med
586 1131 82 27 hänsyn
683 1131 33 21 till
731 1131 89 21 alldeles
836 1131 31 20 lo-

39 1159 49 21 kala
103 1159 104 21 ändamäl.
238 1159 28 21 Af
280 1159 65 21 dessa
361 1159 167 25 originalkartor
544 1159 63 21 hafva
623 1159 159 21 sammanstälts
798 1161 70 19 större

38 1188 131 26 komplexer,
187 1187 24 21 de
230 1194 13 14 s.
262 1188 18 20 k.
296 1187 189 26 häradskartorna,
503 1187 119 22 aftattade
620 1183 9 35 i
635 1187 81 21 mindre
732 1188 67 20 skala.
824 1188 45 20 Hä-

38 1216 154 21 radskartorna
212 1216 109 21 innehälla
337 1216 91 21 sälunda
444 1218 32 19 ett
491 1218 80 25 ytterst
586 1216 115 21 värdefullt
716 1216 154 26 kartografiskt

40 1245 101 25 material,
167 1251 46 15 som
230 1244 112 22 dessutom
357 1251 75 20 genom
447 1244 123 27 jemförelse
586 1244 49 21 med
652 1244 216 27 primäruppgifterna

39 1273 41 21 kan
105 1273 46 21 med
175 1273 79 21 lätthet
268 1273 145 21 kontrolleras
430 1273 52 21 eller
498 1273 71 21 vidare
585 1273 117 21 utarbetas.
732 1273 136 21 Häradskar-

38 1303 63 20 torna
121 1301 44 21 lida
186 1301 55 22 dock
258 1301 22 21 af
295 1302 82 26 ganska
392 1302 121 26 väsentliga
529 1302 84 25 brister,
630 1308 26 14 en
672 1302 93 26 naturlig
780 1301 52 27 följd
848 1301 23 21 af

39 1330 41 21 den
103 1330 97 21 använda
223 1330 184 21 arbetsmetoden.
438 1330 33 21 De
492 1330 35 25 fel,
544 1336 46 15 som
607 1330 100 26 möjligen
722 1330 89 21 vidläda
825 1330 43 26 pri-

38 1358 148 21 märkartorna
202 1358 39 21 och
258 1364 47 15 som
322 1358 37 21 der
374 1360 38 19 äro
427 1358 84 21 kanske
526 1358 50 26 föga
591 1358 120 26 märkbara,
727 1358 73 21 kunna
808 1360 59 19 näm-

37 1387 57 26 ligen
110 1387 6 21 i
132 1387 185 21 häradskartorna
341 1387 39 21 lätt
401 1387 81 21 addera
501 1387 32 26 sig
550 1388 39 20 och
605 1386 115 22 framkalla
733 1387 83 26 ganska
832 1389 35 19 vä-

37 1416 93 26 sentliga
145 1415 176 27 förskjutningar.
345 1415 98 21 Latitud-
460 1415 37 22 och
514 1415 178 27 longitudgrader
707 1417 36 20 äro
761 1415 71 22 derför
847 1415 20 27 ej

38 1446 83 19 utsatta
137 1444 26 26 pä
180 1444 183 21 häradskartorna
379 1444 41 21 och
436 1444 62 21 torde
514 1444 5 21 i
538 1444 24 21 de
578 1443 64 22 flesta
657 1443 37 22 fall
709 1444 20 26 ej
746 1450 36 15 ens
794 1444 73 21 kunna

37 1474 104 19 utsättas.
171 1473 38 20 Ett
224 1472 74 21 försök
314 1474 32 19 att
361 1472 88 27 inpassa
464 1472 184 21 häradskartorna
662 1473 8 20 i
684 1474 33 19 ett
732 1472 135 26 fullständigt

37 1501 94 26 kartnät,
155 1501 77 21 sädant
254 1507 45 15 som
315 1501 257 27 landtmäteristyrelsens
588 1501 156 26 generalkarta,
761 1501 42 21 kan
819 1501 49 21 der-

37 1529 34 21 för
93 1529 18 27 ej
135 1529 76 27 aflöpa,
235 1532 53 18 utan
311 1531 33 19 att
362 1529 98 21 enskilda
476 1530 82 26 partier
573 1536 77 20 genom
665 1529 134 27 förkortning
815 1530 52 20 eller
