1128 1814
245 152 54 20 1376
557 154 82 17 Tonkok.
658 153 23 19 17
698 160 19 17 p.

283 216 120 21 Professori
419 217 89 20 Donner:
531 216 10 21 I
556 216 71 21 denna
641 216 70 27 punkt
725 216 65 27 hyser
802 216 38 27 jag
853 216 36 21 för
902 216 44 21 min
962 216 34 21 del
1015 223 26 14 en

214 251 72 15 annan
302 245 148 27 uppfattning;
467 245 108 21 utskottet
590 251 64 21 synes
669 245 45 26 mig
728 245 108 26 nämligen
850 245 49 21 med
908 247 62 19 rätta
978 245 64 21 hafva

214 273 101 21 uteslutit
339 273 64 21 dessa
424 273 36 21 ord
478 280 25 14 ur
518 273 134 27 paragrafen,
668 273 33 21 för
715 275 33 19 att
763 273 124 27 derigenom
892 269 13 35 i
924 273 60 21 vissa
998 273 43 26 fall,

215 302 27 21 dä
257 303 32 19 ett
302 301 189 27 jernvägsföretag
506 301 63 21 räkat
585 301 27 27 pä
628 301 106 21 obeständ
750 301 40 21 och
806 308 79 20 egaren
900 301 32 21 till
948 301 94 21 detsam-

215 336 34 15 ma
272 330 71 21 kunde
359 329 94 22 förledas
469 332 32 19 att
517 329 86 27 försälja
619 336 81 20 vagnar
715 330 40 21 och
771 330 125 26 lokomotiv,
911 330 73 21 kunna
998 329 44 22 för-

214 358 77 22 hindra
307 359 83 21 sädant.
413 359 50 21 Man
478 359 43 21 kan
537 359 92 21 invända
644 361 32 19 att
692 365 25 15 en
731 359 90 27 jernväg
836 359 5 20 i
858 361 66 19 annat
939 358 37 22 fall
991 365 51 15 vore

215 386 124 22 förhindrad
354 389 33 19 att
401 387 90 26 försälja
505 387 130 21 förbrukade
646 387 118 21 lokomotiv
772 387 39 21 och
820 393 86 20 vagnar,
916 393 48 15 men
973 387 69 21 denna

215 415 162 27 omständighet
399 418 24 18 är
446 415 55 21 dock
524 415 67 27 enligt
605 415 44 21 min
665 415 137 27 uppfattning
817 415 23 21 af
854 415 86 27 ringare
955 415 46 27 vigt
1015 418 27 18 än

215 444 48 26 den,
284 446 33 19 att
337 450 25 15 en
381 444 59 26 dylik
452 444 91 27 jernväg
558 444 47 21 icke
621 444 40 21 bör
676 444 90 21 sålunda
781 444 79 26 kunna,
878 444 27 21 då
922 444 40 21 den
978 444 66 21 råkar

215 472 27 27 på
265 472 113 26 obestånd,
401 472 88 27 försälja
509 472 66 26 något
595 472 23 21 af
631 472 34 21 sin
679 472 146 26 lösegendom,
835 472 66 21 hvari
918 472 124 26 inteckning

215 501 106 27 beviljats.

283 529 120 21 Professori
419 529 108 21 Forsman:
544 529 149 21 Valiokunnan
703 529 98 21 mietintö
811 529 107 21 ilmoittaa
928 529 64 21 aivan
1000 529 43 21 sel-

215 557 63 25 västi,
298 557 61 21 ett'ei
374 557 49 21 sillä
439 557 34 21 ole
487 557 108 21 tarkoitus
609 557 89 21 millään
712 557 79 21 tavalla
807 559 98 19 muuttaa
919 557 51 27 sitä,
985 557 58 21 mikä

216 586 146 21 armollisessa
374 586 135 26 esityksessä
524 592 27 15 on
566 588 97 19 sanottu.
693 585 148 22 Valiokunnan
856 586 143 21 mietinnössä
1008 592 35 15 sa-

215 616 92 19 notaan:
324 614 91 26 ,Medan
431 620 27 15 en
473 614 35 21 del
522 614 121 21 ledamöter
656 614 65 21 hållit
732 614 49 21 före
796 616 33 19 att
840 614 76 21 orden:
933 631 8 10 ,
946 614 24 21 sä
981 614 62 26 länge

216 643 25 21 de
266 645 55 19 ännu
345 645 37 19 äro
402 643 7 21 i
427 643 194 27 jernvägsegarens
638 645 62 24 ego*,
716 649 50 15 vore
783 643 120 26 obehöfliga
919 643 40 21 och
975 643 68 21 borde

214 672 61 26 utgä,
297 674 52 18 enär
371 671 251 27 inteckningshafvarens
645 673 97 25 panträtt
763 671 6 21 i
788 671 130 27 jernvägens
941 671 102 21 tillbehör

215 699 108 28 sjelffallet
345 700 70 21 mäste
438 700 105 26 upphöra,
566 700 25 21 sä
613 702 60 19 snart
695 700 62 21 dessa
773 700 101 21 tillbehör
889 699 69 22 blifvit
973 706 70 15 annan

215 734 61 15 mans
293 728 145 27 tillhörighet*
453 728 14 27 j.
485 735 19 14 n.
521 735 18 15 e.
571 728 27 21 Se
615 734 26 15 on
654 728 59 27 juuri
729 734 22 15 se
769 728 121 27 ,sjelffallet
905 728 70 21 mäste
991 735 53 20 upp-

215 756 75 26 höra",
309 756 52 27 joka
377 756 19 21 ei
413 756 38 21 ole.
461 756 119 21 ensinkään
596 757 66 20 selvä.
693 756 128 21 Valiokunta
836 762 27 15 on
879 758 61 19 tässä
955 756 89 21 otaksu-

215 787 39 19 nut
273 785 92 27 jotakin,
380 785 51 27 joka
447 785 19 21 ei
483 785 32 21 ole
531 785 106 21 itsestään
653 785 59 21 selvä
727 785 125 21 ensinkään.
882 785 59 21 Minä
955 785 88 21 sentäh-

218 813 38 21 den
274 812 96 22 ehdotan
384 815 53 24 että,
453 813 69 21 koska
537 813 159 21 valiokunnalla
713 819 25 15 on
756 813 47 21 ihan
821 819 57 15 sama
895 813 78 27 ajatus,
985 813 58 21 mikä

215 842 146 21 armollisessa
384 842 133 27 esityksessä
536 848 27 15 on
578 842 105 26 lausuttu,
699 842 90 21 selvästi
802 844 114 24 sanotaan,
931 842 52 21 mitä
999 844 43 19 tar-

215 870 117 26 koitetaan,
349 870 69 21 koska
433 870 97 21 muutoin
547 870 32 21 voi
596 870 62 27 hyvin
673 870 57 27 paljo
739 870 129 27 erehdyksiä
876 872 83 25 syntyä.
982 870 61 21 Voisi

215 899 106 26 tapahtua
335 900 47 19 että
393 898 55 27 joku
463 898 132 27 ymmärtäisi
611 900 46 19 tätä
672 898 85 21 toisella
772 898 85 26 tavalla,
873 898 44 21 niin
933 900 47 19 että
992 898 50 27 joku

215 928 73 21 luulisi
303 928 100 21 itsellään
419 928 76 21 olevan
510 928 169 26 panttioikeutta
695 928 176 25 lokomotiivissä,
879 928 64 27 jotka
952 928 91 21 kulkisi-

215 958 38 19 vat
274 956 59 21 esim.
357 956 101 21 Kiinassa
479 956 32 21 tai
533 956 94 21 muualla
648 956 143 21 maailmassa.
823 955 26 22 Se
871 962 28 15 on
914 957 129 20 tämmöisen

215 986 80 19 väärän
309 984 125 27 käsityksen
450 984 135 21 estämiseksi
601 984 52 21 kuin
669 986 72 19 nämät
757 986 62 19 sanat
834 986 51 19 ovat
894 984 149 21 välttämättö-

215 1015 52 24 mät,
281 1013 22 27 ja
319 1013 67 21 koska
404 1013 122 21 valiokunta
542 1013 89 21 selvästi
646 1019 74 20 sanoo,
737 1015 45 19 että
797 1019 38 15 sen
851 1013 70 27 ajatus
939 1019 26 15 on
982 1019 60 15 sama

216 1041 51 21 kuin
283 1041 123 21 armollisen
422 1041 115 27 esityksen,
554 1041 43 21 niin
613 1041 82 21 miks'ei
711 1041 42 21 sitä
769 1041 34 21 voi
818 1041 51 21 sitte
886 1041 96 27 myöskin
1000 1041 41 21 sel-

216 1069 55 21 västi
287 1069 92 22 lausua?

284 1097 120 22 Professori
420 1098 90 21 Donner:
527 1098 42 21 Det
584 1098 40 21 har
638 1098 91 21 alldeles
744 1098 33 21 sin
791 1098 104 26 riktighet
909 1100 34 19 att
957 1098 86 21 utskot-

217 1127 30 19 tet
271 1126 46 21 haft
339 1126 69 21 denna
429 1126 142 27 uppfattning,
591 1133 49 14 men
656 1126 62 21 äfven
734 1126 41 21 den
790 1126 139 27 uppfattning
945 1132 46 15 som
1004 1126 39 27 jag

217 1155 50 21 sökt
280 1156 56 25 göra
349 1155 106 26 gällande,
471 1161 63 20 synes
551 1155 44 26 mig
609 1161 50 15 vara
674 1155 123 26 berättigad
808 1155 40 21 och
860 1155 105 21 innebära
972 1156 72 20 större

217 1183 101 21 säkerhet
332 1183 36 21 för
381 1183 245 26 inteckningshafvaren.

285 1212 147 21 Kirkkoherra
447 1212 161 21 Wennerström:
629 1211 75 22 Sävidt
716 1212 39 27 jag
770 1212 41 21 kan
827 1212 100 26 päminna
942 1212 44 26 mig
1002 1212 42 21 dis-

218 1240 114 21 kussionen
348 1240 57 21 inom
420 1240 115 27 utskottet,
551 1240 27 21 dä
593 1240 90 21 ärendet
697 1240 97 21 förekom
809 1240 33 21 till
857 1239 137 27 behandling,
1006 1246 38 15 an-

217 1269 95 21 märktes
336 1269 43 26 det,
402 1271 33 19 att
457 1276 26 14 en
503 1269 168 27 jernvägsegare
691 1269 46 22 icke
753 1269 42 21 kan
811 1269 79 27 afyttra
906 1269 41 21 den
963 1269 81 27 rörliga

216 1297 105 26 materiel,
345 1303 46 15 som
414 1296 102 22 behöfves
531 1297 6 21 i
555 1297 40 21 ock
617 1297 34 21 för
670 1296 102 22 trafikens
788 1297 198 27 upprätthållande,
1003 1297 41 21 och

217 1326 37 21 det
273 1326 27 27 pä
321 1326 68 27 grund
406 1326 67 26 deraf,
487 1328 35 19 att
535 1326 157 22 koncessionen
707 1326 138 21 föreskrifver
859 1326 38 21 det
912 1326 79 21 minsta
1006 1333 38 14 an-

217 1354 30 21 tal
262 1354 117 21 lokomotiv
395 1354 39 21 och
451 1360 80 20 vagnar
543 1354 118 27 jernvägen
676 1354 39 21 bör
731 1360 47 20 ega.
807 1354 118 21 Dessutom
939 1354 105 21 anställer

217 1384 72 19 staten
306 1389 25 14 en
347 1382 93 21 särskild
456 1382 117 27 inspektör,
591 1388 45 15 som
653 1389 50 20 eger
718 1382 64 21 hafva
797 1382 72 27 tillsyn
880 1382 61 21 öfver
951 1382 40 21 den
999 1382 45 27 pri-

217 1413 51 19 vata
280 1411 118 27 jernvägen
413 1411 40 21 och
469 1411 65 21 bland
550 1413 67 19 annat
631 1411 61 21 äfven
707 1411 56 21 vaka
774 1411 104 27 deröfver,
887 1413 33 19 att
929 1417 25 15 en
963 1411 80 21 minsk-

217 1440 52 26 ning
283 1442 6 19 i
302 1440 129 27 jernvägens
455 1440 135 26 nödvändiga
611 1440 81 26 rörliga
709 1440 98 21 materiel
822 1440 47 21 icke
884 1440 36 21 får
934 1446 41 20 ega
989 1446 54 21 rum,

217 1468 107 26 hinderlig
338 1474 46 15 som
401 1468 69 21 denna
485 1468 122 26 minskning
622 1474 51 15 vore
687 1467 34 22 för
734 1467 105 22 trafikens
847 1467 196 28 upprätthällande.

219 1497 82 21 Orden:
327 1497 38 24 ,sä
383 1497 62 26 länge
461 1497 26 21 de
503 1499 58 19 ännu
575 1499 38 19 äro
628 1497 6 20 i
647 1497 196 27 jernvägsegarens
858 1499 62 24 ägo”,
936 1497 107 21 uteslötos

218 1526 73 21 såsom
306 1525 127 27 obehöfliga,
449 1526 82 21 hvilket
544 1525 94 27 framgår
653 1525 23 22 af
688 1526 162 26 motiveringen.
