1103 1793
391 149 79 18 Toukok.
489 147 24 20 15
531 155 17 17 p.
801 145 51 21 1261

127 210 148 21 Kirkkoherra
299 210 107 27 Karlsberg
432 210 93 27 yhdistyi
549 210 117 27 professori
690 210 126 21 Forsmanin
838 211 45 20 lau-

55 240 103 20 suntoon.

128 266 130 27 Yliopettaja
282 266 100 21 Kihlman:
412 266 41 27 Jag
475 267 95 26 begärde
590 267 61 20 ordet
671 267 47 20 med
735 266 114 27 anledning
865 266 22 21 af

57 294 56 27 prof.
136 295 114 20 Forsmans
276 296 84 19 senaste
384 295 105 27 yttrande.
519 295 48 21 Han
589 295 50 20 sade
657 296 31 19 att
704 295 32 25 de,
754 301 45 14 som
814 295 71 20 känna

56 323 36 21 :sin
113 323 133 21 rättskänsla
261 323 79 21 kränkt
355 329 75 20 genom
448 323 252 26 straffbestämningarna
715 323 6 20 i
738 323 146 26 föreliggande

59 352 122 27 lagförslag,
205 352 53 21 hade
280 353 48 20 bort
344 354 52 25 göra
412 352 33 27 sig
459 352 95 21 bekanta
569 352 48 21 med
634 352 250 27 stratfbestämningarna

55 380 10 20 i
90 380 96 26 gällande
209 380 45 26 lag;
279 380 38 20 och
338 386 34 14 om
394 380 24 20 de
434 380 56 20 hade
506 380 57 26 gjort
578 380 66 25 detta,
661 380 24 20 sä
702 380 68 20 skulle
788 380 24 20 de
829 379 56 21 finna

59 411 34 19 att
116 409 62 21 deras
201 409 107 26 klagomål
332 411 24 19 är
378 409 83 21 mindre
483 409 133 26 berättigadt
637 409 51 21 eller
707 411 33 19 att
756 409 26 21 de
797 409 89 21 fastmer

56 436 67 21 hafva
146 437 47 20 skäl
216 438 32 19 att
267 437 75 26 glädja
357 437 39 26 sig,
414 437 137 20 alldenstund
568 436 5 21 i
591 436 115 21 allmänhet
724 442 76 21 genom
816 436 68 21 denna

59 464 36 27 lag
118 466 112 25 strängare
252 464 65 21 straff
336 465 105 20 bestämts
462 466 27 19 än
505 470 76 21 genom
597 464 63 27 lagen
676 464 23 21 af
713 464 23 21 är
753 466 61 19 1734.
843 464 42 27 Jag

62 493 105 21 erkänner
181 495 32 19 att
228 493 56 27 prof.
298 493 105 21 Forsman
417 493 40 21 har
470 495 46 19 rätt
530 493 32 21 uti
578 493 32 21 sin
625 493 96 21 fordran:
738 493 20 21 vi
773 493 68 21 borde
851 493 33 21 sä-

57 527 48 15 som
121 521 120 27 lagstiftare
257 521 71 21 känna
345 521 41 21 den
402 521 70 27 gamla
487 522 69 26 lagen.
583 521 50 21 Men
649 527 40 21 nog
705 521 62 21 torde
784 521 36 21 det
835 528 50 14 vara

58 550 129 26 förklarligt,
207 550 20 27 ja
248 552 13 19 t.
284 556 17 15 o.
319 556 27 15 m.
362 550 121 26 ursäktligt,
501 556 32 15 om
549 550 20 21 vi
586 550 144 27 icke-jurister
746 550 48 21 icke
809 550 77 21 hunnit

58 578 91 20 studera
174 580 53 19 1734
248 578 34 21 ärs
305 578 40 26 lag,
364 578 26 21 dä
406 578 21 21 vi
442 578 108 26 knappast
566 578 75 21 hunnit
657 578 88 21 studera
761 578 69 21 denna
846 584 39 15 ena

58 607 37 21 del
111 606 21 21 af
145 607 64 26 lagen
224 606 53 21 eller
292 606 169 27 kriminallagen.
492 606 43 21 Det
551 608 23 19 är
590 606 66 21 ocksä
672 613 25 14 en
712 606 86 21 skilnad
808 606 77 21 mellan

60 636 49 20 värt
123 641 78 15 ansvar
216 635 5 21 i
238 635 134 29 förhällande
388 635 32 21 till
438 636 54 20 1734
507 635 36 21 ärs
558 635 35 26 lag
610 635 39 21 och
664 635 32 21 till
714 635 68 21 denna
793 642 40 20 nya
843 635 41 27 lag.

61 663 24 20 Vi
106 663 63 21 hafva
189 663 48 21 icke
253 663 55 21 varit
324 663 49 21 med
389 669 33 15 om
439 663 113 21 stiftandet
568 663 22 21 af
605 665 54 19 1734
676 663 34 21 ärs
726 663 36 26 lag
777 663 40 21 och
833 663 53 21 bära

59 691 72 22 derför
147 691 47 21 icke
210 693 101 19 ansvaret
326 691 33 22 för
375 689 26 23 de
412 692 49 26 läga
471 692 228 26 straffbestämningar,
711 698 47 14 som
769 692 37 20 der
818 692 68 20 kunna

57 719 82 27 finnas;
156 726 47 15 men
219 720 69 21 denna
304 720 136 26 kriminallag
455 720 71 21 stiftas
543 720 22 21 af
579 726 42 20 oss,
638 720 39 21 och
693 720 192 21 straffbestämnin-

60 755 67 20 garna
143 748 5 21 i
165 748 124 21 densamma
299 749 57 20 böra
372 755 52 14 vara
440 750 31 19 ett
486 748 85 27 uttryck
587 748 22 21 af
623 748 47 21 värt
680 748 205 21 rättsmedvetande.

62 776 40 21 Om
125 776 20 21 vi
169 782 27 15 nu
217 775 86 22 befinna
325 782 34 15 oss
376 776 6 20 i
400 778 31 19 ett
446 776 79 21 sådant
539 776 49 26 läge
605 778 32 19 att
651 776 20 21 vi
687 776 69 21 måste
771 776 115 26 godkänna

61 805 37 20 det
113 804 147 27 föreliggande
275 804 109 27 förslaget,
401 804 61 21 äfven
479 805 26 20 dä
516 804 250 27 straffbestämningarna
776 804 46 22 icke
832 806 53 19 mot-

59 838 64 15 svara
148 833 47 21 värt
217 833 206 26 rättsmedvetande,
448 833 23 21 sä
492 833 64 21 borde
577 833 21 21 vi
615 833 52 21 dock
684 839 50 15 vara
749 833 136 26 berättigade

61 863 34 19 att
116 861 32 21 till
167 861 133 26 protokollet
319 861 88 25 anmäla,
430 863 32 19 att
477 861 20 21 vi
513 861 6 20 i
535 861 82 21 sädana
631 861 37 21 fall
682 861 113 26 godkänna
810 861 75 21 försla-

59 890 38 25 get
120 889 80 20 endast
220 889 92 20 emedan
332 889 20 20 vi
368 891 36 18 äro
422 889 71 20 dertill
509 889 72 21 nödda
597 889 40 21 och
654 890 99 25 tvungna.
782 889 44 26 Jag
840 890 45 19 tän-

59 917 40 21 ker
119 919 32 19 att
172 917 57 21 säväl
245 917 150 27 kyrkoherden
411 917 99 21 Torckell
526 923 46 15 som
587 920 88 24 prosten
691 917 130 21 Fredrikson
837 917 47 21 med

59 945 48 21 sina
129 946 126 20 uttalanden
278 945 86 27 äsyftat,
385 945 48 21 icke
449 946 24 21 sä
487 946 88 26 mycket
589 947 33 19 att
637 945 79 22 föreslä
731 946 102 26 speciella
849 948 36 18 än-

59 974 87 27 dringar
161 974 5 21 i
183 974 145 27 lagförslaget,
340 980 46 15 som
396 974 48 21 icke
454 974 92 21 fastmer
555 976 33 19 att
599 974 161 27 tillkännagifva
768 974 38 21 det
814 974 70 21 stratf-

59 1002 191 26 bestämningarna
272 1002 6 20 i
302 1002 104 26 förslaget
426 1002 48 21 icke
490 1002 158 21 tillfredsställa
665 1002 62 21 deras
743 1002 142 21 rättsmedve-

59 1031 73 21 tande.
162 1031 10 21 I
195 1031 61 21 detta
279 1031 102 21 afseende
401 1031 86 23 förenar
502 1031 38 27 jag
555 1031 44 26 mig
614 1031 6 20 i
636 1031 43 21 allo
695 1031 48 21 med
760 1031 54 21 dem.
845 1031 41 26 Jag

59 1059 37 21 vill
114 1059 48 21 icke
178 1065 27 15 nu
222 1061 96 24 upptaga
333 1059 33 21 till
382 1059 130 26 behandling
527 1059 75 26 frägan
617 1065 34 15 om
668 1059 145 26 dödsstraffet,
830 1065 55 15 eme-

60 1087 41 21 dan
129 1087 68 21 denna
222 1087 60 27 fräga
305 1087 143 21 förekommer
470 1087 123 29 egentligen
612 1087 57 21 först
691 1088 29 21 uti
743 1090 22 19 21
788 1087 97 27 kapitlet.

62 1115 100 21 Deremot
182 1115 48 21 ville
244 1115 38 27 jag
299 1119 94 22 upptaga
409 1115 74 26 frägan
499 1121 34 15 om
552 1115 24 21 de
594 1115 65 21 andra
676 1115 155 25 straffarterna,
844 1115 42 21 frä-

59 1150 41 20 gan
117 1150 33 15 om
166 1144 96 26 fängelse
279 1144 40 21 och
335 1144 98 21 tukthus.
468 1144 30 21 En
515 1144 22 21 af
553 1144 24 21 de
593 1144 130 27 föregäende
739 1145 97 20 talarene
847 1144 39 21 har

58 1174 75 26 yttrat,
157 1174 32 19 att
207 1172 41 21 han
270 1172 65 21 bland
352 1172 253 27 straffbestämningarna
620 1172 80 21 saknar
714 1172 173 27 kroppsstraffet.

60 1200 67 22 Afven
149 1201 36 26 jag
205 1201 70 20 mäste
294 1201 92 26 beklaga
403 1202 30 19 att
450 1201 69 20 denna
535 1201 96 21 straffart
648 1200 67 22 blifvit
733 1201 18 20 h.
770 1207 17 14 o.
804 1201 21 20 h.
841 1202 47 19 ute-

58 1229 73 20 sluten
155 1229 39 20 och
218 1230 32 19 att
273 1229 85 20 säledes
380 1229 26 20 de
427 1228 108 27 egentliga
550 1229 88 21 straffen
653 1235 89 14 numera
756 1231 39 18 äro
811 1229 78 20 endast

57 1257 147 26 frihetsstraft,
221 1257 19 21 d.
258 1264 17 14 v.
293 1263 17 15 s.
326 1257 98 27 fängelse
439 1257 5 21 i
462 1259 111 25 strängare
590 1257 51 21 eller
657 1257 88 21 mildare
763 1257 53 21 form
833 1259 56 19 samt

60 1285 69 21 böter.
161 1285 38 21 Om
215 1285 164 21 frihetsstraffet
395 1285 53 21 skall
464 1285 66 21 blifva
545 1287 32 19 ett
593 1285 91 27 verkligt
700 1285 67 26 straff,
785 1285 23 21 sä
819 1285 69 21 mäste

59 1314 38 20 det
117 1313 124 21 utsträckas
260 1313 5 21 i
282 1313 70 27 tiden;
369 1320 47 14 men
432 1313 80 27 följden
529 1313 62 21 deraf
605 1313 47 26 blir,
669 1315 32 19 att
716 1313 51 21 våra
781 1313 109 27 fängelser

60 1342 57 20 inom
134 1342 49 21 kort
199 1342 61 20 skola
275 1341 66 22 blifva
357 1341 131 27 öfverfyllda,
505 1342 28 21 dä
549 1342 33 26 de,
599 1348 46 14 som
658 1342 80 20 utstätt
748 1341 140 21 frihetsstraf-

59 1370 38 26 fet,
112 1370 66 21 blifva
193 1370 57 21 färre
266 1372 26 19 än
311 1370 24 21 de
352 1376 47 15 som
415 1370 74 21 dömas
506 1370 33 21 till
554 1370 152 27 undergäende
720 1370 22 21 af
751 1370 61 21 detta
822 1370 66 21 straff.

60 1398 50 21 Men
127 1404 32 15 om
176 1398 49 21 våra
241 1398 109 27 fängelser
366 1398 65 21 blifva
447 1398 150 27 otillräckliga,
615 1398 22 21 sä
653 1398 61 21 skola
730 1398 19 21 vi
760 1398 65 21 blifva
836 1398 52 21 nöd-

59 1427 83 21 sakade
164 1429 35 19 att
218 1427 92 27 uppföra
328 1427 59 26 flere,
402 1427 36 21 för
452 1429 32 19 att
500 1428 87 20 brotten
602 1427 64 21 skola
679 1427 75 21 kunna
766 1427 123 21 bestraffas.

61 1455 41 26 Jag
126 1455 99 26 förutser,
250 1457 32 19 att
307 1455 38 21 den
370 1455 32 21 tid
424 1455 53 21 skall
498 1455 93 26 komma,
613 1455 28 21 dä
656 1461 47 15 man
721 1455 40 21 kan
780 1455 46 21 dela
843 1455 48 21 värt

59 1483 45 22 folk
119 1484 6 20 i
141 1484 37 21 tvä
195 1484 63 26 delar,
276 1484 83 21 sädana
376 1490 44 15 som
437 1484 52 21 sitta
503 1484 6 20 i
521 1484 97 26 fängelse
631 1484 37 21 och
680 1484 88 26 sädana,
781 1490 44 15 som
833 1484 57 21 lefva

61 1512 39 21 och
124 1513 81 25 arbeta,
229 1512 89 21 för-att
341 1512 106 27 fängelser
467 1512 60 22 skola
548 1512 72 21 kunna
636 1512 100 27 uppföras
755 1512 37 21 och
809 1512 33 21 för
858 1514 32 19 att
