1095 1792
378 162 80 18 Toukok.
477 162 23 18 11
516 169 18 17 p.
784 160 53 20 1185

47 226 128 20 suorastaan
198 225 228 25 erityistarkastuksen
449 225 95 21 alaisiksi
564 225 23 27 ja
602 225 102 21 esitettiin
719 225 57 21 siinä
790 225 78 21 tarkoi-

46 253 101 22 tuksessa
163 253 60 22 ensin
239 253 142 21 valiokunnan
396 253 100 26 ehdotus,
511 253 96 22 koskeva
623 255 9 19 1
645 253 21 27 ja
677 255 12 19 2
701 253 167 22 anomus-ehdo-

47 284 59 20 tusta
127 282 66 21 Oulun
220 278 89 35 Tornion
330 283 94 20 radasta.

115 339 133 21 Keskustelu
240 335 12 36 :

115 367 145 22 Kirkkoherra
282 367 79 21 Wallin:
392 367 41 27 Jag
449 367 40 21 kan
506 367 47 21 icke
568 367 74 21 förena
657 367 43 27 mig
716 373 32 15 om
764 367 106 21 utskotts-

29 403 4 3 *
47 396 167 21 betänkandet
205 392 16 35 i
232 396 69 21 denna
322 396 39 26 del,
383 398 52 19 utan
453 396 39 21 ber
513 398 32 19 att
563 396 21 21 få
603 396 86 21 förorda
703 396 131 27 antagandet
849 396 23 21 af

49 424 40 22 den
113 424 138 26 reservation,
276 430 45 15 som
345 426 23 19 är
392 424 160 21 undertecknad
568 424 22 21 af
603 424 36 21 hrr
654 424 100 26 Neovius,
770 424 102 21 Törnudd

50 453 40 21 och
106 453 112 26 Tallgvist.
248 453 32 21 En
293 453 89 27 jernväg
398 453 78 21 mellan
491 453 110 26 Uleäborg
616 453 40 21 och
672 453 83 21 Torneä
770 453 39 21 har
824 453 47 21 icke

50 482 76 21 endast
148 488 25 15 en
197 483 46 19 stor
256 481 154 22 internationel
424 481 117 27 betydelse,
557 484 53 22 utan
625 483 25 19 är
664 481 61 22 äfven
740 481 23 21 af
777 483 95 20 utomor-

48 510 83 26 dentlig
152 510 45 26 vigt
219 510 59 21 säväl
299 510 34 21 för
357 510 48 21 hela
425 510 73 21 landet
514 516 45 15 som
574 510 105 21 särskildt
691 509 33 22 för
739 510 133 26 nordligaste

48 538 97 25 Finland,
161 544 45 15 som
222 538 54 21 ifrån
291 538 110 27 Uleåborg
415 540 57 19 ännu
487 538 99 21 sträcker
600 538 33 27 sig
648 540 75 19 norrut
734 540 26 19 50
773 538 12 21 å
794 540 26 19 60
829 539 42 21 mil.

49 566 41 27 Jag
112 566 102 22 behöfver
237 567 47 21 icke
308 573 96 20 upprepa
426 567 26 21 de
475 567 53 26 skäl,
550 573 46 15 som
611 567 32 20 till
658 566 82 22 förmän
755 566 33 22 för
803 567 70 21 denna

50 596 56 20 bana
126 595 123 22 framhällas
272 595 23 21 af
312 595 185 22 reservanterna
487 591 15 36 i
513 595 160 22 reservationen
690 602 31 15 n:o
742 598 14 24 1,
774 602 48 20 men
836 595 37 27 jag

49 624 37 21 vill
108 626 58 19 ännu
187 624 70 21 dertill
280 624 112 21 framhålla
413 624 66 27 några
494 624 68 21 andra
577 624 189 27 omständigheter.
798 624 74 22 Oster-

50 652 110 21 bottniska
176 653 69 20 banan
261 654 25 19 är
300 652 47 22 icke
363 652 107 27 fullfärdig
486 652 39 22 och
542 652 42 21 kan
602 652 46 22 icke
667 652 100 22 utveckla
778 652 48 22 hela
840 652 32 21 sin

52 681 114 27 betydelse,
182 681 74 21 förrän
278 681 40 21 den
338 681 76 27 drages
430 688 42 20 upp
488 681 33 21 till
535 681 145 27 riksgränsen.
710 681 77 21 Derför
801 681 71 21 mäste

52 710 40 21 den
115 709 53 22 fram
190 710 58 21 ända
268 710 31 21 dit
314 710 40 21 och
370 710 42 21 den
427 709 32 22 fär
473 710 49 21 icke
537 711 77 20 stanna
628 709 71 22 förrän
713 710 46 21 der.
788 710 84 26 Frägan

52 740 24 19 är
98 745 28 14 nu
150 739 50 21 den:
223 738 53 21 skall
289 738 118 27 jernvägen
423 738 55 21 sluta
495 738 33 21 vid
544 738 114 27 Uleäborg,
677 738 50 22 eller
743 739 46 21 med
806 739 66 20 andra

54 767 43 25 ord,
114 767 54 21 skall
185 767 92 21 nämnda
293 768 33 20 ort
342 773 50 15 vara
408 767 40 21 den
463 768 93 25 yttersta
566 769 92 24 gränsen
668 769 82 24 norrut,
761 766 112 22 hvaröfver

53 795 19 21 vi
92 795 44 22 icke
157 795 58 21 skola
231 796 43 26 gå?
304 795 58 22 Eller
376 795 68 22 finnes
462 796 34 21 det
511 795 49 22 icke
576 796 64 26 några
656 795 46 21 skäl
719 797 32 19 att
767 796 64 26 draga
848 802 24 15 en

54 824 52 20 bana
131 825 93 27 närmare
250 824 38 21 den
312 825 59 19 stora
392 823 34 22 del
446 823 22 21 af
481 823 147 26 fosterlandet,
644 829 46 15 som
705 823 69 27 ligger
788 824 86 20 bortom

52 851 124 28 Uleåborg?
190 853 44 21 Bör
248 859 49 14 man
313 852 47 22 icke
376 853 80 21 bereda
472 853 26 21 de
512 853 152 26 undangömda
674 852 40 22 och
723 852 43 21 ofta
774 852 100 27 förgätna

52 881 132 21 nordlanden
208 887 79 15 samma
307 880 99 26 fördelar,
424 887 44 14 som
483 881 90 20 kommit
589 881 25 21 de
630 880 68 27 öfriga
713 887 58 15 mera
786 881 88 26 lyckligt

54 909 83 22 lottade
160 909 148 22 landsdelarna
332 909 32 21 till
387 910 63 26 godo.
478 909 146 27 Jernvägarna
645 911 43 24 äro,
706 910 35 21 det
757 909 117 27 medgifves

53 938 22 27 ju
99 944 85 15 numera
209 938 91 25 allmänt,
325 938 55 21 intet
399 940 65 19 annat
479 940 27 19 än
521 937 133 22 förbättrade
669 938 133 26 landsvägar.
832 938 42 26 Jag

54 966 38 22 ber
115 966 101 21 herrarna
239 966 100 21 fasthålla
362 966 69 21 denna
449 966 44 21 bild
509 966 39 21 och
564 966 67 21 sedan
645 966 68 21 tänka
728 966 32 27 sig
776 966 98 21 situatio-

54 1001 48 15 nen.
133 995 39 21 Om
192 995 6 21 i
219 995 65 26 tiden,
306 997 39 19 när
366 995 128 27 landsvägar
513 995 81 27 bygdes
610 1002 56 20 uppe
681 995 6 21 i
703 995 87 26 norden,
806 995 69 21 skulle

54 1023 63 21 hafva
132 1023 6 21 i
154 1021 117 29 frågasatts
294 1025 32 19 att
348 1023 156 27 landsvägarna
526 1025 75 19 norrut
624 1024 65 21 borde
711 1023 62 21 hafva
788 1025 87 19 stannat

54 1052 35 21 vid
111 1052 116 27 Uleåborg,
250 1052 62 22 hvem
335 1052 54 22 hade
412 1052 35 21 väl
468 1052 70 27 åtagit
559 1052 33 27 sig
606 1054 33 19 att
653 1052 96 22 försvara
764 1059 26 15 en
806 1053 68 20 sådan

55 1080 96 26 mening?
182 1081 44 21 Den
251 1081 137 26 oundvikliga
402 1081 186 26 nödvändigheten
604 1081 37 21 har
657 1080 80 22 fordrat
752 1081 123 26 byggandet

56 1109 22 21 af
90 1109 128 27 landsvägar
233 1109 55 21 ända
304 1109 31 21 till
350 1109 84 21 landets
449 1111 65 25 gräns
529 1109 39 21 och
585 1109 47 21 med
648 1115 82 15 samma
744 1109 131 27 nödvändig-

56 1138 36 21 het
109 1137 77 22 drifves
200 1144 49 15 man
265 1139 33 20 att
312 1137 46 22 föra
374 1138 41 21 den
430 1144 40 20 nya
486 1138 68 21 tidens
572 1138 101 26 landsväg
691 1138 18 21 d.
726 1144 19 15 v.
761 1144 16 15 s.
790 1138 85 27 jernvä-

56 1173 40 20 gen
115 1166 33 21 till
165 1166 84 22 landets
266 1168 94 24 gränser,
377 1166 129 21 åtminstone
522 1166 38 21 der
576 1166 36 21 det
627 1166 45 21 står
687 1166 6 21 i
709 1168 109 19 närmaste
833 1166 42 21 för-

56 1195 96 21 bindelse
170 1195 45 21 med
232 1195 147 26 grannlandet.
402 1194 56 22 Vore
473 1195 112 26 meningen
601 1195 47 26 den,
665 1196 37 20 att
712 1201 40 15 man
765 1194 45 22 icke
819 1195 58 21 inom

58 1223 40 21 den
114 1225 96 19 närmare
225 1223 114 21 framtiden
353 1223 72 21 skulle
439 1223 27 27 gå
480 1223 72 21 vidare
568 1223 46 21 från
628 1223 110 27 Uleåborg
753 1225 80 23 norrut,
850 1223 27 21 då

57 1258 51 15 vore
126 1252 42 25 det,
184 1252 77 27 tyckes
274 1252 51 27 mig,
339 1252 49 21 skäl
402 1254 34 19 att
450 1252 114 27 godkänna
578 1252 118 21 utskottets
712 1252 85 27 förslag.
827 1252 50 21 Men

59 1280 104 22 erkänner
177 1287 48 14 man
241 1282 33 19 att
290 1287 25 15 en
331 1281 68 20 sådan
413 1281 56 20 bana
484 1280 56 22 dock
555 1280 106 27 snarligen
677 1280 54 21 skall
741 1281 87 26 byggas,
838 1280 40 22 och

56 1309 38 27 jag
116 1309 76 22 tänker
212 1311 32 19 att
260 1311 32 20 ett
306 1310 79 20 sådant
399 1309 136 22 erkännande
549 1309 98 22 kommer
661 1309 62 22 äfven
739 1310 69 21 denna
822 1310 57 20 bana

59 1338 32 20 till
108 1338 41 26 del,
165 1338 25 21 så
204 1338 40 21 bör
258 1338 101 21 sträckan
370 1338 6 20 i
388 1338 42 26 god
445 1338 31 21 tid
492 1338 57 21 förut
563 1338 160 21 instrumentalt
738 1338 140 21 undersökas.

58 1366 45 21 När
118 1366 73 21 dertill
205 1366 101 26 kommer,
322 1366 71 21 såsom
411 1368 163 19 reservanterna
589 1368 52 25 säga
656 1366 28 27 på
692 1366 38 21 sid.
743 1368 31 24 95,
786 1368 32 19 att
829 1366 50 25 ,nå-

60 1401 40 20 gon
117 1395 74 26 åtgärd
207 1395 6 20 i
229 1395 74 21 nämdt
318 1394 106 22 afseende
436 1397 23 19 är
476 1395 22 21 så
514 1395 86 26 mycket
614 1401 59 15 mera
688 1395 66 21 redan
771 1401 27 15 nu
815 1394 65 22 afnö-

60 1424 48 26 den,
132 1430 33 15 om
188 1424 66 26 något
269 1423 115 27 inflytande
400 1424 54 21 skall
469 1424 74 21 kunna
556 1423 84 22 utöfvas
657 1424 29 26 på
701 1424 144 26 uppkomsten
861 1423 21 22 af

62 1458 24 15 en
107 1451 267 27 sammanbindningsbana
390 1451 89 22 emellan
496 1451 78 22 Ofoten
589 1452 70 20 banan
676 1451 40 22 och
731 1451 149 27 Haaparanda,

61 1487 44 15 som
121 1481 56 21 efter
190 1483 32 19 tre
238 1481 30 26 år,
284 1481 27 21 då
326 1483 62 19 nästa
403 1481 101 27 landtdag
520 1481 176 26 sammanträder,
706 1481 70 21 banan
786 1481 96 21 Luleå
864 1477 23 35 —

62 1509 78 22 Ofoten
154 1509 6 21 i
178 1510 35 21 det
235 1511 109 20 närmaste
367 1511 23 19 är
409 1509 112 27 slutförd",
537 1509 74 27 tyckes
626 1509 44 27 mig
686 1511 32 19 att
733 1510 69 21 banan
817 1509 65 22 Uleå-

60 1539 166 26 borg—Torneä
242 1538 6 21 i
264 1545 26 15 en
306 1544 49 15 snar
370 1538 85 21 framtid
471 1539 67 21 borde
552 1538 86 21 komma
653 1538 6 21 i
674 1538 67 27 fråga,
757 1545 49 15 men
816 1539 66 21 redan

792 1580 24 18 75
