1103 1773
238 151 55 19 1500
545 152 83 17 Toukok.
645 150 25 19 22
687 158 19 17 p.

208 216 44 18 tua.
282 214 72 20 Mutta
374 213 34 27 jos
433 213 117 22 tahdotaan
575 213 132 22 ehdollisesti
732 213 66 21 tehdä
820 214 103 20 tällainen
944 217 91 18 anomus

208 242 51 21 kuin
275 242 39 21 hra
329 242 123 21 Johansson
469 248 26 15 on
513 244 77 19 tuonut
606 242 59 26 esiin,
686 242 43 21 niin
745 242 94 21 minäkin
854 242 67 21 siihen
937 242 97 27 yhdisyn,

208 273 70 19 mutta
295 271 47 21 olen
364 271 91 21 vieläkin
477 271 41 21 sitä
538 271 73 21 mieltä
627 273 51 24 että,
692 271 35 27 jos
743 278 27 14 ne
784 271 138 27 yhdistetään
939 271 46 21 sillä
1002 273 33 19 ta-

209 300 55 20 valla
279 300 51 20 kuin
346 300 39 20 hra
400 299 124 22 Johansson
540 299 89 26 ehdotti,
646 300 58 20 tulee
716 300 123 21 komitealle
850 299 183 22 mahdottomaksi

210 327 64 21 saada
291 328 79 20 mitään
386 328 130 21 kokonaista
532 328 84 20 aikaan.
646 328 44 20 Hra
704 327 124 22 Johansson
844 328 72 25 arveli,
933 329 46 19 että
989 328 46 26 kyl-

209 356 65 21 lähän
290 356 95 21 komitea
400 356 35 21 voi
445 356 124 21 neuvotella
579 356 88 21 siitäkin
678 356 97 21 asiasta.
793 356 25 21 Se
832 362 25 15 on
870 356 94 27 kylläkin
975 356 59 21 mah-

210 385 93 26 dollista,
320 387 69 19 mutta
405 385 19 21 ei
441 385 32 21 ole
489 385 56 21 siinä
561 385 92 27 kylläksi
668 387 46 19 että
730 391 23 15 se
768 385 144 26 neuvottelee,
924 391 38 15 sen
974 386 61 25 pitää

209 413 59 26 myös
285 413 67 21 tuoda
369 413 53 21 esiin
435 413 53 26 joku
505 413 105 26 kelpaava
626 413 99 21 ehdotus.

278 440 132 27 Yliopettaja
434 440 100 21 Kihlman:
566 441 43 20 Det
632 440 190 27 petitionsförslag,
846 447 45 15 som
917 440 22 21 af
962 441 76 20 herrar

210 470 100 26 Eneberg
327 469 38 26 och
382 469 92 27 Löfgren
490 476 25 14 m.
531 469 20 21 fl.
568 470 5 20 i
591 469 180 27 borgareständet
787 469 67 21 blifvit
865 470 64 21 väckt
942 470 36 21 och
991 476 46 15 som

211 498 123 22 sedermera
348 498 70 21 blifvit
434 498 21 21 af
469 498 108 21 utskottet
592 498 6 20 i
615 498 145 21 betänkandet
780 498 134 25 understödt,
936 498 39 21 har
989 498 48 21 icke

210 527 100 26 uppstått
324 527 34 20 till
373 527 51 26 följd
441 527 22 21 af
477 529 32 19 ett
525 527 211 21 förhandenvarande
757 527 108 21 kännbart
884 527 67 21 behof
964 527 5 20 i
988 529 49 24 eget

209 554 58 21 land.
297 555 88 20 Tanken
410 555 24 20 år
456 554 65 21 lånad
544 554 54 21 ifrån
618 554 115 27 Tyskland,
751 554 36 21 der
805 554 67 21 denna
888 554 60 27 fråga
964 555 73 21 såsom

211 583 80 21 bekant
314 585 94 24 upptogs
432 583 23 21 af
475 583 146 21 rikskanslern
644 583 100 21 Bismark
767 583 40 21 och
823 583 37 26 gaf
874 583 114 26 anledning
1004 583 33 21 till

211 613 61 24 ropet
294 618 33 15 om
352 612 156 20 rikskanslerns
526 618 15 14 s.
558 612 21 20 k.
595 612 171 21 statssocialism.
796 611 11 21 I
822 611 110 27 Tyskland
948 618 37 14 var
1001 611 36 21 det

211 640 104 26 naturligt
331 640 40 21 och
387 640 126 26 förklarligt,
529 642 34 19 att
578 646 25 15 en
620 640 67 21 sädan
698 640 70 22 tanke
784 640 70 20 skulle
868 640 81 26 uppstä
959 640 39 21 hos
1011 646 26 14 en

211 670 105 19 statsman
339 668 68 21 sädan
431 674 44 15 som
491 668 122 21 Bismarck.
642 668 47 21 Den
705 668 94 27 uppstod
814 668 34 21 till
862 668 52 27 följd
932 668 22 21 af
968 668 69 21 socia-

211 697 85 21 listiska
311 697 100 26 rörelser,
428 697 47 21 icke
491 698 6 20 i
515 697 41 21 den
572 697 53 21 form
639 697 134 21 socialismen
786 697 121 27 uppträdde
919 703 118 21 ursprung-

211 725 55 26 ligen
284 725 66 21 under
374 725 97 21 Lasalles
494 725 94 26 ledning,
609 727 51 19 utan
676 725 67 21 sädan
760 725 40 21 den
816 725 121 26 gestaltade
954 725 33 26 sig
1003 731 33 15 se-

211 760 51 14 nare
286 753 66 21 under
376 753 78 21 Marx's
473 753 88 26 ledning
577 753 40 21 och
633 753 54 21 efter
701 753 216 21 Pariserkommunen
934 753 23 21 är
976 755 61 19 1870.

212 782 70 21 Sedan
307 782 41 21 den
370 782 87 21 franska
480 783 136 21 socialismen
639 782 92 21 nämnda
755 783 23 20 är
801 782 69 21 blifvit
889 782 148 27 undertryckt,

213 810 60 21 sökte
299 810 39 21 den
363 810 33 26 sig
419 812 32 19 ett
473 812 47 25 nytt
535 810 131 21 territorium
684 810 37 21 och
738 810 50 21 fann
805 812 32 19 ett
853 811 108 20 tacksamt
976 810 39 21 fält
1030 810 6 21 i

213 839 115 27 Tyskland.
360 839 72 21 Sedan
449 839 70 22 denna
533 840 116 26 riktning
643 835 16 35 i
666 839 110 27 Tyskland
791 840 75 20 vunnit
882 840 38 20 allt
936 846 44 14 mer
997 839 39 22 och

211 873 46 15 mer
271 869 96 24 terräng,
383 867 104 21 särskildt
503 867 55 21 inom
575 867 26 21 de
618 867 228 26 arbetareföreningar,
864 873 45 15 som
925 867 68 21 bildat
1005 867 32 26 sig

211 895 35 21 vid
263 895 26 21 de
305 895 129 21 industriela
449 896 178 26 inrättningarna,
643 896 40 21 och
699 895 66 21 sedan
782 895 31 21 till
830 895 51 27 följd
896 895 64 21 häraf
968 896 69 21 socia-

212 923 61 21 lister
296 923 69 21 blifvit
388 923 85 21 invalda
488 923 5 21 i
511 924 62 26 tyska
596 923 122 26 riksdagen,
743 923 40 21 och
809 923 62 21 dessa
890 923 146 21 socialismens

211 952 177 27 representanter
411 952 34 21 vid
469 952 75 27 sjelfva
562 952 117 27 riksdagen
698 954 66 25 öppet
778 952 105 22 förklarat
897 953 32 20 sin
945 953 93 26 sympati

211 981 34 21 för
269 981 39 21 den
333 981 107 27 parisiska
459 982 129 20 kommunen
611 983 56 19 samt
687 981 173 26 tillkännagifvit,
876 983 33 19 att
926 981 39 21 den
981 981 56 27 pari-

213 1009 58 21 siska
287 1009 129 21 kommunen
436 1009 83 21 förfarit
539 1009 72 21 alltför
630 1009 98 21 moderat
744 1009 109 21 äfvensom
869 1011 39 24 att,
924 1011 38 19 när
978 1009 60 21 tiden

211 1037 35 22 för
269 1044 26 14 en
320 1037 57 27 dylik
395 1037 114 22 företeelse
528 1038 2 20 i
547 1037 109 27 Tyskland
672 1044 52 15 vore
738 1038 106 25 kommen,
861 1044 48 14 man
925 1038 69 20 skulle
1010 1038 28 26 gä

212 1067 50 21 vida
278 1069 112 24 strängare
407 1067 94 26 tillväga,
521 1067 37 21 det
577 1073 38 15 var
631 1067 27 21 dä
672 1067 26 21 hr
712 1067 112 21 Bismarck
841 1067 61 26 insäg
916 1069 35 19 att
966 1069 72 19 staten

212 1097 111 24 gentemot
344 1095 70 21 denna
436 1095 31 21 sin
488 1095 125 21 dödsfiende
630 1101 50 15 vore
695 1095 86 27 skyldig
795 1095 86 26 vidtaga
897 1095 92 26 positiva
1005 1095 32 21 ät-

213 1123 85 27 gärder,
314 1123 33 22 för
362 1125 32 19 att
411 1123 39 21 den
467 1123 117 21 arbetande
601 1123 148 27 befolkningen
767 1124 66 20 skulle
846 1123 149 27 undanryckas
1006 1124 31 20 in-

213 1152 97 27 flytelsen
334 1152 23 21 af
380 1152 24 21 de
428 1152 145 21 socialistiska
596 1152 200 26 bearbetningarna.
828 1152 45 21 Den
897 1152 72 26 flitige,
989 1158 49 15 men

213 1180 75 27 fattige
312 1181 120 25 arbetaren,
456 1181 25 20 sä
495 1182 74 19 mente
586 1181 118 25 Bismarck,
720 1181 70 20 mäste
806 1181 46 20 lära
867 1181 34 26 sig
915 1180 73 26 förstä,
1005 1182 32 19 att

214 1209 40 21 han
268 1209 41 21 -uti
333 1211 70 19 staten
428 1209 38 21 har
488 1215 25 15 en
529 1209 83 26 verklig
627 1209 134 27 beskyddare
779 1209 38 21 och
833 1211 47 24 vän,
897 1215 44 15 som
957 1209 81 21 förmår

213 1237 57 26 gifva-
292 1237 80 21 honom
394 1244 46 14 mer
460 1239 27 19 än
504 1237 35 21 det
557 1243 43 15 som
619 1237 24 21 de
660 1237 144 21 socialistiska
821 1237 143 26 agitatorerna
981 1237 56 21 före-

214 1265 73 26 spegla
304 1271 74 20 genom
397 1266 80 19 statens
495 1264 123 27 förstöring.
642 1265 41 20 Det
697 1271 36 14 var
744 1264 86 21 säledes
845 1264 33 22 för
889 1267 32 18 att
931 1265 107 26 bekämpä

213 1294 136 21 socialismen
372 1294 29 26 pä
424 1294 50 21 dess
498 1296 49 24 eget
570 1294 94 26 omräde,
681 1300 45 15 som
742 1294 112 21 Bismarck
870 1296 83 24 upptog
967 1294 72 21 denna

213 1322 68 21 tanke
296 1328 34 15 om
346 1324 83 19 statens
445 1322 157 26 mellankomst,
617 1322 36 21 för
665 1324 34 19 att
713 1322 101 21 förskaffa
830 1322 40 21 den
886 1322 75 26 fattige
977 1322 61 21 arbe+

213 1354 62 18 taren
300 1353 32 19 ett
354 1351 56 26 stöd,
435 1357 24 15 en
485 1351 62 26 hjelp,
574 1351 45 21 icke
636 1357 25 15 en
677 1351 57 26 hjelp
751 1351 75 25 sådan,
842 1357 46 15 som
903 1351 41 21 han
960 1351 76 21 hittills

214 1379 54 26 egde
284 1379 31 21 uti
330 1378 151 28 fattigvården;
499 1379 83 21 hvilken
598 1379 58 27 hjelp
671 1379 42 21 han
729 1379 110 26 nödgades
851 1381 109 24 emottaga
970 1379 69 21 under

213 1408 77 21 känsla
301 1408 27 21 af
342 1408 174 26 förödmjukelse,
539 1410 50 19 utan
607 1414 26 15 en
649 1408 63 26 hjelp,
731 1414 43 15 som
792 1408 42 21 han
852 1408 68 21 såsom
936 1408 27 21 fri
978 1408 59 21 med-

212 1436 95 26 borgare
322 1436 71 21 kunde
410 1438 95 24 mottaga
521 1438 52 19 utan
590 1438 33 19 att
633 1437 70 20 känna
714 1436 39 21 sitt
763 1436 178 21 menniskovärde
952 1437 85 20 kränkt.

213 1465 43 21 Det
271 1465 67 21 första
361 1465 88 26 förslag,
472 1471 47 15 som
535 1465 111 21 Bismarck
662 1465 31 21 lät
709 1465 107 26 utarbeta,
832 1471 37 15 var
884 1465 104 26 förslaget
1003 1471 35 15 om

213 1493 252 27 olycksfallsförsäkring.
487 1493 43 21 Det
545 1493 123 26 framlades,
684 1499 34 15 om
730 1493 41 26 jag
783 1493 47 21 icke
842 1493 136 21 missminner
988 1493 49 26 mig,

215 1522 33 21 vid.
265 1522 61 27 tyska
342 1522 114 26 riksdagen
473 1522 205 21 år.1881-och-det
693 1521 43 27 föll;
760 1521 50 22 eller
834 1524 86 24 rättare,
950 1522 34 21 det
1000 1527 38 16 an-
