1100 1782
372 150 75 17 Huhtik.
465 148 24 20 28
507 155 17 17 p.
725 167 30 9 2
802 149 39 20 961

49 211 32 21 elt
95 211 128 21 hänseende.
253 212 43 26 Jag
310 211 40 21 har
363 211 81 21 uttalat
459 213 33 19 att
507 218 26 14 en
549 212 76 26 gvinna
641 213 15 19 t.
674 217 19 15 o.
709 218 26 14 m.
753 211 38 22 bör
802 211 20 21 få
832 211 43 21 till-

51 240 62 21 ständ
137 242 32 19 att
191 240 105 21 förvärfva
320 240 32 27 sig
376 240 240 27 universitetsbildning,
639 240 67 21 ehuru
723 240 66 26 detta,
807 240 66 27 enligt

50 269 42 20 min
115 269 91 26 mening,
230 268 38 22 bör
290 275 52 15 vara
364 269 117 26 undantag,
502 268 39 22 och
560 269 91 26 gvinnan
672 268 85 21 säledes
774 269 45 20 icke
835 268 40 22 bör

50 296 63 22 hafva
134 297 45 21 lika
199 297 106 26 rättighet
324 297 49 21 med
392 303 91 15 mannen
499 297 32 20 till
548 296 241 27 universitetsbildning.
820 297 54 21 Der-

51 327 58 19 emot
128 325 69 21 måste
211 325 36 27 jag
263 325 46 21 från
326 325 41 21 min
384 325 134 27 ståndpunkt
534 325 50 21 söka
601 327 32 19 att
648 325 5 21 i
671 325 120 27 möjligaste
807 325 67 22 måtto

52 353 95 27 aflägsna
167 353 91 21 hindren
272 353 34 21 för
320 353 106 27 gvinnans
441 353 102 27 bildning,
560 353 27 21 dä
604 353 35 21 det
655 355 24 20 är
694 353 60 27 fräga
770 359 32 15 om
819 353 57 21 skol-

51 381 101 27 bildning.
183 382 42 26 Jag
244 382 41 20 kan
306 381 72 22 derför
393 382 47 21 icke
457 383 65 19 annat
537 384 26 18 än
579 381 23 21 af
615 381 87 21 fullaste
718 381 69 27 hjerta
802 381 75 22 förena

51 411 42 26 mig
116 416 33 15 om
171 410 36 21 det
226 409 86 27 förslag,
330 416 43 15 som
390 409 23 22 af
428 410 75 21 doktor
521 409 78 22 Geitlin
615 409 70 22 blifvit
699 409 127 27 framstäldt,
844 411 32 20 att

53 439 24 21 de
93 445 28 15 nu
137 439 93 21 varande
245 439 84 27 privata
344 439 234 21 fruntimmerskolorna
593 439 6 21 i
615 432 54 33 Äbo,
683 438 141 21 Tammerfors
836 438 40 22 och

50 466 98 21 Joensuu
162 466 68 21 mätte
245 466 23 21 af
282 468 70 19 staten
370 466 128 27 öfvertagas,
515 472 33 15 om
565 466 40 21 och
621 466 24 21 sä
659 468 63 19 snart
737 467 83 20 statens
834 466 42 21 till-

51 496 80 26 gängar
146 496 77 21 sädant
239 495 112 27 medgifva.

122 523 59 21 Hvad
207 523 101 21 beträffar
334 523 40 21 den
398 523 79 27 skarpa
496 525 91 25 protest,
604 529 46 15 som
665 523 110 27 professor
789 523 87 21 Palmen

53 553 54 20 trott
129 552 43 26 sig.
184 552 52 21 böra
259 552 86 27 inlägga
368 553 43 20 mot
434 554 30 19 ett
483 551 22 22 af
519 552 70 21 lektor
598 552 127 24 Blomstedt
741 558 49 21 nyss
807 552 71 27 gjordt

52 580 118 26 uttalande,
187 581 24 20 sä
227 582 46 19 tror
284 580 44 27 jag,
346 582 32 19 att
394 581 70 23 denna
478 582 86 25 protest
573 580 64 21 beror
644 581 28 26 pä
682 582 31 19 ett
721 580 156 25 missförständ.

72 608 117 21 tminstone
211 608 39 21 har
271 608 36 27 jag
327 615 25 14 ur
367 608 71 21 lektor
453 608 132 21 Blomstedts
601 608 138 27 andragande
755 608 121 26 antecknat,

53 636 46 21 icke
116 638 32 19 att
163 636 42 21 han
221 636 69 21 skulle
306 638 54 25 sagt,
378 636 35 21 det
424 638 72 19 staten
508 636 38 21 har
554 636 49 27 inga
611 636 155 21 förbindelser
757 632 13 35 i
776 636 101 21 afseende

53 665 12 21 å
88 665 268 27 fruntimmersbildningen
376 667 53 19 utan
450 665 76 21 endast
545 667 33 19 att
593 667 70 19 staten
679 665 48 21 icke
742 665 40 21 har
797 671 81 15 samma

53 693 130 22 förbindelse
201 694 5 20 i
227 693 101 21 afseende
344 694 12 20 å
372 693 280 27 fruntimmersbildningen,
665 699 46 15 som
727 693 6 21 i
749 693 100 21 afseende
866 693 12 21 ä

53 722 123 26 bildningen
199 721 32 22 för
253 728 86 20 gossar;
365 722 36 21 och
423 722 37 27 jag
482 724 42 19 tror
542 723 30 20 att
589 721 60 22 äfven
666 721 109 27 professor
791 721 87 22 Palmén

53 750 54 21 skall
130 750 112 27 medgifva,
264 752 32 19 att
311 752 71 19 staten
398 750 38 21 har
452 757 26 14 en
494 752 69 19 större
579 750 131 21 förbindelse
726 750 6 21 i
748 750 102 21 afseende
867 749 12 20 ä

53 779 41 21 den
115 779 91 26 manliga
226 779 121 26 ungdomen
363 781 26 19 än
404 779 6 20 i
428 778 102 22 afseende
545 779 12 21 å
573 779 42 21 den
631 779 99 26 gvinliga,
744 779 47 26 just
808 778 70 22 derför

54 808 30 20 att
100 808 70 20 staten
187 807 5 20 i
210 806 100 22 afseende
327 807 11 21 å
355 807 40 21 den
412 807 92 26 manliga
514 807 119 26 ungdomen
645 807 48 21 icke
700 802 39 35 har
754 807 56 21 blott
818 807 61 21 detta

53 835 106 21 allmänna
181 835 232 26 humanitetsintresse,
437 837 52 19 utan
514 835 89 21 emedan'
623 837 72 19 staten
711 835 112 21 dessutom
839 835 40 21 här

53 864 38 21 har
114 865 31 20 ett
168 864 101 21 särskildt
291 864 99 26 intresse,
412 864 108 26 nämligen
541 863 101 22 behofvet
663 863 22 22 af
703 870 110 20 personer,
833 870 46 15 som

53 893 74 21 kunna
145 892 84 21 inträda
248 892 5 21 i
271 894 82 19 statens
370 892 72 27 tjenst,
460 892 40 21 och
516 892 72 21 hvilka
603 894 39 19 äro
657 892 33 21 för
705 894 72 19 staten
793 892 87 21 absolut

55 921 140 26 nödvändiga.

123 948 86 21 Lehtori
231 948 122 22 Blomstedt:
384 948 74 21 Täällä
475 954 26 15 on
518 948 118 21 tavallansa
649 948 21 27 jo
687 949 129 20 suoraankin
833 948 45 21 lau-

55 979 60 19 suttu
132 978 44 20 että
191 977 78 21 vaikka
284 983 33 20 on,
334 977 52 21 mitä
401 977 128 27 pyydetään,
546 977 43 21 niin
605 977 58 26 pitää
679 977 112 21 kuitenkin
805 979 75 25 pyytä-

55 1008 54 19 män.
137 1005 42 21 Siis
194 1006 59 26 pitää
269 1006 129 20 mankuman
414 1005 42 27 yhä
472 1012 60 19 vaan,
544 1006 94 20 niinkuin
650 1005 149 21 mustalainen.
825 1005 54 21 Olen

55 1036 112 25 näyttänyt
191 1034 90 26 todeksi,
306 1036 44 19 että
372 1034 101 21 sellainen
494 1036 73 19 asetus
583 1040 26 15 on
627 1034 110 26 olemassa,
752 1034 67 27 jonka
834 1041 45 14 mu-

55 1062 55 21 kaan
131 1062 32 21 voi
179 1062 159 27 tyttökouluille
353 1064 67 19 antaa
434 1062 101 21 riittävää
551 1062 129 27 valtioapua,
697 1064 69 19 mutta
781 1065 37 24 nyt
833 1062 47 21 tah-

55 1091 79 21 dotaan
157 1091 118 25 kuitenkin,
298 1093 44 19 että
359 1091 97 27 säätyjen
472 1091 55 21 vielä
544 1091 56 26 pitää
617 1092 115 26 pyytämän
748 1097 56 20 apua
819 1091 60 21 lisää.

55 1119 57 21 Minä
127 1119 81 21 tahdon
224 1125 66 15 sanoa
306 1119 63 26 vielä,
386 1120 45 20 että
447 1119 52 21 mitä
514 1119 132 26 Tampereen
660 1119 23 26 ja
698 1118 113 22 Joensuun
827 1119 53 21 kou-

55 1147 66 21 luihin
138 1147 64 26 tulee,
220 1147 147 21 Valiokunnan
383 1149 79 25 päätös
478 1147 40 21 tuli
534 1147 127 26 sellaiseksi,
677 1147 51 21 siitä
743 1149 79 25 syystä,
834 1149 47 19 että

55 1176 107 20 tiedettiin
185 1176 21 26 jo
227 1176 77 20 olevan
324 1176 109 20 olemassa
448 1176 124 25 asetuksen,
586 1176 67 26 jonka
669 1176 86 26 nojassa
771 1176 110 26 tyttökou-

56 1204 31 20 lut.
111 1204 70 21 voivat
205 1204 66 21 saada
294 1204 101 21 riittävää
415 1204 130 26 valtioapua.
576 1204 65 21 Asian
659 1204 147 27 selvitykseksi
824 1204 58 21 tulee

55 1232 98 26 muistaa,
175 1234 46 19 että
238 1232 67 21 valtio
326 1232 18 21 ei
361 1238 55 15 anna
434 1237 56 22 apua
505 1232 126 21 alaluokille
645 1238 17 15 s.
679 1238 18 15 o.
712 1232 59 21 niille
785 1232 96 26 luokille,

53 1260 62 27 jotka
135 1262 110 19 vastaavat
260 1260 112 27 Helsingin
388 1260 138 27 tyttökoulun
542 1260 67 21 kahta
625 1261 156 25 ensimmäistä;
798 1261 36 20 siis
851 1261 30 20 ai-

55 1291 105 19 noastaan
180 1289 85 21 viidelle
285 1289 93 21 luokalle
395 1291 114 19 annetaan.
540 1289 58 21 Minä
615 1289 48 21 olen
678 1289 119 21 maininnut
812 1289 68 27 yhden

56 1317 143 27 tyttökoulun,
219 1317 54 27 joka
295 1323 26 15 on
346 1319 77 19 saanut
446 1317 131 27 valtioapua,
596 1317 22 27 ja
639 1317 47 21 olen
703 1317 118 21 otaksunut
836 1319 46 19 että

55 1346 83 27 tietysti
153 1346 98 21 muutkin
267 1348 75 19 saavat
358 1346 90 21 samalla
464 1346 64 25 lailla,
543 1346 62 26 jotka
621 1346 117 21 osoittavat
749 1346 133 21 samallaista

56 1374 98 27 pyrintöä
168 1374 21 27 ja
203 1374 60 27 joilla
279 1380 26 15 on
322 1374 103 27 oppilaita
440 1374 127 26 riittävästi;
584 1374 49 21 siitä
648 1374 57 21 minä
720 1374 48 21 olen
779 1374 102 27 lähtenyt,

57 1402 41 21 kun
123 1402 46 21 olen
193 1404 92 19 sanonut;
308 1404 52 24 että,
386 1402 49 21 mitä
456 1402 112 21 Joensuun
586 1402 21 27 ja
624 1402 131 27 Tampereen
771 1402 110 21 kouluihin

56 1430 64 26 tulee,
137 1431 19 20 ei
172 1430 33 21 ole
221 1432 61 25 syytä
296 1430 124 21 mihinkään
435 1430 212 27 pyyntöesitykseen.
678 1431 57 20 Minä
750 1430 48 21 olen
812 1430 21 27 jo
850 1436 33 15 se-

56 1458 86 28 littänyt
157 1459 94 26 kantani,
268 1459 61 21 miksi
348 1459 54 21 minä
419 1465 25 15 en
462 1459 85 21 erittäin
563 1459 76 27 pyydä,
657 1460 45 20 että
717 1459 96 21 näitäkin
828 1459 54 21 kou-

56 1487 43 27 luja
115 1489 126 19 suorastaan
258 1488 63 20 valtio
334 1488 72 20 ottaisi
418 1487 138 22 huostaansa.
583 1487 56 21 Minä
649 1494 26 14 en
683 1487 86 26 muista,
778 1487 103 21 sanoinko

57 1516 68 21 silloin
143 1522 37 15 sen
196 1522 58 21 syyn,
271 1518 45 19 että
332 1516 73 21 minun
420 1516 121 21 mielestäni
558 1516 19 21 ei
593 1516 33 21 ole
637 1516 74 21 asialle
722 1516 101 21 edullista
831 1522 51 21 pyy-

790 1557 22 18 61
