1114 1792
391 143 82 19 Toukok.
489 142 11 19 8
517 150 18 17 p.
795 142 52 20 1111

55 206 122 22 förorsakas
200 212 59 15 mera
277 206 53 21 ondt
348 208 27 19 än
391 206 58 27 godt.
479 206 84 21 Endast
577 212 33 15 om
625 212 92 15 mannen
733 206 144 22 öfverskrider

55 235 27 21 de
97 235 106 27 naturliga
219 237 116 25 gränserna
350 235 33 22 för
398 235 39 21 sitt
450 235 185 26 husbondevälde,
651 235 28 21 då
693 241 49 15 men
758 235 66 22 också
839 241 38 15 en-

57 264 49 21 dast
121 264 27 21 då
163 266 24 19 är
201 264 42 21 han
259 264 146 21 underkastad
419 266 83 19 statens
513 264 32 21 för
556 264 81 21 sådana
647 264 166 21 öfverträdelser
821 264 58 26 gifna

54 292 56 27 lag".
139 293 44 21 Det
197 292 74 28 tyckes
286 293 45 26 mig
344 299 47 15 som
406 292 79 27 nådiga
499 293 162 26 propositionen
675 293 50 21 icke
738 292 58 22 hade
810 292 69 28 hyllat

56 321 69 21 denna
139 321 122 26 grundsats,
277 323 52 19 utan
344 321 103 21 särskildt
457 321 71 21 velat
521 317 12 34 i
537 323 92 19 motsats
637 321 32 21 till
678 321 120 26 folkseden,
809 321 70 21 denna

55 349 90 27 folksed,
169 356 45 15 som
233 352 24 19 är
274 349 100 27 grundad
388 350 6 21 i
411 349 60 22 Guds
487 349 46 27 ord,
548 349 69 22 införa
632 351 32 20 ett
679 349 198 27 reglementerande

55 378 28 27 på
99 378 97 22 området
211 378 22 22 af
247 378 37 22 det
299 378 163 27 äktenskapliga
476 378 68 27 lifvet,
561 385 45 15 som
623 378 66 27 enligt
704 379 42 21 min
763 379 64 21 tanke
838 378 40 22 här

55 407 48 22 icke
125 407 42 21 kan
189 414 52 14 vara
263 407 28 27 på
313 407 33 21 sin
364 407 57 27 plats
437 409 52 19 utan
503 409 95 19 tvärtom
612 407 70 21 skulle
697 407 86 21 inkasta
798 409 32 19 ett
845 407 32 22 frö

57 436 30 21 till
104 438 54 19 träta
175 436 39 21 och
228 436 109 27 missämja
353 436 57 21 inom
425 436 100 27 familjen.
550 436 40 26 De,
607 442 46 15 som
671 436 53 27 hylla
741 442 26 15 en
778 436 100 26 mot.lag-

56 464 117 21 utskottets
189 464 110 27 pluralitet
314 464 110 21 stridande
441 464 62 27 åsigt,
519 464 64 21 hafva
599 464 102 21 särskildt
717 464 45 21 haft
778 464 31 22 för
825 465 52 26 ögo-

55 499 42 15 nen
116 493 64 22 dessa
193 494 80 26 många
287 493 207 27 missförhållanden,
511 500 46 15 som
573 495 72 26 tyvärr
660 493 102 22 särskildt
777 494 57 21 inom
851 493 26 22 de

55 523 69 20 större
147 522 102 21 städerna
271 522 6 21 i
301 522 47 21 vårt
366 522 52 21 land
433 522 28 27 på
475 522 64 21 detta
553 522 87 21 område
655 523 52 25 göra
722 522 33 26 sig
771 522 106 26 gällande.

55 551 164 26 Lagutskottets
242 550 111 27 pluralitet
376 550 39 22 'har
438 551 47 21 åter
504 550 65 22 fattat
587 551 67 21 saken
669 551 31 26 så,
717 552 32 20 att
765 557 48 15 man
829 551 48 21 icke

55 579 39 22 bör
111 579 97 27 lagstifta
224 579 48 22 med
288 579 139 22 uteslutande
441 579 55 22 eller
509 579 153 22 företrädesvis
677 579 82 22 fästadt
774 579 103 22 afseende

55 608 28 27 på
97 608 199 22 missförhållanden
313 608 39 22 och
368 608 117 27 undantag,
501 610 52 20 utan
568 610 34 20 att
616 615 49 15 man
681 609 39 21 bör
730 609 25 21 så
761 608 116 22 formulera

55 637 160 27 lagstiftningen
234 639 39 25 att,
290 637 37 21 der
343 637 201 22 missförhållanden
559 636 121 27 förefinnas,
696 637 112 27 möjlighet
823 638 53 26 öpp-

55 672 38 15 nas
110 666 36 22 för
163 666 42 21 den
219 666 134 22 förorättade
366 666 80 21 makan
460 668 33 19 att
508 666 129 21 säkerställa
652 666 32 21 sin
700 666 106 27 egendom
821 668 56 19 samt

55 694 33 21 sin
103 695 44 21 och
158 695 105 27 familjens
279 695 139 21 ekonomiska
433 695 102 21 existens.
559 695 44 21 För
617 695 43 21 min
676 695 35 21 del
724 695 38 21 vill
774 695 39 27 jag
828 695 49 21 der-

54 724 35 22 för
101 724 29 27 på
145 724 27 21 de
187 724 88 22 anförda
290 724 77 21 skälen
381 724 88 21 anhålla
483 726 33 19 att
531 724 38 21 det
583 724 132 27 högvördiga
729 724 88 21 ståndet
826 724 51 21 ville

55 753 78 25 antaga
149 752 40 21 den
204 752 138 26 formulering
357 752 23 21 af
393 752 132 27 paragrafen,
542 758 47 15 som
603 752 108 21 utskottet
724 752 39 21 har
773 752 102 21 förordat.

54 782 41 26 Jag
111 784 44 19 tror
170 782 39 21 här
224 782 67 26 gäller
307 788 43 15 mer
367 784 26 19 än
405 782 44 26 ord,
461 782 39 21 här
511 782 67 26 gäller
589 782 26 21 de
624 782 134 26 grundvalar,
768 782 26 27 på
803 782 73 21 hvilka

55 810 94 27 familjen
165 810 38 22 och
221 810 61 21 äfven
298 810 119 21 medelbart
433 812 70 19 staten
519 810 74 21 hvilar.
620 810 77 22 Derför
708 810 62 21 torde
780 810 36 21 det
824 817 52 14 vara

54 838 133 27 nödvändigt
201 840 32 20 att
249 839 24 21 så
288 838 75 22 affatta
377 838 169 27 lagstiftningen,
564 840 32 20 att
612 838 64 22 dessa
691 834 127 35 grundvalar
827 839 49 21 icke

53 867 87 26 rubbas,
163 873 49 15 men
235 869 38 24 att,
297 867 38 21 der
357 867 202 21 missförhållanden
577 867 138 26 förekomma,
731 867 62 26 lagen
809 867 67 26 gifver

55 897 88 25 utvägar
162 896 23 20 åt
202 895 91 23 hustrun
310 897 31 20 att
357 895 128 22 säkerställa
502 896 31 21 sin
549 895 105 27 egendom
671 896 38 21 och
726 896 32 21 sin
774 897 56 20 samt
844 895 33 22 fa-

54 924 83 28 miljens
159 925 102 21 utkomst.
291 925 42 26 Jag
351 924 121 22 föreställer
491 925 41 26 mig
552 926 31 20 att
599 924 139 22 förevarande
753 924 122 27 lagförslag,

55 953 75 22 sådant
154 953 36 22 :det
213 960 28 15 nu
260 956 23 19 är
298 953 140 22 formuleradt
456 953 23 22 af
492 954 113 26 utskottet,
623 953 109 27 verkligen
748 955 81 25 öppnar
844 953 33 22 för

56 981 38 21 den
117 981 130 22 förorättade
270 982 75 21 makan
365 981 108 22 önskvärd
489 981 109 28 möjlighet
615 983 32 20 att
663 982 60 21 vinna
739 983 44 20 rätt
798 982 6 21 i
821 981 54 22 före-

55 1011 92 21 varande
163 1011 102 21 afseende
282 1011 38 21 och
337 1011 84 21 derföre
437 1013 120 19 motsvarar
571 1011 107 21 behofvet.

121 1039 145 21 Kirkkoherra
284 1039 161 22 Wennerström:
475 1040 60 21 Inom
551 1039 60 22 detta
628 1039 60 22 stånd
706 1040 41 21 kan
764 1039 33 22 väl
812 1040 65 26 ingen

53 1068 246 28 meningsskiljaktighet
313 1068 54 22 råda
383 1068 73 22 derom
471 1070 33 20 att
518 1068 34 22 till
567 1068 37 22 det
618 1068 166 27 äktenskapliga
796 1068 81 22 samlif-

54 1099 33 19 vet
109 1097 37 22 hör
162 1097 255 27 egeudomsgemenskap.
449 1097 52 26 Men,
519 1097 72 21 såsom
606 1097 111 27 professor
733 1097 98 27 Råbergh
847 1097 30 21 äf-

53 1132 40 15 ven
115 1125 100 27 antydde,
233 1125 36 22 det
283 1125 68 27 gifves
367 1125 103 22 särskildt
484 1126 6 21 i
507 1126 52 21 våra
573 1125 68 27 dagar
655 1126 78 26 många
749 1126 127 26 äktenskap,

52 1154 73 22 hvilka
139 1155 46 21 icke
202 1157 36 19 äro
255 1154 54 22 hvad
328 1154 25 22 de
369 1154 65 22 borde
451 1161 56 20 vara,
525 1154 38 22 där
578 1155 110 27 missämja
703 1154 22 22 af
739 1161 26 15 en
779 1154 52 22 eller
840 1161 37 15 an-

53 1189 41 15 nan
111 1183 63 21 orsak
189 1183 102 22 herrskar
307 1183 99 22 makarne
423 1183 96 21 emellan.
543 1183 41 27 Jag
599 1183 70 21 måste
685 1183 49 21 med
741 1183 136 27 beklagande

52 1212 112 22 framhålla
179 1214 32 20 att
227 1212 36 22 det
278 1213 6 21 i
301 1212 27 22 de
341 1212 64 22 flesta
418 1212 47 27 fall,
479 1213 25 21 så
519 1212 46 22 vidt
576 1212 38 28 jag
630 1214 42 25 vet,
689 1215 23 19 är
726 1219 103 15 mannens
840 1212 36 27 fel,

53 1241 112 26 vanligtvis
186 1241 28 27 på
237 1241 68 27 grund
326 1241 22 21 af
368 1241 92 21 lastbart
481 1241 31 21 lif.
542 1241 41 22 För
604 1241 106 27 familjens
731 1241 147 27 betryggande

52 1269 43 21 kan
115 1269 38 28 jag
174 1270 50 21 icke
246 1271 64 20 annat
330 1272 27 19 än
375 1276 54 15 anse
445 1269 37 22 det
496 1276 51 15 vara
562 1271 45 20 rätt
621 1271 35 20 att
669 1270 92 21 hustrun
776 1270 6 21 i
799 1269 78 22 sådant

52 1299 37 21 fall
111 1305 56 20 eger,
191 1301 51 19 utan
262 1299 79 26 vidare,
363 1299 60 21 makt
439 1301 38 24 att,
493 1299 35 21 till
542 1299 106 27 familjens
664 1299 69 26 bästa,
750 1301 51 19 utan
817 1300 59 20 man-

52 1333 53 15 nens
120 1327 86 26 intrång
221 1327 99 21 använda
335 1327 41 21 den
391 1327 174 27 arbetsförtjenst
575 1327 42 21 hon
626 1327 114 27 möjligtvis
749 1329 59 19 utom
817 1327 59 21 hem-

52 1358 44 19 met
110 1362 59 21 eger.
197 1357 44 20 Det
256 1356 42 21 kan
313 1355 126 28 visserligen
455 1356 112 21 invändas:
588 1356 49 21 Hon
653 1356 76 21 undfår
745 1356 40 21 den
801 1356 76 27 rättig-

52 1384 65 22 heten
133 1391 76 20 genom
225 1386 30 20 att
272 1385 53 21 söka
341 1384 119 22 boskilnad.
487 1385 41 26 Jag
543 1384 124 28 medgifver,
684 1386 31 20 att
732 1385 23 21 så
771 1387 24 19 är
811 1384 65 22 fallet.

52 1414 48 21 Hon
116 1414 41 21 kan
173 1420 76 20 genom
266 1415 30 20 ett
311 1413 80 22 sådant
406 1413 173 28 tillvägagående
595 1413 96 22 försäkra
706 1414 31 26 sig
752 1420 33 15 om
798 1413 79 27 ifråga-

53 1442 92 21 varande
168 1443 110 26 rättighet.
310 1443 48 21 Men
379 1443 42 26 mig
437 1449 63 21 synes
517 1442 36 22 det
567 1449 52 15 vara
634 1442 137 27 sakenligare
786 1444 33 20 att
833 1442 44 22 hon

51 1471 6 21 i
73 1471 85 21 sådana
173 1471 42 27 fall,
231 1477 46 15 som
291 1471 37 27 jag
343 1471 41 21 här
398 1471 41 21 har
452 1471 101 27 påpekat,
570 1477 53 21 eger
634 1471 72 21 denna
713 1471 103 27 rättighet
825 1473 52 19 utan

53 1500 26 21 de
95 1500 123 27 omgångar,
236 1506 45 15 som
297 1502 37 19 äro
349 1500 104 22 förenade
464 1500 47 21 med
519 1500 127 21 boskilnads
653 1500 102 22 ansökan.
765 1512 26 3 —
801 1501 75 20 Denna

53 1530 106 27 paragraf,
176 1530 67 21 sådan
266 1530 40 21 den
330 1530 60 27 lyder
411 1530 6 21 i
438 1530 254 26 utskottsbetänkandet,
709 1530 67 26 gifver
791 1530 22 21 åt
829 1530 41 21 den
