1105 1791
243 143 59 20 1434
549 133 82 38 Toukok.
639 138 33 23 '19
689 138 21 28 p.

215 205 84 22 mittäin
318 207 9 20 1
344 205 30 27 8,
386 208 26 19 on
436 208 62 19 saatu
518 212 39 15 sen
573 206 99 24 mukaan;
688 205 63 21 kuin
755 204 141 28 Pappissääty.
912 210 28 16 On
955 202 84 30 päättä"

213 235 46 26 nyt:
289 223 140 32 Seuraavissa
451 234 110 27 pykälissä:
584 234 71 21 olevat
674 234 160 27 -eriäväisyydet
858 236 47 19 ovat
918 234 121 21 todellakin

215 262 153 27 vähäpätöistä
384 262 71 21 laatua
472 262 67 22 siihen
555 263 105 21 verraten.
686 262 106 25 Niinkuin
802 262 141 22 edellinenkin
955 261 84 33 arvoisa

215 291 82 27 puhuja
312 291 95 21 minäkin
423 291 102 22 tahtoisin
541 282 140 41 huomauttaa
696 291 54 32 sitä,
758 285 44 28 että
812 292 22 21 ne
844 291 61 27 jotka
914 289 125 29 päääsiassa

215 321 52 19 ovat
282 321 124 19 asettuneet
421 319 96 21 toiselle
521 319 104 21 '-kannalle
641 321 61 19 tässä
720 319 88 27 asiassa,
824 321 50 19 ovat
890 319 88 21 tehneet
993 319 46 27 pal-

213 348 38 27 joa
266 348 124 27 suarempia
405 348 164 27 myönnytyksiä
583 348 52 21 kuin
649 348 144 27 Pappissääty
805 348 65 21 tekisi
880 348 160 27 hyväksymällä

216 378 73 19 tämän
304 376 224 26 sovitusehdotuksen;
561 377 71 21 Koska
649 376 56 21 minä
720 377 99 25 otaksun,
837 378 45 20 että
897 376 142 27 Pappissääty

217 405 116 21 todellakin
339 401 11 40 :
358 405 83 32 tahtoo,
463 405 96 21 niinkuin
583 411 23 15 se
626 411 26 15 on
673 405 110 26 ilmaissut,
806 405 46 21 että
867 405 172 21 eriuskolaislaki

216 433 58 22 tulee
298 433 99 26 toimeen,
421 433 42 21 niin
488 433 155 22 kehottamalla
664 433 131 25 kehottaisin
811 435 45 20 että
872 435 58 19 tämä
945 433 94 21 sovitus-

217 462 93 21 ehdotus
327 446 176 47 hyväksyttäisiin
518 462 22 27 ja
556 464 37 39 nyt
608 462 119 31 ensiksikin
742 462 164 32 kysymyksessä
918 461 64 32 oleva
998 461 42 22 toi-

216 497 42 15 nen
273 491 85 27 pykälä:

286 519 118 21 Professori
420 519 102 32 Råbergh:
553 519 71 21 Sedan
639 519 149 27 kyrkoherden
804 519 54 27 Lyra
874 519 40 21 och
928 519 112 32 professor

216 546 104 22 Forsman
336 547 80 21 uttalat
431 547 40 26 sig,
486 547 73 21 kunde
573 547 38 27 jag
625 549 54 19 utan
694 547 71 21 vidare
780 542 74 26 förena
869 547 43 27 mig
927 547 5 21 i
945 547 26 21 de
982 547 57 27 äsig-

217 578 39 22 ter,
274 582 45 15 som
334 575 23 22 af
371 576 47 21 dem
434 575 69 22 blifvit
518 576 132 21 framstälda.
679 576 41 26 Jag
740 578 62 24 tager
819 576 44 26 mig
879 576 55 21 dock
949 575 91 22 friheten

217 607 33 19 att
264 605 128 27 ytterligare
406 605 90 26 tillägga
511 604 68 27 några
595 604 50 21 ord.
671 604 132 27 Visserligen
820 606 24 19 är
856 604 39 27 jäg
909 604 48 21 icke
973 604 67 21 heller

217 633 51 26 nöjd
284 633 47 21 med
349 633 26 21 de
391 633 146 26 grundsatser,
555 639 44 15 som
617 633 231 26 sammanjemkningen
865 633 38 21 här
917 632 54 27 följt,
993 639 47 16 men

215 661 37 27 jag
268 662 41 20 kan
326 662 54 21 dock
397 661 46 22 icke
464 663 66 20 annat
549 663 26 19 än
592 661 5 21 i
613 661 68 22 likhet
697 662 47 20 med
760 663 88 25 prosten
864 662 56 26 Lyra
935 661 39 22 och
991 667 48 21 pro-

217 690 71 21 fessor
307 691 104 20 Forsman
431 696 58 21 anse,
506 692 33 19 att
554 690 41 21 den
611 689 110 28 tillfälliga'
731 690 137 27 pluraliteten
883 690 57 21 inom
956 690 85 21 utskot-

217 720 33 20 tet
272 718 58 27 gjort
352 718 65 27 högst
440 718 119 27 väsentliga
583 718 37 22 och
638 718 79 27 vigtiga
732 718 163 27 medgifvanden
913 718 29 21 till
959 718 81 21 förmän

217 746 33 22 för
268 747 38 21 den
330 747 58 26 äsigt
408 753 43 15 som
468 747 163 26 presterskapet
645 747 5 20 i
667 746 139 28 förevarande
821 746 61 27 fråga
896 747 73 27 hyllat.
999 747 42 21 För

217 776 162 26 presteständet
402 776 71 21 säsom
497 776 37 21 det
556 776 69 25 ständ,
643 781 45 16 som
704 775 103 21 särskildt
822 778 162 24 representerar
1000 776 41 21 den

219 804 245 26 evangelisk-lutherska
486 804 89 26 kyrkan,
598 804 68 21 mäste
690 804 37 21 det
748 810 52 15 vara
822 804 114 26 angeläget
954 803 88 22 framför

219 832 44 26 allt,
289 834 31 19 att
344 832 171 27 dissenterlagen
528 832 31 21 sä
583 831 82 22 affattas
682 834 31 19 att
730 832 102 21 dörrarna
847 832 48 21 icke
911 834 82 25 öppnas
1009 832 33 21 för

217 863 63 19 otron.
308 861 40 21 och
373 860 198 27 gudsförnekelsen.
602 861 53 21 Den
671 860 67 22 första
762 860 133 27 paragrafen,
918 861 64 21 sådan
1001 861 41 21 den

216 889 156 21 formulerades
388 889 23 21 af
424 889 114 26 utskottet,
554 889 50 21 ville
620 889 163 26 ursprungligen
799 889 56 21 bana
871 891 40 24 väg
925 889 35 21 för
979 891 62 19 otron

217 917 41 22 och
281 917 198 27 gudsförnekelsen.
511 917 235 27 Sammanjemkningen
770 918 39 26 går
830 924 29 14 nn
875 917 5 21 i
897 924 26 15 en
939 917 101 27 riktning,

220 952 44 15 som
288 946 111 27 aflägsnar
417 946 212 27 religionslöshetens
652 946 117 27 möjlighet,
786 946 38 21 och
848 946 46 21 häri
911 952 33 15 ser
957 946 37 27 jag
1010 948 32 19 ett

218 975 57 20 stort
290 973 154 26 medgifvande,
461 975 33 20 ett
509 973 148 27 medgifvande
674 979 45 16 som
735 974 67 21 borde
820 973 71 22 förmå
909 973 134 27 högvördiga

218 1003 161 26 presteståndet
394 1005 33 19 att
442 1002 61 22 äfven
519 1003 113 26 verkligen
648 1003 48 26 vilja
712 1003 168 26 sammanjemka
898 1003 45 21 sina
961 1003 81 26 åsigter

218 1031 49 21 med
292 1031 24 21 de
336 1030 68 27 öfriga
422 1031 112 26 ständens;
557 1031 27 26 på
607 1030 37 22 det
659 1033 32 20 att
707 1031 47 21 vårt
769 1031 50 21 land
835 1031 67 21 måtte
917 1031 82 21 erhålla
1016 1037 26 15 en

217 1060 36 21 väl
269 1060 92 26 behöflig:
377 1060 151 26 dissenterlag.
552 1060 42 21 Att
607 1059 320 27 sammanjemkningsförslaget
942 1060 47 21 icke
1006 1060 35 21 vill

219 1088 87 21 beröfva
322 1088 105 27 styrelsen
442 1088 34 27 jus
493 1088 137 27 inspectionis
654 1088 61 21 öfver
735 1088 216 27 dissenterkyrkorna
966 1088 76 21 erkän-

220 1123 35 15 her
272 1116 62 22 äfven
347 1117 36 26 jag
399 1117 6 20 i
421 1117 68 21 likhet
505 1117 47 21 med
569 1119 88 24 prosten
673 1117 55 26 Lyra
745 1117 39 21 och
799 1117 36 26 jag
851 1117 38 21 ber
905 1117 54 21 blott
974 1119 68 25 ytter-

219 1145 67 27 ligare
308 1147 32 19 att
364 1146 46 21 med
432 1145 102 22 afseende
554 1145 54 21 härå
623 1145 100 27 påminna
738 1151 34 15 om
788 1145 163 27 bestämningen
967 1145 5 21 i
989 1145 55 21 sista

219 1176 117 19 momentet
352 1173 22 22 af
389 1177 11 18 3
418 1173 16 27 $,
451 1174 38 21 der
512 1180 26 15 en
560 1174 69 21 sådan
645 1174 34 26 jus
695 1174 139 26 inspectionis
850 1174 143 26 uttryckligen
1009 1174 34 20 til-

219 1202 73 27 lägges
309 1202 112 27 styrelsen:
452 1202 42 21 Det
510 1208 49 15 vore
576 1201 84 22 derföre
676 1204 32 19 att
722 1202 88 26 inlägga
823 1201 35 22 för
872 1202 86 26 mycket
971 1202 6 20 i
994 1202 26 21 de
1036 1202 5 20 i

219 1231 10 27 8
247 1232 11 19 2
275 1230 175 22 förekommande
474 1230 185 27 förändringarna,
674 1231 6 20 i
696 1230 37 22 fall
759 1237 46 15 man
833 1231 37 21 här
895 1231 49 21 ville
967 1237 24 15 se
1016 1237 27 15 en

219 1259 95 22 sträfvan
330 1261 33 19 att
378 1259 46 22 helt
439 1259 38 22 och
495 1259 66 22 hållet
577 1260 64 20 ställa
657 1260 188 26 dissenterkyrkan
857 1261 58 20 utom
927 1259 116 27 styrelsens

221 1288 107 21 inseende.
360 1288 42 21 För
424 1288 43 20 min
490 1288 34 21 del
544 1289 45 20 tror
606 1288 38 26 jag
663 1287 71 22 derför
749 1288 6 20 i
770 1288 70 21 likhet
858 1288 49 21 med
923 1288 26 21 de
965 1290 79 19 tvänne

219 1316 131 27 föregående
372 1316 103 26 talarene,
499 1318 33 19 att
552 1316 163 27 presterskapet
731 1316 65 21 borde
813 1318 53 25 göra
880 1316 164 27 medgifvanden

220 1345 104 21 särskildt
338 1345 58 21 hvad
415 1345 102 21 beträffar
537 1345 71 21 denna
623 1345 65 21 andra
704 1344 106 27 paragraf,
826 1345 89 21 emedan
931 1345 67 25 några
1012 1344 31 22 fa-

220 1379 36 15 ror
279 1373 53 21 allra
356 1373 65 21 minst
444 1373 31 21 för
493 1373 36 21 vår
547 1373 64 27 kyrka
629 1380 47 14 men
691 1373 48 21 icke
755 1379 37 15 ens
808 1373 34 21 för
859 1373 44 21 vårt
919 1373 61 21 lands
996 1373 49 21 reli-

221 1402 63 26 giösa
298 1401 148 22 förhållanden
463 1402 62 21 stode
541 1401 33 22 för
589 1402 84 26 dörren,
689 1402 6 20 i
705 1401 39 22 fall
760 1402 68 21 denna
843 1401 103 27 paragraf
956 1404 88 24 antoges

221 1431 67 20 sådan
308 1431 108 21 utskottet
436 1437 27 14 nu
475 1430 36 27 *pä
527 1430 260 27 sammanjemkningsväg
803 1430 39 21 har
857 1431 49 21 sökt
929 1430 127 22 formulera"

220 1459 131 21 densamma.

289 1487 99 21 Provasti
412 1487 131 21 Fredrikson:
574 1487 32 21 Då
631 1487 67 21 också
717 1487 38 27 jag
775 1487 63 27 hyser
855 1494 25 14 en
895 1486 60 33 liflig
964 1487 81 21 önskan

221 1510 33 26 att
270 1522 26 14 en
313 1515 144 27 dissenterlag
471 1515 111 27 ändtligen
593 1515 69 21 skulle
672 1515 86 21 komma
768 1515 31 21 till
814 1515 64 21 stånd
893 1515 40 21 och
947 1515 38 27 jag
998 1515 47 21 icke
