<?xml version="1.0" encoding="UTF-8"?>
<alto xmlns="http://www.loc.gov/standards/alto/ns-v3#" xmlns:xlink="http://www.w3.org/1999/xlink" xmlns:xsi="http://www.w3.org/2001/XMLSchema-instance" xsi:schemaLocation="http://www.loc.gov/standards/alto/ns-v3# http://www.loc.gov/alto/v3/alto-3-0.xsd">
	<Description>
		<MeasurementUnit>pixel</MeasurementUnit>
		<sourceImageInformation>
			<fileName>/tmp/tess_rg9mxe_j_input.PNG</fileName>
		</sourceImageInformation>
		<OCRProcessing ID="OCR_0">
			<ocrProcessingStep>
				<processingSoftware>
					<softwareName>tesseract 5.3.4</softwareName>
				</processingSoftware>
			</ocrProcessingStep>
		</OCRProcessing>
	</Description>
	<Layout>
		<Page WIDTH="1100" HEIGHT="1802" PHYSICAL_IMG_NR="0" ID="page_0">
			<PrintSpace HPOS="0" VPOS="0" WIDTH="1100" HEIGHT="1802">
				<ComposedBlock ID="cblock_0" HPOS="241" VPOS="146" WIDTH="467" HEIGHT="25">
					<TextBlock ID="block_0" HPOS="241" VPOS="146" WIDTH="467" HEIGHT="25">
						<TextLine ID="line_0" HPOS="241" VPOS="146" WIDTH="467" HEIGHT="25">
							<String ID="string_0" HPOS="241" VPOS="146" WIDTH="54" HEIGHT="20" WC="0.96" CONTENT="1264"/><SP WIDTH="252" VPOS="146" HPOS="295"/>
							<String ID="string_1" HPOS="547" VPOS="148" WIDTH="82" HEIGHT="17" WC="0.91" CONTENT="Toukok."/><SP WIDTH="19" VPOS="148" HPOS="629"/>
							<String ID="string_2" HPOS="648" VPOS="146" WIDTH="23" HEIGHT="19" WC="0.96" CONTENT="15"/><SP WIDTH="18" VPOS="146" HPOS="671"/>
							<String ID="string_3" HPOS="689" VPOS="154" WIDTH="19" HEIGHT="17" WC="0.96" CONTENT="p."/>
						</TextLine>
					</TextBlock>
				</ComposedBlock>
				<ComposedBlock ID="cblock_1" HPOS="209" VPOS="209" WIDTH="831" HEIGHT="1329">
					<TextBlock ID="block_1" HPOS="210" VPOS="209" WIDTH="829" HEIGHT="791">
						<TextLine ID="line_1" HPOS="212" VPOS="209" WIDTH="827" HEIGHT="26">
							<String ID="string_4" HPOS="212" VPOS="209" WIDTH="150" HEIGHT="21" WC="0.91" CONTENT="ästadkomma"/><SP WIDTH="16" VPOS="209" HPOS="362"/>
							<String ID="string_5" HPOS="378" VPOS="215" WIDTH="26" HEIGHT="15" WC="0.93" CONTENT="en"/><SP WIDTH="16" VPOS="215" HPOS="404"/>
							<String ID="string_6" HPOS="420" VPOS="209" WIDTH="111" HEIGHT="26" WC="0.92" CONTENT="betänklig"/><SP WIDTH="16" VPOS="209" HPOS="531"/>
							<String ID="string_7" HPOS="547" VPOS="209" WIDTH="126" HEIGHT="26" WC="0.92" CONTENT="utvidgning"/><SP WIDTH="15" VPOS="209" HPOS="673"/>
							<String ID="string_8" HPOS="688" VPOS="209" WIDTH="23" HEIGHT="21" WC="0.93" CONTENT="af"/><SP WIDTH="13" VPOS="209" HPOS="711"/>
							<String ID="string_9" HPOS="724" VPOS="209" WIDTH="141" HEIGHT="26" WC="0.93" CONTENT="fängelserna,"/><SP WIDTH="11" VPOS="209" HPOS="865"/>
							<String ID="string_10" HPOS="876" VPOS="209" WIDTH="82" HEIGHT="21" WC="0.92" CONTENT="hvilket"/><SP WIDTH="10" VPOS="209" HPOS="958"/>
							<String ID="string_11" HPOS="968" VPOS="209" WIDTH="71" HEIGHT="21" WC="0.96" CONTENT="skulle"/>
						</TextLine>
						<TextLine ID="line_2" HPOS="211" VPOS="237" WIDTH="828" HEIGHT="27">
							<String ID="string_12" HPOS="211" VPOS="237" WIDTH="65" HEIGHT="21" WC="0.91" CONTENT="blifva"/><SP WIDTH="16" VPOS="237" HPOS="276"/>
							<String ID="string_13" HPOS="292" VPOS="237" WIDTH="139" HEIGHT="27" WC="0.92" CONTENT="betungande"/><SP WIDTH="16" VPOS="237" HPOS="431"/>
							<String ID="string_14" HPOS="447" VPOS="237" WIDTH="33" HEIGHT="22" WC="0.96" CONTENT="för"/><SP WIDTH="15" VPOS="237" HPOS="480"/>
							<String ID="string_15" HPOS="495" VPOS="239" WIDTH="78" HEIGHT="19" WC="0.95" CONTENT="staten."/><SP WIDTH="26" VPOS="239" HPOS="573"/>
							<String ID="string_16" HPOS="599" VPOS="238" WIDTH="42" HEIGHT="26" WC="0.95" CONTENT="Jag"/><SP WIDTH="16" VPOS="238" HPOS="641"/>
							<String ID="string_17" HPOS="657" VPOS="238" WIDTH="38" HEIGHT="20" WC="0.93" CONTENT="har"/><SP WIDTH="15" VPOS="238" HPOS="695"/>
							<String ID="string_18" HPOS="710" VPOS="237" WIDTH="67" HEIGHT="22" WC="0.92" CONTENT="ocksä"/><SP WIDTH="16" VPOS="237" HPOS="777"/>
							<String ID="string_19" HPOS="793" VPOS="238" WIDTH="67" HEIGHT="21" WC="0.93" CONTENT="delvis"/><SP WIDTH="15" VPOS="238" HPOS="860"/>
							<String ID="string_20" HPOS="875" VPOS="237" WIDTH="42" HEIGHT="21" WC="0.92" CONTENT="fätt"/><SP WIDTH="15" VPOS="237" HPOS="917"/>
							<String ID="string_21" HPOS="932" VPOS="238" WIDTH="61" HEIGHT="21" WC="0.93" CONTENT="detta"/><SP WIDTH="14" VPOS="238" HPOS="993"/>
							<String ID="string_22" HPOS="1007" VPOS="238" WIDTH="32" HEIGHT="20" WC="0.92" CONTENT="in-"/>
						</TextLine>
						<TextLine ID="line_3" HPOS="211" VPOS="265" WIDTH="827" HEIGHT="27">
							<String ID="string_23" HPOS="211" VPOS="266" WIDTH="61" HEIGHT="26" WC="0.96" CONTENT="tryck"/><SP WIDTH="17" VPOS="266" HPOS="272"/>
							<String ID="string_24" HPOS="289" VPOS="266" WIDTH="33" HEIGHT="20" WC="0.93" CONTENT="vid"/><SP WIDTH="17" VPOS="266" HPOS="322"/>
							<String ID="string_25" HPOS="339" VPOS="265" WIDTH="179" HEIGHT="27" WC="0.92" CONTENT="genomläsandet"/><SP WIDTH="16" VPOS="265" HPOS="518"/>
							<String ID="string_26" HPOS="534" VPOS="265" WIDTH="21" HEIGHT="21" WC="0.93" CONTENT="af"/><SP WIDTH="14" VPOS="265" HPOS="555"/>
							<String ID="string_27" HPOS="569" VPOS="265" WIDTH="223" HEIGHT="27" WC="0.92" CONTENT="strafflagsförslaget,"/><SP WIDTH="17" VPOS="265" HPOS="792"/>
							<String ID="string_28" HPOS="809" VPOS="272" WIDTH="46" HEIGHT="14" WC="0.96" CONTENT="men"/><SP WIDTH="15" VPOS="272" HPOS="855"/>
							<String ID="string_29" HPOS="870" VPOS="266" WIDTH="37" HEIGHT="26" WC="0.93" CONTENT="jag"/><SP WIDTH="15" VPOS="266" HPOS="907"/>
							<String ID="string_30" HPOS="922" VPOS="268" WIDTH="45" HEIGHT="18" WC="0.91" CONTENT="tror"/><SP WIDTH="16" VPOS="268" HPOS="967"/>
							<String ID="string_31" HPOS="983" VPOS="266" WIDTH="55" HEIGHT="20" WC="0.96" CONTENT="dock"/>
						</TextLine>
						<TextLine ID="line_4" HPOS="210" VPOS="293" WIDTH="827" HEIGHT="27">
							<String ID="string_32" HPOS="210" VPOS="296" WIDTH="34" HEIGHT="19" WC="0.96" CONTENT="att"/><SP WIDTH="15" VPOS="296" HPOS="244"/>
							<String ID="string_33" HPOS="259" VPOS="294" WIDTH="70" HEIGHT="21" WC="0.93" CONTENT="denna"/><SP WIDTH="15" VPOS="294" HPOS="329"/>
							<String ID="string_34" HPOS="344" VPOS="294" WIDTH="87" HEIGHT="21" WC="0.91" CONTENT="fruktan"/><SP WIDTH="16" VPOS="294" HPOS="431"/>
							<String ID="string_35" HPOS="447" VPOS="294" WIDTH="48" HEIGHT="21" WC="0.91" CONTENT="icke"/><SP WIDTH="16" VPOS="294" HPOS="495"/>
							<String ID="string_36" HPOS="511" VPOS="296" WIDTH="25" HEIGHT="19" WC="0.96" CONTENT="är"/><SP WIDTH="15" VPOS="296" HPOS="536"/>
							<String ID="string_37" HPOS="551" VPOS="294" WIDTH="24" HEIGHT="21" WC="0.96" CONTENT="sä"/><SP WIDTH="16" VPOS="294" HPOS="575"/>
							<String ID="string_38" HPOS="591" VPOS="294" WIDTH="88" HEIGHT="21" WC="0.93" CONTENT="alldeles"/><SP WIDTH="19" VPOS="294" HPOS="679"/>
							<String ID="string_39" HPOS="698" VPOS="294" WIDTH="102" HEIGHT="26" WC="0.93" CONTENT="grundad."/><SP WIDTH="26" VPOS="294" HPOS="800"/>
							<String ID="string_40" HPOS="826" VPOS="293" WIDTH="211" HEIGHT="27" WC="0.92" CONTENT="Fängelsereformen"/>
						</TextLine>
						<TextLine ID="line_5" HPOS="211" VPOS="322" WIDTH="828" HEIGHT="26">
							<String ID="string_41" HPOS="211" VPOS="322" WIDTH="38" HEIGHT="21" WC="0.96" CONTENT="hos"/><SP WIDTH="19" VPOS="322" HPOS="249"/>
							<String ID="string_42" HPOS="268" VPOS="328" WIDTH="33" HEIGHT="15" WC="0.96" CONTENT="oss"/><SP WIDTH="17" VPOS="328" HPOS="301"/>
							<String ID="string_43" HPOS="318" VPOS="322" WIDTH="40" HEIGHT="21" WC="0.96" CONTENT="har"/><SP WIDTH="16" VPOS="322" HPOS="358"/>
							<String ID="string_44" HPOS="374" VPOS="322" WIDTH="66" HEIGHT="26" WC="0.96" CONTENT="enligt"/><SP WIDTH="16" VPOS="322" HPOS="440"/>
							<String ID="string_45" HPOS="456" VPOS="322" WIDTH="42" HEIGHT="21" WC="0.96" CONTENT="min"/><SP WIDTH="16" VPOS="322" HPOS="498"/>
							<String ID="string_46" HPOS="514" VPOS="322" WIDTH="85" HEIGHT="26" WC="0.93" CONTENT="mening"/><SP WIDTH="16" VPOS="322" HPOS="599"/>
							<String ID="string_47" HPOS="615" VPOS="322" WIDTH="92" HEIGHT="26" WC="0.92" CONTENT="begynts"/><SP WIDTH="18" VPOS="322" HPOS="707"/>
							<String ID="string_48" HPOS="725" VPOS="322" WIDTH="38" HEIGHT="21" WC="0.93" CONTENT="och"/><SP WIDTH="17" VPOS="322" HPOS="763"/>
							<String ID="string_49" HPOS="780" VPOS="322" WIDTH="75" HEIGHT="21" WC="0.91" CONTENT="hittills"/><SP WIDTH="12" VPOS="322" HPOS="855"/>
							<String ID="string_50" HPOS="867" VPOS="322" WIDTH="132" HEIGHT="25" WC="0.92" CONTENT="genomförts"/><SP WIDTH="11" VPOS="322" HPOS="999"/>
							<String ID="string_51" HPOS="1010" VPOS="322" WIDTH="29" HEIGHT="26" WC="0.96" CONTENT="pä"/>
						</TextLine>
						<TextLine ID="line_6" HPOS="212" VPOS="350" WIDTH="827" HEIGHT="28">
							<String ID="string_52" HPOS="212" VPOS="353" WIDTH="32" HEIGHT="19" WC="0.92" CONTENT="ett"/><SP WIDTH="19" VPOS="353" HPOS="244"/>
							<String ID="string_53" HPOS="263" VPOS="353" WIDTH="58" HEIGHT="19" WC="0.96" CONTENT="orätt"/><SP WIDTH="16" VPOS="353" HPOS="321"/>
							<String ID="string_54" HPOS="337" VPOS="353" WIDTH="50" HEIGHT="19" WC="0.95" CONTENT="sätt."/><SP WIDTH="31" VPOS="353" HPOS="387"/>
							<String ID="string_55" HPOS="418" VPOS="352" WIDTH="50" HEIGHT="20" WC="0.96" CONTENT="Man"/><SP WIDTH="16" VPOS="352" HPOS="468"/>
							<String ID="string_56" HPOS="484" VPOS="351" WIDTH="39" HEIGHT="21" WC="0.93" CONTENT="har"/><SP WIDTH="15" VPOS="351" HPOS="523"/>
							<String ID="string_57" HPOS="538" VPOS="351" WIDTH="79" HEIGHT="27" WC="0.92" CONTENT="begynt"/><SP WIDTH="16" VPOS="351" HPOS="617"/>
							<String ID="string_58" HPOS="633" VPOS="351" WIDTH="48" HEIGHT="21" WC="0.93" CONTENT="med"/><SP WIDTH="16" VPOS="351" HPOS="681"/>
							<String ID="string_59" HPOS="697" VPOS="350" WIDTH="163" HEIGHT="27" WC="0.70" CONTENT="strafifängelse,"/><SP WIDTH="17" VPOS="350" HPOS="860"/>
							<String ID="string_60" HPOS="877" VPOS="358" WIDTH="48" HEIGHT="14" WC="0.93" CONTENT="men"/><SP WIDTH="17" VPOS="358" HPOS="925"/>
							<String ID="string_61" HPOS="942" VPOS="351" WIDTH="97" HEIGHT="21" WC="0.89" CONTENT="deremot"/>
						</TextLine>
						<TextLine ID="line_7" HPOS="211" VPOS="379" WIDTH="828" HEIGHT="26">
							<String ID="string_62" HPOS="211" VPOS="379" WIDTH="48" HEIGHT="21" WC="0.92" CONTENT="icke"/><SP WIDTH="15" VPOS="379" HPOS="259"/>
							<String ID="string_63" HPOS="274" VPOS="379" WIDTH="128" HEIGHT="21" WC="0.92" CONTENT="reformerat"/><SP WIDTH="16" VPOS="379" HPOS="402"/>
							<String ID="string_64" HPOS="418" VPOS="379" WIDTH="285" HEIGHT="26" WC="0.90" CONTENT="ransakningsfängelserna."/><SP WIDTH="24" VPOS="379" HPOS="703"/>
							<String ID="string_65" HPOS="727" VPOS="379" WIDTH="132" HEIGHT="26" WC="0.91" CONTENT="Härigenom"/><SP WIDTH="16" VPOS="379" HPOS="859"/>
							<String ID="string_66" HPOS="875" VPOS="379" WIDTH="63" HEIGHT="21" WC="0.91" CONTENT="hafva"/><SP WIDTH="10" VPOS="379" HPOS="938"/>
							<String ID="string_67" HPOS="948" VPOS="379" WIDTH="91" HEIGHT="21" WC="0.92" CONTENT="ransak-"/>
						</TextLine>
						<TextLine ID="line_8" HPOS="211" VPOS="407" WIDTH="827" HEIGHT="27">
							<String ID="string_68" HPOS="211" VPOS="407" WIDTH="199" HEIGHT="26" WC="0.90" CONTENT="ningsfängelserna"/><SP WIDTH="22" VPOS="407" HPOS="410"/>
							<String ID="string_69" HPOS="432" VPOS="407" WIDTH="104" HEIGHT="21" WC="0.90" CONTENT="förblifvit"/><SP WIDTH="17" VPOS="407" HPOS="536"/>
							<String ID="string_70" HPOS="553" VPOS="407" WIDTH="117" HEIGHT="26" WC="0.96" CONTENT="högskolor"/><SP WIDTH="17" VPOS="407" HPOS="670"/>
							<String ID="string_71" HPOS="687" VPOS="407" WIDTH="34" HEIGHT="21" WC="0.96" CONTENT="för"/><SP WIDTH="16" VPOS="407" HPOS="721"/>
							<String ID="string_72" HPOS="737" VPOS="407" WIDTH="71" HEIGHT="21" WC="0.93" CONTENT="första"/><SP WIDTH="13" VPOS="407" HPOS="808"/>
							<String ID="string_73" HPOS="821" VPOS="413" WIDTH="76" HEIGHT="15" WC="0.91" CONTENT="resans"/><SP WIDTH="15" VPOS="413" HPOS="897"/>
							<String ID="string_74" HPOS="912" VPOS="407" WIDTH="126" HEIGHT="27" WC="0.92" CONTENT="förbrytare."/>
						</TextLine>
						<TextLine ID="line_9" HPOS="211" VPOS="435" WIDTH="826" HEIGHT="26">
							<String ID="string_75" HPOS="211" VPOS="435" WIDTH="33" HEIGHT="21" WC="0.96" CONTENT="Nu"/><SP WIDTH="17" VPOS="435" HPOS="244"/>
							<String ID="string_76" HPOS="261" VPOS="435" WIDTH="37" HEIGHT="21" WC="0.92" CONTENT="har"/><SP WIDTH="17" VPOS="435" HPOS="298"/>
							<String ID="string_77" HPOS="315" VPOS="435" WIDTH="97" HEIGHT="21" WC="0.91" CONTENT="deremot"/><SP WIDTH="16" VPOS="435" HPOS="412"/>
							<String ID="string_78" HPOS="428" VPOS="442" WIDTH="26" HEIGHT="14" WC="0.93" CONTENT="en"/><SP WIDTH="17" VPOS="442" HPOS="454"/>
							<String ID="string_79" HPOS="471" VPOS="435" WIDTH="122" HEIGHT="26" WC="0.92" CONTENT="förändring"/><SP WIDTH="15" VPOS="435" HPOS="593"/>
							<String ID="string_80" HPOS="608" VPOS="435" WIDTH="82" HEIGHT="21" WC="0.91" CONTENT="inträdt"/><SP WIDTH="16" VPOS="435" HPOS="690"/>
							<String ID="string_81" HPOS="706" VPOS="435" WIDTH="43" HEIGHT="21" WC="0.92" CONTENT="deri"/><SP WIDTH="17" VPOS="435" HPOS="749"/>
							<String ID="string_82" HPOS="766" VPOS="437" WIDTH="32" HEIGHT="19" WC="0.93" CONTENT="att"/><SP WIDTH="15" VPOS="437" HPOS="798"/>
							<String ID="string_83" HPOS="813" VPOS="435" WIDTH="224" HEIGHT="26" WC="0.92" CONTENT="ransakningsfängel-"/>
						</TextLine>
						<TextLine ID="line_10" HPOS="212" VPOS="463" WIDTH="827" HEIGHT="27">
							<String ID="string_84" HPOS="212" VPOS="469" WIDTH="61" HEIGHT="16" WC="0.92" CONTENT="serna"/><SP WIDTH="9" VPOS="469" HPOS="273"/>
							<String ID="string_85" HPOS="282" VPOS="464" WIDTH="94" HEIGHT="21" WC="0.92" CONTENT="omsider"/><SP WIDTH="15" VPOS="464" HPOS="376"/>
							<String ID="string_86" HPOS="391" VPOS="463" WIDTH="64" HEIGHT="21" WC="0.92" CONTENT="hafva"/><SP WIDTH="14" VPOS="463" HPOS="455"/>
							<String ID="string_87" HPOS="469" VPOS="463" WIDTH="70" HEIGHT="21" WC="0.92" CONTENT="blifvit"/><SP WIDTH="10" VPOS="463" HPOS="539"/>
							<String ID="string_88" HPOS="549" VPOS="465" WIDTH="58" HEIGHT="19" WC="0.93" CONTENT="satta"/><SP WIDTH="11" VPOS="465" HPOS="607"/>
							<String ID="string_89" HPOS="618" VPOS="464" WIDTH="27" HEIGHT="26" WC="0.96" CONTENT="pä"/><SP WIDTH="12" VPOS="464" HPOS="645"/>
							<String ID="string_90" HPOS="657" VPOS="463" WIDTH="72" HEIGHT="21" WC="0.92" CONTENT="bättre"/><SP WIDTH="9" VPOS="463" HPOS="729"/>
							<String ID="string_91" HPOS="738" VPOS="463" WIDTH="31" HEIGHT="21" WC="0.92" CONTENT="fot"/><SP WIDTH="9" VPOS="463" HPOS="769"/>
							<String ID="string_92" HPOS="778" VPOS="464" WIDTH="38" HEIGHT="21" WC="0.93" CONTENT="och"/><SP WIDTH="11" VPOS="464" HPOS="816"/>
							<String ID="string_93" HPOS="827" VPOS="464" WIDTH="88" HEIGHT="20" WC="0.92" CONTENT="ordnats"/><SP WIDTH="10" VPOS="464" HPOS="915"/>
							<String ID="string_94" HPOS="925" VPOS="463" WIDTH="114" HEIGHT="22" WC="0.92" CONTENT="efterhand"/>
						</TextLine>
						<TextLine ID="line_11" HPOS="212" VPOS="492" WIDTH="826" HEIGHT="28">
							<String ID="string_95" HPOS="212" VPOS="492" WIDTH="65" HEIGHT="27" WC="0.96" CONTENT="enligt"/><SP WIDTH="16" VPOS="492" HPOS="277"/>
							<String ID="string_96" HPOS="293" VPOS="499" WIDTH="81" HEIGHT="14" WC="0.93" CONTENT="samma"/><SP WIDTH="16" VPOS="499" HPOS="374"/>
							<String ID="string_97" HPOS="390" VPOS="493" WIDTH="141" HEIGHT="26" WC="0.92" CONTENT="grundsatser"/><SP WIDTH="17" VPOS="493" HPOS="531"/>
							<String ID="string_98" HPOS="548" VPOS="498" WIDTH="44" HEIGHT="15" WC="0.93" CONTENT="som"/><SP WIDTH="12" VPOS="498" HPOS="592"/>
							<String ID="string_99" HPOS="604" VPOS="492" WIDTH="195" HEIGHT="26" WC="0.92" CONTENT="straffängelserna,"/><SP WIDTH="13" VPOS="492" HPOS="799"/>
							<String ID="string_100" HPOS="812" VPOS="493" WIDTH="38" HEIGHT="21" WC="0.97" CONTENT="och"/><SP WIDTH="10" VPOS="493" HPOS="850"/>
							<String ID="string_101" HPOS="860" VPOS="493" WIDTH="36" HEIGHT="27" WC="0.93" CONTENT="jag"/><SP WIDTH="11" VPOS="493" HPOS="896"/>
							<String ID="string_102" HPOS="907" VPOS="494" WIDTH="45" HEIGHT="19" WC="0.93" CONTENT="tror"/><SP WIDTH="9" VPOS="494" HPOS="952"/>
							<String ID="string_103" HPOS="961" VPOS="494" WIDTH="38" HEIGHT="24" WC="0.96" CONTENT="att,"/><SP WIDTH="11" VPOS="494" HPOS="999"/>
							<String ID="string_104" HPOS="1010" VPOS="493" WIDTH="28" HEIGHT="20" WC="0.96" CONTENT="dä"/>
						</TextLine>
						<TextLine ID="line_12" HPOS="212" VPOS="520" WIDTH="827" HEIGHT="26">
							<String ID="string_105" HPOS="212" VPOS="521" WIDTH="59" HEIGHT="20" WC="0.96" CONTENT="detta"/><SP WIDTH="13" VPOS="521" HPOS="271"/>
							<String ID="string_106" HPOS="284" VPOS="520" WIDTH="41" HEIGHT="21" WC="0.92" CONTENT="blir"/><SP WIDTH="8" VPOS="520" HPOS="325"/>
							<String ID="string_107" HPOS="333" VPOS="520" WIDTH="136" HEIGHT="26" WC="0.92" CONTENT="fullständigt"/><SP WIDTH="8" VPOS="520" HPOS="469"/>
							<String ID="string_108" HPOS="477" VPOS="520" WIDTH="141" HEIGHT="26" WC="0.92" CONTENT="genomfördt,"/><SP WIDTH="10" VPOS="520" HPOS="618"/>
							<String ID="string_109" HPOS="628" VPOS="520" WIDTH="194" HEIGHT="26" WC="0.92" CONTENT="fängelsestraffet"/><SP WIDTH="-5" VPOS="520" HPOS="822"/>
							<String ID="string_110" HPOS="817" VPOS="516" WIDTH="12" HEIGHT="34" WC="0.96" CONTENT="i"/><SP WIDTH="4" VPOS="516" HPOS="829"/>
							<String ID="string_111" HPOS="833" VPOS="520" WIDTH="50" HEIGHT="21" WC="0.96" CONTENT="dess"/><SP WIDTH="10" VPOS="520" HPOS="883"/>
							<String ID="string_112" HPOS="893" VPOS="520" WIDTH="56" HEIGHT="21" WC="0.96" CONTENT="olika"/><SP WIDTH="10" VPOS="520" HPOS="949"/>
							<String ID="string_113" HPOS="959" VPOS="520" WIDTH="80" HEIGHT="21" WC="0.96" CONTENT="former"/>
						</TextLine>
						<TextLine ID="line_13" HPOS="211" VPOS="549" WIDTH="828" HEIGHT="27">
							<String ID="string_114" HPOS="211" VPOS="549" WIDTH="55" HEIGHT="21" WC="0.93" CONTENT="skall"/><SP WIDTH="22" VPOS="549" HPOS="266"/>
							<String ID="string_115" HPOS="288" VPOS="549" WIDTH="97" HEIGHT="21" WC="0.92" CONTENT="medföra"/><SP WIDTH="20" VPOS="549" HPOS="385"/>
							<String ID="string_116" HPOS="405" VPOS="549" WIDTH="32" HEIGHT="21" WC="0.93" CONTENT="sin"/><SP WIDTH="19" VPOS="549" HPOS="437"/>
							<String ID="string_117" HPOS="456" VPOS="549" WIDTH="100" HEIGHT="27" WC="0.92" CONTENT="äsyftade"/><SP WIDTH="13" VPOS="549" HPOS="556"/>
							<String ID="string_118" HPOS="569" VPOS="549" WIDTH="82" HEIGHT="21" WC="0.92" CONTENT="verkan"/><SP WIDTH="15" VPOS="549" HPOS="651"/>
							<String ID="string_119" HPOS="666" VPOS="549" WIDTH="39" HEIGHT="21" WC="0.93" CONTENT="och"/><SP WIDTH="17" VPOS="549" HPOS="705"/>
							<String ID="string_120" HPOS="722" VPOS="549" WIDTH="107" HEIGHT="26" WC="0.92" CONTENT="fängelset"/><SP WIDTH="14" VPOS="549" HPOS="829"/>
							<String ID="string_121" HPOS="843" VPOS="549" WIDTH="112" HEIGHT="26" WC="0.92" CONTENT="verkligen"/><SP WIDTH="13" VPOS="549" HPOS="955"/>
							<String ID="string_122" HPOS="968" VPOS="549" WIDTH="71" HEIGHT="21" WC="0.91" CONTENT="tillika"/>
						</TextLine>
						<TextLine ID="line_14" HPOS="210" VPOS="577" WIDTH="827" HEIGHT="26">
							<String ID="string_123" HPOS="210" VPOS="577" WIDTH="74" HEIGHT="21" WC="0.92" CONTENT="kunna"/><SP WIDTH="15" VPOS="577" HPOS="284"/>
							<String ID="string_124" HPOS="299" VPOS="577" WIDTH="65" HEIGHT="21" WC="0.92" CONTENT="blifva"/><SP WIDTH="16" VPOS="577" HPOS="364"/>
							<String ID="string_125" HPOS="380" VPOS="577" WIDTH="230" HEIGHT="26" WC="0.92" CONTENT="uppfostringsanstalt"/><SP WIDTH="15" VPOS="577" HPOS="610"/>
							<String ID="string_126" HPOS="625" VPOS="577" WIDTH="32" HEIGHT="21" WC="0.96" CONTENT="för"/><SP WIDTH="17" VPOS="577" HPOS="657"/>
							<String ID="string_127" HPOS="674" VPOS="577" WIDTH="39" HEIGHT="21" WC="0.93" CONTENT="den"/><SP WIDTH="15" VPOS="577" HPOS="713"/>
							<String ID="string_128" HPOS="728" VPOS="577" WIDTH="123" HEIGHT="26" WC="0.92" CONTENT="brottsliga,"/><SP WIDTH="10" VPOS="577" HPOS="851"/>
							<String ID="string_129" HPOS="861" VPOS="583" WIDTH="46" HEIGHT="15" WC="0.96" CONTENT="som"/><SP WIDTH="11" VPOS="583" HPOS="907"/>
							<String ID="string_130" HPOS="918" VPOS="577" WIDTH="33" HEIGHT="21" WC="0.96" CONTENT="för"/><SP WIDTH="8" VPOS="577" HPOS="951"/>
							<String ID="string_131" HPOS="959" VPOS="577" WIDTH="78" HEIGHT="21" WC="0.96" CONTENT="honom"/>
						</TextLine>
						<TextLine ID="line_15" HPOS="210" VPOS="604" WIDTH="826" HEIGHT="27">
							<String ID="string_132" HPOS="210" VPOS="604" WIDTH="46" HEIGHT="21" WC="0.96" CONTENT="från"/><SP WIDTH="17" VPOS="604" HPOS="256"/>
							<String ID="string_133" HPOS="273" VPOS="605" WIDTH="40" HEIGHT="21" WC="0.93" CONTENT="den"/><SP WIDTH="15" VPOS="605" HPOS="313"/>
							<String ID="string_134" HPOS="328" VPOS="604" WIDTH="114" HEIGHT="27" WC="0.96" CONTENT="brottsliga"/><SP WIDTH="16" VPOS="604" HPOS="442"/>
							<String ID="string_135" HPOS="458" VPOS="606" WIDTH="47" HEIGHT="24" WC="0.96" CONTENT="väg,"/><SP WIDTH="17" VPOS="606" HPOS="505"/>
							<String ID="string_136" HPOS="522" VPOS="605" WIDTH="41" HEIGHT="20" WC="0.93" CONTENT="han"/><SP WIDTH="14" VPOS="605" HPOS="563"/>
							<String ID="string_137" HPOS="577" VPOS="604" WIDTH="94" HEIGHT="25" WC="0.92" CONTENT="beträdt,"/><SP WIDTH="17" VPOS="604" HPOS="671"/>
							<String ID="string_138" HPOS="688" VPOS="606" WIDTH="56" HEIGHT="19" WC="0.93" CONTENT="samt"/><SP WIDTH="11" VPOS="606" HPOS="744"/>
							<String ID="string_139" HPOS="755" VPOS="604" WIDTH="61" HEIGHT="22" WC="0.96" CONTENT="äfven"/><SP WIDTH="12" VPOS="604" HPOS="816"/>
							<String ID="string_140" HPOS="828" VPOS="606" WIDTH="38" HEIGHT="25" WC="0.96" CONTENT="gör"/><SP WIDTH="11" VPOS="606" HPOS="866"/>
							<String ID="string_141" HPOS="877" VPOS="605" WIDTH="77" HEIGHT="20" WC="0.93" CONTENT="honom"/><SP WIDTH="12" VPOS="605" HPOS="954"/>
							<String ID="string_142" HPOS="966" VPOS="605" WIDTH="70" HEIGHT="21" WC="0.91" CONTENT="skick-"/>
						</TextLine>
						<TextLine ID="line_16" HPOS="210" VPOS="632" WIDTH="828" HEIGHT="28">
							<String ID="string_143" HPOS="210" VPOS="632" WIDTH="29" HEIGHT="27" WC="0.93" CONTENT="lig"/><SP WIDTH="24" VPOS="632" HPOS="239"/>
							<String ID="string_144" HPOS="263" VPOS="635" WIDTH="31" HEIGHT="19" WC="0.95" CONTENT="att"/><SP WIDTH="25" VPOS="635" HPOS="294"/>
							<String ID="string_145" HPOS="319" VPOS="633" WIDTH="33" HEIGHT="21" WC="0.92" CONTENT="vid"/><SP WIDTH="25" VPOS="633" HPOS="352"/>
							<String ID="string_146" HPOS="377" VPOS="633" WIDTH="85" HEIGHT="21" WC="0.92" CONTENT="utträde"/><SP WIDTH="20" VPOS="633" HPOS="462"/>
							<String ID="string_147" HPOS="482" VPOS="633" WIDTH="48" HEIGHT="21" WC="0.92" CONTENT="frän"/><SP WIDTH="15" VPOS="633" HPOS="530"/>
							<String ID="string_148" HPOS="545" VPOS="633" WIDTH="108" HEIGHT="26" WC="0.92" CONTENT="fängelset"/><SP WIDTH="15" VPOS="633" HPOS="653"/>
							<String ID="string_149" HPOS="668" VPOS="633" WIDTH="71" HEIGHT="21" WC="0.93" CONTENT="kunna"/><SP WIDTH="15" VPOS="633" HPOS="739"/>
							<String ID="string_150" HPOS="754" VPOS="633" WIDTH="91" HEIGHT="27" WC="0.92" CONTENT="försörja"/><SP WIDTH="16" VPOS="633" HPOS="845"/>
							<String ID="string_151" HPOS="861" VPOS="633" WIDTH="32" HEIGHT="26" WC="0.93" CONTENT="sig"/><SP WIDTH="17" VPOS="633" HPOS="893"/>
							<String ID="string_152" HPOS="910" VPOS="633" WIDTH="55" HEIGHT="27" WC="0.92" CONTENT="sjelf."/><SP WIDTH="30" VPOS="633" HPOS="965"/>
							<String ID="string_153" HPOS="995" VPOS="633" WIDTH="43" HEIGHT="21" WC="0.96" CONTENT="För"/>
						</TextLine>
						<TextLine ID="line_17" HPOS="210" VPOS="661" WIDTH="827" HEIGHT="28">
							<String ID="string_154" HPOS="210" VPOS="662" WIDTH="43" HEIGHT="21" WC="0.96" CONTENT="min"/><SP WIDTH="23" VPOS="662" HPOS="253"/>
							<String ID="string_155" HPOS="276" VPOS="661" WIDTH="34" HEIGHT="22" WC="0.96" CONTENT="del"/><SP WIDTH="23" VPOS="661" HPOS="310"/>
							<String ID="string_156" HPOS="333" VPOS="662" WIDTH="70" HEIGHT="21" WC="0.96" CONTENT="skulle"/><SP WIDTH="21" VPOS="662" HPOS="403"/>
							<String ID="string_157" HPOS="424" VPOS="662" WIDTH="37" HEIGHT="27" WC="0.93" CONTENT="jag"/><SP WIDTH="19" VPOS="662" HPOS="461"/>
							<String ID="string_158" HPOS="480" VPOS="662" WIDTH="85" HEIGHT="21" WC="0.93" CONTENT="säledes"/><SP WIDTH="16" VPOS="662" HPOS="565"/>
							<String ID="string_159" HPOS="581" VPOS="668" WIDTH="52" HEIGHT="15" WC="0.92" CONTENT="anse"/><SP WIDTH="19" VPOS="668" HPOS="633"/>
							<String ID="string_160" HPOS="652" VPOS="664" WIDTH="36" HEIGHT="23" WC="0.96" CONTENT="att,"/><SP WIDTH="19" VPOS="664" HPOS="688"/>
							<String ID="string_161" HPOS="707" VPOS="662" WIDTH="25" HEIGHT="21" WC="0.93" CONTENT="dä"/><SP WIDTH="17" VPOS="662" HPOS="732"/>
							<String ID="string_162" HPOS="749" VPOS="662" WIDTH="213" HEIGHT="26" WC="0.89" CONTENT="strafflagsförslaget"/><SP WIDTH="15" VPOS="662" HPOS="962"/>
							<String ID="string_163" HPOS="977" VPOS="662" WIDTH="6" HEIGHT="20" WC="0.93" CONTENT="i"/><SP WIDTH="17" VPOS="662" HPOS="983"/>
							<String ID="string_164" HPOS="1000" VPOS="662" WIDTH="37" HEIGHT="21" WC="0.92" CONTENT="all-"/>
						</TextLine>
						<TextLine ID="line_18" HPOS="211" VPOS="690" WIDTH="826" HEIGHT="27">
							<String ID="string_165" HPOS="211" VPOS="691" WIDTH="85" HEIGHT="21" WC="0.92" CONTENT="mänhet"/><SP WIDTH="17" VPOS="691" HPOS="296"/>
							<String ID="string_166" HPOS="313" VPOS="690" WIDTH="108" HEIGHT="22" WC="0.93" CONTENT="utesluter"/><SP WIDTH="15" VPOS="690" HPOS="421"/>
							<String ID="string_167" HPOS="436" VPOS="690" WIDTH="148" HEIGHT="27" WC="0.92" CONTENT="kroppsstraff,"/><SP WIDTH="18" VPOS="690" HPOS="584"/>
							<String ID="string_168" HPOS="602" VPOS="691" WIDTH="59" HEIGHT="21" WC="0.96" CONTENT="detta"/><SP WIDTH="16" VPOS="691" HPOS="661"/>
							<String ID="string_169" HPOS="677" VPOS="691" WIDTH="40" HEIGHT="20" WC="0.96" CONTENT="har"/><SP WIDTH="15" VPOS="691" HPOS="717"/>
							<String ID="string_170" HPOS="732" VPOS="691" WIDTH="59" HEIGHT="21" WC="0.96" CONTENT="skett"/><SP WIDTH="14" VPOS="691" HPOS="791"/>
							<String ID="string_171" HPOS="805" VPOS="690" WIDTH="88" HEIGHT="21" WC="0.93" CONTENT="alldeles"/><SP WIDTH="12" VPOS="690" HPOS="893"/>
							<String ID="string_172" HPOS="905" VPOS="690" WIDTH="132" HEIGHT="22" WC="0.92" CONTENT="välbetänkt."/>
						</TextLine>
						<TextLine ID="line_19" HPOS="210" VPOS="718" WIDTH="829" HEIGHT="27">
							<String ID="string_173" HPOS="210" VPOS="718" WIDTH="53" HEIGHT="21" WC="0.92" CONTENT="Helt"/><SP WIDTH="22" VPOS="718" HPOS="263"/>
							<String ID="string_174" HPOS="285" VPOS="718" WIDTH="39" HEIGHT="21" WC="0.93" CONTENT="och"/><SP WIDTH="25" VPOS="718" HPOS="324"/>
							<String ID="string_175" HPOS="349" VPOS="718" WIDTH="67" HEIGHT="21" WC="0.91" CONTENT="hället"/><SP WIDTH="20" VPOS="718" HPOS="416"/>
							<String ID="string_176" HPOS="436" VPOS="720" WIDTH="24" HEIGHT="19" WC="0.93" CONTENT="är"/><SP WIDTH="16" VPOS="720" HPOS="460"/>
							<String ID="string_177" HPOS="476" VPOS="718" WIDTH="167" HEIGHT="27" WC="0.92" CONTENT="kroppsstraffet"/><SP WIDTH="15" VPOS="718" HPOS="643"/>
							<String ID="string_178" HPOS="658" VPOS="718" WIDTH="47" HEIGHT="21" WC="0.92" CONTENT="icke"/><SP WIDTH="17" VPOS="718" HPOS="705"/>
							<String ID="string_179" HPOS="722" VPOS="718" WIDTH="111" HEIGHT="21" WC="0.89" CONTENT="uteslutet."/><SP WIDTH="33" VPOS="718" HPOS="833"/>
							<String ID="string_180" HPOS="866" VPOS="718" WIDTH="74" HEIGHT="21" WC="0.92" CONTENT="Säsom"/><SP WIDTH="17" VPOS="718" HPOS="940"/>
							<String ID="string_181" HPOS="957" VPOS="718" WIDTH="82" HEIGHT="21" WC="0.92" CONTENT="bekant"/>
						</TextLine>
						<TextLine ID="line_20" HPOS="211" VPOS="747" WIDTH="827" HEIGHT="27">
							<String ID="string_182" HPOS="211" VPOS="747" WIDTH="32" HEIGHT="21" WC="0.91" CONTENT="fär"/><SP WIDTH="22" VPOS="747" HPOS="243"/>
							<String ID="string_183" HPOS="265" VPOS="747" WIDTH="35" HEIGHT="21" WC="0.95" CONTENT="det"/><SP WIDTH="21" VPOS="747" HPOS="300"/>
							<String ID="string_184" HPOS="321" VPOS="747" WIDTH="67" HEIGHT="26" WC="0.93" CONTENT="enligt"/><SP WIDTH="15" VPOS="747" HPOS="388"/>
							<String ID="string_185" HPOS="403" VPOS="747" WIDTH="189" HEIGHT="26" WC="0.89" CONTENT="bestämningarna"/><SP WIDTH="15" VPOS="747" HPOS="592"/>
							<String ID="string_186" HPOS="607" VPOS="747" WIDTH="6" HEIGHT="21" WC="0.93" CONTENT="i"/><SP WIDTH="16" VPOS="747" HPOS="613"/>
							<String ID="string_187" HPOS="629" VPOS="747" WIDTH="139" HEIGHT="26" WC="0.92" CONTENT="lagförslaget"/><SP WIDTH="15" VPOS="747" HPOS="768"/>
							<String ID="string_188" HPOS="783" VPOS="747" WIDTH="107" HEIGHT="27" WC="0.96" CONTENT="tillämpas"/><SP WIDTH="16" VPOS="747" HPOS="890"/>
							<String ID="string_189" HPOS="906" VPOS="747" WIDTH="6" HEIGHT="21" WC="0.96" CONTENT="i"/><SP WIDTH="18" VPOS="747" HPOS="912"/>
							<String ID="string_190" HPOS="930" VPOS="747" WIDTH="108" HEIGHT="21" WC="0.96" CONTENT="särskilda"/>
						</TextLine>
						<TextLine ID="line_21" HPOS="211" VPOS="774" WIDTH="827" HEIGHT="27">
							<String ID="string_191" HPOS="211" VPOS="774" WIDTH="37" HEIGHT="21" WC="0.96" CONTENT="fall"/><SP WIDTH="19" VPOS="774" HPOS="248"/>
							<String ID="string_192" HPOS="267" VPOS="775" WIDTH="27" HEIGHT="26" WC="0.93" CONTENT="pä"/><SP WIDTH="18" VPOS="775" HPOS="294"/>
							<String ID="string_193" HPOS="312" VPOS="774" WIDTH="65" HEIGHT="27" WC="0.92" CONTENT="fänge"/><SP WIDTH="15" VPOS="774" HPOS="377"/>
							<String ID="string_194" HPOS="392" VPOS="775" WIDTH="56" HEIGHT="20" WC="0.92" CONTENT="inom"/><SP WIDTH="16" VPOS="775" HPOS="448"/>
							<String ID="string_195" HPOS="464" VPOS="774" WIDTH="111" HEIGHT="27" WC="0.92" CONTENT="fängelset,"/><SP WIDTH="18" VPOS="774" HPOS="575"/>
							<String ID="string_196" HPOS="593" VPOS="774" WIDTH="28" HEIGHT="21" WC="0.96" CONTENT="dä"/><SP WIDTH="15" VPOS="774" HPOS="621"/>
							<String ID="string_197" HPOS="636" VPOS="775" WIDTH="41" HEIGHT="20" WC="0.93" CONTENT="han"/><SP WIDTH="16" VPOS="775" HPOS="677"/>
							<String ID="string_198" HPOS="693" VPOS="775" WIDTH="101" HEIGHT="21" WC="0.92" CONTENT="tredskas"/><SP WIDTH="15" VPOS="775" HPOS="794"/>
							<String ID="string_199" HPOS="809" VPOS="775" WIDTH="40" HEIGHT="21" WC="0.93" CONTENT="och"/><SP WIDTH="16" VPOS="775" HPOS="849"/>
							<String ID="string_200" HPOS="865" VPOS="775" WIDTH="47" HEIGHT="21" WC="0.92" CONTENT="icke"/><SP WIDTH="15" VPOS="775" HPOS="912"/>
							<String ID="string_201" HPOS="927" VPOS="774" WIDTH="63" HEIGHT="27" WC="0.88" CONTENT="böjer"/><SP WIDTH="15" VPOS="774" HPOS="990"/>
							<String ID="string_202" HPOS="1005" VPOS="775" WIDTH="33" HEIGHT="25" WC="0.97" CONTENT="sig"/>
						</TextLine>
						<TextLine ID="line_22" HPOS="211" VPOS="804" WIDTH="827" HEIGHT="26">
							<String ID="string_203" HPOS="211" VPOS="804" WIDTH="68" HEIGHT="21" WC="0.96" CONTENT="under"/><SP WIDTH="16" VPOS="804" HPOS="279"/>
							<String ID="string_204" HPOS="295" VPOS="804" WIDTH="40" HEIGHT="21" WC="0.96" CONTENT="den"/><SP WIDTH="17" VPOS="804" HPOS="335"/>
							<String ID="string_205" HPOS="352" VPOS="804" WIDTH="39" HEIGHT="21" WC="0.93" CONTENT="der"/><SP WIDTH="14" VPOS="804" HPOS="391"/>
							<String ID="string_206" HPOS="405" VPOS="804" WIDTH="96" HEIGHT="21" WC="0.91" CONTENT="rädande"/><SP WIDTH="17" VPOS="804" HPOS="501"/>
							<String ID="string_207" HPOS="518" VPOS="804" WIDTH="124" HEIGHT="26" WC="0.90" CONTENT="ordningen."/><SP WIDTH="25" VPOS="804" HPOS="642"/>
							<String ID="string_208" HPOS="667" VPOS="804" WIDTH="50" HEIGHT="21" WC="0.95" CONTENT="Men"/><SP WIDTH="16" VPOS="804" HPOS="717"/>
							<String ID="string_209" HPOS="733" VPOS="806" WIDTH="32" HEIGHT="19" WC="0.93" CONTENT="att"/><SP WIDTH="15" VPOS="806" HPOS="765"/>
							<String ID="string_210" HPOS="780" VPOS="804" WIDTH="96" HEIGHT="26" WC="0.92" CONTENT="tillämpa"/><SP WIDTH="15" VPOS="804" HPOS="876"/>
							<String ID="string_211" HPOS="891" VPOS="804" WIDTH="147" HEIGHT="26" WC="0.89" CONTENT="kroppsstraf-"/>
						</TextLine>
						<TextLine ID="line_23" HPOS="211" VPOS="830" WIDTH="825" HEIGHT="28">
							<String ID="string_212" HPOS="211" VPOS="831" WIDTH="35" HEIGHT="21" WC="0.78" CONTENT="fet."/><SP WIDTH="18" VPOS="831" HPOS="246"/>
							<String ID="string_213" HPOS="264" VPOS="831" WIDTH="2" HEIGHT="21" WC="0.93" CONTENT="i"/><SP WIDTH="20" VPOS="831" HPOS="266"/>
							<String ID="string_214" HPOS="286" VPOS="831" WIDTH="157" HEIGHT="21" WC="0.91" CONTENT="vidsträcktare"/><SP WIDTH="16" VPOS="831" HPOS="443"/>
							<String ID="string_215" HPOS="459" VPOS="831" WIDTH="86" HEIGHT="26" WC="0.96" CONTENT="mening"/><SP WIDTH="15" VPOS="831" HPOS="545"/>
							<String ID="string_216" HPOS="560" VPOS="837" WIDTH="64" HEIGHT="16" WC="0.96" CONTENT="anser"/><SP WIDTH="13" VPOS="837" HPOS="624"/>
							<String ID="string_217" HPOS="637" VPOS="831" WIDTH="36" HEIGHT="27" WC="0.96" CONTENT="jag"/><SP WIDTH="16" VPOS="831" HPOS="673"/>
							<String ID="string_218" HPOS="689" VPOS="831" WIDTH="32" HEIGHT="21" WC="0.96" CONTENT="för"/><SP WIDTH="16" VPOS="831" HPOS="721"/>
							<String ID="string_219" HPOS="737" VPOS="831" WIDTH="40" HEIGHT="21" WC="0.96" CONTENT="min"/><SP WIDTH="18" VPOS="831" HPOS="777"/>
							<String ID="string_220" HPOS="795" VPOS="831" WIDTH="34" HEIGHT="21" WC="0.96" CONTENT="del"/><SP WIDTH="17" VPOS="831" HPOS="829"/>
							<String ID="string_221" HPOS="846" VPOS="838" WIDTH="49" HEIGHT="14" WC="0.93" CONTENT="vara"/><SP WIDTH="16" VPOS="838" HPOS="895"/>
							<String ID="string_222" HPOS="911" VPOS="830" WIDTH="125" HEIGHT="27" WC="0.46" CONTENT="förderfiigt."/>
						</TextLine>
						<TextLine ID="line_24" HPOS="210" VPOS="859" WIDTH="829" HEIGHT="27">
							<String ID="string_223" HPOS="210" VPOS="859" WIDTH="42" HEIGHT="26" WC="0.93" CONTENT="Jag"/><SP WIDTH="15" VPOS="859" HPOS="252"/>
							<String ID="string_224" HPOS="267" VPOS="861" WIDTH="45" HEIGHT="19" WC="0.92" CONTENT="tror"/><SP WIDTH="16" VPOS="861" HPOS="312"/>
							<String ID="string_225" HPOS="328" VPOS="861" WIDTH="31" HEIGHT="19" WC="0.93" CONTENT="att"/><SP WIDTH="16" VPOS="861" HPOS="359"/>
							<String ID="string_226" HPOS="375" VPOS="859" WIDTH="73" HEIGHT="27" WC="0.91" CONTENT="hvarje"/><SP WIDTH="16" VPOS="859" HPOS="448"/>
							<String ID="string_227" HPOS="464" VPOS="859" WIDTH="123" HEIGHT="21" WC="0.92" CONTENT="erfarenhet"/><SP WIDTH="14" VPOS="859" HPOS="587"/>
							<String ID="string_228" HPOS="601" VPOS="859" WIDTH="54" HEIGHT="21" WC="0.93" CONTENT="skall"/><SP WIDTH="16" VPOS="859" HPOS="655"/>
							<String ID="string_229" HPOS="671" VPOS="859" WIDTH="44" HEIGHT="21" WC="0.90" CONTENT="tala"/><SP WIDTH="16" VPOS="859" HPOS="715"/>
							<String ID="string_230" HPOS="731" VPOS="861" WIDTH="44" HEIGHT="19" WC="0.96" CONTENT="mot"/><SP WIDTH="11" VPOS="861" HPOS="775"/>
							<String ID="string_231" HPOS="786" VPOS="859" WIDTH="151" HEIGHT="21" WC="0.96" CONTENT="användandet"/><SP WIDTH="11" VPOS="859" HPOS="937"/>
							<String ID="string_232" HPOS="948" VPOS="859" WIDTH="22" HEIGHT="21" WC="0.95" CONTENT="af"/><SP WIDTH="7" VPOS="859" HPOS="970"/>
							<String ID="string_233" HPOS="977" VPOS="859" WIDTH="62" HEIGHT="21" WC="0.95" CONTENT="detta"/>
						</TextLine>
						<TextLine ID="line_25" HPOS="211" VPOS="887" WIDTH="826" HEIGHT="27">
							<String ID="string_234" HPOS="211" VPOS="887" WIDTH="67" HEIGHT="21" WC="0.78" CONTENT="straff."/><SP WIDTH="32" VPOS="887" HPOS="278"/>
							<String ID="string_235" HPOS="310" VPOS="888" WIDTH="42" HEIGHT="21" WC="0.95" CONTENT="Det"/><SP WIDTH="26" VPOS="888" HPOS="352"/>
							<String ID="string_236" HPOS="378" VPOS="889" WIDTH="24" HEIGHT="19" WC="0.96" CONTENT="är"/><SP WIDTH="25" VPOS="889" HPOS="402"/>
							<String ID="string_237" HPOS="427" VPOS="888" WIDTH="78" HEIGHT="21" WC="0.96" CONTENT="endast"/><SP WIDTH="24" VPOS="888" HPOS="505"/>
							<String ID="string_238" HPOS="529" VPOS="894" WIDTH="24" HEIGHT="14" WC="0.95" CONTENT="ur"/><SP WIDTH="23" VPOS="894" HPOS="553"/>
							<String ID="string_239" HPOS="576" VPOS="894" WIDTH="26" HEIGHT="15" WC="0.95" CONTENT="en"/><SP WIDTH="23" VPOS="894" HPOS="602"/>
							<String ID="string_240" HPOS="625" VPOS="888" WIDTH="43" HEIGHT="20" WC="0.93" CONTENT="viss"/><SP WIDTH="19" VPOS="888" HPOS="668"/>
							<String ID="string_241" HPOS="687" VPOS="887" WIDTH="287" HEIGHT="27" WC="0.92" CONTENT="begvämlighetssynpunkt,"/><SP WIDTH="17" VPOS="887" HPOS="974"/>
							<String ID="string_242" HPOS="991" VPOS="893" WIDTH="46" HEIGHT="15" WC="0.96" CONTENT="som"/>
						</TextLine>
						<TextLine ID="line_26" HPOS="211" VPOS="916" WIDTH="827" HEIGHT="27">
							<String ID="string_243" HPOS="211" VPOS="923" WIDTH="49" HEIGHT="14" WC="0.96" CONTENT="man"/><SP WIDTH="21" VPOS="923" HPOS="260"/>
							<String ID="string_244" HPOS="281" VPOS="916" WIDTH="60" HEIGHT="21" WC="0.96" CONTENT="velat"/><SP WIDTH="17" VPOS="916" HPOS="341"/>
							<String ID="string_245" HPOS="358" VPOS="916" WIDTH="69" HEIGHT="21" WC="0.93" CONTENT="införa"/><SP WIDTH="16" VPOS="916" HPOS="427"/>
							<String ID="string_246" HPOS="443" VPOS="916" WIDTH="126" HEIGHT="26" WC="0.92" CONTENT="detsamma,"/><SP WIDTH="17" VPOS="916" HPOS="569"/>
							<String ID="string_247" HPOS="586" VPOS="923" WIDTH="47" HEIGHT="14" WC="0.96" CONTENT="men"/><SP WIDTH="17" VPOS="923" HPOS="633"/>
							<String ID="string_248" HPOS="650" VPOS="918" WIDTH="33" HEIGHT="19" WC="0.96" CONTENT="att"/><SP WIDTH="15" VPOS="918" HPOS="683"/>
							<String ID="string_249" HPOS="698" VPOS="918" WIDTH="102" HEIGHT="25" WC="0.96" CONTENT="upprätta"/><SP WIDTH="17" VPOS="918" HPOS="800"/>
							<String ID="string_250" HPOS="817" VPOS="916" WIDTH="40" HEIGHT="21" WC="0.93" CONTENT="den"/><SP WIDTH="16" VPOS="916" HPOS="857"/>
							<String ID="string_251" HPOS="873" VPOS="916" WIDTH="112" HEIGHT="26" WC="0.93" CONTENT="brottslige"/><SP WIDTH="15" VPOS="916" HPOS="985"/>
							<String ID="string_252" HPOS="1000" VPOS="923" WIDTH="38" HEIGHT="19" WC="0.92" CONTENT="ge-"/>
						</TextLine>
						<TextLine ID="line_27" HPOS="210" VPOS="945" WIDTH="828" HEIGHT="26">
							<String ID="string_253" HPOS="210" VPOS="951" WIDTH="50" HEIGHT="15" WC="0.91" CONTENT="nom"/><SP WIDTH="25" VPOS="951" HPOS="260"/>
							<String ID="string_254" HPOS="285" VPOS="945" WIDTH="145" HEIGHT="26" WC="0.95" CONTENT="kroppsstraff"/><SP WIDTH="22" VPOS="945" HPOS="430"/>
							<String ID="string_255" HPOS="452" VPOS="945" WIDTH="58" HEIGHT="21" WC="0.96" CONTENT="skall"/><SP WIDTH="22" VPOS="945" HPOS="510"/>
							<String ID="string_256" HPOS="532" VPOS="951" WIDTH="48" HEIGHT="15" WC="0.96" CONTENT="man"/><SP WIDTH="23" VPOS="951" HPOS="580"/>
							<String ID="string_257" HPOS="603" VPOS="945" WIDTH="34" HEIGHT="21" WC="0.96" CONTENT="väl"/><SP WIDTH="20" VPOS="945" HPOS="637"/>
							<String ID="string_258" HPOS="657" VPOS="945" WIDTH="69" HEIGHT="26" WC="0.96" CONTENT="aldrig"/><SP WIDTH="19" VPOS="945" HPOS="726"/>
							<String ID="string_259" HPOS="745" VPOS="945" WIDTH="72" HEIGHT="21" WC="0.95" CONTENT="kunna"/><SP WIDTH="15" VPOS="945" HPOS="817"/>
							<String ID="string_260" HPOS="832" VPOS="945" WIDTH="84" HEIGHT="26" WC="0.96" CONTENT="hoppas"/><SP WIDTH="14" VPOS="945" HPOS="916"/>
							<String ID="string_261" HPOS="930" VPOS="945" WIDTH="34" HEIGHT="26" WC="0.96" CONTENT="pä."/><SP WIDTH="30" VPOS="945" HPOS="964"/>
							<String ID="string_262" HPOS="994" VPOS="945" WIDTH="44" HEIGHT="21" WC="0.96" CONTENT="För"/>
						</TextLine>
						<TextLine ID="line_28" HPOS="210" VPOS="973" WIDTH="826" HEIGHT="27">
							<String ID="string_263" HPOS="210" VPOS="973" WIDTH="43" HEIGHT="21" WC="0.96" CONTENT="min"/><SP WIDTH="16" VPOS="973" HPOS="253"/>
							<String ID="string_264" HPOS="269" VPOS="973" WIDTH="35" HEIGHT="21" WC="0.93" CONTENT="del"/><SP WIDTH="16" VPOS="973" HPOS="304"/>
							<String ID="string_265" HPOS="320" VPOS="973" WIDTH="68" HEIGHT="26" WC="0.96" CONTENT="hyllar"/><SP WIDTH="13" VPOS="973" HPOS="388"/>
							<String ID="string_266" HPOS="401" VPOS="973" WIDTH="38" HEIGHT="27" WC="0.93" CONTENT="jag"/><SP WIDTH="17" VPOS="973" HPOS="439"/>
							<String ID="string_267" HPOS="456" VPOS="973" WIDTH="223" HEIGHT="26" WC="0.59" CONTENT="strafflagsförslagets"/><SP WIDTH="16" VPOS="973" HPOS="679"/>
							<String ID="string_268" HPOS="695" VPOS="973" WIDTH="77" HEIGHT="21" WC="0.93" CONTENT="tankar"/><SP WIDTH="15" VPOS="973" HPOS="772"/>
							<String ID="string_269" HPOS="787" VPOS="973" WIDTH="91" HEIGHT="21" WC="0.96" CONTENT="rörande"/><SP WIDTH="12" VPOS="973" HPOS="878"/>
							<String ID="string_270" HPOS="890" VPOS="973" WIDTH="70" HEIGHT="21" WC="0.93" CONTENT="denna"/><SP WIDTH="9" VPOS="973" HPOS="960"/>
							<String ID="string_271" HPOS="969" VPOS="973" WIDTH="67" HEIGHT="26" WC="0.96" CONTENT="fråga."/>
						</TextLine>
					</TextBlock>
					<TextBlock ID="block_2" HPOS="209" VPOS="1001" WIDTH="831" HEIGHT="475">
						<TextLine ID="line_29" HPOS="278" VPOS="1001" WIDTH="759" HEIGHT="25">
							<String ID="string_272" HPOS="278" VPOS="1001" WIDTH="99" HEIGHT="21" WC="0.91" CONTENT="Provasti"/><SP WIDTH="27" VPOS="1001" HPOS="377"/>
							<String ID="string_273" HPOS="404" VPOS="1001" WIDTH="107" HEIGHT="21" WC="0.95" CONTENT="Forsman:"/><SP WIDTH="33" VPOS="1001" HPOS="511"/>
							<String ID="string_274" HPOS="544" VPOS="1001" WIDTH="50" HEIGHT="21" WC="0.93" CONTENT="Mitä"/><SP WIDTH="30" VPOS="1001" HPOS="594"/>
							<String ID="string_275" HPOS="624" VPOS="1001" WIDTH="272" HEIGHT="21" WC="0.92" CONTENT="ruumiinrankaistukseen"/><SP WIDTH="24" VPOS="1001" HPOS="896"/>
							<String ID="string_276" HPOS="920" VPOS="1001" WIDTH="65" HEIGHT="25" WC="0.96" CONTENT="tulee,"/><SP WIDTH="25" VPOS="1001" HPOS="985"/>
							<String ID="string_277" HPOS="1010" VPOS="1007" WIDTH="27" HEIGHT="15" WC="0.96" CONTENT="on"/>
						</TextLine>
						<TextLine ID="line_30" HPOS="211" VPOS="1030" WIDTH="827" HEIGHT="27">
							<String ID="string_278" HPOS="211" VPOS="1030" WIDTH="110" HEIGHT="21" WC="0.96" CONTENT="minunkin"/><SP WIDTH="16" VPOS="1030" HPOS="321"/>
							<String ID="string_279" HPOS="337" VPOS="1030" WIDTH="141" HEIGHT="27" WC="0.96" CONTENT="mielipiteeni"/><SP WIDTH="15" VPOS="1030" HPOS="478"/>
							<String ID="string_280" HPOS="493" VPOS="1030" WIDTH="54" HEIGHT="21" WC="0.96" CONTENT="siinä"/><SP WIDTH="15" VPOS="1030" HPOS="547"/>
							<String ID="string_281" HPOS="562" VPOS="1030" WIDTH="115" HEIGHT="21" WC="0.92" CONTENT="kokonaan"/><SP WIDTH="16" VPOS="1030" HPOS="677"/>
							<String ID="string_282" HPOS="693" VPOS="1030" WIDTH="72" HEIGHT="21" WC="0.92" CONTENT="eriävä"/><SP WIDTH="16" VPOS="1030" HPOS="765"/>
							<String ID="string_283" HPOS="781" VPOS="1030" WIDTH="60" HEIGHT="21" WC="0.92" CONTENT="hrain"/><SP WIDTH="16" VPOS="1030" HPOS="841"/>
							<String ID="string_284" HPOS="857" VPOS="1030" WIDTH="148" HEIGHT="26" WC="0.92" CONTENT="Rosengrenin"/><SP WIDTH="9" VPOS="1030" HPOS="1005"/>
							<String ID="string_285" HPOS="1014" VPOS="1030" WIDTH="24" HEIGHT="27" WC="0.96" CONTENT="ja"/>
						</TextLine>
						<TextLine ID="line_31" HPOS="210" VPOS="1058" WIDTH="828" HEIGHT="26">
							<String ID="string_286" HPOS="210" VPOS="1058" WIDTH="123" HEIGHT="21" WC="0.96" CONTENT="Kihlmanin"/><SP WIDTH="16" VPOS="1058" HPOS="333"/>
							<String ID="string_287" HPOS="349" VPOS="1058" WIDTH="53" HEIGHT="21" WC="0.96" CONTENT="sekä"/><SP WIDTH="12" VPOS="1058" HPOS="402"/>
							<String ID="string_288" HPOS="414" VPOS="1058" WIDTH="127" HEIGHT="26" WC="0.93" CONTENT="Sahlbergin"/><SP WIDTH="8" VPOS="1058" HPOS="541"/>
							<String ID="string_289" HPOS="549" VPOS="1058" WIDTH="214" HEIGHT="21" WC="0.86" CONTENT="katsantokannasta."/><SP WIDTH="24" VPOS="1058" HPOS="763"/>
							<String ID="string_290" HPOS="787" VPOS="1058" WIDTH="251" HEIGHT="21" WC="0.92" CONTENT="Ruumiinrankaistusta"/>
						</TextLine>
						<TextLine ID="line_32" HPOS="211" VPOS="1086" WIDTH="826" HEIGHT="27">
							<String ID="string_291" HPOS="211" VPOS="1093" WIDTH="26" HEIGHT="14" WC="0.96" CONTENT="en"/><SP WIDTH="23" VPOS="1093" HPOS="237"/>
							<String ID="string_292" HPOS="260" VPOS="1087" WIDTH="33" HEIGHT="20" WC="0.96" CONTENT="voi"/><SP WIDTH="23" VPOS="1087" HPOS="293"/>
							<String ID="string_293" HPOS="316" VPOS="1087" WIDTH="110" HEIGHT="26" WC="0.96" CONTENT="hyväksyä"/><SP WIDTH="22" VPOS="1087" HPOS="426"/>
							<String ID="string_294" HPOS="448" VPOS="1087" WIDTH="94" HEIGHT="20" WC="0.96" CONTENT="missään"/><SP WIDTH="20" VPOS="1087" HPOS="542"/>
							<String ID="string_295" HPOS="562" VPOS="1087" WIDTH="123" HEIGHT="20" WC="0.96" CONTENT="muodossa."/><SP WIDTH="30" VPOS="1087" HPOS="685"/>
							<String ID="string_296" HPOS="715" VPOS="1086" WIDTH="28" HEIGHT="21" WC="0.94" CONTENT="Ja"/><SP WIDTH="12" VPOS="1086" HPOS="743"/>
							<String ID="string_297" HPOS="755" VPOS="1087" WIDTH="57" HEIGHT="26" WC="0.94" CONTENT="juuri"/><SP WIDTH="18" VPOS="1087" HPOS="812"/>
							<String ID="string_298" HPOS="830" VPOS="1087" WIDTH="117" HEIGHT="21" WC="0.96" CONTENT="sentähden"/><SP WIDTH="18" VPOS="1087" HPOS="947"/>
							<String ID="string_299" HPOS="965" VPOS="1086" WIDTH="72" HEIGHT="22" WC="0.96" CONTENT="luulen"/>
						</TextLine>
						<TextLine ID="line_33" HPOS="210" VPOS="1114" WIDTH="828" HEIGHT="27">
							<String ID="string_300" HPOS="210" VPOS="1115" WIDTH="83" HEIGHT="20" WC="0.93" CONTENT="voivani"/><SP WIDTH="23" VPOS="1115" HPOS="293"/>
							<String ID="string_301" HPOS="316" VPOS="1115" WIDTH="113" HEIGHT="21" WC="0.90" CONTENT="tervehtää"/><SP WIDTH="20" VPOS="1115" HPOS="429"/>
							<String ID="string_302" HPOS="449" VPOS="1115" WIDTH="55" HEIGHT="20" WC="0.96" CONTENT="ilolla"/><SP WIDTH="19" VPOS="1115" HPOS="504"/>
							<String ID="string_303" HPOS="523" VPOS="1115" WIDTH="21" HEIGHT="26" WC="0.93" CONTENT="ja"/><SP WIDTH="16" VPOS="1115" HPOS="544"/>
							<String ID="string_304" HPOS="560" VPOS="1114" WIDTH="179" HEIGHT="27" WC="0.92" CONTENT="mieltymyksellä"/><SP WIDTH="16" VPOS="1114" HPOS="739"/>
							<String ID="string_305" HPOS="755" VPOS="1116" WIDTH="46" HEIGHT="19" WC="0.96" CONTENT="tätä"/><SP WIDTH="15" VPOS="1116" HPOS="801"/>
							<String ID="string_306" HPOS="816" VPOS="1116" WIDTH="63" HEIGHT="19" WC="0.93" CONTENT="uutta"/><SP WIDTH="15" VPOS="1116" HPOS="879"/>
							<String ID="string_307" HPOS="894" VPOS="1115" WIDTH="144" HEIGHT="21" WC="0.93" CONTENT="rikoslakieh-"/>
						</TextLine>
						<TextLine ID="line_34" HPOS="211" VPOS="1143" WIDTH="827" HEIGHT="27">
							<String ID="string_308" HPOS="211" VPOS="1143" WIDTH="94" HEIGHT="21" WC="0.88" CONTENT="dotusta."/><SP WIDTH="31" VPOS="1143" HPOS="305"/>
							<String ID="string_309" HPOS="336" VPOS="1143" WIDTH="166" HEIGHT="21" WC="0.79" CONTENT="Vakuutukseni"/><SP WIDTH="26" VPOS="1143" HPOS="502"/>
							<String ID="string_310" HPOS="528" VPOS="1149" WIDTH="27" HEIGHT="15" WC="0.96" CONTENT="on"/><SP WIDTH="26" VPOS="1149" HPOS="555"/>
							<String ID="string_311" HPOS="581" VPOS="1149" WIDTH="29" HEIGHT="20" WC="0.95" CONTENT="se,"/><SP WIDTH="25" VPOS="1149" HPOS="610"/>
							<String ID="string_312" HPOS="635" VPOS="1145" WIDTH="46" HEIGHT="19" WC="0.96" CONTENT="että"/><SP WIDTH="18" VPOS="1145" HPOS="681"/>
							<String ID="string_313" HPOS="699" VPOS="1143" WIDTH="33" HEIGHT="27" WC="0.96" CONTENT="jos"/><SP WIDTH="21" VPOS="1143" HPOS="732"/>
							<String ID="string_314" HPOS="753" VPOS="1145" WIDTH="58" HEIGHT="19" WC="0.96" CONTENT="tämä"/><SP WIDTH="14" VPOS="1145" HPOS="811"/>
							<String ID="string_315" HPOS="825" VPOS="1143" WIDTH="137" HEIGHT="21" WC="0.96" CONTENT="lakiehdotus"/><SP WIDTH="17" VPOS="1143" HPOS="962"/>
							<String ID="string_316" HPOS="979" VPOS="1143" WIDTH="59" HEIGHT="21" WC="0.96" CONTENT="tulee"/>
						</TextLine>
						<TextLine ID="line_35" HPOS="209" VPOS="1171" WIDTH="829" HEIGHT="27">
							<String ID="string_317" HPOS="209" VPOS="1171" WIDTH="160" HEIGHT="27" WC="0.96" CONTENT="hyväksytyksi;"/><SP WIDTH="24" VPOS="1171" HPOS="369"/>
							<String ID="string_318" HPOS="393" VPOS="1171" WIDTH="43" HEIGHT="26" WC="0.96" CONTENT="niin"/><SP WIDTH="22" VPOS="1171" HPOS="436"/>
							<String ID="string_319" HPOS="458" VPOS="1171" WIDTH="92" HEIGHT="21" WC="0.96" CONTENT="Suomen"/><SP WIDTH="20" VPOS="1171" HPOS="550"/>
							<String ID="string_320" HPOS="570" VPOS="1171" WIDTH="68" HEIGHT="21" WC="0.96" CONTENT="kansa"/><SP WIDTH="17" VPOS="1171" HPOS="638"/>
							<String ID="string_321" HPOS="655" VPOS="1173" WIDTH="64" HEIGHT="19" WC="0.96" CONTENT="astuu"/><SP WIDTH="16" VPOS="1173" HPOS="719"/>
							<String ID="string_322" HPOS="735" VPOS="1171" WIDTH="89" HEIGHT="21" WC="0.96" CONTENT="samalla"/><SP WIDTH="15" VPOS="1171" HPOS="824"/>
							<String ID="string_323" HPOS="839" VPOS="1177" WIDTH="80" HEIGHT="15" WC="0.96" CONTENT="suuren"/><SP WIDTH="17" VPOS="1177" HPOS="919"/>
							<String ID="string_324" HPOS="936" VPOS="1171" WIDTH="102" HEIGHT="21" WC="0.96" CONTENT="askeleen"/>
						</TextLine>
						<TextLine ID="line_36" HPOS="211" VPOS="1199" WIDTH="828" HEIGHT="27">
							<String ID="string_325" HPOS="211" VPOS="1200" WIDTH="114" HEIGHT="26" WC="0.95" CONTENT="eteenpäin"/><SP WIDTH="24" VPOS="1200" HPOS="325"/>
							<String ID="string_326" HPOS="349" VPOS="1200" WIDTH="129" HEIGHT="26" WC="0.95" CONTENT="sivistyksen"/><SP WIDTH="22" VPOS="1200" HPOS="478"/>
							<String ID="string_327" HPOS="500" VPOS="1200" WIDTH="68" HEIGHT="20" WC="0.91" CONTENT="tiellä."/><SP WIDTH="29" VPOS="1200" HPOS="568"/>
							<String ID="string_328" HPOS="597" VPOS="1199" WIDTH="83" HEIGHT="21" WC="0.96" CONTENT="Luulen"/><SP WIDTH="19" VPOS="1199" HPOS="680"/>
							<String ID="string_329" HPOS="699" VPOS="1205" WIDTH="44" HEIGHT="20" WC="0.96" CONTENT="sen,"/><SP WIDTH="18" VPOS="1205" HPOS="743"/>
							<String ID="string_330" HPOS="761" VPOS="1201" WIDTH="45" HEIGHT="20" WC="0.93" CONTENT="että"/><SP WIDTH="16" VPOS="1201" HPOS="806"/>
							<String ID="string_331" HPOS="822" VPOS="1200" WIDTH="217" HEIGHT="20" WC="0.92" CONTENT="ruumiinrankaistus"/>
						</TextLine>
						<TextLine ID="line_37" HPOS="210" VPOS="1228" WIDTH="828" HEIGHT="26">
							<String ID="string_332" HPOS="210" VPOS="1228" WIDTH="81" HEIGHT="21" WC="0.96" CONTENT="useasti"/><SP WIDTH="17" VPOS="1228" HPOS="291"/>
							<String ID="string_333" HPOS="308" VPOS="1230" WIDTH="111" HEIGHT="19" WC="0.93" CONTENT="enemmän"/><SP WIDTH="15" VPOS="1230" HPOS="419"/>
							<String ID="string_334" HPOS="434" VPOS="1228" WIDTH="121" HEIGHT="26" WC="0.92" CONTENT="paaduttaa"/><SP WIDTH="15" VPOS="1228" HPOS="555"/>
							<String ID="string_335" HPOS="570" VPOS="1228" WIDTH="93" HEIGHT="24" WC="0.96" CONTENT="ihmistä,"/><SP WIDTH="16" VPOS="1228" HPOS="663"/>
							<String ID="string_336" HPOS="679" VPOS="1228" WIDTH="75" HEIGHT="20" WC="0.96" CONTENT="taikka"/><SP WIDTH="13" VPOS="1228" HPOS="754"/>
							<String ID="string_337" HPOS="767" VPOS="1228" WIDTH="85" HEIGHT="20" WC="0.96" CONTENT="taaskin"/><SP WIDTH="14" VPOS="1228" HPOS="852"/>
							<String ID="string_338" HPOS="866" VPOS="1228" WIDTH="33" HEIGHT="26" WC="0.96" CONTENT="jos"/><SP WIDTH="17" VPOS="1228" HPOS="899"/>
							<String ID="string_339" HPOS="916" VPOS="1228" WIDTH="19" HEIGHT="21" WC="0.96" CONTENT="ei"/><SP WIDTH="18" VPOS="1228" HPOS="935"/>
							<String ID="string_340" HPOS="953" VPOS="1234" WIDTH="23" HEIGHT="15" WC="0.91" CONTENT="se"/><SP WIDTH="11" VPOS="1234" HPOS="976"/>
							<String ID="string_341" HPOS="987" VPOS="1234" WIDTH="51" HEIGHT="20" WC="0.91" CONTENT="paa-"/>
						</TextLine>
						<TextLine ID="line_38" HPOS="211" VPOS="1256" WIDTH="827" HEIGHT="27">
							<String ID="string_342" HPOS="211" VPOS="1257" WIDTH="58" HEIGHT="25" WC="0.91" CONTENT="duta,"/><SP WIDTH="24" VPOS="1257" HPOS="269"/>
							<String ID="string_343" HPOS="293" VPOS="1257" WIDTH="43" HEIGHT="20" WC="0.95" CONTENT="niin"/><SP WIDTH="24" VPOS="1257" HPOS="336"/>
							<String ID="string_344" HPOS="360" VPOS="1263" WIDTH="23" HEIGHT="14" WC="0.96" CONTENT="se"/><SP WIDTH="21" VPOS="1263" HPOS="383"/>
							<String ID="string_345" HPOS="404" VPOS="1256" WIDTH="117" HEIGHT="22" WC="0.96" CONTENT="liiallisesti"/><SP WIDTH="22" VPOS="1256" HPOS="521"/>
							<String ID="string_346" HPOS="543" VPOS="1258" WIDTH="112" HEIGHT="20" WC="0.95" CONTENT="masentaa"/><SP WIDTH="18" VPOS="1258" HPOS="655"/>
							<String ID="string_347" HPOS="673" VPOS="1257" WIDTH="73" HEIGHT="25" WC="0.96" CONTENT="häntä,"/><SP WIDTH="17" VPOS="1257" HPOS="746"/>
							<String ID="string_348" HPOS="763" VPOS="1257" WIDTH="48" HEIGHT="20" WC="0.97" CONTENT="sillä"/><SP WIDTH="16" VPOS="1257" HPOS="811"/>
							<String ID="string_349" HPOS="827" VPOS="1257" WIDTH="101" HEIGHT="25" WC="0.96" CONTENT="monikin,"/><SP WIDTH="14" VPOS="1257" HPOS="928"/>
							<String ID="string_350" HPOS="942" VPOS="1257" WIDTH="53" HEIGHT="26" WC="0.96" CONTENT="joka"/><SP WIDTH="15" VPOS="1257" HPOS="995"/>
							<String ID="string_351" HPOS="1010" VPOS="1262" WIDTH="28" HEIGHT="15" WC="0.96" CONTENT="on"/>
						</TextLine>
						<TextLine ID="line_39" HPOS="209" VPOS="1285" WIDTH="829" HEIGHT="27">
							<String ID="string_352" HPOS="209" VPOS="1285" WIDTH="97" HEIGHT="27" WC="0.93" CONTENT="kärsinyt"/><SP WIDTH="16" VPOS="1285" HPOS="306"/>
							<String ID="string_353" HPOS="322" VPOS="1285" WIDTH="268" HEIGHT="26" WC="0.91" CONTENT="ruumiinrankaistuksen,"/><SP WIDTH="12" VPOS="1285" HPOS="590"/>
							<String ID="string_354" HPOS="602" VPOS="1285" WIDTH="60" HEIGHT="26" WC="0.96" CONTENT="pitää"/><SP WIDTH="10" VPOS="1285" HPOS="662"/>
							<String ID="string_355" HPOS="672" VPOS="1285" WIDTH="83" HEIGHT="21" WC="0.93" CONTENT="itsensä"/><SP WIDTH="12" VPOS="1285" HPOS="755"/>
							<String ID="string_356" HPOS="767" VPOS="1287" WIDTH="163" HEIGHT="19" WC="0.92" CONTENT="saastutettuna"/><SP WIDTH="9" VPOS="1287" HPOS="930"/>
							<String ID="string_357" HPOS="939" VPOS="1285" WIDTH="99" HEIGHT="21" WC="0.92" CONTENT="semmoi-"/>
						</TextLine>
						<TextLine ID="line_40" HPOS="211" VPOS="1312" WIDTH="827" HEIGHT="27">
							<String ID="string_358" HPOS="211" VPOS="1312" WIDTH="54" HEIGHT="21" WC="0.91" CONTENT="sellä"/><SP WIDTH="24" VPOS="1312" HPOS="265"/>
							<String ID="string_359" HPOS="289" VPOS="1312" WIDTH="169" HEIGHT="27" WC="0.91" CONTENT="häpeäpilkulla,"/><SP WIDTH="22" VPOS="1312" HPOS="458"/>
							<String ID="string_360" HPOS="480" VPOS="1312" WIDTH="60" HEIGHT="22" WC="0.96" CONTENT="ett&#39;ei"/><SP WIDTH="15" VPOS="1312" HPOS="540"/>
							<String ID="string_361" HPOS="555" VPOS="1313" WIDTH="41" HEIGHT="20" WC="0.96" CONTENT="hän"/><SP WIDTH="15" VPOS="1313" HPOS="596"/>
							<String ID="string_362" HPOS="611" VPOS="1313" WIDTH="64" HEIGHT="26" WC="0.96" CONTENT="jaksa"/><SP WIDTH="16" VPOS="1313" HPOS="675"/>
							<String ID="string_363" HPOS="691" VPOS="1313" WIDTH="96" HEIGHT="20" WC="0.96" CONTENT="koskaan"/><SP WIDTH="16" VPOS="1313" HPOS="787"/>
							<String ID="string_364" HPOS="803" VPOS="1313" WIDTH="81" HEIGHT="20" WC="0.96" CONTENT="kohota"/><SP WIDTH="16" VPOS="1313" HPOS="884"/>
							<String ID="string_365" HPOS="900" VPOS="1312" WIDTH="138" HEIGHT="27" WC="0.96" CONTENT="paremmalle"/>
						</TextLine>
						<TextLine ID="line_41" HPOS="210" VPOS="1341" WIDTH="829" HEIGHT="27">
							<String ID="string_366" HPOS="210" VPOS="1341" WIDTH="67" HEIGHT="26" WC="0.96" CONTENT="tielle,"/><SP WIDTH="17" VPOS="1341" HPOS="277"/>
							<String ID="string_367" HPOS="294" VPOS="1341" WIDTH="48" HEIGHT="21" WC="0.96" CONTENT="sillä"/><SP WIDTH="16" VPOS="1341" HPOS="342"/>
							<String ID="string_368" HPOS="358" VPOS="1341" WIDTH="42" HEIGHT="21" WC="0.96" CONTENT="hän"/><SP WIDTH="16" VPOS="1341" HPOS="400"/>
							<String ID="string_369" HPOS="416" VPOS="1341" WIDTH="60" HEIGHT="26" WC="0.96" CONTENT="pitää"/><SP WIDTH="15" VPOS="1341" HPOS="476"/>
							<String ID="string_370" HPOS="491" VPOS="1341" WIDTH="84" HEIGHT="21" WC="0.96" CONTENT="itseään"/><SP WIDTH="16" VPOS="1341" HPOS="575"/>
							<String ID="string_371" HPOS="591" VPOS="1341" WIDTH="99" HEIGHT="21" WC="0.93" CONTENT="ihmisten"/><SP WIDTH="18" VPOS="1341" HPOS="690"/>
							<String ID="string_372" HPOS="708" VPOS="1341" WIDTH="143" HEIGHT="26" WC="0.92" CONTENT="hylkäämänä"/><SP WIDTH="14" VPOS="1341" HPOS="851"/>
							<String ID="string_373" HPOS="865" VPOS="1341" WIDTH="21" HEIGHT="27" WC="0.95" CONTENT="ja"/><SP WIDTH="15" VPOS="1341" HPOS="886"/>
							<String ID="string_374" HPOS="901" VPOS="1341" WIDTH="48" HEIGHT="26" WC="0.93" CONTENT="ylen"/><SP WIDTH="16" VPOS="1341" HPOS="949"/>
							<String ID="string_375" HPOS="965" VPOS="1341" WIDTH="74" HEIGHT="21" WC="0.92" CONTENT="katso-"/>
						</TextLine>
						<TextLine ID="line_42" HPOS="212" VPOS="1369" WIDTH="827" HEIGHT="27">
							<String ID="string_376" HPOS="212" VPOS="1376" WIDTH="66" HEIGHT="14" WC="0.90" CONTENT="mana."/><SP WIDTH="32" VPOS="1376" HPOS="278"/>
							<String ID="string_377" HPOS="310" VPOS="1369" WIDTH="174" HEIGHT="27" WC="0.85" CONTENT="Ulkomaillakin,"/><SP WIDTH="16" VPOS="1369" HPOS="484"/>
							<String ID="string_378" HPOS="500" VPOS="1370" WIDTH="115" HEIGHT="26" WC="0.96" CONTENT="Euroopan"/><SP WIDTH="10" VPOS="1370" HPOS="615"/>
							<String ID="string_379" HPOS="625" VPOS="1370" WIDTH="174" HEIGHT="26" WC="0.96" CONTENT="sivistysmaissa,"/><SP WIDTH="12" VPOS="1370" HPOS="799"/>
							<String ID="string_380" HPOS="811" VPOS="1375" WIDTH="25" HEIGHT="15" WC="0.96" CONTENT="on"/><SP WIDTH="11" VPOS="1375" HPOS="836"/>
							<String ID="string_381" HPOS="847" VPOS="1369" WIDTH="130" HEIGHT="22" WC="0.93" CONTENT="luullakseni"/><SP WIDTH="11" VPOS="1369" HPOS="977"/>
							<String ID="string_382" HPOS="988" VPOS="1376" WIDTH="51" HEIGHT="14" WC="0.92" CONTENT="ruu-"/>
						</TextLine>
						<TextLine ID="line_43" HPOS="211" VPOS="1399" WIDTH="829" HEIGHT="26">
							<String ID="string_383" HPOS="211" VPOS="1399" WIDTH="175" HEIGHT="20" WC="0.92" CONTENT="miinrankaistus"/><SP WIDTH="22" VPOS="1399" HPOS="386"/>
							<String ID="string_384" HPOS="408" VPOS="1399" WIDTH="20" HEIGHT="26" WC="0.96" CONTENT="jo"/><SP WIDTH="26" VPOS="1399" HPOS="428"/>
							<String ID="string_385" HPOS="454" VPOS="1399" WIDTH="71" HEIGHT="26" WC="0.95" CONTENT="aikoja"/><SP WIDTH="22" VPOS="1399" HPOS="525"/>
							<String ID="string_386" HPOS="547" VPOS="1399" WIDTH="51" HEIGHT="21" WC="0.96" CONTENT="sitte"/><SP WIDTH="20" VPOS="1399" HPOS="598"/>
							<String ID="string_387" HPOS="618" VPOS="1399" WIDTH="113" HEIGHT="26" WC="0.96" CONTENT="poistettu,"/><SP WIDTH="14" VPOS="1399" HPOS="731"/>
							<String ID="string_388" HPOS="745" VPOS="1399" WIDTH="24" HEIGHT="26" WC="0.97" CONTENT="ja"/><SP WIDTH="11" VPOS="1399" HPOS="769"/>
							<String ID="string_389" HPOS="780" VPOS="1399" WIDTH="34" HEIGHT="26" WC="0.97" CONTENT="jos"/><SP WIDTH="16" VPOS="1399" HPOS="814"/>
							<String ID="string_390" HPOS="830" VPOS="1399" WIDTH="43" HEIGHT="20" WC="0.96" CONTENT="sitä"/><SP WIDTH="16" VPOS="1399" HPOS="873"/>
							<String ID="string_391" HPOS="889" VPOS="1399" WIDTH="92" HEIGHT="20" WC="0.96" CONTENT="voidaan"/><SP WIDTH="16" VPOS="1399" HPOS="981"/>
							<String ID="string_392" HPOS="997" VPOS="1399" WIDTH="43" HEIGHT="20" WC="0.96" CONTENT="olla"/>
						</TextLine>
						<TextLine ID="line_44" HPOS="210" VPOS="1427" WIDTH="829" HEIGHT="27">
							<String ID="string_393" HPOS="210" VPOS="1427" WIDTH="64" HEIGHT="21" WC="0.92" CONTENT="vailla"/><SP WIDTH="23" VPOS="1427" HPOS="274"/>
							<String ID="string_394" HPOS="297" VPOS="1428" WIDTH="81" HEIGHT="20" WC="0.95" CONTENT="muissa"/><SP WIDTH="13" VPOS="1428" HPOS="378"/>
							<String ID="string_395" HPOS="391" VPOS="1428" WIDTH="119" HEIGHT="26" WC="0.96" CONTENT="Euroopan"/><SP WIDTH="15" VPOS="1428" HPOS="510"/>
							<String ID="string_396" HPOS="525" VPOS="1428" WIDTH="172" HEIGHT="26" WC="0.96" CONTENT="sivistysmaissa,"/><SP WIDTH="17" VPOS="1428" HPOS="697"/>
							<String ID="string_397" HPOS="714" VPOS="1428" WIDTH="43" HEIGHT="20" WC="0.96" CONTENT="niin"/><SP WIDTH="17" VPOS="1428" HPOS="757"/>
							<String ID="string_398" HPOS="774" VPOS="1434" WIDTH="26" HEIGHT="15" WC="0.97" CONTENT="en"/><SP WIDTH="15" VPOS="1434" HPOS="800"/>
							<String ID="string_399" HPOS="815" VPOS="1427" WIDTH="59" HEIGHT="22" WC="0.96" CONTENT="luule"/><SP WIDTH="15" VPOS="1427" HPOS="874"/>
							<String ID="string_400" HPOS="889" VPOS="1428" WIDTH="43" HEIGHT="20" WC="0.93" CONTENT="sitä"/><SP WIDTH="15" VPOS="1428" HPOS="932"/>
							<String ID="string_401" HPOS="947" VPOS="1427" WIDTH="92" HEIGHT="27" WC="0.93" CONTENT="tarpeel-"/>
						</TextLine>
						<TextLine ID="line_45" HPOS="211" VPOS="1454" WIDTH="398" HEIGHT="22">
							<String ID="string_402" HPOS="211" VPOS="1454" WIDTH="73" HEIGHT="22" WC="0.92" CONTENT="liseksi"/><SP WIDTH="17" VPOS="1454" HPOS="284"/>
							<String ID="string_403" HPOS="301" VPOS="1455" WIDTH="143" HEIGHT="21" WC="0.93" CONTENT="meidänkään"/><SP WIDTH="16" VPOS="1455" HPOS="444"/>
							<String ID="string_404" HPOS="460" VPOS="1461" WIDTH="149" HEIGHT="15" WC="0.96" CONTENT="maassamme."/>
						</TextLine>
					</TextBlock>
					<TextBlock ID="block_3" HPOS="211" VPOS="1483" WIDTH="829" HEIGHT="55">
						<TextLine ID="line_46" HPOS="279" VPOS="1483" WIDTH="760" HEIGHT="26">
							<String ID="string_405" HPOS="279" VPOS="1483" WIDTH="100" HEIGHT="21" WC="0.92" CONTENT="Provasti"/><SP WIDTH="21" VPOS="1483" HPOS="379"/>
							<String ID="string_406" HPOS="400" VPOS="1483" WIDTH="104" HEIGHT="21" WC="0.89" CONTENT="Järvinen:"/><SP WIDTH="13" VPOS="1483" HPOS="504"/>
							<String ID="string_407" HPOS="517" VPOS="1479" WIDTH="11" HEIGHT="34" WC="0.67" CONTENT="."/><SP WIDTH="6" VPOS="1479" HPOS="528"/>
							<String ID="string_408" HPOS="534" VPOS="1483" WIDTH="68" HEIGHT="21" WC="0.96" CONTENT="Tässä"/><SP WIDTH="23" VPOS="1483" HPOS="602"/>
							<String ID="string_409" HPOS="625" VPOS="1489" WIDTH="27" HEIGHT="15" WC="0.96" CONTENT="on"/><SP WIDTH="24" VPOS="1489" HPOS="652"/>
							<String ID="string_410" HPOS="676" VPOS="1483" WIDTH="104" HEIGHT="26" WC="0.96" CONTENT="lausuttu,"/><SP WIDTH="24" VPOS="1483" HPOS="780"/>
							<String ID="string_411" HPOS="804" VPOS="1485" WIDTH="45" HEIGHT="19" WC="0.93" CONTENT="että"/><SP WIDTH="22" VPOS="1485" HPOS="849"/>
							<String ID="string_412" HPOS="871" VPOS="1483" WIDTH="168" HEIGHT="21" WC="0.92" CONTENT="rankaistuksen"/>
						</TextLine>
						<TextLine ID="line_47" HPOS="211" VPOS="1511" WIDTH="829" HEIGHT="27">
							<String ID="string_413" HPOS="211" VPOS="1511" WIDTH="208" HEIGHT="26" WC="0.96" CONTENT="päätarkoituksena"/><SP WIDTH="22" VPOS="1511" HPOS="419"/>
							<String ID="string_414" HPOS="441" VPOS="1511" WIDTH="57" HEIGHT="21" WC="0.96" CONTENT="tulee"/><SP WIDTH="17" VPOS="1511" HPOS="498"/>
							<String ID="string_415" HPOS="515" VPOS="1511" WIDTH="42" HEIGHT="21" WC="0.93" CONTENT="olla"/><SP WIDTH="14" VPOS="1511" HPOS="557"/>
							<String ID="string_416" HPOS="571" VPOS="1511" WIDTH="153" HEIGHT="21" WC="0.92" CONTENT="rankaistavan"/><SP WIDTH="15" VPOS="1511" HPOS="724"/>
							<String ID="string_417" HPOS="739" VPOS="1517" WIDTH="116" HEIGHT="21" WC="0.95" CONTENT="parannus."/><SP WIDTH="30" VPOS="1517" HPOS="855"/>
							<String ID="string_418" HPOS="885" VPOS="1511" WIDTH="49" HEIGHT="21" WC="0.95" CONTENT="Kun"/><SP WIDTH="16" VPOS="1511" HPOS="934"/>
							<String ID="string_419" HPOS="950" VPOS="1518" WIDTH="27" HEIGHT="14" WC="0.96" CONTENT="en"/><SP WIDTH="15" VPOS="1518" HPOS="977"/>
							<String ID="string_420" HPOS="992" VPOS="1513" WIDTH="48" HEIGHT="19" WC="0.96" CONTENT="tätä"/>
						</TextLine>
					</TextBlock>
				</ComposedBlock>
				<Illustration ID="cblock_2" HPOS="339" VPOS="1774" WIDTH="145" HEIGHT="28"></Illustration>
			</PrintSpace>
		</Page>
	</Layout>
</alto>
