1130 1814
419 159 81 18 Toukok.
517 158 26 19 16
560 165 18 17 p.
643 163 3 1 ”
825 160 56 20 1327

79 223 71 24 stuga.
172 221 32 21 På
218 221 109 26 tillfrågan
342 221 86 21 hvarför
442 221 45 21 han
502 221 75 27 gjorde
593 221 43 25 det,
653 221 91 21 svarade
758 221 50 26 han,
824 223 32 19 att
866 221 43 21 han

79 249 97 22 önskade
193 250 30 26 sig
240 250 38 20 tak
294 249 59 22 öfver
368 249 106 22 hufvudet
489 249 34 22 för
538 250 71 26 någon
626 249 34 21 del
676 249 22 21 af
711 250 84 21 vintern
811 250 39 21 och
867 249 42 21 bad

76 278 79 21 husets
170 278 102 21 invånare
287 278 127 21 underrätta
430 280 74 19 ortens
518 278 236 26 befallningshafvande
771 280 38 23 att,
822 284 34 15 om
866 278 43 21 han

76 307 50 21 icke
148 306 33 22 för
204 306 70 21 denna
294 307 89 26 gerning
399 307 82 26 slipper
496 307 33 20 till
544 307 85 20 Kakola
645 318 27 3 —
688 307 72 20 såsom
777 306 66 21 orden
858 306 51 22 föllo

80 334 31 26 sig
128 345 25 3 —
171 334 26 21 så
212 334 66 21 hittar
294 334 42 21 han
352 340 41 20 nog
409 334 27 27 på
454 336 33 19 att
502 336 51 24 göra
569 334 66 26 något
646 336 65 19 annat
722 334 32 21 för
765 336 32 19 att
807 334 23 21 få
840 334 70 27 skydd

78 362 34 22 för
129 363 89 21 vintern.
240 362 81 22 Derför
335 364 46 19 tror
394 363 38 26 jag
447 364 33 19 att
496 362 224 27 straffbestämningen
736 369 38 14 sex
788 362 120 21 månader
895 358 16 36 i

79 391 70 21 denna
164 391 102 27 paragraf
280 392 123 26 egentligen
418 392 47 21 icke
481 392 42 20 blir
533 392 67 26 något
609 391 65 26 straff,
688 393 49 19 utan
747 393 93 20 tvärtom
849 392 59 20 kom-

78 426 46 14 mer
139 421 33 19 att
187 419 71 21 helsas
275 419 47 21 med
338 419 139 21 tacksamhet
492 419 23 21 af
528 419 98 26 mången,
642 425 46 15 som
704 419 79 21 önskar
797 419 71 27 skydd
875 419 34 21 för

78 448 91 21 vintern.
191 448 42 26 Jag
249 448 39 21 har
302 448 48 21 icke
367 448 67 21 heller
449 448 67 26 något
531 447 80 27 förslag
628 450 30 19 att
670 449 58 25 göra,
740 448 66 21 sedan
817 448 91 26 kropps-

80 482 52 19 agan
149 482 89 15 numera
254 475 68 22 blifvit
338 475 90 22 utdömd
443 475 36 22 vid
491 475 173 22 bestämmandet
675 475 20 21 af
704 475 67 27 straff,
782 482 45 14 men
838 476 71 20 skulle

78 511 67 19 gerna
160 506 44 19 sett
220 506 33 19 att
267 504 72 26 någon
355 511 70 14 annan
441 504 114 21 alternativ
570 504 200 26 straffbestämning
785 504 40 21 här
839 504 70 21 blifvit

78 533 76 26 införd,
171 539 47 15 som
233 533 110 26 verkligen
359 533 70 21 skulle
444 533 66 21 blifva
526 535 32 19 ett
574 533 66 21 straff.

147 561 120 21 Professori
291 561 108 21 Forsman:
431 562 31 20 En
484 561 57 21 minä
562 561 71 21 oikein
648 563 143 25 ymmärtänyt
808 561 113 21 edellistä”

79 589 98 21 arvoisaa
198 589 102 27 puhujaa,
324 589 127 21 tarkoittiko
474 589 43 21 hän
535 591 42 19 että
593 589 125 21 rankaistus
735 589 25 21 oli
777 589 51 21 liian
843 589 64 21 lievä.

77 618 85 21 Arvaan
185 619 46 19 että
253 618 44 20 niin
314 618 34 21 oli.
379 618 58 20 Minä
452 618 107 26 pyytäisin
574 617 122 21 sentähden
710 618 65 27 asian
786 618 122 21 valaisemi-

79 646 58 21 seksi
155 646 67 21 saada
237 646 95 25 mainita,
350 646 49 21 mitä
417 648 96 19 samasta
529 646 123 21 rikoksesta
668 652 26 15 on
710 648 108 25 määrätty
833 646 74 27 nykyi-

79 677 61 19 sessä
155 675 72 21 laissa.
251 675 24 21 R.
293 675 25 21 K.
336 676 26 19 20
378 675 65 21 luvun
460 677 11 19 6
487 674 58 27 $:ssä
561 677 116 19 sanotaan:
695 691 10 10 ,
709 675 79 21 Kastar
804 675 71 26 någon
886 675 21 21 in

78 703 5 21 i
101 709 77 15 annars
194 709 61 15 mans
270 703 48 25 hus,
336 703 51 26 gärd
404 703 51 21 eller
471 702 89 26 farkost,
577 705 55 23 sten,
649 703 64 26 stäng
728 703 52 21 eller
796 705 72 23 annat,
885 705 23 19 at

78 731 99 21 thermed
192 731 68 21 skada
275 732 67 26 giöra,
356 732 54 21 böte
424 731 43 21 fem
483 731 80 21 daler'.

147 760 85 21 Pastori
244 759 139 21 Westerlund:
399 759 41 27 Jag
457 766 63 14 anser
535 760 47 21 icke
599 761 33 19 att
647 759 227 27 straffbestämningen
883 762 24 18 är

78 787 33 22 för
125 788 43 26 läg,
184 794 48 14 men
248 787 41 21 den
306 789 119 20 motsvarar
439 788 49 20 icke
504 787 37 21 det
557 787 89 21 afsedda
662 787 129 21 ändamälet.

147 816 98 21 Provasti
261 816 105 21 Sandelin:
389 816 83 21 Sädana
489 816 103 27 exempel,
611 822 44 15 som
671 816 39 21 här
723 816 47 27 just
785 816 84 21 anförts
886 816 23 21 af

79 846 73 25 pastor
173 844 144 27 Westerlund,
336 845 70 20 kunna
423 845 33 21 väl
472 844 91 26 inträffa,
579 851 49 14 men
643 851 43 20 nog
702 851 62 14 anser
778 845 37 26 jag
832 846 33 19 att
880 844 27 21 de

79 875 37 19 äro
133 873 89 21 alldeles
237 872 159 27 undantagsfall
412 873 42 21 och
470 875 33 19 att
517 873 39 21 det
569 873 48 21 icke
633 873 61 21 lönar
708 873 78 21 mödan
803 875 32 19 att
845 872 62 22 stifta

79 901 34 26 lag
136 901 33 21 för
191 901 81 21 sädana
294 901 165 26 undantagsfall.
490 901 78 21 Derför
588 901 125 26 godkänner
727 901 35 27 jag
778 901 127 27 paragrafen

79 929 68 21 sädan
164 929 38 21 den
220 931 28 19 är.

147 975 149 21 Keskustelun
310 975 101 26 loputtua
425 975 147 27 hyväksyttiin
587 975 78 27 pykälä
680 976 159 20 muuttamatta.

147 1027 13 19 4
175 1025 21 27 ja
212 1027 11 19 5
240 1025 26 27 $$
281 1025 146 27 hyväksyttiin
443 1025 167 21 keskustelutta.

430 1094 26 20 25
473 1093 74 21 Luku:

149 1139 53 20 1—3
218 1137 23 27 $$
256 1138 145 27 hyväksyttiin
416 1138 169 21 keskustelutta.

468 1198 47 29 48.

145 1239 147 21 Kirkkoherra
306 1239 101 26 Tallgren:
424 1238 134 22 Valiokunta
574 1245 66 15 sanoo
654 1239 104 26 jossakin,
776 1241 45 19 että
838 1245 23 15 se
878 1245 27 15 on

76 1268 103 21 tahtonut
200 1268 77 21 miten'
289 1268 137 21 mahdollista
445 1268 101 26 supistaa
563 1268 137 27 määräyksiä
715 1268 190 21 kansalaisluotta-

75 1296 90 21 muksen
181 1296 186 21 menettämisestä
381 1296 125 27 rikoksista,
521 1296 23 27 ja
560 1296 84 27 ehkäpä
662 1302 21 15 se
695 1296 54 21 siinä
759 1302 26 15 on
798 1296 106 21 oikeassa.

75 1324 72 20 Mutta
161 1326 60 19 tässä
236 1326 13 19 4
266 1323 56 27 8:ssä
337 1324 82 21 samoin
435 1324 53 21 kuin
504 1326 75 19 tämän
593 1330 76 15 saman
682 1324 67 21 luvun
756 1319 13 35 6
790 1324 22 26 ja
823 1325 12 20 7
848 1323 57 27 8:ssä

75 1353 111 26 puhutaan
208 1353 43 21 niin
267 1353 120 26 ,törkeistä
401 1353 21 26 ja
438 1353 150 26 häpeällisistä
604 1353 137 25 rikoksista*',
755 1353 67 26 joiksi
837 1353 66 21 valio-

75 1381 104 20 kuntakin
199 1381 54 20 niitä
273 1387 66 14 sanoo
355 1381 176 25 mietinnössään,
548 1382 46 19 että
609 1381 94 20 minusta
718 1381 47 20 olisi
781 1381 63 20 aivan
859 1381 44 26 pai-

75 1409 92 25 kallaan,
190 1411 45 19 että
256 1409 179 21 tämänlaatuiset
449 1409 99 21 rikokset
562 1409 136 21 tuottaisivat
712 1409 192 21 kansalaisluotta-

76 1438 88 20 muksen
181 1438 170 20 menettämisen.
377 1438 69 20 Tässä
462 1438 112 26 puhutaan
591 1439 49 20 näet
656 1438 56 25 siitä,
729 1439 45 19 että
787 1438 53 26 joku
849 1438 56 20 rais-

74 1466 42 21 kaa
131 1466 80 25 naisen,
227 1467 81 20 tallaen
323 1466 69 21 hänen
408 1466 164 25 ihmisarvonsa,
586 1466 22 27 ja
625 1466 41 21 sitä
682 1466 130 21 tarkoitusta
827 1468 75 19 varten

75 1501 26 14 on
121 1496 111 19 saattanut
247 1495 65 20 hänet
329 1496 163 19 tunnottomaan
509 1495 65 20 tilaan
590 1495 30 20 tai
637 1495 221 26 kykenemättömäksi
875 1495 28 20 it-

76 1525 65 19 seään
160 1523 172 26 puolustamaan.
363 1523 119 21 Ehdotettu
499 1523 122 26 rangaistus
638 1529 27 15 on
680 1523 157 21 kuritushuone
851 1523 52 21 kor-
