1092 1803
393 143 80 18 Toukok.
490 141 12 19 2
518 149 17 17 p.
811 141 41 20 977

60 205 76 21 hindra
151 206 73 20 landet
239 207 35 19 att
287 206 52 20 råka
355 206 5 20 i
377 207 70 20 större
463 206 93 26 olyckor.
578 206 46 20 Den
638 206 59 26 höga
710 207 76 19 räntan
797 207 24 19 är
833 206 48 20 Fin-

62 234 60 21 lands
139 234 61 21 Bank
216 234 46 21 icke
278 234 5 21 i
301 234 63 21 ständ
379 236 32 19 att
426 234 21 21 fä
461 234 93 26 nedsatt,
572 234 71 21 derest
652 234 40 21 den
702 234 45 21 icke
758 234 125 27 disponerar

59 262 62 22 öfver
139 264 32 19 ett
185 263 154 25 mångdubbelt
354 264 71 20 större
439 263 89 26 kapital.
558 263 32 20 En
606 262 71 22 alltför
694 258 50 36 hög.
748 264 63 19 ränta
826 263 55 20 skall

60 291 124 21 motverkas
198 290 64 22 äfven
278 297 75 20 genom
369 291 42 26 lag,
429 297 44 15 som
489 290 109 27 förbjuder
614 291 40 21 den
672 297 15 15 s.
703 291 20 21 k.
740 293 89 19 räntans
843 290 39 22 fri-

61 320 44 25 het,
129 326 26 14 en
178 319 69 26 frihet,
271 326 45 15 som
337 320 122 26 egentligen
478 321 24 19 är
520 320 109 26 ingenting
647 321 66 19 annat
728 321 26 19 än
769 319 65 21 frihet
848 319 35 22 för

62 348 41 21 den
118 348 46 20 rika
180 349 32 19 att
227 347 55 21 efter
297 348 106 26 godtycke
419 349 79 25 utsuga
514 348 39 20 den
570 347 81 27 fattige,
667 354 46 15 som
728 348 63 21 råkat
806 348 5 20 i
828 348 52 20 hans

60 376 57 21 våld.
139 376 81 21 Genom
235 375 134 27 lagstiftning
385 378 43 19 mot
445 376 63 21 ocker
524 376 42 21 kan
581 376 130 21 åtminstone
726 376 65 26 något
807 376 74 21 hinder

60 404 75 21 ställas
151 404 5 21 i
173 406 68 24 vägen
256 404 34 21 för
305 411 25 14 en
346 404 71 21 alltför
433 404 41 26 hög
489 406 69 19 ränta.
581 404 140 26 Naturligtvis
737 404 67 21 finnes
820 404 62 21 äfven

61 434 33 19 ett
117 434 63 19 annat
202 432 76 21 medel.
310 432 36 21 Gif
366 432 101 21 Finlands
490 432 60 21 Bank
574 432 123 26 tillräckligt
720 434 58 19 stora
793 432 87 27 kapital,

62 461 40 21 öka
127 461 47 21 dess
199 463 49 24 eget
270 461 82 27 kapital
371 461 47 21 med
440 461 26 21 de
481 461 88 27 kapital,
587 467 44 15 som
647 461 178 27 privatbankerna
841 461 40 21 till-

62 496 105 15 sammans
184 489 98 27 förvalta,
298 489 111 22 förvandla
424 490 100 21 Finlands
541 490 60 21 Bank
610 490 31 21 till
651 496 24 15 en
685 490 196 26 depositionsbank,

61 518 28 21 då
104 518 55 21 skall
174 518 101 21 Finlands
290 518 61 21 Bank
367 517 65 22 hafva
445 518 67 26 något
526 519 71 20 större
610 518 99 26 förmåga
723 519 32 20 att
764 518 118 21 bestämma

60 548 79 20 räntan
153 547 5 20 i
176 547 59 20 detta
255 547 55 25 land,
327 553 47 14 men
389 547 27 20 då
431 547 39 20 har
486 547 39 21 ock
541 547 190 26 privatbankernas
746 547 136 20 verksamhet

63 575 97 27 upphört.
192 575 47 21 Men
264 575 59 21 detta
344 575 83 27 åsyftas
447 575 22 27 ju
490 575 55 21 icke.
576 575 49 21 Just
641 575 87 21 emedan
743 575 35 27 jag
795 575 45 21 står
854 575 29 27 på

61 604 70 20 denna
154 604 150 21 konservativa
326 604 134 26 ståndpunkt
481 604 42 21 och
546 604 84 25 önskar,
655 605 32 19 att
705 604 100 20 Finlands
820 604 61 20 Bank

59 632 71 21 måtte
144 632 57 21 hålla
218 632 32 26 sig
266 632 56 21 inom
339 632 36 21 det
391 632 93 26 område,
501 638 45 15 som
563 632 40 21 den
619 631 165 22 förnärvarande
795 632 87 21 beherr-

61 660 57 26 skar,
135 660 81 20 hvilket
232 661 23 19 är
271 660 123 26 tillräckligt
411 661 53 20 stort
480 659 33 22 för
528 661 33 19 att
574 660 84 20 banken
670 660 40 20 kan
722 660 64 20 verka
797 660 32 20 till
837 660 44 20 lan-

61 689 49 20 dets
133 690 66 25 nytta,
223 695 47 14 men
292 689 48 20 icke
363 689 68 20 under
450 689 35 20 det
505 690 109 19 närmaste
630 689 117 20 triennium
761 689 72 20 vidare
849 691 33 18 ut-

62 717 87 21 sträcka
171 717 33 21 sin
226 717 143 26 verksamhet,
395 717 34 21 det
451 719 23 19 är
494 717 71 21 derför
578 717 38 26 jag
630 717 58 21 velat
702 717 117 26 framlägga
834 717 49 21 mitt

61 745 86 27 projekt
161 752 47 14 men
225 745 46 21 icke
286 745 33 21 för
335 747 32 19 att
382 751 77 20 genom
475 745 114 21 minutiösa
605 745 134 21 föreskrifter
754 745 63 26 lägga
825 745 57 21 band

61 774 28 27 på
108 774 176 27 bankstyrelsens
300 774 39 21 fria
355 774 142 26 verksamhet,
515 774 39 21 och
570 774 87 21 ståndet
671 774 62 21 torde
749 780 76 20 genom
841 774 42 21 dis-

62 802 116 21 kussionen
197 802 84 21 kunnat
298 802 57 21 bilda
371 802 33 26 sig
419 808 26 15 en
460 802 59 26 åsigt
531 801 35 22 för
580 802 143 21 besvarandet
738 801 22 22 af
772 801 111 22 Bankfull-

59 831 107 26 mäktiges
181 830 67 27 fråga.

129 859 147 21 Kirkkoherra
290 858 122 22 Johansson:
429 859 89 21 Rehtori
534 859 144 21 Blomstedtin
689 858 123 22 ehdottama
819 859 63 26 ponsi

61 887 74 21 minun
156 887 121 21 mielestäni
291 887 87 27 poistaa
392 894 26 14 ne
433 887 77 26 haitat,
525 887 67 21 mitkä
607 887 142 21 valiokunnan
765 887 116 21 mietinnön

62 915 98 26 ponnella
183 917 60 19 tässä
265 915 83 21 kohden
369 921 32 20 on,
417 915 21 27 ja
455 915 53 27 sopii
524 915 71 21 varsin
612 915 62 27 hyvin
690 915 191 27 vastaesitykseksi

62 944 39 21 hra
119 944 122 21 Kihlmanin
257 944 116 21 ehdotusta
387 946 95 19 vastaan.
513 944 57 21 Minä
586 944 83 27 pyydän
685 945 66 20 saada
766 944 116 21 kannattaa

61 972 43 21 sitä
120 972 147 27 täydellisesti.

129 1000 119 22 Professori
265 1001 107 21 Forsman:
395 1000 45 21 Hra
455 1001 99 20 Kihlman
570 1001 75 25 lausui,
664 1000 57 21 ett'ei
736 1001 34 21 ole
786 1001 95 21 aikomus

63 1029 54 21 sitoa
139 1029 189 26 pankkihallinnon
347 1029 67 21 käsiä.
446 1029 56 21 Minä
519 1035 25 15 en
560 1029 34 21 voi
608 1031 120 25 ymmärtää
742 1031 74 19 muuta
831 1029 51 21 kuin

63 1059 45 19 että
124 1064 22 14 se
160 1064 27 15 on
198 1058 113 25 sitomista,
322 1058 43 20 kun
376 1058 206 26 pankkihallinnolta
591 1058 116 20 kielletään
716 1058 80 25 oikeus,
805 1058 78 20 vaikka

62 1090 60 16 tarve
147 1086 48 21 olisi
220 1086 135 21 mimmoinen
381 1086 104 26 hyvänsä,
514 1087 160 25 perustamasta
701 1086 181 21 haarakonttoria.

61 1114 46 21 Hra
129 1114 99 21 Kihlman
250 1114 65 21 arveli
331 1114 103 27 myöskin,
456 1116 45 19 että
520 1114 96 27 säätyjen
635 1114 59 27 pitää
709 1116 64 19 antaa
788 1116 94 24 vastaus,

63 1143 67 21 koska
144 1143 167 21 valtuusmiehet
323 1143 58 26 juuri
397 1144 49 20 ovat
462 1143 112 21 tahtoneet
590 1143 72 21 kuulla
677 1143 97 27 säätyjen
790 1143 95 26 ajatusta

61 1171 58 26 siitä,
140 1171 97 21 mitenkä
259 1177 26 15 on
306 1171 143 21 meneteltävä
471 1171 75 21 uusien
570 1171 195 21 filiaalikonttorien
785 1171 98 21 suhteen.

63 1200 28 21 Se
107 1206 27 15 on
150 1200 57 27 kyllä
223 1202 62 24 totta,
301 1201 47 20 että
362 1200 96 27 säätyjen
474 1200 94 26 pitääkin
584 1202 91 24 vastata,
692 1201 71 20 mutta
772 1200 18 21 ei
798 1202 86 19 vastata

62 1228 44 21 niin
125 1228 91 27 jyrkästi
240 1228 50 21 kuin
307 1228 38 21 hra
360 1228 99 21 Kihlman
475 1234 27 15 on
519 1228 134 26 ehdottanut,
669 1235 54 14 vaan
739 1230 83 19 vastata
838 1230 46 19 että

62 1257 55 20 siinä
139 1257 87 20 kohden
242 1257 57 26 pitää
316 1257 114 20 menetellä
446 1257 93 20 suurella
555 1257 194 21 varovaisuudella.
778 1256 42 21 Sen
837 1263 46 14 vas-

63 1286 93 20 tauksen
171 1286 56 20 minä
240 1286 121 26 puolestani
377 1287 60 19 tässä
453 1286 83 21 asiassa
551 1286 116 26 hyväksyn.
691 1285 44 21 Hra
750 1286 98 20 Kihlman
857 1292 27 15 on

63 1314 97 27 myöskin
182 1314 99 26 puhunut
304 1314 50 21 siitä
369 1314 173 26 päätehtävästä,
559 1314 58 21 mikä
632 1314 93 21 Suomen
741 1314 93 26 pankilla
850 1320 34 15 on.

62 1342 46 21 Hra
125 1342 99 29 Kihlman
243 1348 27 15 on
288 1342 56 21 siinä
363 1342 138 26 epäilemättä
520 1342 166 26 pääasiallisesti
703 1342 60 21 aivan
779 1342 105 26 oikeassa,

63 1372 70 19 mutta
155 1370 72 21 minun
248 1370 183 27 ymmärtääkseni
453 1370 63 21 tekee
537 1370 111 21 kuitenkin
667 1370 81 26 väärin,
768 1370 31 26 jos
816 1370 68 21 siihen

62 1399 120 26 prinsiipiin
205 1399 43 20 niin
270 1399 93 26 ihastuu,
385 1399 58 20 ett'ei
459 1400 36 20 ota
510 1399 183 21 huomataksensa
708 1399 80 20 mitään
803 1401 81 18 muuta.

63 1427 74 20 Minun
152 1427 120 20 mielestäni
288 1433 27 15 on
331 1427 38 20 hra
384 1427 121 20 Kihlmanin
519 1427 159 26 lausunnoissa,
694 1427 43 20 niin
752 1427 71 26 paljon
832 1427 53 21 huo-

65 1457 109 19 mattavaa
194 1455 22 27 ja
231 1457 88 19 varteen
335 1457 110 19 otettavaa
460 1455 52 21 kuin
527 1455 66 21 niissä
607 1457 90 19 muuten
712 1455 68 26 onkin,
798 1461 23 15 se
837 1455 50 21 vika

63 1487 54 23 että,
132 1485 42 20 kun
190 1485 42 20 hän
248 1485 83 20 kerran
341 1491 26 15 on
383 1485 129 20 rakentanut
526 1485 70 26 yhden
607 1485 110 26 prinsiipin
729 1485 103 25 itselleen,
842 1485 44 20 niin

64 1513 42 21 hän
128 1513 19 21 ei
165 1513 65 21 tahdo
251 1513 146 27 käytännössä
414 1513 63 21 sallia
491 1515 75 19 muuta
580 1513 57 26 kuin,
655 1519 37 15 sen
705 1513 91 27 jyrkkää
811 1513 75 27 perille

796 1555 21 17 62
