1129 1814
247 138 56 20 1064
572 140 81 17 Tonkok.
671 138 11 19 5
699 146 18 17 p.

217 205 7 20 i
239 202 160 23 betänkandets
415 204 149 21 slutklämmar
580 210 72 20 anges.
675 204 43 21 Det
733 202 130 23 tillkommer
874 204 172 25 statsutskottet,

217 233 34 20 att
273 238 22 15 se
319 232 40 26 till,
382 232 107 21 hvarifrän
506 232 39 22 och
562 232 105 21 huruvida
682 232 39 21 alls
738 232 26 21 de
780 232 72 22 derför
867 232 79 27 nödiga
962 232 83 21 medlen

217 261 72 21 kunna
313 261 114 21 anskaffas.
459 261 38 21 Ser
519 261 164 21 statsutskottet
699 261 37 21 det
750 267 52 15 vara
818 261 102 27 omöjligt,
937 261 25 21 sä
977 260 68 22 finnes

219 290 36 21 det
279 290 31 21 tid
332 297 54 20 gvar
404 290 67 21 under
496 290 131 27 landtdagen
643 292 57 19 ännu
715 292 33 19 att
761 290 23 21 fä
799 290 73 21 derom
888 290 158 21 underrättelse

217 318 49 22 från
289 319 116 21 utskottet.
435 319 110 21 Deremot
559 319 73 26 tycker
654 318 36 28 jag
706 320 33 20 att
754 320 32 20 ett
801 318 74 22 alltför
889 320 55 20 stort
960 319 85 26 bemyn-

219 347 92 27 digande
326 347 87 21 komme
428 349 33 19 att
475 347 70 27 gifvas
561 347 23 21 af
594 347 111 26 utskottet,
716 347 46 21 ifall
774 347 35 21 det
822 347 67 21 skulle
898 347 22 21 få
928 347 120 22 bestämma

218 376 60 21 tiden
293 375 47 22 helt
355 375 39 22 och
410 375 69 22 hållet
495 375 40 22 och
551 376 116 21 ständerna
682 376 57 21 blott
754 375 55 22 hade
825 377 33 20 att
868 376 119 21 bestämma
999 375 48 22 ord-

218 404 151 27 ningsföljden.
399 404 42 27 Jag
463 404 98 21 anbäller
584 404 72 22 derför
679 404 113 26 vördsamt,
817 406 33 19 att
868 404 179 21 slutklämmarna

219 433 69 21 mätte
306 433 73 21 ställas
397 433 68 21 under
481 433 134 27 omröstning
631 432 82 22 sädana
729 433 26 21 de
771 433 54 27 lyda.

288 461 148 22 Kirkkoherra
451 462 103 21 Torckell:
579 462 42 26 Jag
634 461 36 22 för
684 462 42 21 min
742 462 34 21 del
793 463 68 26 anser,
879 463 33 20 att
927 462 34 21 vid
978 462 70 21 denna

218 490 137 27 omröstning
376 490 111 27 ingenting
509 492 67 19 annat
597 490 42 21 kan
663 490 63 21 blifva
746 490 62 27 fräga
823 496 40 21 om,
881 492 26 19 än
924 490 124 27 ordningen.

219 520 31 26 Ty
273 521 34 19 att
331 526 27 14 nu
381 519 121 21 bestämma
520 519 65 26 tiden,
603 521 38 19 när
657 519 36 21 det
710 526 40 14 ena
766 519 52 21 eller
834 519 67 21 andra
917 519 54 21 skall
988 519 61 22 verk-

220 548 83 25 ställas,
324 550 26 19 är
365 548 98 26 ogörligt,
480 549 52 20 utan
547 548 64 21 beror
627 548 59 21 detta
702 547 67 26 deraf,
786 554 32 15 om
835 548 69 21 medel
922 548 31 21 till
969 547 80 22 företa-

220 578 37 26 get
271 576 77 21 finnes.
380 576 40 22 Om
438 576 58 22 tiden
511 576 44 21 kan
570 576 131 21 bestämmas
717 576 61 27 först,
794 578 39 19 när
844 576 164 22 statsutskottet
1019 576 30 21 af-

222 605 61 26 gifvit
298 605 39 21 sitt
351 605 108 27 yttrande.
491 605 32 21 Nu
539 605 43 21 kan
598 605 55 21 blott
668 606 70 20 röstas
756 611 31 15 om
804 605 124 26 ordningen.

195 645 2 2 D
291 633 121 21 Professori
429 634 87 20 Donner:
534 633 41 21 Det
591 633 68 27 gäller
672 634 23 26 ju
713 633 46 22 icke
776 635 32 19 att
824 633 64 21 binda
902 633 109 21 händerna
1022 633 27 27 pä

223 662 124 21 ständerna.
369 662 75 26 Enligt
458 662 25 21 L.
500 662 25 21 O.
541 662 39 21 bör
596 662 166 21 statsutskottet
777 662 69 21 uttala
855 662 33 26 sig
898 662 92 21 rörande
998 668 51 21 pen-

224 691 183 26 ningeanslagen,
407 687 9 34 -
417 697 44 15 som
479 693 36 19 äro
531 691 6 21 i
553 691 67 26 fråga,
636 691 64 21 innan
716 691 117 21 ständerna
849 691 54 21 fatta
919 691 38 21 sitt
973 691 76 21 beslut.

291 720 100 21 Provasti
406 720 60 27 Lyra:
481 714 137 27 Ätminstone
634 720 69 21 mäste
719 720 36 21 det
770 726 51 15 vara
832 720 26 21 de
869 720 70 21 skilda
947 720 103 21 ständens

223 750 52 25 rätt,
297 750 34 19 att
352 748 80 27 föreslä
455 748 62 21 äfven
535 748 217 27 tidsbestämningar;
770 750 32 19 att
817 748 70 21 lemna
903 755 26 14 en
945 748 24 21 sä
985 748 66 27 vigtig

221 777 63 27 fråga
307 777 87 21 alldeles
419 777 121 26 obestämd,
565 783 61 21 synes
651 777 43 27 mig
715 777 86 21 alldeles
819 777 45 22 icke
881 784 51 14 vara
947 777 103 27 lämpligt,

224 806 58 21 helst
298 806 35 21 det
348 806 23 27 ju
389 806 67 21 mäste
473 806 65 21 verka
555 806 26 27 pä
598 806 175 21 statsutskottets
792 807 43 20 sätt
847 807 33 20 att
888 806 106 21 behandla
1004 806 47 21 hela
1067 808 2 2 '

225 834 164 27 budgetfrägan,
413 834 101 27 antingen
537 834 109 21 utskottet
668 834 38 21 har
722 834 130 27 fullkomligt
866 834 40 21 fria
922 834 83 21 händer
1020 836 32 19 att

224 863 85 27 uttänja
324 863 59 21 tiden
400 863 53 22 huru
470 863 85 27 mycket
572 869 43 15 som
631 863 63 26 helst,
712 863 50 21 eller
779 863 53 22 icke.

293 892 98 21 Provasti
414 892 71 21 Walle:
516 892 50 21 Kun
588 892 78 21 kerran
688 892 124 21 valiokunta
827 892 225 26 Nikolainkaupungin

224 920 173 27 pakkahuoneen
421 920 77 27 lyhyen
521 920 67 21 radan
611 927 67 20 .panee
703 920 149 21 ensimäiseksi
866 920 22 27 ja
904 920 66 21 sitten
986 926 66 15 sanoo

224 949 217 21 Kouvola—Kotkan
463 949 68 21 radan
553 949 187 26 rakentamisesta,
761 950 48 20 että
831 955 23 15 se
877 949 44 21 niin
936 949 50 27 pian
1001 949 52 21 kuin

225 978 86 21 suinkin
322 978 143 29 alotettaisiin
473 978 24 27 ja
507 978 112 21 tehtäisiin
629 978 131 27 yhteydessä
768 978 41 21 itse
818 978 70 21 Savon
897 978 69 21 radan
973 978 81 21 kanssa

223 1007 23 27 ja
261 1008 73 20 tämän
346 1007 90 27 jälkeen
451 1013 66 15 sanoo
532 1008 84 25 taasen,
631 1008 47 20 että
692 1007 102 27 Karjalan
810 1008 46 20 rata
866 1007 114 27 pantaisiin
992 1008 61 26 työn-

225 1035 102 22 alaiseksi
351 1035 71 22 Savon
445 1035 67 21 radan
532 1035 105 21 valmiiksi
654 1035 76 26 tultua,
747 1035 43 21 niin
806 1035 57 21 minä
879 1042 26 14 en
921 1035 64 26 tiedä,
1002 1035 52 21 mitä

226 1071 26 14 ne
268 1064 123 22 vuosiluvut
406 1064 55 21 siinä
476 1064 95 21 tekevät.

294 1093 50 21 Kun
350 1088 46 36 oli:
410 1088 83 36 kysymys
515 1092 66 28 juuri,
598 1094 46 20 että
659 1093 123 21 vuosiluvut
797 1093 83 21 tulevat
890 1093 53 26 pois,
953 1093 43 21 niin
1005 1095 49 24 pää-

226 1121 97 22 asiahan.
332 1128 33 20 on,
383 1123 46 20 että
443 1122 104 21 rautatiet
562 1122 146 21 rakennetaan
718 1122 149 21 katkeamatta
877 1122 73 21 toinen
959 1122 96 21 toisensa

223 1150 86 28 jälestä.
327 1162 2 2 -

295 1179 149 27 Kirkkoherra
459 1179 79 21 Wallin:
557 1179 43 26 Jag
614 1179 83 21 tilläter
710 1179 44 26 mig
770 1180 33 20 att
818 1179 132 21 understöda
966 1181 88 25 prosten

225 1207 68 27 Lyras
315 1207 92 27 förslag.
435 1203 68 25 Äfven
525 1207 38 27 jag
584 1207 81 27 tycker,
689 1209 32 19 att
743 1207 35 21 det
794 1209 24 19 är
834 1207 89 21 alldeles
940 1207 113 27 sjelffallet,

227 1238 31 20 att
278 1237 72 21 beslut
368 1237 40 21 bör
427 1236 66 22 fattas
514 1243 33 15 om
563 1237 59 21 tiden
639 1239 37 19 när
690 1236 205 28 jernvägssträckan
911 1237 53 21 skall
981 1237 74 26 beläg-

226 1271 38 21 gas
285 1265 50 21 med
356 1265 81 21 arbete.
468 1265 47 21 Kan
531 1265 48 22 icke
595 1265 165 21 statsutskottet
776 1265 71 21 dertill
864 1265 97 21 anskaffa
977 1265 78 27 nödiga

226 1293 76 26 medel,
327 1294 24 21 sä
375 1296 24 19 är
417 1294 37 21 det
470 1293 24 28 ju
513 1294 30 21 tid
559 1293 33 22 för
607 1294 87 21 ständet
709 1295 33 20 att
757 1294 66 21 sedan
840 1294 67 21 ändra
923 1294 38 21 sitt
975 1294 80 21 beslut.

295 1322 149 21 Keskustelun
460 1322 101 27 loputtua
576 1322 134 28 hyväksyttiin
726 1322 60 21 esillä
802 1322 66 22 olevat
885 1322 109 21 mietinnön
1007 1328 47 21 pon-

228 1351 31 21 net
283 1351 147 27 sellaisenaan,
453 1351 131 27 edellyttäen
609 1351 50 21 niitä
683 1351 130 26 muutoksia,
836 1351 68 27 joihin
922 1351 132 22 valtiovalio-

226 1380 87 21 kunnan
335 1381 122 26 annettava,
477 1380 205 27 rahanmääräyksiä
701 1380 96 21 koskeva
813 1380 99 21 lausunto
930 1386 26 15 on
973 1380 81 21 aihetta

227 1411 84 19 antava.

295 1437 120 22 Mietinnön
430 1437 95 27 lopussa,
543 1437 75 21 sivulla
635 1439 90 25 60—62,
742 1437 76 21 olevan
834 1437 108 27 esityksen
952 1437 103 27 johdosta

225 1467 72 21 lausui

295 1495 121 21 Professori
432 1494 93 22 Palmön:
541 1495 60 21 Kello
619 1501 27 15 on
663 1495 41 21 niin
720 1495 64 27 paljo,
802 1496 44 20 että
862 1495 73 21 tuskin
952 1497 51 19 enää
1021 1501 34 15 so-

226 1523 30 27 pii
279 1525 63 20 tässä
364 1524 84 21 asiassa
468 1525 80 26 pyytää
567 1530 155 15 sananvuoroa.
752 1523 90 22 "Tahdon
858 1524 112 21 kuitenkin
985 1524 70 28 yhden
