1089 1782
226 148 40 19 970
536 149 81 17 Toukok.
635 147 11 19 2
662 154 19 17 p.

196 211 82 26 gäende
301 211 7 21 i
332 211 40 21 den
392 211 99 26 inslagna
507 211 131 25 riktningen.
667 211 42 21 Det
724 213 24 18 är
763 211 128 21 härutinnan
904 211 37 27 jag
957 217 63 15 anser

197 239 107 21 utskottet
325 239 47 21 åter
386 238 63 21 hafva
465 238 89 21 handlat
569 238 161 27 inkonsegvent,
748 240 22 25 ty
785 238 132 22 inrättandet
933 239 21 20 af
968 238 52 22 flere

197 267 83 26 kontor,
297 267 6 21 i
319 267 117 27 synnerhet
452 267 38 21 der
505 267 153 27 privatbanker
672 267 67 21 redan
755 267 63 21 hafva
829 268 82 25 kontor,
921 267 99 21 kanicke

197 297 65 19 annat
284 298 26 18 än
330 295 66 21 blifva
412 302 25 15 en
452 296 135 21 konkurrens
603 295 49 22 med
667 295 66 22 dessa
747 295 205 27 bankinrättningar,
967 295 53 21 hvil-

196 325 41 21 ken
260 324 134 22 konkurrens
419 324 64 22 dessa
506 324 47 22 icke
574 325 72 20 kunna
665 324 95 28 uthärda.
792 324 89 27 Följden
898 324 61 22 deraf
973 324 45 27 blir,

196 354 32 20 att
248 353 63 21 dessa
320 353 147 21 .banklkontor
486 353 70 21 måste
571 353 99 26 indragas
687 353 38 21 och
741 353 102 21 Finlands
860 353 54 21 bank
932 355 88 19 stannar

196 387 74 15 ensam
290 381 28 27 på
337 381 92 27 platsen.
459 382 50 20 Men
525 381 80 21 sådant
619 381 36 21 vill
669 381 23 27 ju
707 381 111 21 utskottet
831 381 54 26 icke,
903 381 39 21 och
959 381 61 21 detta

196 410 22 22 af
232 411 64 26 högst
311 411 83 26 vigtiga
409 410 52 26 skäl,
480 410 87 22 emedan
585 410 77 21 sådant
677 417 49 15 vore
742 410 34 21 för
790 410 74 22 landet
879 411 40 21 och
929 410 35 22 för
972 410 48 21 Fin-

195 439 61 21 lands
271 439 56 21 bank
343 439 100 26 skadligt.
1013 455 2 2 ;

264 465 33 22 Då
322 472 28 15 nu
376 466 117 21 emellertid
520 466 62 21 dessa
604 468 11 19 3
636 466 78 21 kontor
733 466 66 21 redan
817 465 72 22 blifvit
904 466 114 26 inrättade,

197 495 39 21 och
259 495 109 28 inrättade
388 495 28 27 pä
434 495 75 21 försök
525 495 68 21 under
609 497 11 19 5
637 495 35 21 ärs
688 495 37 26 tid,
742 495 40 21 och
799 495 27 21 dä
842 495 107 21 utskottet
964 495 56 21 förc-

196 524 49 25 slär,
270 525 32 19 att
324 523 77 22 endast
421 524 100 21 kontoret
541 523 5 21 i
565 523 96 22 Joensuu
679 524 52 20 skall
750 525 103 25 upptagas
870 524 27 26 pä
913 523 107 22 ordinarie

197 554 49 24 stat,
270 552 24 21 sä
317 552 37 21 vill
373 552 38 27 jag
432 552 49 21 icke
501 554 105 19 motsätta
621 552 42 26 mig
679 552 170 21 resolutionerna
864 552 12 21 &
891 558 48 21 pag.
957 554 63 19 3—4.

198 581 30 20 Då
250 581 35 26 jag
310 580 96 22 dercmot
427 580 47 22 icke
492 581 39 20 kan
549 580 113 27 godkänna
677 581 119 21 utskottets
811 580 111 22 uttalande
938 580 5 21 i
960 580 61 27 fråga

197 615 33 15 om
249 609 133 21 inrättandet
398 608 22 22 af
434 609 100 21 Finlands
551 609 68 21 banks
635 609 78 21 kontor
728 609 5 20 i
751 609 123 21 landsorten
890 608 33 22 för
938 608 82 22 framti-

197 637 47 26 den,
268 637 41 21 kan
331 637 36 27 jag
391 637 45 21 icke
460 637 115 26 godkänna
598 637 145 21 resolutionen
765 637 12 21 å
792 643 47 21 pag.
857 639 18 24 7,
892 639 52 19 utan
959 639 61 24 tager

193 667 36 26 jag
244 666 43 26 mig
301 666 92 21 friheten
409 666 86 26 föreslä,
512 668 33 19 att
561 666 35 21 det
612 666 134 27 högvördiga
761 666 92 26 ständet,
867 672 34 15 om
913 666 35 21 det
961 666 59 21 delar

196 694 26 21 de
246 693 22 22 af
289 694 42 26 mig
352 694 97 21 uttalade
471 694 87 26 äsigter,
576 694 46 21 ville
640 694 91 26 besluta,
748 696 32 19 att
796 694 93 26 ständet,
906 700 44 15 som
967 694 52 26 god-

196 723 82 21 känner
299 723 119 21 utskottets
437 723 126 27 principiela
579 722 137 28 uppfattning
731 722 23 22 af
766 723 102 21 Finlands
883 723 69 21 banks
968 729 53 21 upp-

195 751 42 28 gift
255 752 5 20 i
282 752 118 21 allmänhet
420 752 40 21 och
481 752 104 21 särskildt
600 751 23 22 af
637 752 49 21 dess
702 751 132 22 förhållande
851 752 31 20 till
898 752 123 27 privatban-

196 780 71 25 kerna,
284 786 70 19 anser,
374 781 32 19 att
421 779 100 22 Finlands
534 780 59 20 bank
607 779 47 22 icke
664 780 39 20 bör
712 779 68 22 under
790 779 40 21 den
839 781 109 20 närmaste
956 779 64 21 fram-

196 808 58 22 tiden
270 808 71 27 fortgä
357 808 5 21 i
379 808 41 22 den
435 808 99 27 inslagna
548 808 122 27 riktningen
686 809 40 21 och
742 808 85 22 säledes
843 808 48 22 icke
906 808 69 22 under
989 808 31 21 in-

196 837 122 21 stundande
332 836 147 28 finansperiod
494 837 80 21 inrätta
588 837 69 26 nägra
671 843 41 20 nya
726 837 80 21 kontor
820 837 5 20 i
843 837 79 21 landet.

265 865 39 26 Jag
328 865 37 21 ber
389 866 31 20 att
442 864 22 22 fä
485 865 96 26 tillägga,
602 867 31 19 att
649 865 34 26 jag
698 865 47 21 icke
762 871 50 20 eger
828 871 26 15 en
870 865 55 21 enda
940 865 59 21 aktie
1014 865 7 21 i

196 894 70 26 någon
290 893 22 22 af
333 894 187 27 privatbankerna,
543 896 30 19 att
591 894 38 27 jag
647 894 85 21 således
748 894 48 21 icke
812 894 53 21 talat
880 894 6 20 i
901 894 67 26 något
983 900 37 15 an-

196 924 37 19 nat
248 922 98 26 intresse,
364 925 26 18 än
407 922 5 21 i
428 922 103 21 Finlands
546 923 69 20 banks
626 923 39 21 och
677 922 123 27 derigenom
801 918 12 36 i
827 922 85 22 landets
921 923 99 21 intresse.

265 950 119 22 Professori
404 951 89 21 Donner:
524 951 166 26 Förvaltningen
707 951 39 21 och
761 951 108 26 styrelsen
883 950 22 22 af
919 951 101 21 Finlands

197 979 55 21 bank
274 979 38 21 har
331 979 29 21 all
375 979 114 26 anledning
505 981 34 19 att
553 986 51 14 vara
619 980 97 20 tacksam
731 979 35 21 för
780 979 36 21 det
832 979 106 26 välvilliga
954 981 67 19 sättet

197 1010 32 19 att
253 1008 89 21 bedöma
366 1007 157 26 förvaltningen
546 1007 23 22 af
588 1008 83 21 banken
690 1008 70 21 under
775 1008 26 21 de
816 1007 101 22 förflutna
934 1010 11 19 3
962 1008 57 21 ären.

196 1036 40 21 Det
251 1035 95 27 framgär
361 1035 22 22 af
397 1036 177 21 bankutskottets
591 1036 132 26 uttalanden,
740 1037 32 20 att
782 1036 119 21 detsamma
915 1036 46 21 med
974 1038 46 19 stor

196 1065 122 21 varsamhet
334 1065 57 21 velat
407 1065 76 21 beröra
501 1064 24 22 de
542 1065 101 26 ömtäliga
658 1064 78 27 frägor,
754 1071 43 15 som
810 1064 104 27 förelegat
926 1064 30 21 till
970 1064 49 22 dess

195 1092 105 28 pröfning.
330 1092 32 22 Ur
377 1093 69 21 denna
460 1093 111 27 synpunkt
585 1099 64 20 synes
664 1093 43 26 mig
722 1092 68 27 äfven,
808 1093 70 21 säsom
890 1099 34 15 om
936 1093 84 21 utskot-

196 1124 32 19 tet
244 1122 46 21 icke
306 1122 58 21 velat
380 1122 46 21 med
443 1122 138 21 bestämdhet
596 1122 68 21 uttala
679 1122 33 26 sig
727 1123 5 20 i
750 1122 40 21 den
807 1122 98 26 riktning,
921 1128 46 15 som
979 1122 40 21 den

196 1149 130 27 föregående
349 1150 81 21 talaren
453 1157 29 14 nu
503 1150 39 21 har
560 1150 112 21 framstält.
703 1150 9 21 I
733 1151 25 20 de
775 1150 109 27 beslöjade
899 1150 121 27 yttranden,

197 1185 45 15 som
264 1178 132 22 förekomma
420 1185 33 15 om
475 1178 136 21 inrättandet
631 1178 23 21 af
674 1185 40 20 nya
735 1179 77 21 kontor
828 1179 5 20 i
850 1178 122 27 Jyväskylä,
989 1178 32 22 S:t

195 1207 81 21 Michel
290 1207 40 21 och
348 1207 116 22 Sordavala
479 1207 108 21 förefaller
603 1207 37 21 det
654 1207 43 26 mig
708 1207 129 21 ätminstone
848 1213 45 15 som
903 1207 37 21 det
951 1207 70 21 skulle

197 1236 57 26 ligga
274 1237 32 20 ett
326 1237 96 19 varsamt
436 1235 96 21 uttaladt
548 1235 114 27 ogillande,
678 1236 7 20 i
700 1236 116 26 synnerhet
832 1242 33 15 om
882 1242 47 14 man
943 1235 78 27 jemför

198 1264 108 21 desamma
322 1264 48 21 med
386 1264 38 21 det
438 1264 27 27 pä
482 1264 61 21 sidan
559 1266 11 19 3
587 1264 174 21 förekommande
777 1265 115 26 uttrycket,
906 1264 50 26 ,det
966 1264 55 21 hade

197 1291 71 22 derför
291 1293 83 20 kunnat
395 1299 50 15 vara
461 1293 116 26 anledning
593 1295 32 19 att
639 1292 55 22 först
708 1294 84 24 utröna,
809 1293 81 21 hvilket
905 1292 116 27 inflytande

198 1321 67 21 denna
288 1321 203 26 räntenedsättning
510 1320 84 22 utöfvat
613 1321 27 27 pä
656 1321 95 21 bankens
767 1321 121 26 ställning",
906 1321 62 21 innan
985 1321 36 21 nä-

197 1351 37 24 got
250 1348 116 28 afgörande
382 1349 102 22 träffades
501 1356 34 15 om
551 1349 133 22 inrättandet
699 1349 22 21 af
731 1356 39 20 nya
780 1350 84 21 kontor.
888 1350 50 21 Men
946 1350 75 26 pätag-

197 1378 55 26 ligen
279 1378 39 21 har
343 1378 108 21 utskottet
476 1378 48 21 icke
547 1378 58 21 velat
625 1378 89 21 alldeles
736 1378 92 27 afgjordt
845 1378 68 21 uttala
930 1378 30 26 sig
977 1380 45 19 mot

196 1407 140 26 möjligheten
351 1408 33 19 att
399 1405 81 23 inrätta
496 1407 66 26 nägot
578 1408 46 25 nytt
639 1407 85 25 kontor,
738 1407 7 20 i
761 1406 103 22 händelse
877 1406 144 21 bankförvalt-

197 1435 77 26 ningen
297 1435 65 21 funne
383 1435 78 21 sådant
478 1435 23 21 af
515 1435 107 21 särskilda
637 1435 183 26 omständigheter
836 1435 115 27 päkalladt.
983 1435 38 21 Ut-

197 1464 83 20 skottet
296 1463 39 21 har
350 1463 47 21 icke
414 1463 55 21 velat
486 1463 64 26 ätaga
567 1463 31 26 sig
615 1465 99 19 ansvaret
729 1463 32 21 för
777 1465 32 19 ett
820 1463 77 21 sådant
906 1463 115 26 afgörande

197 1491 27 27 pä
250 1491 98 27 förhand,
372 1494 50 19 utan
446 1491 141 22 öfverlemnat
610 1492 59 21 detta
689 1492 23 21 ät
730 1492 220 26 bankförvaltningen.
980 1492 42 21 För

199 1526 52 20 egen
275 1520 33 21 del
332 1521 70 21 skulle
424 1521 35 27 jag
483 1521 69 21 under
573 1521 39 21 den
631 1520 101 22 förflutna
746 1521 60 21 tiden
821 1520 64 22 hafva
900 1520 71 22 funnit
985 1521 38 21 det
