1128 1817
413 154 82 17 Toukok.
514 152 25 19 16
555 160 18 17 p.
826 152 54 20 1335

81 222 39 15 saa
143 218 60 19 ottaa
226 216 69 21 toisen
319 216 80 21 maalta
422 222 70 15 soraa.
522 217 50 20 Kun
595 218 59 19 tämä
672 216 103 21 rikoslaki
792 216 57 21 tulee
866 216 44 21 voi-

82 251 66 19 maan,
174 244 41 21 niin
239 244 58 21 minä
321 251 84 20 arvaan,
427 246 44 19 että
487 246 60 19 tämä
562 244 79 27 pykälä
658 246 46 19 taas
721 244 120 21 uudestaan
859 250 50 21 syn-

79 275 78 25 nyttää
178 273 71 27 riitoja
269 273 24 26 ja
310 273 121 21 rettelöitä.
461 273 126 21 Sentähden
601 273 116 27 pyytäisin,
735 275 46 19 että
796 273 113 27 pykälästä

80 301 144 26 sanottaisiin,
240 301 59 21 ett'ei
316 303 58 19 tämä
391 303 34 19 tee
442 303 109 19 muutosta
568 301 60 26 siinä,
641 301 53 21 mitä
705 307 26 15 on
742 301 99 27 säädetty
855 301 54 21 keis.

79 330 142 20 asetuksessa
238 331 25 19 15
280 330 54 26 päiv.
351 330 144 20 tammikuuta
511 331 54 19 1883
579 330 24 26 ja
617 336 38 14 sen
669 331 11 19 9
690 329 57 27 $:ssä
759 336 64 14 soran
837 331 72 19 otosta

81 357 136 21 maanteiden
233 358 129 26 ylöspitoon.

151 386 145 21 Kirkkoherra
311 386 102 21 Torckell:
437 386 74 21 Skulle
528 386 42 21 alla
587 386 25 21 de
628 384 166 28 bestämningar,
811 392 47 15 som
868 385 40 22 fin-

81 420 39 15 nas
136 414 87 26 intagna
238 414 6 21 i
261 414 70 21 denna
346 414 107 27 paragraf,
469 414 86 21 komma
571 416 32 19 att
615 414 63 26 gillas
690 414 39 21 och
742 414 102 26 beläggas
858 414 50 21 med

80 442 39 21 det
141 442 67 26 straff,
230 449 48 14 som
300 443 39 20 här
354 444 25 19 är
394 442 109 27 stadgadt,
519 443 26 20 sä
559 442 70 21 skulle
645 449 48 14 man
709 443 70 20 mästa
794 442 113 27 medgifva,

82 473 32 19 att
130 471 37 21 det
182 471 33 21 för
230 470 69 22 finska
313 471 68 21 folket
397 471 70 21 skulle
483 471 66 21 blifva
566 471 37 21 bra
620 471 57 21 svårt
693 473 34 19 att
742 471 32 26 bo,
791 471 67 21 vistas
867 471 41 21 och

81 498 55 22 lefva
152 498 6 21 i
174 499 101 21 Finlands
290 499 59 21 land.
379 500 46 20 Den
448 505 47 15 som
518 499 74 21 variti
610 498 84 22 tillfälle
715 501 32 19 att
760 499 49 21 läsa
824 505 25 15 en
864 499 44 21 bok

80 527 26 21 af
119 527 160 21 amerikanaren
296 527 92 27 George,
406 527 48 21 deri
473 527 65 21 bland
553 529 70 19 annat
636 527 129 21 framställes
781 527 126 27 proletaria-

82 557 31 19 tet
129 556 39 20 och
185 555 48 21 dess
251 556 95 25 orsaker,
363 556 41 20 kan
421 555 38 21 der
478 556 45 20 lära
539 556 32 26 sig
588 556 68 20 känna
673 556 54 20 huru
745 555 35 21 det
795 562 75 20 genom
880 555 27 21 de

80 584 105 26 engelska
200 584 131 21 baronernas
352 584 52 21 eller
423 584 146 26 godsegarnes
586 584 141 26 tillgöranden
744 584 48 26 gätt
806 584 33 21 till
854 584 6 21 i
876 584 31 21 Ir-

81 613 58 25 land,
156 613 35 21 det
207 613 110 27 olyckliga.
347 613 45 21 Der
407 612 22 22 få
446 613 29 26 pä
490 613 51 21 flere
558 613 83 21 trakter
656 613 117 21 invånarna
795 613 48 21 icke
858 615 49 24 taga

80 647 28 15 en
124 640 39 22 fisk
188 640 45 22 från
257 643 91 23 vattnet,
367 641 49 21 icke
432 647 26 15 en
473 640 57 27 fågel
545 641 49 21 från
606 640 74 25 luften,
695 641 48 21 icke
761 641 34 21 det
811 641 96 26 ringaste

83 669 48 27 djur
146 669 26 26 på
188 669 95 21 marken.
313 669 32 21 De
361 668 65 22 hafva
440 669 72 21 vidare
528 669 129 26 undantagit
671 668 47 22 från
735 669 31 21 sin
784 669 47 27 jord
848 671 59 19 stora

79 698 135 26 jagtmarker
236 698 23 20 åt
282 698 39 26 sig,
338 697 38 21 der
396 698 63 26 ingen
476 697 35 21 får
525 699 51 25 taga
591 704 26 14 en
634 697 53 21 enda
703 698 64 26 qvist,
782 698 82 26 knappt
879 698 28 26 gå

82 726 91 26 igenom,
197 726 48 21 med
269 728 32 19 ett
317 726 45 26 ord,
383 726 39 21 allt
442 728 24 19 är
481 726 25 21 så
521 726 5 21 i
544 726 63 21 deras
623 726 49 21 våld
689 728 32 19 att
736 726 110 26 ingenting
860 732 48 15 mer

80 755 96 20 återstår
190 754 35 22 för
238 754 85 21 landets
343 755 100 20 invånare
465 756 26 19 än
505 754 78 27 luften,
598 755 39 20 och
654 755 69 20 skulle
741 754 25 21 de
782 755 73 20 kunna
870 755 37 20 be-

81 783 75 20 skatta
179 782 46 26 den,
249 783 25 20 så
293 782 54 21 hade
364 782 26 21 de
406 782 62 21 äfven
484 783 57 27 gjort
557 783 65 20 detta.
654 783 33 21 Nu
703 785 49 19 veta
766 783 21 21 vi
802 783 6 21 i
825 783 82 21 hvilket

81 811 104 27 olyckligt
207 811 98 21 tillstånd
326 811 72 21 Irland
414 813 30 19 är.
474 811 120 21 Invånarne
610 811 69 21 måste
695 811 101 26 slutligen
813 817 93 20 uppresa

82 839 33 26 sig
138 841 45 19 mot
206 839 61 21 detta
283 839 112 26 odrägliga
411 839 103 27 förtryck.
545 839 41 21 Vill
601 846 49 14 man
666 839 76 26 bringa
757 839 100 21 Finlands
873 839 33 21 in-

80 868 81 20 vånare
176 868 5 20 i
197 874 82 14 samma
300 867 99 21 tillstånd
421 874 46 14 som
489 867 101 21 Irlands?
621 868 81 21 Genom
720 868 185 26 bestämningen
892 863 17 36 i

82 896 69 21 denna
167 896 102 27 paragraf
283 898 24 19 är
324 898 30 19 ett
371 898 56 19 stort
443 898 45 24 steg
507 898 57 24 taget
581 896 77 21 dertill.
690 898 36 19 Att
743 903 30 14 nu
789 898 14 19 t.
820 903 31 14 ex.
868 896 37 21 be-

80 926 93 19 stämma
195 926 33 19 att
249 924 133 27 plockandet
402 924 22 21 af
445 930 106 21 svampar,
573 924 41 21 bär
629 924 39 21 och
684 930 84 15 mossor
782 924 57 21 skall
854 931 52 14 vara

82 953 87 26 belagdt
185 953 50 21 med
250 953 25 21 så
289 953 56 26 höga
361 953 68 26 böter,
445 953 74 27 tycker
531 953 37 27 jag
585 955 24 19 är
623 952 34 22 för
672 953 59 26 långt
746 953 85 26 gånget.
855 953 49 21 Man

80 983 38 19 vet
133 981 72 21 hvilka
223 987 87 15 massor
323 980 24 22 af
358 981 41 21 bär
413 981 40 21 och
469 987 99 20 svampar
583 987 19 15 o.
619 987 16 15 s.
651 987 19 15 v.
687 983 74 19 ruttna
774 981 6 21 i
797 981 108 26 skogarna

80 1009 43 21 och
145 1011 36 19 att
201 1009 25 21 de
246 1009 77 26 fattiga
338 1009 47 21 icke
401 1011 51 19 utan
469 1009 37 21 hot
522 1009 22 21 af
557 1009 82 21 sådana
653 1009 64 21 böter
731 1009 62 21 skola
807 1009 22 21 få
844 1009 61 27 njuta

79 1037 26 21 af
118 1038 55 26 dem,
190 1038 27 21 då
234 1038 25 21 de
276 1038 54 21 dock
346 1038 84 21 komma
445 1038 64 26 ingen
525 1038 32 21 till
573 1038 63 26 godo,
652 1038 75 27 tyckes
742 1038 43 26 mig
796 1044 51 15 vara
855 1038 50 21 allt-

80 1065 36 22 för
130 1066 89 26 obilligt.
241 1066 40 21 Om
297 1066 43 21 alla
354 1066 161 26 bestämningar
529 1065 7 21 i
553 1066 69 21 denna
637 1066 102 27 paragraf
752 1068 97 24 antagas,
861 1067 43 20 till-

80 1094 96 27 skyndas
197 1094 75 27 sjelfva
291 1094 130 27 jordegaren
444 1095 63 26 ingen
531 1096 67 25 nytta,
619 1101 48 14 men
685 1094 35 21 det
736 1095 40 20 kan
793 1094 113 22 föranleda

79 1123 93 26 mången
187 1123 50 21 elak
251 1123 40 21 och
307 1123 84 26 kittslig
405 1123 114 27 jordegare
534 1125 34 19 att
583 1123 124 21 trakassera
723 1123 46 21 sina
789 1122 116 22 underhaf-

80 1151 71 21 vande
173 1151 53 21 eller
247 1151 52 21 flere
323 1151 71 21 andra.
425 1151 44 21 Det
488 1153 24 19 är
527 1153 49 19 sant
591 1153 33 19 att
639 1151 156 26 eganderätten
809 1151 56 21 visst
880 1153 26 19 är

81 1179 58 26 helig
154 1180 42 21 och
211 1180 54 21 skall
281 1180 124 26 omhägnas,
420 1186 50 15 men
483 1186 51 15 man
546 1180 44 21 kan
607 1180 66 21 också
683 1180 112 21 utsträcka
806 1180 41 21 den
857 1180 48 21 allt-

79 1207 36 22 för
130 1208 59 26 långt
205 1208 23 21 så
244 1210 33 19 att
294 1208 30 25 de,
343 1214 44 15 som
405 1208 45 21 icke
467 1207 64 22 hafva
545 1208 128 26 eganderätt
689 1208 32 21 till
734 1208 56 27 jord,
810 1208 51 21 eller
877 1208 27 21 de

81 1236 117 21 obesuttna
220 1236 65 21 blifva
307 1236 34 21 för
363 1236 64 21 hårdt
449 1236 142 21 behandlade.
621 1236 77 21 Derför
715 1236 90 21 föreslår
817 1236 40 27 jag
872 1238 33 19 att

79 1264 53 21 flere
155 1264 160 26 bestämningar
337 1264 94 21 härifrån
451 1264 69 21 skulle
543 1266 139 24 utmönstras,
705 1264 81 21 såsom:
811 1281 4 9 ,
816 1270 86 20 mossa,

80 1293 42 21 laf*
139 1293 109 21 äfvensom
265 1299 113 21 ,svampar
393 1293 52 21 eller
459 1293 52 21 bär”
525 1293 40 21 och
581 1295 67 19 annat
663 1293 72 27 dylikt.

150 1322 145 21 Kirkkoherra
311 1322 120 27 Karlsberg:
461 1321 69 21 Tässä
546 1327 25 15 on
588 1323 35 25 nyt
639 1321 66 21 tullut
719 1321 107 21 runsaasti
840 1321 64 21 muis-

80 1350 99 21 tutuksia
193 1352 46 19 tätä
254 1350 93 27 pykälää
361 1352 90 19 vastaan
466 1350 21 27 ja
503 1356 25 15 ne
544 1350 156 21 muistutukset
719 1352 50 19 ovat
784 1350 121 21 koskeneet

81 1378 59 21 näitä
162 1378 142 21 valiokunnan
326 1378 100 21 lisäämiä
447 1378 100 21 esineitä:
569 1378 88 27 jäkäliä,
681 1378 68 21 sieniä
768 1378 23 27 ja
807 1378 96 27 marjoja.

81 1407 137 27 Vastustajat
240 1409 50 19 ovat
312 1407 94 21 nähneet
427 1407 90 27 hyväksi
539 1407 94 27 hyökätä
653 1407 59 27 juuri
727 1407 58 21 näitä
800 1407 103 27 lisäyksiä

79 1437 96 24 vastaan,
190 1435 54 26 joita
259 1435 125 21 valiokunta
398 1441 27 15 on
441 1435 81 27 tehnyt,
537 1437 70 19 mutta
621 1435 86 27 hyvällä
721 1435 80 21 maulla
816 1435 87 21 nielleet

80 1463 80 26 kaikki,
183 1463 52 21 mitä
257 1463 61 21 siellä
334 1465 117 19 ennestään
468 1469 27 15 on
510 1463 60 21 ollut.
600 1463 43 27 Nyt
659 1469 26 15 on
698 1463 83 27 jäkäliä
796 1463 59 21 esim.
872 1463 31 27 pi-

81 1491 59 27 detty
156 1492 43 20 niin
216 1491 163 27 vähäpätöisinä
394 1492 102 25 esineinä,
511 1492 54 26 joita
579 1492 58 26 kyllä
651 1492 54 26 sopii
721 1493 60 19 ottaa
796 1492 64 20 mistä
870 1493 34 19 ta-

81 1521 75 20 hansa.
187 1521 70 20 Mutta
271 1521 83 27 jäkälät
368 1522 114 20 vastaavat
496 1527 98 14 monessa
608 1521 101 26 paikassa
718 1522 129 19 maatamme
857 1521 46 20 hei-
