1094 1777
391 134 78 17 Tonkok.
491 133 23 19 15
531 140 17 17 p.
788 133 53 19 1283

408 197 11 19 7
435 195 69 21 Luku.

114 236 52 19 1—4
183 234 23 27 $$
222 234 144 27 hyväksyttiin
382 234 167 21 keskustelutta.

429 299 12 19 5
457 298 20 25 8.

111 337 99 20 Provasti
224 337 103 20 Järvinen:
354 336 180 21 Ensimmäisessä
549 337 139 20 momentissa
703 338 61 19 tässä
780 342 27 15 on
820 342 49 15 suo-

42 364 164 21 menkielisessä
221 365 152 21 mietinnössä:
386 364 92 26 ,älköön
491 364 129 21 tuomittako
630 365 107 26 pitempää
747 364 63 21 aikaa
817 364 53 21 kuin

43 393 114 21 viisitoista
173 393 91 26 vuotta”;
281 393 103 21 ruotsiksi
401 399 38 15 on:
457 393 45 26 ,för
517 393 74 27 längre
603 393 51 21 tid".
677 393 33 21 En
718 393 60 21 tiedä
787 393 82 21 miks'ei

44 422 33 20 ole
93 423 107 19 asetettu:
217 421 78 28 älköön
312 422 129 21 tuomittako
457 421 137 27 pitemmäksi
611 421 75 27 ajaksi,
696 422 29 20 tai
733 421 138 27 pitemmäksi

43 450 63 21 aikaa
126 450 57 21 kuin.
213 450 85 21 Älköön
313 450 130 21 tuomittako
458 450 109 26 pitempää
583 450 68 26 aikaa,
669 456 26 15 on
709 450 97 21 niinkuin
821 452 48 19 tuo-

43 478 134 21 mitseminen
194 478 47 21 olisi
256 478 52 27 ajan
322 478 91 21 suhteen
431 480 59 19 tässä
506 480 114 25 määrätty.

112 506 87 21 Tohtori
216 506 83 21 Geitlin:
322 506 63 27 Kyllä
401 506 100 26 minäkin,
518 506 44 21 kun
578 506 46 21 ensi
639 506 77 21 kerran
731 506 49 21 näin
797 494 73 33 tämän

43 535 87 20 minulle
154 535 69 20 oudon
246 534 123 27 puhetavan
388 536 147 19 vastaamassa
550 534 166 27 kysymykseen:
732 534 80 21 kuinka
828 535 41 26 pit-

41 564 64 21 käksi
127 564 82 26 ajaksi?
232 564 68 21 vähän
325 564 100 27 ällistyin,
449 564 56 21 enkä
528 564 110 21 vieläkään
655 564 34 21 voi
706 564 66 21 siihen
788 564 80 21 mitään

43 598 116 20 parempaa
182 592 112 27 selvitystä
317 594 71 24 antaa,
411 592 52 20 kuin
487 594 44 19 että
551 598 22 15 se
590 592 56 21 ehkä
661 592 107 21 kuulunee
784 592 84 21 meidän

41 620 130 27 uusimpaan
186 620 194 21 suomenkieliseen
395 620 170 21 kurialikieleen.
594 620 103 21 Niinkuin
712 620 94 27 provasti
822 620 48 21 Jär-

44 648 60 21 vinen
129 648 139 27 epäilemättä
290 648 79 21 itsekin
394 654 25 15 on
442 648 140 26 huomannut,
606 650 63 25 tapaa
689 654 37 15 sen
743 648 127 21 ehtimiseen

43 678 60 19 tässä
118 676 271 21 rikoslakiehdotuksessa.

110 716 83 27 Pykälä
206 716 145 27 hyväksyttiin
366 717 149 20 sellaisenaan.

113 758 69 19 6—10
198 756 23 27 $$
237 756 146 27 hyväksyttiin
399 756 172 26 keskustelutta.

374 820 12 19 8
400 818 23 26 ja
440 819 11 20 9
468 818 62 21 Luku

111 857 144 27 hyväksyttiin
270 857 171 21 keskustelutta.

400 915 23 20 10
440 914 69 21 Luku.

176 995 3 3 .
430 976 45 27 18.

110 1015 147 21 Kirkkoherra
272 1015 102 21 Torckell:
392 1015 34 21 Uti
443 1015 38 21 det
495 1015 69 21 finska
580 1015 77 21 folkets
672 1015 143 21 medvetande
830 1015 39 21 har

42 1044 125 21 himmelens
190 1044 49 21 Gud
256 1044 54 21 stått
326 1044 129 21 åtminstone
471 1044 66 26 något
553 1046 113 24 trappsteg
681 1044 66 26 högre
763 1046 28 19 än
806 1044 62 21 äfven

43 1072 39 21 den
105 1072 127 26 mäktigaste
251 1072 98 26 jordiska
363 1074 107 24 potentat.
502 1072 113 21 Utskottet
630 1072 38 21 har
684 1072 67 26 enligt
767 1072 41 20 min
824 1078 45 15 me-

41 1101 52 26 ning
111 1100 41 21 här
166 1102 44 19 satt
226 1100 49 21 Gud
290 1101 69 26 något
372 1102 115 25 trappsteg
501 1101 66 26 lägre.
600 1100 40 21 Om
655 1107 48 14 man
717 1100 77 27 jemför
810 1101 58 20 stad-

41 1129 80 26 gandet
136 1129 6 20 i
161 1130 21 19 13
209 1128 93 27 kapitlet
317 1134 33 15 om
367 1129 104 28 smädelse
490 1130 44 19 mot
549 1128 105 27 Kejsaren
672 1128 38 21 och
727 1128 140 26 Storfursten,

41 1157 25 21 så
82 1163 35 15 ser
131 1164 50 14 man
195 1159 33 19 att
244 1157 106 21 smädelse
366 1159 45 19 mot
427 1157 79 21 honom
523 1159 24 19 är
563 1159 31 19 ett
609 1158 144 25 urbotabrott,
764 1163 45 15 som
821 1157 47 21 icke

41 1185 42 21 kan
98 1185 98 22 försonas
213 1186 48 20 med
277 1186 177 26 penningeböter,
471 1186 37 20 det
523 1186 35 20 må
573 1185 59 21 skett
648 1185 23 21 af
679 1185 150 27 lättsinnighet
839 1186 29 20 el-

41 1214 32 20 ler
95 1213 125 22 välbetänkt
243 1214 52 20 eller
316 1213 22 21 af
352 1213 56 21 hvad
424 1214 66 20 motiv
506 1219 46 15 som
568 1213 64 21 helst.
662 1213 44 21 Här
722 1213 47 21 åter
784 1213 42 21 kan
843 1220 25 14 en

41 1242 68 21 sådan
132 1242 105 21 smädelse
255 1242 98 21 försonas
369 1242 62 21 äfven
447 1242 49 21 med
511 1242 177 27 penningeböter.
719 1243 41 26 Jag
776 1244 45 19 tror
836 1244 34 19 att

41 1272 32 19 ett
87 1271 80 20 sådant
181 1271 121 26 stadgande
318 1270 70 21 skulle
405 1270 62 27 djupt
481 1270 86 21 kränka
583 1271 36 20 det
634 1270 69 21 finska
718 1270 78 21 folkets
808 1271 60 20 med-

40 1299 98 26 vetande,
162 1299 85 21 hvarför
267 1299 38 27 jag
328 1299 90 21 föreslår
440 1301 35 19 att
496 1299 85 21 straffet
600 1299 60 21 äfven
679 1299 37 27 här
730 1299 34 21 för
778 1299 90 21 hädelse

40 1330 46 19 mot
108 1328 49 21 Gud
179 1327 69 22 blefve
268 1328 78 21 urbota
362 1328 39 21 och
415 1330 36 19 att
465 1327 53 22 ifrån
535 1328 252 26 ansvarsbestämningen
803 1334 65 20 ,,vare

40 1355 84 22 straffet
147 1356 61 21 böter
231 1356 52 21 eller
305 1355 96 27 fängelse
417 1356 5 20 i
440 1356 65 26 högst
524 1362 37 15 sex
576 1356 117 21 månader'
709 1356 66 21 orden
791 1372 5 10 ,
799 1356 70 26 böter

40 1384 67 21 eller'"
123 1384 69 21 skulle
208 1384 115 21 uteslutas.

107 1413 74 26 Piispa
205 1412 125 21 Johansson:
362 1413 59 20 Minä
443 1413 62 20 olisin
530 1412 58 27 kyllä
618 1414 79 19 suonut
722 1412 145 27 korkeampaa

39 1441 213 21 rankaistusmäärää
277 1443 60 19 tässä
362 1441 96 21 niinkuin
484 1447 98 15 monessa
608 1441 125 21 muussakin
758 1441 108 26 paikassa,

38 1471 72 19 mutta
124 1469 84 21 arvelen
224 1469 183 21 mahdottomaksi
422 1469 67 21 saada
504 1469 42 21 sitä
562 1469 156 27 hyväksytyksi.
743 1469 125 21 Sentähden

39 1499 48 20 olen
101 1498 76 27 jäänyt
191 1498 69 21 siihen
276 1498 151 26 korotukseen,
441 1498 68 27 jonka
524 1498 124 21 valiokunta
664 1504 26 15 on
700 1499 66 20 tähän
778 1501 89 24 pannut.
