1122 1807
392 149 82 20 Toukok.
492 148 70 24 11:p.,
805 147 63 24 1175:

63 210 27 27 jo
105 211 88 26 ehdotti;
209 211 68 21 koska
292 211 67 21 niissä
373 211 97 27 löytyvät
484 211 135 27 määräykset
635 213 51 19 ovat
701 211 135 27 tarpeelliset
842 210 58 28 jär-
893 206 11 37 .

64 240 114 27 jestyksen
193 240 183 27 ylläpitämiseksi.
408 242 24 19 16
449 239 55 28 $:stä
527 240 102 23 ehdotan:
642 240 35 21 siis:
702 242 46 19 että
770 239 119 28 se:hyväk-

68 269 121 27 syttäisiin.

135 297 80 27 Pykälä
231 297 148 27 hyväksyttiin:
388 296 158 23 muuttamatta.

448 354 30 21 17:
489 352 27 28 8.

135 386 121 22 Professori
272 388 88 20 Donner:
376 387 77 21 Såsom
466 387 37 27 jag
518 387 58 21 förut
589 387 57 21 hade
662 389 55 19 äran:
729 382 116 36 framhålla,
856 387 33 21 in-

66 416 98 21 nehäller:
187 416 68 21 denna
262 411 10 36 :
277 415 101 28 paragraf
400 417 32 20 ett:
454 416 170 27 bemyndigande
646 415 34 22 för
697 416 106 27 styrelsen
820 417 32 20 att
867 416 21 21 in

68 449 53 16 casu.
135 443 74 27 afgöra:
223 445 40 20 när
277 444 106 27 styrelsen
399 444 80 26 ansäge
494 445 34 20 att
542 443 139 22 samfärdsels
694 443 69 22 behof
769 444 120 27 skulle.pä-

66 472 60 21 kalla
147 478 26 15 en
195 472 73 21 vidare
290 472 151 26 utsträckning
463 472 156 21 utöfver-hvad
634 472 254 29 koncessionsurkunden

68 500 123 27 innehäller,
215 501 137 21 alldenstund
374 501 42 21 den
438 503 25 19 är
485 501 24 21 sä
532 501 88 21 allmänt
642 500 96 22 affattad.
767 501 37 24 Ur
819 501 70 21 denna

65 529 111 27 synpunkt
197 529 68 22 finner
285 529 37 27 jag
344 529 37 22 det
398 536 52 14 vara
466 529 88 22 alldeles.
570 529 137 27 nödvändigt,
724 531 33 19 att
775 531 22 20 17
815 529 11 27 $
841 531 47 20 ute-

65 557 76 22 slutes.

135 592 88 21 Lehtori
240 592 87 21 Hällfors
342 592 94 27 yhdistyi
452 591 104 22 edellisen
571 592 97 27 puhujan
682 592 156 21 ehdotukseen:

135 626 160 21 Ratkaisevalla
318 626 156 25 enemmistöllä
495 626 122 27 päätettiin
628 627 48 22 että
691 626 26 21 17
733 624 19 32 8
764 631 24 16 on
804 625 82 22 asetus-

65 654 153 23 ehdotuksesta.
229 654 130 28 poistettava.

66 716 142 28 hyväksyttiin.
224 717 170 23 keskustelutta..

135 779 119 21 Professori
279 780 88 22 Donner;
390 779 150 26 Stiliseringen
554 779 23 21 af
591 779 185 26 den:förändring,
793 785 44 15 som
853 781 34 19 ut-

65 807 85 21 skottet
171 807 40 21 här
235 807 54 27 gjort
304 808 6 21 i
326 808 68 21 första
408 810 134 21 momentet;
554 808 69 26 ,dock
639 808 34 21 mä
689 808 122 26 föreslagen
826 808 61 26 afgift

66 835 48 22 icke
134 836 68 27 höjas,
223 836 18 27 ej
257 836 68 21 heller
340 836 112 21 nedsättas
468 836 68 21 under
551 836 48 26 den,
615 842 51 18 som
677 836 32 21 för
724 836 112 21 enahanda
850 836 38 21 be-

64 864 103 21 fordran''
183 870 18 16 o.
218 871 17 15 s.
250 871 27 20 v.,
300 864 107 22 förefaller.
426 865 45 26 mig
490 866 74 21 kunna
587 864 57 27 gifva.
665 865 115 26 anledning.
801 865 33 21 till
856 866 32 20 ett

66 892 159 21 missförständ.
254 893 41 21 Det:
317 893 69 21 kunde
407 892 66 21 fattas
490 893 36 24 sä,
537 894 32 19 att
585 893 40 21 den
641 892 68 27 afgift,
726 899 45 14 som
787 899 26 15 en
830 893 56 26 gäng

65 922 26 20 är
105 920 121 27 föreslagen
241 920 22 22 af
277 922 31 20 ett
324 921 68 26 bolag,
418 921 45 21 icke
484 921 122 21 sedermera
621 921 42 21 kan
679 920 117 22 förändras.
816 916 15 35 I
853 927 28 15 re-

65 950 136 21 servationen
224 952 37 19 äro
282 950 78 21 derför:
376 950 114 26 ordalagen
512 950 65 26 något
599 950 110 22 omstälda,
741 966 4 9 ,
749 950 138 26 Föreslagen

65 977 176 27 trafikafgift
214 973 27 36 mä
255 977 23 22 af
291 979 89 20 senaten
397 978 46 21 icke
458 978 69 27 höjas,
542 978 20 27 ej
578 978 68 21 heller
658 978 134 21 nedsättas'".
810 978 77 21 Denna

65 1005 98 22 lokution
185 1006 109 21 förefaller
316 1006 43 27 mig
381 1006 136 23 bestämdare
538 1006 105 27 ätergifva
661 1006 56 21 hvad
735 1012 46 15 som
797 1006 87 27 åsyftas.

65 1034 62 21 Tlvad.
150 1034 112 27 meningen
283 1034 33 21 för
338 1034 65 27 öfrigt
425 1034 107 21 materielt
554 1034 124 26 innehåller,
701 1040 64 21 synes
786 1034 41 21 den
842 1034 42 27 mig

65 1069 52 14 vara
131 1063 67 26 något
217 1063 34 21 för
272 1063 68 26 trång.
370 1063 39 21 Att
422 1063 121 21 bestämma
558 1064 33 20 att
604 1063 92 26 afgiften
710 1063 48 21 icke
774 1063 33 21 må
824 1063 61 27 höjas

63 1090 45 22 kan
123 1097 50 15 vara
188 1091 6 21 i
211 1091 32 21 sin
260 1091 94 26 ordning,
372 1097 48 15 men
436 1093 32 19 att
472 1091 131 21 bestämma
618 1092 33 20 att
667 1091 39 21 den
723 1091 46 21 icke
785 1091 35 21 får
833 1091 52 21 ned-

66 1121 69 20 sättas
157 1121 24 20 är
203 1120 122 26 påtagligen
339 1121 35 20 att
388 1119 72 22 alltför
474 1120 213 27 mycket:begränsa;
697 1121 33 23 ett
743 1120 76 27 bolags
834 1122 51 19 rätt.

67 1148 39 21 Om
123 1148 36 22 det
174 1154 63 16 anser
252 1148 46 22 med
316 1148 32 21 sin
363 1148 68 22 fördel
447 1148 234 22 öfverensstämmande
697 1150 36 22 att.
743 1148 142 25 nedsätta
850 1144 38 34 af-

64 1176 74 27 giften,
155 1177 25 21 så
194 1177 67 21 borde
276 1177 37 21 det
327 1177 35 20 väl
377 1176 61 22 hafva
452 1177 105 26 rättighet
567 1177 78 22 dertill.

134 1205 145 22 Kirkkoherra
294 1205 137 21 Schroderus:
461 1206 69 21 Tässä
546 1211 25 15 on
586 1205 61 21 aivan
663 1205 96 25 selvästi.
769 1205 125 27 professori,

65 1234 126 21 Donnerilla
204 1235 65 20 väärä
283 1234 93 27 käsitys;
393 1234 91 27 pykälän
500 1233 157 28 määräyksellä
671 1233 21 22 ei
702 1234 124 26 tarkoiteta,
837 1234 49 21 eikä

64 1262 74 27 pitäisi
161 1262 42 21 sitä
225 1262 70 22 voida
311 1262 42 21 niin
369 1262 181 27 ymmärtääkään,
567 1263 46 20 että
627 1262 109 22 rautatien
751 1262 100 27 omistaja
866 1262 20 21 ei

63 1290 54 21 saisi
133 1292 84 19 asettaa
232 1290 98 27 maksuja
345 1290 43 21 niin
404 1290 110 23 alhaisiksi
528 1290 52 21 kuin
589 1290 43 21 hän
643 1290 85 21 suinkin
740 1290 82 27 tahtoo,
832 1297 54 14 vaan

64 1324 25 16 se
113 1319 89 21 sisältää
225 1319 125 21 ainoastaan
374 1325 38 15 sen
434 1320 53 25 että,
509 1319 33 27 jos
563 1319 42 21 hän
620 1325 69 21 panee
703 1319 118 25 maksunsa
837 1319 49 24 kor-

63 1347 129 21 keammalle
213 1347 54 21 kuin
288 1347 80 21 valtion
391 1347 123 21 rautateillä
530 1347 20 27 ja
565 1347 69 21 siihen
656 1347 57 21 vielä
732 1347 55 21 lisää
803 1348 84 27 enempi

65 1376 52 21 kuin
141 1378 54 25 10:n,
218 1376 43 21 niin
284 1376 70 21 silloin
375 1382 25 15 on
415 1376 154 26 hallituksella,
583 1376 33 27 jos
632 1376 90 27 hyväksi
738 1376 73 26 näkee,
828 1376 59 25 valta

64 1403 76 22 laskea
161 1404 110 22 rautatien
293 1404 113 27 omistajan
428 1404 126 22 ehdottama
571 1410 84 15 summa
668 1404 134 26 alemmaksi,
817 1406 70 19 mutta

64 1433 21 21 ei
99 1433 132 21 kuitenkaan
247 1433 124 21 alemmaksi
386 1433 50 23 knin
452 1434 46 20 että
514 1439 22 15 se
554 1432 63 22 10:llä
633 1439 26 15 on
675 1433 28 27 yli
719 1433 83 25 valtion
813 1434 73 20 rauta-

66 1461 78 22 teiden.
176 1461 105 22 Sellainen
299 1467 25 15 on
340 1461 113 21 tarkoitus.
839 1461 1 3 |

133 1489 120 22 Professori
276 1490 90 21 Donner:
395 1490 42 26 Jag
459 1490 39 21 ber
524 1491 32 20 att
580 1491 52 25 gent
656 1491 68 20 emot.
737 1490 150 27 kyrkoherden

65 1517 134 23 Schroderus
213 1518 23 21 få
249 1518 118 26 framhålla,
384 1520 32 19 att
430 1518 56 22 intet
501 1517 47 24 skäl
563 1518 62 22 torde
639 1517 76 28 finnas,
731 1518 97 22 hvarföre
838 1518 49 22 icke
