1073 1753
197 112 42 22 570
445 118 25 18 R.
483 122 18 13 o.
514 118 23 17 A.
546 114 60 22 1888.
626 118 12 18 7
648 118 64 22 April.

166 204 78 26 ningar
267 203 23 21 af
311 209 49 21 nyss
375 204 74 21 anförd
465 204 149 21 beskaffenhet
629 204 119 21 emellertid
763 204 47 21 icke
826 206 52 19 utan
894 204 101 27 registre-

166 232 48 26 ring
229 232 40 21 och
284 232 88 21 dermed
386 232 94 27 följande
495 232 137 27 publikation
646 232 70 22 skulle
731 232 64 21 vinna
810 232 65 27 nödig
890 232 104 28 offentlig-

167 260 44 24 het,
233 260 71 21 kunde
329 260 36 22 det
387 261 40 21 lätt
449 261 71 21 hända
542 262 34 20 att
591 267 109 21 personer,
717 267 46 15 som
779 267 40 21 ega
834 267 82 15 samma
930 268 64 14 namn

167 289 53 21 eller
242 288 69 25 firma,
334 289 52 21 eller
407 289 44 21 lika
466 290 122 20 benämnda
603 289 133 27 fastigheter,
759 290 24 20 af
796 290 147 26 obekantskap
960 296 34 15 om

166 316 138 27 möjligheten
329 317 23 21 af
372 317 117 27 förvexling
511 318 71 21 skulle
604 318 124 21 föranledas
743 320 33 19 att
791 318 98 27 begagna
904 318 43 21 lika
962 318 32 27 ly-

166 345 69 22 dande
251 345 152 28 beteckningar
419 346 12 21 &
446 347 46 20 sina
506 353 71 14 varor.
608 346 79 21 Likasä
701 346 73 21 kunde
789 346 144 27 nyssberörda
948 353 46 15 om-

166 373 122 27 ständighet
303 375 64 21 lända
382 374 32 21 till
429 374 70 21 fördel
513 374 35 22 för
562 381 110 20 personer,
688 381 47 15 som
750 375 7 21 i
774 375 76 26 sviklig
864 374 64 27 afsigt
943 375 51 26 vilja

165 402 99 27 begagna
286 403 32 26 sig
340 403 24 21 af
376 403 157 22 namnlikheter
548 403 34 21 för
598 405 32 19 att
646 403 71 22 säsom
733 403 207 27 varubeteckningar
957 409 37 16 an-

164 431 72 21 vända
258 438 71 19 namn,
352 431 71 22 hvilka
445 438 50 15 vore
519 432 113 21 enahanda
656 432 52 21 eller
730 432 89 27 erbjöde
841 431 67 22 likhet
923 432 71 21 med
981 427 16 36 i

166 459 131 22 marknaden
313 460 65 21 redan
394 461 105 20 välkända
514 461 96 25 märken,
631 462 56 19 samt
702 461 7 20 i
724 460 103 21 händelse
844 460 24 21 af
881 459 113 27 rättegång

165 488 72 21 kunde
259 489 113 26 undskylla
395 489 30 26 sig
449 489 49 21 med
517 489 132 27 okunnighet
664 495 35 15 om
716 491 32 19 att
764 489 37 21 det
816 489 24 21 af
853 489 48 21 dem
916 489 77 26 begag-

165 517 56 21 nade
236 517 84 21 märket
336 517 65 22 redan
415 517 90 28 tidigare
521 517 70 22 blifvit
606 519 60 25 taget
680 518 7 20 i
703 517 101 27 anspråk.
835 517 45 21 Och
896 519 50 20 enär
957 517 37 21 det

166 545 34 21 för
214 552 26 14 en
255 546 144 26 yrkesidkare,
415 552 45 15 som
475 546 37 21 vill
527 545 104 21 förskaffa
646 547 38 20 sitt
698 553 65 14 namn
779 546 51 21 eller
845 545 148 27 betecknings-

165 575 44 20 sätt
234 574 142 26 erkännande,
399 574 82 21 medför
503 574 78 22 endast
603 574 62 27 rinza
686 574 66 27 utgift
775 574 39 21 och
830 574 116 26 omgångar
961 575 32 20 att

162 602 46 21 låta
229 602 138 27 inregistrera
389 603 123 26 detsamma,
536 604 57 20 samt
616 603 36 21 det
667 602 33 22 för
716 609 26 15 en
758 609 71 15 annan
843 602 145 28 yrkesidkare,

162 630 64 22 hvars
249 633 48 25 eget
319 632 52 20 eller
393 631 110 27 lägenhets
518 638 66 15 namn
599 631 43 21 kan
656 631 58 27 gifva
729 632 115 26 anledning
859 631 33 21 till
907 631 84 21 förvex-

163 660 45 26 ling
223 660 48 20 med
286 660 67 21 andra
368 660 141 27 likalydande,
524 660 48 21 icke
588 660 40 21 bör
644 660 92 27 erbjuda
750 660 71 27 någon
837 660 107 26 svårighet
960 662 32 19 att

164 690 80 24 antaga
259 694 26 15 en
300 688 132 27 beteckning,
449 695 44 15 som
509 688 48 21 från
573 689 69 26 dessa,
654 689 7 20 i
675 688 38 21 fall
730 689 26 20 de
771 690 37 19 äro
820 688 171 27 inregistrerade,

163 716 43 21 kan
222 717 116 26 särskiljas,
355 717 23 20 så
393 723 62 15 anser
470 717 108 21 utskottet
593 717 36 21 det
644 717 65 21 lända
725 717 33 21 till
774 717 79 21 allmän
868 716 74 27 fördel,
959 718 33 19 att

162 745 161 26 inregistrering
345 747 62 25 göres
431 745 33 21 till
487 747 30 20 ett
541 745 151 27 obligatoriskt
715 745 70 22 vilkor
806 745 33 21 för
854 745 136 22 uteslutande

163 775 45 19 rätt
222 775 34 19 att
270 773 98 22 använda
382 776 48 25 eget
440 780 70 20 namn,
520 774 65 21 firma
596 774 52 21 eller
658 780 52 21 egen
721 774 113 27 fastighets
845 779 64 15 namn
920 773 70 22 såsom

163 802 149 21 varumärke".

232 831 32 20 Hr
287 831 124 26 Furuhjelm
432 831 55 22 fäste
509 831 192 26 uppmärksamhet
719 831 36 21 vid
770 831 41 21 den
828 831 78 26 ökning
920 830 24 21 af
957 837 34 14 ar-

162 859 60 21 betet
236 859 36 21 vid
286 859 160 27 tullkamrarne,
463 866 45 15 som
524 860 69 21 blefve
608 866 27 14 en
650 859 53 27 följd
718 859 24 22 af
763 859 227 27 tullmyndigheternas

162 887 118 27 äläggande
296 889 33 20 att
345 888 113 21 öfvervaka
467 888 163 21 varuinförseln.
651 888 10 21 I
678 889 70 20 denna
763 888 35 21 del
813 888 39 20 har
868 887 40 21 den
923 888 67 21 redan

162 915 45 22 före
229 917 43 26 mig
295 917 148 26 uppträdande
464 917 84 21 talaren
570 917 82 21 lemnat
667 917 24 21 sä
706 916 199 21 tillfredsställande
920 917 70 20 utred-

162 944 56 27 ning,
242 947 33 19 att
294 945 38 26 jag
354 946 45 21 icke
421 947 98 19 närmare
542 945 104 22 behöfver
668 945 118 26 uppehälla
807 945 44 26 mig
866 945 34 20 vid
916 945 72 21 saken.

162 972 41 27 Jag
225 973 37 21 vill
278 973 55 22 blott
348 974 55 21 fästa
419 974 95 21 ständets
530 974 192 27 uppmärksamhet
738 973 28 27 pä
781 975 39 24 att,
836 972 28 22 dä
879 979 26 15 en
920 973 68 26 publi-

160 1001 74 21 kation
259 1001 23 22 af
299 1003 145 21 varumärken
459 1003 85 20 komme
560 1004 34 19 att
609 1003 44 24 ske,
670 1003 37 20 det
722 1002 48 21 icke
784 1002 34 21 för
834 1001 154 22 tullkamrarne

161 1029 67 22 borde
243 1031 96 20 medföra
354 1031 24 20 sä
393 1033 54 19 stort
462 1031 76 21 besvär
554 1033 33 19 att
602 1031 116 20 öfvervaka
734 1031 70 20 denna
819 1030 146 25 varuinförsel,
982 1031 7 20 i

162 1058 114 25 synnerhet
292 1065 46 14 som
353 1059 163 26 förfalskningar
531 1059 7 20 i
554 1059 98 21 utlandet
667 1059 47 20 icke
732 1060 38 19 äro
786 1058 23 21 sä
820 1057 72 22 alltför
903 1058 84 26 talrika,

161 1085 40 22 och
223 1086 117 21 inskränka
355 1087 32 26 sig
401 1087 33 21 till
450 1087 105 21 särskilda
570 1087 106 26 varuslag.
707 1087 34 20 Hr
756 1086 125 27 Furuhjelm
897 1087 91 26 ogillade

161 1114 65 21 också
240 1116 31 19 ett
286 1115 123 26 stadgande,
426 1122 44 15 som
486 1115 118 22 återfinnes
618 1115 24 21 sä
657 1115 35 21 väl
707 1116 7 20 i
730 1121 60 20 prop.
811 1121 45 15 som
871 1115 117 21 utskottets

160 1142 142 27 betänkande,
325 1145 106 26 nämligen
447 1144 42 26 det,
505 1151 45 14 som
566 1144 77 21 hänför
658 1144 32 26 sig
706 1144 34 20 till
755 1143 131 27 procedyren
901 1143 35 21 vid
952 1149 36 15 an-

160 1171 68 21 sökan
244 1178 34 15 om
294 1173 143 26 registrering.
466 1173 47 21 Den
529 1173 65 20 ärade
612 1173 84 20 talaren
711 1172 41 21 har
768 1174 72 19 ansett
855 1172 35 20 det
906 1172 81 26 olämp-

160 1199 38 27 ligt
214 1202 32 19 att
262 1201 285 26 ansökningshandlingarna
562 1201 69 21 skulle
646 1200 22 21 fä
683 1201 49 20 med
747 1202 77 25 posten
839 1200 100 21 insändas
954 1201 33 20 till

159 1228 202 28 industristyrelsen.
392 1230 41 26 Jag
457 1229 42 21 kan
521 1229 137 26 naturligtvis
680 1229 48 21 icke
751 1229 98 21 bestrida
871 1230 32 19 att
925 1229 23 21 af
961 1235 26 15 en

159 1256 67 22 sädan
249 1257 77 27 ätgärd
346 1258 63 21 omak
431 1258 84 21 komme
538 1259 33 20 att
595 1257 100 22 äsamkas
718 1257 204 27 industristyrelsen,
939 1263 48 15 men

158 1285 83 27 hoppas
264 1288 33 19 att
320 1286 36 21 det
379 1286 55 21 ändä
456 1287 47 20 med
525 1287 43 26 god
588 1286 50 27 vilja
654 1286 54 21 skall
724 1292 52 15 vara
791 1285 196 27 industristyrelsen

158 1314 84 27 möjligt
256 1316 33 19 att
304 1315 96 20 anordna
415 1315 68 21 denna
499 1315 45 21 sak.
575 1315 41 26 Jag
632 1315 82 26 hoppas
732 1314 36 21 det
784 1313 24 22 sä
823 1314 84 27 mycket
921 1320 65 20 mera,

158 1347 52 20 som,
226 1343 7 20 i
248 1343 38 20 fall
301 1343 75 26 frägan
391 1343 27 27 pä
434 1344 59 20 detta
508 1345 44 20 sätt
567 1343 43 21 kan
624 1343 64 25 lösas,
705 1343 124 26 derigenom
846 1349 26 14 en
882 1344 45 19 stor
937 1342 50 21 lätt-

156 1370 43 21 nad
222 1370 104 22 bereddes
348 1372 187 21 industriidkarne.
566 1371 48 22 Den
629 1371 101 26 kostnad,
754 1377 46 15 som
815 1371 33 21 Hr
862 1370 125 27 Furuhjelm

157 1398 77 21 trodde
258 1399 68 21 skulle
348 1399 86 21 komma
457 1402 32 19 att
509 1399 84 21 drabba
607 1399 204 25 industriidkarene,
828 1405 34 15 om
878 1399 26 20 de
920 1399 66 21 anlita

157 1426 86 26 ombud,
260 1429 24 19 är
298 1427 68 21 heller
381 1428 47 21 icke
443 1428 24 21 sä
482 1428 67 26 ringa,
566 1434 45 15 som
628 1428 40 20 den
684 1428 67 20 ärade
766 1427 84 21 talaren
860 1427 73 26 tyckes
944 1428 41 24 tro,

156 1454 28 22 dä
207 1454 43 22 han
272 1456 37 20 vill
331 1458 53 24 göra
405 1456 98 26 gällande
523 1458 33 19 att
572 1456 26 22 de
613 1462 112 20 personer,
742 1462 46 15 som
803 1456 84 20 komme
903 1457 32 19 att
950 1455 36 21 be-

155 1489 71 21 gagna
242 1484 32 26 sig
288 1484 23 21 af
324 1484 26 21 de
366 1484 114 26 förmåner,
497 1485 69 21 denna
581 1484 127 27 författning
724 1484 123 26 medgifver,
864 1486 36 18 äro
909 1483 24 21 så
943 1482 43 22 för-

156 1513 84 25 mögna,
264 1513 32 20 att
318 1512 26 21 de
367 1519 41 20 nog
431 1513 71 21 kunna
524 1512 118 22 vidkännas
665 1513 26 20 de
706 1513 50 21 med
772 1512 90 21 ombuds
878 1512 106 21 anlitande
