1081 1739
355 129 25 17 R.
394 133 17 13 o.
423 129 23 17 A.
455 130 59 16 1888.
527 129 24 17 19
557 129 64 21 April.
828 123 40 21 739

75 222 49 15 man
139 216 35 20 väl
190 216 100 26 erkänna,
306 217 33 19 att
355 222 48 14 man
420 215 39 21 här
475 216 45 20 icke
531 216 67 26 begär
608 215 69 27 nägra
687 215 150 27 orimligheter,
847 215 52 20 utan

75 244 45 22 helt
142 244 107 26 naturliga
271 244 69 21 saker.
372 244 46 21 Den
434 244 109 21 detektiva
559 244 60 21 sidan
635 243 22 21 af
671 243 228 27 polistjenstgöringen,

76 272 90 22 likasom
188 273 100 26 tillsynen
311 272 58 22 öfver
392 274 67 25 vägar
481 272 39 22 och
543 272 72 26 broar,
635 272 69 21 skulle
719 272 61 20 äfven
795 272 106 27 framgent

77 302 85 20 komma
184 302 33 20 att
239 300 69 28 åligga
331 301 211 27 kronobetjeningen.
573 300 82 22 Genom
678 302 31 20 ett
724 300 76 22 sådant
815 300 86 22 särskil-

75 330 65 27 jande
161 330 24 21 af
204 329 123 27 göromålen
343 330 91 20 emellan
450 330 79 20 krono-
544 330 41 21 och
599 328 151 28 landspolisen,
761 330 61 20 torde
837 328 65 22 också

78 358 43 22 alla
142 359 173 21 allvarsammare
338 358 117 21 konflikter
471 358 38 21 och
524 358 202 27 kompetenstvister
742 358 47 20 dem
805 358 96 25 emellan,

78 393 46 15 som
147 386 206 22 ekonomiutskottet
375 386 74 27 tyckes
472 386 80 27 befara,
571 387 72 21 kunna
658 386 149 21 förekommas.
837 386 66 21 Detta

78 416 40 22 bör
140 416 46 21 icke
208 415 68 21 heller
297 415 77 21 hindra
392 415 108 21 hvardera
515 416 32 20 att
563 416 35 20 vid
613 415 84 21 tillfälle
712 414 56 28 gifva
783 414 120 21 hvarandra

79 444 167 26 handräckning.
276 444 130 26 Visserligen
430 444 86 26 stadgas
531 444 7 20 i
555 444 40 21 den
611 444 48 20 nåd.
676 450 59 20 prop.
752 443 65 21 bland
831 444 72 24 annat,

80 475 33 19 att
134 473 192 26 ordningsmännen
342 478 33 16 om
391 473 58 21 inom
465 472 109 22 distriktet
589 472 106 22 föröfvadt
711 472 58 21 brott
783 472 54 20 böra
852 472 53 26 göra

81 502 99 21 anmälan
203 501 39 21 hos
259 501 172 26 kronolänsman,
447 507 50 15 men
512 502 60 20 detta
587 503 24 19 är
625 501 35 21 väl
674 500 47 22 icke
736 507 64 19 mera,
817 502 27 19 än
859 505 45 15 som

82 530 79 27 åligger
183 529 73 27 hvarje
275 529 142 21 rättänkande
433 530 148 27 medborgare,
597 530 40 20 och
653 536 34 14 om
703 529 99 27 slutligen
817 534 26 16 en
857 527 49 28 grof

81 558 114 26 brottsling
210 559 100 25 ertappas
324 558 29 27 på
367 558 40 21 bar
422 559 96 26 gerning,
533 558 24 22 så
572 558 70 27 gripes
657 558 44 20 han
715 558 34 21 väl
765 557 63 21 också
843 557 23 21 af
879 556 26 22 de

82 586 143 27 förbigående,
248 592 34 16 om
305 586 26 22 de
353 586 51 27 eljes
424 587 67 21 hafva
505 586 70 28 hjerta
589 588 7 20 i
611 587 89 21 bröstet.
730 586 81 27 Lyckas
826 586 37 21 det
877 591 29 15 nu

84 622 26 15 en
131 615 56 27 gång
210 616 32 20 att
263 615 22 21 få
308 621 26 15 en
350 615 49 21 fullt
413 615 100 21 utbildad
529 616 138 26 sjelfstyrelse
682 616 57 20 inom
754 615 153 21 kommunerna

84 644 33 21 till
139 644 70 26 stånd,
232 643 23 21 så
277 646 71 24 öppna
371 644 32 26 sig
417 644 51 21 med
485 644 117 22 detsamma
617 644 155 21 vidsträcktare
787 643 40 21 och
842 643 65 26 högre

84 679 50 21 vyer
156 672 33 22 för
212 678 25 15 en
259 672 125 26 fortgående
400 673 122 26 utveckling
537 673 24 21 af
574 672 162 28 sjelfstyrelsens
751 672 88 27 princip.
868 670 39 22 Tid

85 701 53 21 efter
160 707 71 15 annan
252 701 64 21 hafva
330 701 79 27 anlopp
423 701 42 21 här
481 702 64 20 redan
561 701 67 27 gjorts
643 707 34 15 om
693 700 110 22 införande
818 700 39 21 hos
873 705 34 16 oss

86 729 23 21 af
130 729 90 21 härads-
242 730 40 20 och
304 730 224 26 länsrepresentation.
566 730 69 22 Dessa
656 729 73 21 försök
751 729 64 21 hafva
835 728 74 27 hvarje

86 758 54 28 gäng
162 758 104 26 strandat,
286 765 50 15 vare
353 758 30 27 sig
399 759 32 20 att
445 758 116 22 initiativet
575 759 33 21 till
624 758 47 21 dem
688 758 70 27 utgätt
772 757 48 22 frän
835 757 74 27 styrel-

86 793 38 16 sen
145 787 53 21 eller
216 787 96 21 enskilda
325 787 173 26 landtdagsmän.
527 787 107 22 Hvarför?
663 787 95 21 Emedan
773 793 55 19 man,
845 785 65 27 enligt

86 815 44 22 min
152 815 142 28 uppfattning,
316 816 47 21 icke
385 816 43 21 kan
443 816 64 27 börja
520 816 93 27 uppföra
627 822 26 15 en
668 815 99 28 byggnad
781 814 47 22 frän
843 814 67 25 taket,

87 845 52 20 utan
160 843 68 22 mäste
249 846 53 25 göra
325 845 36 20 det
383 844 47 21 frän
445 845 104 26 grunden.
579 845 49 21 Men
643 844 32 21 lät
690 850 35 15 oss
740 850 26 15 en
780 843 55 27 gäng
849 843 22 20 fä
885 849 26 15 en

87 873 89 26 verklig,
192 872 96 22 lefvande
305 873 138 27 sjelfstyrelse
459 873 58 22 inom
532 873 155 22 kommunerna
702 873 38 20 och
756 874 109 25 väggarna
879 871 33 21 till

88 901 132 27 byggnaden,
235 901 284 27 häradsrepresentationen,
535 902 56 21 skall
606 903 59 20 snart
680 907 42 20 nog
736 901 53 27 följa
803 900 55 21 efter
873 899 39 22 och

88 930 77 21 krönet
180 929 52 22 eller
247 930 67 27 taket,
329 930 122 27 länstinget,
473 931 46 21 icke
534 930 68 21 heller
617 931 61 26 länge
694 929 44 22 läta
752 931 64 19 vänta
831 928 28 27 pä
874 928 38 27 sig.

88 957 213 22 Ekonomiutskottet
322 958 147 27 ifrägasätter,
487 959 6 21 i
509 959 76 26 början
607 959 23 21 af
651 959 37 21 sitt
703 957 141 27 betänkande,
860 957 53 21 nöd-

89 987 142 26 vändigheten
253 987 47 21 utaf
320 993 27 15 en
367 987 147 27 förstärkning
529 987 23 21 af
565 987 144 27 polismakten
724 986 27 27 pä
766 986 78 21 landet.
873 985 42 26 Jag

89 1017 45 20 tror
157 1017 33 19 att
214 1015 37 21 det
273 1015 69 22 skulle
357 1015 48 22 föra
420 1016 44 26 mig
480 1016 34 21 för
528 1015 65 28 långt,
610 1022 34 15 om
658 1016 37 27 jag
710 1015 67 21 skulle
790 1014 67 21 inläta
872 1013 43 27 mig

90 1043 32 22 uti
143 1045 32 20 ett
196 1043 129 27 detaljeradt
339 1044 130 22 bemötande
485 1045 23 21 af
521 1045 60 20 detta
594 1045 78 20 inkast.
702 1044 43 21 Der
759 1043 56 22 talas
829 1049 35 15 om
880 1042 36 21 det

90 1071 68 22 finska
179 1072 78 21 folkets
279 1073 114 26 laglydnad
416 1073 41 21 och
473 1073 68 21 andra
556 1075 59 19 stora
629 1073 86 27 dygder,
734 1072 71 21 hvilka
818 1071 37 27 jag
869 1071 47 21 icke

91 1101 37 21 vill
148 1101 133 26 ifrägasätta,
303 1107 50 16 men
375 1101 62 22 äfven
458 1108 37 15 om
511 1102 25 21 de
551 1102 112 25 erkännas,
679 1101 25 22 sä
718 1101 60 21 torde
794 1099 101 28 ätgärder
909 1099 8 21 i

92 1129 76 22 sädant
183 1129 60 27 syfte,
259 1135 46 16 som
319 1129 40 22 här
374 1130 55 21 varit
445 1129 64 28 fräga
523 1137 41 19 om,
575 1130 116 27 ingalunda
700 1135 61 16 anses
773 1128 144 27 öfverflödiga.

92 1158 41 27 Jag
154 1159 46 20 tror
222 1159 43 26 mig
287 1158 23 21 sä
332 1159 85 27 mycket
439 1159 70 22 hellre
531 1159 72 21 kunna
617 1158 83 27 förbigä
715 1159 59 20 detta
789 1159 68 24 ämne,
873 1163 45 14 som

91 1187 37 26 jag
148 1187 36 20 väl
205 1186 43 21 kan
258 1187 63 27 vädja
338 1187 33 21 till
387 1193 26 15 en
428 1187 67 22 hvars
511 1193 51 21 egen
578 1187 129 26 erfarenhet,
724 1187 39 21 och
778 1185 139 22 Ekonomiut-

93 1215 81 21 skottet
189 1215 62 26 sjelft,
268 1215 39 22 sist
323 1216 40 21 och
378 1216 109 27 slutligen,
500 1216 104 21 erkänner
614 1218 30 19 att
660 1215 116 27 nägonting
785 1213 56 22 ändä
852 1213 66 21 borde

93 1243 97 26 tillgöras
206 1243 34 22 för
254 1250 27 15 en
296 1243 122 22 förbättrad
433 1244 111 27 polisvärd
558 1244 28 27 pä
601 1244 78 21 landet.
710 1245 10 20 I
735 1243 76 22 sädant
821 1241 99 22 afseende

93 1271 99 22 förordar
207 1272 213 22 Ekonomiutskottet
435 1273 119 27 ordagrant
569 1273 37 21 det
620 1273 86 26 förslag,
722 1279 44 14 som
782 1271 40 21 den
837 1270 8 21 i
860 1271 61 20 ären-

95 1301 36 21 det
152 1300 92 21 tillsatta
266 1301 95 22 komitén
381 1301 56 21 hade
453 1301 102 27 uppgjort
570 1301 34 22 för
619 1308 26 14 en
661 1300 168 27 reorganisation
844 1298 23 21 af
881 1298 40 21 den

95 1329 58 27 lägre
168 1329 206 28 kronobetjeningen
389 1329 28 27 pä
431 1330 84 21 landet.
544 1330 41 27 Jag
600 1330 39 21 har
654 1336 29 15 nu
693 1329 108 27 ingenting
811 1328 64 25 emot,
887 1333 35 14 om

96 1357 83 22 landets
202 1359 86 20 ständer
307 1359 49 20 med
372 1359 31 20 sin
420 1359 121 21 auktoritet
555 1358 51 27 vilja
620 1358 87 21 förorda
723 1358 59 21 detta
796 1356 87 26 förslag,
899 1355 24 21 sä

96 1387 48 21 vida
167 1386 37 21 det
224 1386 56 22 läter
296 1387 30 26 sig
341 1389 58 24 göra,
417 1386 27 22 dä
461 1387 75 21 derom
551 1387 46 21 icke
613 1387 70 26 nägon
697 1386 48 21 näd.
761 1391 60 21 prop.
837 1384 86 26 förelig-

96 1421 44 21 ger,
164 1421 48 15 men
233 1415 37 27 jag
292 1415 39 21 ber
353 1417 32 19 att
400 1415 23 21 fä
437 1415 94 27 päpeka,
547 1417 32 19 att
595 1415 35 22 det
645 1415 47 21 icke
707 1415 43 21 kan
765 1414 68 22 kallas
849 1413 33 21 för
898 1418 26 16 en

97 1444 145 26 förstärkning
264 1443 23 22 af
303 1444 82 26 polisen
401 1444 28 26 pä
444 1444 83 26 landet,
542 1446 39 18 när
596 1450 49 15 man
660 1444 113 21 reducerar
789 1443 48 21 dess
852 1447 72 21 perso-

98 1472 35 21 nal
148 1472 33 21 till
195 1472 81 21 hälften
292 1472 22 21 af
329 1472 48 22 dess
392 1473 128 21 nuvarande
534 1474 106 25 numerär,
656 1474 52 20 utan
723 1474 38 24 att,
777 1471 70 21 säsom
858 1469 69 21 komi-

98 1501 37 21 ten
150 1500 12 21 &
178 1501 32 20 sin
233 1500 46 22 sida
301 1500 63 28 gjort,
387 1503 58 19 sätta
468 1501 117 27 nägonting
608 1503 65 19 annat
687 1501 8 21 i
710 1500 77 21 stället.
817 1497 109 23 Betänkli-

99 1534 50 22 gare
164 1530 24 19 är
204 1528 222 23 Ekonomiutskottets
436 1530 101 21 uttalade
547 1529 89 27 farhäga
647 1530 80 26 derom,
737 1530 33 20 att
780 1528 48 21 näd.
839 1532 87 21 prop:ns
