1075 1739
346 129 26 18 R.
384 133 18 13 o.
414 129 22 17 A.
446 129 61 17 1888.
521 129 20 17 17
549 128 63 22 April.
820 122 41 20 723

389 214 177 29 Hällskjutsningen.

138 260 120 26 Föredrogs
280 260 173 21 Bondeständets
472 260 36 21 vid
523 262 85 19 senaste
623 260 85 26 plenum
724 266 75 20 genom
815 267 25 15 en
855 260 36 22 de-

68 290 99 26 putation
182 288 116 22 framförda
312 289 126 27 inbjudning
453 289 33 21 till
502 289 24 21 R.
543 295 18 15 o.
578 289 25 21 A.
615 291 32 19 att
657 288 75 22 förena
742 289 32 27 sig
784 296 33 15 om
827 290 64 21 först-

69 318 91 21 nämnda
183 318 74 21 ständs
279 318 71 21 beslut
365 318 7 20 i
388 317 257 27 hällskjutsningsfrägan,
662 317 88 21 hvarvid
766 318 60 21 ordet
841 318 51 22 lem-

68 346 66 22 nades
148 346 24 22 ät

141 398 58 21 Frih.
215 398 25 21 R.
256 398 24 20 A.
297 397 99 26 Wrede,
414 403 46 15 som
475 397 96 27 yttrade:
587 397 42 26 Jag
644 397 38 21 ber
697 397 22 21 fä
734 398 111 21 hemställa
861 398 32 20 till

71 427 32 21 Hr
117 426 217 22 Landtmarskalkens
351 426 40 20 och
407 425 97 22 ständets
520 426 151 26 bepröfvande,
687 425 105 22 huruvida
802 426 36 21 det
848 426 45 21 icke

68 462 52 15 vore
136 458 55 19 mest
214 455 111 26 sakenligt,
343 456 33 19 att
392 454 125 27 ytterligare
532 454 119 27 bordlägga
667 454 58 21 detta
741 455 41 21 bet.
799 454 32 22 till
847 455 48 21 dess

72 484 211 21 Fkonomiutskottet
303 483 119 21 inkommer
437 484 49 20 med
502 484 37 20 sitt
555 483 294 27 sammanjemkningsförslag
863 483 32 21 uti

71 512 257 27 häliskjutsningsfrägan.
359 512 130 26 Derigenom
504 518 81 15 vunnes
601 512 41 21 den
657 512 101 26 fördelen,
770 514 31 19 att
812 512 83 21 ståndet

72 542 46 20 icke
141 541 90 21 behöfde
254 542 76 20 tvänne
353 540 79 26 gänger
452 540 122 27 handlägga
589 547 82 15 samma
685 540 66 27 fräga.
780 541 41 26 Jag
836 543 60 24 tager

73 570 106 26 nämligen
202 569 33 21 för
252 568 65 28 gifvet
332 570 33 20 att
388 571 32 19 ett
442 569 297 27 sammanjemkningsförslag
754 570 95 20 kommer
865 571 31 19 att

74 598 95 26 afgifvas,
192 597 27 21 dä
233 598 7 20 i
255 598 50 21 flere
324 598 68 20 andra
407 598 94 26 punkter
517 598 56 20 olika
589 598 110 26 meningar
715 598 76 21 mellan
807 598 89 21 stånden

74 633 40 20 ega
128 633 53 15 rum.

145 684 33 20 Hr
192 690 41 14 von
249 683 143 27 Knorring:
417 683 41 26 Jag
477 683 40 21 ber
532 684 32 20 att
579 683 7 21 i
601 683 42 21 allo
660 683 21 21 få
697 684 129 22 understöda
841 684 56 20 Frih.

76 712 89 21 Wredes
181 712 85 26 förslag,
283 712 23 21 sä
321 712 85 26 mycket
421 718 67 19 mera,
505 718 44 14 som
559 712 210 22 Ekonomiutskottet
779 713 66 21 redan
855 712 44 21 vid-

75 742 54 25 tagit
145 741 99 27 ätgärder
259 740 32 21 för
302 740 331 27 sammanjemkningsförslagets
644 742 136 26 uppgörande
791 741 39 21 och
841 741 58 21 detta

77 769 90 27 förslags
183 769 130 22 slutförande
329 769 101 27 möjligen
445 769 72 21 kunde
533 769 86 21 komma
634 771 33 19 att
683 770 84 26 rubbas,
783 771 7 20 i
798 770 101 21 händelse

77 799 24 20 R.
119 805 17 14 0.
152 798 26 21 A.
194 805 29 14 nu
245 798 67 21 skulle
335 797 56 22 fatta
413 797 67 26 något
496 798 70 21 beslut
581 798 7 20 i
603 799 114 26 anledning
732 799 22 20 af
768 798 132 22 Bondestän-

76 827 48 21 dets
140 826 137 22 förevarande
292 827 132 26 inbjudning.

149 890 50 21 Med
221 889 98 21 afseende
335 889 13 21 å
363 889 57 20 hvad
437 895 29 14 nu
482 889 70 21 blifvit
567 889 87 22 anfördt
669 890 69 21 beslöt
753 891 25 21 R.
794 897 18 14 o.
828 890 25 21 A.
870 892 31 19 att

79 918 116 27 bordlägga
217 917 171 22 Bondeständets
402 917 142 22 förevarande
560 918 131 27 inbjudning,
707 919 32 21 till
755 920 47 21 dess
817 919 84 21 Ekono-

78 947 149 21 miutskottets
243 946 298 27 sammanjemkningsförslag
556 947 7 20 i
579 949 71 20 ämnet
665 948 117 21 inkommit.

405 1055 174 28 Posisparbanken.

152 1112 119 27 Föredrogs
287 1112 39 21 och
341 1113 130 26 godkändes.

154 1163 177 22 Statsutskottets
353 1164 138 21 betänkande
513 1163 40 22 N:o
570 1165 12 20 6
598 1164 7 21 i
621 1165 112 26 anledning
754 1165 23 21 af
794 1165 111 26 Postspar-

80 1191 185 27 banksstyrelsens
281 1193 31 20 till
328 1193 116 20 ständerna
459 1193 82 26 afgifna
556 1193 90 21 relation
663 1199 33 15 om
711 1193 194 28 postsparbankens

81 1220 99 21 tillstånd
195 1221 39 20 och
249 1221 129 26 förvaltning
393 1221 67 21 under
477 1221 25 21 år
519 1222 60 20 1887.

335 1323 134 24 Poströrelsen
486 1323 24 30 pä
525 1324 132 29 landsbygden.

154 1380 119 28 Föredrogs
295 1381 115 21 Allmänna
432 1381 201 22 Besvärsutskottet
654 1381 134 22 betänkande
804 1381 40 21 N:o
862 1381 25 21 16
903 1381 6 21 i

87 1409 112 27 anledning
214 1409 23 22 af
251 1411 31 20 ett
292 1410 32 20 till
335 1409 166 22 Presteständet
512 1410 87 27 ingifvet
609 1410 181 28 petitionsförslag
800 1409 109 27 angäende

85 1438 146 22 förbättrande
247 1438 23 22 af
283 1438 145 27 poströrelsen
442 1438 28 27 pä
487 1439 153 27 landsbygden.

155 1500 58 21 Frih.
228 1501 77 26 Boije
327 1501 146 21 understödde
493 1502 42 21 den
550 1502 137 26 reservation,
703 1508 45 14 som
764 1502 22 21 af
800 1502 32 21 Hr
847 1500 64 27 Schy-

87 1528 92 26 bergson
194 1529 104 27 vidfogats
313 1529 119 22 utskottets
448 1530 143 21 betänkande.
