1073 1736
360 129 26 16 R.
400 133 18 12 o.
431 129 89 18 A.1888.
539 129 10 16 7
563 129 64 21 April.
836 122 42 21 573

76 215 121 27 ringsafgift
220 214 22 21 af
256 215 26 20 25
305 214 61 21 mark
388 214 48 21 icke
454 215 66 21 hinna
534 215 40 21 till.
605 215 114 21 Dessutom
735 216 46 19 tror
793 214 37 27 jag
846 213 62 22 dessa

76 243 69 22 bilder
160 243 6 21 i
181 243 108 27 praktiskt
310 243 100 21 afseende
433 243 65 22 blifva
513 243 158 26 oanvändbara,
687 243 28 21 dä
731 243 26 21 de
769 242 24 27 ju
807 242 48 22 icke
869 244 37 19 äro

76 272 146 26 fullkomligen
242 271 106 21 faksimila
362 271 151 27 afbildningar,
529 272 138 26 hvarigenom
681 271 75 21 vidare
771 271 136 27 olägenheter

75 301 29 26 på
118 301 70 27 grund
203 300 23 21 af
246 300 116 21 utskottets
384 300 167 27 tilläggsförslag
568 300 8 21 i
591 300 14 28 &
622 301 27 20 10
664 300 72 21 kunde
751 300 83 26 uppstå.
864 299 43 22 För

76 329 65 27 öfrigt
156 335 62 21 synes
233 329 43 27 mig
291 328 102 27 förslaget
408 330 33 19 att
457 329 90 21 clichéer
563 329 32 21 till
611 328 102 22 märkena
728 328 61 22 skola
803 329 103 21 inlemnas

76 358 35 21 vid
126 358 187 27 inregistreringen
327 364 53 14 vara
395 357 134 27 öfverflödigt
565 358 76 21 Denna
651 358 134 26 bestämning
795 356 61 28 ingår
866 357 41 21 vis-

76 387 90 27 serligen
182 386 65 22 ocksä
261 386 7 21 i
284 386 40 21 den
340 386 48 21 näd.
403 392 69 20 prop.,
488 393 49 15 men
553 392 25 15 en
591 386 66 21 sädan
668 386 133 26 bestämning
811 386 95 20 kommer

76 417 32 19 att
123 415 33 22 för
171 415 180 23 industriidkaren
366 414 98 22 medföra
478 417 59 19 stora
552 415 116 21 kostnader
684 414 39 22 och
739 415 46 21 icke
801 415 35 20 det
851 420 56 20 gagn

75 450 50 16 man
147 444 86 27 äsyftat.
264 443 16 21 T
303 450 18 14 o.
338 450 26 14 m.
389 450 35 14 om
447 450 49 15 man
520 444 83 21 bortser
625 444 55 21 ifrån
696 450 25 14 en
737 443 133 27 publikation
886 442 22 21 af

75 473 103 21 märkena
193 473 7 21 i
216 473 26 21 de
265 471 90 22 officiela
375 472 78 21 bladen
473 472 40 22 och
530 473 75 21 endast
620 472 56 22 afser
691 472 62 22 dessa
769 472 89 21 clich&er
873 470 33 22 för

75 502 134 26 publikation
225 501 46 21 frän
286 501 208 27 industristyrelsens
510 502 52 23 sida,
573 502 72 20 kunde
655 501 34 21 väl
701 501 62 22 dessa
772 501 67 21 under
850 500 57 21 olika

76 530 181 26 omständigheter
272 530 7 20 i
294 530 57 20 olika
372 530 75 21 manér
465 530 114 22 utfärdade
594 530 103 26 stämplar
711 530 48 21 icke
773 530 86 20 komma
873 528 34 21 till

76 559 134 26 användning
232 558 7 21 i
262 564 25 15 en
310 564 121 21 gemensam
455 559 55 21 atlas
536 558 58 22 öfver
617 559 42 21 alla
680 558 7 21 i
710 559 49 21 hela
781 558 72 22 landet
875 557 31 21 in-

75 587 142 27 registrerade
233 587 146 21 varumärken.
410 587 30 21 Af
455 587 41 22 den
512 587 61 27 äsigt,
586 587 37 27 jag
638 587 33 21 för
686 587 44 21 min
746 587 34 21 del
794 587 69 26 hyser,
874 587 33 19 att

75 616 134 27 publikation
225 615 23 22 af
261 616 87 21 märken
364 622 77 20 genom
456 616 131 21 illustration
603 616 7 21 i
627 616 26 21 de
668 615 91 22 officiela
772 615 77 21 bladen
860 614 47 22 icke

75 645 107 25 behöfves,
206 651 62 20 synes
283 651 25 14 en
323 645 123 26 nödvändig
468 645 53 27 följd
541 645 65 21 blifva
621 646 33 20 att
669 644 61 22 äfven
746 644 161 26 bestämningen

76 679 33 15 om
126 673 118 22 clich&erna
265 673 71 22 kunde
355 673 139 22 bortlemnas.
524 674 33 21 En
573 673 118 27 afbildning
706 673 23 21 af
741 673 84 21 märket
840 671 67 22 borde

76 702 54 21 dock
145 702 7 21 i
168 702 72 27 hvarje
263 702 36 21 fall
322 702 34 21 vid
379 702 163 27 inregistrering
564 702 23 21 af
604 703 84 20 märket
702 702 133 21 medsändas.
866 700 41 22 Till

76 731 62 21 dessa
153 731 89 26 detaljer
257 731 36 20 vill
306 731 36 26 jag
358 731 134 21 äterkomma
508 731 36 20 vid
557 731 156 26 granskningen
729 731 23 21 af
766 731 25 21 de
802 729 105 22 särskilda

74 759 153 27 paragraferna
242 759 39 21 och
296 759 36 21 vill
348 765 29 15 nu
392 759 78 22 endast
485 761 53 26 göra
553 760 40 21 den
609 759 106 22 allmänna
730 759 130 26 invändning
875 759 32 20 att

75 788 37 21 det
127 788 107 21 sannolikt
249 794 51 15 vore
314 788 125 27 lämpligare
456 790 33 19 att
504 788 64 21 hafva
583 795 26 14 en
620 788 124 27 förordning
754 789 8 20 i
772 789 77 24 ämnet,
860 792 46 15 som

74 819 25 18 är
114 817 71 21 hällen
200 817 7 20 i
218 817 130 21 allmännare
358 817 90 26 ordalag
460 817 52 21 eller
522 817 49 21 med
581 817 82 21 mindre
675 816 231 27 detaljbestämningar,

75 847 26 19 än
126 852 24 14 en
174 845 72 24 sädan,
270 852 45 14 som
338 851 51 16 vore
411 851 62 16 mera
491 848 84 24 strängt
591 846 123 26 detaljerad,
731 846 27 21 dä
771 845 24 27 ju
811 845 59 20 detta
882 845 25 20 är

75 876 31 18 ett
122 874 67 21 första
212 874 72 21 försök
307 874 32 20 till
361 874 35 26 lag
418 880 36 15 om
471 874 69 27 skydd
556 874 32 21 för
603 874 107 21 inhemskt
725 873 127 22 varumärke
867 872 40 21 och

75 902 121 22 erfarenhet
218 908 34 16 om
276 903 47 21 dess
344 902 80 22 verkan
448 903 42 21 och
512 903 111 27 praktiska
638 903 133 27 tillämpning
787 903 56 22 inom
859 902 49 26 eget

76 931 50 21 land
148 931 47 21 icke
217 931 119 27 föreligger.
366 931 41 27 Jag
430 932 144 21 understöder
596 932 71 21 derför
682 932 32 20 för
729 932 44 21 min
789 930 34 22 del
838 930 7 21 i
860 928 46 22 huf-

76 960 80 21 vudsak
173 960 41 21 den
229 960 47 21 näd.
293 966 60 21 prop.

145 1017 31 21 Hr
192 1017 23 21 L.
232 1017 141 21 Mechelin:
404 1017 32 22 Hr
452 1024 42 15 von
510 1018 97 26 Wrights
622 1018 112 21 förmodan
749 1019 33 19 att
791 1017 37 27 jag
838 1015 69 21 skulle

75 1046 65 20 hafva
154 1045 100 22 förbisett
269 1046 117 21 utskottets
408 1047 131 27 motivering
560 1046 27 28 pä
603 1047 38 21 sid.
657 1050 13 18 4
687 1046 22 22 af
722 1044 146 23 betänkandet
883 1045 25 19 är

74 1074 117 26 ingalunda
214 1074 70 27 riktig.
315 1074 40 27 Jag
378 1074 40 22 har
440 1076 98 21 tvärtom
560 1076 123 26 upprepade
706 1075 79 27 gänger
810 1073 98 22 studerat

76 1103 116 21 utskottets
215 1103 135 21 betänkande
374 1103 40 21 och
438 1104 51 21 dess
512 1104 134 26 motivering,
669 1110 47 15 men
739 1104 39 20 har
801 1101 107 23 derunder

75 1132 75 20 endast
166 1132 82 21 kunnat
263 1132 112 26 bestyrkas
390 1132 8 21 i
413 1132 45 21 min
476 1132 56 27 äsigt
547 1135 33 19 att
594 1133 107 21 utskottet
715 1133 33 21 för
759 1131 117 23 ernäendet
886 1129 23 21 af

74 1160 56 21 vissa
145 1160 111 26 praktiska
272 1160 99 26 fördelar,
388 1167 44 14 som
450 1162 40 20 äro
506 1161 57 21 blott
579 1161 110 26 skenbara,
713 1161 48 21 lätit
776 1158 132 28 rättsprinci-

74 1194 47 20 pen,
138 1188 80 27 hvarpä
234 1189 61 26 lagen
311 1189 55 20 skall
382 1189 88 27 byggas,
488 1190 188 27 undanskymmas.
706 1189 62 22 Hvad
787 1189 36 21 det
838 1187 69 21 första

74 1216 23 21 af
111 1217 107 21 utskottet
233 1217 91 22 berörda
339 1217 37 22 fall
392 1218 143 26 vilkommer,
559 1219 106 26 nämligen
688 1220 32 19 att
736 1218 69 27 nägon
822 1216 22 21 af
858 1215 49 21 obe-

74 1245 106 26 kantskap
196 1246 48 21 med
260 1246 98 21 tillvaron
374 1246 24 21 af
418 1253 27 14 en
470 1247 138 27 likalydande
624 1247 61 21 firma
707 1247 56 21 bona
781 1246 42 21 fide
838 1243 69 22 skulle

74 1273 104 27 anbringa
193 1276 31 19 ett
240 1275 68 26 dylikt
324 1275 72 21 märke
412 1275 28 26 pä
456 1275 35 22 sin
508 1282 57 19 vara,
582 1276 75 21 hänför
673 1276 59 21 detta
747 1276 31 26 sig
789 1275 33 20 till
830 1273 78 27 ytterst

74 1303 102 26 sällsynta
192 1303 166 26 undantagsfall,
374 1303 40 22 och
430 1304 28 21 dä
475 1305 30 26 pä
521 1307 58 19 ömse
591 1305 58 21 sidor
665 1305 124 20 honnetetet
805 1302 103 21 förutsät-

73 1334 39 20 tes,
128 1331 62 22 torde
205 1332 34 20 väl
256 1332 34 21 vid
305 1332 67 21 första
389 1333 160 22 rättskollision
565 1333 40 22 den
621 1333 66 21 saken
705 1333 51 21 reda
779 1333 32 25 sig
827 1330 82 26 derige-

74 1366 56 19 nom,
146 1362 32 19 att
194 1360 48 26 den,
259 1367 45 14 som
320 1367 75 14 senare
411 1361 83 27 begynt
517 1363 98 20 använda
630 1361 76 22 sädant
721 1361 80 25 märke,
826 1359 83 22 skrider

73 1388 32 21 till
120 1389 48 20 dess
184 1389 128 21 utvexlande
327 1391 45 19 mot
388 1391 32 20 ett
435 1393 71 18 annat
522 1391 81 24 märke,
619 1391 39 21 och
667 1391 73 20 vinner
748 1388 161 28 inregistrering

73 1417 57 21 derå.
161 1417 62 21 Hvad
246 1417 47 22 åter
315 1418 133 21 vidkommer
474 1419 44 21 den
542 1419 183 26 omständigheten
744 1421 32 18 att
792 1416 117 23 uteblifven

72 1446 137 26 registrering
232 1446 23 21 af
275 1446 136 21 firmamärke
434 1446 36 22 för
490 1454 65 14 varor
577 1448 68 20 skulle
669 1448 123 20 underlätta
808 1444 102 23 svekfullt

72 1474 146 26 anbringande
234 1474 23 21 af
271 1474 57 27 dylik
344 1474 68 27 firma,
435 1475 40 21 ber
490 1476 39 26 jag
545 1476 75 22 endast
635 1476 22 21 fä
679 1476 84 27 päpeka
778 1477 39 23 att,
834 1480 33 15 om
884 1478 26 15 en

72 1508 77 20 person
172 1504 48 20 med
243 1504 89 26 vetskap
356 1509 34 15 om
413 1505 33 20 att
467 1510 29 15 en
513 1511 70 15 annan
599 1511 88 20 persons
702 1511 63 14 namn
781 1504 52 21 eller
848 1502 62 21 firma

72 1530 116 22 betecknar
204 1538 25 14 en
246 1532 96 26 begärlig
357 1538 58 20 vara,
431 1532 71 22 likväl
518 1534 7 20 i
542 1534 72 20 stället
629 1533 33 21 för
678 1534 36 20 sitt
730 1535 47 25 eget
793 1538 64 16 namn
872 1536 38 15 an-
