1081 1736
366 124 23 15 R.
404 127 17 12 o.
434 123 88 16 A.1888.
548 123 12 16 2
573 121 50 21 Maj.
840 113 40 22 947

146 209 33 21 Hr
200 209 24 21 L.
248 208 213 27 Gripenberg:
492 207 57 26 Med
563 206 114 26 anledning
700 206 21 21 'at
740 206 56 20 Frih.
813 206 95 26 Langen-

77 238 80 22 skiölds
173 239 83 20 senaste
272 237 100 27 yttrande
388 236 37 21 ber
439 237 36 25 jag
485 236 21 20 få
517 234 130 25 hänvisastill
659 235 38 21 sid.
711 235 32 25 57,
757 235 36 21 der
804 234 106 21 utskottet

78 266 88 22 föreslär
188 268 32 19 att
242 272 29 14 nu
293 265 160 27 ifrägavarande
474 263 223 28 jernvägsbyggnader
720 262 68 22 skulle
811 263 23 21 sä
849 264 60 20 snart

78 295 37 22 ske
130 295 43 20 kan
188 293 99 28 päbörjas
303 294 40 21 och
358 293 81 21 utföras
456 293 5 20 i
477 292 153 25 sammanhang
654 292 47 21 med
725 291 184 22 Savolaksbanans

78 323 118 28 byggande.
227 323 33 20 Dä
284 321 173 22 Savolaksbanan
483 321 60 22 skall:
560 321 101 20 slutföras
686 320 65 21 under
767 319 144 22 innevarande

78 351 149 28 finansperiod,
243 351 23 21 sä
289 351 61 21 torde
374 350 61 21 deraf
457 349 88 27 framgå,
561 352 32 19 att
609 349 60 21 äfven
687 349 68 21 denna
770 347 142 28 banbyggnad

79 381 66 21 borde
160 380 100 21 slutföras
276 379 57 21 inom
348 385 81 15 samma
445 379 30 20 tid
491 378 40 21 och
547 378 59 21 detta
622 377 73 27 anslag
706 377 82 21 säledes
799 376 32 21 för
843 377 68 21 denna

79 409 75 27 period
169 408 79 22 ansläs.

148 466 33 21 Hr
196 465 25 22 Pi
231 465 173 27 ppingsköld:
429 464 41 27 Jag
486 464 95 21 anhåller
596 464 21 21 få
634 464 138 26 understödja
787 463 58 21 Frih.
856 463 55 21 Lan-

80 494 121 28 genskiölds
224 495 105 26 yttrande.
361 493 61 22 Hvad
445 493 210 26 Jernvägsutskottet
675 492 7 21 i
699 492 68 21 denna
782 491 59 27 fräga
856 493 57 20 utta-

80 523 30 22 lat
133 523 48 21 med
204 523 98 21 afseende
327 523 14 20 &
365 522 129 26 tidsföljden,
511 524 24 19 är
557 522 6 20 i
587 521 71 27 hvarje
677 521 36 22 fall
729 521 46 21 icke
790 527 41 20 nog
847 521 64 20 klart.

80 552 98 21 Säledes*
191 557 61 21 synes
270 551 42 27 mig
329 553 30 19 att
376 551 39 21 den
432 551 66 20 första
514 550 93 22 talarens
622 550 95 27 yrkande
733 549 66 22 borde
814 551 97 24 upprätt-

80 580 75 25 hällas,
172 580 38 21 och
226 586 62 15 anser
304 580 37 26 jag
356 579 32 21 för
404 579 69 26 öfrigt,
490 581 31 19 att
537 579 52 21 intet
605 579 73 25 anslag
693 578 23 21 af
729 578 24 21 R.
771 584 18 14 o.
805 578 25 20 A.
847 577 66 21 borde

80 608 102 26 beslutas,
208 610 51 19 utan
284 611 32 18 att
333 607 96 22 deröfver
451 607 166 21 Statsutskottet
637 607 68 21 blifvit
720 606 73 27 hördt;
811 606 53 21 dock
881 608 32 18 att

80 637 102 22 särskildt
197 636 129 22 härutinnan
343 642 109 16 reservera
468 636 48 27 mig,
532 635 69 22 finner
614 636 36 26 jag
666 636 93 26 onödigt.

150 694 58 21 Frih.
224 694 26 21 K.
267 693 210 27 Langenskiöld:
504 693 33 21 Dä
553 693 114 21 ständerna
682 693 83 27 nyligen
782 693 84 21 beslöto
879 698 34 15 om

82 725 30 19 ett
134 722 124 28 ytterligare
282 722 73 26 anslag
378 722 33 20 för
434 721 174 22 Savolaksbanan
625 722 66 21 under
707 722 23 20 är
747 722 61 23 1888,
825 721 86 26 anslogo

82 752 115 21 ständerna
218 752 28 26 pä
264 757 82 15 samma
361 751 55 26 gäng
434 750 112 26 1,600.780
563 750 59 21 mark
638 750 32 21 för
686 750 81 21 banans
782 749 130 22 slutförande

82 780 67 21 under
172 780 24 21 år
220 780 61 24 1889,
304 779 81 21 hvilket
408 779 132 21 sistnämnda
559 779 73 26 anslag
648 779 90 21 sålunda
753 778 40 22 hör
809 778 32 21 till
857 780 56 20 näst-

81 808 92 28 följande
184 808 142 26 finansperiod
339 808 148 21 1889—1891.
509 807 33 21 Nu
555 810 60 24 säger
627 808 105 20 utskottet
741 807 46 21 icke
799 807 114 26 bestämdt,

83 844 34 14 om
140 836 200 22 Kotka—Kouvola
362 836 70 22 banan
456 836 55 21 skall
526 836 99 27 påbörjas
643 836 54 22 1888
713 836 51 21 eller
781 836 60 21 1889.
872 836 42 21 Det

83 868 61 24 säger
168 865 81 21 endast.
273 867 32 19 att
328 865 35 20 det
386 864 54 21 skall
463 865 38 21 ske
519 865 6 20 i
541 864 102 21 samband
660 865 47 20 med
731 864 182 21 Savolaksbanans

82 893 120 28 byggande.
232 893 40 27 Jag
295 893 43 21 kan
361 893 71 21 derför
447 893 47 21 icke
509 899 57 20 anse,
583 895 32 19 att
630 893 113 26 tillräcklig
757 893 86 21 klarhet
858 893 56 20 före-

82 922 74 27 ligger,
172 924 52 19 utan
240 922 61 21 torde
317 922 36 21 det
376 928 51 15 vara
442 921 136 27 nödvändigt,
595 923 31 19 att
641 922 19 21 R
683 928 18 15 o.
718 922 25 20 A.
757 924 100 19 närmare
872 921 41 21 for-

83 951 93 21 mulerar
198 950 38 22 sitt
258 950 70 21 beslut
350 950 7 21 i
381 950 59 21 detta
463 950 100 21 afseende
593 951 26 26 på
639 950 35 21 det
689 950 164 21 Statsutskottet
868 949 47 22 icke

83 979 68 22 måtte
167 979 85 21 komma
267 979 7 20 i
290 979 85 27 bryderi
391 979 35 21 vid
441 979 148 26 uppgörandet
605 979 22 21 af
640 979 46 21 sina
701 979 146 26 beräkningar.

152 1036 34 21 Hr
202 1036 25 22 A.
244 1036 185 22 Schauman:
462 1036 45 27 Mig
522 1042 61 21 synes
599 1036 36 21 det
651 1036 86 21 alldeles
753 1035 111 27 sjelffallet,
874 1036 39 21 och

84 1065 69 26 någon
176 1064 60 28 fråga
258 1065 39 21 har
319 1065 74 22 derom
416 1065 39 21 alls
477 1065 47 21 icke
539 1065 73 21 väckts
627 1065 58 21 inom
700 1064 214 27 Jernvägsutskottet,

84 1093 69 22 såvidt
166 1093 37 27 jag
218 1093 88 27 känner,
322 1095 32 20 att
370 1093 59 22 detta
445 1093 74 27 anslag
534 1093 33 21 för
577 1093 180 22 Kotka-Kouvola
767 1093 68 22 banan
847 1093 68 22 skulle

84 1122 51 27 utgå
156 1121 47 22 från
225 1124 62 19 nästa
306 1121 145 28 finansperiod.
489 1122 74 21 Såsom
579 1128 48 15 man
643 1128 34 15 ser
692 1122 7 21 i
714 1122 27 21 H.
757 1123 26 20 K.
799 1121 50 22 M:ts
866 1122 48 21 nåd.

84 1157 62 20 prop.
168 1157 36 15 om
226 1150 74 27 anslag
322 1150 33 22 till
371 1157 40 21 nya
424 1150 260 27 jernvägsanläggningar,
700 1150 66 22 finnes
779 1151 24 26 ju
818 1151 98 21 Kouvola

86 1191 19 3 —
112 1178 73 22 Kotka
197 1179 116 26 jernvägen
329 1179 38 21 der
381 1181 109 25 upptagen
506 1178 72 22 ibland
594 1179 54 21 dem,
665 1179 32 21 för
711 1179 82 21 hvilkas
803 1178 112 22 utförande

85 1207 68 21 skulle
176 1207 82 21 anvisas
282 1207 26 21 de
327 1207 120 27 tillgångar,
463 1213 46 15 som
526 1208 66 20 undev
609 1208 138 21 1889—1891
767 1207 62 21 blifva
846 1208 69 26 dispo-

85 1235 58 21 nibla
158 1235 7 21 i
180 1235 281 26 kommunikationsfonden,
479 1236 40 21 och
535 1237 32 20 att
581 1237 24 20 så
621 1235 68 22 skulle
704 1236 44 25 ske,
764 1235 39 22 har
811 1235 106 22 utskottet

85 1263 81 27 antagit
181 1270 46 15 som
243 1270 25 15 en
283 1264 70 27 gifven
369 1264 44 21 sak.

152 1321 33 20 Hr
207 1321 25 21 K.
257 1321 24 21 G.
305 1321 226 26 Standertskjöld:
562 1321 45 21 Min
629 1321 134 28 uppfattning
786 1324 24 19 är
825 1321 46 21 litet
887 1321 30 21 af-

85 1349 91 22 vikande
196 1349 46 22 från
267 1349 39 21 den
331 1349 32 21 Hr
386 1349 242 22 Schauman
524 1349 104 22 uttalade.
660 1351 33 21 Då
709 1350 208 27 Jernvägsutskottet

85 1377 141 28 uttryckligen
242 1377 109 27 förklarat,
367 1379 33 20 att
418 1377 85 22 arbetet
517 1379 27 26 på
561 1378 71 22 Kotka
644 1391 8 2 -
662 1379 97 21 Kouvola
769 1379 70 22 banan
850 1378 67 22 borde

86 1406 86 27 vidtaga
195 1406 132 22 omedelbart
351 1406 38 21 och
413 1406 7 21 i
438 1407 153 26 sammanhang
611 1407 48 22 med
682 1407 179 26 Savolaksbanan,
878 1407 40 21 och

87 1435 69 21 denna
178 1435 56 21 bana
254 1437 23 19 är
300 1434 73 22 afsedd
389 1436 32 19 att
436 1434 89 22 afslutas
543 1436 54 20 1888
613 1437 23 20 så
651 1438 32 19 att
699 1437 75 20 endast
789 1435 129 27 komplette-

86 1462 147 28 ringsarbeten
248 1463 85 21 komme
356 1465 32 19 att
409 1463 126 21 verkställas
553 1464 60 26 1889,
629 1470 62 21 synes
707 1464 36 21 det
758 1464 112 27 sjelffallet,
887 1465 31 19 att

87 1491 95 27 anslaget
198 1491 32 21 för
246 1491 71 21 Kotka
333 1490 70 22 banan
419 1491 67 21 borde
503 1492 82 22 anvisas
600 1493 67 21 under
682 1492 142 22 innevarande
839 1492 79 22 finans-
