1073 1734
332 121 25 17 R.
370 125 18 13 o.
400 120 23 17 A.
430 120 58 17 1888.
500 120 24 17 10
535 119 64 21 April.
808 112 41 22 639

124 208 40 20 1:0.
194 206 54 26 Den,
271 212 45 16 som
338 206 126 27 godkänner
485 205 68 22 första
575 205 62 21 delen
659 204 23 22 af
702 205 116 21 utskottets
832 204 50 26 bet.,

54 234 145 23 innefattande
214 234 73 28 frågan
302 241 34 15 om
350 234 102 27 åtgärder
466 234 34 21 för
514 233 119 22 hindrande
648 232 23 22 af
688 233 118 23 smittosam
828 232 56 28 sjuk-

55 264 61 22 doms
131 263 115 27 spridning,
261 264 69 20 röstar
342 263 36 27 ja;

125 292 73 22 vinner
212 292 42 26 nej,
269 293 24 20 är
307 291 116 22 utskottets
438 290 44 22 bet.
498 290 7 22 i
520 290 70 22 denna
605 290 34 22 del
654 290 125 26 förkastadt;

124 348 86 22 hvilken
225 354 59 22 prop.
299 348 127 22 besvarades
440 347 50 22 med
505 346 155 28 öfvervägande
674 347 44 27 nej;

126 407 35 21 2:0
190 406 54 27 Den,
260 411 44 16 som
320 405 122 26 godkänner
458 404 68 21 andra
541 404 61 21 delen
618 403 22 22 af
653 404 116 22 utskottets
785 404 47 26 bet.,
849 403 36 22 be-

56 434 105 23 träffande
176 435 75 26 frågan
266 440 35 15 om
316 433 91 22 vikaries
422 432 119 26 aflönande,
557 434 70 20 röstar
643 433 30 24 ja;

126 463 74 22 vinner
216 463 40 26 nej,
272 462 38 21 har
326 462 22 21 R.
366 467 18 16 o.
401 461 25 22 A.
437 461 106 22 förkastat
553 461 60 22 äfven
625 461 69 21 denna
705 461 33 22 del
748 461 23 22 af
779 461 105 27 förslaget.

128 520 46 22 Och
196 525 46 16 som
265 519 60 22 äfven
348 519 69 21 denna
436 524 62 21 prop.
520 517 129 22 besvarades
671 518 48 21 med
735 518 151 27 öfvervägande

59 549 41 26 nej,
123 548 56 21 hade
201 548 113 21 Allmänna
336 546 209 23 Besvärsutskottets
567 546 43 22 bet.
634 546 7 21 i
664 548 71 20 ämnet
750 546 68 22 blifvit
832 546 7 21 i
854 546 49 22 sin
894 542 12 37 :

59 577 72 22 helhet
146 576 22 22 af
181 577 85 21 ständet
281 575 124 22 förkastadt.

363 706 224 23 Författareunderstöd.

130 764 11 21 I
162 763 153 28 ordningsföljd
337 763 109 27 föredrogs
469 763 172 22 Bondeständets
657 763 34 21 vid
706 763 85 27 plenum
806 763 41 21 den
862 763 26 20 27

61 792 95 23 sistlidne
182 792 58 21 Mars
262 791 124 22 meddelade
408 791 126 28 inbjudning
556 791 32 22 till
607 791 26 21 R.
649 798 19 15 o.
684 792 25 21 A.
725 793 32 20 att
771 791 72 21 förena
858 790 32 27 sig

63 827 35 16 om
119 821 171 21 Bondeständets
311 820 70 21 beslut
402 820 7 21 i
425 819 76 28 frågan
516 826 35 15 om
566 819 119 28 beviljande
701 819 22 22 af
735 819 64 28 årligt
813 819 77 22 under-

60 849 50 23 stöd
125 850 23 21 ät
162 849 110 22 inhemske
286 849 110 21 författare
412 849 56 27 (pag.
485 849 129 26 516—517).

131 906 31 22 På
176 906 94 27 begäran
284 906 107 21 lemnades
407 906 62 21 ordet
484 906 24 21 ät

132 946 57 21 Frih.
205 946 23 22 af
241 946 134 26 Schultén,
391 952 46 15 som
447 946 95 25 yttrade:
559 946 38 21 Att
607 945 160 22 Bondeståndet
781 946 70 20 ansett
860 945 32 27 sig

62 974 53 22 böra
130 974 86 27 vidtaga
230 974 102 27 åtgärden
340 976 32 19 att
382 974 88 26 inbjuda
482 974 25 21 de
518 974 67 26 öfriga
595 974 91 22 stånden
697 976 32 19 att
736 974 73 21 förena
819 973 32 27 sig
861 973 31 21 uti

63 1003 171 22 Bondeståndets
249 1002 69 22 beslut
333 1002 7 21 i
355 1002 146 27 föreliggande
516 1002 65 28 fråga,
597 1002 40 22 bär
651 1002 67 22 vittne
729 1008 34 15 om
774 1002 36 21 det
821 1008 72 15 varma

64 1032 89 21 intresse
171 1031 161 22 Bondeståndet
352 1030 62 28 hyser
437 1030 34 22 för
494 1031 41 21 den
560 1030 111 22 inhemska
695 1030 198 22 skönlitteraturens

64 1060 107 26 framsteg,
195 1059 41 22 och
258 1060 39 21 den
316 1060 44 26 vigt
375 1059 85 21 ståndet
475 1060 74 26 lägger
564 1060 57 26 uppå
635 1061 33 19 att
684 1060 119 21 densamma
818 1064 76 20 genom

63 1088 124 22 statsmedel
212 1088 146 22 understödes.
387 1088 38 21 Uti
447 1088 42 21 den
504 1094 74 15 varma
592 1088 106 21 nitälskan
713 1087 32 21 för
760 1086 135 22 skönlittera-

64 1119 69 24 turen,
148 1123 46 14 som
210 1116 158 22 Bondeståndet
383 1117 24 21 så
422 1116 79 27 tydligt
515 1116 60 27 gifvit
591 1116 109 27 tillkänna,
716 1115 116 28 inneligger
854 1115 41 22 den

64 1145 125 26 kraftigaste
212 1151 92 21 gensaga
325 1147 57 19 emot
404 1145 55 26 dem,
484 1145 71 21 hvilka
570 1144 101 27 förmena,
688 1147 32 19 att
735 1145 26 21 de
776 1143 68 22 ideela
860 1143 36 22 be-

65 1173 77 22 hofven
156 1173 33 21 för
204 1176 32 19 ett
250 1173 44 22 folk
309 1173 73 25 borde,
398 1173 48 21 med
462 1173 83 28 hänsyn
560 1173 33 22 till
609 1173 39 22 den
671 1173 130 22 omvärdnad
825 1174 71 20 staten

65 1201 41 22 bör
120 1207 53 21 egna
189 1202 55 26 dem,
260 1201 72 22 ställas
347 1201 53 22 först
415 1201 7 21 i
437 1201 68 22 andra
520 1201 52 22 eller
587 1202 68 26 tredje
670 1203 91 20 rummet
783 1201 53 21 eller
857 1200 39 21 hos

65 1231 33 20 ett
111 1229 72 27 fattigt
198 1230 44 21 folk
256 1230 46 21 helt
317 1230 39 21 och
372 1230 66 21 hållet
453 1229 164 22 tillbakasättas.
648 1230 98 21 Nämnda
761 1229 69 26 stånd,
845 1228 53 21 hvil-

65 1258 37 22 ket
118 1257 53 22 dock
186 1258 47 21 icke
248 1259 61 21 torde
331 1259 73 21 kunna
426 1258 100 22 förnekas
549 1259 80 21 vitsord
648 1258 7 21 i
679 1259 97 21 afseende
798 1258 13 21 &
834 1256 63 21 bedö-

66 1286 77 22 mande
165 1286 27 25 af,
215 1287 70 21 säsom
308 1287 65 21 orden
395 1286 51 22 föllo
470 1287 34 26 sig
525 1287 33 21 för
580 1293 26 15 en
629 1287 67 21 talare
712 1287 34 20 vid
762 1287 30 20 ett
807 1285 90 26 tidigare

66 1315 164 26 sammanträde,
247 1315 98 25 ,hvilken
362 1315 77 26 otrolig
454 1315 65 21 möda
534 1315 40 22 och
589 1315 94 26 arbete",
704 1315 71 21 hvilka
797 1313 101 22 försakel-

66 1349 36 16 ser
123 1343 83 21 fordras
228 1343 33 21 för
282 1345 32 20 att
336 1343 50 28 fylla
408 1345 84 20 statens
507 1343 68 26 kassa,
591 1343 59 22 detta
665 1344 62 21 stånd
743 1342 74 23 tvekar
832 1341 18 27 ej
866 1343 33 20 att

68 1372 64 21 derur
154 1371 72 22 hemta
248 1378 26 15 en
298 1372 47 27 dyrt
362 1371 123 22 förvärfvad
500 1372 93 27 penning
608 1372 7 21 i
631 1371 54 28 syfte
700 1374 31 19 att
746 1370 102 27 befrämja
863 1369 37 22 det

68 1400 84 26 andliga
168 1399 66 22 behof
246 1400 188 21 skönlitteraturen
449 1402 167 25 representerar.
648 1401 35 20 Må
699 1407 50 14 vara
764 1401 32 20 att
812 1405 25 15 en
860 1397 40 22 allt

68 1428 33 21 för
115 1431 45 18 stor
175 1428 127 27 sangvinism
317 1428 7 21 i
339 1427 99 23 afseende
453 1429 14 20 å
484 1429 155 26 verkningarna
653 1428 23 22 af
689 1431 80 19 statens
785 1426 116 23 understöd

68 1457 24 20 åt
106 1456 188 22 skönlitteraturen
309 1457 42 21 kan
366 1457 74 26 spåras
456 1456 7 21 i
480 1457 41 21 den
536 1457 53 21 ifver
604 1457 160 21 Bondeståndet
781 1455 61 28 gifvit
864 1455 37 21 be-

68 1484 31 21 vis
114 1485 62 27 uppå;
192 1485 72 21 säkert
280 1487 23 19 är
318 1485 6 20 i
340 1485 42 21 alla
396 1485 44 24 fall,
456 1487 35 19 att
507 1485 64 22 derur
585 1485 150 28 framskymtar
750 1491 26 15 en
791 1483 55 27 ärlig
861 1482 39 22 och

67 1512 52 27 liflig
135 1513 139 27 öfvertygelse
290 1519 34 16 om
340 1514 31 20 att
387 1515 31 19 ett
433 1513 46 22 folk
495 1513 46 22 icke
556 1513 65 22 lefver
637 1514 75 21 endast
727 1513 22 22 af
762 1513 60 21 bröd.
