1081 1745
198 115 42 22 972
482 122 24 17 R.
520 127 18 12 o.
550 123 23 16 A.
583 123 59 16 1888.
666 123 13 16 2
692 122 49 22 Maj.

170 207 118 22 Norrméns
312 207 80 28 förslag
414 215 34 14 om
465 209 129 26 återremiss,
610 209 52 21 eller
677 209 39 21 ock
732 209 31 21 uti
779 208 59 22 förra
854 209 60 22 delen
930 209 23 22 af
966 210 34 20 Hr

170 236 183 27 Standertskjölds
369 238 137 21 reservation.
528 237 48 22 Men
592 238 70 21 tillika
677 237 68 22 måste
759 237 37 27 jag
812 237 27 27 på
854 238 36 21 det
905 238 93 21 bestäm-

170 265 61 21 daste
254 265 136 22 tillbakavisa
412 266 32 21 Hr
460 266 89 21 Muncks
565 266 118 27 påstående
698 267 80 25 derom,
803 268 32 19 att
850 267 126 26 regeringen
991 266 7 21 i

170 293 42 27 god
234 294 32 21 tid
288 293 56 22 förut
368 295 68 20 skulle
459 295 63 21 hafva
544 295 47 21 haft
612 295 34 21 del
668 295 24 21 af
708 295 42 21 alla
765 295 127 26 handlingar
907 295 93 22 rörande

170 322 173 27 Björneborgska
362 323 115 27 jernvägen
494 324 39 21 och
550 325 32 20 att
597 324 132 27 proposition
745 323 90 22 sålunda
850 323 68 22 skulle
934 323 66 22 hafva

170 351 82 21 kunnat
268 351 159 22 åstadkommas
443 353 65 20 redan
524 353 32 20 till
572 353 70 20 denna
658 353 109 26 landtdag.
797 352 58 21 Utan
871 352 99 21 afseende
986 352 13 21 å

171 379 36 21 det
230 380 152 27 ofullständiga
402 381 66 26 skick,
492 381 60 21 hvari
575 381 63 21 dessa
653 381 127 26 handlingar
795 381 62 21 äfven
872 381 34 21 för
922 383 78 19 närva-

171 409 66 20 rande
257 408 85 22 befinna
357 409 37 27 sig,
410 409 39 21 och
466 409 90 21 oaktadt
571 410 105 20 utskottet
691 410 28 26 på
733 409 71 27 grund
819 410 23 20 af
856 410 61 20 dessa
933 409 67 21 hand-

171 437 69 25 lingar
256 439 70 18 ansett
342 437 31 26 sig
389 437 53 22 böra
456 437 78 22 föreslå
550 444 26 14 en
592 437 95 22 definitiv
702 438 124 26 sträckning
841 437 23 22 af
874 438 76 25 banan,
961 437 40 22 ber

168 465 37 26 jag
221 465 55 21 blott
291 465 21 20 få
328 465 87 22 hänvisa
431 466 33 21 till
479 473 47 20 pag.
542 467 14 20 4
572 467 31 20 uti
618 467 41 20 den
675 466 48 21 nåd.
735 473 67 20 prop.,
813 466 77 21 hvaraf
898 465 103 28 framgår,

171 495 33 19 att
220 494 36 20 det
271 493 53 22 sista
339 495 115 26 yttrandet,
471 495 92 21 rörande
579 495 223 26 Björneborgsbanan,
814 497 24 19 är
849 495 100 21 dateradt
959 495 41 21 den

172 523 12 20 9
199 522 89 21 Januari
306 523 60 26 1888,
382 523 45 22 före
443 523 85 22 hvilken
544 524 42 26 dag
601 524 118 21 detsamma
734 524 47 21 icke
796 523 82 21 kunnat
896 523 32 22 till
940 529 60 16 sena-

171 553 36 19 ten
229 551 115 26 inkomma,
367 551 86 22 hvarför
476 553 39 20 och
538 552 28 21 då
587 553 130 26 landtdagen
733 559 38 14 var
786 552 170 21 sammankallad
967 552 33 21 till

172 580 39 21 den
229 581 24 20 17
270 580 89 21 Januari
373 581 142 22 innevarande
532 581 29 25 år,
578 581 126 26 påståendet
719 583 32 19 att
767 581 154 26 handlingarna
936 581 7 20 i
958 581 42 26 god

172 608 31 21 tid
225 609 59 20 förut
301 609 55 21 varit
372 609 34 21 för
428 612 87 19 senaten
531 610 138 27 tillgängliga,
686 610 68 21 måste
784 616 62 14 anses
862 616 51 14 vara
928 609 72 22 obefo-

172 637 57 26 gadt.
260 638 38 20 Att
322 644 25 14 en
366 644 67 20 prop.,
450 645 44 14 som
510 641 59 18 utom
586 639 105 20 Karelska
706 639 77 25 banan,
799 638 201 21 Kotka—Kouvola

172 666 70 21 banana
266 666 38 21 och
327 667 213 26 Wasa-hamnspåret
562 669 57 19 ännu
638 667 124 27 ytterligare
778 667 69 21 skulle
864 667 88 21 omfatta
968 669 32 18 ett

172 695 130 26 detaljeradt
325 695 79 26 förslag
426 695 34 22 för
481 696 223 26 Björneborgsbanan,
729 703 34 14 om
789 696 63 21 hvars
878 695 122 27 sträckning

172 723 109 27 åsigterna
289 724 54 20 varit
359 725 132 26 synnerligen
507 725 81 25 delade,
605 725 46 21 icke
662 725 42 20 kan
715 724 169 22 sammanblåsas
895 723 27 28 på
933 724 67 27 några

172 752 72 26 dagar,
261 753 62 20 torde
339 753 78 20 enhvar
432 753 40 21 lätt
488 753 72 21 kunna
575 753 49 21 inse.

242 810 33 21 Hr
289 810 24 21 B.
330 809 24 22 O.
371 809 151 22 Schauman:
552 810 74 21 Ehuru
639 811 37 26 jag
691 810 122 27 visserligen
828 809 55 22 hade
898 811 54 20 trott
968 811 31 20 att

173 839 40 21 den
235 838 172 27 Björneborgska
426 839 122 27 jernvägen,
564 845 49 15 vare
628 839 32 27 sig
674 839 65 22 sedan
755 839 41 20 den
811 845 41 15 ena
866 838 52 22 eller
933 838 67 21 andra

172 867 156 26 sträckningen,
344 867 68 21 skulle
427 873 51 15 vara
492 868 23 20 af
528 869 68 19 större
612 867 123 22 ekonomisk
751 869 60 24 nytta
826 867 33 21 för
873 867 71 21 landet
960 866 40 22 och

172 895 55 21 hade
249 895 49 21 bort
321 895 121 27 föredragas
465 895 85 22 framför
574 896 40 21 den
636 902 28 15 nu
687 895 97 22 beslutna
804 894 104 22 Karelska
922 894 78 27 banan,

172 930 44 14 som
238 924 124 21 betecknats
378 924 39 21 här
432 925 68 21 såsom
517 930 25 15 en
558 924 134 26 kulturbana,
709 924 39 22 och
764 924 67 21 ehuru
844 924 36 26 jag
896 924 105 20 erkänner

172 952 117 26 lojaliteten
313 952 21 21 af
355 952 57 22 såväl
436 953 32 21 Hr
485 952 187 27 Standertskiölds,
688 959 46 15 som
750 952 100 22 särskildt
866 952 32 21 Hr
912 952 89 27 Gripen-

171 980 63 27 bergs
259 980 109 22 uttalande
391 982 107 26 angående
522 981 25 21 de
566 981 109 27 yrkanden
690 981 220 27 Jernvägsutskottets
926 980 75 22 betän-

172 1009 70 21 kande
264 1009 116 21 innehåller
402 1010 110 26 angående
534 1010 220 26 Björneborgsbanan,
778 1010 23 20 så
824 1010 67 20 måste
904 1009 36 27 jag
955 1008 45 22 helt

171 1038 146 26 anspräkslöst
340 1038 26 21 be
388 1040 32 19 att
442 1038 20 21 få
487 1038 84 22 ansluta
594 1038 41 27 mig
658 1038 32 22 till
713 1038 33 21 Hr
770 1037 116 22 Norrméns
902 1037 99 21 tillbaka-

171 1066 100 22 hållande
287 1066 84 27 förslag,
387 1066 5 21 i
409 1066 111 22 förlitande
536 1068 27 26 på
578 1067 53 21 hans
646 1066 129 28 bepröfvade
797 1066 204 26 statsmannainsigt,

172 1094 38 22 och
227 1094 68 22 tillika
310 1095 129 21 understöda
455 1095 133 27 regeringens
605 1095 138 27 proposition.

240 1152 57 20 Frih.
315 1152 23 21 G.
356 1152 128 22 Aminoff:
517 1153 49 21 Man
582 1153 38 21 har
635 1153 67 21 under
718 1152 86 22 aftonen
819 1153 23 20 så
858 1151 83 28 mycket
956 1158 45 14 om-

171 1180 63 20 ordat
256 1180 183 27 nödvändigheten
462 1184 32 18 att
516 1181 62 27 hejda
601 1181 39 21 den
664 1183 58 19 stora
743 1180 166 28 jernvägsifvern
932 1180 6 20 i
954 1180 48 21 vårt

170 1208 56 21 land.
251 1208 39 22 och
305 1209 62 21 hvem
389 1210 85 21 förenar
496 1210 31 26 sig
548 1210 46 21 icke
617 1216 34 15 om
675 1210 70 21 denna
760 1208 164 27 aktningsvärda
938 1208 63 27 åsigt.

171 1237 42 21 Det
228 1239 25 19 är
269 1237 52 22 bara
336 1238 52 26 synd
404 1240 32 19 att
451 1238 45 22 icke
512 1238 76 26 många
599 1238 67 21 talare
676 1238 40 21 här
726 1238 6 21 i
744 1237 58 22 afton
812 1236 102 28 uppträdt
924 1236 6 22 i
941 1237 61 21 detta

171 1265 60 27 syfte,
256 1266 64 22 innar
343 1266 135 22 Sordavala—
487 1266 205 22 Joensuu-sträckan
714 1266 46 22 blef
777 1266 103 26 besluten,
904 1265 39 21 och
968 1268 34 19 att

170 1293 90 22 sälunda
276 1295 58 20 detta
349 1295 145 26 nedätgäende
510 1295 6 20 i
529 1295 223 27 jernvägsbyggandet
769 1294 97 21 kommer
876 1295 33 20 att
919 1294 81 21 drabba

171 1322 75 21 endast
270 1323 218 27 Björneborgsbanan,
512 1329 45 15 som
578 1323 53 22 dock
646 1323 62 22 torde
722 1329 52 15 vara
789 1321 88 28 ungefär
892 1321 43 22 lika
949 1322 51 21 nöd-

170 1351 84 26 vändig,
278 1357 45 15 som
347 1350 319 25 Sordavala—Joensuubanan,
688 1351 7 21 i
718 1351 44 22 alla
777 1350 120 26 afseenden,
912 1350 88 21 hvarom

170 1379 65 21 också
258 1379 92 22 flertalet
372 1386 62 21 synes
450 1380 60 21 hafva
526 1380 82 21 förenat
623 1380 37 27 sig.
691 1380 49 21 Men
757 1380 35 21 det
808 1385 38 15 var
860 1379 46 21 icke
921 1379 33 21 för
968 1380 33 19 att

171 1413 97 22 upprepa
284 1408 63 27 detta,
364 1415 44 14 som
422 1409 37 26 jag
473 1409 93 26 begärde
582 1409 70 24 ordet;
669 1409 36 21 det
720 1415 38 14 var
774 1407 75 22 endast
864 1407 32 22 för
911 1409 33 19 att
954 1407 47 21 litet

170 1442 61 15 svara
247 1437 27 26 pä
290 1437 36 20 det
340 1437 150 21 skämtsamma
506 1437 67 26 utfall,
588 1443 45 15 som
649 1443 26 15 en
686 1437 52 21 ärad
749 1436 68 21 talare
827 1442 49 21 nyss
884 1435 74 28 gjorde
968 1434 32 22 till

170 1464 51 27 följd
237 1465 23 20 af
274 1465 48 21 mitt
337 1465 141 27 andragande.
509 1465 62 22 Hade
584 1465 36 27 jag
635 1465 93 22 skämtat
744 1465 49 21 med
810 1464 36 22 det
865 1463 135 28 andragande

167 1492 37 27 jag
219 1493 56 22 hade
290 1495 51 20 äran
357 1496 32 19 att
404 1493 116 22 framställa
535 1493 33 22 för
582 1494 85 21 ständet
682 1494 32 21 för
730 1500 25 14 en
772 1493 64 21 stund
851 1493 72 27 sedan,
946 1491 54 23 hade

166 1521 38 26 jag
226 1521 48 22 icke
297 1522 77 21 dristat
388 1522 55 21 inför
458 1522 100 21 Finlands
574 1522 24 21 R.
615 1529 19 14 o.
650 1523 25 21 A.
691 1522 79 27 begära
786 1521 67 22 ordet.
885 1521 62 21 Annu
962 1521 39 22 har
