1081 1734
341 118 26 17 R.
380 123 17 12 o.
409 119 24 16 A.
442 119 61 17 1888.
516 119 23 17 19
547 118 63 22 April.
817 112 40 22 787

62 206 71 20 lemna
155 205 43 20 alla
220 205 49 21 dess
283 205 123 21 funktioner
421 205 23 21 åt
459 205 100 22 aflönade
574 206 134 26 tjenstemän,
724 205 71 21 hvilka
809 209 77 17 annars

61 233 42 21 lätt
118 233 70 21 kunde
204 233 116 27 uppsvinga
335 234 32 26 sig
382 234 33 21 till
430 234 193 21 allenaherskande
639 234 7 21 i
657 233 112 22 samhället
779 233 39 22 och
828 232 57 22 bilda

61 261 56 22 hvad
140 267 48 15 man
213 261 69 22 kallar
304 262 225 21 embetsmannavälde
545 263 52 20 eller
611 262 116 27 byråkrati.
757 261 81 22 Genom
854 263 32 20 att

63 289 90 22 sålunda
173 290 88 27 inbjuda
283 291 39 20 och
338 291 6 20 i
360 291 80 20 nödfall
463 291 74 26 tvinga
559 291 41 22 den
622 291 41 21 fria
685 290 160 27 medborgaren,
859 296 26 15 en

62 318 53 21 hvar
138 319 54 21 efter
215 319 32 20 sin
269 318 96 27 förmåga
387 319 40 22 och
450 320 103 26 ställning
567 320 7 21 i
589 319 119 25 samhället,
731 320 33 20 att
779 319 106 27 deltaga
874 314 15 37 i

64 347 120 26 statslifvet,
208 353 50 15 vare
280 347 32 27 sig
333 348 57 21 inom
406 348 42 21 den
463 349 88 26 trängre
567 354 72 15 ramen
655 347 23 22 af
691 348 128 21 kommunen
834 348 51 21 eller

63 375 57 22 inom
143 378 69 19 större
234 375 107 27 områden,
365 376 84 21 utöfvar
477 377 153 26 sjelfstyrelsen
657 378 31 19 ett
713 376 98 26 ofantligt
833 381 53 21 upp-

62 403 110 23 fostrande
193 404 115 27 inflytande
323 405 35 26 .på
375 405 101 21 nationen
493 405 39 22 och
547 405 111 22 utvecklar
673 405 39 21 hos
727 405 48 21 dess
789 404 98 21 medbor-

63 439 51 20 gare
130 433 69 21 denna
214 433 75 21 känsla
304 433 23 21 af
340 433 173 27 sjelfständighet
528 434 39 21 och
583 433 127 24 oberoende,
721 433 69 21 denna
799 432 88 27 aktning

63 461 34 21 för
120 462 35 27 lag
170 462 39 21 och
225 463 50 25 rätt,
292 462 59 21 detta
364 462 91 21 intresse
471 462 34 21 för
520 463 107 20 allmänna
642 462 183 27 angelägenheter,
841 467 45 15 som

63 489 55 22 först
140 492 54 25 göra
216 490 47 21 dem
286 490 49 21 fullt
357 491 88 26 värdiga
468 492 33 20 att
517 491 82 27 åtnjuta
615 493 68 19 större
698 491 100 26 politiska
812 489 74 27 rättig-

63 518 66 22 heter.
159 519 41 26 Jag
223 519 41 20 kan
287 519 46 21 icke
355 519 81 21 afhälla
459 520 43 27 mig
524 519 56 22 ifrån
599 521 32 19 att
647 519 78 22 afsluta
741 519 68 21 denna
823 518 62 21 korta

64 547 116 26 digression
196 547 28 26 på
239 547 162 27 sjelfstyrelsens
417 548 88 21 område
521 549 48 20 med
585 550 32 19 att
632 548 90 26 uppläsa
739 547 67 27 några
823 547 62 20 rader

63 575 48 21 från
127 581 25 15 en
168 576 82 26 nyligen
267 576 123 21 utkommen
405 577 93 26 broskyr
508 577 23 21 af
540 577 77 21 doktor
632 576 119 26 Palmberg,
764 582 33 15 om
808 575 78 22 allmän

64 603 176 26 helsovårdslära,
264 605 71 20 hvilka
355 605 64 21 hafva
434 605 101 22 afseende
551 605 27 27 på
593 605 126 21 hithörande
734 604 147 22 förhållanden

64 632 42 21 Det
128 634 24 19 är
174 635 32 19 ett
223 633 87 21 alldeles
324 634 50 20 kort
388 634 84 26 stycke:
505 634 48 25 ,Nu
567 636 25 18 är
606 634 34 20 väl
656 634 40 20 den
711 633 119 27 personliga
844 632 37 22 fri-

64 660 64 22 heten
150 661 40 21 och
207 661 115 27 begreppet
337 668 34 15 om
387 662 106 22 hemmets
507 662 160 22 okränkbarhet
681 662 40 21 hos
735 662 62 26 ingen
812 662 75 20 större.

64 690 27 20 än
107 689 39 21 hos
161 690 169 26 engelsmannen.
361 691 48 20 Han
424 691 41 21 har
481 691 33 21 sin
534 707 8 9 ,
548 691 79 21 habeas
643 693 88 24 corpus"
747 690 38 21 akt
800 690 39 21 och
854 691 33 19 ut-

66 718 83 26 trycket
163 725 46 20 ,my
224 718 66 22 house
305 719 18 21 is
339 725 34 21 my
389 720 80 20 castle”
486 720 116 20 betecknar
617 720 58 20 klart
690 719 52 21 hans
753 718 134 27 uppfattning

65 752 34 15 om
114 746 46 22 sina
176 747 132 26 rättigheter.
339 747 44 21 Och
399 748 54 20 dock
469 754 24 15 se
509 748 20 21 vi
543 748 78 21 honom
637 748 48 21 med
702 748 39 20 den
760 749 79 19 största
851 746 36 21 be-

65 774 133 28 redvillighet
220 776 49 26 böja
284 776 31 26 sig
330 776 67 21 under
411 776 68 26 lagar,
497 783 44 15 som
557 776 86 22 beröfva
661 776 76 21 honom
753 782 25 15 en
794 778 44 18 stor
853 775 34 21 del

64 802 24 22 af
101 804 68 20 denna
185 804 71 21 frihet.
286 804 45 21 Den
347 804 117 22 betecknar
479 804 34 22 för
529 805 77 21 honom
622 805 39 21 allt
677 805 41 25 det,
735 811 44 15 som
794 804 42 20 kan
851 804 36 20 be-

64 831 41 21 fria
128 832 40 21 den
190 833 96 21 enskilde
308 833 47 21 från
377 834 26 20 de
421 834 140 26 olägenheter
577 834 39 21 och
631 833 73 26 vädor,
720 833 105 21 samlifvot
839 832 48 21 med

64 861 68 21 andra
154 861 43 21 kan
220 861 100 22 medföra.
352 862 48 21 Han
423 862 40 21 har
487 862 200 27 polisinstitutioner
709 862 32 21 för
760 863 31 20 att
807 860 81 27 skydda

66 889 31 27 sig
120 892 44 19 mot
188 891 77 20 andras
287 890 59 26 våld;
369 891 40 21 och
428 893 39 18 när
483 891 37 21 det
536 891 45 21 blef
595 891 63 25 klart,
675 893 32 19 att
722 897 25 14 en
762 890 34 21 hel
812 889 76 27 mängd

66 917 123 27 sjukdomar
212 919 70 21 kunde
305 919 150 26 förekommas,
479 919 100 22 fordrade
603 920 42 20 han
660 919 128 26 fullkomligt
810 918 78 27 logiskt

66 947 60 20 ätven
142 947 99 26 åtgärder
256 947 46 21 från
318 949 81 20 statens
415 948 47 21 sida
477 948 34 21 för
526 950 33 19 att
574 949 82 26 skydda
671 948 77 21 honom
766 948 56 20 emot
833 947 54 20 dem.

66 975 48 21 Han
137 981 35 15 ser
186 975 6 21 i
208 975 149 27 iakttagandet
379 976 22 21 af
423 977 26 20 de
471 977 72 21 derför
559 977 133 26 nödvändiga
707 976 126 27 åtgärderna
849 975 40 21 den

66 1003 55 21 enda
136 1003 136 27 möjligheten
288 1007 32 18 att
335 1005 50 21 ernå
401 1005 61 21 detta
474 1005 80 27 skydd;
571 1005 38 22 och
625 1005 43 21 han
683 1005 59 27 lyder
757 1004 71 21 derför
842 1003 47 22 icke

66 1031 56 22 blott
137 1032 54 27 sjelf,
208 1034 51 19 utan
275 1033 125 22 öfvervakar
415 1034 50 21 med
479 1035 81 20 största
575 1034 90 21 intresse
679 1033 139 27 uppfyllelsen
829 1031 61 22 deraf

66 1061 38 20 hos
119 1061 86 21 andra”.
235 1061 125 22 Föremålen
376 1062 33 21 för
424 1062 155 27 sjelfstyrelsen
595 1064 36 19 äro
648 1061 147 27 mångahanda
809 1061 39 21 och
864 1061 25 20 de

66 1088 61 22 flesta
149 1088 23 22 af
193 1089 47 21 dem
262 1090 68 22 finnas
352 1091 140 26 uppräknade
514 1091 7 21 i
536 1090 53 22 våra
610 1090 279 26 kommunalförfattningar.

66 1117 49 21 Men
124 1117 40 21 den
172 1118 120 27 vigtigaste,
303 1119 40 21 den
351 1119 198 27 betydelsefullaste
561 1119 22 21 af
592 1120 62 20 dessa
664 1119 127 25 funktioner,
801 1118 88 21 emedan

66 1146 40 21 den
129 1148 95 20 närmast
246 1147 64 21 berör
332 1148 40 21 den
394 1148 124 26 personliga
540 1148 91 21 friheten
655 1148 52 20 eller
723 1148 39 20 den
778 1153 33 15 om
827 1146 62 27 polis-

66 1174 97 22 maktens
186 1175 103 27 utöfning,
312 1176 39 21 har
372 1176 41 21 fått
435 1176 33 26 sig
489 1176 98 21 anvisadt
602 1178 31 19 ett
646 1176 154 27 jemförelsevis
815 1175 75 21 endast

67 1202 148 27 anspråkslöst
230 1204 39 21 och
285 1205 60 26 ringa
360 1205 194 21 verksamhetsfält.
584 1205 41 21 Det
641 1207 24 19 är
681 1206 67 20 denna
764 1204 68 25 lucka,
844 1209 45 15 som

66 1232 42 20 den
129 1231 48 21 nåd.
195 1238 59 21 prop.
270 1240 37 14 var
323 1234 66 26 egnad
405 1235 32 19 att
453 1233 59 27 fylla.
543 1233 49 21 Man
608 1234 39 20 har
663 1240 27 14 nu
706 1233 53 27 tagit
774 1234 72 19 anstöt
861 1231 28 26 af,

66 1261 34 19 att
121 1260 124 26 härigenom
266 1263 30 19 ett
311 1262 64 26 tvång
390 1261 86 21 utöfvas
487 1262 28 26 på
530 1262 304 21 kommunalnämndemännen
850 1259 39 21 och

68 1289 6 20 i
91 1288 69 21 denna
182 1290 158 26 omständighet
361 1291 67 26 ligger
452 1290 157 27 otvifvelaktigt
633 1291 40 21 den
689 1290 104 27 egentliga
808 1288 82 21 kärnan

67 1317 32 21 till
122 1317 36 21 det
181 1318 114 26 motstånd,
319 1325 45 15 som
387 1318 242 27 författningsförslaget
654 1321 55 19 rönt.
749 1314 141 29 Äberopande

67 1345 55 21 hvad
142 1346 38 26 jag
202 1353 50 20 nyss
273 1348 85 26 yttrade
381 1354 34 14 om
431 1348 42 20 den
489 1347 172 27 sjelfuppoffring,
681 1354 44 14 som
740 1346 150 28 sjelfstyrelsen

66 1374 86 21 fordrar
174 1375 24 21 af
218 1376 159 26 medborgaren,
399 1376 37 20 ber
450 1376 38 26 jag
503 1378 33 19 att
551 1376 22 20 få
588 1376 89 26 påpeka,
693 1377 31 19 att
739 1376 31 20 uti
786 1374 104 26 England,

67 1402 163 28 sjelfstyrelsens
254 1404 104 27 egentliga
380 1404 109 25 hemland,
512 1404 55 21 ända
590 1404 32 21 till
645 1406 83 19 senaste
747 1404 56 20 tider
818 1402 73 27 hvarje

67 1431 118 27 välfrejdad
208 1432 140 27 medborgare
367 1433 57 20 inom
439 1433 138 25 kommunen,
593 1433 47 21 med
656 1432 108 27 undantag
779 1432 76 21 endast
870 1430 23 22 af

67 1460 255 26 parlamentsledamöter,
345 1461 80 25 läkare,
449 1463 92 25 prester,
558 1461 86 21 domare
661 1461 38 21 och
715 1461 122 25 advokater,
853 1466 38 14 var

68 1487 82 28 skyldig
172 1490 40 25 att,
234 1490 36 20 vid
285 1489 96 27 äfventyr
396 1490 23 20 af
432 1490 65 20 straff
511 1490 39 20 och
565 1489 67 26 böter,
649 1490 66 20 under
730 1491 31 19 ett
777 1489 24 21 år
815 1488 77 27 tjenst-

67 1517 53 24 göra
144 1523 46 14 som
213 1517 70 27 vanlig
306 1518 169 26 poliskonstapel
499 1518 39 21 och
556 1517 42 21 han
613 1517 70 22 kunde
698 1517 53 22 först
767 1523 74 16 senare
855 1516 37 20 fri-

799 1557 22 16 47
