1073 1739
347 109 25 17 R.
385 113 18 12 o.
415 109 23 16 A.
450 109 60 17 1888.
524 109 23 16 14
555 108 64 21 April.
826 103 40 22 705

136 193 120 28 Föredrogs
279 194 39 21 och
340 193 125 28 godkändes
487 195 52 20 utan
562 193 141 28 anmärkning
719 193 176 22 Statsutskottets

68 222 135 22 betänkande
214 223 40 20 N:o
265 223 13 20 5
289 223 6 20 i
306 222 114 27 anledning
430 222 24 21 af
462 222 106 22 särskilda
579 222 57 21 inom
647 222 106 27 Borgare-
763 223 39 21 och
812 222 83 22 Bonde-

68 251 90 22 stånden
172 251 77 21 väckta
272 250 184 27 petitionsförslag
471 257 35 15 om
522 251 141 27 upphörande
677 251 24 21 af
713 251 42 21 den
769 251 7 21 i
791 251 55 24 Wasa
860 250 35 25 och

69 279 101 29 Uleåborgs
192 279 32 24 län
239 285 22 18 ur
276 279 89 24 sterbhus
388 279 94 27 utgående
497 279 58 28 afgift
571 278 31 25 till
617 279 158 24 länelasarettens
791 279 103 24 underhåll.

330 397 91 30 Afgjorda
437 398 192 29 landtdagsärenden.

138 462 57 21 Frän
210 461 213 21 Ekonomiutskottet
439 462 55 21 hade
510 461 69 27 ingätt
595 462 100 20 anmälan
706 463 32 20 att
748 462 90 26 lagenlig
848 462 47 26 plu-

69 490 72 22 ralitet
156 490 86 21 vunnits
257 490 32 21 för
304 490 118 21 utskottets
437 490 137 22 betänkande
590 490 40 22 N:o
647 490 12 21 6
675 490 7 21 i
697 490 46 26 anl.
752 490 23 21 af
784 492 30 20 ett
824 490 8 21 i
841 490 54 21 Bor-

69 518 138 28 gareständet
229 518 63 22 väckt
309 518 175 28 motionsförslag
504 518 110 28 angående
643 518 66 24 yvinnas
724 519 44 24 rätt
782 520 32 20 att
828 518 67 27 väljas

69 548 33 20 till
117 546 75 24 medlem
214 546 21 24 af
248 546 199 30 fattigvardsstyrelse
470 547 40 22 och
532 549 34 19 att
581 547 32 21 till
628 521 53 56 följd
697 547 62 21 deraf
772 548 25 20 de
813 547 6 21 i
835 549 60 19 ären-

70 576 36 21 det
121 576 112 20 tillkomna
255 575 155 27 handlingarna
433 576 136 21 öfversändts
591 576 32 21 till
644 576 251 27 Expeditionsutskottet,

70 606 56 19 samt
141 604 47 21 från
203 604 151 26 Lagutskottet
369 606 32 19 att
417 604 49 22 dess
481 604 296 27 sammanjemkningsförslag
787 604 108 27 angående

70 632 117 22 utskottets
202 632 135 21 betänkande
359 632 41 22 N:o
416 634 13 20 4
445 633 134 21 beträftande
595 633 46 21 dels
656 633 190 27 röstberäkningen
861 632 34 21 vid

70 660 138 30 borgmästare-
223 667 24 17 m.
262 660 19 24 fl.
296 660 37 29 val,
356 661 46 21 dels
425 661 128 22 frälsemans
568 661 127 28 behörighet
709 662 32 21 till
759 662 66 26 sagda
842 661 54 27 tjen-

71 691 44 20 ster
129 689 70 21 blifvit
213 689 110 27 godkändt
337 689 24 21 af
375 690 98 26 samtliga
489 690 98 21 stånden.

140 826 45 22 Den
201 826 23 21 af
237 826 171 22 Bondeståndets
424 827 126 25 deputation
566 827 68 21 under
649 826 79 27 dagens
738 827 84 27 plenum
833 826 64 21 fram-

71 854 62 22 förda
148 854 152 28 inbjudningen
315 855 7 21 i
337 854 254 28 hållskjutsningsfrågan
607 855 111 27 föredrogs
733 856 38 20 och
783 854 115 22 bordlades

73 883 32 21 till
120 885 62 19 nästa
197 883 91 27 plenum.

141 940 40 22 Till
203 942 63 20 nästa
287 940 85 27 plenum
393 941 116 21 bordlades
528 940 74 22 vidare
618 940 93 27 följande
726 940 47 22 från
788 940 110 21 utskotten

72 968 101 22 inkomna
188 969 158 21 betänkanden:

145 1025 176 23 Statsutskottets
343 1026 136 22 betänkande
502 1027 41 21 N:o
563 1027 13 20 6
591 1026 7 21 i
614 1026 114 27 anledning
749 1026 23 21 af
785 1026 112 25 Postspar-

73 1054 184 28 banksstyrelsens
272 1055 33 21 till
321 1055 115 21 ständerna
451 1054 81 28 afgifna
547 1055 90 21 relation
654 1061 34 15 om
704 1053 194 28 postsparbankens

73 1083 96 22 tillstånd
185 1084 39 20 och
239 1083 128 27 förvaltning
382 1084 69 21 under
467 1084 25 20 år
508 1084 66 25 1887;

142 1146 175 21 Statsutskottets
340 1146 137 22 betänkande
499 1146 41 22 N:o
557 1147 12 20 7
585 1146 7 22 i
607 1146 115 26 anledning
736 1145 23 21 af
772 1145 48 21 nåd.
836 1149 61 22 prop.

73 1174 41 22 N:o
132 1175 26 21 18
181 1174 110 27 angående
313 1174 115 22 anvisande
451 1175 24 21 af
488 1175 71 21 medel
574 1174 33 22 till
622 1174 138 22 bestridande
775 1173 24 21 af
812 1173 87 21 kostna-

74 1203 66 21 derna
156 1202 33 22 för
203 1203 130 27 landtdagen
349 1204 24 20 år
390 1204 62 25 1891;

143 1265 113 22 Allmänna
278 1266 210 21 Besvärsutskottets
512 1265 135 22 betänkande
668 1266 39 20 N:o
725 1266 25 20 16
765 1265 8 20 i
788 1262 112 34 anledning

73 1294 23 21 af
110 1295 31 19 ett
156 1294 31 21 till
211 1294 162 22 Presteståndet
395 1294 90 27 ingifvet
504 1293 213 28 petitionsmemorial
733 1291 109 29 angående
856 1290 45 22 för-

73 1322 113 22 bättrande
202 1322 23 21 af
239 1323 144 26 poströrelsen
398 1322 29 27 på
442 1323 155 26 landsbygden;

143 1384 85 23 Samma
250 1385 94 21 utskotts
367 1385 137 22 betänkande
528 1386 41 20 N:o
591 1386 26 20 17
640 1384 108 28 angående
770 1386 78 20 tvänne
868 1382 34 22 till

72 1414 155 27 Ridderskapet
242 1414 40 21 och
297 1414 68 21 Adeln
376 1415 56 20 samt
443 1414 33 21 till
487 1413 164 22 Presteståndet
661 1413 120 22 inlemnade
791 1412 111 28 petitions-

72 1441 82 28 förslag
176 1448 33 16 om
232 1442 92 26 höjande
343 1442 23 21 af
379 1442 304 27 gymnastikundervisningen
698 1442 39 21 och
752 1439 149 24 förbättrande

72 1469 24 22 af
108 1470 217 28 gymnastiklärarnes
340 1470 132 26 lönevilkor;
487 1472 58 20 samt
