1081 1745
196 118 42 21 944
445 125 25 17 R.
484 129 17 13 o.
514 125 22 16 A.
546 125 59 18 1888.
630 126 14 17 2
656 125 48 22 Maj.

234 209 64 28 Prop.
314 210 128 22 besvarades
457 211 49 21 med
522 211 25 21 21
564 211 25 27 ja
604 211 40 22 och
660 211 27 21 48
703 211 41 27 nej.

234 267 168 22 Vidkommande
426 268 93 21 bibanan
536 268 34 22 till
585 268 81 22 Imatra
681 268 62 22 afläts
759 268 33 21 till
809 268 131 22 besvarande
956 268 40 22 föl-

163 295 65 27 jande
242 302 68 21 prop.:

234 353 54 23 Den,
312 360 45 15 som
378 354 123 27 godkänner
524 355 118 21 utskottets
661 355 158 26 framställning
834 361 35 14 om
885 354 110 27 byggande

165 381 23 22 af
210 388 26 15 en
258 382 80 22 bibana
359 382 47 22 från
429 383 32 21 S:t
476 383 92 22 Andre»
586 383 62 27 längs
662 383 120 22 Wuoksens
798 385 61 20 östra
874 383 73 21 strand
963 383 31 21 till

165 410 89 26 Imatra,
262 413 71 19 röstar
345 411 29 26 ja;

232 439 75 21 vinner
322 439 40 27 nej,
378 439 96 22 förfaller
488 440 118 21 utskottets
622 439 80 28 förslag
717 440 7 21 i
740 440 70 21 denna
825 440 41 21 del.

233 496 63 27 Prop.
313 496 127 23 besvarades
456 497 48 22 med
520 497 107 22 obestridt
639 497 30 28 ja.

232 553 170 22 Vidkommande
418 555 55 26 3:dje
489 561 63 16 mom.
570 561 34 15 om
620 555 73 27 anslag
708 555 34 21 för
757 554 63 21 dessa
837 553 157 28 jernvägsföre-

164 583 37 26 tag
216 583 124 26 uppstäldes
355 589 60 21 prop.
432 583 99 22 sålunda:

232 639 54 25 Den,
310 646 44 15 som
376 641 124 26 godkänner
516 641 13 21 3
544 647 64 16 mom.
629 641 7 21 i
652 641 118 21 utskottets
792 641 51 24 bet.,
867 640 54 21 dock
944 640 50 21 med

164 667 75 28 afdrag
254 667 23 22 af
290 669 41 21 den
354 669 121 22 beräknade
497 669 121 22 kostnaden
640 669 34 22 för
696 676 27 15 en
738 669 80 21 bibana
834 669 33 21 till
883 669 109 26 Wärtsilä,

164 698 71 20 röstar
247 697 35 26 ja;

232 725 75 22 vinner
322 726 39 27 nej,
378 726 92 22 erhåller
485 733 63 15 mom.
565 727 42 22 den
622 727 86 27 lydelse,
726 733 46 15 som
787 726 58 21 Frih.
862 726 25 21 K.
899 726 95 27 Langen-

164 753 69 22 skiöld
248 753 116 28 föreslagit.

232 811 64 27 Prop.
312 811 127 23 besvarades
455 813 47 21 med
518 813 90 21 allmänt
623 813 34 27 nej
674 813 39 21 och
729 819 39 15 var
776 813 82 21 således
870 811 57 22 Frih.
939 812 55 21 Lan-

163 839 123 27 genskiölds
302 839 80 29 förslag
397 841 116 27 godkändt.

233 896 33 21 Hr
280 896 24 22 B.
321 896 24 22 0.
362 896 144 23 Schauman
522 898 73 21 anhöll
610 904 29 15 nu
655 904 34 15 om
705 898 63 21 ordet
783 897 40 21 och
838 897 96 27 yttrade:
960 896 34 22 Då

163 930 30 15 nu
216 924 70 22 denna
300 931 17 15 s.
333 926 19 20 k.
370 926 51 22 sista
444 927 112 21 stambana
572 926 70 22 blifvit
656 926 89 23 voterad
761 926 23 21 af
796 926 26 21 R.
839 932 19 15 o.
875 926 31 26 A.,
923 925 70 22 såsom

162 959 40 15 var
216 955 33 19 att
264 953 88 26 förutse,
364 954 39 22 och
419 955 27 21 dä
462 956 40 20 den
518 955 55 21 efter
589 955 29 21 all
633 955 137 21 sannolikhet
780 954 63 22 äfven
854 954 41 21 blir
906 954 87 21 voterad

163 980 24 22 af
200 982 26 21 de
242 981 70 28 öfriga
327 982 96 27 stånden,
453 984 79 21 återstår
547 984 34 21 för
596 984 43 26 mig
654 984 46 21 icke
716 985 66 19 annat
798 985 26 19 än
840 984 32 20 att
884 982 66 22 önska
961 985 33 19 att

163 1010 69 22 denna
255 1010 57 22 bana
334 1011 67 22 måtte
424 1012 63 21 lända
509 1012 47 22 icke
571 1012 77 22 endast
662 1012 32 22 till
710 1014 62 25 nytta
786 1012 34 20 för
835 1012 83 21 landets
934 1011 60 21 ostli-

162 1040 62 26 gaste
247 1039 34 21 del
302 1040 39 21 och
356 1040 34 21 till
405 1041 48 21 dess
469 1043 99 19 närmare
583 1041 98 27 förening
695 1041 50 21 med
762 1040 35 21 det
813 1040 69 26 öfriga
897 1040 95 26 Finland,

162 1069 52 19 utan
238 1067 62 22 äfven
321 1074 51 15 vara
387 1069 33 21 till
434 1075 56 21 gagn
506 1069 34 21 för
554 1070 50 21 hela
620 1070 36 20 det
670 1075 159 21 gemensamma
844 1068 149 26 fosterlandet,

162 1096 41 21 och
219 1096 36 21 det
270 1096 46 22 icke
328 1098 75 20 endast
413 1098 7 20 i
428 1098 40 21 den
480 1100 108 20 närmaste
599 1098 116 22 framtiden
725 1099 54 20 utan
790 1098 40 21 ock
833 1092 10 37 i
860 1097 27 21 all
898 1096 94 22 framtid.

231 1227 91 22 Ständet
336 1228 112 27 godkände
464 1229 66 27 derpä
545 1232 53 18 utan
614 1229 141 27 anmärkning
772 1229 55 20 1:sta
843 1234 63 15 mom.
922 1228 22 21 af
958 1230 35 19 ut-

161 1256 93 22 skottets
270 1256 79 28 förslag
364 1257 28 27 pä
408 1258 39 21 sid.
456 1258 28 21 30
494 1264 34 15 om
539 1258 121 27 byggandet
675 1258 23 21 af
715 1257 65 21 Kotka
798 1252 96 37 —Kouvola
915 1256 76 22 banan.

230 1308 49 21 Med
296 1309 114 26 anledning
426 1309 22 21 af
463 1309 93 27 följande
571 1315 64 15 mom.
651 1309 28 26 pä
694 1314 83 16 samma
792 1308 46 21 sida
853 1308 93 25 föreslog

229 1359 58 20 Frih.
299 1359 25 21 K.
341 1359 200 27 Langenskiöld
556 1362 32 19 att
599 1360 48 21 med
658 1361 129 20 momentets
798 1359 115 26 afgörande
924 1359 69 21 skulle

162 1385 23 33 få
201 1386 59 26 bero,
276 1388 32 20 till
325 1388 48 21 dess
389 1388 165 22 Statsutskottet
570 1389 112 21 inkommit
696 1388 50 21 med
756 1388 37 21 sitt
803 1387 43 21 bet.
860 1387 58 21 öfver
928 1389 64 19 samt-

160 1414 44 27 liga
219 1415 75 27 anslag
309 1416 33 21 för
358 1418 192 21 nästinstundande
564 1417 152 26 finansperiod.

230 1467 58 21 Frih.
304 1468 75 27 Boije
396 1469 92 27 föreslog
504 1469 32 22 för
552 1469 60 21 detta
627 1475 63 15 mom.
702 1474 84 15 samma
797 1467 139 26 formulering
947 1473 45 15 som

159 1495 7 20 i
183 1495 99 48 hänne
298 1496 13 21 å
326 1497 119 22 kostnaden
469 1498 31 21 för
524 1497 105 22 Karelska
644 1497 70 21 banan
730 1495 71 23 blifvit
816 1495 24 22 af
854 1495 85 22 ståndet
957 1495 36 21 be-

160 1525 76 20 sluten.
