1081 1736
195 111 42 22 846
441 118 26 17 R.
479 122 18 13 o.
510 118 22 17 A.
541 118 56 17 1888.
610 119 27 16 24
649 117 63 22 April.

236 203 74 20 vinner
332 203 40 26 nej,
394 203 64 27 utgår
480 203 48 22 från
549 203 147 22 betänkandet
711 203 118 22 utskottets
845 203 111 22 uttalande
971 203 30 27 på

166 237 48 22 pag.
232 232 27 20 35
276 231 132 23 beträffande
423 232 140 22 landtbruks-
579 232 40 22 och
632 231 232 28 jordbruksfonderna.

236 287 32 21 På
290 288 72 21 derom
386 289 72 26 gjordt
472 289 97 27 yrkande
584 289 110 21 anstäldes
711 289 70 21 sluten
797 289 138 26 omröstning,
952 294 47 16 som

166 316 64 21 utföll
252 316 49 21 med
324 317 26 21 15
371 316 22 27 ja
409 317 38 21 och
469 318 27 20 32
512 317 41 27 nej,
569 318 34 20 till
618 317 53 27 följd
687 317 78 21 hvaraf
779 317 24 21 R.
821 323 18 15 o.
856 318 25 20 A.
897 317 103 26 beslutat,

167 346 33 20 att
222 344 116 22 utskottets
361 346 110 21 uttalande
494 346 111 26 angående
627 346 140 21 landtbruks-
783 345 39 21 och
835 345 163 27 jordbruksfon-

168 373 66 21 derna
249 373 67 21 borde
331 380 25 14 ur
371 374 147 22 betänkandet
533 375 112 21 uteslutas.

236 436 122 21 Utskottets
380 437 100 26 yttrande
503 436 110 28 angående
636 436 147 22 statsskulden
797 436 38 27 gaf
848 436 19 27 ej
883 436 114 27 anledning

167 464 33 21 till
216 464 69 26 någon
300 465 145 27 anmärkning.

236 561 100 22 Derefter
358 562 111 27 föredrogs
485 562 38 21 och
539 562 90 26 gillades
645 564 52 19 utan
714 562 122 21 diskussion
852 561 147 22 Statsutskot-

167 591 43 19 tets
224 589 136 22 betänkande
375 590 39 21 N:o
433 591 24 21 11
474 591 6 20 i
496 591 115 26 anledning
626 590 23 21 af
663 590 48 21 nåd.
723 597 60 20 prop.
795 591 40 20 N:o
847 591 28 20 40
886 589 110 28 angående

168 617 128 33 öfverförande
319 618 43 24 från
377 618 150 29 krigsmanshus-
543 619 33 23 och
592 618 246 25 militieboställskassorna
853 618 33 24 till
901 618 95 24 allmänna

167 645 138 25 militiekassan
321 647 20 23 af
355 647 95 24 särskilda
466 647 110 24 inkomster.

300 743 72 29 Frågan
388 750 28 17 om
433 744 137 23 hundskattens
586 743 142 24 återinförande
745 743 24 29 på
785 744 69 23 landet.

236 800 80 21 Vidare
338 801 111 27 föredrogs
470 801 224 22 Ekonomiutskottets
717 800 137 22 betänkande
877 801 39 20 N:o
940 800 24 21 11
989 800 7 20 i

167 827 42 22 anl.
233 828 23 21 af
276 831 32 18 ett
330 829 56 21 inom
410 830 25 20 R.
452 836 19 15 o.
487 830 24 21 A.
527 830 65 21 väckt
607 829 175 26 motionsförslag
797 835 35 15 om
848 828 148 27 upphäfvande

166 856 24 21 af
210 856 142 27 kungörelsen
375 858 23 20 af
419 858 41 21 den
483 859 27 20 20
525 858 122 21 November
664 859 55 20 1882
735 864 48 20 ang.
800 857 160 27 tillämpningen
975 857 24 20 af

165 884 59 50 v.
240 884 94 22 förordn.
357 886 23 21 af
400 886 41 21 den
465 887 26 20 20
514 886 43 27 Maj
582 887 55 21 1878
660 892 35 15 om
716 886 120 26 utgörande
853 886 22 20 af
890 885 57 22 skatt
962 885 34 21 för

166 913 90 21 hundar.

237 970 58 21 Frih.
312 970 24 22 G.
352 971 116 21 Aminoff
481 972 66 21 utbad
563 972 32 26 sig
611 972 61 21 ordet
687 972 40 21 och
743 971 98 27 yttrade:
860 970 37 22 Uti
912 970 86 21 Ekono-

165 998 146 22 miutskottets
333 999 135 22 betänkande
490 1000 7 21 i
520 1000 115 27 anledning
657 1000 23 22 af
700 1000 60 21 Frih.
783 1000 111 26 Hisingers
908 999 87 25 motion,

164 1026 74 27 tyckes
261 1028 106 21 utskottet
389 1028 130 27 fullkomligt
541 1029 95 21 erkänna
660 1029 85 27 ,vigten
769 1028 30 27 af
812 1028 25 21 de
852 1028 55 24 skäl,
922 1027 75 21 hvilka

164 1056 62 20 såväl
249 1062 27 14 ur
291 1057 87 19 sanitär
392 1057 111 27 synpunkt
518 1064 45 14 som
579 1058 48 20 med
643 1057 86 27 hänsyn
745 1057 35 20 till
792 1056 155 28 jagtvården",
962 1056 34 20 så-

164 1089 45 15 som
225 1084 106 22 utskottet
346 1086 108 26 uttrycker
469 1086 38 26 sig,
523 1086 23 21 af
557 1086 135 21 motionären
702 1085 83 22 anförts
797 1085 32 21 för
840 1084 160 22 återinförande

164 1112 23 21 af
200 1112 118 22 hundskatt
332 1113 28 27 på
375 1114 152 27 landsbygden.
557 1114 41 27 Jag
613 1114 42 21 kan
671 1114 47 22 icke
733 1114 69 20 förstå
811 1114 36 20 det
857 1113 139 23 annorlunda,

163 1142 27 19 än
206 1142 32 19 att
253 1141 106 22 utskottet
374 1142 39 21 och
429 1143 48 20 dess
491 1143 146 24 medlemmar,
653 1142 22 21 af
682 1142 75 21 hvilka
767 1142 82 26 många,
859 1141 23 26 ja
893 1142 25 20 de
928 1141 68 25 flesta,

162 1170 38 19 äro
223 1169 86 21 besatta
330 1170 28 26 på
372 1170 78 27 landet,
468 1171 95 21 erkänna
577 1173 76 24 nyttan
669 1171 23 20 af
705 1170 117 25 motionen,
839 1169 39 22 och
893 1169 65 21 likväl
973 1175 25 15 se

162 1197 27 25 vi,
205 1199 33 19 att
253 1204 81 15 samma
356 1199 84 21 utskott
458 1199 27 26 på
500 1200 69 26 grund
585 1199 23 22 af
622 1199 75 22 endast
712 1199 92 21 formela
826 1197 170 28 betänkligheter

162 1225 92 28 afstyrkt
268 1227 119 21 motionens
402 1228 125 26 antagande.
558 1228 69 21 Dessa
642 1227 173 27 betänkligheter
830 1227 61 20 bestå
901 1226 52 26 deri,
963 1227 33 20 att

162 1253 36 22 det
220 1255 36 21 vid
281 1255 54 21 1882
358 1255 34 21 års
416 1256 103 27 landtdag
539 1256 80 21 beslöts
644 1258 33 19 att
699 1255 91 22 afskaffa
809 1255 144 21 hundskatten
968 1254 28 26 på

161 1282 79 27 landet,
264 1283 89 22 hvarvid
376 1284 65 21 likväl
456 1285 126 26 regeringen
597 1285 140 21 tillerkändes
753 1285 44 20 rätt
813 1285 38 25 att,
868 1283 27 21 då
910 1283 36 22 det
960 1282 36 21 be-

160 1310 82 27 höfdes,
258 1312 117 21 återinföra
388 1313 128 21 densamma.
547 1313 216 21 Ekonomiutskottet
777 1313 95 26 antager,
889 1313 32 20 att
936 1312 60 21 detta

160 1339 58 21 skett
233 1341 68 21 under
316 1340 159 28 förutsättning,
487 1343 32 20 att
535 1342 104 27 styrelsen
655 1341 32 21 till
703 1342 38 21 sitt
757 1340 126 27 förfogande
899 1347 48 20 eger
961 1341 37 19 ut-

160 1369 66 25 vägar
241 1371 39 24 att,
296 1369 28 26 på
339 1369 58 22 såväl
412 1370 79 21 snabbt
506 1376 46 15 som
569 1369 131 28 tillförlitligt
713 1371 52 24 sätt,
777 1369 81 21 erhålla
868 1369 126 21 kännedom,

160 1395 18 26 ej
195 1396 84 21 mindre
301 1403 34 15 om
354 1397 117 22 förekomst
487 1398 22 21 af
522 1398 139 22 vattuskräck
676 1398 66 21 bland
759 1397 85 22 hundar
859 1399 27 19 än
901 1403 34 15 om
950 1396 46 21 vid-

160 1424 40 21 den
216 1425 24 20 af
254 1425 26 21 de
296 1425 86 22 dermed
397 1426 102 22 förenade
513 1427 96 21 sanitära
622 1427 101 21 vådorna.
755 1425 69 22 Deraf
832 1426 95 21 kommer
938 1424 56 22 Eko-

158 1452 166 22 nomiutskottet
339 1453 34 21 till
389 1454 41 22 den
445 1455 115 21 slutsatsen
575 1457 33 19 att
623 1455 132 26 antagandet
771 1454 24 21 af
807 1454 109 21 motionen
927 1452 69 22 skulle

158 1486 52 16 vara
226 1483 32 20 ett
273 1481 129 27 frångående
418 1483 22 21 af
455 1484 69 21 denna
539 1483 159 27 förutsättning,
714 1483 41 21 och
772 1484 32 20 att
820 1482 36 21 det
871 1481 46 21 icke
927 1480 69 22 finnes

158 1509 71 27 någon
245 1510 115 27 anledning
374 1513 33 19 att
422 1511 75 28 frångå
512 1512 129 21 densamma.
671 1512 42 26 Jag
727 1510 39 22 vill
781 1510 47 22 icke
843 1510 50 27 ingå
907 1510 7 20 i
925 1509 71 27 någon
