1081 1739
357 119 25 17 R.
394 123 19 13 o.
425 119 22 17 A.
460 119 59 17 1888.
538 119 13 17 2
563 118 48 22 Maj.
826 114 39 21 941

66 207 41 28 Jag
122 208 25 19 är
158 212 63 15 -mera
234 205 55 22 rädd
304 207 33 20 att
353 205 41 21 öka
409 205 83 22 antalet
507 205 23 21 af
543 205 27 22 de
585 205 122 27 prejudikat
722 205 48 21 frän
780 205 52 21 vära
842 204 55 22 före-

66 235 84 28 gäende
170 233 231 28 jernvägsbyggnader,
424 233 39 22 der
484 240 50 15 man
556 233 47 28 gätt
623 233 57 22 förbi
696 235 60 20 stora
770 233 126 22 industriela

66 264 59 22 verk.
155 263 41 27 Jag
211 263 69 21 skulle
294 262 28 27 pä
337 263 64 20 dessa
416 262 53 26 skäl,
486 262 69 21 ehuru
570 264 52 19 utan
630 261 71 28 nägon
711 262 142 27 förhoppning
863 264 33 19 att

66 293 74 21 kunna
162 292 88 21 inverka
271 291 28 27 pä
321 290 87 27 frägans
427 291 87 27 utgäng,
531 291 55 21 dock
601 291 27 21 be
643 292 34 19 att
690 291 22 21 fä
728 291 120 25 framhälla,
864 292 32 19 att

65 321 38 27 jag
118 322 24 20 är
157 320 51 27 böjd
223 321 33 20 att
270 321 59 20 rösta
343 319 33 22 för
391 319 94 21 bibanan
501 319 32 22 till
549 319 99 22 Värtsilä.
680 319 105 27 Slutligen
799 319 98 22 anhäller

65 350 39 27 jag
118 351 34 20 att
166 349 132 22 beträffande
313 348 118 21 utskottets
449 348 81 27 förslag
545 348 7 21 i
568 348 13 21 3
595 354 64 15 mom.
675 354 48 21 pag.
739 348 27 21 27
782 347 22 22 fä
818 348 79 21 under-

67 378 63 22 stöda
145 378 41 22 den
201 376 23 23 af
237 377 57 21 Frih.
310 377 26 21 K.
352 377 159 26 Langenskiöld
526 376 122 28 förcslagna
663 376 172 27 formuleringen.

136 434 33 22 Hr
184 434 134 22 Lindelöf:
334 434 33 20 Hr
381 433 166 27 Pippingskölds
562 440 50 21 nyss
621 434 128 21 framstälda
759 434 80 26 förslag
849 433 48 27 gick

67 466 25 19 ut
108 463 72 27 derpä,
197 465 32 19 att
244 462 115 22 ständerna
373 468 30 15 nu
418 462 77 22 endast
509 462 70 22 skulle
594 462 85 22 besluta
695 469 34 15 om
744 463 122 27 byggandet
876 462 23 22 af

68 498 27 15 en
108 492 90 27 jernväg
220 491 46 21 frän
289 490 88 27 Wiborg
399 490 34 22 till
453 490 118 22 Sordavala
586 492 7 20 i
608 491 94 27 enlighet
717 492 48 20 med
780 492 117 21 utskottets

68 520 87 28 förslag.
186 520 34 21 Dä
242 520 60 21 detta
324 519 81 27 förslag
427 521 58 19 ännu
499 520 47 21 icke
566 520 62 21 torde
643 520 75 21 vunnit
733 520 123 24 understöd,
872 520 23 21 sä

68 549 40 21 ber
120 549 38 27 jag
173 550 32 20 att
220 548 22 22 fä
257 548 131 21 understöda
403 548 43 25 det,
463 548 28 26 pä
506 548 37 22 det
558 549 119 21 detsamma
687 548 35 22 mä
733 549 86 21 komma
829 548 68 21 under

68 578 140 26 omröstning.
237 577 102 21 Deremot
353 577 40 21 har
413 577 123 27 visserligen
551 578 116 25 anmärkts,
684 579 33 19 att
731 578 116 20 ständerna
862 577 35 21 vid

68 606 128 27 föregäende
211 606 128 27 landtdagar
352 605 65 21 fattat
432 606 72 20 beslut
515 612 34 14 om
558 606 73 27 längre
640 606 255 28 jernvägssträckningar,

68 634 71 22 såsom
155 635 120 27 byggandet
290 634 22 21 af
326 634 175 22 Österbottniska
517 634 40 22 och
573 634 132 22 Savolakska
720 634 102 22 banorna.
853 634 43 21 För

68 664 44 21 min
127 663 35 21 del
177 669 62 15 anser
252 663 36 26 jag
304 663 53 21 dock
372 662 69 22 under
456 663 43 21 alla
514 662 148 22 förhällanden
677 670 52 14 vara
744 664 101 26 riktigare
857 662 39 22 och

68 698 61 16 mera
144 692 111 26 sakenligt,
272 694 32 18 att
312 692 115 20 ständerna
437 691 35 21 för
483 691 72 27 hvarje
567 691 55 27 gäng
632 692 47 21 icke
692 692 82 21 besluta
784 698 35 15 om
829 692 68 20 andra

68 720 54 22 eller
143 721 73 26 längre
236 720 251 26 jernvägssträckningar
509 722 26 19 än
559 720 68 21 under
649 720 41 22 den
705 722 108 20 närmaste
828 720 69 21 landt-

68 749 156 27 dagsperioden
239 749 72 21 kunna
326 749 85 21 komma
427 748 32 22 till
475 748 120 22 utförande.
626 749 43 21 Det
680 749 41 21 blir
731 749 27 21 dä
770 748 126 22 kommande

68 778 88 21 ständer
170 777 128 21 förbehället
314 779 32 19 att
361 778 80 26 afgöra,
457 777 106 21 huruvida
578 778 39 21 och
632 778 7 20 i
655 778 86 20 hvilken
749 778 148 26 utsträckning

68 806 26 22 de
110 806 62 21 skola
187 805 117 22 fortsättas.
334 806 40 26 Jag
389 812 63 14 anser
468 806 71 26 ocksä,
556 808 33 19 att
604 806 74 27 sjelfva
686 806 65 22 saken
762 806 47 21 icke
818 806 79 27 nägon-

68 835 46 27 ting
136 834 92 22 förlorar
250 834 72 27 derpä,
339 836 32 19 att
393 841 50 14 man
458 834 118 27 begränsar
591 835 108 25 besluten;
716 836 93 20 tvärtom
824 835 73 21 vinnes

68 863 124 27 derigenom
215 863 40 21 den
274 863 75 25 fördel,
365 865 33 19 att
414 863 117 21 ständerna
545 863 114 21 framdeles
675 863 54 21 efter
743 870 85 14 vunnen
843 863 54 21 erfa-

68 891 77 22 renhet
153 892 86 25 ;kunna.
262 892 58 20 bilda
343 892 31 26 sig
389 893 32 20 ett
437 892 88 21 säkrare
540 892 98 21 omdöme
654 898 35 15 om
701 892 196 27 jernvägsarbetets

68 920 137 27 lämpligaste
228 920 149 21 fortsättande.
408 920 31 21 Pä
463 920 63 22 dessa
550 920 47 22 skäl
619 920 39 22 ber
678 921 37 27 jag
731 921 20 21 fä
767 920 130 22 understöda

67 948 34 21 Hr
123 948 165 27 Pippingskölds
310 949 86 26 förslag,
419 955 50 14 men
491 955 63 15 anser
577 950 42 25 mig
634 949 28 26 pä
677 955 82 15 samma
773 950 56 26 gäng
844 949 53 20 böra

68 979 54 24 göra
144 983 27 15 en
193 983 93 21 gensaga
308 979 57 20 emot
387 983 26 15 en
429 977 23 21 af
469 983 82 16 samma
569 978 68 21 talare
655 978 7 20 i
680 977 138 27 förbigäende
835 977 62 27 gjord

68 1005 149 28 anmärkning,
240 1006 105 27 nämligen
369 1008 32 19 att
423 1006 42 21 den
488 1006 34 21 del
540 1005 23 22 af
577 1006 147 26 bankvinsten,
741 1013 45 14 som
802 1007 25 20 är
841 1005 57 22 stäld

70 1034 33 21 till
119 1035 127 20 ständernas
270 1035 131 26 disposition,
425 1035 50 20 bort
497 1035 64 20 hafva
583 1035 67 26 gjorts
673 1035 162 21 räntebärande.
867 1033 32 22 Hr

68 1062 154 27 Pippingsköld
246 1063 101 21 klandrar
370 1063 36 21 det
429 1063 70 21 säsom
520 1069 26 15 en
562 1063 187 28 misshushällning
764 1065 32 19 att
813 1063 23 21 sä
851 1063 46 21 icke

69 1091 63 22 skett.
164 1091 41 27 Jag
227 1091 33 22 fär
282 1091 75 22 härvid
380 1092 96 26 upplysa,
500 1093 33 20 att
552 1093 140 20 vinstmedlen
715 1092 106 27 sjelffallet
843 1091 55 21 varit

68 1119 140 22 innestäende
224 1121 7 20 i
246 1120 94 21 bankens
356 1121 87 20 rörelse.
468 1121 39 20 Att
521 1122 76 25 uttaga
613 1121 48 20 dem
677 1121 99 23 derifrän,
792 1121 64 20 innan
872 1120 25 21 de

68 1148 86 21 komma
169 1149 7 20 i
192 1149 140 26 användning,
348 1149 55 21 hade
419 1149 56 21 varit
483 1151 33 19 att
524 1149 99 27 försvaga
633 1149 96 21 bankens
740 1149 106 26 ställning,
859 1148 39 22 och

68 1177 37 21 det
120 1177 70 21 skulle
206 1177 27 21 dä
248 1178 55 20 varit
318 1178 129 26 nödvändigt
468 1179 33 20 att
516 1179 6 20 i
539 1184 80 15 samma
633 1178 134 21 förhällande
782 1177 116 22 inskränka

68 1205 98 21 bankens
188 1206 85 21 rörelse.
304 1206 40 26 Jag
366 1206 39 21 ber
420 1206 22 21 få
462 1206 96 27 tillägga,
575 1208 32 19 att
623 1207 68 21 denna
707 1207 88 26 tillgång
811 1206 65 26 tagits
891 1206 7 21 i

68 1233 144 22 betraktande
227 1235 35 20 vid
278 1235 180 26 uppskattningen
475 1235 24 20 af
507 1235 96 21 bankens
613 1235 135 21 återstående
759 1234 138 26 sedelreserv,

68 1262 53 21 eller
137 1262 138 27 obegagnade
290 1263 239 27 sedelsutgifningssätt.

137 1320 33 21 Hr
186 1320 24 21 L.
226 1320 181 27 Gripenberg:
424 1321 51 20 Med
491 1321 114 26 anledning
621 1321 62 21 deraf
697 1323 32 19 att
740 1327 26 15 en
777 1319 52 22 ärad
840 1319 59 21 med-

67 1348 41 21 lem
124 1347 24 22 af
162 1349 217 26 Jernvägsutskottet,
401 1349 32 21 Hr
449 1349 180 27 Standertskjöld,
647 1349 96 21 hänvisat
759 1349 32 21 till
807 1348 43 26 mig
865 1348 34 21 för

68 1377 129 21 bemötande
221 1378 41 20 den
284 1378 46 20 icke
350 1378 135 27 synnerligen
508 1378 65 21 milda
595 1378 72 22 kritik,
692 1384 44 15 som
753 1379 31 20 Hr
799 1377 98 26 Pipping-

67 1405 63 21 sköld
146 1407 64 25 egnat
226 1406 105 21 särskilda
347 1406 147 21 betänkandet
510 1406 111 27 vidfogade
630 1407 97 25 tabeller,
738 1413 62 14 anser
809 1405 37 27 jag
857 1406 42 25 mig

67 1433 54 22 höra
144 1434 99 26 delgifva,
268 1436 32 19 att
314 1435 36 26 jag
366 1435 109 26 verkligen
492 1437 24 18 är
532 1435 98 26 ansvarig
645 1435 33 21 för
694 1435 40 21 den
750 1435 34 21 del
800 1434 23 21 af
837 1434 62 21 dessa

67 1461 99 27 tabeller,
183 1469 45 14 som
244 1463 89 21 hänföra
348 1464 31 25 sig
395 1463 32 20 till
444 1463 27 20 de
487 1463 115 21 bestående
623 1463 152 27 jernvägarnes
791 1462 108 21 trafikför-

67 1489 123 23 hållanden.
221 1491 41 26 Jag
277 1491 37 21 ber
330 1491 26 26 på
372 1498 82 14 samma
470 1491 57 27 gång
543 1492 53 21 dock
611 1492 22 20 få
648 1492 90 24 anmäla,
754 1494 32 18 att
800 1491 37 26 jag
853 1490 45 21 icke

67 1524 64 15 anser
147 1519 43 27 mig
205 1526 29 14 nu
249 1520 71 20 kunna
336 1520 49 26 ingå
400 1520 7 20 i
423 1522 31 18 ett
471 1520 133 21 besvarande
615 1520 22 21 af
647 1520 69 20 denna
725 1520 71 25 kritik,
809 1519 90 21 emedan
