1078 1720
349 111 26 18 R.
387 115 18 13 0.
418 111 22 17 A.
453 111 60 17 1888.
526 111 25 17 24
559 111 64 21 April.
830 107 41 20 847

72 196 195 27 detaljbehandling
282 196 23 21 af
318 196 133 27 spörsmälet,
468 203 34 15 om
519 197 36 21 det
570 196 67 22 finnes
648 197 47 21 skäl
705 199 32 19 att
748 197 74 28 frängä
832 198 68 21 denna

71 225 159 26 förutsättning,
254 225 44 27 (om
319 225 41 21 den
375 225 110 26 verkligen
501 225 117 28 existerat),
634 225 40 22 och
688 226 38 21 vill
739 226 48 22 icke
801 227 44 21 tala
859 232 41 19 om,

71 253 106 22 huruvida
198 253 103 27 styrelsen
320 253 108 27 verkligen
444 259 50 21 eger
510 253 91 27 utvägar
615 255 33 20 att
662 254 28 27 pä
706 255 30 20 ett
752 255 58 21 såväl
824 255 77 22 snabbt

73 288 46 15 som
133 281 132 28 tillförlitligt
287 283 44 20 sätt
353 282 80 21 erhälla
448 282 122 21 kännedom
586 289 35 14 om
636 282 145 22 förekomsten
795 283 22 21 af
830 285 71 20 vattu-

71 310 83 25 skräck,
177 310 68 21 ehuru
267 311 65 20 sedan
355 311 47 20 dess
417 310 78 27 många
515 311 37 21 fall
571 311 23 21 af
607 311 138 22 vattuskräek
760 311 140 26 förekommit,

72 339 40 21 och
127 339 69 21 ehuru
211 339 7 20 i
233 339 42 21 alla
290 339 36 20 fall
342 339 36 21 det
393 339 62 21 torde
470 346 52 15 vara
538 339 59 22 svärt
612 341 33 20 att
659 340 7 20 i
678 340 40 21 den
729 339 93 28 aflägsna
832 340 70 21 lands-

72 369 61 20 orten
156 367 132 22 förekomma
303 367 69 22 denna
387 367 106 27 sjukdom.
523 368 42 27 Jag
579 368 37 21 vill
632 368 75 21 endast
722 370 83 25 nämna,
821 371 32 19 att
865 369 37 26 jag

72 396 47 21 icke
140 396 43 21 kan
198 396 27 27 pä
240 396 65 26 något
319 397 44 20 sätt
378 402 50 15 anse
444 397 71 21 denna
525 397 167 27 förutsättning
708 403 46 15 som
770 399 31 20 ett
815 397 86 21 talande

73 425 46 21 skäl
133 425 34 21 för
186 425 137 21 förkastande
340 424 23 22 af
377 431 25 14 en
418 425 83 26 ätgärd,
517 431 46 15 som
578 425 213 22 Ekonomiutskottet
805 426 8 20 i
827 425 75 26 början

73 453 23 21 af
109 453 38 21 sitt
161 453 135 21 betänkande
308 452 24 27 ju
348 459 62 15 anser
420 453 76 27 nyttig.
522 454 51 20 Icke
583 454 67 21 heller
661 454 42 20 kan
712 454 37 26 jag
759 460 50 16 anse
817 456 38 24 att,
867 460 34 15 om

73 481 64 21 ocksä
160 482 114 20 ständerna
296 481 24 21 är
343 482 54 21 1882
414 482 34 20 vid
464 482 157 21 hundskattens
636 484 122 25 temporära
773 482 129 22 afskaffande

73 510 90 26 beslöto,
179 511 33 19 att
225 510 125 26 regeringen
365 512 39 18 när
419 516 46 15 som
476 510 56 22 helst
543 510 71 22 kunde
625 510 69 22 införa
705 511 128 25 densamma,
844 512 59 20 detta

73 538 69 22 skulle
164 538 63 21 hafva
249 538 102 27 fräntagit
372 538 151 28 befolkningen
547 539 40 21 och
605 540 84 20 landets
704 540 87 20 ständer
806 541 49 25 rätt,
870 541 32 19 att

73 569 39 19 när
128 567 36 21 det
179 566 72 27 tyckes
268 569 31 19 att
315 567 36 21 det
366 567 107 25 behöfves,
491 568 85 21 anhälla
591 574 34 14 om
637 568 157 21 äterinförande
803 568 22 21 af
834 568 68 21 denna

73 596 64 20 skatt.
168 595 111 21 Utskottet
293 596 104 20 erkänner
412 596 69 27 äfven,
495 598 32 19 att
542 596 47 21 från
602 596 85 27 jagtens
703 596 106 27 synpunkt
823 596 80 27 vigtiga

74 624 47 21 skäl
142 623 68 22 finnas
233 624 33 21 för
288 624 69 21 denna
375 625 88 25 motion,
481 631 48 15 men
544 624 33 22 för
593 625 137 21 förkastande
745 625 24 21 af
781 626 121 20 densamma

75 652 60 22 anför
149 652 106 22 utskottet
271 652 94 22 deremot
381 653 36 21 det
432 653 54 26 skäl,
503 655 32 19 att
550 653 56 21 hvad
619 653 128 27 jagtvården
759 654 70 26 angår,
841 653 61 21 torde

75 681 58 21 detta
148 681 122 27 lämpligast
284 681 72 21 kunna
371 681 124 27 tillgodoses
510 688 76 20 genom
602 682 120 26 antagande
736 682 24 21 af
773 688 25 15 en
813 682 32 21 uti
859 688 43 14 mo-

74 710 98 26 tionsväg
186 709 119 27 föreslagen
319 710 78 26 partiel
411 710 125 27 förändring
551 710 7 21 i
571 710 144 27 jagtstadgan.
738 711 11 21 I
765 711 40 21 den
815 710 87 26 motion,

75 744 44 15 som
143 738 70 21 blifvit
235 738 106 22 inlemnad
363 738 33 21 till
419 739 116 21 ständerna
551 745 34 15 om
600 739 124 27 förändring
738 739 8 21 i
759 739 143 27 jagtstadgan,

74 766 67 22 finnes
156 766 121 26 visserligen
293 773 26 15 en
334 766 74 28 punkt,
425 773 45 15 som
486 768 56 20 talar
557 774 42 20 om,
615 768 55 20 huru
685 768 90 21 förfaras
790 768 54 20 skall
856 767 48 21 med

75 795 184 27 kringströfvande
281 795 57 21 hund
354 796 7 20 i
376 795 59 27 skog,
458 802 49 15 men
531 796 36 21 det
589 798 24 19 är
635 796 47 22 icke
696 796 69 27 precis
781 796 121 24 detsamma,

75 830 45 15 som
141 829 30 15 nu
192 824 161 26 ifrågavarande
375 824 81 21 motion
479 824 96 22 innebär.
605 825 11 21 I
638 825 42 21 alla
699 824 37 22 fall
758 824 95 22 kommer
868 824 36 20 det

75 852 124 27 stadgande,
222 858 45 15 som
291 852 55 21 afser
369 854 32 19 att
423 852 64 27 stäfja
511 854 59 19 detta
588 853 190 26 missförhållande,
795 855 32 18 att
842 851 63 22 träffa

76 882 74 19 endast
172 882 31 19 ett
225 880 48 21 litet
295 881 58 21 antal
375 881 22 20 af
414 881 26 21 de
455 881 53 26 lösa,
524 881 186 27 kringströfvande
725 881 116 21 hundarne.
871 881 34 20 Dä

77 909 107 21 dessutom
208 909 25 21 de
248 909 33 21 för
293 909 125 27 jagtvärden
433 910 145 21 intresserade
592 916 131 21 personerna
737 909 115 28 ingalunda
866 911 37 18 äro

75 937 24 21 sä
114 937 84 26 talrika,
221 939 32 19 att
269 938 26 21 de
311 937 96 22 öfverallt
429 938 75 21 kunna
519 939 86 26 vidtaga
621 939 79 20 sädana
716 938 105 27 ätgärder,
837 943 44 16 som
897 937 7 20 i

75 966 92 21 berörda
181 966 69 26 punkt
265 966 23 21 af
300 967 40 20 den
355 966 108 21 blifvande
476 967 139 26 jagtstadgan
631 967 98 26 föresläs,
742 967 39 21 och
797 966 27 21 dä
835 966 35 21 det
880 967 24 20 är

75 994 93 24 osäkert,
184 1001 34 14 om
241 995 69 21 denna
325 995 12 26 &
352 995 7 21 i
372 995 139 27 jagtstadgan
535 995 38 21 alls
593 995 97 22 kommer
704 997 32 19 att
751 997 95 24 antagas,
862 994 42 21 kan

73 1023 36 26 jag
123 1023 48 21 icke
193 1023 67 21 heller
282 1029 57 18 anse,
362 1025 32 19 att
409 1024 60 21 detta
485 1024 68 21 andra
567 1025 67 20 motiv
649 1024 120 21 kullkastar
783 1023 73 21 skälen
871 1023 33 20 för

75 1051 115 26 motionen,
205 1051 7 21 i
227 1051 114 28 synnerhet
363 1058 45 15 som
428 1052 119 21 utskottets
567 1053 138 20 medlemmar
720 1052 33 21 för
767 1053 72 20 resten
854 1057 51 15 anse

76 1080 68 21 denna
160 1079 75 28 ätgärd
250 1080 33 21 för
298 1080 75 27 nyttig,
389 1081 39 20 och
444 1081 117 26 ingalunda
576 1081 141 21 underskatta
732 1081 71 26 vigten
819 1079 22 22 af
855 1080 49 21 den-

75 1114 86 15 samma.
191 1108 41 27 Jag
254 1109 67 21 måste
343 1109 123 27 uppriktigt:
482 1109 73 26 tillstä,
572 1111 32 20 att
617 1110 37 26 jag
669 1109 49 27 sjelf
731 1109 46 21 icke
792 1109 57 20 inser
864 1109 40 20 den

75 1139 58 19 stora
155 1138 75 25 nyttan
246 1137 23 21 af
281 1137 155 22 hundskattens
455 1137 114 22 införande
583 1138 28 27 pä
627 1138 79 25 landet,
722 1137 40 22 och
776 1137 47 22 icke
838 1137 67 21 heller

74 1165 62 26 inser,
152 1165 56 21 huru
223 1165 41 22 den
279 1166 54 21 skall
348 1166 73 21 kunna
434 1166 143 27 genomföras,
593 1173 49 14 men
658 1167 26 20 dä
692 1167 38 26 jag
739 1166 47 21 icke
796 1166 42 20 kan
848 1165 57 20 finna

74 1195 32 20 att
126 1194 105 21 utskottet
246 1195 8 20 i
269 1194 32 21 sin
324 1195 127 26 motivering
474 1195 40 21 har
534 1195 118 21 kullkastat
674 1195 65 26 något
762 1195 22 20 af
805 1194 26 21 de
851 1193 52 26 skäl,

74 1228 45 15 som
135 1222 58 21 säväl
208 1223 133 21 motionären
357 1223 75 26 anfört,
449 1229 47 15 som
511 1223 63 22 äfven
589 1224 106 21 utskottet
705 1224 7 20 i
722 1223 38 22 sitt
770 1222 135 22 betänkande

74 1250 122 27 framhällit,
212 1251 68 22 mäste
293 1251 36 27 jag
344 1251 86 22 förorda
445 1252 122 21 motionens
582 1253 125 26 antagande.

145 1306 33 21 Hr
193 1307 124 22 Aminoff:
340 1307 41 28 Jag
402 1308 38 21 ber
463 1309 78 21 endast
561 1310 32 20 att
607 1308 22 22 fä
645 1308 89 24 anmäla,
751 1309 32 19 att
795 1306 37 27 jag
847 1306 57 20 inom

74 1335 106 21 utskottet
201 1336 47 21 icke
271 1336 98 22 omfattat
392 1337 46 21 dess
461 1336 63 28 äsigt,
548 1339 53 19 utan
622 1337 63 27 yrkat
700 1336 28 27 pä
743 1338 33 19 att
791 1334 114 22 ständerna

74 1364 67 21 skulle
163 1364 40 21 hos
225 1365 124 27 regeringen
364 1365 86 21 anhålla
466 1372 36 14 om
518 1366 76 26 åtgärd
610 1365 86 26 derhän,
713 1366 32 20 att
760 1363 144 31 hundskatten

73 1392 70 22 blefve
158 1392 115 22 äterinförd
288 1394 28 25 pä
331 1393 153 27 landsbygden.
514 1394 42 21 Vid
574 1394 77 21 sädant
666 1392 132 22 förhällande
813 1392 42 20 kan
868 1396 37 22 jag

73 1421 46 21 icke
134 1421 68 21 heller
216 1424 51 24 taga
281 1422 116 21 utskottets
412 1422 138 22 betänkande
565 1423 7 20 i
587 1422 89 22 försvar.

145 1478 58 21 Frih.
218 1478 26 21 R.
260 1478 25 22 A.
301 1478 103 22 Wrede:
427 1478 42 27 Jag
492 1479 39 21 ber
554 1480 32 20 att
608 1478 21 22 fä
644 1480 83 24 nämna,
749 1479 31 19 att
793 1477 38 27 jag
847 1475 58 21 delar

73 1512 81 15 samma
169 1506 86 27 äsigter,
271 1512 45 16 som
331 1506 70 22 blifvit
419 1507 98 21 uttalade
533 1507 23 21 af
569 1507 57 21 Frih.
643 1506 94 22 Aminoff
750 1506 40 22 och
805 1504 32 22 Hr
853 1503 51 21 Tor-
