1081 1739
342 119 26 17 R.
381 123 18 13 o.
411 119 23 16 A.
443 118 59 18 1888.
515 119 28 16 28
550 117 63 22 April.
827 113 41 20 897

69 203 120 22 hvarandra
211 203 40 22 och
274 204 26 21 de
314 210 77 15 senare
408 204 71 21 säsom
495 203 83 22 mindre
593 202 125 27 väsentliga,
733 202 108 23 förefaller
855 203 43 27 mig

69 232 85 27 vägadt.
182 231 42 28 Jag
238 232 105 21 erkännar
357 234 34 19 att
406 233 61 20 deras
483 231 153 27 sammanhang
651 233 24 19 är
690 237 45 15 mer
751 231 52 21 eller
816 232 83 21 mindre

68 261 78 26 intimt,
169 260 107 22 beroende
298 260 23 22 af
342 261 37 21 det
400 262 51 23 sätt,
473 260 82 27 hvarpä
577 259 136 27 lagförslaget
728 259 77 22 hänför
819 261 32 26 sig
866 260 33 21 till

69 289 99 27 gällande
183 289 41 27 lag,
239 295 48 16 men
302 289 67 21 redan
384 289 78 26 derför,
478 291 33 20 att
525 289 38 21 fall
578 289 73 20 kunna
665 287 74 28 gifvas,
756 288 27 21 dä
792 288 107 27 lagtexten

69 319 53 20 utan
144 317 74 22 rubrik
234 317 40 22 och
288 318 81 27 ingress
385 318 47 21 icke
448 318 33 21 till
496 317 38 22 sitt
549 317 57 27 syfte
621 317 42 21 blir
677 317 49 21 fullt
740 317 111 27 begriplig,
866 323 32 21 sy-

70 351 38 16 nes
123 345 36 22 det
174 346 48 27 mig,
239 347 32 20 att
285 352 49 15 man
349 346 69 21 mäste
433 346 101 22 betrakta
549 346 48 21 dem
612 345 71 22 säsom
697 345 118 28 väsentliga
825 345 33 22 för
869 347 31 20 ett

70 374 134 28 fullständigt
226 375 114 26 lagförslag
362 375 40 21 och
422 375 71 22 derför
509 375 61 21 äfven
586 374 70 21 säsom
671 374 134 27 nödvändiga
820 375 33 20 för
867 376 32 20 att

71 404 32 21 ett
117 403 7 21 i
139 403 86 22 formelt
239 403 98 22 afseende
353 403 105 27 antagligt
473 403 172 26 motionsförslag
655 403 55 20 skall
720 402 108 28 föreligga.
848 403 51 21 Frä-

70 437 48 21 gan,
134 432 105 21 huruvida
253 433 31 19 ett
298 432 85 21 utskott
397 432 55 21 skali
467 432 72 21 kunna
554 437 62 16 anses
631 431 131 27 berättigadt
777 433 32 19 att
823 431 7 21 i
845 431 54 21 före-

70 460 94 21 nämnda
186 460 98 21 afseende
307 460 143 27 komplettera
473 462 31 20 ett
519 459 148 27 ofullständigt
682 459 178 27 motionsförslag,
876 462 23 19 är

71 488 8 21 i
94 488 25 22 L.
135 488 24 22 O.
175 488 47 22 icke
244 488 110 22 besvarad.
384 488 109 22 Mähända
515 491 24 19 är
562 489 36 21 det
621 488 55 21 dock
691 488 89 27 säkrast,
797 490 32 20 att
843 488 57 22 hälla

71 516 33 28 sig
125 518 105 26 noggrant
252 517 33 21 till
306 517 188 27 bestämningarna
509 518 7 20 i
531 518 72 20 ämnet
625 517 40 21 och
684 516 79 26 fordra,
779 519 32 19 att
825 517 75 21 motio-

71 547 67 19 nären
160 545 49 27 sjelf
229 545 55 22 skall
304 548 52 25 göra
379 546 42 21 det.
451 546 27 21 Vi
500 548 50 19 veta
571 545 131 27 visserligen,
721 547 32 19 att
769 545 131 21 utskotten
889 541 15 36 i

71 574 77 27 mänga
163 574 37 21 fall
215 574 67 22 ändra
296 575 110 26 ingressen
421 574 41 22 och
477 574 102 22 rubriken
595 574 32 21 till
643 574 48 21 näd.
707 580 79 20 prop:r,
803 580 54 20 men,
873 574 27 20 dä

69 602 38 28 jag
129 609 62 15 anser
207 603 36 21 det
257 609 51 15 vara
328 603 109 27 riktigare,
453 605 32 19 att
500 604 8 20 i
523 603 60 27 fräga
599 609 34 15 om
648 602 104 27 grundlag
767 602 93 22 vidhälla
874 608 26 16 en

72 632 110 26 strängare
204 631 102 27 tolkning,
330 634 39 19 när
392 632 69 21 denna
483 632 48 21 icke
552 631 67 27 gifver
639 637 24 15 en
680 630 115 28 oförnuftig
809 631 91 27 mening,

72 660 69 21 skulle
154 660 37 27 jag
205 660 58 21 hälla
284 660 46 22 före
345 662 32 19 att
393 662 31 20 ett
439 660 121 27 lagförslag,
576 660 34 20 för
625 661 32 20 att
673 666 45 14 som
734 660 81 20 motion
830 660 71 20 kunna

72 690 112 25 upptagas,
207 688 68 22 mäste
296 689 67 21 förses
383 689 49 21 med
448 689 62 21 dessa
525 690 100 20 moment.
655 688 42 26 Jag
711 688 126 21 inskränker
851 688 49 26 mig,

73 719 52 19 enär
140 717 36 21 det
191 724 29 14 nu
234 717 145 27 föreliggande
395 717 60 21 fallet
470 718 47 20 icke
533 723 62 21 synes
610 717 43 26 mig
668 722 63 16 mana
746 716 33 22 till
794 717 65 26 nägot
869 718 33 19 ut-

72 745 87 22 talande
181 746 109 26 angäende
308 746 91 21 talmans
415 746 128 26 befogenhet
558 746 8 20 i
581 746 72 26 dylika
668 745 77 27 frägor,
761 747 33 19 att
808 746 7 20 i
831 745 70 21 anled-

72 774 52 26 ning
139 774 23 21 af
176 774 42 27 det,
234 780 44 16 som
294 774 58 22 Frih.
369 774 78 22 Wrede
462 774 75 22 härom
553 774 91 27 yttrade,
660 774 69 21 uttala
745 774 36 21 det
793 774 37 27 jag
840 780 62 16 anser

73 802 123 22 talmannen
218 803 66 26 enligt
304 803 23 21 L.
345 803 24 21 O.
393 803 92 27 befogad
507 804 33 20 att
555 802 81 27 afstyra
651 802 146 28 upptagandet
813 802 18 28 ej
847 804 56 20 blott

73 830 23 22 af
109 831 83 27 sådant,
208 837 45 15 som
268 832 7 20 i
290 832 99 21 afseende
405 832 13 20 ä
432 832 118 21 innehållet
570 833 23 19 är
609 831 109 22 stridande
732 834 46 20 mot
792 832 109 27 grundlag,

73 860 52 20 utan
148 860 62 21 äfven
224 860 8 20 i
246 860 60 27 fräga
329 866 34 16 om
385 860 62 25 form,
467 860 86 22 hvarför
571 860 44 23 min
631 861 85 27 mening
730 863 29 25 är,
777 863 32 20 att
823 862 80 21 talman

71 888 80 26 jemväl
164 888 29 27 pä
208 888 65 22 sädan
288 890 69 27 grund
372 890 43 22 kan
430 890 81 28 afstyra
526 890 157 27 behandlingen
698 890 23 21 af
729 890 63 22 väckt
802 891 101 21 motions-

72 916 86 28 förslag.
188 916 42 29 Jag
244 918 42 22 kan
301 919 47 21 icke
363 919 39 21 här
417 921 53 25 göra
485 920 41 20 den
536 919 84 21 skilnad
630 919 90 21 emellan
730 919 55 21 form
796 919 39 22 och
846 919 57 21 inne-

72 944 51 27 häll,
139 952 46 15 som
201 947 40 20 den
257 948 64 21 ärade
336 948 83 21 talaren
435 950 72 24 syntes
522 948 75 27 äsyfta.

143 1003 33 21 Hr
190 1009 42 16 von
247 1004 145 27 Knorring:
414 1004 41 27 Jag
471 1005 39 21 ber
526 1005 75 21 endast
616 1005 32 20 att
664 1004 22 21 fä
700 1004 141 27 komplettera
855 1004 48 21 mitt

74 1033 84 20 senaste
172 1033 100 26 yttrande
286 1033 49 21 med
353 1033 68 27 några
436 1033 39 21 ord
513 1033 34 21 Då
559 1033 38 27 jag
612 1033 87 21 anförde
715 1034 32 20 att
759 1033 38 26 jag
811 1034 44 20 mot
870 1035 34 18 ut-

73 1060 93 21 skottets
188 1061 70 21 beslut
280 1061 80 21 anmält
375 1062 140 24 reservation,
531 1063 23 20 sä
569 1068 62 20 synes
647 1061 36 22 det
697 1061 80 22 kanske
792 1061 112 27 egendom-

73 1088 45 27 ligt,
135 1090 33 20 att
182 1089 70 27 nägon
266 1090 131 21 reservation
413 1090 7 21 i
436 1090 75 27 sjelfva
526 1090 74 21 verket
615 1090 47 21 icke
677 1089 66 22 finnes
758 1090 72 27 bilagd
845 1089 60 22 detta

73 1117 141 22 betänkande.
246 1118 96 22 Orsaken
364 1121 24 18 är
407 1119 121 21 emellertid
543 1119 48 24 den,
606 1120 33 19 att
653 1118 106 21 utskottet
775 1118 81 27 efteråt,
873 1124 31 16 se-

74 1145 42 22 dan
138 1145 144 23 betänkandet
301 1147 69 21 blifvit
385 1149 95 25 uppsatt,
496 1147 70 22 beslöt
579 1147 88 27 tillägga
683 1147 6 21 i
704 1147 153 26 motiveringen
873 1148 31 20 ett

73 1174 112 22 uttalande
207 1181 34 15 om
256 1175 32 22 sin
303 1175 142 28 uppfattning,
462 1177 33 20 att
511 1175 61 22 äfven
587 1176 26 21 de
629 1175 89 22 formela
732 1175 105 22 bristerna
852 1181 51 15 voro

74 1202 24 22 af
110 1203 42 21 den
174 1203 152 27 beskaffenhet,
349 1206 33 19 att
405 1205 26 20 de
446 1204 68 22 borde
529 1204 85 21 anföras
629 1210 45 15 som
691 1206 31 19 ett
737 1204 167 28 supplementärt

73 1231 67 21 motiv
154 1231 34 22 för
202 1233 118 21 motionens
336 1232 144 22 förkastande.

143 1288 57 21 Frih.
217 1295 41 15 von
273 1289 82 22 Born:
379 1289 11 22 I
406 1290 69 21 denna
497 1289 122 28 principielt
641 1289 80 27 vigtiga
735 1289 60 27 fråga
809 1288 96 22 anhåller

71 1317 38 26 jag
124 1318 33 19 att
172 1317 22 21 fä
208 1317 69 22 lemna
292 1320 32 19 ett
339 1318 48 21 litet
402 1318 82 27 bidrag.
515 1318 40 27 Jag
565 1317 50 22 ville
625 1317 56 22 fästa
690 1317 215 28 uppmärksamheten

73 1345 37 21 vid
125 1347 33 19 att
172 1345 60 22 Hans
247 1346 119 27 Kejserliga
381 1347 114 26 Majestäts
510 1347 48 20 näd.
573 1353 54 20 prop
650 1346 40 21 N:o
706 1347 19 25 8,
742 1353 33 14 om
791 1345 114 28 aflyftande

74 1373 24 22 af
111 1374 40 21 den
166 1374 8 21 i
189 1374 56 22 vissa
266 1375 58 21 delar
339 1375 23 21 af
375 1375 66 21 Wasa
455 1375 41 21 och
512 1375 118 26 Uleäborgs
645 1375 36 20 län
696 1375 67 21 under
777 1374 128 27 benämning

74 1402 23 21 af
110 1402 114 27 hospitals-
239 1403 40 22 och
300 1403 150 27 lasarettsfyrk
466 1403 108 27 utgäende
589 1403 58 22 skatt
661 1403 34 21 till
709 1403 88 26 kronan,
813 1403 92 27 afgifven

74 1431 33 20 till
123 1431 70 21 denna
207 1431 107 28 landtdag,
331 1438 38 15 var
385 1432 90 21 afiattad
491 1432 8 21 i
514 1432 93 27 följande
622 1431 99 27 lagform:
739 1431 44 22 Och
798 1431 37 22 vill
845 1431 60 21 Hans

73 1459 102 26 Majestät
189 1460 28 26 pä
232 1460 66 21 sädan
320 1461 69 26 grund
403 1461 34 20 till
452 1460 122 21 Ständerna
588 1460 79 21 föreslä
681 1460 92 26 följande
788 1459 117 27 stadgande

74 1486 48 26 (här
144 1487 62 27 följer
221 1488 124 22 kursiverad
361 1488 55 27 stil):
437 1488 60 28 ,Den
513 1488 66 27 enligt
593 1488 138 22 härförinnan
746 1488 103 22 utkomna
863 1487 42 21 för-

74 1514 118 28 fattningar
206 1516 57 22 inom
278 1516 65 22 Wasa
359 1517 40 21 och
414 1516 121 28 Uleåborgs
550 1517 36 21 län
601 1517 68 21 under
684 1523 64 15 namn
763 1516 23 22 af
794 1515 112 28 hospitals-

812 1557 22 16 57
