1081 1736
361 140 25 17 R.
400 145 17 12 0.
430 140 23 17 4.
461 140 60 17 1888.
546 140 9 17 2
567 139 48 22 Maj.
831 134 40 21 963

70 226 48 22 vårt
138 225 148 27 jernvägsnäts
308 224 127 27 utveckling.
466 225 42 21 Det
531 227 24 19 är
577 224 121 28 långtifrån,
715 227 32 19 att
759 225 38 27 jag
811 225 33 21 för
859 224 42 22 min

71 253 97 23 enskilda
184 254 33 21 del
233 253 67 22 skulle
315 253 50 27 vilja
380 253 95 21 bestrida
490 253 155 27 befogenheten
661 253 22 21 af
693 260 25 14 en
729 253 66 22 sådan
807 253 93 27 varning.

70 283 44 21 Det
134 282 43 21 kan
200 282 34 21 väl
256 282 46 21 icke
325 282 22 21 af
368 282 69 26 någon
460 282 105 21 bestridas
581 281 52 22 eller
648 281 95 22 betviflas
759 283 32 20 att
807 284 30 19 ett
852 282 50 21 land

71 311 48 21 med
142 311 24 21 så
188 310 124 21 inskränkta
330 316 106 15 ressurser
451 316 46 15 som
513 310 47 21 vårt
575 311 68 20 måste
658 311 27 26 gå
701 312 92 19 varsamt
808 309 93 27 tillväga,

72 339 27 22 då
122 339 36 21 det
180 339 66 26 gäller
264 340 22 20 så
302 339 119 21 storartade
437 338 82 27 företag
535 345 44 14 som
593 338 227 33 jernvägsbyggnader.
852 338 49 21 Men

69 368 45 26 just
137 368 49 21 med
208 367 80 33 hänsyn
313 367 32 21 till
368 367 41 21 den
427 367 115 27 betydelse,
558 373 45 15 som
620 367 40 21 den
677 367 32 27 vip
726 367 176 21 remissdebatten

72 396 96 22 uttalade
183 396 115 32 varningen
313 395 95 25 innebar,
425 396 66 26 ansåg
506 395 106 22 utskottet
631 395 35 22 det
677 395 83 22 varaför
770 396 32 26 sig
813 402 24 15 en
849 395 53 27 pligt

72 427 32 19 att
127 425 53 21 söka
201 425 6 20 i
231 425 69 26 någon
323 425 49 20 mån
394 423 90 28 bidraga
497 423 33 22 till
541 423 114 35 lösningen
671 424 22 21 af
707 424 80 27 frågan,
803 427 32 18 att
849 424 53 21 söka

72 453 70 22 lemna
157 453 70 27 någon
242 441 118 38 utredning,
377 459 45 15 som
437 452 72 21 kunde
525 454 52 25 göra
599 453 36 20 det
653 453 82 26 möjligt
749 453 33 20 för
798 453 26 21 de
846 459 55 20 resp.

72 481 104 22 ståndens
198 481 139 22 medlemmar
359 483 31 20 att
412 481 59 21 bilda
493 481 31 26 sig
547 487 25 15 en
589 481 137 28 öfvertygelse
743 481 79 26 derom,
838 481 63 22 huru-

72 510 51 21 vida
146 510 36 21 det
205 510 91 27 omfång,
319 510 7 21 i
349 509 81 22 hvilket
451 509 220 28 jernvägsbyggandet
696 509 75 22 hittills
786 510 115 26 bedrifvits,

72 539 55 21 varit
150 539 32 20 för
202 541 60 24 stort,
279 545 33 15 om
329 539 60 20 dessa
405 538 98 21 arbetens
519 538 136 21 bedrifvande
673 538 113 27 möjligtvis
801 539 54 21 varit
870 538 33 21 för

73 567 85 27 mycket
180 567 117 24 forceradt,
308 567 106 21 äfvensom
431 573 34 14 om
484 567 46 20 skäl
545 567 69 21 skulle
629 566 114 22 förefinnas
759 569 31 19 att
805 573 28 14 nu
848 567 55 21 inslå

74 597 32 19 ett
128 597 67 19 annat
212 595 174 27 tillvägagående.
417 595 62 21 Hvad
495 595 105 21 utskottet
615 595 6 21 i
638 595 59 21 detta
713 595 98 21 afseende
827 595 75 21 trodde

74 624 31 27 sig
127 624 54 21 böra
203 623 75 21 främst
299 624 61 26 lägga
383 623 44 27 vigt
442 624 63 26 uppå,
522 630 37 14 var
575 626 31 18 att
621 624 70 21 lemna
707 630 25 15 en
749 624 154 26 framställning

74 658 34 16 om
126 652 26 22 de
167 652 96 26 resultat,
279 658 45 16 som
341 652 25 21 de
381 652 75 21 hittills
472 652 7 20 i
493 652 73 21 landet
580 652 85 21 utförda
681 652 95 21 banorna
786 652 55 21 hade
852 652 50 21 lem-

72 683 46 19 nat.
148 681 33 21 De
204 680 75 25 siffror,
302 687 45 15 som
363 680 106 22 utskottet
486 680 7 21 i
509 680 58 22 detta
583 680 99 22 afseende
697 680 6 21 i
719 680 104 22 särskilda
837 680 66 22 tabel-

72 709 33 22 ler
120 709 76 26 anfört,
213 711 37 19 äro
266 709 113 27 ingalunda
395 715 40 21 nya
451 709 40 21 och
506 709 47 21 icke
568 709 67 21 heller
650 709 115 21 utskottets
781 716 58 20 egna.
871 709 32 21 De

73 740 37 19 äro
133 738 45 22 helt
202 738 70 21 enkelt
295 740 63 24 tagna
373 737 46 21 från
440 738 25 20 de
482 737 88 22 officiela
586 738 132 25 berättelser,
734 744 45 15 som
795 738 107 26 föreligga,

72 766 48 22 från
142 766 205 27 statsjernvägarnas
370 766 131 22 omfattande
524 766 39 21 och
586 766 93 22 särdeles
697 766 148 27 förtjenstfulla
861 769 42 19 sta-

72 794 66 22 tistik.
170 795 33 21 De
226 794 111 22 slutsatser
359 795 106 21 utskottet
488 794 48 22 med
555 794 86 27 ledning
657 794 21 22 af
693 795 61 21 dessa
769 795 87 21 anförda
871 797 32 19 ta-

72 823 69 21 beller
164 825 54 19 trott
240 823 32 27 sig
291 824 72 20 kunna
378 823 71 27 draga,
465 822 102 27 förefalla,
583 824 43 26 mig
641 823 134 27 åtminstone,
792 824 45 20 icke
853 830 50 15 vara

73 851 73 22 alltför
161 852 141 25 sangviniska.
332 852 111 21 Utskottet
457 851 40 21 har
512 851 69 22 funnit
596 852 62 21 dessa
673 852 90 21 tabeller
781 852 122 21 konstatera

74 882 32 19 att
128 879 92 22 trafiken
238 881 13 20 å
268 881 48 20 våra
329 880 114 27 jernvägar
457 879 106 22 härintills
579 879 96 22 befunnit
691 880 30 27 sig
736 881 7 20 i
759 887 25 14 en
800 880 103 21 successiv

74 908 101 27 stegring.
205 908 111 21 Utskottet
339 909 39 20 har
401 910 54 19 trott
478 908 31 27 sig
526 908 60 21 deraf
600 909 62 21 hafva
677 911 43 18 rätt
736 911 31 18 att
783 909 65 26 draga
864 909 40 21 den

74 937 94 26 slutsats,
192 939 32 19 att
247 943 80 15 samma
342 937 131 21 förhållande
489 937 97 21 kommer
601 939 32 19 att
649 943 38 20 ega
702 943 47 15 rum
765 937 61 22 äfven
841 937 63 21 fram-

76 965 64 22 deles,
170 965 50 21 Men
236 965 27 22 då
279 966 104 21 utskottet
399 965 76 26 drager
491 965 69 22 denna
575 965 94 25 slutsats,
685 966 24 21 sä
724 967 61 25 säger
800 965 104 22 utskottet

74 993 150 28 uttryckligen,
232 995 47 25 fatt
302 1000 48 15 man
366 994 54 21 dock
435 994 46 21 icke
497 994 39 21 har
551 996 44 19 rätt
609 996 32 19 att
657 994 96 21 förvänta
768 996 32 19 att
815 994 89 27 stegrin-

74 1028 41 21 gen
131 1022 69 21 skulle
214 1022 86 21 komma
315 1024 33 19 att
362 1022 69 27 fortgå
447 1023 6 20 i
469 1022 112 21 enahanda
591 1023 134 27 progression
736 1029 45 15 som
792 1022 111 21 härintills.

74 1050 109 27 Derjemte
206 1051 39 21 har
268 1051 104 21 utskottet
387 1051 47 21 icke
450 1051 133 21 undanhållit
599 1053 31 19 att
645 1051 56 22 hvad
716 1051 101 21 beträftar
832 1051 25 21 de
873 1057 32 15 se-

74 1081 49 20 nast
138 1079 86 22 utförda
238 1079 103 27 banorna,
356 1081 84 26 mycket
455 1081 59 20 stora
529 1079 131 27 svårigheter
675 1081 58 20 möta
748 1081 32 20 att
798 1079 58 22 bilda
873 1079 32 27 sig

74 1114 27 15 en
124 1107 98 22 bestämd
246 1107 145 28 öfvertygelse,
413 1108 105 21 huruvida
541 1108 61 21 dessa
625 1108 67 21 banor
715 1108 38 21 och
769 1109 26 20 de
810 1110 95 19 närmast

74 1135 32 22 till
122 1135 112 23 utförande
250 1136 179 26 förekommande,
445 1136 61 22 skola
520 1136 71 22 lemna
612 1137 123 26 tillräckligt
750 1139 59 19 stora
823 1137 82 20 inkom-

74 1166 45 20 ster
141 1164 33 21 för
194 1166 32 20 att
240 1164 46 22 icke
302 1164 75 22 endast
391 1164 91 22 betäcka
498 1164 184 27 trafikutgifterna,
699 1168 50 18 utan
764 1165 71 21 lemna
849 1164 56 22 helst

74 1193 70 26 någon
167 1194 63 20 ränta
252 1194 28 25 på
302 1192 109 27 kapitalet.
442 1194 43 20 Det
509 1196 23 18 är
555 1193 82 21 således
659 1194 7 20 i
681 1193 74 27 sjelfva
770 1194 73 20 verket
859 1193 46 21 icke

74 1222 51 20 utan
149 1223 33 19 att
204 1227 50 16 man
276 1222 67 21 måste
365 1221 53 27 hysa
441 1227 26 16 en
483 1221 42 22 viss
540 1221 141 27 tveksamhet,
698 1221 27 22 då
741 1222 34 21 det
791 1221 67 27 gäller
873 1223 32 19 att

74 1249 70 27 fortgå
168 1250 50 21 med
240 1250 121 27 byggandet
383 1249 22 22 af
422 1250 105 21 likartade
542 1250 68 21 banor
625 1256 46 15 som
687 1250 26 21 de
729 1252 70 19 senast
814 1249 90 24 utförda,

74 1279 13 20 å
109 1277 73 22 hvilka
203 1277 91 22 trafiken
316 1278 7 21 i
346 1278 41 21 alla
409 1278 113 21 händelser
545 1278 45 21 icke
606 1279 84 20 komme
706 1281 32 18 att
753 1279 67 21 förete
835 1278 70 26 någon

74 1306 109 27 synnerlig
198 1306 126 27 lifaktighet.
351 1306 94 22 Oaktadt
460 1306 49 21 fullt
524 1307 147 27 berättigande
687 1307 32 21 för
734 1313 25 15 en
770 1307 66 21 sådan
846 1306 60 21 tvek-

74 1334 84 22 samhet
175 1334 119 25 förefinnes,
310 1335 40 21 har
365 1335 106 22 utskottet
487 1335 54 22 dock
557 1335 46 22 icke
618 1335 33 22 för
665 1335 32 22 sin
714 1335 33 22 del
762 1337 53 20 trott
831 1336 32 21 att
880 1341 25 15 en

74 1362 124 27 förändring
208 1363 8 21 i
227 1364 36 21 det
278 1363 75 22 hittills
368 1363 65 27 följda
448 1365 103 26 systemet
566 1366 63 23 ännu,
645 1363 52 22 eller
711 1364 7 21 i
735 1364 39 21 den
790 1363 53 22 allra
858 1365 48 19 när-

74 1393 68 20 maste
158 1391 120 28 framtiden,
294 1391 67 22 borde
375 1391 71 22 inslås.
477 1392 43 21 Det
535 1394 24 19 är
573 1394 95 19 närmast
683 1394 77 19 tvänne
775 1392 73 26 banor,
860 1398 46 15 som

74 1421 28 26 på
125 1420 40 21 den
188 1426 76 15 senare
286 1420 59 22 tiden
361 1420 35 21 vid
415 1421 32 26 sig
462 1420 66 22 fästat
543 1420 153 23 allmänhetens
712 1420 193 27 uppmärksamhet.

74 1448 68 21 Dessa
158 1450 38 19 äro
213 1448 40 22 den
269 1448 106 22 Karelska
390 1448 70 22 banan
475 1449 14 21 &
505 1455 40 15 ena
559 1449 61 21 sidan
631 1449 40 21 och
682 1449 40 21 den
733 1448 174 27 Björneborgska

74 1477 14 20 å
103 1476 41 22 den
160 1476 67 22 andra
242 1477 67 21 sidan.
340 1476 61 22 Hvad
417 1477 41 21 den
473 1477 106 22 Karelska
593 1477 71 21 banan
679 1477 107 24 beträffar,
801 1478 24 20 så
836 1478 24 20 är
871 1476 36 22 det

74 1504 124 28 visserligen
214 1505 106 26 vanskligt
336 1507 32 19 att
383 1507 56 25 säga,
450 1505 87 22 hvilken
547 1506 65 21 trafik
624 1506 69 21 denna
703 1505 56 22 bana
769 1506 42 20 kan
822 1506 85 20 komma

75 1535 31 19 att
128 1533 96 27 uppvisa.
256 1534 50 21 Men
329 1533 47 21 med
399 1533 82 28 hänsyn
504 1534 32 21 till
555 1534 68 22 denna
639 1534 55 22 bana
709 1534 67 22 finnes
792 1534 23 21 så
831 1534 76 26 många
