1073 1745
172 124 41 21 676
421 131 24 18 R.
457 137 18 13 o.
487 132 23 17 A.
519 133 60 16 1888.
592 133 24 17 14
624 133 63 21 April.

142 216 154 26 uppsättandet
311 217 22 20 af
347 219 77 20 tvänne
439 217 46 22 små
500 221 138 24 regementen
654 218 13 22 å
683 220 13 20 4
707 219 132 26 sgvadroner
850 219 27 27 pä
888 221 13 20 9
911 222 59 19 rotar

141 244 6 21 i
164 244 108 26 plutonen,
289 246 117 26 utgörande
421 247 7 20 i
443 247 90 21 fredstid
548 253 84 16 summa
647 248 42 21 288
704 254 48 15 man
764 247 40 22 och
815 248 28 21 23
853 247 116 27 officerare,

142 274 55 19 samt
213 273 5 20 i
235 273 90 26 krigstid
350 275 41 21 384
413 281 48 16 man
485 276 47 21 med
552 277 27 20 22
596 275 117 27 officerare,
730 276 83 21 således
829 277 141 22 tillsammans

142 302 26 20 46
192 301 111 22 officerare
328 305 55 19 samt
406 305 41 20 576
470 311 48 14 man
534 305 8 20 i
557 305 69 21 freds-
646 305 40 20 och
703 306 27 20 44
746 304 111 22 officerare
873 305 39 22 och
928 306 41 21 768

141 336 47 15 man
205 330 6 20 i
227 329 96 28 krigstid.
355 332 75 21 Dertill
453 333 90 21 föreslås
569 340 26 15 en
618 333 163 27 brigadgeneral
801 334 49 21 med
865 334 104 27 adjutant,

142 358 102 22 skrifvare
268 361 48 23 etc,
332 360 33 21 för
379 367 25 15 en
420 361 53 28 årlig
488 362 94 21 kostnad
599 362 23 21 af
636 363 79 24 26,200
730 362 68 21 mark.
829 362 33 21 Då
877 363 93 21 kavalle-

141 387 41 22 riet
194 387 37 21 vid
248 387 26 22 de
289 388 118 23 förnämsta
423 391 126 26 europeiska
564 392 84 20 arméer
664 391 73 21 består
752 390 24 21 af
789 393 136 24 regementen
935 391 9 21 å
957 392 20 21 6:

140 416 131 27 sqvadroner
293 417 28 27 på
345 419 24 19 12
393 418 12 21 å
425 420 26 20 16
467 421 59 19 rotar
544 431 24 4 —
586 421 76 20 nästan
686 419 49 22 hela
757 419 66 27 ryska
845 420 124 21 kavalleriet

141 445 72 21 består
228 445 23 22 af
266 448 134 24 regementen
417 447 12 22 ä
445 449 11 20 6
473 449 132 26 sgvadroner
620 448 28 27 pä
665 449 26 20 16
708 450 65 24 rotar,
797 455 47 14 men
861 449 108 26 utgjordes

140 474 91 26 tidigare
254 474 24 21 af
292 475 12 20 8
320 481 43 21 sgv.
379 476 28 26 på
429 479 132 24 regementet
584 477 39 21 och
644 477 136 26 dragonerna
795 477 23 21 af
832 478 14 19 t.
863 483 19 16 o.
898 484 27 14 m.
943 477 34 21 10:

140 509 44 20 sqv.
201 502 27 27 pä
244 505 130 24 regementet
390 505 38 21 och
444 506 26 21 de
485 506 92 21 svenska
592 512 43 20 reg.
647 505 112 27 ,Skänska
770 506 147 26 dragonerna*
929 506 39 21 och

141 548 5 8 s
148 531 106 26 Skänska
270 532 129 23 husarerne*
416 536 36 19 äro
468 536 55 19 ännn
539 535 7 20 i
562 535 70 21 denna
654 535 63 20 stund
735 535 27 20 10
777 541 68 20 sgv:rs
861 541 108 20 regemen-

139 562 39 19 ten
193 572 28 3 —
237 560 24 21 sä
276 561 42 21 kan
331 561 37 27 jag
384 563 18 26 ej
418 563 55 21 fatta
488 563 88 21 hvarför
591 563 20 21 vi
627 563 23 20 af
665 569 25 16 en
706 563 97 23 handfull
815 565 82 25 ryttare
909 563 60 22 skola

140 589 58 21 bilda
214 590 12 20 2
242 593 144 24 regementen,
410 591 27 22 dä
459 592 173 26 sammanslagna
650 593 129 20 numerären
794 591 82 28 knappt
891 591 78 22 förslär

140 617 33 22 för
196 620 30 19 ett
249 621 127 24 regemente.
407 621 40 26 Jag
467 621 36 20 vill
519 621 19 26 ej
555 622 50 25 taga
621 621 36 20 det
673 620 115 27 höglofliga
805 620 96 21 ständets
915 621 31 20 tid
962 621 6 20 i

140 647 92 26 anspräk
255 648 48 20 med
327 649 33 20 att
382 649 110 26 uppräkna
507 649 6 21 i
529 649 67 27 detalj
612 649 73 26 hvarje
701 649 84 21 enskild
801 651 54 24 post,
872 652 51 18 utan
938 650 30 20 in-

141 675 105 21 skränker
262 676 42 26 mig
321 683 27 14 nu
364 678 75 21 endast
454 678 32 21 till
497 678 212 25 hufvudsummorna,
721 677 130 22 anhällande
861 680 33 19 att
902 678 66 27 jemte

140 704 49 21 mitt
211 704 136 27 andragande
368 706 7 21 i
397 707 198 26 protoko!lsutdrag
618 707 62 21 äfven
704 707 49 21 mitt
776 706 80 27 förslag
878 707 7 20 i
902 706 65 27 detalj

140 732 66 22 måtte
222 733 21 21 få
258 733 81 22 lemnas
356 735 32 20 till
403 735 36 21 det
454 735 90 26 utskott,
562 742 44 15 som
622 736 97 21 kommer
729 737 34 19 att
773 735 107 22 behandla
890 735 78 27 ifräga-

140 762 94 21 varande
250 768 59 21 prop.
341 763 49 22 Mitt
405 763 80 28 förslag
500 770 50 15 vore
567 764 72 21 derför
654 766 33 19 att
703 764 130 21 sammanslä
849 764 48 21 hela
913 767 55 24 styr-

140 790 42 21 kan
206 791 32 20 till
256 792 8 20 1
284 794 120 23 regemente
427 792 12 21 å
458 793 12 21 6
487 799 43 21 sgv.
556 793 27 26 pä
600 793 26 20 12
642 794 60 20 rotar
717 793 5 20 i
740 793 102 26 plutonen
857 793 7 20 i
879 792 89 22 fredstid

140 819 40 21 och
204 820 26 20 16
246 821 61 19 rotar
322 820 6 21 i
344 820 96 27 krigstid.
471 821 93 27 Styrkan
586 821 68 22 blefve
671 822 132 26 densamma,
819 821 105 27 nämligen
940 821 27 21 42

140 847 110 22 officerare
274 848 40 21 och
337 849 41 21 576
394 856 47 15 man
457 851 7 20 i
479 850 67 21 freds-
562 852 56 19 samt
634 851 41 20 768
691 857 49 14 man
757 850 6 20 i
779 850 102 26 krigstid;
897 850 71 21 dertill

140 876 74 26 nödigt
237 877 58 21 antal
319 878 184 22 underofficerare.
541 879 129 26 Derigenom
693 878 70 22 skulle
786 878 124 26 inbesparas
933 878 35 21 vid

140 905 165 26 uppsättningen
322 906 38 21 och
377 906 68 27 ärliga
460 907 137 21 underhållet
612 907 49 21 hela
672 907 148 27 brigadstaten
831 907 48 21 med
890 907 80 24 26,200-

139 933 68 26 mark,
224 934 9 20 1
252 935 185 25 regementschefs,
455 937 9 19 1
483 936 115 27 adjutants,
617 937 9 20 1
639 936 93 26 kassörs,
746 937 9 19 1
768 937 197 26 gvartermästare-,

141 963 9 20 1
168 962 227 26 vapenföreständare-
411 965 39 20 och
466 971 25 14 en
507 964 305 27 undervisringsofficersplats
823 966 55 19 samt
889 965 12 20 2
913 970 52 21 sgv.-

140 991 140 26 chefsplatser
303 992 47 21 med
366 993 115 26 ätföljande
496 994 61 21 löner
572 993 40 22 och
628 994 99 20 arvoden.
759 993 56 21 Hela
830 993 35 21 det
881 999 39 15 ena
935 999 33 14 re-

139 1022 119 23 gementets
281 1023 43 18 stat
340 1021 33 21 för
389 1022 60 21 civila
464 1022 137 27 tjenstemän:
627 1023 9 19 1
655 1022 81 25 läkare,
755 1023 7 19 1
780 1022 187 24 veterinärläkare,

142 1049 8 19 1
168 1051 65 23 prest,
251 1049 8 20 1
278 1049 92 27 auditör,
388 1051 9 20 1
410 1051 162 26 vapenmästare
584 1051 68 20 skulle
664 1050 109 21 bortfalla.
794 1050 32 21 De
837 1050 131 21 obevärade
955 1045 16 37 :

140 1076 110 27 skrifvare,
274 1080 56 19 tross
353 1081 40 18 etc.
416 1079 71 21 kunde
510 1079 94 22 minskas
620 1079 48 21 med
685 1080 27 27 1/,
728 1079 23 21 af
765 1079 108 26 förslaget.
903 1079 65 21 Detta

139 1105 39 20 allt
193 1111 51 15 vore
260 1106 6 20 i
282 1106 164 28 lönebesparing
461 1108 77 25 53,142
555 1108 67 25 mark,
648 1107 96 22 förutom
768 1107 68 22 andra
860 1107 108 27 besparin-

139 1139 39 21 gar
202 1134 7 20 i
234 1134 36 21 det
296 1134 69 27 öfriga
390 1136 140 26 underhället,
556 1136 127 27 uppgäende
707 1137 34 20 till
768 1137 99 20 närmare
889 1142 80 15 samma

140 1168 89 15 summa.
260 1163 82 21 Genom
359 1164 70 21 denna
443 1165 125 26 anordning,
589 1165 137 26 hvarigenom
744 1165 60 20 äfven
821 1165 148 26 anläggnings-

140 1191 146 21 kostnaderna
294 1192 34 21 för
343 1192 136 27 kasernerna,
492 1193 124 22 beräknade
626 1194 23 21 af
659 1194 96 21 komiten
763 1193 33 21 till
809 1193 113 26 1,034,500
933 1193 36 20 mk

139 1219 33 21 för
183 1219 74 27 hvarje
273 1223 120 24 regemente
409 1222 52 21 eller
477 1222 141 21 tillsammans
634 1223 115 25 2,069,000
765 1222 62 21 mark
837 1221 71 21 kunde
918 1221 51 21 ned-

139 1249 68 20 sättas
223 1249 47 21 med
287 1249 88 26 ungefär
391 1256 25 15 en
432 1250 106 27 femtedel,
556 1251 27 21 dä
598 1251 164 26 byggnadernas
779 1251 58 20 antal
851 1250 33 21 för
895 1250 74 21 endast

139 1278 31 19 ett
192 1280 122 23 regemente
330 1278 68 21 mäste
414 1279 65 21 blifva
497 1279 89 26 mindre,
602 1281 27 19 än
645 1279 34 21 för
694 1279 37 21 tvä
747 1278 28 27 pä
790 1279 106 20 särskilda
911 1281 58 19 orter

138 1304 98 28 förlagda
261 1309 141 23 regementen,
427 1307 23 21 sä
465 1314 51 14 vore
532 1308 161 26 sammanlagda
708 1307 143 27 besparingen
867 1307 34 21 vid
917 1312 54 22 upp-

139 1334 122 26 sättningen
286 1335 47 21 med
357 1335 28 21 all
401 1336 100 20 säkerhet
516 1338 34 19 att
564 1336 107 21 beräknas
686 1336 33 21 till
737 1336 12 20 6
765 1335 13 21 å
794 1336 91 25 700,000
901 1335 68 25 mark,

140 1364 54 18 samt
216 1362 87 22 komme
319 1363 67 27 ärliga
401 1364 137 22 underhället
552 1370 76 21 genom
644 1365 166 25 lönebesparing
829 1376 21 3 —
867 1364 28 21 dä
911 1364 59 20 bort-

139 1390 110 21 skaftande
269 1391 23 21 af
307 1392 92 26 onödiga
414 1392 89 27 tjenster
519 1393 41 21 och
576 1395 91 25 gvarter,
683 1393 157 26 förminskning
856 1392 23 22 af
892 1392 78 21 obevä-

139 1418 51 21 rade
214 1419 40 21 och
277 1422 62 24 tross,
363 1423 56 19 samt
441 1421 133 21 förminskad
598 1422 218 21 underhällskostnad
832 1420 23 22 af
869 1421 103 21 kaserner

138 1443 49 56 FOMI
190 1448 89 21 NanSlåS
296 1461 24 2 —
338 1451 33 19 att
393 1449 100 22 framvisa
516 1456 26 15 en
559 1450 114 27 besparing
688 1450 23 21 af
727 1450 59 21 cirka
803 1450 90 25 130,000
908 1450 62 20 mark

148 1477 23 20 ör
187 1476 31 21 år.

208 1505 62 21 Hvad
293 1508 143 24 regementets
458 1507 108 26 placering
589 1507 108 26 beträffar,
723 1513 62 15 anser
799 1507 36 27 jag
850 1507 119 26 kustorten,

138 1533 70 21 såsom
224 1534 95 21 varande
335 1536 108 21 närmaste
458 1535 90 22 föremål
563 1535 33 22 för
611 1536 140 21 kavalleriets
766 1535 205 27 rekognosceringar
