1081 1764
198 118 42 22 844
452 123 25 16 R.
489 127 18 13 0.
519 123 23 17 A.
552 123 60 18 1888.
625 124 28 17 24
661 123 58 22 April

171 209 119 22 öfverföras
313 209 33 21 till
361 210 31 21 ett
405 209 100 26 följande,
522 209 40 21 och
578 211 33 20 att
625 209 8 21 i
648 209 135 21 statsfonden
799 208 28 22 då
841 209 76 21 endast
932 209 71 21 skulle

170 238 92 21 behöfva
284 239 105 25 upptagas
409 237 74 27 jemna
504 237 86 27 belopp,
614 244 35 15 om
673 237 65 22 också
760 237 117 27 utgifterna
892 238 68 21 under
975 237 26 22 de

172 266 69 21 skilda
256 265 51 22 åren
322 266 8 21 i
345 266 74 27 sjelfva
433 266 75 21 verket
522 267 101 20 varierat.
654 266 43 21 Det
712 266 97 21 förfaller
820 266 43 27 mig
879 266 60 26 dock,
955 272 46 15 som

172 301 34 15 om
226 295 195 26 jordbruksfonden
444 295 47 21 icke
515 294 23 21 så
561 295 138 21 uteslutande
715 294 70 22 skulle
800 295 59 26 tjena
873 295 33 21 till
921 296 32 20 att
968 297 34 18 ut-

170 324 72 27 jemna
264 323 117 27 utgifterna
406 323 26 22 de
455 323 70 21 skilda
547 323 52 21 åren
615 323 98 25 emellan,
730 325 23 25 ty
768 323 35 21 vid
819 323 108 27 utgången
941 323 24 22 af
978 323 26 21 år

174 353 62 25 1885,
252 352 38 21 det
309 352 52 21 sista
377 351 30 25 år,
423 358 45 15 som
484 351 168 22 Statsutskottet
668 352 46 21 haft
731 353 33 20 att
779 352 104 26 revidera,
899 351 61 22 fanns
976 357 28 16 en

173 381 92 20 kontant
280 380 121 27 behållning
416 381 7 20 i
439 380 78 21 fonden
533 380 23 21 af
571 381 91 25 129,112
678 381 61 20 mark
755 381 27 20 82
798 380 69 27 penni.
888 380 42 21 Det
941 386 63 21 synes

174 409 118 26 verkligen,
301 415 46 15 som
363 415 34 15 om
412 409 69 21 denna
496 409 105 21 kontanta
617 409 124 26 behållning
757 415 50 14 vore
824 410 75 25 större,
915 411 27 18 än
957 414 46 15 som

175 437 137 22 erfordrades
335 437 33 21 för
383 443 26 16 en
425 437 57 27 dylik
504 437 125 27 utjemning.
659 437 34 21 Då
716 443 29 15 nu
761 437 72 22 härtill
851 437 96 22 kommer
964 438 41 23 att,

176 466 70 21 såsom
259 466 38 26 jag
312 466 98 25 nämnde,
427 466 26 21 de
463 465 68 27 årliga
541 466 8 20 i
560 467 133 20 statsfonden
704 467 111 26 upptagna
825 466 100 27 anslagen
937 465 67 22 öfver-

176 494 59 21 föras
258 494 33 21 till
305 494 202 27 jordbruksfonden,
524 494 127 21 observeras
666 495 63 21 dessa
745 494 74 27 anslag
834 495 6 20 i
856 495 25 21 de
897 495 109 20 allmänna

177 523 229 26 statsräkenskaperna
428 523 69 21 såsom
513 523 94 26 utgifter,
626 523 77 21 medan
719 523 104 25 deremot,
838 523 33 21 för
887 523 68 20 såvidt
967 523 38 26 jag

176 552 83 21 kunnat
281 551 64 26 finna,
361 551 34 21 .de
411 552 96 26 verkliga
522 551 125 27 utgifterna,
663 552 72 21 hvilka
751 551 52 27 utgå
817 551 48 22 från
878 551 127 27 jordbruks-

176 580 86 26 fonden,
278 580 46 21 icke
339 580 84 27 intagas
439 581 32 20 uti
486 581 26 20 de
528 581 109 20 allmänna
647 580 230 27 statsräkenskaperna
888 582 51 19 utan
950 580 57 21 blott

177 609 32 21 uti
228 609 208 26 jordbruksfondens
455 609 97 21 enskilda
568 609 121 26 räkningar.
720 609 44 21 För
780 609 43 20 min
839 609 34 21 del
887 608 68 22 måste
969 608 38 26 jag

178 643 50 15 anse
253 637 60 21 detta
336 636 69 22 såsom
429 639 31 19 ett
479 637 117 27 oegentligt
611 636 142 27 förhållande,
769 639 32 19 att
816 638 106 26 nämligen
937 637 47 21 icke
999 636 8 21 i

178 666 82 20 statens
283 666 108 20 allmänna
413 666 145 26 räkenskaper
581 666 124 21 observeras
729 666 26 21 de
774 666 95 21 faktiska
883 665 124 27 utgifterna,

178 696 52 19 utan
254 694 77 21 endast
353 694 26 21 de
400 694 95 22 chimära
517 694 190 27 öfverflyttningar,
723 700 46 15 som
785 695 36 20 det
836 700 40 16 ena
891 694 46 21 året
953 694 56 21 efter

180 722 36 22 det
231 723 67 21 andra
314 722 37 21 ske
365 722 47 22 från
427 723 108 21 allmänna
551 723 133 21 statsfonden
699 723 34 21 till
749 723 98 21 enskilda
865 722 81 22 fonder.
976 722 31 20 På

180 751 62 21 dessa
264 751 93 26 grunder
379 752 68 21 skulle
469 751 36 27 jag
525 751 133 21 fortfarande
674 751 59 21 hålia
748 751 46 21 före
810 753 38 23 att,
865 751 27 21 då
908 757 48 15 man
971 752 37 19 vet

180 781 32 19 att
228 779 177 21 Statsutskottets
420 780 110 21 uttalande
541 780 47 21 icke
599 780 58 21 skett
670 780 34 21 för
714 781 33 20 att
757 780 28 26 på
796 780 65 26 något
871 781 43 20 sätt
924 779 85 21 minska

180 808 26 21 de
221 814 113 20 ressurser,
350 808 125 27 regeringen
489 808 71 21 funnit
575 808 47 21 skäl
637 810 33 19 att
685 809 63 20 ställa
759 808 32 21 till
800 808 207 27 jordbruksfondens

180 836 132 27 förfogande,
328 838 51 19 utan
395 837 33 21 för
435 839 34 19 att
479 837 144 27 åvägabringa
633 843 26 15 en
668 843 60 15 mera
739 837 136 27 systematisk
886 836 121 27 bokföring,

181 865 63 21 dessa
258 865 117 21 utskottets
391 866 124 21 uttalanden
531 866 67 20 borde
614 865 93 27 qvarstå.

251 921 32 22 Hr
299 921 27 21 H.
343 922 24 20 A.
383 922 140 21 Mechelin:
544 922 43 20 För
602 922 44 20 min
661 922 35 21 del
711 922 50 21 ville
775 922 37 26 jag
822 922 100 21 betrakta
932 921 75 27 frågan

180 956 26 14 ur
222 956 26 15 en
263 949 65 27 något
344 950 57 21 olika
417 950 113 27 synpunkt,
547 950 91 22 oaktadt
651 950 37 27 jag
698 951 7 21 i
717 950 44 22 allo
777 950 95 21 biträder
887 950 26 21 de
929 950 79 26 åsigter

181 978 57 22 Frih.
262 978 158 27 Langenskiöld
443 985 49 21 nyss
515 979 106 21 framhöll.
653 980 41 25 Jag
716 981 47 19 tror
785 979 112 27 nämligen,
914 980 32 20 att
960 979 7 20 i
983 984 26 15 en

182 1007 136 26 statsbudget
340 1007 46 21 icke
409 1008 118 26 egentligen
543 1008 67 21 borde
625 1008 50 26 ingå
690 1009 67 19 annat
772 1009 27 19 än
815 1008 43 24 det,
874 1014 45 14 som
934 1007 33 21 för
983 1013 27 14 en

181 1035 42 21 viss.
238 1036 74 26 period
328 1042 61 15 anses
405 1036 54 21 böra
473 1036 93 26 utgifvas
581 1036 34 21 för
630 1036 165 21 statsändamäl.
815 1036 26 20 D.
857 1042 18 15 v.
891 1042 16 14 s.
923 1035 27 21 då
960 1041 50 15 man

182 1064 109 20 beräknar
306 1065 81 20 statens
403 1064 113 27 tillgångar
532 1064 40 21 och
587 1064 96 22 besluter
698 1064 50 22 med
767 1064 62 22 dessa
845 1064 113 26 tillgångar
972 1064 40 20 be-

182 1092 68 21 strida
272 1092 123 26 utgifterna,
419 1092 24 22 så
465 1095 46 19 tror
530 1093 39 27 jag
591 1095 32 19 att
646 1093 58 21 såväl
719 1093 35 21 för
767 1092 133 27 jordbruket,
917 1098 45 15 som
977 1092 34 21 för

183 1120 69 22 andra
259 1121 106 26 näringar,
382 1121 56 21 inom
455 1122 40 20 den
510 1122 31 20 tid
557 1122 107 26 budgeten
680 1122 110 25 omfattar,
806 1121 43 21 kan
864 1123 105 24 upptagas
985 1126 26 15 en

182 1149 43 21 viss
248 1155 89 19 summa,
361 1150 47 20 med
432 1150 84 20 hvilken
539 1150 26 21 de
588 1150 71 25 behof,
676 1156 45 15 som
745 1156 63 14 anses
823 1150 133 26 berättigade
972 1148 40 22 och

182 1177 195 27 maktpåliggande,
401 1178 61 21 skola
483 1179 130 26 tillgodoses.
644 1179 41 26 Jag
708 1178 93 23 befarar,
824 1179 33 20 att
872 1178 27 21 då
915 1184 26 15 en
956 1177 57 21 skild

182 1206 52 21 fond
248 1206 34 20 för
298 1206 69 26 någon
383 1206 55 21 skild
449 1207 81 26 näring,
547 1207 39 21 här
601 1213 28 15 nu
643 1206 136 28 jordbruket,
795 1206 67 21 finnes
877 1206 39 25 till,
931 1205 24 22 så
970 1206 43 20 kan

183 1234 37 22 det
235 1234 46 22 ofta
296 1241 52 14 vara
362 1234 109 22 frestande
487 1237 32 19 att
531 1235 70 21 såsom
612 1235 65 27 något
688 1236 59 26 slags
758 1235 137 26 experiment,
907 1240 25 15 ur
943 1235 71 21 denna

183 1262 51 22 fond
258 1263 79 27 bevilja
352 1264 75 26 anslag
442 1263 33 21 för
491 1264 106 26 ändamål,
618 1264 73 21 hvilka
706 1263 109 22 måhända
829 1263 122 21 sedermera
966 1262 48 22 icke

184 1291 96 21 befinnas
295 1291 182 27 ändamålsenliga
494 1292 52 21 eller
561 1292 82 26 nyttiga
658 1292 40 21 och
714 1292 84 22 således
813 1292 47 20 icke
875 1292 55 20 varit
941 1291 22 21 af
973 1291 42 21 den

183 1320 154 25 beskaffenhet,
361 1322 32 19 att
415 1320 27 22 de
466 1320 63 22 bordt
543 1321 50 21 med
608 1321 126 21 statsmedel
751 1320 114 26 befrämjas
881 1320 40 21 och
936 1320 79 21 under-

184 1348 80 22 stödas.
295 1349 66 21 Detta
384 1350 46 19 tror
450 1349 37 27 jag
501 1350 79 20 lättare
595 1349 103 24 inträffar,
714 1348 29 22 då
759 1354 26 16 en
801 1348 66 22 sådan
882 1348 51 21 fond
948 1348 69 20 finnes

184 1376 40 26 till,
248 1377 97 25 emedan,
368 1378 62 25 säger
452 1383 55 20 man,
531 1378 38 20 der
591 1378 67 20 finnes
677 1383 26 16 en
718 1378 51 25 viss,
785 1376 34 21 för
834 1376 67 21 andra
916 1375 99 22 ändamål

185 1404 106 27 obehöflig
313 1411 84 15 summa
418 1407 33 19 att
473 1405 66 27 tillgå,
563 1405 100 22 hvarföre
685 1405 70 22 skulle
779 1405 41 21 den
838 1405 47 21 icke
900 1404 117 25 användas,

186 1432 62 22 äfven
272 1439 34 15 om
326 1439 25 14 en
368 1433 56 22 blott
439 1434 75 21 relativ
529 1435 67 25 utsigt
611 1433 113 22 förefinnes
741 1435 33 20 att
789 1434 26 20 de
832 1433 64 22 derur
911 1432 106 27 beviljade

184 1463 104 24 posterna
312 1461 109 27 verkligen
436 1462 64 21 lända
514 1463 74 20 landet
602 1463 33 20 till
650 1464 67 25 nytta.
749 1462 103 21 Deremot
867 1463 46 20 tror
925 1461 43 26 jag,
984 1462 33 19 att

185 1490 73 21 derest
280 1490 75 26 anslag
377 1490 34 21 för
427 1491 30 26 år,
473 1491 34 20 för
521 1497 27 14 en
564 1491 158 26 budgettermin
739 1491 8 20 i
763 1491 83 25 sender,
870 1490 76 21 funnes
961 1489 57 21 både

185 1517 34 22 för
239 1518 130 27 jordbruket
384 1519 40 21 och
439 1519 68 21 andra
522 1520 106 26 näringar,
648 1519 79 27 kunde,
744 1519 35 21 vid
795 1519 36 21 det
847 1518 173 21 administrativa
