1073 1739
206 121 42 21 664
453 128 25 17 R.
490 133 18 12 o.
520 129 23 17 A.
556 129 58 17 1888.
627 129 23 18 14
658 129 63 23 April.

176 212 89 21 räknad.
289 212 49 21 Men
354 213 27 21 dä
397 213 59 22 detta
471 213 69 22 måste
556 220 107 21 upprepas
678 216 78 19 nästan
770 213 74 28 hvarje
854 213 31 27 år,
900 208 23 38 sä
934 214 70 21 skulle

176 241 38 21 det
230 247 49 15 vara
295 247 26 15 en
337 241 112 28 svårighet.
480 242 61 22 Dock
556 243 63 21 torde
634 249 49 14 man
698 243 7 21 i
721 244 48 25 eget
785 242 50 21 land
858 242 59 22 finna
937 243 67 26 några

176 269 85 21 hundra
276 269 74 22 hästar
365 270 86 27 dugliga
465 271 34 21 för
514 271 130 26 ändamålet,
660 271 33 22 för
709 271 37 22 det
761 271 86 21 relativt
862 271 56 27 höga
937 272 67 26 priset

176 297 25 21 af
214 297 41 21 500
270 298 67 27 mark,
353 305 34 15 om
403 305 48 15 man
465 299 92 22 förbiser
572 300 29 21 all
616 302 57 25 yttre
688 300 92 27 elegans,
804 299 40 22 och
864 300 62 21 torde
942 300 60 21 detta

177 325 62 21 äfven
254 326 88 22 inverka
355 327 28 27 på
398 327 121 22 hästrasens
534 328 149 21 förbättrande
699 329 6 20 i
721 328 80 25 landet,
816 328 88 21 hvarför
916 328 38 27 jag
961 328 43 21 för-

177 354 65 21 ordar
264 357 33 19 att
319 355 47 22 vårt
389 356 100 22 kavalleri
512 357 109 26 verkligen
643 357 67 21 borde
734 357 88 21 baseras
840 356 28 27 på
882 356 52 21 våra
950 363 54 20 egna

176 383 81 22 hästar.
286 384 41 26 Jag
342 384 39 21 har
396 385 45 21 icke
457 391 45 15 mer
517 387 32 19 att
565 392 30 14 nu
609 386 8 21 i
632 385 66 22 saken
713 385 82 26 anföra,
811 385 28 21 då
854 386 7 20 i
877 385 48 21 nåd.
942 391 60 21 prop.

174 411 46 27 just
235 412 50 26 inga
300 413 89 26 detaljer
403 413 132 21 förekomma
550 414 31 21 vis
597 413 14 21 å
625 415 32 20 vis
672 414 71 21 denna
765 414 151 25 organisation.
948 413 56 21 Oak-

177 440 48 21 tadt
241 440 19 21 vi
275 442 42 20 sett
332 442 7 20 i
355 441 134 27 tidningarna
504 443 32 20 ett
551 442 41 21 och
607 442 73 27 hvarje
696 442 7 21 i
719 442 61 21 detta
795 442 107 26 afseende,
917 448 48 14 men
976 441 27 21 då

177 468 60 21 detta
259 469 46 21 icke
328 471 23 19 är
367 470 64 26 något
446 470 86 22 officielt
551 470 40 22 och
607 470 26 22 de
648 470 92 28 projekt,
765 476 45 16 som
825 470 49 27 ingå
889 471 7 21 i
911 469 92 23 komité-

176 496 151 27 betänkandet,
344 499 89 26 troligen
449 499 85 21 komma
549 501 33 19 att
597 499 28 27 på
640 500 67 26 högre
723 500 34 20 ort
773 499 105 27 betydligt
885 499 117 24 förändras,

176 525 25 21 så
223 532 62 15 anser
305 526 37 27 jag
364 528 41 26 mig
420 528 47 20 icke
481 528 74 20 kunna
570 534 28 14 nu
614 528 77 21 beröra
707 529 65 20 annat
788 529 26 19 än
830 528 172 26 kasernbyggna-

177 554 72 26 derna,
272 555 33 21 för
327 555 72 21 hvilka
413 556 7 21 i
435 556 47 21 nåd.
498 562 61 21 prop.
583 556 71 21 anslås
677 562 26 15 en
727 562 82 16 summa
832 556 24 21 af
870 558 12 19 2
898 556 105 21 millioner

176 583 66 21 mark.
266 583 43 21 För
324 584 43 21 min
382 584 34 22 del
431 591 63 15 anser
502 585 36 26 jag
547 586 33 20 att
589 585 59 21 detta
656 587 24 19 är
689 585 102 21 oerhördt
799 584 53 27 högt
862 585 92 27 tilltaget
964 584 39 22 och

176 612 34 20 att
224 611 82 22 hälften
321 614 76 20 nästan
413 620 49 14 vore
477 614 131 26 tillräckligt.
640 614 49 20 Man
713 613 76 21 tänker
811 614 35 20 väl
870 613 46 21 icke
934 613 70 27 bygga

176 639 82 22 sådana
273 641 118 26 pagekårer
407 642 51 21 eller
481 642 98 26 eleganta
601 642 182 26 kasernkolosser,
806 648 47 15 som
868 642 20 21 vi
904 648 42 20 nog
961 643 43 20 sett

176 668 39 21 här
230 668 6 21 i
252 669 138 27 Helsingfors.
421 670 49 21 Man
493 670 72 22 kunde
588 670 115 22 inskränka
727 671 32 26 sig
781 670 32 22 till
837 670 49 21 vida
909 670 93 22 enklare.

175 696 42 28 Jag
232 699 46 19 tror
293 700 39 24 att,
349 704 34 15 om
398 705 48 15 man
462 699 80 27 bygger
558 700 81 20 mindre
659 699 103 21 kaserner
785 698 55 22 efter
854 699 149 26 baracksyste-

175 727 45 19 met
236 726 39 21 och
291 732 25 15 en
332 726 87 28 mantge
435 728 39 20 och
489 728 68 26 några
573 728 62 21 enkla
643 728 56 23 stall,
711 728 46 21 icke
769 727 23 21 af
798 729 54 25 sten,
868 728 60 20 detta
936 727 67 21 borde

176 754 64 21 ställa
262 755 32 27 sig
312 756 49 20 vida
376 756 102 26 billigare.
508 756 41 27 Jag
571 756 69 22 måste
663 757 111 24 anmärka,
797 758 33 19 att
852 756 40 20 här
907 756 7 20 i
930 756 74 21 landet

176 782 101 22 hästarne
292 784 97 26 vanligen
405 785 95 25 placeras
515 785 7 21 i
538 791 75 15 varma
628 785 56 24 stall,
701 791 45 15 som
762 786 37 20 äro
825 784 99 27 högligen
940 784 62 21 skad-

175 810 44 27 liga
233 811 34 21 för
282 812 106 22 hästarne.
418 813 32 21 De
465 813 67 21 mäste
549 813 70 21 hällas
634 814 6 20 i
656 814 59 20 kalla
731 814 56 26 stall,
810 813 82 21 hvilkas
908 813 95 26 uppbyg-

175 840 69 26 gande
260 841 61 21 torde
336 841 91 26 gestalta
446 842 31 26 sig
499 842 86 21 relativt
607 842 76 26 billigt.
714 842 33 21 En
768 842 82 20 mindre
866 841 87 27 manöge
969 840 34 22 för

175 869 185 25 regementskolan
376 876 49 14 vore
441 870 130 26 tillräckligt.
603 870 164 27 Sgvadronerna
781 870 73 21 kunna
869 870 85 27 mycket
968 870 35 20 väl

176 895 49 22 Ofva
241 897 31 27 sig
287 900 36 18 ute
338 898 28 26 pä
381 898 68 27 fältet,
465 899 37 21 der
517 905 50 15 man
583 899 70 21 bildar
668 900 31 26 sig
715 898 108 22 barriörer
838 898 23 21 af
874 898 128 21 förhanden-

175 926 94 20 varande
291 927 104 21 material.
425 927 50 21 Man
497 927 72 21 kunde
592 927 100 27 möjligen
715 927 69 27 påstå,
806 928 34 20 att
859 927 60 21 detta
934 927 7 21 i
956 926 47 22 vårt

174 952 59 21 kalla
248 954 76 21 klimat
339 955 68 21 skulle
423 961 51 15 vara
489 955 103 27 omöjligt,
608 961 47 16 men
665 956 35 21 vid
716 955 127 21 kavalleriet
854 955 40 21 bör
909 961 51 15 man
968 954 35 21 vid

175 981 74 21 starka
264 982 76 21 kölder
355 983 97 27 företaga
467 985 142 25 promenader
623 984 28 27 pä
666 984 65 27 länga
746 984 97 21 sträckor
851 983 33 22 för
892 985 33 19 att
932 983 72 22 inöfva

177 1009 101 22 hästarne
301 1011 32 21 till
356 1012 32 21 sin
413 1013 105 20 blifvande
544 1013 136 21 verksamhet
705 1012 41 22 och
771 1013 59 20 detta
855 1011 149 27 obligatoriskt

175 1037 74 28 hvarje
264 1040 73 21 vecka.
367 1040 41 27 Jag
430 1041 67 21 slutar
518 1041 50 21 med
590 1043 33 20 att
638 1041 7 21 i
660 1041 119 21 allmänhet
801 1041 88 21 förorda
911 1040 93 21 nödvän-

174 1066 101 27 digheten
298 1068 23 21 af
342 1069 60 21 detta
424 1075 67 21 vapen
514 1069 33 22 för
568 1069 49 22 vårt
639 1070 51 21 land
713 1069 42 22 och
769 1069 127 21 inskränker
911 1069 43 26 mig
976 1074 28 15 nu

174 1095 77 22 endast
266 1096 80 27 härtill,
363 1097 27 21 då
399 1097 36 22 det
449 1104 30 15 nu
493 1099 23 20 är
532 1098 34 21 för
581 1098 63 27 tidigt
659 1099 33 20 att
707 1099 60 26 yttra
782 1098 31 27 sig
829 1104 34 15 om
880 1097 124 27 detaljerna,

175 1129 34 16 om
225 1123 73 23 hvilka
313 1125 54 22 dock
383 1126 83 27 mycket
481 1133 50 15 vore
548 1128 32 19 att
597 1128 59 25 säga.

241 1181 33 21 Hr
289 1181 112 22 Fraser:
425 1183 59 21 Mina
496 1183 87 22 herrar!
606 1183 34 22 Då
655 1184 85 21 landets
751 1183 87 21 ständer
846 1189 29 15 nu
883 1181 47 22 åter
940 1181 65 22 hafva

174 1210 34 21 att
223 1210 75 26 afgöra
312 1210 75 27 frågan
403 1218 34 15 om
452 1211 131 28 beviljandet
598 1211 23 22 af
633 1219 43 20 nya
691 1212 76 26 anslag
781 1211 34 22 för
830 1211 39 21 vår
878 1211 86 26 militär,
980 1212 25 19 är

174 1237 37 22 det
227 1238 44 21 helt
286 1239 103 26 naturligt
405 1241 32 20 att
452 1247 48 14 man
516 1241 119 26 uppställer
653 1241 42 21 den
709 1239 87 28 frågan:
819 1239 64 22 hafva
899 1239 64 22 också
979 1239 26 21 de

173 1265 62 23 förra
256 1267 103 27 anslagen
381 1269 103 21 användts
507 1269 34 21 till
563 1269 83 21 landets
669 1269 83 21 båtnad
775 1269 40 21 och
832 1270 120 19 motsvarar
967 1267 39 22 vår

173 1293 121 28 krigsmakt
309 1297 26 20 de
351 1295 128 29 fordringar,
494 1298 21 21 vi
529 1297 66 22 hafva
609 1299 44 20 rätt
669 1299 32 20 att
717 1297 65 21 ställa
796 1297 28 27 på
839 1297 138 20 densamma?

243 1324 87 27 Frågan
353 1326 24 20 är
399 1325 23 22 af
442 1327 44 20 stor
508 1326 111 27 betydelse
641 1326 34 21 för
697 1326 51 21 hela
766 1325 38 22 vår
818 1325 94 26 framtid,
936 1326 70 19 större

172 1351 83 22 kanske
271 1354 28 19 än
314 1353 55 22 hvad
385 1354 84 21 landets
490 1356 174 25 representanter
687 1361 30 14 nu
739 1354 73 21 kunna
827 1353 50 21 ana!
908 1353 46 21 Den
970 1355 36 18 rör

171 1379 25 26 ju
212 1380 40 21 ock
267 1387 27 14 en
309 1381 128 27 institution,
453 1389 51 20 som,
522 1383 90 26 djupare
627 1385 27 19 än
670 1383 26 22 de
712 1382 63 22 flesta
794 1383 74 25 andra,
890 1381 94 27 ingriper
999 1381 7 21 i

173 1407 79 22 folkets
267 1409 31 21 lif.
327 1410 42 27 Jag
384 1412 60 25 tager
458 1411 43 27 mig
516 1411 74 22 derför
604 1411 92 22 friheten
711 1411 88 21 anhålla
814 1412 33 20 att
862 1409 103 22 Finlands
980 1409 25 22 R.

174 1442 19 15 0.
210 1437 25 20 A.
252 1437 49 22 ville
317 1444 54 21 egna
387 1445 26 15 en
429 1440 73 21 stunds
517 1440 192 27 uppmärksamhet
725 1439 24 22 ät
763 1440 58 21 mina
837 1439 61 21 ord!!

244 1465 193 23 Betänkansvärda
451 1469 115 25 yttranden
581 1469 23 20 af
617 1470 50 19 män
682 1469 59 20 inom
756 1468 91 21 Finland
871 1467 40 21 och
929 1467 77 21 allvar-

172 1498 83 16 samma
271 1494 92 22 rörelser
378 1497 60 20 utom
453 1496 141 22 fosterlandet
608 1496 29 22 ha
651 1498 82 26 manat
741 1496 44 27 mig
799 1494 97 23 attinför
904 1495 102 21 Finlands

172 1521 25 21 R.
215 1528 18 15 o.
250 1522 25 22 A.
291 1523 54 21 söka
360 1524 73 27 belysa
448 1525 41 21 den
512 1525 81 21 dubbla
607 1524 86 28 frågan:
718 1525 31 21 Är
764 1524 39 22 vär
817 1524 124 22 nuvarande
956 1524 50 21 här-
