1075 1742
214 136 42 20 698
470 141 26 17 R.
508 146 19 13 0.
538 142 24 17 A.
571 142 59 17 1888.
643 142 24 17 14
674 142 65 21 April.

252 225 42 22 Vid
316 226 74 22 härom
412 226 83 22 anstäld
517 226 98 28 votering
629 226 76 23 utföllo
720 228 99 21 rösterna
832 226 50 22 med
897 227 26 22 31
937 227 24 27 ja
975 226 40 23 och

186 255 26 21 16
234 256 42 25 nej,
298 254 49 22 med
371 254 112 28 anledning
506 255 77 23 hvaraf
596 257 63 21 nästa
674 255 205 28 omröstningsprop.
895 255 68 23 erhöll
977 254 39 23 föl-

182 282 65 28 jande
261 282 89 28 lydelse:

252 340 54 26 Den,
322 346 45 16 som
382 340 121 27 godkänner
517 340 117 22 utskottets
650 340 143 26 betänkande,
808 342 71 20 röstar
891 340 35 28 ja;

253 368 74 22 vinner
340 368 42 28 nej,
397 368 39 22 har
449 369 25 21 R.
491 375 20 16 o.
526 369 26 22 A.
569 369 81 27 antagit
665 369 33 22 Hr
712 369 55 27 Aug.
784 368 131 23 Schaumans
930 368 85 28 förslag.

254 425 95 22 Emedan
372 426 68 22 denna
461 432 60 22 prop.
544 425 129 23 besvarades
688 426 50 22 med
753 426 154 27 öfvervägande
922 426 40 26 nej,
978 432 38 15 var

184 453 140 22 nästberörda
346 454 78 28 förslag
453 454 33 22 till
508 454 140 28 formulering
670 454 23 22 af
714 454 96 22 ständets
832 454 71 22 beslut
922 454 7 22 i
944 454 71 22 ämnet

184 481 118 27 godkändt.

254 538 58 22 Enär
333 539 58 22 tiden
414 539 131 23 framskridit
567 540 33 21 till
622 540 29 21 kl.
668 540 13 22 3
697 546 17 16 e.
731 546 36 18 m.,
783 539 86 22 afbröts
882 539 85 28 plenum
982 538 33 22 för

184 568 32 20 att
230 566 30 26 kl,
276 568 12 20 7
305 574 17 16 e.
338 574 27 15 m.
381 569 46 21 åter
441 568 91 28 vidtaga.

402 692 117 27 Samma
537 692 58 34 dag
613 692 41 28 kl.
674 693 15 27 %
708 700 25 20 e.
753 700 37 20 m.

253 755 32 21 Hr
307 755 25 23 B.
355 756 24 21 O.
403 756 143 22 Schauman
570 756 72 22 anhöll
664 758 33 20 att
712 756 22 22 fä
753 756 90 26 anmäla,
859 756 36 22 det
910 756 42 22 han
967 755 46 22 icke

184 782 89 28 deltagit
294 784 7 21 i
324 785 157 27 omröstningen
503 784 35 22 vid
560 784 156 28 förmiddagens
740 784 86 28 plenum
841 784 131 22 beträffande
987 784 26 22 de

183 811 127 23 alternativa
331 812 106 28 förslagen
459 813 31 22 till
513 813 213 28 kontroproposition
749 813 7 21 i
771 812 74 28 frägan
861 819 34 16 om
911 813 102 27 gvinnans

183 839 95 23 tillträde
293 840 32 22 till
340 841 151 23 universitetet.

253 970 120 29 Föredrogs
395 971 112 23 Allmänna
528 972 211 23 Besvärsutskottets
761 972 79 27 förslag
862 971 33 22 till
910 977 104 17 samman-

180 998 126 29 jemnkning
327 999 23 22 af
370 1001 100 21 ståndens
493 1001 67 22 delvis
585 1001 122 27 skiljaktiga
722 1001 71 22 beslut
808 1001 35 21 vid
858 1000 155 27 behandlingen

183 1027 22 21 af
218 1027 116 22 utskottets
348 1028 134 23 betänkande
497 1029 40 22 N:o
554 1030 13 21 6
583 1029 109 27 angående
708 1029 123 30 belysningen
846 1028 21 25 af
880 1028 84 31 inloppet
981 1027 32 26 till

183 1054 113 26 Mariehamn
310 1057 51 24 samt
376 1057 176 29 hamnumgälderna
567 1057 105 24 dorstädes.

253 1112 334 29 Sammanjemnkningsförslaget
604 1114 131 27 godkändes.

252 1243 78 22 Vidare
345 1243 109 28 föredrogs
469 1245 39 22 och
523 1245 60 22 lades
599 1245 32 22 till
646 1245 162 27 handlingarna,
824 1245 70 22 säsom
909 1244 47 22 icke
971 1245 41 21 för-

182 1271 118 23 anledande
324 1272 31 22 till
378 1272 69 23 beslut
467 1273 46 22 från
529 1274 97 21 ständets
640 1274 52 27 sida,
709 1273 114 22 Allmänna
837 1273 175 22 Besvärsutskot-

182 1301 42 20 tets
246 1300 79 28 förslag
347 1301 33 21 till
403 1302 217 27 sammanjemnkning
642 1302 23 21 af
685 1302 102 21 ständens
808 1301 69 22 delvis
892 1301 121 27 skiljaktiga

181 1327 71 22 beslut
267 1329 35 21 vid
317 1329 154 28 behandlingen
487 1330 22 21 af
521 1331 117 21 utskottets
658 1331 137 21 betänkande
817 1330 41 21 N:o
882 1331 13 20 9
917 1329 95 29 angående

181 1355 74 30 Ladoga
270 1357 165 28 siöfartsomrädes
451 1358 116 29 ombildning
582 1359 32 24 till
629 1359 30 24 ett
674 1358 135 31 sjelfständigt
824 1358 128 25 fotsdistrikt.

264 1453 102 30 Tryekning
382 1455 21 22 af
417 1455 116 29 magnetiska
548 1455 35 23 och
600 1455 161 29 meteorologiska
775 1455 151 23 observationer.

250 1509 120 29 Föredrogs
392 1512 112 22 Allmänna
526 1512 210 22 Besvärsutskottets
755 1511 135 23 betänkande
905 1511 40 22 N:o
963 1512 26 21 14
1004 1511 7 21 i

180 1537 114 28 anledning
316 1539 22 21 af
359 1541 32 20 ett
413 1540 32 22 till
467 1541 24 21 R.
511 1547 20 15 o.
547 1541 25 21 A.
588 1540 87 27 ingifvet
689 1540 184 28 petitionsförslag
888 1546 34 15 om
937 1539 74 28 anslag
