1073 1739
215 104 42 21 666
462 111 25 17 R.
500 116 18 13 0.
527 112 23 17 A.
563 113 59 16 1888.
635 113 23 16 14
665 112 64 21 April.

244 196 13 26 8
273 196 19 21 3.
322 195 34 22 Då
370 197 149 22 underordnad
534 199 54 20 utan
603 198 129 27 invändning
747 198 79 27 fullgör
836 198 94 21 förmans
938 197 77 23 befall-

186 225 57 26 ning,
260 226 24 19 är
299 225 42 20 den
356 225 129 22 sistnämnde
499 233 74 15 ensam
589 227 99 27 ansvarig
703 227 34 22 för
752 227 106 26 följderna
872 227 66 26 deraf,
954 229 60 19 utom

185 253 8 21 i
208 253 27 21 de
250 252 46 25 fall,
312 253 91 22 rörande
418 254 71 22 hvilka
504 255 29 26 i$
542 255 27 22 35
578 255 23 22 af
607 256 123 26 strafflagen
739 256 135 21 annorlunda
884 256 93 26 stadgas,
994 255 18 22 d.

186 287 19 16 v.
222 287 16 15 s.
256 281 27 21 dä
298 281 141 29 befallningen
455 283 70 22 blifvit
541 283 147 23 öfverskriden
704 285 52 21 eller
772 284 37 22 det
823 284 87 28 pröfvas
926 286 32 20 att
973 284 41 22 den

184 310 164 22 underordnade
364 312 93 26 tydligen
472 312 66 22 insett
553 314 33 20 att
601 313 42 21 han
658 320 78 20 genom
748 314 50 21 dess
806 313 115 21 utförande
929 313 85 22 komme

185 340 32 20 att
232 338 64 28 bryta
310 341 46 19 mot
370 340 35 26 lag
427 341 51 21 eller
493 341 140 28 tjenstepligt:
650 354 26 3 —
693 342 95 24 Således,
811 342 28 21 dä
864 342 150 21 underordnad

186 367 80 22 endera
280 368 77 27 fysiskt
372 369 51 21 eller
438 370 114 22 moraliskt
566 370 42 21 blir
630 370 88 22 straffad
741 371 34 21 för
797 370 106 27 följderna
925 370 23 22 af
961 377 53 21 upp-

185 396 95 28 fyllande
295 396 24 22 af
332 396 93 23 förmans
441 398 121 28 befallning,
579 399 49 21 sker
644 400 59 21 brott
718 402 45 19 mot
778 400 131 26 disciplinen.

253 425 12 27 $
280 426 20 20 4.
330 432 20 14 a
372 426 43 21 Det
429 426 81 28 åligger
525 428 146 22 hefälhafvare
686 430 34 20 att
735 428 148 27 upprätthålla
900 428 113 21 militärisk

186 454 90 26 ordning
291 454 40 21 och
346 454 95 28 disciplin
463 456 58 21 inom
544 456 33 22 sin
592 458 64 26 trupp
673 469 25 3 —
716 457 90 25 säledes,
830 457 38 21 der
883 456 131 26 oordningar

184 484 77 25 yppats
277 483 40 21 och
326 483 121 27 disciplinen
455 485 104 27 slappats,
575 485 39 21 har
622 486 146 21 befälhafvare
776 485 128 22 försummat
912 485 32 21 sin
952 485 60 27 pligt.

251 511 19 21 b.
294 511 80 22 Utöfva
389 514 88 20 rättvisa
491 516 59 19 emot
565 514 47 21 sina
627 514 170 26 underordnade,
814 514 116 27 faderligen
946 513 67 22 värda

184 540 32 26 sig
232 546 34 15 om
282 540 62 21 deras
360 541 167 27 välbefinnande,
544 544 50 26 taga
610 543 120 21 kännedom
746 549 35 15 om
797 544 63 20 deras
878 542 66 22 behof
957 545 56 19 samt

183 570 7 20 i
205 568 175 22 förekommande
395 570 36 22 fall
446 577 52 15 vara
513 571 63 21 deras
592 571 120 27 rädgifvare
728 572 41 21 och
791 572 129 21 handledare
936 584 28 3 —
980 570 33 22 sä-

183 597 66 26 ledes,
266 598 38 21 der
319 597 83 23 förman
417 602 14 18 t.
448 606 31 14 ex.
496 600 81 21 beifrar
592 600 27 22 fel
636 600 39 22 hos
698 601 40 21 den
762 607 46 20 ene,
830 607 49 15 men
901 600 55 22 läter
972 600 41 21 den

186 626 67 21 andre
274 626 112 22 ostraffadt
401 628 26 26 gä
441 628 32 26 fri,
490 628 37 22 der
536 628 84 22 förman
628 629 47 21 icke
686 629 78 21 värdar
773 630 32 25 sig
813 630 74 20 derom
896 631 32 19 att
936 629 78 21 under-

184 654 82 22 ordnad
283 657 24 19 är
322 657 60 24 mätt,
398 662 71 21 snygg,
485 657 83 27 nykter,
586 658 112 27 ordentlig,
724 658 53 21 eller
792 658 39 21 der
847 658 42 21 han
904 657 46 21 icke
966 657 47 21 akt-

183 683 68 27 gifver
266 684 28 26 pä
310 684 78 21 dennes
404 685 81 27 bostad,
502 686 134 26 uppfostran,
651 687 62 21 seder
729 687 40 21 och
785 686 29 27 lif,
832 686 38 22 der
886 687 71 26 brytes
968 688 45 19 mot

185 712 131 26 disciplinen.

242 747 18 14 c.
282 741 99 21 Undvika
397 742 100 28 obehörig
513 744 111 26 stränghet
650 744 52 21 eller
724 744 100 23 hårdhet,
847 750 45 14 som
909 744 46 20 icke
971 743 42 21 kan

186 768 140 28 rättfärdigas
346 770 23 21 af
388 771 102 26 tjenstens
513 771 123 27 fordringar
650 784 25 4 —
691 772 84 22 säledes
798 772 46 22 icke
869 772 87 26 ogväda,
981 772 32 21 slä

184 798 52 20 eller
250 798 28 26 pä
294 801 65 25 annat
375 801 42 19 sätt
431 800 131 21 misshandla
578 801 157 21 underordnad.

252 827 20 21 d.
295 826 113 23 Afvensom
425 831 32 18 att
472 829 38 21 hos
525 829 58 21 befäl
599 830 39 20 och
654 830 104 26 manskap
775 829 102 27 inskärpa
888 829 39 21 och
936 830 76 20 under-

183 854 59 22 hålla
257 856 139 22 medvetande
411 863 34 15 om
461 864 25 14 en
502 858 32 21 till
551 860 86 19 tronens
660 858 40 22 och
722 858 185 22 fäderneslandets
929 858 83 21 försvar

184 885 57 20 emot
256 886 56 25 yttre
328 885 40 20 och
383 885 45 22 inre
443 885 80 22 fiender
539 887 72 21 kallad
626 887 96 26 krigares
739 887 57 26 höga
811 887 157 25 bestämmelse,
984 899 27 2 —

183 911 89 28 således,
290 913 37 21 der
342 913 82 22 förman
439 915 46 21 icke
499 921 77 20 genom
592 918 48 23 eget
656 916 96 26 exempel
762 916 30 21 uti
802 916 46 20 lära
856 916 32 21 och
899 915 30 21 lif
935 915 77 21 under-

184 940 68 22 häller
268 941 38 21 hos
322 942 148 22 underordnad
486 943 110 27 krigsman
612 945 36 20 det
663 945 141 20 medvetande
827 946 32 19 att
882 944 80 21 striden
978 943 34 22 för

182 968 115 28 fosterjord
314 971 39 20 och
368 971 67 22 furste
451 972 45 21 icke
513 975 25 18 är
552 972 66 27 nägot
632 973 129 26 gyckelspel,
778 973 50 26 inga
848 973 162 26 barnsligheter,

183 1003 45 16 som
252 999 55 20 blott
330 1001 37 19 äro
390 1000 31 21 till
443 1000 110 22 finnandes
576 1001 39 21 hos
631 1002 82 21 mindre
729 1002 101 26 upplysta
845 1002 97 20 nationer
958 1003 53 19 utan

182 1027 93 21 tvärtom
299 1029 32 19 att
354 1028 68 22 denna
437 1029 74 21 känsla
527 1029 41 22 bör
583 1036 51 15 vara
650 1030 41 21 den
706 1031 112 26 heligaste,
836 1036 45 15 som
898 1030 58 21 eldar
979 1031 32 20 ett

182 1056 175 21 menniskobröst
372 1069 27 3 —
415 1058 38 20 der
468 1058 72 27 brytes
556 1059 131 26 disciplinen.

252 1101 32 21 Hr
299 1101 204 24 Landtmarskalken
524 1103 74 22 afbröt
613 1104 82 21 talaren
710 1104 41 21 här
768 1104 48 21 med
832 1110 26 15 en
874 1104 83 21 erinran
973 1105 37 24 att,

181 1135 35 15 om
238 1129 42 21 han
303 1132 89 19 ämnade
415 1132 46 21 med
483 1132 44 21 lika
550 1133 164 26 omständlighet
736 1133 105 26 genomgå
864 1132 42 21 alla
921 1133 27 21 87
964 1132 24 27 $$
1004 1132 8 21 i

181 1157 197 28 ordningsstadgan,
395 1165 45 16 som
463 1160 41 21 han
521 1161 57 26 gjort
593 1161 47 22 med
656 1161 26 22 de
697 1161 107 22 härintills
820 1161 161 26 genomgängna
994 1161 14 20 4

180 1185 66 22 första
270 1186 22 21 af
312 1187 68 26 dessa,
403 1189 23 20 sä
449 1189 67 22 skulle
531 1190 79 26 dagens
626 1190 158 21 sammanträde
801 1189 70 22 dertill
887 1189 45 21 icke
947 1189 65 22 blifva

180 1214 131 27 tillräckligt,
334 1215 85 22 hvarför
441 1217 31 21 Hr
494 1218 205 21 Landtmarskalken
717 1218 48 21 ville
781 1218 55 21 fästa
852 1218 93 21 talarens
960 1224 52 21 upp-

180 1243 146 22 märksamhet
347 1245 27 26 pä
397 1246 146 26 önskligheten
567 1247 21 20 af
609 1249 32 18 att
662 1247 42 21 han
720 1247 125 21 inskränkte
861 1247 37 20 sitt
913 1246 99 27 yttrande

179 1271 33 21 till
228 1272 35 21 det
279 1275 67 24 ämne,
363 1273 85 22 hvarom
464 1275 119 27 egentligen
598 1281 29 15 nu
642 1282 50 15 vore
708 1275 67 26 fräga.

248 1312 33 21 Hr
296 1313 112 21 Fraser
424 1314 103 27 upplyste,
543 1317 33 19 att
591 1315 41 21 han
648 1315 44 21 haft
707 1315 34 21 för
753 1315 63 26 afsigt
828 1316 32 19 att
871 1315 75 20 beröra
957 1314 56 21 blott

179 1345 26 15 en
220 1341 102 26 paragraf
335 1343 62 25 ännu,
415 1343 38 20 den
469 1343 70 23 femte,
556 1343 39 21 och
611 1343 97 22 fortsatte
726 1343 94 22 dercfter
834 1343 100 22 sälunda:

250 1369 9 26 8
286 1370 12 19 5
321 1376 19 13 a
370 1370 33 21 Då
425 1371 56 21 inom
501 1371 144 27 krigsmakten
668 1372 110 21 allmänna
793 1372 74 26 lugnet
882 1373 68 19 störes
961 1371 52 21 eller

178 1397 77 26 myteri
272 1399 23 19 är
310 1397 32 21 för
358 1398 89 22 handen.
463 1399 81 27 äligger
559 1400 35 21 det
609 1400 145 21 befälhafvare
770 1402 38 24 att,
819 1401 38 20 der
868 1406 68 15 annan
949 1401 63 24 utväg

178 1424 18 26 ej
220 1424 120 28 förefinnes,
365 1427 49 21 söka
436 1428 47 21 med
499 1429 49 20 väld
563 1428 32 21 till
610 1428 78 28 lydnad
704 1429 68 21 förmä
790 1429 47 24 den,
853 1435 44 14 som
914 1428 47 21 icke
976 1427 36 21 vill

177 1453 96 27 uppfylla
281 1454 45 22 sina
337 1455 142 27 skyldigheter
491 1469 26 3 —
528 1457 82 21 således
621 1457 151 23 befälbafvare,
785 1464 53 19 som,
850 1458 38 20 der
898 1463 70 15 annan
980 1458 30 19 ut-

178 1483 41 25 väg
234 1482 46 21 icke
296 1482 73 28 finnes,
385 1485 74 21 tvekar
475 1485 51 21 eller
541 1485 125 22 försummar
682 1488 32 19 att
730 1485 79 27 kraftig
828 1486 76 26 åtgärd
928 1485 85 27 vidtaga

176 1510 34 21 för
226 1511 128 27 ordningens
363 1513 157 27 återställande,
531 1516 39 24 gör
580 1514 31 26 sig
621 1514 83 27 skyldig
720 1514 34 21 till
769 1514 57 27 groft
838 1513 173 27 disciplinsbrott.
