1081 1764
200 123 41 21 838
448 128 26 17 R.
486 133 19 12 o.
517 128 23 17 A.
549 129 58 16 1888.
620 129 27 16 24
655 129 63 21 April.

172 215 69 22 skulle
266 214 138 21 sammansläs
426 214 48 22 med
498 214 140 22 statsfonden.
670 214 49 21 Men
743 213 56 22 hvad
817 213 101 22 beträffar
932 214 71 27 fattig-

172 243 40 22 och
234 242 200 22 arbetshusfondens
456 243 126 26 inkomster,
604 243 24 21 så
643 245 37 19 äro
697 243 26 21 de
739 242 22 22 af
775 249 26 15 en
816 243 90 21 särskild
920 243 83 22 beskaf-

172 271 78 22 fenhet.
280 271 33 21 De
335 273 87 25 utgöras
444 271 32 22 till
494 273 81 20 största
591 271 61 22 delen
668 271 22 22 af
703 271 91 27 afgifter,
810 277 46 16 som
871 271 95 26 erläggas
982 271 22 22 af

170 306 109 21 personer,
295 299 72 22 hvilka
381 300 64 21 vistas
461 301 59 20 utom
535 299 97 26 Finland,
648 302 55 19 mest
718 300 7 21 i
739 299 111 28 Ryssland,
860 299 7 21 i
878 299 32 22 S:t
920 299 82 23 Peters-

171 329 61 26 burg,
256 328 40 22 och
311 327 130 23 förekomma
457 329 7 20 i
479 328 161 27 statsförslagen
656 328 68 21 under
739 328 102 21 rubriken
857 327 97 28 ,,afgifter
969 329 33 21 för

172 363 98 21 resepass
292 357 33 21 till
348 359 57 19 orter
422 359 59 19 utom
496 357 113 23 Finland",
640 357 70 22 Också
725 357 40 21 har
780 363 27 14 en
822 356 94 28 betydlig
931 357 34 21 del
980 357 22 22 af

171 385 71 27 fattig-
258 385 39 22 ooh
312 385 200 22 arbetshusfondens
528 385 117 22 inkomster
660 385 68 21 blifvit
744 385 83 22 använd
842 385 70 22 säsom
926 385 76 27 bidrag

171 413 33 22 till
219 414 141 26 inrättningar
375 415 58 20 utom
448 414 79 26 landet,
543 413 106 28 nämligen
665 414 7 21 i
683 414 171 21 residensstaden
865 413 135 27 Petersburg,

170 443 39 21 der
231 444 31 20 ett
285 444 55 19 stort
362 442 57 21 antal
442 442 68 21 finnar
532 443 72 25 vistas,
620 443 40 21 och
680 443 37 20 der
733 443 37 20 det
784 444 24 19 är
823 442 130 26 nödvändigt
968 443 33 20 att

171 471 130 21 understöda
316 471 103 21 anstalter
433 471 33 21 för
480 471 62 21 dessa
556 471 124 21 landsmäns
695 471 85 26 andliga
796 471 39 21 och
850 470 80 27 sedliga
940 471 60 21 värd.

171 499 80 27 Anslag
266 498 32 22 för
314 499 58 21 detta
388 499 97 22 ändamål
500 499 62 22 hafva
577 500 139 21 utanordnats
734 499 66 27 enligt
814 499 60 22 Hans
884 499 118 27 Kejserliga

170 527 111 28 Majestäts
297 527 76 27 nädiga
388 527 148 27 förordnande,
553 527 40 22 och
608 528 40 21 har
662 528 94 21 Senaten
770 527 91 22 lemnats
876 527 82 22 tillfälle
969 530 32 19 att

170 562 35 15 om
220 556 48 21 dem
283 558 57 25 yttra
355 556 37 27 sig.
418 557 67 21 Dessa
501 557 182 26 omständigheter
699 563 63 21 synas
778 557 52 20 böra
845 558 60 24 tagas
915 556 7 21 i
934 555 67 22 öfver-

169 585 101 26 vägande,
287 585 27 21 dä
328 584 59 27 fräga
402 585 88 27 uppstär
504 591 35 15 om
549 585 73 26 fattig-
632 585 40 21 och
683 584 203 22 arbetshusfondens
897 591 104 15 samman-

170 613 86 22 släende
279 613 48 21 med
349 613 137 22 statsfonden.
517 613 63 22 Hvad
600 615 66 25 angär
681 613 133 26 skolfonden,
831 613 39 22 har
882 613 37 27 jag
933 613 67 22 redan

168 643 68 26 yttrat
258 641 48 27 mig.
336 641 135 22 Beträffande
494 642 26 21 de
536 641 66 27 öfriga
618 641 110 25 fonderna,
744 641 35 22 vill
794 642 36 27 jag
844 641 47 22 icke
906 648 28 15 nu
949 648 52 21 upp-

168 673 51 24 taga
241 670 97 21 ständets
361 670 36 27 tid,
421 671 27 21 dä
471 670 46 22 frän
540 672 66 20 annat
628 671 44 20 häll
692 670 127 27 upplysning
835 672 23 19 är
874 671 31 20 att
920 672 81 19 emotse

170 699 45 24 och,
240 699 70 21 säsom
332 699 37 26 jag
393 699 66 21 redan
481 699 57 21 förut
563 699 56 21 hade
644 701 51 19 äran
721 699 75 24 uttala,
822 699 114 21 utskottets
956 699 44 21 bet.

169 727 34 22 väl
226 727 96 21 kommer
351 729 31 20 att
412 727 138 22 öfverlemnas
576 727 33 22 till
633 727 120 27 Kejserliga
778 727 98 26 Senaten,
902 733 45 15 som
972 727 37 22 dä

170 755 54 22 skall
246 757 50 25 taga
318 756 6 20 i
348 755 152 28 öfvervägande
522 756 42 21 alla
580 756 26 21 de
622 756 184 26 omständigheter
822 755 39 22 och
876 755 123 27 önsknings-

169 784 49 26 mäl,
242 790 45 15 som
310 784 105 21 utskottet
437 785 105 21 framstält
566 784 131 22 beträffande
720 785 48 20 värt
792 784 136 27 fondsystem.
958 784 43 21 Det

170 812 54 22 enda
237 813 37 26 jag
289 812 48 22 ville
352 813 93 26 tillägga,
462 815 23 19 är
500 815 32 19 att
550 813 3 20 i
569 819 80 15 samma
665 813 55 26 män,
737 819 46 15 som
799 819 48 15 man
863 812 138 22 sammanslär

170 841 26 21 de
212 841 57 21 olika
283 841 103 21 fonderna
401 842 47 21 med
464 841 132 22 statsfonden
612 841 38 22 och
666 841 91 22 sälunda
768 841 51 21 ökar
830 841 48 21 dess
888 847 112 20 ressurser,

168 869 8 21 i
198 875 81 16 samma
301 870 49 21 män
373 869 52 22 ökas
448 870 64 21 ocksä
528 870 119 27 anspräken
663 871 27 26 pä
706 869 76 27 bidrag
797 869 55 22 ifrän
866 869 133 22 statsfonden

170 897 40 22 och
225 897 99 27 möjligen
340 897 60 22 äfven
415 898 160 27 benägenheten
591 901 33 19 att
638 898 75 27 päföra
728 897 133 22 statsfonden
876 904 41 21 nya
932 898 68 21 ökade

169 926 93 27 utgifter.
292 926 130 27 Härigenom
445 927 39 21 har
504 927 36 26 jag
564 927 54 21 dock
641 927 45 21 icke
710 927 57 21 velat
785 927 75 24 uttala,
876 929 31 18 att
922 926 78 27 vigtiga

168 954 48 21 skäl
231 955 46 21 icke
292 954 68 21 skulle
375 955 68 22 finnas
458 957 32 19 att
505 958 51 24 taga
571 955 67 22 under
654 955 134 27 ompröfning
803 955 115 21 utskottets
938 954 60 22 fram-

170 983 99 28 ställning
285 983 131 22 beträffande
431 984 47 21 värt
492 983 136 28 fondsystem.

239 1040 33 21 Hr
294 1040 25 21 O.
342 1040 138 22 Norrmön:
510 1040 71 22 Sedan
604 1040 220 27 finansexpeditionen
842 1041 6 20 i
864 1040 31 21 sin
911 1040 90 22 relation

172 1068 33 21 till
229 1068 83 22 landets
334 1075 29 15 nu
378 1069 125 22 församlade
519 1070 87 21 ständer
620 1069 110 24 förklarat,
747 1071 33 20 att
794 1069 207 27 statsfondsystemet

175 1097 45 21 icke
242 1097 43 21 kan
307 1097 45 21 helt
368 1097 38 22 och
424 1097 66 22 hället
505 1097 92 27 frängäs,
613 1097 39 22 har
667 1098 167 21 Statsutskottet
848 1097 32 21 uti
895 1097 37 22 sitt
947 1097 54 22 före-

172 1126 92 21 varande
286 1125 134 22 betänkande
444 1127 27 26 pä
493 1132 47 21 pag.
566 1126 26 21 35
616 1126 64 21 bland
703 1128 67 20 annat
791 1128 77 25 yttrat:
892 1126 54 25 ,Vid
962 1126 39 21 den

171 1154 135 26 granskning,
322 1154 106 21 utskottet
442 1155 7 20 i
464 1154 113 27 anledning
592 1154 22 22 af
628 1155 70 21 denna
713 1155 141 26 anmärkning
868 1154 5 21 i
885 1154 116 21 relationen

172 1185 64 24 egnat
259 1182 26 21 de
307 1182 103 21 särskilda
426 1182 108 25 fonderna,
550 1183 39 21 har
604 1183 112 25 utskottet,
732 1189 48 15 som
794 1182 131 22 fortfarande
940 1189 62 15 anser

171 1216 25 15 en
213 1210 123 27 förändring
351 1211 6 20 i
373 1211 40 21 den
428 1211 98 26 riktning,
544 1212 54 21 1885
614 1212 35 21 års
664 1211 146 22 Statsutskott
820 1210 122 27 framhållit,
954 1217 48 20 syn-

171 1239 95 26 nerligen
282 1239 88 26 önsklig,
386 1241 54 20 trott
455 1240 31 26 sig
501 1240 71 21 kunna
588 1240 32 21 till
630 1240 117 26 styrelsens
758 1239 98 27 pröfning
866 1239 135 26 öfverlemna,

170 1273 34 15 om
228 1268 18 26 ej
270 1267 28 22 bl.
322 1274 18 15 a.
364 1267 203 22 landtbruksfonden
588 1269 39 20 och
644 1269 40 20 den
699 1268 36 21 vid
751 1268 95 27 Nylands
862 1267 140 22 landtränteri

170 1295 118 23 förvaltade
308 1295 193 27 jordbruksfonden
524 1297 113 26 lämpligen
660 1297 68 21 borde
751 1297 121 26 indragas.*
902 1296 43 21 För
970 1298 32 19 att

170 1326 75 25 nyttan
268 1324 39 22 och
330 1324 100 22 behofvet
452 1324 22 22 af
495 1325 61 21 dessa
575 1325 80 24 fonder,
672 1325 22 21 af
707 1325 74 21 hvilka
796 1324 206 22 landtbruksfonden

168 1352 102 23 förvaltas
292 1353 7 20 i
322 1352 161 27 statskontoret,
504 1354 66 20 mätte
585 1353 83 26 förstäs,
684 1353 98 22 anhäller
794 1353 38 27 jag
847 1353 108 21 vördsamt
971 1354 33 19 att

169 1381 48 20 med
240 1383 66 25 nägra
328 1381 39 21 ord
382 1380 21 22 fä
418 1381 93 22 förklara
526 1381 142 27 uppkomsten
684 1382 40 21 och
740 1381 123 22 ändamälet
878 1381 48 21 med
942 1381 62 20 dessa

169 1408 81 22 fonder.
281 1409 73 22 Redan
377 1409 97 27 omkring
497 1411 55 20 1850
576 1410 73 26 anslog
671 1409 127 28 regeringen
817 1410 47 21 icke
879 1409 82 21 mindre
976 1411 27 18 än

171 1438 56 21 2400
250 1437 67 26 rubel,
341 1439 149 20 motsvarande
514 1439 56 20 9600
593 1438 65 26 mark,
682 1439 83 26 ärligen
787 1438 7 21 i
818 1438 30 21 tio
871 1439 35 20 ärs
925 1437 31 21 tid
971 1437 33 21 till

171 1466 125 27 disposition
311 1466 23 21 ät
348 1466 73 27 hvarje
437 1466 22 22 af
472 1466 176 27 länestyrelserna
663 1467 7 20 i
686 1467 26 21 de
728 1468 14 19 5
758 1466 98 27 nordliga
872 1465 40 22 och
927 1465 77 27 ostliga

166 1494 70 22 länen.
267 1495 43 20 Det
332 1501 38 14 var
392 1495 87 21 sälunda
502 1495 80 26 ganska
605 1495 107 27 betydliga
738 1501 102 18 summor,
864 1500 46 15 som
924 1493 80 22 stäldes

167 1523 33 21 till
215 1522 187 28 länestyrelsernas
419 1523 131 27 disposition,
566 1523 70 22 säsom
651 1523 37 22 det
702 1523 68 26 hette,
787 1523 35 21 till
833 1523 171 26 uppmuntrande
