1075 1734
347 124 25 17 R.
385 128 18 13 o.
416 124 23 16 A.
447 124 61 17 1888.
521 124 23 17 19
550 123 64 22 April.
822 119 40 21 765

65 210 93 21 varande
180 210 100 26 rådande,
305 210 68 21 skulle
395 216 52 15 vara
470 211 33 20 att
523 211 87 20 emotse.
641 210 33 20 De
689 210 99 26 religiösa
803 211 90 20 motsat-

66 245 69 19 serna,
151 238 105 21 striderna
270 239 28 26 på
313 239 60 21 detta
389 237 88 22 område
496 238 61 21 skola
575 238 46 21 helt
635 238 53 21 visst
699 238 6 21 i
716 245 27 14 en
759 237 134 23 oöfverskåd-

68 267 28 26 lig
105 267 88 21 framtid
208 269 55 19 ännu
278 267 96 26 fortfara,
391 267 40 21 och
447 273 82 15 samma
539 266 180 27 betänkligheter,
731 273 45 14 som
785 274 35 19 nu,
832 267 61 22 skola

67 295 85 22 derföre
166 295 38 22 allt
219 295 131 22 fortfarande
365 296 73 20 kunna
452 295 126 22 framhållas
594 297 58 19 emot
668 296 31 20 ett
714 295 79 28 förslag
808 296 32 21 till
851 295 42 22 dis-

68 324 112 27 senterlag.
209 324 11 21 I
239 323 91 28 Sverige,
354 325 63 26 säger
439 323 80 28 Biskop
542 323 129 26 Johansson,
694 323 40 21 har
757 326 60 25 ropet
837 326 56 20 emot

68 352 88 27 kyrkan,
165 352 111 27 missnöjet
290 353 48 21 med
349 353 26 20 de
386 352 100 27 kyrkliga
495 351 164 22 förhållandena
669 352 47 21 icke
727 352 68 21 blifvit
805 353 87 21 mindre.

67 381 28 21 Ja
116 381 44 27 väl;
181 387 47 16 men
253 387 34 15 om
309 381 62 27 ingen
391 381 161 26 dissenterlag
546 376 15 36 i
570 380 86 27 Sverige
671 381 90 21 kommit
776 381 32 21 till
823 381 69 26 stånd,

68 409 68 22 skulle
151 410 120 27 antagligen
286 411 61 25 ropet
362 411 59 20 emot
435 409 84 28 kyrkan
536 409 39 22 och
586 409 202 22 missbelåtenheten
799 409 48 22 med
858 409 35 21 det

68 438 114 23 bestående
204 445 51 15 vara
278 440 55 19 ännu
355 440 77 24 större,
457 440 27 19 än
505 438 37 21 det
556 444 29 15 nu
600 439 30 20 är.
661 438 42 27 Jag
717 439 46 20 tror
777 438 47 21 icke
839 439 32 20 att
886 439 7 19 i

69 466 88 28 Sverige
172 467 70 27 någon
256 466 23 21 af
293 467 40 21 den
348 466 112 21 lutherska
475 467 93 26 kyrkans
583 469 81 18 vänner
680 466 83 27 ångrar,
778 468 32 19 att
825 467 69 20 denna

69 496 140 27 dissenterlag
228 495 89 22 kommit
332 496 33 21 till
380 495 71 21 stånd.
481 495 42 27 Jag
537 495 43 21 kan
596 495 46 21 icke
658 495 99 26 påminna
773 495 42 26 mig
830 494 64 22 hafva

69 526 42 19 sett
125 524 65 27 något
197 524 109 21 uttalande
317 525 80 25 derom,
409 525 33 20 att
453 530 49 15 man
513 524 69 21 skulle
593 523 67 22 önska
671 523 37 22 det
718 523 74 27 gjorda
803 523 90 27 ogjordt.

70 553 10 20 I
94 552 87 27 Sverige
204 554 24 19 är
249 559 75 20 genom
348 553 41 20 den
412 552 39 21 der
473 552 142 22 åstadkomna
630 553 62 26 lagen
708 552 55 21 blott
778 559 25 14 en
819 552 75 27 början

71 581 61 27 gjord
154 581 32 21 till
215 581 79 22 reform
316 581 23 21 af
360 581 129 21 hithörande
519 581 156 25 förhållanden,
699 581 55 21 blott
777 582 30 20 ett
828 581 67 20 första

71 611 46 25 steg
138 611 64 26 taget.
233 609 69 22 Också
324 611 39 20 hos
379 615 34 16 oss
428 616 52 15 vore
496 616 76 21 genom
588 609 121 27 antagande
725 609 22 21 af
761 610 36 21 det
811 609 83 26 förelig-

71 639 67 26 gande
154 639 136 26 lagförslaget
305 639 75 20 endast
395 639 32 19 ett
441 639 68 20 första
525 640 46 24 steg
586 640 60 24 taget
661 638 32 20 till
706 637 188 22 åstadkommande

71 666 23 22 af
107 666 169 28 religionsfrihet.
297 666 33 22 Då
346 667 37 21 det
397 666 69 27 gäller
482 668 33 20 att
529 667 7 21 i
552 666 93 27 enlighet
660 666 49 21 med
723 667 97 21 nutidens
831 665 65 22 behof

72 695 39 21 och
133 695 120 27 fordringar
276 695 125 27 omgestalta
421 694 165 22 förhållandena
602 695 90 21 emellan
708 696 42 20 stat
766 695 39 21 och
819 694 74 28 kyrka,

72 724 40 21 och
133 724 47 21 lösa
201 724 27 26 pä
251 724 26 21 de
299 724 63 26 band,
382 723 73 21 hvilka
470 730 77 20 genom
563 724 25 20 de
604 723 117 21 historiska
735 723 160 22 förhållandena

72 752 98 27 uppstått
192 752 40 22 och
256 752 67 22 under
345 752 70 22 sekler
435 752 110 26 existerat,
561 752 57 21 band
634 758 46 15 som
694 752 29 27 på
737 752 36 21 det
788 752 106 21 intimaste

72 781 164 27 sammanhänga
258 781 47 21 med
321 781 42 21 alla
377 780 54 22 våra
445 780 259 27 samhällsförhållanden,
721 780 26 22 då
762 787 55 20 man,
833 782 62 25 säger

70 809 43 27 jag,
136 816 29 14 nu
179 810 37 20 vill
230 810 46 20 lösa
290 810 28 26 på
333 810 62 20 dessa
409 809 66 27 band,
499 809 24 21 så
537 810 42 20 kan
596 816 26 14 en
636 809 68 21 sådan
719 809 175 22 vidtomfattande

72 838 78 21 reform
172 838 75 22 endast
270 838 37 22 ske
325 841 46 23 steg
385 838 34 21 för
435 840 54 25 steg,
506 838 40 21 och
562 838 71 21 derför
648 838 40 20 bör
703 844 49 14 man
767 838 46 20 icke
828 837 67 21 heller

72 868 64 20 vänta
158 869 32 19 att
212 867 28 21 all
263 873 36 15 oro
324 866 40 22 och
382 866 44 21 alla
448 866 112 28 yrkanden
576 866 60 22 skola
651 866 108 21 försvinna
774 866 34 21 vid
828 866 67 21 första

73 895 145 26 medgivande
232 895 8 21 i
254 895 63 22 friare
333 895 100 27 riktning.
465 895 66 22 Detta
546 895 71 21 inkast
634 897 44 19 mot
693 895 144 27 föreliggande
852 894 43 21 för-

72 924 46 27 slag
132 924 33 21 till
180 924 139 27 dissenterlag
333 924 68 21 håller
417 924 74 21 derför
507 924 65 27 enligt
587 924 44 21 min
647 924 64 21 tanke
727 924 46 21 icke
789 923 76 21 streck.

140 952 41 27 Jag
196 953 78 20 önskar
288 953 132 20 tillkomsten
435 953 24 20 af
473 959 27 14 en
515 952 67 21 sådan
592 953 35 26 lag
643 952 59 21 såväl
721 959 25 14 ur
762 951 133 28 synpunkten

74 981 22 21 af
108 981 117 21 individens
240 981 137 27 obestridliga
392 981 96 26 anspråk
503 981 28 26 på
546 981 163 26 samvetsfrihet,
721 987 45 15 som
777 980 64 21 också
851 981 45 20 sär-

74 1009 64 22 skildt
152 1009 7 21 i
174 1009 41 21 den
236 1009 110 22 lutherska
368 1009 95 27 kyrkans
482 1010 98 21 intresse.
611 1009 35 21 Må
662 1016 49 15 man
726 1009 32 21 för
773 1009 32 26 sig
820 1008 76 27 tydlig-

73 1039 57 26 göra,
153 1038 56 21 hvad
228 1038 27 21 de
270 1045 28 14 nu
313 1038 134 21 existerande
463 1038 163 21 förhållandena
641 1038 90 21 faktiskt
746 1037 102 22 innebära
863 1037 32 21 för

74 1067 39 21 den
135 1066 110 22 lutherska
267 1067 87 26 kyrkan.
384 1066 156 22 Förhållandet
562 1068 31 24 är,
609 1068 33 19 att
656 1067 58 21 inom
730 1066 41 21 den
785 1065 111 21 lutherska

73 1094 93 28 kyrkans
180 1094 61 22 sköte
256 1094 68 22 finnas
339 1101 83 15 massor
437 1094 24 22 af
475 1101 108 20 personer,
600 1095 39 21 och
655 1096 63 20 deras
731 1094 58 22 antal
799 1094 97 21 tillväxer

73 1123 96 27 alltjemt,
192 1123 71 21 hvilka
277 1124 7 20 i
300 1126 69 19 större
393 1124 52 21 eller
460 1124 84 20 mindre
559 1123 49 21 mån
623 1123 96 21 förkasta
735 1123 68 21 denna
818 1122 77 27 kyrkas

73 1152 64 26 läror,
152 1151 89 22 förneka
256 1152 74 21 värdet
344 1152 23 21 af
381 1152 48 21 dess
437 1152 123 27 gudstjenst
570 1152 40 21 och
621 1152 47 21 dess
680 1152 127 21 sakrament.
828 1151 68 21 Dessa

73 1186 107 21 personer,
203 1180 72 22 hvilka
296 1187 45 15 mer
360 1181 52 21 eller
427 1181 84 21 mindre
527 1180 93 27 afgjordt
636 1182 37 20 äro
689 1180 92 27 kyrkans
797 1181 99 23 ovänner,

74 1208 64 22 hafva
152 1209 124 26 emellertid,
292 1210 67 20 under
374 1209 136 21 närvarande
521 1209 154 25 förhållanden,
688 1211 89 19 rösträtt
787 1209 7 20 i
805 1208 92 26 kyrkans

73 1238 185 26 angelägenheter,
274 1238 85 26 deltaga
373 1238 7 21 i
395 1238 182 26 kyrkostämmor,
596 1238 56 26 välja
667 1239 60 25 prest
742 1237 39 21 och
796 1236 102 21 medlem-

73 1272 46 15 mar
134 1266 6 20 i
156 1266 134 27 kyrkorådet.
322 1266 85 21 Sådana
430 1272 111 20 personer,
564 1266 72 21 hvilka
655 1266 80 27 klappa
750 1265 58 21 bifall
824 1264 22 21 åt
861 1264 38 20 D:r

74 1294 49 22 Carl
138 1300 42 15 von
194 1295 92 27 Bergens
301 1295 156 26 föreläsningar
473 1295 53 21 eller
540 1294 28 27 gå
583 1296 57 20 ännu
655 1295 73 26 längre
744 1294 38 22 och
799 1292 99 22 betrakta

74 1322 28 22 all
125 1323 88 27 religion
235 1323 69 21 såsom
327 1330 26 14 en
376 1323 84 27 skadlig
483 1323 139 26 vidskepelse,
645 1323 41 21 den
701 1323 38 21 der
753 1323 40 21 bör
807 1322 91 23 utrotas,

74 1350 64 22 hafva
160 1352 55 20 dock
234 1354 43 19 rätt
292 1354 32 19 att
340 1352 85 26 deltaga
440 1352 7 20 i
463 1352 35 20 val
513 1352 23 20 af
550 1352 118 21 ledamöter
683 1352 7 20 i
706 1351 131 27 kyrkomöte,
854 1356 44 15 som

75 1386 49 20 eger
139 1380 119 27 handlägga
273 1380 110 21 lutherska
401 1380 96 27 kyrkans
513 1380 111 26 lifsfrågor.
656 1380 39 21 Om
711 1379 115 27 någonting
841 1378 57 21 inne-

74 1408 40 21 bär
129 1414 25 16 en
170 1408 46 21 fara
231 1408 33 22 för
279 1409 111 21 lutherska
404 1408 86 27 kyrkan
505 1409 8 20 i
528 1408 97 27 Finland,
646 1408 23 21 så
685 1410 24 19 är
725 1408 35 21 det
775 1407 124 26 visserligen

75 1437 65 21 detta.
162 1437 68 21 Hvem
245 1444 73 14 svarar
333 1436 33 22 för
382 1439 33 19 att
430 1437 49 21 icke
495 1438 62 20 dessa
572 1437 47 21 från
634 1437 82 27 kyrkan
731 1436 86 21 affallna
827 1436 72 20 kunna

74 1466 64 20 vinna
160 1465 113 27 majoritet,
296 1466 129 20 åtminstone
447 1466 60 20 inom
534 1472 25 14 en
574 1466 52 20 eller
642 1472 70 14 annan
727 1464 123 26 församling
865 1464 34 20 vid

74 1492 70 27 någon
167 1494 99 26 tidpunkt
289 1494 39 21 och
352 1494 27 21 då
399 1494 88 21 diktera
502 1494 104 21 besluten.
636 1494 41 26 Jag
692 1494 79 20 tillåter
787 1493 42 26 mig
844 1492 55 20 blott

74 1522 33 20 att
130 1522 70 20 erinra
216 1528 33 15 om
265 1524 31 19 ett
310 1522 89 24 faktum,
415 1528 47 15 som
479 1522 79 21 timade
574 1522 33 21 för
622 1522 46 21 icke
683 1522 62 27 länge
760 1521 65 21 sedan
840 1520 7 20 i
862 1519 38 21 vår
