1078 1753
206 125 42 25 820
453 131 25 17 R.
491 135 17 13 o.
520 131 23 17 A.
556 132 58 16 1888.
626 132 23 17 21
657 132 63 21 April.

180 217 78 22 värden
281 217 107 21 dessutom
410 217 88 27 mycken
521 217 36 21 tid.
589 217 69 22 Sedan
678 217 79 22 ökades
772 216 82 22 antalet
868 216 22 22 af
903 216 101 23 Finlands

180 245 189 27 provincialläkare
391 245 66 22 under
478 245 94 28 Konung
594 245 78 23 Gustaf
692 245 40 22 den
755 245 74 27 tredje,
848 246 23 21 sä
887 247 31 20 att
933 245 72 28 hvarje

179 274 36 21 län
236 273 56 22 hade
313 274 32 21 sin
367 273 77 23 läkare.
475 274 42 22 Det
534 274 61 22 fanns
611 274 26 21 dä
652 275 13 21 8
680 274 80 27 läkare,
775 273 83 22 hvilkas
872 273 133 28 hufvudsyfte

181 302 64 22 ocksä
267 308 38 15 var
324 302 40 22 den
379 302 150 27 medicolegala
544 302 129 27 funktionen,
688 303 66 26 jemte
768 302 121 27 äliggandet
905 304 32 19 att
952 308 53 21 egna

181 331 32 21 sin
227 330 32 22 tid
274 331 23 21 ät
311 331 133 27 sjukvärden,
459 331 24 22 sä
498 331 84 27 mycket
596 331 58 22 tiden
670 331 90 27 medgaf.
785 331 80 21 Senare
880 330 79 22 ökades
970 337 36 15 an-

181 358 53 22 talet
255 358 188 28 provincialläkare
459 359 33 21 till
507 359 34 24 20,
558 359 38 21 och
612 360 36 20 det
663 361 24 20 är
702 359 46 22 icke
763 365 45 15 mer
824 361 27 19 än
866 359 13 21 3
895 358 111 22 decennier

181 387 65 21 sedan
262 386 53 27 dess,
332 387 27 22 dä
373 387 79 22 antalet
467 387 23 22 af
503 387 187 27 provincialläkare
700 394 38 15 var
748 388 35 21 20.
806 387 69 22 Sedan
887 387 47 21 dess
944 386 63 22 hafva

182 416 32 26 de,
236 422 46 15 som
304 416 62 21 hafva
388 416 40 21 den
449 416 130 21 medicinska
600 416 154 26 förvaltningen
773 416 28 27 pä
816 415 143 28 landsbygden
975 415 31 26 sig

181 446 94 20 närmast
283 444 129 24 anförtrodd,
421 450 75 21 genom
511 444 114 28 styrelsens
640 444 132 28 synnerligen
788 444 97 27 benägna
897 443 109 22 tillmötes-

181 472 81 27 gäende
285 472 61 22 ökats
362 472 86 25 derhän,
464 475 32 19 att
510 472 20 22 vi
545 479 29 15 nu
588 472 62 22 hafva
665 474 28 20 54
708 472 194 28 provincialläkare,
919 472 40 22 och
974 474 32 20 att

184 500 81 22 antalet
280 500 94 28 sjukhus,
389 500 57 22 förut
460 503 31 20 ett
505 501 7 21 i
528 501 72 27 hvarje
615 501 149 26 residensstad,
788 508 28 14 nu
838 503 24 19 är
881 503 52 20 nära
955 500 52 22 dub-

183 528 46 23 belt
243 531 75 20 större.
348 529 43 21 För
405 530 131 21 närvarande
551 530 82 26 fortgär
647 530 147 26 utvecklingen
809 530 23 20 ät
847 531 31 20 ett
892 530 50 26 häll,
961 535 46 16 som

182 559 36 26 jag
239 559 47 20 tror
307 557 54 22 skall
384 558 54 27 gifva
455 558 88 27 mycken
558 558 190 26 tillfredsställelse,
764 564 48 16 men
828 558 35 22 det
878 558 83 22 fordrar
975 557 32 22 sin

185 586 37 22 tid.
253 586 74 22 Staten
342 586 138 22 understöder
494 586 106 27 nämligen
615 586 141 22 anställandet
771 586 23 22 af
806 586 201 22 kommunalläkare.

185 615 44 21 Der
243 620 26 16 en
285 614 33 22 del
333 614 125 22 kommuner
472 614 89 22 anhållit
576 621 35 15 om
621 615 115 21 understöd
747 614 33 22 för
788 614 110 22 aflönande
909 614 22 22 af
940 615 66 26 desse,

183 643 40 21 har
244 643 124 27 regeringen
389 643 85 22 liberalt
495 643 148 27 tillmötesgätt
662 644 49 20 med
733 645 32 20 att
780 643 107 27 bispringa
901 644 49 21 med
964 643 44 22 lika

184 674 59 20 stora
265 671 77 27 belopp
365 678 45 15 som
432 672 128 21 kommunen
579 672 52 26 sjelf.
661 672 76 22 Denna
752 671 94 28 riktning
859 672 40 22 har
913 672 52 21 först
980 673 27 26 pä

184 706 74 16 senare
281 700 55 21 tider
357 700 94 26 inslagits
474 706 48 15 men
536 700 70 21 häller
624 701 27 26 pä
666 702 33 19 att
714 702 50 25 taga
779 700 42 21 fart
835 700 38 21 allt
888 706 65 18 mera,
968 700 39 21 och

183 729 36 26 jag
234 730 46 19 tror
294 728 25 21 R.
336 735 19 14 o.
371 728 25 21 A.
412 729 40 21 kan
468 735 50 15 vara
533 728 123 28 öfvertygad
671 735 41 18 om,
728 730 32 20 att
775 728 134 27 regeringens
920 729 88 21 intresse

185 757 32 20 för
231 756 127 27 sjukvärden
374 756 45 22 icke
434 757 123 27 förslappas,
573 759 51 19 utan
640 759 32 19 att
687 757 37 21 det
738 757 39 26 gär
791 757 57 21 iden
858 757 55 26 goda
923 757 85 21 utveck-

185 785 77 26 lingen,
278 786 24 21 sä
316 785 59 26 längt
390 787 79 20 statens
484 791 105 16 ressurser
603 785 94 27 skäligen
713 785 40 22 och
764 785 100 27 billigtvis
874 785 72 22 kunna
953 785 56 22 med-

186 813 61 27 gifva.
277 814 40 21 Att
338 813 55 22 bäde
415 813 59 27 sjuke
496 813 40 22 och
560 813 73 22 läkare
655 814 46 21 icke
719 813 55 22 varit
789 814 23 21 af
824 813 83 22 landets
921 813 87 28 styrelse

185 841 126 26 förbisedde,
326 843 46 20 tror
383 841 37 28 jag
434 841 92 28 framgär
540 842 23 21 af
577 842 35 21 det
627 842 50 27 lilla,
690 842 37 27 jag
742 844 53 25 sagt,
811 842 89 22 likasom
913 842 36 27 jag
964 844 45 20 tror

188 871 31 26 de,
235 870 63 21 hvars
313 870 119 27 skyldighet
448 870 35 22 det
498 872 24 19 är
536 872 33 20 att
582 872 50 25 taga
649 871 114 21 initiativet
772 870 32 22 till
815 870 195 22 medicinalverkets

185 898 128 27 utveckling,
336 899 47 21 icke
405 899 59 21 skola
486 898 114 22 försumma
615 901 31 19 att
661 901 53 25 göra
728 899 56 22 hvad
800 899 26 22 de
840 899 78 21 kunna.
949 898 61 22 Hvad

186 927 32 22 för
237 927 63 27 öfrigt
314 927 178 27 petitionerandet
506 927 137 23 vidkommer,
667 929 24 20 är
706 927 36 22 det
757 927 63 27 ingen
835 927 63 22 konst
913 929 32 20 att
959 929 52 25 göra

187 956 41 24 det,
241 955 40 22 och
289 955 43 22 ofta
342 957 37 20 äro
391 955 61 22 dessa
462 955 113 28 petitioner
584 956 80 26 ganska
674 955 154 28 egendomliga.
843 955 34 22 Nu
892 958 15 19 t.
923 962 31 15 ex.
972 955 39 22 har

187 984 32 21 Hr
227 983 114 22 Riihimäki
356 983 74 28 begärt
445 983 32 22 för
490 983 108 22 Wiitasari
613 990 26 15 en
649 983 196 28 provincialläkare,
856 984 67 21 ehuru
933 984 36 21 det
978 989 33 16 re-

187 1012 42 22 dan
253 1011 34 22 för
309 1013 76 26 många
406 1013 30 24 år,
456 1012 38 27 jag
511 1014 45 19 tror
566 1013 13 20 6
595 1012 13 21 å
623 1013 12 20 7
651 1013 24 21 är
690 1013 66 21 sedan
771 1012 22 21 af
806 1012 93 22 Senaten
913 1012 98 22 beslutits

187 1040 40 22 och
242 1040 83 26 befalts,
341 1042 32 19 att
387 1040 213 27 provincialläkarens
614 1041 80 21 station
712 1041 55 21 skall
777 1041 64 21 blifva
851 1040 126 26 Wiitasaari,
988 1041 24 21 sä

187 1070 60 20 snart
263 1068 40 22 den
318 1068 120 22 nuvarande
452 1068 150 22 innehafvaren
617 1068 22 22 af
652 1069 100 26 tjensten,
767 1068 63 22 hvars
844 1068 125 22 stationsort
988 1070 24 20 är

187 1096 121 28 Jyväskylä,
331 1096 65 27 afgär,
419 1096 39 22 och
480 1097 84 27 mycket
578 1097 62 27 länge
654 1097 33 21 lär
703 1098 37 20 det
754 1097 47 21 icke
816 1096 70 27 räcka,
901 1096 54 22 efter
969 1096 42 22 min

187 1125 85 21 kamrat
295 1125 38 21 der
354 1125 65 21 redan
440 1126 7 20 i
466 1125 25 21 är
505 1124 61 28 fyller
582 1126 26 21 78
623 1126 30 21 är.
684 1125 63 22 Hvad
762 1125 33 21 för
810 1125 63 27 öfrigt
888 1125 32 21 Hr
934 1125 78 21 Ranta-

187 1153 74 21 niemis
283 1153 89 27 petition
394 1153 136 27 vidkommer,
553 1156 24 19 är
600 1154 35 21 det
664 1154 101 26 temligen
794 1153 60 27 längt
875 1154 78 26 gänget
981 1154 32 20 att

186 1181 86 27 begära,
295 1183 32 20 att
349 1182 122 26 regeringen
486 1183 66 21 måtte
567 1182 89 22 tillsätta
670 1188 26 16 en
712 1182 74 22 läkare
806 1182 1 21 i
822 1182 62 21 Kemi
899 1182 48 22 med
961 1187 52 21 upp-

187 1209 39 27 gift
241 1212 32 19 att
287 1209 120 23 handhafva
422 1210 126 27 sjukvärden
562 1210 7 21 i
585 1210 69 22 denna
664 1210 44 22 lilla
722 1210 56 22 stad.
793 1210 43 22 Det
850 1212 25 20 är
889 1210 40 22 här
943 1212 71 20 natur-

187 1238 71 27 ligtvis
273 1238 46 22 icke
333 1237 60 28 fråga
408 1245 33 15 om
457 1240 32 20 att
503 1238 75 22 staden
593 1238 54 22 skall
662 1240 52 26 göra
729 1239 66 26 något
810 1238 40 22 och
865 1238 41 22 den
929 1238 33 22 lär
981 1238 33 22 för

189 1268 72 20 resten
275 1266 67 22 heller
357 1266 46 22 icke
417 1267 71 21 kunna
504 1267 40 21 det.
576 1266 69 22 Sedan
660 1267 52 22 sista
727 1266 130 28 landtdagen
872 1267 39 21 har
925 1268 32 20 ett
967 1269 47 25 nytt

188 1295 275 26 provincialläkaredistrikt
481 1295 3 21 i
500 1295 123 22 Revaniemi
638 1295 90 22 kommit
743 1295 32 21 till
790 1295 69 26 ständ,
869 1295 144 27 hvarigenom,

189 1323 27 21 dä
238 1329 27 15 en
287 1323 188 27 provincialläkare
492 1323 68 22 finnes
574 1324 8 21 i
597 1324 83 21 Torneä
694 1324 41 21 och
751 1330 26 15 en
792 1324 7 20 i
814 1323 129 27 Rovaniemi,
958 1323 58 27 sjuk-

189 1351 79 22 vården
283 1352 46 21 icke
344 1351 67 22 heller
425 1352 39 21 här
478 1354 24 19 är
517 1352 85 22 lemnad
615 1352 14 21 å
644 1352 52 22 sido.
723 1352 43 22 För
782 1352 63 26 öfrigt
860 1353 23 20 är
893 1352 36 22 det
939 1358 77 15 sanno-

188 1378 47 25 likt,
255 1382 31 19 att
308 1380 67 21 sedan
390 1380 279 27 provincialläkaretjensten
687 1380 3 21 i
706 1380 86 22 Torneä
806 1380 76 22 blifver
896 1380 63 27 ledig,
975 1380 41 22 den

190 1407 27 21 dä
239 1407 43 22 kan
296 1407 71 28 flyttas
383 1407 32 22 till
429 1408 67 25 Kemi,
512 1408 90 22 emedan
617 1410 32 19 ett
663 1410 45 20 rätt
722 1409 88 21 vackert
825 1408 87 27 sjukhus
927 1408 89 22 kommit

189 1435 33 21 till
245 1436 63 21 ständ
329 1436 7 21 i
358 1436 84 22 Torneä
464 1436 39 21 och
525 1437 62 21 torde
607 1436 101 28 päfordra
732 1443 26 15 en
782 1443 52 20 egen
849 1435 165 28 sjukhusläkare.

189 1463 62 22 Hvad
275 1464 40 21 den
339 1464 52 22 sista
413 1465 63 21 ärade
494 1465 93 22 talarens
602 1465 76 27 mänga
693 1465 167 26 anmärkningar
873 1466 46 21 mot
932 1465 83 27 provin-

189 1491 152 23 cialläkarenes
364 1493 134 22 verksamhet
516 1493 136 26 vidkommer,
668 1494 24 21 sä
708 1495 25 20 är
748 1493 36 22 det
799 1499 26 16 en
841 1492 38 23 sak
894 1499 46 16 som
955 1493 60 22 otvif-

188 1520 104 28 velaktigt
313 1520 40 23 har
375 1521 32 22 sin
429 1521 107 27 riktighet,
559 1523 32 20 att
613 1521 37 22 der
672 1523 25 20 är
720 1521 85 28 mycket
819 1521 64 28 öfrigt
897 1523 32 20 att
944 1522 72 22 önska.
