<?xml version="1.0" encoding="UTF-8"?>
<alto xmlns="http://www.loc.gov/standards/alto/ns-v3#" xmlns:xlink="http://www.w3.org/1999/xlink" xmlns:xsi="http://www.w3.org/2001/XMLSchema-instance" xsi:schemaLocation="http://www.loc.gov/standards/alto/ns-v3# http://www.loc.gov/alto/v3/alto-3-0.xsd">
	<Description>
		<MeasurementUnit>pixel</MeasurementUnit>
		<sourceImageInformation>
			<fileName>/tmp/tess_9bkfu97j_input.PNG</fileName>
		</sourceImageInformation>
		<OCRProcessing ID="OCR_0">
			<ocrProcessingStep>
				<processingSoftware>
					<softwareName>tesseract 5.3.4</softwareName>
				</processingSoftware>
			</ocrProcessingStep>
		</OCRProcessing>
	</Description>
	<Layout>
		<Page WIDTH="1081" HEIGHT="1734" PHYSICAL_IMG_NR="0" ID="page_0">
			<PrintSpace HPOS="0" VPOS="0" WIDTH="1081" HEIGHT="1734">
				<ComposedBlock ID="cblock_0" HPOS="199" VPOS="109" WIDTH="511" HEIGHT="27">
					<TextBlock ID="block_0" HPOS="199" VPOS="109" WIDTH="511" HEIGHT="27">
						<TextLine ID="line_0" HPOS="199" VPOS="109" WIDTH="511" HEIGHT="27">
							<String ID="string_0" HPOS="199" VPOS="109" WIDTH="40" HEIGHT="22" WC="0.96" CONTENT="788"/><SP WIDTH="206" VPOS="109" HPOS="239"/>
							<String ID="string_1" HPOS="445" VPOS="115" WIDTH="25" HEIGHT="17" WC="0.96" CONTENT="R."/><SP WIDTH="13" VPOS="115" HPOS="470"/>
							<String ID="string_2" HPOS="483" VPOS="120" WIDTH="18" HEIGHT="12" WC="0.75" CONTENT="o."/><SP WIDTH="12" VPOS="120" HPOS="501"/>
							<String ID="string_3" HPOS="513" VPOS="116" WIDTH="23" HEIGHT="16" WC="0.85" CONTENT="A."/><SP WIDTH="9" VPOS="116" HPOS="536"/>
							<String ID="string_4" HPOS="545" VPOS="116" WIDTH="58" HEIGHT="16" WC="0.96" CONTENT="1888."/><SP WIDTH="14" VPOS="116" HPOS="603"/>
							<String ID="string_5" HPOS="617" VPOS="115" WIDTH="22" HEIGHT="17" WC="0.96" CONTENT="19"/><SP WIDTH="9" VPOS="115" HPOS="639"/>
							<String ID="string_6" HPOS="648" VPOS="115" WIDTH="62" HEIGHT="21" WC="0.95" CONTENT="April."/>
						</TextLine>
					</TextBlock>
				</ComposedBlock>
				<GraphicalElement ID="cblock_1" HPOS="170" VPOS="154" WIDTH="824" HEIGHT="6"></GraphicalElement >
				<ComposedBlock ID="cblock_2" HPOS="169" VPOS="200" WIDTH="826" HEIGHT="56">
					<TextBlock ID="block_1" HPOS="169" VPOS="200" WIDTH="826" HEIGHT="56">
						<TextLine ID="line_1" HPOS="169" VPOS="200" WIDTH="826" HEIGHT="29">
							<String ID="string_7" HPOS="169" VPOS="200" WIDTH="58" HEIGHT="22" WC="0.76" CONTENT="Frih."/><SP WIDTH="22" VPOS="200" HPOS="227"/>
							<String ID="string_8" HPOS="249" VPOS="200" WIDTH="78" HEIGHT="22" WC="0.93" CONTENT="Wrede"/><SP WIDTH="22" VPOS="200" HPOS="327"/>
							<String ID="string_9" HPOS="349" VPOS="200" WIDTH="104" HEIGHT="25" WC="0.91" CONTENT="framhöll,"/><SP WIDTH="22" VPOS="200" HPOS="453"/>
							<String ID="string_10" HPOS="475" VPOS="201" WIDTH="46" HEIGHT="21" WC="0.96" CONTENT="icke"/><SP WIDTH="15" VPOS="201" HPOS="521"/>
							<String ID="string_11" HPOS="536" VPOS="202" WIDTH="23" HEIGHT="21" WC="0.93" CONTENT="sä"/><SP WIDTH="16" VPOS="202" HPOS="559"/>
							<String ID="string_12" HPOS="575" VPOS="201" WIDTH="88" HEIGHT="28" WC="0.96" CONTENT="mycken"/><SP WIDTH="15" VPOS="201" HPOS="663"/>
							<String ID="string_13" HPOS="678" VPOS="201" WIDTH="43" HEIGHT="27" WC="0.96" CONTENT="vigt"/><SP WIDTH="15" VPOS="201" HPOS="721"/>
							<String ID="string_14" HPOS="736" VPOS="200" WIDTH="69" HEIGHT="27" WC="0.96" CONTENT="ligger"/><SP WIDTH="15" VPOS="200" HPOS="805"/>
							<String ID="string_15" HPOS="820" VPOS="200" WIDTH="34" HEIGHT="22" WC="0.96" CONTENT="vid"/><SP WIDTH="16" VPOS="200" HPOS="854"/>
							<String ID="string_16" HPOS="870" VPOS="201" WIDTH="26" HEIGHT="21" WC="0.93" CONTENT="de"/><SP WIDTH="14" VPOS="201" HPOS="896"/>
							<String ID="string_17" HPOS="910" VPOS="201" WIDTH="85" HEIGHT="21" WC="0.93" CONTENT="förrätt-"/>
						</TextLine>
						<TextLine ID="line_2" HPOS="169" VPOS="228" WIDTH="378" HEIGHT="28">
							<String ID="string_18" HPOS="169" VPOS="229" WIDTH="74" HEIGHT="27" WC="0.92" CONTENT="ningar"/><SP WIDTH="15" VPOS="229" HPOS="243"/>
							<String ID="string_19" HPOS="258" VPOS="228" WIDTH="43" HEIGHT="22" WC="0.96" CONTENT="han"/><SP WIDTH="14" VPOS="228" HPOS="301"/>
							<String ID="string_20" HPOS="315" VPOS="229" WIDTH="95" HEIGHT="22" WC="0.96" CONTENT="kommer"/><SP WIDTH="15" VPOS="229" HPOS="410"/>
							<String ID="string_21" HPOS="425" VPOS="231" WIDTH="31" HEIGHT="20" WC="0.97" CONTENT="att"/><SP WIDTH="15" VPOS="231" HPOS="456"/>
							<String ID="string_22" HPOS="471" VPOS="229" WIDTH="76" HEIGHT="22" WC="0.96" CONTENT="utföra."/>
						</TextLine>
					</TextBlock>
				</ComposedBlock>
				<ComposedBlock ID="cblock_3" HPOS="171" VPOS="291" WIDTH="823" HEIGHT="57">
					<TextBlock ID="block_2" HPOS="171" VPOS="291" WIDTH="823" HEIGHT="57">
						<TextLine ID="line_3" HPOS="239" VPOS="291" WIDTH="755" HEIGHT="28">
							<String ID="string_23" HPOS="239" VPOS="291" WIDTH="50" HEIGHT="22" WC="0.92" CONTENT="Med"/><SP WIDTH="15" VPOS="291" HPOS="289"/>
							<String ID="string_24" HPOS="304" VPOS="291" WIDTH="112" HEIGHT="28" WC="0.92" CONTENT="anledning"/><SP WIDTH="11" VPOS="291" HPOS="416"/>
							<String ID="string_25" HPOS="427" VPOS="291" WIDTH="21" HEIGHT="23" WC="0.96" CONTENT="af"/><SP WIDTH="9" VPOS="291" HPOS="448"/>
							<String ID="string_26" HPOS="457" VPOS="292" WIDTH="26" HEIGHT="22" WC="0.93" CONTENT="de"/><SP WIDTH="10" VPOS="292" HPOS="483"/>
							<String ID="string_27" HPOS="493" VPOS="292" WIDTH="90" HEIGHT="22" WC="0.93" CONTENT="sälunda"/><SP WIDTH="10" VPOS="292" HPOS="583"/>
							<String ID="string_28" HPOS="593" VPOS="291" WIDTH="123" HEIGHT="22" WC="0.92" CONTENT="framstälda"/><SP WIDTH="10" VPOS="291" HPOS="716"/>
							<String ID="string_29" HPOS="726" VPOS="291" WIDTH="192" HEIGHT="27" WC="0.91" CONTENT="anmärkningarne"/><SP WIDTH="10" VPOS="291" HPOS="918"/>
							<String ID="string_30" HPOS="928" VPOS="291" WIDTH="66" HEIGHT="23" WC="0.91" CONTENT="öfver-"/>
						</TextLine>
						<TextLine ID="line_4" HPOS="171" VPOS="319" WIDTH="703" HEIGHT="29">
							<String ID="string_31" HPOS="171" VPOS="320" WIDTH="108" HEIGHT="22" WC="0.92" CONTENT="lemnades"/><SP WIDTH="15" VPOS="320" HPOS="279"/>
							<String ID="string_32" HPOS="294" VPOS="319" WIDTH="32" HEIGHT="22" WC="0.93" CONTENT="till"/><SP WIDTH="13" VPOS="319" HPOS="326"/>
							<String ID="string_33" HPOS="339" VPOS="320" WIDTH="130" HEIGHT="22" WC="0.91" CONTENT="besvarande"/><SP WIDTH="15" VPOS="320" HPOS="469"/>
							<String ID="string_34" HPOS="484" VPOS="327" WIDTH="26" HEIGHT="15" WC="0.96" CONTENT="en"/><SP WIDTH="15" VPOS="327" HPOS="510"/>
							<String ID="string_35" HPOS="525" VPOS="321" WIDTH="24" HEIGHT="21" WC="0.93" CONTENT="sä"/><SP WIDTH="14" VPOS="321" HPOS="549"/>
							<String ID="string_36" HPOS="563" VPOS="320" WIDTH="92" HEIGHT="28" WC="0.92" CONTENT="lydande"/><SP WIDTH="16" VPOS="320" HPOS="655"/>
							<String ID="string_37" HPOS="671" VPOS="320" WIDTH="203" HEIGHT="27" WC="0.92" CONTENT="omröstningsprop:"/>
						</TextLine>
					</TextBlock>
				</ComposedBlock>
				<ComposedBlock ID="cblock_4" HPOS="170" VPOS="377" WIDTH="824" HEIGHT="84">
					<TextBlock ID="block_3" HPOS="170" VPOS="377" WIDTH="824" HEIGHT="84">
						<TextLine ID="line_5" HPOS="237" VPOS="377" WIDTH="756" HEIGHT="28">
							<String ID="string_38" HPOS="237" VPOS="377" WIDTH="55" HEIGHT="27" WC="0.96" CONTENT="Den,"/><SP WIDTH="23" VPOS="377" HPOS="292"/>
							<String ID="string_39" HPOS="315" VPOS="383" WIDTH="44" HEIGHT="16" WC="0.96" CONTENT="som"/><SP WIDTH="22" VPOS="383" HPOS="359"/>
							<String ID="string_40" HPOS="381" VPOS="377" WIDTH="122" HEIGHT="27" WC="0.96" CONTENT="godkänner"/><SP WIDTH="15" VPOS="377" HPOS="503"/>
							<String ID="string_41" HPOS="518" VPOS="384" WIDTH="63" HEIGHT="15" WC="0.96" CONTENT="mom."/><SP WIDTH="17" VPOS="384" HPOS="581"/>
							<String ID="string_42" HPOS="598" VPOS="378" WIDTH="10" HEIGHT="20" WC="0.96" CONTENT="1"/><SP WIDTH="17" VPOS="378" HPOS="608"/>
							<String ID="string_43" HPOS="625" VPOS="377" WIDTH="22" HEIGHT="22" WC="0.93" CONTENT="af"/><SP WIDTH="14" VPOS="377" HPOS="647"/>
							<String ID="string_44" HPOS="661" VPOS="377" WIDTH="14" HEIGHT="28" WC="0.92" CONTENT="&amp;"/><SP WIDTH="16" VPOS="377" HPOS="675"/>
							<String ID="string_45" HPOS="691" VPOS="378" WIDTH="12" HEIGHT="21" WC="0.93" CONTENT="3"/><SP WIDTH="16" VPOS="378" HPOS="703"/>
							<String ID="string_46" HPOS="719" VPOS="377" WIDTH="145" HEIGHT="26" WC="0.91" CONTENT="oförändradt,"/><SP WIDTH="16" VPOS="377" HPOS="864"/>
							<String ID="string_47" HPOS="880" VPOS="379" WIDTH="70" HEIGHT="20" WC="0.93" CONTENT="röstar"/><SP WIDTH="11" VPOS="379" HPOS="950"/>
							<String ID="string_48" HPOS="961" VPOS="377" WIDTH="32" HEIGHT="27" WC="0.96" CONTENT="ja;"/>
						</TextLine>
						<TextLine ID="line_6" HPOS="237" VPOS="405" WIDTH="757" HEIGHT="28">
							<String ID="string_49" HPOS="237" VPOS="406" WIDTH="74" HEIGHT="21" WC="0.93" CONTENT="vinner"/><SP WIDTH="22" VPOS="406" HPOS="311"/>
							<String ID="string_50" HPOS="333" VPOS="406" WIDTH="41" HEIGHT="27" WC="0.93" CONTENT="nej,"/><SP WIDTH="22" VPOS="406" HPOS="374"/>
							<String ID="string_51" HPOS="396" VPOS="407" WIDTH="51" HEIGHT="26" WC="0.92" CONTENT="utgä"/><SP WIDTH="22" VPOS="407" HPOS="447"/>
							<String ID="string_52" HPOS="469" VPOS="406" WIDTH="45" HEIGHT="22" WC="0.92" CONTENT="frän"/><SP WIDTH="23" VPOS="406" HPOS="514"/>
							<String ID="string_53" HPOS="537" VPOS="413" WIDTH="63" HEIGHT="15" WC="0.96" CONTENT="mom."/><SP WIDTH="24" VPOS="413" HPOS="600"/>
							<String ID="string_54" HPOS="624" VPOS="406" WIDTH="27" HEIGHT="21" WC="0.96" CONTENT="de"/><SP WIDTH="23" VPOS="406" HPOS="651"/>
							<String ID="string_55" HPOS="674" VPOS="406" WIDTH="50" HEIGHT="22" WC="0.93" CONTENT="sista"/><SP WIDTH="16" VPOS="406" HPOS="724"/>
							<String ID="string_56" HPOS="740" VPOS="406" WIDTH="68" HEIGHT="21" WC="0.92" CONTENT="orden"/><SP WIDTH="16" VPOS="406" HPOS="808"/>
							<String ID="string_57" HPOS="824" VPOS="405" WIDTH="100" HEIGHT="28" WC="0.91" CONTENT="börjande"/><SP WIDTH="24" VPOS="405" HPOS="924"/>
							<String ID="string_58" HPOS="948" VPOS="405" WIDTH="46" HEIGHT="22" WC="0.91" CONTENT="frän"/>
						</TextLine>
						<TextLine ID="line_7" HPOS="170" VPOS="434" WIDTH="226" HEIGHT="27">
							<String ID="string_59" HPOS="170" VPOS="435" WIDTH="26" HEIGHT="26" WC="0.51" CONTENT="»å"/><SP WIDTH="15" VPOS="435" HPOS="196"/>
							<String ID="string_60" HPOS="211" VPOS="434" WIDTH="84" HEIGHT="22" WC="0.96" CONTENT="hvilken"/><SP WIDTH="16" VPOS="434" HPOS="295"/>
							<String ID="string_61" HPOS="311" VPOS="441" WIDTH="18" HEIGHT="15" WC="0.94" CONTENT="o."/><SP WIDTH="16" VPOS="441" HPOS="329"/>
							<String ID="string_62" HPOS="345" VPOS="441" WIDTH="16" HEIGHT="15" WC="0.95" CONTENT="s."/><SP WIDTH="17" VPOS="441" HPOS="361"/>
							<String ID="string_63" HPOS="378" VPOS="441" WIDTH="18" HEIGHT="15" WC="0.96" CONTENT="v."/>
						</TextLine>
					</TextBlock>
				</ComposedBlock>
				<ComposedBlock ID="cblock_5" HPOS="171" VPOS="491" WIDTH="824" HEIGHT="56">
					<TextBlock ID="block_4" HPOS="171" VPOS="491" WIDTH="824" HEIGHT="56">
						<TextLine ID="line_8" HPOS="238" VPOS="491" WIDTH="757" HEIGHT="28">
							<String ID="string_64" HPOS="238" VPOS="491" WIDTH="64" HEIGHT="28" WC="0.93" CONTENT="Prop."/><SP WIDTH="17" VPOS="491" HPOS="302"/>
							<String ID="string_65" HPOS="319" VPOS="491" WIDTH="126" HEIGHT="23" WC="0.92" CONTENT="besvarades"/><SP WIDTH="16" VPOS="491" HPOS="445"/>
							<String ID="string_66" HPOS="461" VPOS="493" WIDTH="47" HEIGHT="21" WC="0.93" CONTENT="med"/><SP WIDTH="15" VPOS="493" HPOS="508"/>
							<String ID="string_67" HPOS="523" VPOS="492" WIDTH="154" HEIGHT="27" WC="0.91" CONTENT="öfvervägande"/><SP WIDTH="13" VPOS="492" HPOS="677"/>
							<String ID="string_68" HPOS="690" VPOS="492" WIDTH="22" HEIGHT="27" WC="0.96" CONTENT="ja"/><SP WIDTH="16" VPOS="492" HPOS="712"/>
							<String ID="string_69" HPOS="728" VPOS="491" WIDTH="41" HEIGHT="22" WC="0.96" CONTENT="och"/><SP WIDTH="16" VPOS="491" HPOS="769"/>
							<String ID="string_70" HPOS="785" VPOS="497" WIDTH="37" HEIGHT="16" WC="0.93" CONTENT="var"/><SP WIDTH="14" VPOS="497" HPOS="822"/>
							<String ID="string_71" HPOS="836" VPOS="491" WIDTH="82" HEIGHT="22" WC="0.91" CONTENT="säledes"/><SP WIDTH="16" VPOS="491" HPOS="918"/>
							<String ID="string_72" HPOS="934" VPOS="497" WIDTH="61" HEIGHT="15" WC="0.96" CONTENT="mom."/>
						</TextLine>
						<TextLine ID="line_9" HPOS="171" VPOS="520" WIDTH="473" HEIGHT="27">
							<String ID="string_73" HPOS="171" VPOS="520" WIDTH="109" HEIGHT="27" WC="0.90" CONTENT="godkändt"/><SP WIDTH="15" VPOS="520" HPOS="280"/>
							<String ID="string_74" HPOS="295" VPOS="520" WIDTH="64" HEIGHT="27" WC="0.93" CONTENT="enligt"/><SP WIDTH="15" VPOS="520" HPOS="359"/>
							<String ID="string_75" HPOS="374" VPOS="521" WIDTH="114" HEIGHT="22" WC="0.92" CONTENT="utskottets"/><SP WIDTH="15" VPOS="521" HPOS="488"/>
							<String ID="string_76" HPOS="503" VPOS="521" WIDTH="141" HEIGHT="22" WC="0.92" CONTENT="betänkande."/>
						</TextLine>
					</TextBlock>
				</ComposedBlock>
				<ComposedBlock ID="cblock_6" HPOS="238" VPOS="577" WIDTH="637" HEIGHT="85">
					<TextBlock ID="block_5" HPOS="238" VPOS="577" WIDTH="637" HEIGHT="85">
						<TextLine ID="line_10" HPOS="238" VPOS="577" WIDTH="637" HEIGHT="28">
							<String ID="string_77" HPOS="238" VPOS="578" WIDTH="12" HEIGHT="21" WC="0.96" CONTENT="2"/><SP WIDTH="17" VPOS="578" HPOS="250"/>
							<String ID="string_78" HPOS="267" VPOS="577" WIDTH="39" HEIGHT="22" WC="0.95" CONTENT="och"/><SP WIDTH="16" VPOS="577" HPOS="306"/>
							<String ID="string_79" HPOS="322" VPOS="578" WIDTH="12" HEIGHT="21" WC="0.96" CONTENT="3"/><SP WIDTH="17" VPOS="578" HPOS="334"/>
							<String ID="string_80" HPOS="351" VPOS="584" WIDTH="62" HEIGHT="15" WC="0.95" CONTENT="mom."/><SP WIDTH="17" VPOS="584" HPOS="413"/>
							<String ID="string_81" HPOS="430" VPOS="577" WIDTH="23" HEIGHT="22" WC="0.93" CONTENT="af"/><SP WIDTH="12" VPOS="577" HPOS="453"/>
							<String ID="string_82" HPOS="465" VPOS="579" WIDTH="13" HEIGHT="25" WC="0.89" CONTENT="8"/><SP WIDTH="15" VPOS="579" HPOS="478"/>
							<String ID="string_83" HPOS="493" VPOS="580" WIDTH="12" HEIGHT="19" WC="0.93" CONTENT="3"/><SP WIDTH="16" VPOS="580" HPOS="505"/>
							<String ID="string_84" HPOS="521" VPOS="577" WIDTH="124" HEIGHT="28" WC="0.96" CONTENT="godkändes"/><SP WIDTH="16" VPOS="577" HPOS="645"/>
							<String ID="string_85" HPOS="661" VPOS="579" WIDTH="50" HEIGHT="20" WC="0.93" CONTENT="utan"/><SP WIDTH="16" VPOS="579" HPOS="711"/>
							<String ID="string_86" HPOS="727" VPOS="577" WIDTH="148" HEIGHT="27" WC="0.96" CONTENT="anmärkning."/>
						</TextLine>
						<TextLine ID="line_11" HPOS="239" VPOS="635" WIDTH="374" HEIGHT="27">
							<String ID="string_87" HPOS="239" VPOS="635" WIDTH="168" HEIGHT="21" WC="0.91" CONTENT="Vidkommande"/><SP WIDTH="14" VPOS="635" HPOS="407"/>
							<String ID="string_88" HPOS="421" VPOS="636" WIDTH="14" HEIGHT="20" WC="0.96" CONTENT="4"/><SP WIDTH="16" VPOS="636" HPOS="435"/>
							<String ID="string_89" HPOS="451" VPOS="641" WIDTH="62" HEIGHT="15" WC="0.93" CONTENT="mom."/><SP WIDTH="15" VPOS="641" HPOS="513"/>
							<String ID="string_90" HPOS="528" VPOS="635" WIDTH="85" HEIGHT="27" WC="0.91" CONTENT="yttrade"/>
						</TextLine>
					</TextBlock>
				</ComposedBlock>
				<ComposedBlock ID="cblock_7" HPOS="168" VPOS="696" WIDTH="828" HEIGHT="142">
					<TextBlock ID="block_6" HPOS="168" VPOS="696" WIDTH="828" HEIGHT="142">
						<TextLine ID="line_12" HPOS="238" VPOS="696" WIDTH="757" HEIGHT="29">
							<String ID="string_91" HPOS="238" VPOS="697" WIDTH="33" HEIGHT="21" WC="0.96" CONTENT="Hr"/><SP WIDTH="21" VPOS="697" HPOS="271"/>
							<String ID="string_92" HPOS="292" VPOS="697" WIDTH="193" HEIGHT="25" WC="0.96" CONTENT="Björkenheim:"/><SP WIDTH="30" VPOS="697" HPOS="485"/>
							<String ID="string_93" HPOS="515" VPOS="698" WIDTH="40" HEIGHT="27" WC="0.96" CONTENT="Jag"/><SP WIDTH="22" VPOS="698" HPOS="555"/>
							<String ID="string_94" HPOS="577" VPOS="698" WIDTH="38" HEIGHT="21" WC="0.92" CONTENT="ber"/><SP WIDTH="22" VPOS="698" HPOS="615"/>
							<String ID="string_95" HPOS="637" VPOS="698" WIDTH="21" HEIGHT="21" WC="0.96" CONTENT="få"/><SP WIDTH="22" VPOS="698" HPOS="658"/>
							<String ID="string_96" HPOS="680" VPOS="704" WIDTH="103" HEIGHT="20" WC="0.96" CONTENT="upprepa,"/><SP WIDTH="23" VPOS="704" HPOS="783"/>
							<String ID="string_97" HPOS="806" VPOS="696" WIDTH="56" HEIGHT="22" WC="0.96" CONTENT="hvad"/><SP WIDTH="12" VPOS="696" HPOS="862"/>
							<String ID="string_98" HPOS="874" VPOS="697" WIDTH="37" HEIGHT="27" WC="0.96" CONTENT="jag"/><SP WIDTH="18" VPOS="697" HPOS="911"/>
							<String ID="string_99" HPOS="929" VPOS="696" WIDTH="66" HEIGHT="22" WC="0.96" CONTENT="redan"/>
						</TextLine>
						<TextLine ID="line_13" HPOS="171" VPOS="725" WIDTH="824" HEIGHT="29">
							<String ID="string_100" HPOS="171" VPOS="728" WIDTH="80" HEIGHT="23" WC="0.92" CONTENT="nämnt,"/><SP WIDTH="24" VPOS="728" HPOS="251"/>
							<String ID="string_101" HPOS="275" VPOS="728" WIDTH="32" HEIGHT="19" WC="0.96" CONTENT="att"/><SP WIDTH="21" VPOS="728" HPOS="307"/>
							<String ID="string_102" HPOS="328" VPOS="732" WIDTH="26" HEIGHT="15" WC="0.93" CONTENT="en"/><SP WIDTH="18" VPOS="732" HPOS="354"/>
							<String ID="string_103" HPOS="372" VPOS="727" WIDTH="66" HEIGHT="21" WC="0.91" CONTENT="sädan"/><SP WIDTH="15" VPOS="727" HPOS="438"/>
							<String ID="string_104" HPOS="453" VPOS="726" WIDTH="142" HEIGHT="28" WC="0.92" CONTENT="inspektions-"/><SP WIDTH="14" VPOS="726" HPOS="595"/>
							<String ID="string_105" HPOS="609" VPOS="726" WIDTH="53" HEIGHT="22" WC="0.92" CONTENT="eller"/><SP WIDTH="15" VPOS="726" HPOS="662"/>
							<String ID="string_106" HPOS="677" VPOS="725" WIDTH="257" HEIGHT="27" WC="0.92" CONTENT="anmälningsbefattning,"/><SP WIDTH="15" VPOS="725" HPOS="934"/>
							<String ID="string_107" HPOS="949" VPOS="732" WIDTH="46" HEIGHT="15" WC="0.96" CONTENT="som"/>
						</TextLine>
						<TextLine ID="line_14" HPOS="170" VPOS="754" WIDTH="825" HEIGHT="28">
							<String ID="string_108" HPOS="170" VPOS="754" WIDTH="99" HEIGHT="27" WC="0.92" CONTENT="tillägges"/><SP WIDTH="22" VPOS="754" HPOS="269"/>
							<String ID="string_109" HPOS="291" VPOS="754" WIDTH="150" HEIGHT="28" WC="0.92" CONTENT="föreständare,"/><SP WIDTH="23" VPOS="754" HPOS="441"/>
							<String ID="string_110" HPOS="464" VPOS="757" WIDTH="23" HEIGHT="19" WC="0.96" CONTENT="är"/><SP WIDTH="22" VPOS="757" HPOS="487"/>
							<String ID="string_111" HPOS="509" VPOS="755" WIDTH="32" HEIGHT="21" WC="0.96" CONTENT="för"/><SP WIDTH="22" VPOS="755" HPOS="541"/>
							<String ID="string_112" HPOS="563" VPOS="762" WIDTH="25" HEIGHT="14" WC="0.93" CONTENT="en"/><SP WIDTH="21" VPOS="762" HPOS="588"/>
							<String ID="string_113" HPOS="609" VPOS="755" WIDTH="113" HEIGHT="21" WC="0.92" CONTENT="dissenters"/><SP WIDTH="16" VPOS="755" HPOS="722"/>
							<String ID="string_114" HPOS="738" VPOS="754" WIDTH="159" HEIGHT="27" WC="0.92" CONTENT="motbjudande,"/><SP WIDTH="15" VPOS="754" HPOS="897"/>
							<String ID="string_115" HPOS="912" VPOS="754" WIDTH="28" HEIGHT="22" WC="0.96" CONTENT="dä"/><SP WIDTH="13" VPOS="754" HPOS="940"/>
							<String ID="string_116" HPOS="953" VPOS="754" WIDTH="42" HEIGHT="22" WC="0.96" CONTENT="han"/>
						</TextLine>
						<TextLine ID="line_15" HPOS="170" VPOS="782" WIDTH="826" HEIGHT="28">
							<String ID="string_117" HPOS="170" VPOS="782" WIDTH="48" HEIGHT="28" WC="0.90" CONTENT="sjelf"/><SP WIDTH="21" VPOS="782" HPOS="218"/>
							<String ID="string_118" HPOS="239" VPOS="785" WIDTH="24" HEIGHT="19" WC="0.96" CONTENT="är"/><SP WIDTH="22" VPOS="785" HPOS="263"/>
							<String ID="string_119" HPOS="285" VPOS="782" WIDTH="89" HEIGHT="22" WC="0.95" CONTENT="medlem"/><SP WIDTH="23" VPOS="782" HPOS="374"/>
							<String ID="string_120" HPOS="397" VPOS="783" WIDTH="22" HEIGHT="21" WC="0.96" CONTENT="af"/><SP WIDTH="20" VPOS="783" HPOS="419"/>
							<String ID="string_121" HPOS="439" VPOS="783" WIDTH="155" HEIGHT="27" WC="0.93" CONTENT="församlingen,"/><SP WIDTH="25" VPOS="783" HPOS="594"/>
							<String ID="string_122" HPOS="619" VPOS="783" WIDTH="84" HEIGHT="22" WC="0.93" CONTENT="hvarför"/><SP WIDTH="19" VPOS="783" HPOS="703"/>
							<String ID="string_123" HPOS="722" VPOS="783" WIDTH="38" HEIGHT="27" WC="0.96" CONTENT="jag"/><SP WIDTH="16" VPOS="783" HPOS="760"/>
							<String ID="string_124" HPOS="776" VPOS="782" WIDTH="39" HEIGHT="22" WC="0.93" CONTENT="ber"/><SP WIDTH="14" VPOS="782" HPOS="815"/>
							<String ID="string_125" HPOS="829" VPOS="782" WIDTH="21" HEIGHT="22" WC="0.90" CONTENT="fä"/><SP WIDTH="15" VPOS="782" HPOS="850"/>
							<String ID="string_126" HPOS="865" VPOS="782" WIDTH="83" HEIGHT="26" WC="0.92" CONTENT="föreslä,"/><SP WIDTH="16" VPOS="782" HPOS="948"/>
							<String ID="string_127" HPOS="964" VPOS="784" WIDTH="32" HEIGHT="20" WC="0.96" CONTENT="att"/>
						</TextLine>
						<TextLine ID="line_16" HPOS="168" VPOS="812" WIDTH="384" HEIGHT="26">
							<String ID="string_128" HPOS="168" VPOS="812" WIDTH="52" HEIGHT="21" WC="0.91" CONTENT="sista"/><SP WIDTH="15" VPOS="812" HPOS="220"/>
							<String ID="string_129" HPOS="235" VPOS="812" WIDTH="111" HEIGHT="26" WC="0.92" CONTENT="meningen"/><SP WIDTH="15" VPOS="812" HPOS="346"/>
							<String ID="string_130" HPOS="361" VPOS="812" WIDTH="68" HEIGHT="21" WC="0.93" CONTENT="skulle"/><SP WIDTH="14" VPOS="812" HPOS="429"/>
							<String ID="string_131" HPOS="443" VPOS="812" WIDTH="109" HEIGHT="22" WC="0.92" CONTENT="uteslutas."/>
						</TextLine>
					</TextBlock>
				</ComposedBlock>
				<ComposedBlock ID="cblock_8" HPOS="169" VPOS="873" WIDTH="825" HEIGHT="142">
					<TextBlock ID="block_7" HPOS="169" VPOS="873" WIDTH="825" HEIGHT="142">
						<TextLine ID="line_17" HPOS="238" VPOS="873" WIDTH="755" HEIGHT="29">
							<String ID="string_132" HPOS="238" VPOS="874" WIDTH="33" HEIGHT="21" WC="0.64" CONTENT="Hr"/><SP WIDTH="8" VPOS="874" HPOS="271"/>
							<String ID="string_133" HPOS="279" VPOS="874" WIDTH="56" HEIGHT="21" WC="0.64" CONTENT="C.A."/><SP WIDTH="12" VPOS="874" HPOS="335"/>
							<String ID="string_134" HPOS="347" VPOS="874" WIDTH="134" HEIGHT="28" WC="0.79" CONTENT="L.Boije:"/><SP WIDTH="15" VPOS="874" HPOS="481"/>
							<String ID="string_135" HPOS="496" VPOS="875" WIDTH="40" HEIGHT="26" WC="0.96" CONTENT="Jag"/><SP WIDTH="15" VPOS="875" HPOS="536"/>
							<String ID="string_136" HPOS="551" VPOS="875" WIDTH="38" HEIGHT="21" WC="0.96" CONTENT="ber"/><SP WIDTH="11" VPOS="875" HPOS="589"/>
							<String ID="string_137" HPOS="600" VPOS="875" WIDTH="26" HEIGHT="27" WC="0.96" CONTENT="pä"/><SP WIDTH="9" VPOS="875" HPOS="626"/>
							<String ID="string_138" HPOS="635" VPOS="875" WIDTH="26" HEIGHT="21" WC="0.96" CONTENT="de"/><SP WIDTH="10" VPOS="875" HPOS="661"/>
							<String ID="string_139" HPOS="671" VPOS="874" WIDTH="46" HEIGHT="22" WC="0.96" CONTENT="skäl"/><SP WIDTH="10" VPOS="874" HPOS="717"/>
							<String ID="string_140" HPOS="727" VPOS="875" WIDTH="33" HEIGHT="21" WC="0.96" CONTENT="Hr"/><SP WIDTH="10" VPOS="875" HPOS="760"/>
							<String ID="string_141" HPOS="770" VPOS="874" WIDTH="150" HEIGHT="27" WC="0.93" CONTENT="Björkenheim"/><SP WIDTH="10" VPOS="874" HPOS="920"/>
							<String ID="string_142" HPOS="930" VPOS="873" WIDTH="63" HEIGHT="22" WC="0.90" CONTENT="fram-"/>
						</TextLine>
						<TextLine ID="line_18" HPOS="170" VPOS="902" WIDTH="824" HEIGHT="29">
							<String ID="string_143" HPOS="170" VPOS="902" WIDTH="61" HEIGHT="22" WC="0.88" CONTENT="hällit"/><SP WIDTH="22" VPOS="902" HPOS="231"/>
							<String ID="string_144" HPOS="253" VPOS="903" WIDTH="20" HEIGHT="21" WC="0.92" CONTENT="fä"/><SP WIDTH="25" VPOS="903" HPOS="273"/>
							<String ID="string_145" HPOS="298" VPOS="903" WIDTH="127" HEIGHT="22" WC="0.92" CONTENT="understöda"/><SP WIDTH="15" VPOS="903" HPOS="425"/>
							<String ID="string_146" HPOS="440" VPOS="904" WIDTH="53" HEIGHT="21" WC="0.93" CONTENT="hans"/><SP WIDTH="14" VPOS="904" HPOS="493"/>
							<String ID="string_147" HPOS="507" VPOS="904" WIDTH="100" HEIGHT="27" WC="0.92" CONTENT="yrkande,"/><SP WIDTH="16" VPOS="904" HPOS="607"/>
							<String ID="string_148" HPOS="623" VPOS="903" WIDTH="7" HEIGHT="21" WC="0.96" CONTENT="i"/><SP WIDTH="15" VPOS="903" HPOS="630"/>
							<String ID="string_149" HPOS="645" VPOS="903" WIDTH="114" HEIGHT="28" WC="0.95" CONTENT="synnerhet"/><SP WIDTH="15" VPOS="903" HPOS="759"/>
							<String ID="string_150" HPOS="774" VPOS="909" WIDTH="47" HEIGHT="15" WC="0.96" CONTENT="som"/><SP WIDTH="16" VPOS="909" HPOS="821"/>
							<String ID="string_151" HPOS="837" VPOS="903" WIDTH="36" HEIGHT="21" WC="0.93" CONTENT="det"/><SP WIDTH="14" VPOS="903" HPOS="873"/>
							<String ID="string_152" HPOS="887" VPOS="902" WIDTH="67" HEIGHT="22" WC="0.93" CONTENT="finnes"/><SP WIDTH="15" VPOS="902" HPOS="954"/>
							<String ID="string_153" HPOS="969" VPOS="909" WIDTH="25" HEIGHT="15" WC="0.96" CONTENT="en"/>
						</TextLine>
						<TextLine ID="line_19" HPOS="169" VPOS="931" WIDTH="825" HEIGHT="28">
							<String ID="string_154" HPOS="169" VPOS="931" WIDTH="105" HEIGHT="27" WC="0.92" CONTENT="paragraf,"/><SP WIDTH="23" VPOS="931" HPOS="274"/>
							<String ID="string_155" HPOS="297" VPOS="937" WIDTH="45" HEIGHT="16" WC="0.96" CONTENT="som"/><SP WIDTH="22" VPOS="937" HPOS="342"/>
							<String ID="string_156" HPOS="364" VPOS="932" WIDTH="55" HEIGHT="21" WC="0.96" CONTENT="talar"/><SP WIDTH="16" VPOS="932" HPOS="419"/>
							<String ID="string_157" HPOS="435" VPOS="938" WIDTH="41" HEIGHT="20" WC="0.96" CONTENT="om,"/><SP WIDTH="19" VPOS="938" HPOS="476"/>
							<String ID="string_158" HPOS="495" VPOS="934" WIDTH="31" HEIGHT="19" WC="0.96" CONTENT="att"/><SP WIDTH="15" VPOS="934" HPOS="526"/>
							<String ID="string_159" HPOS="541" VPOS="931" WIDTH="95" HEIGHT="28" WC="0.93" CONTENT="offentlig"/><SP WIDTH="15" VPOS="931" HPOS="636"/>
							<String ID="string_160" HPOS="651" VPOS="931" WIDTH="123" HEIGHT="28" WC="0.91" CONTENT="myndighet"/><SP WIDTH="16" VPOS="931" HPOS="774"/>
							<String ID="string_161" HPOS="790" VPOS="937" WIDTH="50" HEIGHT="20" WC="0.93" CONTENT="eger"/><SP WIDTH="14" VPOS="937" HPOS="840"/>
							<String ID="string_162" HPOS="854" VPOS="931" WIDTH="93" HEIGHT="21" WC="0.92" CONTENT="tillträde"/><SP WIDTH="15" VPOS="931" HPOS="947"/>
							<String ID="string_163" HPOS="962" VPOS="931" WIDTH="32" HEIGHT="21" WC="0.96" CONTENT="till"/>
						</TextLine>
						<TextLine ID="line_20" HPOS="170" VPOS="959" WIDTH="824" HEIGHT="28">
							<String ID="string_164" HPOS="170" VPOS="959" WIDTH="237" HEIGHT="28" WC="0.92" CONTENT="dissenterförsamlings"/><SP WIDTH="15" VPOS="959" HPOS="407"/>
							<String ID="string_165" HPOS="422" VPOS="961" WIDTH="171" HEIGHT="26" WC="0.92" CONTENT="sammankomst,"/><SP WIDTH="16" VPOS="961" HPOS="593"/>
							<String ID="string_166" HPOS="609" VPOS="960" WIDTH="39" HEIGHT="22" WC="0.93" CONTENT="och"/><SP WIDTH="15" VPOS="960" HPOS="648"/>
							<String ID="string_167" HPOS="663" VPOS="960" WIDTH="129" HEIGHT="27" WC="0.92" CONTENT="inspektion,"/><SP WIDTH="16" VPOS="960" HPOS="792"/>
							<String ID="string_168" HPOS="808" VPOS="959" WIDTH="44" HEIGHT="22" WC="0.93" CONTENT="ifall"/><SP WIDTH="15" VPOS="959" HPOS="852"/>
							<String ID="string_169" HPOS="867" VPOS="959" WIDTH="127" HEIGHT="28" WC="0.92" CONTENT="oordningar"/>
						</TextLine>
						<TextLine ID="line_21" HPOS="169" VPOS="988" WIDTH="410" HEIGHT="27">
							<String ID="string_170" HPOS="169" VPOS="988" WIDTH="68" HEIGHT="21" WC="0.93" CONTENT="skulle"/><SP WIDTH="15" VPOS="988" HPOS="237"/>
							<String ID="string_171" HPOS="252" VPOS="988" WIDTH="135" HEIGHT="27" WC="0.92" CONTENT="förekomma,"/><SP WIDTH="17" VPOS="988" HPOS="387"/>
							<String ID="string_172" HPOS="404" VPOS="989" WIDTH="60" HEIGHT="22" WC="0.92" CONTENT="äfven"/><SP WIDTH="15" VPOS="989" HPOS="464"/>
							<String ID="string_173" HPOS="479" VPOS="989" WIDTH="41" HEIGHT="22" WC="0.92" CONTENT="kan"/><SP WIDTH="15" VPOS="989" HPOS="520"/>
							<String ID="string_174" HPOS="535" VPOS="989" WIDTH="44" HEIGHT="22" WC="0.92" CONTENT="ske."/>
						</TextLine>
					</TextBlock>
				</ComposedBlock>
				<ComposedBlock ID="cblock_9" HPOS="166" VPOS="1051" WIDTH="828" HEIGHT="397">
					<TextBlock ID="block_8" HPOS="166" VPOS="1051" WIDTH="828" HEIGHT="397">
						<TextLine ID="line_22" HPOS="236" VPOS="1051" WIDTH="757" HEIGHT="28">
							<String ID="string_175" HPOS="236" VPOS="1051" WIDTH="59" HEIGHT="21" WC="0.73" CONTENT="Frih."/><SP WIDTH="23" VPOS="1051" HPOS="295"/>
							<String ID="string_176" HPOS="318" VPOS="1051" WIDTH="24" HEIGHT="22" WC="0.95" CONTENT="R."/><SP WIDTH="25" VPOS="1051" HPOS="342"/>
							<String ID="string_177" HPOS="367" VPOS="1052" WIDTH="24" HEIGHT="21" WC="0.95" CONTENT="A."/><SP WIDTH="24" VPOS="1052" HPOS="391"/>
							<String ID="string_178" HPOS="415" VPOS="1051" WIDTH="117" HEIGHT="22" WC="0.96" CONTENT="Wrede:"/><SP WIDTH="31" VPOS="1051" HPOS="532"/>
							<String ID="string_179" HPOS="563" VPOS="1052" WIDTH="40" HEIGHT="27" WC="0.96" CONTENT="Jag"/><SP WIDTH="22" VPOS="1052" HPOS="603"/>
							<String ID="string_180" HPOS="625" VPOS="1052" WIDTH="38" HEIGHT="21" WC="0.96" CONTENT="ber"/><SP WIDTH="22" VPOS="1052" HPOS="663"/>
							<String ID="string_181" HPOS="685" VPOS="1053" WIDTH="32" HEIGHT="20" WC="0.93" CONTENT="att"/><SP WIDTH="22" VPOS="1053" HPOS="717"/>
							<String ID="string_182" HPOS="739" VPOS="1051" WIDTH="67" HEIGHT="22" WC="0.96" CONTENT="också"/><SP WIDTH="15" VPOS="1051" HPOS="806"/>
							<String ID="string_183" HPOS="821" VPOS="1051" WIDTH="39" HEIGHT="21" WC="0.72" CONTENT="här"/><SP WIDTH="13" VPOS="1051" HPOS="860"/>
							<String ID="string_184" HPOS="873" VPOS="1051" WIDTH="21" HEIGHT="22" WC="0.95" CONTENT="få"/><SP WIDTH="15" VPOS="1051" HPOS="894"/>
							<String ID="string_185" HPOS="909" VPOS="1051" WIDTH="84" HEIGHT="22" WC="0.96" CONTENT="förorda"/>
						</TextLine>
						<TextLine ID="line_23" HPOS="168" VPOS="1079" WIDTH="826" HEIGHT="28">
							<String ID="string_186" HPOS="168" VPOS="1079" WIDTH="116" HEIGHT="21" WC="0.95" CONTENT="utskottets"/><SP WIDTH="23" VPOS="1079" HPOS="284"/>
							<String ID="string_187" HPOS="307" VPOS="1079" WIDTH="140" HEIGHT="22" WC="0.95" CONTENT="betänkande."/><SP WIDTH="29" VPOS="1079" HPOS="447"/>
							<String ID="string_188" HPOS="476" VPOS="1081" WIDTH="40" HEIGHT="26" WC="0.96" CONTENT="Jag"/><SP WIDTH="23" VPOS="1081" HPOS="516"/>
							<String ID="string_189" HPOS="539" VPOS="1080" WIDTH="41" HEIGHT="22" WC="0.93" CONTENT="kan"/><SP WIDTH="22" VPOS="1080" HPOS="580"/>
							<String ID="string_190" HPOS="602" VPOS="1081" WIDTH="47" HEIGHT="21" WC="0.93" CONTENT="icke"/><SP WIDTH="14" VPOS="1081" HPOS="649"/>
							<String ID="string_191" HPOS="663" VPOS="1079" WIDTH="149" HEIGHT="22" WC="0.92" CONTENT="tillbakahälla"/><SP WIDTH="16" VPOS="1079" HPOS="812"/>
							<String ID="string_192" HPOS="828" VPOS="1085" WIDTH="25" HEIGHT="15" WC="0.97" CONTENT="en"/><SP WIDTH="15" VPOS="1085" HPOS="853"/>
							<String ID="string_193" HPOS="868" VPOS="1079" WIDTH="42" HEIGHT="21" WC="0.93" CONTENT="viss"/><SP WIDTH="16" VPOS="1079" HPOS="910"/>
							<String ID="string_194" HPOS="926" VPOS="1080" WIDTH="68" HEIGHT="20" WC="0.93" CONTENT="förvä-"/>
						</TextLine>
						<TextLine ID="line_24" HPOS="168" VPOS="1106" WIDTH="824" HEIGHT="29">
							<String ID="string_195" HPOS="168" VPOS="1106" WIDTH="51" HEIGHT="28" WC="0.96" CONTENT="ning"/><SP WIDTH="23" VPOS="1106" HPOS="219"/>
							<String ID="string_196" HPOS="242" VPOS="1107" WIDTH="59" HEIGHT="22" WC="0.96" CONTENT="öfver"/><SP WIDTH="21" VPOS="1107" HPOS="301"/>
							<String ID="string_197" HPOS="322" VPOS="1110" WIDTH="32" HEIGHT="19" WC="0.96" CONTENT="att"/><SP WIDTH="16" VPOS="1110" HPOS="354"/>
							<String ID="string_198" HPOS="370" VPOS="1108" WIDTH="61" HEIGHT="22" WC="0.93" CONTENT="dessa"/><SP WIDTH="15" VPOS="1108" HPOS="431"/>
							<String ID="string_199" HPOS="446" VPOS="1108" WIDTH="137" HEIGHT="27" WC="0.92" CONTENT="stadganden,"/><SP WIDTH="15" VPOS="1108" HPOS="583"/>
							<String ID="string_200" HPOS="598" VPOS="1115" WIDTH="45" HEIGHT="15" WC="0.93" CONTENT="som"/><SP WIDTH="16" VPOS="1115" HPOS="643"/>
							<String ID="string_201" HPOS="659" VPOS="1110" WIDTH="36" HEIGHT="20" WC="0.92" CONTENT="äro"/><SP WIDTH="16" VPOS="1110" HPOS="695"/>
							<String ID="string_202" HPOS="711" VPOS="1108" WIDTH="23" HEIGHT="21" WC="0.93" CONTENT="af"/><SP WIDTH="12" VPOS="1108" HPOS="734"/>
							<String ID="string_203" HPOS="746" VPOS="1108" WIDTH="108" HEIGHT="21" WC="0.92" CONTENT="utskottet"/><SP WIDTH="14" VPOS="1108" HPOS="854"/>
							<String ID="string_204" HPOS="868" VPOS="1107" WIDTH="124" HEIGHT="27" WC="0.96" CONTENT="föreslagna,"/>
						</TextLine>
						<TextLine ID="line_25" HPOS="168" VPOS="1134" WIDTH="826" HEIGHT="30">
							<String ID="string_205" HPOS="168" VPOS="1134" WIDTH="96" HEIGHT="23" WC="0.93" CONTENT="förefalla"/><SP WIDTH="22" VPOS="1134" HPOS="264"/>
							<String ID="string_206" HPOS="286" VPOS="1136" WIDTH="33" HEIGHT="21" WC="0.95" CONTENT="till"/><SP WIDTH="22" VPOS="1136" HPOS="319"/>
							<String ID="string_207" HPOS="341" VPOS="1137" WIDTH="40" HEIGHT="21" WC="0.96" CONTENT="den"/><SP WIDTH="23" VPOS="1137" HPOS="381"/>
							<String ID="string_208" HPOS="404" VPOS="1137" WIDTH="52" HEIGHT="27" WC="0.93" CONTENT="grad"/><SP WIDTH="22" VPOS="1137" HPOS="456"/>
							<String ID="string_209" HPOS="478" VPOS="1137" WIDTH="104" HEIGHT="21" WC="0.92" CONTENT="stötande."/><SP WIDTH="31" VPOS="1137" HPOS="582"/>
							<String ID="string_210" HPOS="613" VPOS="1137" WIDTH="32" HEIGHT="21" WC="0.93" CONTENT="De"/><SP WIDTH="22" VPOS="1137" HPOS="645"/>
							<String ID="string_211" HPOS="667" VPOS="1136" WIDTH="130" HEIGHT="26" WC="0.92" CONTENT="funktioner,"/><SP WIDTH="23" VPOS="1136" HPOS="797"/>
							<String ID="string_212" HPOS="820" VPOS="1142" WIDTH="34" HEIGHT="15" WC="0.93" CONTENT="om"/><SP WIDTH="16" VPOS="1142" HPOS="854"/>
							<String ID="string_213" HPOS="870" VPOS="1136" WIDTH="70" HEIGHT="22" WC="0.92" CONTENT="hvilka"/><SP WIDTH="15" VPOS="1136" HPOS="940"/>
							<String ID="string_214" HPOS="955" VPOS="1136" WIDTH="39" HEIGHT="21" WC="0.96" CONTENT="här"/>
						</TextLine>
						<TextLine ID="line_26" HPOS="168" VPOS="1164" WIDTH="826" HEIGHT="28">
							<String ID="string_215" HPOS="168" VPOS="1166" WIDTH="25" HEIGHT="19" WC="0.92" CONTENT="är"/><SP WIDTH="14" VPOS="1166" HPOS="193"/>
							<String ID="string_216" HPOS="207" VPOS="1164" WIDTH="65" HEIGHT="27" WC="0.92" CONTENT="fräga,"/><SP WIDTH="17" VPOS="1164" HPOS="272"/>
							<String ID="string_217" HPOS="289" VPOS="1166" WIDTH="36" HEIGHT="20" WC="0.93" CONTENT="äro"/><SP WIDTH="14" VPOS="1166" HPOS="325"/>
							<String ID="string_218" HPOS="339" VPOS="1165" WIDTH="24" HEIGHT="27" WC="0.93" CONTENT="ju"/><SP WIDTH="15" VPOS="1165" HPOS="363"/>
							<String ID="string_219" HPOS="378" VPOS="1165" WIDTH="46" HEIGHT="21" WC="0.92" CONTENT="icke"/><SP WIDTH="15" VPOS="1165" HPOS="424"/>
							<String ID="string_220" HPOS="439" VPOS="1166" WIDTH="72" HEIGHT="24" WC="0.96" CONTENT="andra,"/><SP WIDTH="11" VPOS="1166" HPOS="511"/>
							<String ID="string_221" HPOS="522" VPOS="1168" WIDTH="26" HEIGHT="19" WC="0.96" CONTENT="än"/><SP WIDTH="11" VPOS="1168" HPOS="548"/>
							<String ID="string_222" HPOS="559" VPOS="1168" WIDTH="32" HEIGHT="19" WC="0.93" CONTENT="att"/><SP WIDTH="8" VPOS="1168" HPOS="591"/>
							<String ID="string_223" HPOS="599" VPOS="1165" WIDTH="85" HEIGHT="21" WC="0.93" CONTENT="hvilken"/><SP WIDTH="7" VPOS="1165" HPOS="684"/>
							<String ID="string_224" HPOS="691" VPOS="1164" WIDTH="97" HEIGHT="28" WC="0.93" CONTENT="hederlig"/><SP WIDTH="11" VPOS="1164" HPOS="788"/>
							<String ID="string_225" HPOS="799" VPOS="1170" WIDTH="77" HEIGHT="22" WC="0.96" CONTENT="person"/><SP WIDTH="7" VPOS="1170" HPOS="876"/>
							<String ID="string_226" HPOS="883" VPOS="1170" WIDTH="46" HEIGHT="16" WC="0.96" CONTENT="som"/><SP WIDTH="11" VPOS="1170" HPOS="929"/>
							<String ID="string_227" HPOS="940" VPOS="1164" WIDTH="54" HEIGHT="22" WC="0.96" CONTENT="helst"/>
						</TextLine>
						<TextLine ID="line_27" HPOS="168" VPOS="1192" WIDTH="825" HEIGHT="28">
							<String ID="string_228" HPOS="168" VPOS="1192" WIDTH="42" HEIGHT="22" WC="0.93" CONTENT="kan"/><SP WIDTH="8" VPOS="1192" HPOS="210"/>
							<String ID="string_229" HPOS="218" VPOS="1194" WIDTH="63" HEIGHT="26" WC="0.91" CONTENT="ätaga"/><SP WIDTH="16" VPOS="1194" HPOS="281"/>
							<String ID="string_230" HPOS="297" VPOS="1193" WIDTH="30" HEIGHT="27" WC="0.93" CONTENT="sig"/><SP WIDTH="16" VPOS="1193" HPOS="327"/>
							<String ID="string_231" HPOS="343" VPOS="1194" WIDTH="114" HEIGHT="24" WC="0.92" CONTENT="desamma,"/><SP WIDTH="11" VPOS="1194" HPOS="457"/>
							<String ID="string_232" HPOS="468" VPOS="1196" WIDTH="50" HEIGHT="19" WC="0.96" CONTENT="utan"/><SP WIDTH="11" VPOS="1196" HPOS="518"/>
							<String ID="string_233" HPOS="529" VPOS="1196" WIDTH="32" HEIGHT="19" WC="0.93" CONTENT="att"/><SP WIDTH="10" VPOS="1196" HPOS="561"/>
							<String ID="string_234" HPOS="571" VPOS="1195" WIDTH="70" HEIGHT="25" WC="0.92" CONTENT="nägon"/><SP WIDTH="12" VPOS="1195" HPOS="641"/>
							<String ID="string_235" HPOS="653" VPOS="1193" WIDTH="39" HEIGHT="23" WC="0.93" CONTENT="den"/><SP WIDTH="10" VPOS="1193" HPOS="692"/>
							<String ID="string_236" HPOS="702" VPOS="1194" WIDTH="95" HEIGHT="26" WC="0.93" CONTENT="ringaste"/><SP WIDTH="10" VPOS="1194" HPOS="797"/>
							<String ID="string_237" HPOS="807" VPOS="1192" WIDTH="55" HEIGHT="22" WC="0.93" CONTENT="fläck"/><SP WIDTH="10" VPOS="1192" HPOS="862"/>
							<String ID="string_238" HPOS="872" VPOS="1192" WIDTH="121" HEIGHT="28" WC="0.92" CONTENT="derigenom"/>
						</TextLine>
						<TextLine ID="line_28" HPOS="167" VPOS="1221" WIDTH="827" HEIGHT="28">
							<String ID="string_239" HPOS="167" VPOS="1221" WIDTH="67" HEIGHT="21" WC="0.93" CONTENT="skulle"/><SP WIDTH="23" VPOS="1221" HPOS="234"/>
							<String ID="string_240" HPOS="257" VPOS="1221" WIDTH="64" HEIGHT="22" WC="0.92" CONTENT="fästas"/><SP WIDTH="22" VPOS="1221" HPOS="321"/>
							<String ID="string_241" HPOS="343" VPOS="1222" WIDTH="32" HEIGHT="26" WC="0.96" CONTENT="sig"/><SP WIDTH="19" VPOS="1222" HPOS="375"/>
							<String ID="string_242" HPOS="394" VPOS="1222" WIDTH="34" HEIGHT="22" WC="0.96" CONTENT="vid"/><SP WIDTH="14" VPOS="1222" HPOS="428"/>
							<String ID="string_243" HPOS="442" VPOS="1222" WIDTH="53" HEIGHT="22" WC="0.96" CONTENT="hans"/><SP WIDTH="16" VPOS="1222" HPOS="495"/>
							<String ID="string_244" HPOS="511" VPOS="1229" WIDTH="82" HEIGHT="20" WC="0.96" CONTENT="person."/><SP WIDTH="30" VPOS="1229" HPOS="593"/>
							<String ID="string_245" HPOS="623" VPOS="1222" WIDTH="26" HEIGHT="22" WC="0.96" CONTENT="Vi"/><SP WIDTH="16" VPOS="1222" HPOS="649"/>
							<String ID="string_246" HPOS="665" VPOS="1222" WIDTH="59" HEIGHT="22" WC="0.96" CONTENT="skola"/><SP WIDTH="16" VPOS="1222" HPOS="724"/>
							<String ID="string_247" HPOS="740" VPOS="1222" WIDTH="68" HEIGHT="21" WC="0.96" CONTENT="tänka"/><SP WIDTH="16" VPOS="1222" HPOS="808"/>
							<String ID="string_248" HPOS="824" VPOS="1228" WIDTH="33" HEIGHT="15" WC="0.96" CONTENT="oss"/><SP WIDTH="15" VPOS="1228" HPOS="857"/>
							<String ID="string_249" HPOS="872" VPOS="1223" WIDTH="32" HEIGHT="19" WC="0.93" CONTENT="ett"/><SP WIDTH="14" VPOS="1223" HPOS="904"/>
							<String ID="string_250" HPOS="918" VPOS="1222" WIDTH="76" HEIGHT="21" WC="0.92" CONTENT="sädant"/>
						</TextLine>
						<TextLine ID="line_29" HPOS="167" VPOS="1249" WIDTH="827" HEIGHT="27">
							<String ID="string_251" HPOS="167" VPOS="1249" WIDTH="138" HEIGHT="27" WC="0.93" CONTENT="förhällande,"/><SP WIDTH="24" VPOS="1249" HPOS="305"/>
							<String ID="string_252" HPOS="329" VPOS="1252" WIDTH="31" HEIGHT="20" WC="0.96" CONTENT="att"/><SP WIDTH="22" VPOS="1252" HPOS="360"/>
							<String ID="string_253" HPOS="382" VPOS="1250" WIDTH="7" HEIGHT="21" WC="0.94" CONTENT="i"/><SP WIDTH="16" VPOS="1250" HPOS="389"/>
							<String ID="string_254" HPOS="405" VPOS="1252" WIDTH="30" HEIGHT="20" WC="0.94" CONTENT="ett"/><SP WIDTH="15" VPOS="1252" HPOS="435"/>
							<String ID="string_255" HPOS="450" VPOS="1250" WIDTH="44" HEIGHT="22" WC="0.93" CONTENT="helt"/><SP WIDTH="15" VPOS="1250" HPOS="494"/>
							<String ID="string_256" HPOS="509" VPOS="1251" WIDTH="67" HEIGHT="21" WC="0.92" CONTENT="härad"/><SP WIDTH="15" VPOS="1251" HPOS="576"/>
							<String ID="string_257" HPOS="591" VPOS="1250" WIDTH="52" HEIGHT="22" WC="0.96" CONTENT="eller"/><SP WIDTH="14" VPOS="1250" HPOS="643"/>
							<String ID="string_258" HPOS="657" VPOS="1251" WIDTH="35" HEIGHT="21" WC="0.93" CONTENT="län"/><SP WIDTH="15" VPOS="1251" HPOS="692"/>
							<String ID="string_259" HPOS="707" VPOS="1251" WIDTH="47" HEIGHT="21" WC="0.92" CONTENT="icke"/><SP WIDTH="15" VPOS="1251" HPOS="754"/>
							<String ID="string_260" HPOS="769" VPOS="1250" WIDTH="76" HEIGHT="21" WC="0.92" CONTENT="funnes"/><SP WIDTH="15" VPOS="1250" HPOS="845"/>
							<String ID="string_261" HPOS="860" VPOS="1250" WIDTH="66" HEIGHT="21" WC="0.93" CONTENT="andra"/><SP WIDTH="15" VPOS="1250" HPOS="926"/>
							<String ID="string_262" HPOS="941" VPOS="1252" WIDTH="53" HEIGHT="20" WC="0.93" CONTENT="tros-"/>
						</TextLine>
						<TextLine ID="line_30" HPOS="167" VPOS="1278" WIDTH="827" HEIGHT="23">
							<String ID="string_263" HPOS="167" VPOS="1278" WIDTH="122" HEIGHT="22" WC="0.92" CONTENT="bekännare"/><SP WIDTH="23" VPOS="1278" HPOS="289"/>
							<String ID="string_264" HPOS="312" VPOS="1281" WIDTH="26" HEIGHT="19" WC="0.93" CONTENT="än"/><SP WIDTH="23" VPOS="1281" HPOS="338"/>
							<String ID="string_265" HPOS="361" VPOS="1279" WIDTH="120" HEIGHT="21" WC="0.92" CONTENT="dissenters."/><SP WIDTH="30" VPOS="1279" HPOS="481"/>
							<String ID="string_266" HPOS="511" VPOS="1279" WIDTH="61" HEIGHT="22" WC="0.96" CONTENT="Huru"/><SP WIDTH="22" VPOS="1279" HPOS="572"/>
							<String ID="string_267" HPOS="594" VPOS="1279" WIDTH="35" HEIGHT="21" WC="0.96" CONTENT="vill"/><SP WIDTH="23" VPOS="1279" HPOS="629"/>
							<String ID="string_268" HPOS="652" VPOS="1286" WIDTH="47" HEIGHT="14" WC="0.96" CONTENT="man"/><SP WIDTH="24" VPOS="1286" HPOS="699"/>
							<String ID="string_269" HPOS="723" VPOS="1279" WIDTH="26" HEIGHT="21" WC="0.93" CONTENT="dä"/><SP WIDTH="20" VPOS="1279" HPOS="749"/>
							<String ID="string_270" HPOS="769" VPOS="1279" WIDTH="69" HEIGHT="21" WC="0.93" CONTENT="ordna"/><SP WIDTH="20" VPOS="1279" HPOS="838"/>
							<String ID="string_271" HPOS="858" VPOS="1278" WIDTH="60" HEIGHT="22" WC="0.93" CONTENT="deras"/><SP WIDTH="16" VPOS="1278" HPOS="918"/>
							<String ID="string_272" HPOS="934" VPOS="1278" WIDTH="60" HEIGHT="22" WC="0.92" CONTENT="civila"/>
						</TextLine>
						<TextLine ID="line_31" HPOS="167" VPOS="1306" WIDTH="827" HEIGHT="29">
							<String ID="string_273" HPOS="167" VPOS="1306" WIDTH="152" HEIGHT="28" WC="0.80" CONTENT="förhällanden,"/><SP WIDTH="18" VPOS="1306" HPOS="319"/>
							<String ID="string_274" HPOS="337" VPOS="1314" WIDTH="33" HEIGHT="15" WC="0.97" CONTENT="om"/><SP WIDTH="15" VPOS="1314" HPOS="370"/>
							<String ID="string_275" HPOS="385" VPOS="1310" WIDTH="70" HEIGHT="19" WC="0.93" CONTENT="staten"/><SP WIDTH="16" VPOS="1310" HPOS="455"/>
							<String ID="string_276" HPOS="471" VPOS="1308" WIDTH="45" HEIGHT="21" WC="0.96" CONTENT="icke"/><SP WIDTH="15" VPOS="1308" HPOS="516"/>
							<String ID="string_277" HPOS="531" VPOS="1307" WIDTH="55" HEIGHT="28" WC="0.96" CONTENT="finge"/><SP WIDTH="15" VPOS="1307" HPOS="586"/>
							<String ID="string_278" HPOS="601" VPOS="1310" WIDTH="101" HEIGHT="19" WC="0.96" CONTENT="utnämna"/><SP WIDTH="15" VPOS="1310" HPOS="702"/>
							<String ID="string_279" HPOS="717" VPOS="1314" WIDTH="25" HEIGHT="14" WC="0.93" CONTENT="en"/><SP WIDTH="17" VPOS="1314" HPOS="742"/>
							<String ID="string_280" HPOS="759" VPOS="1307" WIDTH="115" HEIGHT="21" WC="0.92" CONTENT="dissenters"/><SP WIDTH="8" VPOS="1307" HPOS="874"/>
							<String ID="string_281" HPOS="882" VPOS="1306" WIDTH="32" HEIGHT="22" WC="0.86" CONTENT="till"/><SP WIDTH="11" VPOS="1306" HPOS="914"/>
							<String ID="string_282" HPOS="925" VPOS="1308" WIDTH="69" HEIGHT="26" WC="0.96" CONTENT="någon"/>
						</TextLine>
						<TextLine ID="line_32" HPOS="167" VPOS="1335" WIDTH="826" HEIGHT="27">
							<String ID="string_283" HPOS="167" VPOS="1335" WIDTH="66" HEIGHT="21" WC="0.91" CONTENT="sädan"/><SP WIDTH="23" VPOS="1335" HPOS="233"/>
							<String ID="string_284" HPOS="256" VPOS="1336" WIDTH="124" HEIGHT="26" WC="0.91" CONTENT="befattning,"/><SP WIDTH="23" VPOS="1336" HPOS="380"/>
							<String ID="string_285" HPOS="403" VPOS="1336" WIDTH="86" HEIGHT="21" WC="0.92" CONTENT="hvilken"/><SP WIDTH="22" VPOS="1336" HPOS="489"/>
							<String ID="string_286" HPOS="511" VPOS="1336" WIDTH="88" HEIGHT="22" WC="0.96" CONTENT="innebär"/><SP WIDTH="22" VPOS="1336" HPOS="599"/>
							<String ID="string_287" HPOS="621" VPOS="1342" WIDTH="26" HEIGHT="16" WC="0.92" CONTENT="en"/><SP WIDTH="22" VPOS="1342" HPOS="647"/>
							<String ID="string_288" HPOS="669" VPOS="1336" WIDTH="55" HEIGHT="26" WC="0.92" CONTENT="slags"/><SP WIDTH="18" VPOS="1336" HPOS="724"/>
							<String ID="string_289" HPOS="742" VPOS="1335" WIDTH="109" HEIGHT="27" WC="0.91" CONTENT="uppsigt"/><SP WIDTH="-7" VPOS="1335" HPOS="851"/>
							<String ID="string_290" HPOS="844" VPOS="1331" WIDTH="12" HEIGHT="36" WC="0.93" CONTENT="i"/><SP WIDTH="11" VPOS="1331" HPOS="856"/>
							<String ID="string_291" HPOS="867" VPOS="1335" WIDTH="126" HEIGHT="27" WC="0.92" CONTENT="ordningens"/>
						</TextLine>
						<TextLine ID="line_33" HPOS="167" VPOS="1362" WIDTH="826" HEIGHT="30">
							<String ID="string_292" HPOS="167" VPOS="1362" WIDTH="90" HEIGHT="23" WC="0.93" CONTENT="intresse"/><SP WIDTH="23" VPOS="1362" HPOS="257"/>
							<String ID="string_293" HPOS="280" VPOS="1364" WIDTH="51" HEIGHT="22" WC="0.93" CONTENT="eller"/><SP WIDTH="22" VPOS="1364" HPOS="331"/>
							<String ID="string_294" HPOS="353" VPOS="1364" WIDTH="98" HEIGHT="22" WC="0.93" CONTENT="förandet"/><SP WIDTH="21" VPOS="1364" HPOS="451"/>
							<String ID="string_295" HPOS="472" VPOS="1364" WIDTH="22" HEIGHT="22" WC="0.93" CONTENT="af"/><SP WIDTH="20" VPOS="1364" HPOS="494"/>
							<String ID="string_296" HPOS="514" VPOS="1364" WIDTH="141" HEIGHT="28" WC="0.91" CONTENT="civilregister."/><SP WIDTH="30" VPOS="1364" HPOS="655"/>
							<String ID="string_297" HPOS="685" VPOS="1364" WIDTH="33" HEIGHT="22" WC="0.91" CONTENT="Dä"/><SP WIDTH="22" VPOS="1364" HPOS="718"/>
							<String ID="string_298" HPOS="740" VPOS="1364" WIDTH="71" HEIGHT="22" WC="0.96" CONTENT="skulle"/><SP WIDTH="20" VPOS="1364" HPOS="811"/>
							<String ID="string_299" HPOS="831" VPOS="1363" WIDTH="33" HEIGHT="21" WC="0.92" CONTENT="väl"/><SP WIDTH="16" VPOS="1363" HPOS="864"/>
							<String ID="string_300" HPOS="880" VPOS="1363" WIDTH="113" HEIGHT="22" WC="0.92" CONTENT="dissenters"/>
						</TextLine>
						<TextLine ID="line_34" HPOS="166" VPOS="1390" WIDTH="827" HEIGHT="30">
							<String ID="string_301" HPOS="166" VPOS="1390" WIDTH="78" HEIGHT="28" WC="0.91" CONTENT="fordra,"/><SP WIDTH="24" VPOS="1390" HPOS="244"/>
							<String ID="string_302" HPOS="268" VPOS="1394" WIDTH="32" HEIGHT="20" WC="0.96" CONTENT="att"/><SP WIDTH="16" VPOS="1394" HPOS="300"/>
							<String ID="string_303" HPOS="316" VPOS="1392" WIDTH="41" HEIGHT="22" WC="0.93" CONTENT="alla"/><SP WIDTH="17" VPOS="1392" HPOS="357"/>
							<String ID="string_304" HPOS="374" VPOS="1393" WIDTH="81" HEIGHT="21" WC="0.92" CONTENT="sädana"/><SP WIDTH="14" VPOS="1393" HPOS="455"/>
							<String ID="string_305" HPOS="469" VPOS="1394" WIDTH="126" HEIGHT="26" WC="0.92" CONTENT="tjenstemän"/><SP WIDTH="15" VPOS="1394" HPOS="595"/>
							<String ID="string_306" HPOS="610" VPOS="1393" WIDTH="68" HEIGHT="21" WC="0.93" CONTENT="skulle"/><SP WIDTH="15" VPOS="1393" HPOS="678"/>
							<String ID="string_307" HPOS="693" VPOS="1393" WIDTH="81" HEIGHT="27" WC="0.92" CONTENT="nödgas"/><SP WIDTH="16" VPOS="1393" HPOS="774"/>
							<String ID="string_308" HPOS="790" VPOS="1392" WIDTH="86" HEIGHT="21" WC="0.91" CONTENT="tillhöra"/><SP WIDTH="15" VPOS="1392" HPOS="876"/>
							<String ID="string_309" HPOS="891" VPOS="1392" WIDTH="102" HEIGHT="27" WC="0.91" CONTENT="statskyr-"/>
						</TextLine>
						<TextLine ID="line_35" HPOS="168" VPOS="1420" WIDTH="696" HEIGHT="28">
							<String ID="string_310" HPOS="168" VPOS="1420" WIDTH="48" HEIGHT="21" WC="0.95" CONTENT="kan."/><SP WIDTH="30" VPOS="1420" HPOS="216"/>
							<String ID="string_311" HPOS="246" VPOS="1421" WIDTH="67" HEIGHT="21" WC="0.96" CONTENT="Detta"/><SP WIDTH="14" VPOS="1421" HPOS="313"/>
							<String ID="string_312" HPOS="327" VPOS="1423" WIDTH="24" HEIGHT="19" WC="0.93" CONTENT="är"/><SP WIDTH="15" VPOS="1423" HPOS="351"/>
							<String ID="string_313" HPOS="366" VPOS="1421" WIDTH="46" HEIGHT="21" WC="0.93" CONTENT="icke"/><SP WIDTH="16" VPOS="1421" HPOS="412"/>
							<String ID="string_314" HPOS="428" VPOS="1421" WIDTH="227" HEIGHT="22" WC="0.91" CONTENT="öfverensstämmande"/><SP WIDTH="16" VPOS="1421" HPOS="655"/>
							<String ID="string_315" HPOS="671" VPOS="1421" WIDTH="46" HEIGHT="21" WC="0.93" CONTENT="med"/><SP WIDTH="15" VPOS="1421" HPOS="717"/>
							<String ID="string_316" HPOS="732" VPOS="1421" WIDTH="132" HEIGHT="27" WC="0.81" CONTENT="billigheten."/>
						</TextLine>
					</TextBlock>
				</ComposedBlock>
				<ComposedBlock ID="cblock_10" HPOS="166" VPOS="1482" WIDTH="826" HEIGHT="57">
					<TextBlock ID="block_9" HPOS="166" VPOS="1482" WIDTH="826" HEIGHT="57">
						<TextLine ID="line_36" HPOS="204" VPOS="1482" WIDTH="788" HEIGHT="33">
							<String ID="string_317" HPOS="204" VPOS="1512" WIDTH="4" HEIGHT="3" WC="0.7" CONTENT="—"/><SP WIDTH="26" VPOS="1512" HPOS="208"/>
							<String ID="string_318" HPOS="234" VPOS="1483" WIDTH="139" HEIGHT="22" WC="0.87" CONTENT="HrC.A.L."/><SP WIDTH="14" VPOS="1483" HPOS="373"/>
							<String ID="string_319" HPOS="387" VPOS="1484" WIDTH="81" HEIGHT="27" WC="0.96" CONTENT="Boije:"/><SP WIDTH="24" VPOS="1484" HPOS="468"/>
							<String ID="string_320" HPOS="492" VPOS="1485" WIDTH="43" HEIGHT="21" WC="0.93" CONTENT="För"/><SP WIDTH="15" VPOS="1485" HPOS="535"/>
							<String ID="string_321" HPOS="550" VPOS="1485" WIDTH="45" HEIGHT="21" WC="0.96" CONTENT="icke"/><SP WIDTH="12" VPOS="1485" HPOS="595"/>
							<String ID="string_322" HPOS="607" VPOS="1484" WIDTH="61" HEIGHT="28" WC="0.96" CONTENT="länge"/><SP WIDTH="9" VPOS="1484" HPOS="668"/>
							<String ID="string_323" HPOS="677" VPOS="1484" WIDTH="64" HEIGHT="21" WC="0.96" CONTENT="sedan"/><SP WIDTH="8" VPOS="1484" HPOS="741"/>
							<String ID="string_324" HPOS="749" VPOS="1490" WIDTH="41" HEIGHT="15" WC="0.96" CONTENT="var"/><SP WIDTH="8" VPOS="1490" HPOS="790"/>
							<String ID="string_325" HPOS="798" VPOS="1484" WIDTH="37" HEIGHT="20" WC="0.96" CONTENT="det"/><SP WIDTH="7" VPOS="1484" HPOS="835"/>
							<String ID="string_326" HPOS="842" VPOS="1483" WIDTH="40" HEIGHT="21" WC="0.93" CONTENT="här"/><SP WIDTH="7" VPOS="1483" HPOS="882"/>
							<String ID="string_327" HPOS="889" VPOS="1482" WIDTH="61" HEIGHT="27" WC="0.96" CONTENT="fråga"/><SP WIDTH="8" VPOS="1482" HPOS="950"/>
							<String ID="string_328" HPOS="958" VPOS="1489" WIDTH="34" HEIGHT="15" WC="0.96" CONTENT="om"/>
						</TextLine>
						<TextLine ID="line_37" HPOS="166" VPOS="1511" WIDTH="826" HEIGHT="28">
							<String ID="string_329" HPOS="166" VPOS="1511" WIDTH="134" HEIGHT="26" WC="0.92" CONTENT="polisvärden"/><SP WIDTH="9" VPOS="1511" HPOS="300"/>
							<String ID="string_330" HPOS="309" VPOS="1512" WIDTH="57" HEIGHT="21" WC="0.96" CONTENT="inom"/><SP WIDTH="9" VPOS="1512" HPOS="366"/>
							<String ID="string_331" HPOS="375" VPOS="1512" WIDTH="153" HEIGHT="22" WC="0.96" CONTENT="kommunerna"/><SP WIDTH="9" VPOS="1512" HPOS="528"/>
							<String ID="string_332" HPOS="537" VPOS="1513" WIDTH="38" HEIGHT="21" WC="0.95" CONTENT="och"/><SP WIDTH="8" VPOS="1513" HPOS="575"/>
							<String ID="string_333" HPOS="583" VPOS="1514" WIDTH="32" HEIGHT="19" WC="0.96" CONTENT="att"/><SP WIDTH="9" VPOS="1514" HPOS="615"/>
							<String ID="string_334" HPOS="624" VPOS="1513" WIDTH="55" HEIGHT="21" WC="0.96" CONTENT="vissa"/><SP WIDTH="9" VPOS="1513" HPOS="679"/>
							<String ID="string_335" HPOS="688" VPOS="1518" WIDTH="102" HEIGHT="21" WC="0.96" CONTENT="personer"/><SP WIDTH="8" VPOS="1518" HPOS="790"/>
							<String ID="string_336" HPOS="798" VPOS="1512" WIDTH="57" HEIGHT="21" WC="0.93" CONTENT="inom"/><SP WIDTH="9" VPOS="1512" HPOS="855"/>
							<String ID="string_337" HPOS="864" VPOS="1512" WIDTH="128" HEIGHT="21" WC="0.92" CONTENT="kommunen"/>
						</TextLine>
					</TextBlock>
				</ComposedBlock>
			</PrintSpace>
		</Page>
	</Layout>
</alto>
