1081 1748
214 128 42 21 754
470 133 25 17 R.
508 138 17 12 o.
538 133 89 17 A.1888.
640 133 22 17 19
670 132 64 22 April.

474 286 244 30 Dissenterlagsförslaget.

255 320 119 28 Föredrogs

252 360 162 27 Lagutskottets
436 361 32 21 till
490 361 60 22 detta
564 362 86 26 plenum
665 361 125 27 ytterligare
806 360 118 27 bordlagda
938 360 72 21 betän-

184 389 70 22 kande
269 388 41 22 N:o
326 390 13 21 9
354 389 7 21 i
376 390 112 27 anledning
503 390 23 22 af
539 390 49 22 nåd.
603 396 60 22 prop.
679 390 40 21 N:o
731 390 28 20 10
769 388 147 22 innefattande
928 390 32 20 1:o
970 388 42 22 för-

185 418 47 27 slag
246 418 34 21 till
294 418 123 27 förordning
432 419 108 27 angäende
554 419 84 21 kristna
652 417 201 29 religionssamfund
868 418 8 20 i
890 417 91 21 Finland
990 416 26 22 af

185 453 70 15 annan
277 447 152 27 protestantisk
451 447 91 22 troslära
557 450 28 19 än
600 448 41 21 den
656 446 248 28 evangelisk-lutherska,
920 446 33 21 2:o
968 445 44 21 för-

185 476 46 26 slag
253 476 33 20 till
307 475 123 27 förordning
451 482 34 15 om
507 478 45 20 rätt
572 476 33 21 för
620 475 55 22 finsk
689 475 142 27 medborgare
846 474 23 22 af
881 474 131 22 främmande

184 504 82 22 kristen
281 504 92 21 troslära
387 506 32 20 att
433 504 91 22 bekläda
539 505 98 21 embeten
652 504 40 22 och
704 504 195 27 tjenster
799 499 10 37 i
818 504 81 27 landet;
912 504 55 21 samt
978 503 33 21 3:0

184 532 80 28 förslag
274 532 33 22 till
321 532 123 28 förordning
458 540 34 15 om
511 540 77 15 ansvar
603 533 33 21 för
651 534 47 24 den,
714 539 47 15 som
778 531 98 28 olofligen
887 532 79 21 förmär
975 531 37 21 nä-

185 568 42 21 gon
242 562 34 21 till
291 561 114 28 öfvergäng
419 562 47 21 frän
480 568 26 16 en
521 562 93 22 troslära
628 562 33 21 till
676 568 76 15 annan.

257 619 33 21 Hr
304 619 24 21 af
340 619 136 22 Forselles
494 620 69 21 utbad
577 620 33 27 sig
625 620 61 21 ordet
701 618 40 22 och
756 618 96 28 yttrade:
868 618 42 22 Det
924 618 66 27 gifves
1004 618 8 20 i

186 648 116 21 allmänhet
316 648 46 21 icke
378 648 23 21 sä
415 648 22 21 få
451 648 75 22 tecken
540 648 8 22 i
564 648 69 22 denna
647 648 37 26 tid,
701 647 74 22 hvilka
790 647 51 27 tyda
856 646 65 28 derpå
929 648 32 20 att
972 646 40 22 den

185 676 100 28 religiösa
303 676 73 27 frågan
391 677 38 21 allt
443 684 45 15 mer
506 678 108 26 begynner
628 677 63 21 träda
705 677 8 20 i
727 676 138 27 förgrunden.
895 675 41 21 Till
951 675 62 21 dessa

185 705 77 22 tecken
276 705 36 21 må
334 705 60 21 äfven
416 706 77 21 räknas
512 706 36 21 det
563 708 59 19 stora
637 706 39 21 och
692 704 133 22 omfattande
840 704 96 24 intresse,
951 704 61 21 hvar-

186 734 48 21 med
249 734 143 26 föreliggande
410 734 134 22 betänkande
559 736 117 20 emotsetts.
707 734 40 21 Om
764 733 66 21 också
844 732 105 22 måhända
963 732 49 21 med

186 762 65 28 något
273 762 57 22 olika
353 762 127 28 önskningar
499 763 39 21 och
553 763 166 27 förhoppningar
734 762 41 21 har
791 761 55 21 dock
861 763 31 20 ett
906 760 60 28 lifligt
980 761 31 21 in-

186 793 68 19 tresse
275 791 47 21 från
345 791 57 21 olika
423 792 43 20 håll
488 793 74 25 egnats
585 792 69 21 denna
676 793 58 19 stora
757 790 253 27 religionsfrihets-fråga,

186 820 86 21 hvilken
294 820 72 20 tillhör
389 820 81 21 antalet
486 820 22 22 af
522 821 62 21 dessa
599 820 79 27 vigtiga
693 818 221 28 samfundsspörsmål,
929 818 83 21 hvilkas

186 847 109 28 offentliga
316 848 127 28 behandling
458 850 23 20 är
496 849 68 28 egnad
584 850 32 20 att
636 848 100 27 tilldraga
751 848 33 27 sig
799 847 48 21 hela
862 847 82 21 landets
958 853 53 21 upp-

185 877 150 22 märksamhet.

256 906 43 21 Det
314 908 24 19 är
352 906 8 21 i
374 905 116 22 allmänhet
503 913 26 14 ur
543 908 79 19 tvänne
638 906 56 21 olika
709 905 134 27 synpunkter
858 911 48 14 man
921 904 33 21 för
964 905 47 20 när-

185 935 94 21 varande
300 934 64 27 yrkar
378 935 28 26 på
428 937 44 19 rätt
486 935 33 21 för
532 935 109 21 individen
656 936 38 20 att,
710 934 123 21 oberoende
848 933 23 21 af
883 935 56 24 yttre
953 931 59 28 infly-

185 963 79 21 tanden
280 963 40 21 och
335 963 77 26 påbud,
428 963 46 22 fritt
488 963 22 22 få
524 964 92 27 gestalta
630 963 38 22 sitt
682 963 135 21 förhållande
827 962 32 21 till
871 961 53 22 Gud.
943 955 19 27 Å
972 967 40 16 ena

185 992 61 21 sidan
268 991 128 22 framställes
422 992 58 21 detta
501 992 95 27 yrkande
618 992 22 21 af
661 992 54 26 dem,
731 991 79 26 hvilka,
827 991 87 21 stående
928 990 28 27 på
971 990 41 21 den

184 1020 93 21 bibliska
291 1020 167 22 kristendomens
474 1021 73 26 grund,
562 1021 48 21 icke
624 1021 8 20 i
647 1021 41 21 allo
703 1020 74 21 kunna
795 1019 90 22 omfatta
900 1019 39 21 den
950 1025 61 15 evan-

185 1049 188 26 gelisk-lutherska
387 1049 93 27 kyrkans
494 1049 189 27 lärouppfattning,
698 1051 53 19 utan
767 1048 8 21 i
790 1049 32 20 ett
836 1047 52 22 eller
903 1049 65 19 annat
982 1047 30 21 af-

186 1077 77 22 seende
286 1077 52 27 hysa
358 1077 55 21 ifrån
436 1078 121 21 densamma
574 1084 46 15 mer
635 1077 51 22 eller
700 1077 85 22 mindre
800 1076 112 21 afvikande
926 1075 84 28 åsigter.

185 1106 69 21 Dessa
276 1106 81 21 kristne
378 1106 54 27 yrka
453 1106 33 21 för
508 1107 32 26 sig
558 1108 44 19 rätt
617 1108 37 25 att,
670 1106 7 21 i
693 1105 95 28 enlighet
803 1105 49 21 med
866 1105 38 20 sitt
919 1106 93 19 samvete

185 1134 40 22 och
240 1135 8 20 i
263 1134 216 22 öfverensstämmelse
502 1135 48 21 med
572 1135 33 21 sin
620 1134 137 27 uppfattning
772 1133 24 22 af
810 1133 40 21 den
865 1133 70 26 heliga
950 1132 62 22 skrift

185 1163 70 21 såsom
276 1163 124 26 underlaget
422 1163 40 22 och
480 1164 95 27 grunden
590 1163 32 22 för
638 1163 61 22 deras
714 1162 101 27 religiösa
830 1161 145 28 öfvertygelse,
991 1161 22 21 få

185 1191 74 22 utöfva
282 1192 32 21 sin
337 1192 134 26 gudsdyrkan
494 1192 38 21 och
554 1192 92 27 gestalta
660 1192 38 21 sitt
712 1190 168 27 församlingslif.
946 1190 66 21 andra

186 1220 61 21 sidan
263 1220 127 21 framställes
406 1221 59 20 detta
479 1221 94 26 yrkande
589 1220 154 27 eftertryckligt
760 1219 24 22 af
798 1219 54 26 dem,
867 1219 72 22 hvilka
954 1220 59 25 gent-

186 1251 56 19 emot
258 1249 41 21 den
314 1249 91 20 bibliska
420 1249 157 21 kristendomen
592 1249 91 21 förhålla
698 1249 31 26 sig
739 1248 103 26 antingen
851 1247 101 28 likgiltigt
962 1247 51 22 eller

184 1277 93 28 fientligt
299 1277 39 22 och
361 1277 72 21 hvilka
452 1278 70 21 derför
544 1277 68 22 önska
634 1279 31 19 att
680 1277 9 22 i
701 1279 58 25 yttre
775 1276 99 21 afseende
888 1277 65 21 varda
968 1275 45 22 helt

184 1306 40 21 och
247 1306 66 21 hållet
335 1305 107 28 lösgjorda
464 1306 61 21 äfven
547 1306 47 21 från
618 1306 25 21 de
666 1306 62 25 band,
745 1305 75 21 hvilka
834 1307 62 23 ännu,
913 1311 34 15 om
962 1304 50 21 än
996 1300 19 37 i

184 1334 74 27 sjelfva
281 1335 73 21 verket
376 1334 56 21 blott
453 1335 107 26 skenbart,
580 1335 55 20 fästa
650 1335 47 20 dem
713 1334 35 21 vid
765 1333 137 27 statskyrkan
938 1333 74 21 Ehuru

184 1363 82 21 således
282 1363 56 21 båda
353 1363 61 21 dessa
428 1363 108 26 yrkanden
552 1369 29 15 nu
596 1363 151 25 sammanfalla,
765 1364 39 19 äro
816 1362 26 21 de
853 1362 53 21 dock
917 1362 32 21 till
959 1367 53 20 upp-

183 1391 43 26 hof,
250 1391 54 27 syfte
328 1391 38 21 och
389 1392 90 21 motiver
502 1392 23 21 så
540 1392 45 21 vidt
600 1392 97 25 åtskilda,
714 1393 32 19 att
765 1391 48 21 dem
830 1391 89 21 emellan
934 1390 79 27 någon-

184 1419 46 27 ting
245 1422 65 19 annat
325 1422 136 24 gemensamt,
478 1423 26 18 än
520 1421 60 20 detta
594 1420 110 27 tillfälliga,
720 1419 84 27 knappt
814 1419 72 26 gifves.
903 1419 31 21 De
944 1419 68 20 förras

183 1448 96 27 yrkande
301 1450 35 19 rör
359 1448 31 27 sig
408 1449 28 26 på
451 1449 40 21 den
506 1449 91 26 positiva
611 1449 171 20 kristendomens
798 1447 86 22 område
900 1447 38 22 och
957 1447 55 21 afser

183 1477 56 21 hvad
262 1483 45 14 som
323 1477 7 20 i
346 1477 91 27 egentlig
459 1478 85 26 mening
565 1477 78 21 förstås
665 1477 48 21 med
728 1476 174 27 religionsfrihet.
932 1476 33 21 De
980 1481 31 15 se-

182 1511 63 16 nares
262 1506 94 21 deremot
372 1505 100 22 omfattar
487 1506 137 27 negationens
637 1507 45 20 mot
698 1505 172 21 kristendomens
889 1505 53 20 ande
952 1503 60 22 fient-

182 1534 43 27 liga
240 1534 82 27 princip
338 1533 39 22 och
392 1535 38 26 går
445 1535 7 20 i
467 1535 94 26 grunden
577 1536 24 19 ut
616 1534 28 27 på
658 1533 178 28 religionslöshet.
