1073 1736
355 134 26 17 R.
394 138 17 13 o.
423 134 24 17 A.
455 135 61 17 1888.
529 135 24 16 14
560 134 64 21 April.
831 128 41 21 663

74 221 124 27 visserligen
220 221 40 21 har
278 221 38 27 jag
338 221 120 27 tillbringat
480 221 51 22 hela
552 221 44 21 min
621 220 65 27 länga
710 220 135 27 tjenstebana
866 219 35 20 vid

74 249 131 26 kavalleriet,
230 249 39 22 och
291 249 72 22 kunde
387 249 90 22 sälunda
500 256 56 15 vana
578 249 40 22 och
641 249 137 21 förkärleken
794 248 34 22 för
842 247 60 22 detta

74 284 68 20 vapen
156 284 62 15 anses
240 284 46 15 som
300 278 56 20 enda
378 279 89 20 motivet
482 278 33 21 tili
531 278 70 21 denna
615 277 209 27 välkomsthelsning.
854 275 47 27 Nej,

74 306 36 27 jag
124 312 62 15 anser
201 306 199 26 upprätthällandet
415 306 24 22 af
451 306 104 22 kavalleri
570 306 7 21 i
592 306 127 27 proportion
729 306 32 20 till
769 305 51 21 vära
828 305 74 26 skarp-

75 334 191 28 skyttebataljoner
280 335 8 21 i
302 334 92 22 taktiskt
415 335 123 21 hänseende
560 341 46 15 som
630 340 27 15 en
679 334 96 26 lifsfräga
791 333 34 21 för
840 333 63 21 dessa

76 369 81 15 senare.
186 363 44 21 För
245 364 33 20 att
292 363 45 21 inse
352 363 67 27 detta,
435 364 62 21 torde
512 363 90 27 djupare
617 362 129 22 militäriska
761 362 80 21 studier
851 361 52 22 eller

74 392 98 26 praktisk
194 391 120 22 erfarenhet
336 392 67 26 knapt
425 398 42 20 nog
490 398 52 15 vara
564 392 23 21 af
607 391 77 21 nöden.
714 390 58 22 Utan
793 390 109 26 kavalleri,

76 420 60 22 detta
151 420 24 22 sä
190 420 156 27 oundgängliga
360 426 69 20 vapen
443 420 34 22 för
493 422 126 25 terrängens
630 420 117 26 belysning,
762 418 142 27 rekognosce-

75 449 47 27 ring
138 449 39 21 och
200 448 214 28 avantposttjensten,
438 449 69 21 skulle
527 448 53 22 vära
602 448 222 26 infanteribataljoner
846 447 58 21 emot

76 484 26 15 en
116 477 76 27 fiende,
207 477 87 21 försedd
309 477 49 21 med
373 478 61 20 detta
449 484 75 21 vapen,
548 479 60 19 snart
630 477 87 21 komma
731 477 7 21 i
754 477 80 21 största
854 475 50 26 bry-

76 506 52 26 deri,
145 506 123 26 omringade
284 506 39 21 och
339 506 79 21 oroade
433 508 48 19 natt
497 506 40 22 och
553 506 41 26 dag
609 506 24 21 af
646 505 95 21 fiendens
751 504 102 22 kavalleri
864 503 39 21 och

76 534 74 28 sjelfva
166 534 106 27 okunniga
288 540 33 16 om
338 534 79 22 dennes
432 535 103 27 ställning
550 534 40 22 och
606 534 95 26 afsigter.
725 534 41 26 Jag
780 533 40 21 har
829 534 74 25 yttrat,

76 565 33 19 att
130 562 53 21 vära
205 562 260 27 skarpskyttebataljoner
485 565 38 19 äro
539 562 129 27 förträffliga
682 562 7 21 i
705 562 42 21 alla
762 560 142 24 hänseenden,

77 591 39 21 och
132 591 60 21 detta
206 592 25 20 är
246 591 18 26 ej
280 591 66 27 nägra
361 593 60 19 toma
436 592 46 26 ord,
497 593 54 20 utan
566 593 31 20 ett
608 591 136 26 obestridligt
755 590 88 25 faktum,
859 594 46 16 som

76 619 145 22 konstaterats
236 619 23 22 af
272 619 43 22 alla
330 620 137 27 specialister,
489 626 46 15 som
550 619 82 28 årligen
655 619 127 21 hitskickats
797 618 48 21 från
860 617 44 26 kej-

77 648 114 27 sardömet,
215 649 55 20 samt
292 648 113 21 hvaröfver
427 649 61 21 Hans
511 648 102 27 Majestät
635 647 105 27 Kejsaren
759 648 7 21 i
788 653 52 21 egen
862 646 44 26 hög

76 682 78 21 person
176 676 59 21 såväl
250 677 7 21 i
272 677 177 21 Willmanstrand
472 683 46 16 som
541 677 28 27 pä
589 676 147 27 öfningsfältet
751 676 35 21 vid
801 674 105 27 Krasnoje

77 705 55 25 Selo,
148 705 80 21 uttalat
243 705 37 22 sitt
295 705 56 27 höga
366 705 111 27 välbehag.
508 705 34 22 Då
557 705 21 22 vi
593 705 84 22 således
692 705 8 21 i
715 705 61 21 detta
785 703 121 22 hänseende

77 733 72 22 kunna
172 740 52 15 vara
245 733 51 22 fullt
318 733 169 27 tillfredsstälda,
509 734 23 27 ja
555 735 15 20 t.
594 740 18 15 o.
636 740 28 15 m.
686 733 65 22 stolta
774 733 58 21 öfver
854 731 52 21 vära

77 762 35 21 nio
128 762 126 27 bataljoner,
271 764 24 19 är
310 763 36 20 det
362 769 26 14 en
403 763 58 26 helig
475 763 55 26 pligt
545 764 33 20 att
597 762 58 27 gifva
678 762 48 21 dem
749 761 109 27 möjlighet
872 761 34 20 att

77 792 117 25 yttermera
208 791 84 21 utbilda
306 791 32 26 sig
352 791 7 21 i
375 791 92 21 taktiskt
481 791 123 22 hänseende
619 797 77 20 genom
717 789 125 23 samverkan
856 788 50 21 med

78 819 102 21 kavalleri
195 821 55 19 samt
265 819 57 26 gifva
338 819 47 22 dem
403 819 71 27 nägon
497 819 171 28 sjelfständighet
683 819 7 21 i
705 818 200 27 krigsoperationer.

78 847 129 26 Visserligen
222 847 68 22 skulle
305 854 50 15 man
370 848 48 21 från
433 848 107 26 Ryssland
555 849 73 20 kunna
650 849 65 20 vänta
730 847 28 27 pä
780 847 75 25 nödigt
869 845 38 21 ka-

77 876 74 20 valleri
166 875 34 21 för
216 876 60 21 detta
290 876 106 26 ändamål,
415 882 49 16 men
480 876 28 22 dä
523 876 27 22 de
565 878 37 20 äro
625 876 130 26 fullkomligt
778 874 107 26 okunniga
899 873 8 21 i

78 903 100 22 afseende
194 904 12 21 ä
220 904 49 22 värt
291 904 51 22 land
365 905 40 21 och
427 905 49 21 dess
499 905 73 27 spräk,
594 904 82 22 hvilket
692 904 54 22 dock
761 906 24 19 är
800 909 26 15 en
841 902 67 27 vigtig

78 932 38 21 sak
131 932 35 21 vid
181 933 179 27 avantposttjenst
383 933 40 22 och
445 933 187 27 rekognoscering,
657 933 39 21 och
715 933 107 21 dessutom
839 936 69 16 ovana

78 960 35 22 vid
128 960 38 22 vär
180 961 108 27 kuperade
305 962 39 21 och
360 961 68 22 härda
443 963 93 25 terräng,
562 962 25 21 sä
602 962 62 21 torde
680 962 63 21 dessa
756 962 60 20 möta
830 959 78 27 mänga

78 989 138 27 svärigheter.
246 989 40 23 Om
302 990 58 22 vära'
373 990 128 28 bataljoner,
525 990 71 22 säsom
617 990 38 27 jag
677 996 50 21 nyss
748 989 98 26 nämnde,
870 989 37 19 äro

78 1018 130 27 fullkomligt
222 1018 63 27 goda,
307 1018 25 22 sä
354 1020 47 20 tror
421 1019 37 27 jag
476 1020 44 26 mig
535 1020 50 20 med
599 1019 40 21 full
654 1019 109 26 tillförsigt
778 1018 72 21 kunna
864 1016 44 21 för-

80 1046 70 27 säkra,
166 1048 32 20 att
213 1046 49 22 värt
276 1047 108 22 blifvande
399 1048 104 21 kavalleri
519 1048 55 21 skall
588 1047 67 22 blifva
670 1046 96 22 utmärkt
788 1046 39 22 och
842 1044 66 22 häfda

80 1075 32 21 sin
126 1076 71 26 gamla
212 1076 127 26 ryktbarhet
353 1076 8 22 i
376 1076 99 27 30-äriga
490 1076 78 28 kriget,
588 1076 128 22 ätminstone
735 1075 56 21 hvad
806 1073 103 23 beträffar

80 1103 74 27 sjelfva
169 1105 115 26 ryttarene,
300 1110 46 16 som
360 1105 37 27 jag
411 1105 49 21 med
475 1107 52 19 vant
544 1107 41 25 öga
593 1105 133 25 observerat;
742 1103 28 22 dä
776 1104 37 27 jag
821 1103 43 21 sett
871 1101 38 22 vär

80 1132 68 21 finska
162 1132 70 22 bonde
247 1132 28 27 pä
290 1133 129 27 hästryggen
435 1134 53 20 eller
513 1133 35 21 för
563 1135 33 20 att
610 1134 100 21 använda
725 1134 31 20 ett
770 1130 138 27 folkuttryck,

80 1160 109 21 barbacka
203 1163 53 19 utan
271 1162 65 25 sadel,
352 1162 40 21 har
407 1161 36 22 det
458 1162 57 21 varit
531 1168 27 15 en
572 1161 57 27 fröjd
644 1163 33 20 att
693 1167 22 16 se
727 1161 47 21 dem
782 1161 52 21 sitta
841 1158 69 22 sadel-

80 1188 56 22 fasta
151 1189 77 22 liksom
242 1189 147 22 fastklistrade
404 1189 29 28 pä
447 1190 139 27 hästryggen.
610 1190 27 22 Vi
652 1190 69 22 mäste
732 1189 90 26 derföre,
839 1187 70 22 säsom

80 1217 36 26 jag
130 1217 46 22 haft
191 1220 52 19 äran
258 1218 120 22 framställa
392 1219 8 20 i
415 1219 44 21 min
474 1219 92 26 petition
578 1225 33 15 om
622 1218 132 22 hästafvelns
761 1215 149 24 förbättrande

80 1245 7 22 i
102 1245 79 26 landet,
198 1247 67 20 tänka
279 1247 28 26 på
322 1249 34 20 att
370 1247 109 22 förbättra
495 1248 70 21 denna
580 1247 35 22 del
630 1247 24 21 af
660 1247 38 22 vår
708 1243 202 24 nationalekonomi.

80 1274 42 26 Jag
143 1273 68 22 måste
234 1275 125 22 konstatera
382 1278 33 19 att
437 1275 54 22 våra
513 1276 76 21 hästar
613 1275 117 28 ingalunda
753 1275 109 20 motsvara
884 1271 27 22 de

80 1302 127 27 fordringar,
230 1309 46 16 som
298 1304 91 27 begäras
411 1304 24 21 af
456 1310 27 15 en
506 1304 161 21 kavallerihäst.
697 1304 33 21 De
752 1304 54 20 mest
824 1300 88 32 slående

80 1331 107 21 bristerna
202 1333 37 20 äro
256 1339 51 20 svag
322 1339 58 20 rygg,
396 1333 162 21 kortsluttande
574 1333 56 26 kors,
646 1333 52 26 föga
712 1330 126 23 utvecklade
853 1335 59 20 njur-

81 1360 85 26 partier,
183 1366 25 15 en
224 1360 64 27 högst
302 1361 66 27 vigtig
384 1361 35 22 del
433 1361 24 22 af
470 1367 28 15 en
514 1361 55 26 häst,
586 1367 46 16 som
648 1361 54 21 skall
718 1360 27 27 på
764 1365 79 22 ryggen
858 1357 54 22 bära

82 1388 55 21 ända
152 1388 31 21 till
206 1389 6 20 7
228 1388 13 21 å
257 1389 13 20 8
285 1389 91 27 lispund.
400 1389 34 22 Då
449 1391 100 26 ryttaren
564 1389 68 22 måste
643 1389 99 22 meddela
752 1387 159 28 upplysningar,

81 1416 22 21 få
117 1417 49 26 inga
181 1417 77 22 hinder
272 1417 141 22 förekomma.
436 1418 33 21 De
484 1417 71 22 måste
570 1418 72 21 kunna
658 1419 92 26 spränga
758 1417 60 21 öfver
825 1415 87 28 gärdes-

81 1445 84 27 gårdar,
181 1445 66 21 breda
263 1446 63 22 diken
342 1446 40 21 och
398 1447 68 21 andra
481 1446 83 22 hinder.
588 1446 51 21 Man
654 1446 43 21 kan
712 1445 28 21 då
754 1444 112 22 föreställa
881 1443 32 31 sig

81 1474 33 20 att
128 1480 27 14 en
170 1474 60 21 stark
244 1474 44 21 bak
310 1475 76 21 härvid
409 1476 25 20 är
449 1474 24 22 af
485 1474 80 27 högsta
580 1475 51 27 vigt.
661 1474 131 26 Visserligen
808 1472 68 22 skulle
892 1476 21 15 vi

82 1502 56 20 ännu
152 1501 48 22 från
214 1502 113 27 Ryssland,
343 1502 48 22 från
408 1503 91 21 Donska
522 1505 116 25 stepperna
660 1502 22 22 få
704 1503 74 21 hästar
800 1502 34 21 för
848 1500 65 25 högst

80 1529 70 28 billigt
164 1530 50 27 pris,
230 1531 34 21 till
280 1532 39 21 och
342 1532 50 21 med
407 1531 34 21 för
458 1532 43 20 150
517 1532 61 21 rubel
594 1532 78 26 silfver,
694 1532 138 25 transporten
854 1528 60 20 inbe-
