1078 1756
199 105 42 21 824
447 111 24 17 R.
484 116 18 12 o.
514 111 24 17 A.
548 111 56 17 1888.
617 112 24 16 21
648 110 63 22 April.

173 196 40 22 den
227 196 70 21 blifvit
311 196 117 27 godkändt,
443 196 108 22 äfvensom
566 198 34 20 att
615 196 199 28 ständerpluralitet
822 196 79 26 jemväl
911 195 86 22 vunnits

172 224 34 22 för
220 224 117 22 utskottets
352 224 137 28 afstyrkande
504 225 150 22 betänkanden
670 232 34 14 om
720 225 141 26 bearbetning
876 224 40 22 och
926 224 72 27 tryck-

172 252 50 27 ning
244 252 24 22 af
288 254 133 26 magnetiska
442 254 40 21 och
504 254 179 26 meteorologiska
702 253 161 22 observationer
885 255 55 19 samt
962 259 35 15 om

173 281 128 27 utvidgande
316 282 24 21 af
352 282 84 21 landets
451 282 218 22 därvärdsanstalter.

244 378 32 21 Hr
291 378 207 22 Landtmarskalken
513 379 143 27 tillkännagaf
668 381 34 20 att
716 379 64 27 plena
795 378 69 22 blifvit
873 379 82 20 utsatta
965 379 33 19 att

174 406 68 22 under
264 408 63 20 nästa
348 407 66 21 vecka
435 408 69 20 hållas
518 407 106 27 Tisdagen
646 408 42 21 den
710 408 29 21 24
761 408 79 21 dennes
855 407 28 21 kl.
900 407 11 21 6
928 412 18 15 e
962 412 36 18 m,

175 435 122 27 Torsdagen
313 436 40 21 den
369 436 27 21 26
411 436 27 21 kl.
456 437 24 20 11
497 436 15 21 f.
528 442 34 20 m.,
578 438 56 19 samt
648 436 113 27 Lördagen
776 436 41 22 den
833 436 27 21 28
874 436 29 21 kl.
916 435 13 21 6
940 440 17 15 e.
969 440 28 15 m.

245 532 68 22 Bland
328 533 95 22 ständets
438 533 140 22 medlemmar
593 533 54 21 hade
664 533 96 22 utdelats
783 532 39 22 och
838 532 113 21 bordlades
965 531 34 21 till

177 563 62 20 nästa
253 561 86 27 plenum
361 561 93 28 följande
468 561 158 27 betänkanden,
641 561 118 27 nämligen:

245 617 177 22 Statsutskottets
436 618 136 22 betänkande
586 618 41 21 N:o
644 619 12 20 8
667 619 7 20 i
685 618 115 27 anledning
810 617 23 22 af
841 617 78 21 Finans
929 617 71 26 Expe-

177 646 106 22 ditionens
297 647 7 20 i
320 647 118 27 Kejserliga
460 647 93 21 Senaten
576 647 32 21 till
628 646 120 22 Ständerna
764 646 80 27 afgifna
858 646 91 21 relation
964 651 35 16 om

177 675 140 22 statsverkets
331 675 105 27 tillständ;

247 731 175 23 Statsutskottets
437 732 135 22 betänkande
588 732 39 21 N:o
645 734 23 19 11
686 732 7 21 i
704 733 42 20 anl.
758 731 24 22 af
791 731 47 22 nåd.
850 737 59 21 prop.
920 731 39 21 N:o
971 730 28 21 40

178 759 108 28 angående
309 759 146 23 öfverföraude
478 761 47 20 från
544 761 170 27 krigsmanshus-
730 761 40 21 och
784 759 216 22 militieboställskas-

177 794 64 15 sorna
257 789 32 20 till
304 789 107 21 allmänna
425 789 153 21 militiekassan
593 789 24 21 af
631 789 105 22 särskilda
751 789 123 21 inkomster.

245 845 222 22 Ekonomiutskottets
489 846 135 21 betänkande
646 847 41 20 N:o
711 847 25 20 11
758 845 8 21 i
781 845 41 21 anl.
846 845 23 21 af
889 846 31 19 ett
942 844 57 21 inom

176 873 24 21 R.
217 879 18 15 0.
252 874 25 21 A.
293 874 64 21 väckt
379 874 173 27 motionsförslag
570 881 34 15 om
619 875 151 26 upphäfvande
786 874 23 21 af
822 873 141 28 kungörelsen
979 873 23 20 af

178 901 40 22 den
234 901 27 22 20
276 902 121 22 November
413 903 54 21 1882
482 903 110 26 angäende
607 903 162 27 tillämpningen
785 903 23 20 af
820 902 48 21 näd.
879 901 121 22 förordnin-

177 935 40 21 gen
231 930 24 21 af
268 931 41 21 den
324 932 27 20 20
366 931 43 27 Maj
427 931 53 22 1878
496 937 34 15 om
545 932 118 26 utgörande
678 931 24 21 af
716 932 59 21 skatt
790 931 33 21 för
838 930 94 26 hundar;

246 993 82 15 samma
342 987 94 22 utskotts
450 987 135 22 betänkande
601 988 40 21 N:o
658 988 96 21 12ianl.
771 987 23 22 af
807 989 31 20 ett
849 988 56 20 inom
915 986 85 21 Preste-

177 1014 85 22 ständet
273 1015 122 22 framstäldt
409 1016 172 27 motionsförslag
597 1023 34 15 om
646 1018 32 19 ett
693 1017 76 26 tillägg
784 1016 32 21 till
831 1017 11 25 $
858 1016 26 21 23
897 1015 8 21 i
915 1014 85 22 förord-

178 1043 77 26 ningen
278 1044 109 27 angäende
410 1045 280 26 kommunalförvaltningen
710 1045 28 26 pä
753 1045 72 20 landet
840 1044 22 21 af
876 1044 41 21 den
932 1044 12 20 6
959 1043 40 20 Fe-

177 1071 74 21 bruari
267 1073 62 20 1865.

245 1129 114 21 Allmänna
373 1129 207 22 Besvärsutskottets
595 1130 137 21 betänkande
747 1129 40 22 N:o
804 1130 26 21 19
844 1128 108 27 angäende
968 1130 33 19 ett

178 1156 33 21 till
226 1156 163 23 Presteständet
404 1158 39 21 och
459 1160 77 19 tvänne
547 1158 32 21 till
590 1158 162 21 Bondeständet
762 1157 119 22 inlemnade
888 1157 111 27 petitions-

177 1184 81 27 förslag
281 1192 46 21 ang.
345 1186 129 22 afskaffande
490 1187 23 21 af
526 1187 176 26 postförvaltares
718 1187 79 21 arvode
812 1186 33 21 för
860 1185 140 27 tidningspre-

176 1214 147 26 numeration
316 1210 12 34 ;
339 1216 54 19 samt

245 1277 82 15 samma
349 1271 93 22 utskotts
465 1271 136 22 betänkande
622 1272 40 21 N:o
679 1273 28 20 20
722 1271 110 27 angäende
848 1273 31 20 ett
894 1271 8 20 i
917 1270 84 22 Bonde-

175 1297 87 51 Sinäe
284 1299 63 22 väckt
361 1299 80 27 förslag
456 1306 34 15 om
505 1299 103 28 flyttande
624 1300 22 21 af
660 1300 146 27 biskopssätet
820 1299 47 22 frän
882 1299 70 27 Borgä
967 1298 34 21 till

202 1333 67 22 iborg.

350 1389 88 22 Plenum
454 1390 116 22 afslutades
586 1391 53 21 härä
654 1391 29 22 kl.
700 1391 50 27 1/,9
766 1397 18 14 e.
800 1397 28 15 m.

784 1446 24 17 In
820 1446 66 17 fidem:

745 1481 22 22 J.
784 1481 26 22 F.
827 1480 107 27 Aminof.
