<?xml version="1.0" encoding="UTF-8"?>
<alto xmlns="http://www.loc.gov/standards/alto/ns-v3#" xmlns:xlink="http://www.w3.org/1999/xlink" xmlns:xsi="http://www.w3.org/2001/XMLSchema-instance" xsi:schemaLocation="http://www.loc.gov/standards/alto/ns-v3# http://www.loc.gov/alto/v3/alto-3-0.xsd">
	<Description>
		<MeasurementUnit>pixel</MeasurementUnit>
		<sourceImageInformation>
			<fileName>/tmp/tess__ue1kb6e_input.PNG</fileName>
		</sourceImageInformation>
		<OCRProcessing ID="OCR_0">
			<ocrProcessingStep>
				<processingSoftware>
					<softwareName>tesseract 5.3.4</softwareName>
				</processingSoftware>
			</ocrProcessingStep>
		</OCRProcessing>
	</Description>
	<Layout>
		<Page WIDTH="1070" HEIGHT="1742" PHYSICAL_IMG_NR="0" ID="page_0">
			<PrintSpace HPOS="0" VPOS="0" WIDTH="1070" HEIGHT="1742">
				<ComposedBlock ID="cblock_0" HPOS="338" VPOS="126" WIDTH="514" HEIGHT="28">
					<TextBlock ID="block_0" HPOS="338" VPOS="126" WIDTH="514" HEIGHT="28">
						<TextLine ID="line_0" HPOS="338" VPOS="126" WIDTH="514" HEIGHT="28">
							<String ID="string_0" HPOS="338" VPOS="134" WIDTH="25" HEIGHT="16" WC="0.96" CONTENT="R."/><SP WIDTH="13" VPOS="134" HPOS="363"/>
							<String ID="string_1" HPOS="376" VPOS="138" WIDTH="18" HEIGHT="12" WC="0.85" CONTENT="o."/><SP WIDTH="12" VPOS="138" HPOS="394"/>
							<String ID="string_2" HPOS="406" VPOS="134" WIDTH="22" HEIGHT="16" WC="0.96" CONTENT="A."/><SP WIDTH="13" VPOS="134" HPOS="428"/>
							<String ID="string_3" HPOS="441" VPOS="133" WIDTH="58" HEIGHT="17" WC="0.95" CONTENT="1888."/><SP WIDTH="9" VPOS="133" HPOS="499"/>
							<String ID="string_4" HPOS="508" VPOS="133" WIDTH="23" HEIGHT="17" WC="0.96" CONTENT="21"/><SP WIDTH="10" VPOS="133" HPOS="531"/>
							<String ID="string_5" HPOS="541" VPOS="132" WIDTH="63" HEIGHT="22" WC="0.96" CONTENT="April."/><SP WIDTH="149" VPOS="132" HPOS="604"/>
							<String ID="string_6" HPOS="753" VPOS="152" WIDTH="3" HEIGHT="2" WC="0.0" CONTENT="=="/><SP WIDTH="55" VPOS="152" HPOS="756"/>
							<String ID="string_7" HPOS="811" VPOS="126" WIDTH="41" HEIGHT="21" WC="0.0" CONTENT="817"/>
						</TextLine>
					</TextBlock>
				</ComposedBlock>
				<GraphicalElement ID="cblock_1" HPOS="55" VPOS="165" WIDTH="825" HEIGHT="19"></GraphicalElement >
				<ComposedBlock ID="cblock_2" HPOS="54" VPOS="216" WIDTH="829" HEIGHT="115">
					<TextBlock ID="block_1" HPOS="54" VPOS="216" WIDTH="829" HEIGHT="115">
						<TextLine ID="line_1" HPOS="54" VPOS="216" WIDTH="828" HEIGHT="28">
							<String ID="string_8" HPOS="54" VPOS="218" WIDTH="53" HEIGHT="22" WC="0.96" CONTENT="eller"/><SP WIDTH="15" VPOS="218" HPOS="107"/>
							<String ID="string_9" HPOS="122" VPOS="218" WIDTH="66" HEIGHT="22" WC="0.93" CONTENT="andra"/><SP WIDTH="14" VPOS="218" HPOS="188"/>
							<String ID="string_10" HPOS="202" VPOS="218" WIDTH="162" HEIGHT="22" WC="0.93" CONTENT="nationaliteten"/><SP WIDTH="14" VPOS="218" HPOS="364"/>
							<String ID="string_11" HPOS="378" VPOS="218" WIDTH="9" HEIGHT="21" WC="0.93" CONTENT="i"/><SP WIDTH="14" VPOS="218" HPOS="387"/>
							<String ID="string_12" HPOS="401" VPOS="218" WIDTH="49" HEIGHT="22" WC="0.93" CONTENT="värt"/><SP WIDTH="18" VPOS="218" HPOS="450"/>
							<String ID="string_13" HPOS="468" VPOS="218" WIDTH="57" HEIGHT="26" WC="0.96" CONTENT="land,"/><SP WIDTH="16" VPOS="218" HPOS="525"/>
							<String ID="string_14" HPOS="541" VPOS="224" WIDTH="49" HEIGHT="16" WC="0.96" CONTENT="men"/><SP WIDTH="15" VPOS="224" HPOS="590"/>
							<String ID="string_15" HPOS="605" VPOS="219" WIDTH="33" HEIGHT="20" WC="0.96" CONTENT="att"/><SP WIDTH="12" VPOS="219" HPOS="638"/>
							<String ID="string_16" HPOS="650" VPOS="218" WIDTH="39" HEIGHT="26" WC="0.96" CONTENT="jag"/><SP WIDTH="14" VPOS="218" HPOS="689"/>
							<String ID="string_17" HPOS="703" VPOS="218" WIDTH="35" HEIGHT="21" WC="0.96" CONTENT="väl"/><SP WIDTH="14" VPOS="218" HPOS="738"/>
							<String ID="string_18" HPOS="752" VPOS="217" WIDTH="42" HEIGHT="22" WC="0.93" CONTENT="kan"/><SP WIDTH="14" VPOS="217" HPOS="794"/>
							<String ID="string_19" HPOS="808" VPOS="216" WIDTH="74" HEIGHT="27" WC="0.93" CONTENT="förstä,"/>
						</TextLine>
						<TextLine ID="line_2" HPOS="54" VPOS="246" WIDTH="829" HEIGHT="28">
							<String ID="string_20" HPOS="54" VPOS="248" WIDTH="35" HEIGHT="20" WC="0.96" CONTENT="att"/><SP WIDTH="14" VPOS="248" HPOS="89"/>
							<String ID="string_21" HPOS="103" VPOS="247" WIDTH="67" HEIGHT="21" WC="0.96" CONTENT="andra"/><SP WIDTH="15" VPOS="247" HPOS="170"/>
							<String ID="string_22" HPOS="185" VPOS="246" WIDTH="36" HEIGHT="22" WC="0.96" CONTENT="det"/><SP WIDTH="15" VPOS="246" HPOS="221"/>
							<String ID="string_23" HPOS="236" VPOS="248" WIDTH="58" HEIGHT="26" WC="0.93" CONTENT="göra,"/><SP WIDTH="14" VPOS="248" HPOS="294"/>
							<String ID="string_24" HPOS="308" VPOS="246" WIDTH="73" HEIGHT="22" WC="0.92" CONTENT="hvilka"/><SP WIDTH="15" VPOS="246" HPOS="381"/>
							<String ID="string_25" HPOS="396" VPOS="253" WIDTH="45" HEIGHT="15" WC="0.96" CONTENT="mer"/><SP WIDTH="15" VPOS="253" HPOS="441"/>
							<String ID="string_26" HPOS="456" VPOS="252" WIDTH="26" HEIGHT="16" WC="0.93" CONTENT="ur"/><SP WIDTH="14" VPOS="252" HPOS="482"/>
							<String ID="string_27" HPOS="496" VPOS="247" WIDTH="165" HEIGHT="27" WC="0.92" CONTENT="partisynpunkt"/><SP WIDTH="15" VPOS="247" HPOS="661"/>
							<String ID="string_28" HPOS="676" VPOS="246" WIDTH="41" HEIGHT="22" WC="0.96" CONTENT="och"/><SP WIDTH="14" VPOS="246" HPOS="717"/>
							<String ID="string_29" HPOS="731" VPOS="246" WIDTH="82" HEIGHT="22" WC="0.93" CONTENT="mindre"/><SP WIDTH="10" VPOS="246" HPOS="813"/>
							<String ID="string_30" HPOS="823" VPOS="246" WIDTH="60" HEIGHT="26" WC="0.92" CONTENT="lugnt"/>
						</TextLine>
						<TextLine ID="line_3" HPOS="56" VPOS="274" WIDTH="826" HEIGHT="28">
							<String ID="string_31" HPOS="56" VPOS="275" WIDTH="100" HEIGHT="22" WC="0.92" CONTENT="betrakta"/><SP WIDTH="22" VPOS="275" HPOS="156"/>
							<String ID="string_32" HPOS="178" VPOS="276" WIDTH="69" HEIGHT="21" WC="0.96" CONTENT="denna"/><SP WIDTH="18" VPOS="276" HPOS="247"/>
							<String ID="string_33" HPOS="265" VPOS="275" WIDTH="137" HEIGHT="22" WC="0.93" CONTENT="ekonomiska"/><SP WIDTH="15" VPOS="275" HPOS="402"/>
							<String ID="string_34" HPOS="417" VPOS="275" WIDTH="60" HEIGHT="27" WC="0.93" CONTENT="fräga"/><SP WIDTH="21" VPOS="275" HPOS="477"/>
							<String ID="string_35" HPOS="498" VPOS="276" WIDTH="71" HEIGHT="20" WC="0.92" CONTENT="säsom"/><SP WIDTH="16" VPOS="276" HPOS="569"/>
							<String ID="string_36" HPOS="585" VPOS="276" WIDTH="31" HEIGHT="20" WC="0.97" CONTENT="ett"/><SP WIDTH="14" VPOS="276" HPOS="616"/>
							<String ID="string_37" HPOS="630" VPOS="274" WIDTH="115" HEIGHT="28" WC="0.93" CONTENT="väsentligt"/><SP WIDTH="15" VPOS="274" HPOS="745"/>
							<String ID="string_38" HPOS="760" VPOS="274" WIDTH="75" HEIGHT="28" WC="0.93" CONTENT="bidrag"/><SP WIDTH="14" VPOS="274" HPOS="835"/>
							<String ID="string_39" HPOS="849" VPOS="274" WIDTH="33" HEIGHT="21" WC="0.96" CONTENT="till"/>
						</TextLine>
						<TextLine ID="line_4" HPOS="57" VPOS="303" WIDTH="576" HEIGHT="28">
							<String ID="string_40" HPOS="57" VPOS="304" WIDTH="26" HEIGHT="21" WC="0.93" CONTENT="de"/><SP WIDTH="15" VPOS="304" HPOS="83"/>
							<String ID="string_41" HPOS="98" VPOS="304" WIDTH="89" HEIGHT="27" WC="0.91" CONTENT="äsigters"/><SP WIDTH="15" VPOS="304" HPOS="187"/>
							<String ID="string_42" HPOS="202" VPOS="304" WIDTH="168" HEIGHT="26" WC="0.92" CONTENT="förverkligande"/><SP WIDTH="16" VPOS="304" HPOS="370"/>
							<String ID="string_43" HPOS="386" VPOS="304" WIDTH="26" HEIGHT="21" WC="0.96" CONTENT="de"/><SP WIDTH="14" VPOS="304" HPOS="412"/>
							<String ID="string_44" HPOS="426" VPOS="305" WIDTH="96" HEIGHT="20" WC="0.93" CONTENT="närmast"/><SP WIDTH="15" VPOS="305" HPOS="522"/>
							<String ID="string_45" HPOS="537" VPOS="303" WIDTH="96" HEIGHT="22" WC="0.92" CONTENT="omfatta."/>
						</TextLine>
					</TextBlock>
				</ComposedBlock>
				<ComposedBlock ID="cblock_3" HPOS="55" VPOS="359" WIDTH="829" HEIGHT="86">
					<TextBlock ID="block_2" HPOS="55" VPOS="359" WIDTH="829" HEIGHT="86">
						<TextLine ID="line_5" HPOS="125" VPOS="359" WIDTH="759" HEIGHT="29">
							<String ID="string_46" HPOS="125" VPOS="361" WIDTH="31" HEIGHT="21" WC="0.96" CONTENT="På"/><SP WIDTH="22" VPOS="361" HPOS="156"/>
							<String ID="string_47" HPOS="178" VPOS="361" WIDTH="69" HEIGHT="27" WC="0.95" CONTENT="grund"/><SP WIDTH="22" VPOS="361" HPOS="247"/>
							<String ID="string_48" HPOS="269" VPOS="360" WIDTH="22" HEIGHT="22" WC="0.96" CONTENT="af"/><SP WIDTH="22" VPOS="360" HPOS="291"/>
							<String ID="string_49" HPOS="313" VPOS="360" WIDTH="25" HEIGHT="22" WC="0.96" CONTENT="de"/><SP WIDTH="23" VPOS="360" HPOS="338"/>
							<String ID="string_50" HPOS="361" VPOS="361" WIDTH="67" HEIGHT="21" WC="0.93" CONTENT="under"/><SP WIDTH="16" VPOS="361" HPOS="428"/>
							<String ID="string_51" HPOS="444" VPOS="360" WIDTH="147" HEIGHT="22" WC="0.96" CONTENT="diskussionen"/><SP WIDTH="16" VPOS="360" HPOS="591"/>
							<String ID="string_52" HPOS="607" VPOS="360" WIDTH="74" HEIGHT="27" WC="0.96" CONTENT="gjorda"/><SP WIDTH="15" VPOS="360" HPOS="681"/>
							<String ID="string_53" HPOS="696" VPOS="360" WIDTH="108" HEIGHT="27" WC="0.91" CONTENT="yrkanden"/><SP WIDTH="15" VPOS="360" HPOS="804"/>
							<String ID="string_54" HPOS="819" VPOS="359" WIDTH="65" HEIGHT="21" WC="0.92" CONTENT="fram-"/>
						</TextLine>
						<TextLine ID="line_6" HPOS="55" VPOS="387" WIDTH="829" HEIGHT="28">
							<String ID="string_55" HPOS="55" VPOS="389" WIDTH="69" HEIGHT="22" WC="0.92" CONTENT="stälde"/><SP WIDTH="15" VPOS="389" HPOS="124"/>
							<String ID="string_56" HPOS="139" VPOS="390" WIDTH="32" HEIGHT="21" WC="0.91" CONTENT="Hr"/><SP WIDTH="15" VPOS="390" HPOS="171"/>
							<String ID="string_57" HPOS="186" VPOS="388" WIDTH="205" HEIGHT="23" WC="0.91" CONTENT="Landtmarskalken"/><SP WIDTH="15" VPOS="388" HPOS="391"/>
							<String ID="string_58" HPOS="406" VPOS="389" WIDTH="33" HEIGHT="21" WC="0.93" CONTENT="till"/><SP WIDTH="15" VPOS="389" HPOS="439"/>
							<String ID="string_59" HPOS="454" VPOS="389" WIDTH="131" HEIGHT="22" WC="0.93" CONTENT="besvarande"/><SP WIDTH="10" VPOS="389" HPOS="585"/>
							<String ID="string_60" HPOS="595" VPOS="388" WIDTH="55" HEIGHT="23" WC="0.93" CONTENT="efter"/><SP WIDTH="12" VPOS="388" HPOS="650"/>
							<String ID="string_61" HPOS="662" VPOS="388" WIDTH="120" HEIGHT="22" WC="0.93" CONTENT="hvarandra"/><SP WIDTH="10" VPOS="388" HPOS="782"/>
							<String ID="string_62" HPOS="792" VPOS="387" WIDTH="92" HEIGHT="28" WC="0.96" CONTENT="följande"/>
						</TextLine>
						<TextLine ID="line_7" HPOS="58" VPOS="418" WIDTH="334" HEIGHT="27">
							<String ID="string_63" HPOS="58" VPOS="420" WIDTH="78" HEIGHT="20" WC="0.93" CONTENT="tvänne"/><SP WIDTH="16" VPOS="420" HPOS="136"/>
							<String ID="string_64" HPOS="152" VPOS="418" WIDTH="240" HEIGHT="27" WC="0.84" CONTENT="omröstningsprop.:er."/>
						</TextLine>
					</TextBlock>
				</ComposedBlock>
				<ComposedBlock ID="cblock_4" HPOS="129" VPOS="473" WIDTH="755" HEIGHT="57">
					<TextBlock ID="block_3" HPOS="129" VPOS="473" WIDTH="755" HEIGHT="57">
						<TextLine ID="line_8" HPOS="130" VPOS="473" WIDTH="754" HEIGHT="29">
							<String ID="string_65" HPOS="130" VPOS="477" WIDTH="40" HEIGHT="20" WC="0.88" CONTENT="1:0."/><SP WIDTH="29" VPOS="477" HPOS="170"/>
							<String ID="string_66" HPOS="199" VPOS="475" WIDTH="54" HEIGHT="26" WC="0.95" CONTENT="Den,"/><SP WIDTH="22" VPOS="475" HPOS="253"/>
							<String ID="string_67" HPOS="275" VPOS="480" WIDTH="45" HEIGHT="16" WC="0.96" CONTENT="som"/><SP WIDTH="22" VPOS="480" HPOS="320"/>
							<String ID="string_68" HPOS="342" VPOS="475" WIDTH="125" HEIGHT="27" WC="0.93" CONTENT="godkänner"/><SP WIDTH="17" VPOS="475" HPOS="467"/>
							<String ID="string_69" HPOS="484" VPOS="474" WIDTH="117" HEIGHT="22" WC="0.92" CONTENT="utskottets"/><SP WIDTH="15" VPOS="474" HPOS="601"/>
							<String ID="string_70" HPOS="616" VPOS="474" WIDTH="141" HEIGHT="26" WC="0.92" CONTENT="betänkande,"/><SP WIDTH="15" VPOS="474" HPOS="757"/>
							<String ID="string_71" HPOS="772" VPOS="475" WIDTH="70" HEIGHT="20" WC="0.93" CONTENT="röstar"/><SP WIDTH="12" VPOS="475" HPOS="842"/>
							<String ID="string_72" HPOS="854" VPOS="473" WIDTH="30" HEIGHT="27" WC="0.96" CONTENT="ja,"/>
						</TextLine>
						<TextLine ID="line_9" HPOS="129" VPOS="502" WIDTH="755" HEIGHT="28">
							<String ID="string_73" HPOS="129" VPOS="504" WIDTH="74" HEIGHT="21" WC="0.92" CONTENT="vinner"/><SP WIDTH="15" VPOS="504" HPOS="203"/>
							<String ID="string_74" HPOS="218" VPOS="503" WIDTH="41" HEIGHT="27" WC="0.96" CONTENT="nej,"/><SP WIDTH="15" VPOS="503" HPOS="259"/>
							<String ID="string_75" HPOS="274" VPOS="503" WIDTH="39" HEIGHT="21" WC="0.96" CONTENT="har"/><SP WIDTH="13" VPOS="503" HPOS="313"/>
							<String ID="string_76" HPOS="326" VPOS="503" WIDTH="24" HEIGHT="21" WC="0.96" CONTENT="R."/><SP WIDTH="17" VPOS="503" HPOS="350"/>
							<String ID="string_77" HPOS="367" VPOS="509" WIDTH="19" HEIGHT="15" WC="0.92" CONTENT="o."/><SP WIDTH="16" VPOS="509" HPOS="386"/>
							<String ID="string_78" HPOS="402" VPOS="503" WIDTH="25" HEIGHT="22" WC="0.92" CONTENT="A."/><SP WIDTH="17" VPOS="503" HPOS="427"/>
							<String ID="string_79" HPOS="444" VPOS="503" WIDTH="100" HEIGHT="22" WC="0.91" CONTENT="omfattat"/><SP WIDTH="15" VPOS="503" HPOS="544"/>
							<String ID="string_80" HPOS="559" VPOS="503" WIDTH="33" HEIGHT="21" WC="0.93" CONTENT="Hr"/><SP WIDTH="10" VPOS="503" HPOS="592"/>
							<String ID="string_81" HPOS="602" VPOS="502" WIDTH="135" HEIGHT="27" WC="0.92" CONTENT="Furuhjelms"/><SP WIDTH="10" VPOS="502" HPOS="737"/>
							<String ID="string_82" HPOS="747" VPOS="502" WIDTH="137" HEIGHT="24" WC="0.96" CONTENT="reservation;"/>
						</TextLine>
					</TextBlock>
				</ComposedBlock>
				<ComposedBlock ID="cblock_5" HPOS="131" VPOS="559" WIDTH="579" HEIGHT="28">
					<TextBlock ID="block_4" HPOS="131" VPOS="559" WIDTH="579" HEIGHT="28">
						<TextLine ID="line_10" HPOS="131" VPOS="559" WIDTH="579" HEIGHT="28">
							<String ID="string_83" HPOS="131" VPOS="560" WIDTH="86" HEIGHT="22" WC="0.92" CONTENT="hvilken"/><SP WIDTH="13" VPOS="560" HPOS="217"/>
							<String ID="string_84" HPOS="230" VPOS="566" WIDTH="60" HEIGHT="21" WC="0.92" CONTENT="prop."/><SP WIDTH="16" VPOS="566" HPOS="290"/>
							<String ID="string_85" HPOS="306" VPOS="560" WIDTH="126" HEIGHT="22" WC="0.91" CONTENT="besvarades"/><SP WIDTH="15" VPOS="560" HPOS="432"/>
							<String ID="string_86" HPOS="447" VPOS="560" WIDTH="50" HEIGHT="22" WC="0.93" CONTENT="med"/><SP WIDTH="16" VPOS="560" HPOS="497"/>
							<String ID="string_87" HPOS="513" VPOS="559" WIDTH="155" HEIGHT="28" WC="0.90" CONTENT="öfvervägande"/><SP WIDTH="12" VPOS="559" HPOS="668"/>
							<String ID="string_88" HPOS="680" VPOS="559" WIDTH="30" HEIGHT="27" WC="0.96" CONTENT="ja."/>
						</TextLine>
					</TextBlock>
				</ComposedBlock>
				<ComposedBlock ID="cblock_6" HPOS="60" VPOS="621" WIDTH="827" HEIGHT="86">
					<TextBlock ID="block_5" HPOS="60" VPOS="621" WIDTH="827" HEIGHT="86">
						<TextLine ID="line_11" HPOS="133" VPOS="621" WIDTH="754" HEIGHT="29">
							<String ID="string_89" HPOS="133" VPOS="622" WIDTH="39" HEIGHT="22" WC="0.90" CONTENT="2:0."/><SP WIDTH="30" VPOS="622" HPOS="172"/>
							<String ID="string_90" HPOS="202" VPOS="622" WIDTH="55" HEIGHT="28" WC="0.96" CONTENT="Den,"/><SP WIDTH="16" VPOS="622" HPOS="257"/>
							<String ID="string_91" HPOS="273" VPOS="629" WIDTH="45" HEIGHT="15" WC="0.96" CONTENT="som"/><SP WIDTH="15" VPOS="629" HPOS="318"/>
							<String ID="string_92" HPOS="333" VPOS="623" WIDTH="123" HEIGHT="27" WC="0.96" CONTENT="godkänner"/><SP WIDTH="16" VPOS="623" HPOS="456"/>
							<String ID="string_93" HPOS="472" VPOS="623" WIDTH="36" HEIGHT="21" WC="0.96" CONTENT="det"/><SP WIDTH="15" VPOS="623" HPOS="508"/>
							<String ID="string_94" HPOS="523" VPOS="622" WIDTH="24" HEIGHT="22" WC="0.93" CONTENT="af"/><SP WIDTH="12" VPOS="622" HPOS="547"/>
							<String ID="string_95" HPOS="559" VPOS="622" WIDTH="57" HEIGHT="22" WC="0.92" CONTENT="Frih."/><SP WIDTH="17" VPOS="622" HPOS="616"/>
							<String ID="string_96" HPOS="633" VPOS="628" WIDTH="42" HEIGHT="16" WC="0.96" CONTENT="von"/><SP WIDTH="16" VPOS="628" HPOS="675"/>
							<String ID="string_97" HPOS="691" VPOS="622" WIDTH="58" HEIGHT="22" WC="0.96" CONTENT="Born"/><SP WIDTH="19" VPOS="622" HPOS="749"/>
							<String ID="string_98" HPOS="768" VPOS="621" WIDTH="119" HEIGHT="27" WC="0.96" CONTENT="föreslagna"/>
						</TextLine>
						<TextLine ID="line_12" HPOS="60" VPOS="650" WIDTH="789" HEIGHT="28">
							<String ID="string_99" HPOS="60" VPOS="650" WIDTH="69" HEIGHT="22" WC="0.93" CONTENT="vilkor"/><SP WIDTH="15" VPOS="650" HPOS="129"/>
							<String ID="string_100" HPOS="144" VPOS="650" WIDTH="131" HEIGHT="23" WC="0.95" CONTENT="beträffande"/><SP WIDTH="15" VPOS="650" HPOS="275"/>
							<String ID="string_101" HPOS="290" VPOS="651" WIDTH="145" HEIGHT="27" WC="0.96" CONTENT="fördelningen"/><SP WIDTH="15" VPOS="651" HPOS="435"/>
							<String ID="string_102" HPOS="450" VPOS="651" WIDTH="23" HEIGHT="22" WC="0.96" CONTENT="af"/><SP WIDTH="15" VPOS="651" HPOS="473"/>
							<String ID="string_103" HPOS="488" VPOS="652" WIDTH="25" HEIGHT="21" WC="0.93" CONTENT="de"/><SP WIDTH="16" VPOS="652" HPOS="513"/>
							<String ID="string_104" HPOS="529" VPOS="651" WIDTH="69" HEIGHT="21" WC="0.92" CONTENT="skilda"/><SP WIDTH="14" VPOS="651" HPOS="598"/>
							<String ID="string_105" HPOS="612" VPOS="651" WIDTH="108" HEIGHT="26" WC="0.93" CONTENT="anslagen,"/><SP WIDTH="15" VPOS="651" HPOS="720"/>
							<String ID="string_106" HPOS="735" VPOS="652" WIDTH="70" HEIGHT="20" WC="0.93" CONTENT="röstar"/><SP WIDTH="13" VPOS="652" HPOS="805"/>
							<String ID="string_107" HPOS="818" VPOS="650" WIDTH="31" HEIGHT="26" WC="0.96" CONTENT="ja;"/>
						</TextLine>
						<TextLine ID="line_13" HPOS="131" VPOS="678" WIDTH="755" HEIGHT="29">
							<String ID="string_108" HPOS="131" VPOS="680" WIDTH="75" HEIGHT="21" WC="0.92" CONTENT="vinner"/><SP WIDTH="14" VPOS="680" HPOS="206"/>
							<String ID="string_109" HPOS="220" VPOS="680" WIDTH="41" HEIGHT="27" WC="0.93" CONTENT="nej,"/><SP WIDTH="15" VPOS="680" HPOS="261"/>
							<String ID="string_110" HPOS="276" VPOS="680" WIDTH="94" HEIGHT="22" WC="0.92" CONTENT="förfaller"/><SP WIDTH="14" VPOS="680" HPOS="370"/>
							<String ID="string_111" HPOS="384" VPOS="680" WIDTH="75" HEIGHT="27" WC="0.92" CONTENT="frägan"/><SP WIDTH="16" VPOS="680" HPOS="459"/>
							<String ID="string_112" HPOS="475" VPOS="686" WIDTH="35" HEIGHT="15" WC="0.93" CONTENT="om"/><SP WIDTH="10" VPOS="686" HPOS="510"/>
							<String ID="string_113" HPOS="520" VPOS="680" WIDTH="150" HEIGHT="27" WC="0.92" CONTENT="uppställande"/><SP WIDTH="10" VPOS="680" HPOS="670"/>
							<String ID="string_114" HPOS="680" VPOS="679" WIDTH="23" HEIGHT="22" WC="0.96" CONTENT="af"/><SP WIDTH="9" VPOS="679" HPOS="703"/>
							<String ID="string_115" HPOS="712" VPOS="679" WIDTH="91" HEIGHT="21" WC="0.93" CONTENT="nämnda"/><SP WIDTH="8" VPOS="679" HPOS="803"/>
							<String ID="string_116" HPOS="811" VPOS="678" WIDTH="75" HEIGHT="22" WC="0.93" CONTENT="vilkor."/>
						</TextLine>
					</TextBlock>
				</ComposedBlock>
				<ComposedBlock ID="cblock_7" HPOS="61" VPOS="741" WIDTH="828" HEIGHT="85">
					<TextBlock ID="block_6" HPOS="61" VPOS="741" WIDTH="828" HEIGHT="85">
						<TextLine ID="line_14" HPOS="132" VPOS="741" WIDTH="757" HEIGHT="28">
							<String ID="string_117" HPOS="132" VPOS="742" WIDTH="75" HEIGHT="22" WC="0.90" CONTENT="Denna"/><SP WIDTH="21" VPOS="742" HPOS="207"/>
							<String ID="string_118" HPOS="228" VPOS="748" WIDTH="59" HEIGHT="21" WC="0.94" CONTENT="prop."/><SP WIDTH="23" VPOS="748" HPOS="287"/>
							<String ID="string_119" HPOS="310" VPOS="742" WIDTH="45" HEIGHT="22" WC="0.96" CONTENT="blef"/><SP WIDTH="13" VPOS="742" HPOS="355"/>
							<String ID="string_120" HPOS="368" VPOS="742" WIDTH="35" HEIGHT="22" WC="0.96" CONTENT="vid"/><SP WIDTH="15" VPOS="742" HPOS="403"/>
							<String ID="string_121" HPOS="418" VPOS="748" WIDTH="35" HEIGHT="16" WC="0.93" CONTENT="om"/><SP WIDTH="16" VPOS="748" HPOS="453"/>
							<String ID="string_122" HPOS="469" VPOS="742" WIDTH="123" HEIGHT="22" WC="0.92" CONTENT="densamma"/><SP WIDTH="15" VPOS="742" HPOS="592"/>
							<String ID="string_123" HPOS="607" VPOS="742" WIDTH="84" HEIGHT="21" WC="0.86" CONTENT="anstäld"/><SP WIDTH="16" VPOS="742" HPOS="691"/>
							<String ID="string_124" HPOS="707" VPOS="742" WIDTH="69" HEIGHT="21" WC="0.96" CONTENT="sluten"/><SP WIDTH="16" VPOS="742" HPOS="776"/>
							<String ID="string_125" HPOS="792" VPOS="741" WIDTH="97" HEIGHT="27" WC="0.95" CONTENT="votering"/>
						</TextLine>
						<TextLine ID="line_15" HPOS="61" VPOS="770" WIDTH="827" HEIGHT="28">
							<String ID="string_126" HPOS="61" VPOS="770" WIDTH="104" HEIGHT="22" WC="0.96" CONTENT="besvarad"/><SP WIDTH="14" VPOS="770" HPOS="165"/>
							<String ID="string_127" HPOS="179" VPOS="771" WIDTH="49" HEIGHT="21" WC="0.96" CONTENT="med"/><SP WIDTH="15" VPOS="771" HPOS="228"/>
							<String ID="string_128" HPOS="243" VPOS="772" WIDTH="26" HEIGHT="20" WC="0.96" CONTENT="47"/><SP WIDTH="14" VPOS="772" HPOS="269"/>
							<String ID="string_129" HPOS="283" VPOS="771" WIDTH="23" HEIGHT="27" WC="0.96" CONTENT="ja"/><SP WIDTH="14" VPOS="771" HPOS="306"/>
							<String ID="string_130" HPOS="320" VPOS="771" WIDTH="40" HEIGHT="21" WC="0.96" CONTENT="och"/><SP WIDTH="16" VPOS="771" HPOS="360"/>
							<String ID="string_131" HPOS="376" VPOS="772" WIDTH="26" HEIGHT="20" WC="0.96" CONTENT="18"/><SP WIDTH="15" VPOS="772" HPOS="402"/>
							<String ID="string_132" HPOS="417" VPOS="771" WIDTH="44" HEIGHT="27" WC="0.96" CONTENT="nej;"/><SP WIDTH="17" VPOS="771" HPOS="461"/>
							<String ID="string_133" HPOS="478" VPOS="771" WIDTH="39" HEIGHT="21" WC="0.96" CONTENT="och"/><SP WIDTH="16" VPOS="771" HPOS="517"/>
							<String ID="string_134" HPOS="533" VPOS="771" WIDTH="55" HEIGHT="21" WC="0.96" CONTENT="hade"/><SP WIDTH="15" VPOS="771" HPOS="588"/>
							<String ID="string_135" HPOS="603" VPOS="770" WIDTH="86" HEIGHT="22" WC="0.96" CONTENT="ståndet"/><SP WIDTH="10" VPOS="770" HPOS="689"/>
							<String ID="string_136" HPOS="699" VPOS="770" WIDTH="82" HEIGHT="22" WC="0.96" CONTENT="således"/><SP WIDTH="13" VPOS="770" HPOS="781"/>
							<String ID="string_137" HPOS="794" VPOS="770" WIDTH="94" HEIGHT="27" WC="0.96" CONTENT="godkänt"/>
						</TextLine>
						<TextLine ID="line_16" HPOS="61" VPOS="798" WIDTH="721" HEIGHT="28">
							<String ID="string_138" HPOS="61" VPOS="798" WIDTH="144" HEIGHT="23" WC="0.96" CONTENT="betänkandet"/><SP WIDTH="14" VPOS="798" HPOS="205"/>
							<String ID="string_139" HPOS="219" VPOS="800" WIDTH="49" HEIGHT="21" WC="0.96" CONTENT="med"/><SP WIDTH="15" VPOS="800" HPOS="268"/>
							<String ID="string_140" HPOS="283" VPOS="800" WIDTH="35" HEIGHT="21" WC="0.96" CONTENT="det"/><SP WIDTH="15" VPOS="800" HPOS="318"/>
							<String ID="string_141" HPOS="333" VPOS="799" WIDTH="23" HEIGHT="21" WC="0.93" CONTENT="af"/><SP WIDTH="13" VPOS="799" HPOS="356"/>
							<String ID="string_142" HPOS="369" VPOS="799" WIDTH="58" HEIGHT="21" WC="0.74" CONTENT="Frih,"/><SP WIDTH="16" VPOS="799" HPOS="427"/>
							<String ID="string_143" HPOS="443" VPOS="806" WIDTH="42" HEIGHT="14" WC="0.96" CONTENT="von"/><SP WIDTH="15" VPOS="806" HPOS="485"/>
							<String ID="string_144" HPOS="500" VPOS="800" WIDTH="58" HEIGHT="20" WC="0.96" CONTENT="Born"/><SP WIDTH="15" VPOS="800" HPOS="558"/>
							<String ID="string_145" HPOS="573" VPOS="799" WIDTH="120" HEIGHT="27" WC="0.96" CONTENT="föreslagna"/><SP WIDTH="16" VPOS="799" HPOS="693"/>
							<String ID="string_146" HPOS="709" VPOS="799" WIDTH="73" HEIGHT="21" WC="0.96" CONTENT="vilkor."/>
						</TextLine>
					</TextBlock>
				</ComposedBlock>
				<ComposedBlock ID="cblock_8" HPOS="316" VPOS="945" WIDTH="318" HEIGHT="30">
					<TextBlock ID="block_7" HPOS="316" VPOS="945" WIDTH="318" HEIGHT="30">
						<TextLine ID="line_17" HPOS="316" VPOS="945" WIDTH="318" HEIGHT="30">
							<String ID="string_147" HPOS="316" VPOS="946" WIDTH="128" HEIGHT="24" WC="0.89" CONTENT="Helsovården"/><SP WIDTH="16" VPOS="946" HPOS="444"/>
							<String ID="string_148" HPOS="460" VPOS="945" WIDTH="25" HEIGHT="30" WC="0.97" CONTENT="på"/><SP WIDTH="15" VPOS="945" HPOS="485"/>
							<String ID="string_149" HPOS="500" VPOS="946" WIDTH="134" HEIGHT="29" WC="0.96" CONTENT="landsbygden."/>
						</TextLine>
					</TextBlock>
				</ComposedBlock>
				<ComposedBlock ID="cblock_9" HPOS="65" VPOS="1008" WIDTH="827" HEIGHT="85">
					<TextBlock ID="block_8" HPOS="65" VPOS="1008" WIDTH="827" HEIGHT="85">
						<TextLine ID="line_18" HPOS="134" VPOS="1008" WIDTH="758" HEIGHT="27">
							<String ID="string_150" HPOS="134" VPOS="1008" WIDTH="123" HEIGHT="27" WC="0.96" CONTENT="Föredrogs"/><SP WIDTH="14" VPOS="1008" HPOS="257"/>
							<String ID="string_151" HPOS="271" VPOS="1009" WIDTH="112" HEIGHT="21" WC="0.93" CONTENT="Allmänna"/><SP WIDTH="15" VPOS="1009" HPOS="383"/>
							<String ID="string_152" HPOS="398" VPOS="1009" WIDTH="208" HEIGHT="22" WC="0.92" CONTENT="Besvärsutskottets"/><SP WIDTH="14" VPOS="1009" HPOS="606"/>
							<String ID="string_153" HPOS="620" VPOS="1009" WIDTH="137" HEIGHT="21" WC="0.96" CONTENT="betänkande"/><SP WIDTH="10" VPOS="1009" HPOS="757"/>
							<String ID="string_154" HPOS="767" VPOS="1008" WIDTH="39" HEIGHT="22" WC="0.96" CONTENT="N:o"/><SP WIDTH="13" VPOS="1008" HPOS="806"/>
							<String ID="string_155" HPOS="819" VPOS="1008" WIDTH="26" HEIGHT="21" WC="0.93" CONTENT="18"/><SP WIDTH="11" VPOS="1008" HPOS="845"/>
							<String ID="string_156" HPOS="856" VPOS="1013" WIDTH="36" HEIGHT="16" WC="0.90" CONTENT="an-"/>
						</TextLine>
						<TextLine ID="line_19" HPOS="65" VPOS="1035" WIDTH="827" HEIGHT="30">
							<String ID="string_157" HPOS="65" VPOS="1037" WIDTH="83" HEIGHT="26" WC="0.96" CONTENT="gående"/><SP WIDTH="14" VPOS="1037" HPOS="148"/>
							<String ID="string_158" HPOS="162" VPOS="1037" WIDTH="105" HEIGHT="22" WC="0.96" CONTENT="särskilda"/><SP WIDTH="14" VPOS="1037" HPOS="267"/>
							<String ID="string_159" HPOS="281" VPOS="1037" WIDTH="56" HEIGHT="22" WC="0.93" CONTENT="inom"/><SP WIDTH="15" VPOS="1037" HPOS="337"/>
							<String ID="string_160" HPOS="352" VPOS="1037" WIDTH="161" HEIGHT="22" WC="0.92" CONTENT="Bondeståndet"/><SP WIDTH="14" VPOS="1037" HPOS="513"/>
							<String ID="string_161" HPOS="527" VPOS="1037" WIDTH="78" HEIGHT="22" WC="0.93" CONTENT="väckta"/><SP WIDTH="9" VPOS="1037" HPOS="605"/>
							<String ID="string_162" HPOS="614" VPOS="1037" WIDTH="180" HEIGHT="28" WC="0.91" CONTENT="petitionsförslag"/><SP WIDTH="11" VPOS="1037" HPOS="794"/>
							<String ID="string_163" HPOS="805" VPOS="1043" WIDTH="34" HEIGHT="15" WC="0.93" CONTENT="om"/><SP WIDTH="10" VPOS="1043" HPOS="839"/>
							<String ID="string_164" HPOS="849" VPOS="1035" WIDTH="43" HEIGHT="22" WC="0.93" CONTENT="för-"/>
						</TextLine>
						<TextLine ID="line_20" HPOS="67" VPOS="1065" WIDTH="512" HEIGHT="28">
							<String ID="string_165" HPOS="67" VPOS="1066" WIDTH="113" HEIGHT="21" WC="0.91" CONTENT="bättrande"/><SP WIDTH="16" VPOS="1066" HPOS="180"/>
							<String ID="string_166" HPOS="196" VPOS="1065" WIDTH="22" HEIGHT="22" WC="0.92" CONTENT="af"/><SP WIDTH="14" VPOS="1065" HPOS="218"/>
							<String ID="string_167" HPOS="232" VPOS="1065" WIDTH="137" HEIGHT="22" WC="0.91" CONTENT="helsovården"/><SP WIDTH="15" VPOS="1065" HPOS="369"/>
							<String ID="string_168" HPOS="384" VPOS="1066" WIDTH="29" HEIGHT="27" WC="0.96" CONTENT="på"/><SP WIDTH="14" VPOS="1066" HPOS="413"/>
							<String ID="string_169" HPOS="427" VPOS="1066" WIDTH="152" HEIGHT="27" WC="0.96" CONTENT="landsbygden."/>
						</TextLine>
					</TextBlock>
				</ComposedBlock>
				<ComposedBlock ID="cblock_10" HPOS="65" VPOS="1127" WIDTH="831" HEIGHT="192">
					<TextBlock ID="block_9" HPOS="65" VPOS="1127" WIDTH="831" HEIGHT="192">
						<TextLine ID="line_21" HPOS="138" VPOS="1127" WIDTH="756" HEIGHT="28">
							<String ID="string_170" HPOS="138" VPOS="1127" WIDTH="59" HEIGHT="22" WC="0.88" CONTENT="Frih."/><SP WIDTH="16" VPOS="1127" HPOS="197"/>
							<String ID="string_171" HPOS="213" VPOS="1127" WIDTH="23" HEIGHT="22" WC="0.92" CONTENT="af"/><SP WIDTH="13" VPOS="1127" HPOS="236"/>
							<String ID="string_172" HPOS="249" VPOS="1127" WIDTH="127" HEIGHT="22" WC="0.92" CONTENT="Schultén"/><SP WIDTH="21" VPOS="1127" HPOS="376"/>
							<String ID="string_173" HPOS="397" VPOS="1127" WIDTH="67" HEIGHT="22" WC="0.92" CONTENT="utbad"/><SP WIDTH="15" VPOS="1127" HPOS="464"/>
							<String ID="string_174" HPOS="479" VPOS="1128" WIDTH="33" HEIGHT="27" WC="0.95" CONTENT="sig"/><SP WIDTH="17" VPOS="1128" HPOS="512"/>
							<String ID="string_175" HPOS="529" VPOS="1129" WIDTH="32" HEIGHT="20" WC="0.96" CONTENT="att"/><SP WIDTH="14" VPOS="1129" HPOS="561"/>
							<String ID="string_176" HPOS="575" VPOS="1128" WIDTH="22" HEIGHT="21" WC="0.96" CONTENT="få"/><SP WIDTH="14" VPOS="1128" HPOS="597"/>
							<String ID="string_177" HPOS="611" VPOS="1129" WIDTH="53" HEIGHT="26" WC="0.96" CONTENT="göra"/><SP WIDTH="14" VPOS="1129" HPOS="664"/>
							<String ID="string_178" HPOS="678" VPOS="1127" WIDTH="92" HEIGHT="27" WC="0.96" CONTENT="följande"/><SP WIDTH="14" VPOS="1127" HPOS="770"/>
							<String ID="string_179" HPOS="784" VPOS="1127" WIDTH="88" HEIGHT="22" WC="0.96" CONTENT="rättelse"/><SP WIDTH="14" VPOS="1127" HPOS="872"/>
							<String ID="string_180" HPOS="886" VPOS="1127" WIDTH="8" HEIGHT="21" WC="0.96" CONTENT="i"/>
						</TextLine>
						<TextLine ID="line_22" HPOS="67" VPOS="1155" WIDTH="828" HEIGHT="28">
							<String ID="string_181" HPOS="67" VPOS="1156" WIDTH="105" HEIGHT="21" WC="0.92" CONTENT="utkottets"/><SP WIDTH="16" VPOS="1156" HPOS="172"/>
							<String ID="string_182" HPOS="188" VPOS="1156" WIDTH="142" HEIGHT="22" WC="0.96" CONTENT="betänkande:"/><SP WIDTH="16" VPOS="1156" HPOS="330"/>
							<String ID="string_183" HPOS="346" VPOS="1157" WIDTH="42" HEIGHT="21" WC="0.96" CONTENT="Det"/><SP WIDTH="15" VPOS="1157" HPOS="388"/>
							<String ID="string_184" HPOS="403" VPOS="1157" WIDTH="45" HEIGHT="20" WC="0.96" CONTENT="står"/><SP WIDTH="14" VPOS="1157" HPOS="448"/>
							<String ID="string_185" HPOS="462" VPOS="1157" WIDTH="29" HEIGHT="26" WC="0.93" CONTENT="pä"/><SP WIDTH="16" VPOS="1157" HPOS="491"/>
							<String ID="string_186" HPOS="507" VPOS="1163" WIDTH="48" HEIGHT="20" WC="0.92" CONTENT="pag."/><SP WIDTH="16" VPOS="1163" HPOS="555"/>
							<String ID="string_187" HPOS="571" VPOS="1157" WIDTH="20" HEIGHT="21" WC="0.95" CONTENT="9."/><SP WIDTH="31" VPOS="1157" HPOS="591"/>
							<String ID="string_188" HPOS="622" VPOS="1156" WIDTH="55" HEIGHT="26" WC="0.35" CONTENT="Till"/><SP WIDTH="23" VPOS="1156" HPOS="677"/>
							<String ID="string_189" HPOS="700" VPOS="1156" WIDTH="72" HEIGHT="27" WC="0.96" CONTENT="frågan"/><SP WIDTH="16" VPOS="1156" HPOS="772"/>
							<String ID="string_190" HPOS="788" VPOS="1162" WIDTH="34" HEIGHT="15" WC="0.93" CONTENT="om"/><SP WIDTH="16" VPOS="1162" HPOS="822"/>
							<String ID="string_191" HPOS="838" VPOS="1155" WIDTH="57" HEIGHT="27" WC="0.93" CONTENT="sjuk-"/>
						</TextLine>
						<TextLine ID="line_23" HPOS="65" VPOS="1183" WIDTH="827" HEIGHT="28">
							<String ID="string_192" HPOS="65" VPOS="1187" WIDTH="76" HEIGHT="24" WC="0.93" CONTENT="stugor"/><SP WIDTH="20" VPOS="1187" HPOS="141"/>
							<String ID="string_193" HPOS="161" VPOS="1184" WIDTH="40" HEIGHT="22" WC="0.93" CONTENT="bör"/><SP WIDTH="21" VPOS="1184" HPOS="201"/>
							<String ID="string_194" HPOS="222" VPOS="1185" WIDTH="117" HEIGHT="26" WC="0.92" CONTENT="anmärkas,"/><SP WIDTH="23" VPOS="1185" HPOS="339"/>
							<String ID="string_195" HPOS="362" VPOS="1186" WIDTH="32" HEIGHT="20" WC="0.93" CONTENT="att"/><SP WIDTH="21" VPOS="1186" HPOS="394"/>
							<String ID="string_196" HPOS="415" VPOS="1185" WIDTH="71" HEIGHT="26" WC="0.92" CONTENT="nägon"/><SP WIDTH="18" VPOS="1185" HPOS="486"/>
							<String ID="string_197" HPOS="504" VPOS="1184" WIDTH="99" HEIGHT="23" WC="0.92" CONTENT="anhällan"/><SP WIDTH="15" VPOS="1184" HPOS="603"/>
							<String ID="string_198" HPOS="618" VPOS="1191" WIDTH="36" HEIGHT="15" WC="0.93" CONTENT="om"/><SP WIDTH="14" VPOS="1191" HPOS="654"/>
							<String ID="string_199" HPOS="668" VPOS="1184" WIDTH="130" HEIGHT="27" WC="0.91" CONTENT="statsbidrag"/><SP WIDTH="14" VPOS="1184" HPOS="798"/>
							<String ID="string_200" HPOS="812" VPOS="1183" WIDTH="33" HEIGHT="22" WC="0.93" CONTENT="till"/><SP WIDTH="15" VPOS="1183" HPOS="845"/>
							<String ID="string_201" HPOS="860" VPOS="1184" WIDTH="32" HEIGHT="21" WC="0.93" CONTENT="sä-"/>
						</TextLine>
						<TextLine ID="line_24" HPOS="66" VPOS="1212" WIDTH="828" HEIGHT="23">
							<String ID="string_202" HPOS="66" VPOS="1213" WIDTH="57" HEIGHT="21" WC="0.91" CONTENT="dana"/><SP WIDTH="22" VPOS="1213" HPOS="123"/>
							<String ID="string_203" HPOS="145" VPOS="1213" WIDTH="47" HEIGHT="21" WC="0.89" CONTENT="icke"/><SP WIDTH="22" VPOS="1213" HPOS="192"/>
							<String ID="string_204" HPOS="214" VPOS="1213" WIDTH="69" HEIGHT="21" WC="0.92" CONTENT="blifvit"/><SP WIDTH="18" VPOS="1213" HPOS="283"/>
							<String ID="string_205" HPOS="301" VPOS="1213" WIDTH="115" HEIGHT="22" WC="0.92" CONTENT="tillsvidare"/><SP WIDTH="15" VPOS="1213" HPOS="416"/>
							<String ID="string_206" HPOS="431" VPOS="1213" WIDTH="134" HEIGHT="22" WC="0.88" CONTENT="framstäld*."/><SP WIDTH="30" VPOS="1213" HPOS="565"/>
							<String ID="string_207" HPOS="595" VPOS="1213" WIDTH="153" HEIGHT="21" WC="0.91" CONTENT="Förhällandet"/><SP WIDTH="14" VPOS="1213" HPOS="748"/>
							<String ID="string_208" HPOS="762" VPOS="1212" WIDTH="62" HEIGHT="22" WC="0.96" CONTENT="torde"/><SP WIDTH="13" VPOS="1212" HPOS="824"/>
							<String ID="string_209" HPOS="837" VPOS="1218" WIDTH="57" HEIGHT="17" WC="0.97" CONTENT="vara,"/>
						</TextLine>
						<TextLine ID="line_25" HPOS="67" VPOS="1240" WIDTH="827" HEIGHT="28">
							<String ID="string_210" HPOS="67" VPOS="1242" WIDTH="33" HEIGHT="20" WC="0.93" CONTENT="att"/><SP WIDTH="21" VPOS="1242" HPOS="100"/>
							<String ID="string_211" HPOS="121" VPOS="1240" WIDTH="33" HEIGHT="22" WC="0.96" CONTENT="för"/><SP WIDTH="20" VPOS="1240" HPOS="154"/>
							<String ID="string_212" HPOS="174" VPOS="1247" WIDTH="26" HEIGHT="15" WC="0.93" CONTENT="en"/><SP WIDTH="15" VPOS="1247" HPOS="200"/>
							<String ID="string_213" HPOS="215" VPOS="1241" WIDTH="109" HEIGHT="27" WC="0.90" CONTENT="sjukstuga"/><SP WIDTH="14" VPOS="1241" HPOS="324"/>
							<String ID="string_214" HPOS="338" VPOS="1241" WIDTH="8" HEIGHT="21" WC="0.96" CONTENT="i"/><SP WIDTH="14" VPOS="1241" HPOS="346"/>
							<String ID="string_215" HPOS="360" VPOS="1241" WIDTH="99" HEIGHT="25" WC="0.96" CONTENT="Ruovesi,"/><SP WIDTH="17" VPOS="1241" HPOS="459"/>
							<String ID="string_216" HPOS="476" VPOS="1247" WIDTH="47" HEIGHT="16" WC="0.96" CONTENT="som"/><SP WIDTH="15" VPOS="1247" HPOS="523"/>
							<String ID="string_217" HPOS="538" VPOS="1241" WIDTH="90" HEIGHT="27" WC="0.93" CONTENT="tidigare"/><SP WIDTH="15" VPOS="1241" HPOS="628"/>
							<String ID="string_218" HPOS="643" VPOS="1241" WIDTH="86" HEIGHT="27" WC="0.93" CONTENT="ätnjutit"/><SP WIDTH="14" VPOS="1241" HPOS="729"/>
							<String ID="string_219" HPOS="743" VPOS="1241" WIDTH="79" HEIGHT="26" WC="0.93" CONTENT="bidrag,"/><SP WIDTH="18" VPOS="1241" HPOS="822"/>
							<String ID="string_220" HPOS="840" VPOS="1240" WIDTH="54" HEIGHT="21" WC="0.96" CONTENT="1886"/>
						</TextLine>
						<TextLine ID="line_26" HPOS="67" VPOS="1267" WIDTH="829" HEIGHT="52">
							<String ID="string_221" HPOS="67" VPOS="1269" WIDTH="141" HEIGHT="50" WC="0.11" CONTENT="anata"/><SP WIDTH="25" VPOS="1269" HPOS="208"/>
							<String ID="string_222" HPOS="233" VPOS="1269" WIDTH="97" HEIGHT="22" WC="0.95" CONTENT="anhållan"/><SP WIDTH="26" VPOS="1269" HPOS="330"/>
							<String ID="string_223" HPOS="356" VPOS="1276" WIDTH="34" HEIGHT="15" WC="0.90" CONTENT="om"/><SP WIDTH="25" VPOS="1276" HPOS="390"/>
							<String ID="string_224" HPOS="415" VPOS="1269" WIDTH="110" HEIGHT="28" WC="0.92" CONTENT="bidragets"/><SP WIDTH="26" VPOS="1269" HPOS="525"/>
							<String ID="string_225" HPOS="551" VPOS="1269" WIDTH="123" HEIGHT="28" WC="0.89" CONTENT="förnyande,"/><SP WIDTH="25" VPOS="1269" HPOS="674"/>
							<String ID="string_226" HPOS="699" VPOS="1269" WIDTH="95" HEIGHT="22" WC="0.82" CONTENT="hvartills"/><SP WIDTH="22" VPOS="1269" HPOS="794"/>
							<String ID="string_227" HPOS="816" VPOS="1267" WIDTH="80" HEIGHT="28" WC="0.92" CONTENT="jemväl"/>
						</TextLine>
					</TextBlock>
					<TextBlock ID="block_10" HPOS="83" VPOS="1297" WIDTH="60" HEIGHT="22">
						<TextLine ID="line_27" HPOS="83" VPOS="1297" WIDTH="60" HEIGHT="22">
							<String ID="string_228" HPOS="83" VPOS="1297" WIDTH="60" HEIGHT="22" WC="0.75" CONTENT="ifölls."/>
						</TextLine>
					</TextBlock>
				</ComposedBlock>
				<ComposedBlock ID="cblock_11" HPOS="66" VPOS="1359" WIDTH="834" HEIGHT="228">
					<TextBlock ID="block_11" HPOS="66" VPOS="1359" WIDTH="834" HEIGHT="198">
						<TextLine ID="line_28" HPOS="136" VPOS="1359" WIDTH="760" HEIGHT="28">
							<String ID="string_229" HPOS="136" VPOS="1359" WIDTH="32" HEIGHT="21" WC="0.95" CONTENT="Hr"/><SP WIDTH="15" VPOS="1359" HPOS="168"/>
							<String ID="string_230" HPOS="183" VPOS="1359" WIDTH="114" HEIGHT="22" WC="0.92" CONTENT="Taube:"/><SP WIDTH="29" VPOS="1359" HPOS="297"/>
							<String ID="string_231" HPOS="326" VPOS="1360" WIDTH="148" HEIGHT="22" WC="0.90" CONTENT="Förevarande"/><SP WIDTH="18" VPOS="1360" HPOS="474"/>
							<String ID="string_232" HPOS="492" VPOS="1360" WIDTH="181" HEIGHT="27" WC="0.91" CONTENT="petitionsförslag"/><SP WIDTH="9" VPOS="1360" HPOS="673"/>
							<String ID="string_233" HPOS="682" VPOS="1360" WIDTH="40" HEIGHT="21" WC="0.96" CONTENT="har"/><SP WIDTH="10" VPOS="1360" HPOS="722"/>
							<String ID="string_234" HPOS="732" VPOS="1360" WIDTH="39" HEIGHT="21" WC="0.96" CONTENT="hos"/><SP WIDTH="13" VPOS="1360" HPOS="771"/>
							<String ID="string_235" HPOS="784" VPOS="1359" WIDTH="112" HEIGHT="22" WC="0.86" CONTENT="Allmänna"/>
						</TextLine>
						<TextLine ID="line_29" HPOS="68" VPOS="1387" WIDTH="828" HEIGHT="28">
							<String ID="string_236" HPOS="68" VPOS="1388" WIDTH="197" HEIGHT="21" WC="0.90" CONTENT="Besvärsutskottet"/><SP WIDTH="14" VPOS="1388" HPOS="265"/>
							<String ID="string_237" HPOS="279" VPOS="1390" WIDTH="49" HEIGHT="19" WC="0.92" CONTENT="rönt"/><SP WIDTH="14" VPOS="1390" HPOS="328"/>
							<String ID="string_238" HPOS="342" VPOS="1395" WIDTH="81" HEIGHT="15" WC="0.93" CONTENT="samma"/><SP WIDTH="15" VPOS="1395" HPOS="423"/>
							<String ID="string_239" HPOS="438" VPOS="1389" WIDTH="47" HEIGHT="26" WC="0.91" CONTENT="öde,"/><SP WIDTH="17" VPOS="1389" HPOS="485"/>
							<String ID="string_240" HPOS="502" VPOS="1395" WIDTH="46" HEIGHT="15" WC="0.93" CONTENT="som"/><SP WIDTH="15" VPOS="1395" HPOS="548"/>
							<String ID="string_241" HPOS="563" VPOS="1388" WIDTH="50" HEIGHT="22" WC="0.91" CONTENT="flere"/><SP WIDTH="11" VPOS="1388" HPOS="613"/>
							<String ID="string_242" HPOS="624" VPOS="1389" WIDTH="67" HEIGHT="21" WC="0.96" CONTENT="andra"/><SP WIDTH="10" VPOS="1389" HPOS="691"/>
							<String ID="string_243" HPOS="701" VPOS="1388" WIDTH="35" HEIGHT="21" WC="0.96" CONTENT="vid"/><SP WIDTH="11" VPOS="1388" HPOS="736"/>
							<String ID="string_244" HPOS="747" VPOS="1388" WIDTH="68" HEIGHT="22" WC="0.93" CONTENT="denna"/><SP WIDTH="12" VPOS="1388" HPOS="815"/>
							<String ID="string_245" HPOS="827" VPOS="1387" WIDTH="69" HEIGHT="22" WC="0.91" CONTENT="landt-"/>
						</TextLine>
						<TextLine ID="line_30" HPOS="69" VPOS="1415" WIDTH="829" HEIGHT="28">
							<String ID="string_246" HPOS="69" VPOS="1416" WIDTH="41" HEIGHT="27" WC="0.93" CONTENT="dag"/><SP WIDTH="22" VPOS="1416" HPOS="110"/>
							<String ID="string_247" HPOS="132" VPOS="1415" WIDTH="32" HEIGHT="22" WC="0.93" CONTENT="till"/><SP WIDTH="22" VPOS="1415" HPOS="164"/>
							<String ID="string_248" HPOS="186" VPOS="1416" WIDTH="66" HEIGHT="27" WC="0.96" CONTENT="sagda"/><SP WIDTH="21" VPOS="1416" HPOS="252"/>
							<String ID="string_249" HPOS="273" VPOS="1416" WIDTH="83" HEIGHT="22" WC="0.93" CONTENT="utskott"/><SP WIDTH="23" VPOS="1416" HPOS="356"/>
							<String ID="string_250" HPOS="379" VPOS="1417" WIDTH="157" HEIGHT="22" WC="0.73" CONTENT="öfverlemnade"/><SP WIDTH="15" VPOS="1417" HPOS="536"/>
							<String ID="string_251" HPOS="551" VPOS="1417" WIDTH="93" HEIGHT="22" WC="0.93" CONTENT="ärenden"/><SP WIDTH="15" VPOS="1417" HPOS="644"/>
							<String ID="string_252" HPOS="659" VPOS="1416" WIDTH="131" HEIGHT="24" WC="0.92" CONTENT="vederfarits,"/><SP WIDTH="16" VPOS="1416" HPOS="790"/>
							<String ID="string_253" HPOS="806" VPOS="1415" WIDTH="42" HEIGHT="22" WC="0.93" CONTENT="och"/><SP WIDTH="16" VPOS="1415" HPOS="848"/>
							<String ID="string_254" HPOS="864" VPOS="1417" WIDTH="34" HEIGHT="20" WC="0.93" CONTENT="ut-"/>
						</TextLine>
						<TextLine ID="line_31" HPOS="66" VPOS="1444" WIDTH="833" HEIGHT="28">
							<String ID="string_255" HPOS="66" VPOS="1444" WIDTH="85" HEIGHT="21" WC="0.92" CONTENT="skottet"/><SP WIDTH="21" VPOS="1444" HPOS="151"/>
							<String ID="string_256" HPOS="172" VPOS="1444" WIDTH="40" HEIGHT="22" WC="0.93" CONTENT="har"/><SP WIDTH="21" VPOS="1444" HPOS="212"/>
							<String ID="string_257" HPOS="233" VPOS="1444" WIDTH="115" HEIGHT="28" WC="0.93" CONTENT="föreslagit,"/><SP WIDTH="16" VPOS="1444" HPOS="348"/>
							<String ID="string_258" HPOS="364" VPOS="1446" WIDTH="32" HEIGHT="20" WC="0.93" CONTENT="att"/><SP WIDTH="22" VPOS="1446" HPOS="396"/>
							<String ID="string_259" HPOS="418" VPOS="1445" WIDTH="124" HEIGHT="27" WC="0.91" CONTENT="ständerna,"/><SP WIDTH="15" VPOS="1445" HPOS="542"/>
							<String ID="string_260" HPOS="557" VPOS="1445" WIDTH="67" HEIGHT="22" WC="0.96" CONTENT="under"/><SP WIDTH="15" VPOS="1445" HPOS="624"/>
							<String ID="string_261" HPOS="639" VPOS="1445" WIDTH="110" HEIGHT="22" WC="0.97" CONTENT="uttalande"/><SP WIDTH="15" VPOS="1445" HPOS="749"/>
							<String ID="string_262" HPOS="764" VPOS="1444" WIDTH="23" HEIGHT="22" WC="0.96" CONTENT="af"/><SP WIDTH="13" VPOS="1444" HPOS="787"/>
							<String ID="string_263" HPOS="800" VPOS="1444" WIDTH="41" HEIGHT="22" WC="0.93" CONTENT="den"/><SP WIDTH="15" VPOS="1444" HPOS="841"/>
							<String ID="string_264" HPOS="856" VPOS="1444" WIDTH="43" HEIGHT="21" WC="0.93" CONTENT="för-"/>
						</TextLine>
						<TextLine ID="line_32" HPOS="68" VPOS="1471" WIDTH="830" HEIGHT="29">
							<String ID="string_265" HPOS="68" VPOS="1472" WIDTH="114" HEIGHT="28" WC="0.91" CONTENT="hoppning,"/><SP WIDTH="17" VPOS="1472" HPOS="182"/>
							<String ID="string_266" HPOS="199" VPOS="1474" WIDTH="33" HEIGHT="21" WC="0.96" CONTENT="att"/><SP WIDTH="15" VPOS="1474" HPOS="232"/>
							<String ID="string_267" HPOS="247" VPOS="1473" WIDTH="123" HEIGHT="27" WC="0.93" CONTENT="regeringen"/><SP WIDTH="10" VPOS="1473" HPOS="370"/>
							<String ID="string_268" HPOS="380" VPOS="1473" WIDTH="131" HEIGHT="22" WC="0.92" CONTENT="fortfarande"/><SP WIDTH="10" VPOS="1473" HPOS="511"/>
							<String ID="string_269" HPOS="521" VPOS="1473" WIDTH="107" HEIGHT="22" WC="0.93" CONTENT="verksamt"/><SP WIDTH="8" VPOS="1473" HPOS="628"/>
							<String ID="string_270" HPOS="636" VPOS="1473" WIDTH="113" HEIGHT="26" WC="0.93" CONTENT="befrämjar"/><SP WIDTH="10" VPOS="1473" HPOS="749"/>
							<String ID="string_271" HPOS="759" VPOS="1471" WIDTH="139" HEIGHT="28" WC="0.92" CONTENT="sjukvärdens"/>
						</TextLine>
						<TextLine ID="line_33" HPOS="68" VPOS="1499" WIDTH="832" HEIGHT="30">
							<String ID="string_272" HPOS="68" VPOS="1499" WIDTH="148" HEIGHT="24" WC="0.96" CONTENT="förbättrande"/><SP WIDTH="15" VPOS="1499" HPOS="216"/>
							<String ID="string_273" HPOS="231" VPOS="1502" WIDTH="28" HEIGHT="26" WC="0.96" CONTENT="pä"/><SP WIDTH="14" VPOS="1502" HPOS="259"/>
							<String ID="string_274" HPOS="273" VPOS="1501" WIDTH="77" HEIGHT="26" WC="0.96" CONTENT="landet,"/><SP WIDTH="17" VPOS="1501" HPOS="350"/>
							<String ID="string_275" HPOS="367" VPOS="1501" WIDTH="48" HEIGHT="22" WC="0.93" CONTENT="ville"/><SP WIDTH="14" VPOS="1501" HPOS="415"/>
							<String ID="string_276" HPOS="429" VPOS="1501" WIDTH="45" HEIGHT="22" WC="0.93" CONTENT="låta"/><SP WIDTH="15" VPOS="1501" HPOS="474"/>
							<String ID="string_277" HPOS="489" VPOS="1501" WIDTH="208" HEIGHT="28" WC="0.92" CONTENT="petitionsförslagen"/><SP WIDTH="10" VPOS="1501" HPOS="697"/>
							<String ID="string_278" HPOS="707" VPOS="1501" WIDTH="89" HEIGHT="22" WC="0.94" CONTENT="förfalla."/><SP WIDTH="25" VPOS="1501" HPOS="796"/>
							<String ID="string_279" HPOS="821" VPOS="1501" WIDTH="79" HEIGHT="21" WC="0.96" CONTENT="Denna"/>
						</TextLine>
						<TextLine ID="line_34" HPOS="69" VPOS="1528" WIDTH="827" HEIGHT="29">
							<String ID="string_280" HPOS="69" VPOS="1528" WIDTH="127" HEIGHT="22" WC="0.91" CONTENT="hemställan"/><SP WIDTH="15" VPOS="1528" HPOS="196"/>
							<String ID="string_281" HPOS="211" VPOS="1529" WIDTH="94" HEIGHT="27" WC="0.92" CONTENT="grundar"/><SP WIDTH="14" VPOS="1529" HPOS="305"/>
							<String ID="string_282" HPOS="319" VPOS="1529" WIDTH="105" HEIGHT="22" WC="0.91" CONTENT="utskottet"/><SP WIDTH="14" VPOS="1529" HPOS="424"/>
							<String ID="string_283" HPOS="438" VPOS="1529" WIDTH="184" HEIGHT="28" WC="0.92" CONTENT="hufvudsakligast"/><SP WIDTH="16" VPOS="1529" HPOS="622"/>
							<String ID="string_284" HPOS="638" VPOS="1529" WIDTH="71" HEIGHT="28" WC="0.92" CONTENT="derpä,"/><SP WIDTH="16" VPOS="1529" HPOS="709"/>
							<String ID="string_285" HPOS="725" VPOS="1531" WIDTH="32" HEIGHT="20" WC="0.96" CONTENT="att"/><SP WIDTH="14" VPOS="1531" HPOS="757"/>
							<String ID="string_286" HPOS="771" VPOS="1528" WIDTH="125" HEIGHT="28" WC="0.96" CONTENT="regeringen"/>
						</TextLine>
					</TextBlock>
					<TextBlock ID="block_12" HPOS="138" VPOS="1568" WIDTH="692" HEIGHT="19">
						<TextLine ID="line_35" HPOS="138" VPOS="1568" WIDTH="692" HEIGHT="19">
							<String ID="string_287" HPOS="138" VPOS="1569" WIDTH="37" HEIGHT="15" WC="0.95" CONTENT="N:o"/><SP WIDTH="13" VPOS="1569" HPOS="175"/>
							<String ID="string_288" HPOS="188" VPOS="1573" WIDTH="28" HEIGHT="14" WC="0.96" CONTENT="25."/><SP WIDTH="591" VPOS="1573" HPOS="216"/>
							<String ID="string_289" HPOS="807" VPOS="1568" WIDTH="23" HEIGHT="17" WC="0.95" CONTENT="52"/>
						</TextLine>
					</TextBlock>
				</ComposedBlock>
			</PrintSpace>
		</Page>
	</Layout>
</alto>
