1081 1739
320 111 25 17 R.
358 115 17 13 o.
388 111 23 17 A.
419 111 61 17 1888.
491 111 29 17 28
532 110 63 22 April.
839 105 41 21 889

150 196 58 21 Frih.
233 196 148 22 Molander:
411 196 42 27 Jag
475 196 51 21 ville
548 196 49 21 med
619 196 116 26 anledning
757 196 24 21 af
793 196 32 22 Hr
840 196 69 22 Furu-

80 225 77 27 hjelms
173 226 83 20 senaste
272 225 105 26 yttrande,
389 225 8 21 i
406 224 83 22 hvilket
505 224 32 21 Hr
552 224 125 27 Furuhjelm
693 224 81 27 pästär,
791 227 32 19 att
838 224 70 28 nägon

79 253 117 27 befallning
211 259 34 15 om
261 252 166 28 silfvermyntets
442 252 159 27 nedsmältning
611 252 55 22 dock
677 252 69 22 skulle
756 252 48 22 från
814 253 95 22 Senaten

79 281 71 27 utgätt
166 282 52 21 eller
233 283 32 19 att
280 281 192 27 bankfullmäktige
489 281 69 21 skulle
573 281 24 21 sä
611 281 65 21 hafva
685 281 110 27 uppfattat
806 281 103 21 Senatens

79 310 117 26 skrifvelse,
212 310 124 26 ytterligare
351 309 122 26 framhälla,
490 311 32 19 att
535 309 38 27 jag
587 310 47 20 icke
645 311 52 24 tror,
709 311 31 19 att
752 310 157 21 bankfullmäk-

79 338 44 27 tige
138 338 24 21 sä
176 338 109 26 uppfattat
299 338 52 21 eller
366 344 38 15 ens
419 338 83 21 kunnat
517 338 100 27 uppfatta
632 338 73 21 saken.
735 338 44 21 För
793 338 64 27 öfrigt
871 338 39 21 ber

78 367 38 27 jag
130 366 22 22 fä
165 372 102 22 upprepa,
283 368 32 20 att
328 367 36 27 jag
381 366 96 22 önskade
492 366 65 22 hafva
571 366 49 22 mitt
635 366 137 27 andragande
788 367 32 21 till
835 368 74 25 proto-

80 396 67 21 kollet
170 395 136 25 antecknadt,
329 394 28 27 pä
379 395 37 21 det
437 395 63 21 deraf
518 394 35 22 mä
568 394 88 28 framgä,
673 396 32 20 att
720 395 118 21 utskottets
853 396 57 20 utta-

80 424 66 21 lande
161 424 7 21 i
184 424 70 21 denna
268 424 39 20 sak
322 424 47 21 icke
383 423 91 22 korrekt
485 423 114 27 ätergifver
610 423 36 21 det
656 423 97 27 verkliga
760 423 149 21 förhällandet.

154 480 153 22 Diskussionen
322 480 91 21 rörande
429 480 159 21 ofvannämnda
607 480 110 21 uttalande
732 480 117 22 afslutades
864 480 47 22 der-

81 509 55 26 med,
160 515 48 15 men
230 508 124 22 föranledde
376 509 47 21 icke
443 509 33 21 till
492 508 67 27 nägot
574 508 77 25 beslut,
668 510 51 20 enär
733 508 66 28 nägot
814 509 95 27 yrkande

82 538 106 21 derunder
203 537 46 21 icke
264 537 123 21 framstälts.

151 594 57 22 Utan
224 594 139 26 anmärkning
378 594 113 26 godkände
507 594 24 21 R.
549 600 18 14 o.
584 594 25 20 A.
625 592 53 22 härä
693 593 118 22 utskottets
825 593 27 27 pä
862 599 48 21 pag.

82 624 24 20 21
124 623 127 21 framstälda
265 622 80 27 förslag
361 622 133 22 beträffande
509 622 96 21 bankens
620 622 133 21 vinstmedel.

151 679 169 22 Vidkommande
340 680 117 21 utskottets
473 679 28 27 pä
515 685 49 21 pag.
580 679 27 22 25
622 679 75 27 gjorda
712 679 80 27 förslag
807 685 34 15 om
857 678 53 22 infö-

82 709 66 21 rande
163 709 7 20 i
186 709 96 20 bankens
305 708 130 27 reglemente
459 709 22 20 af
503 710 32 19 ett
553 708 125 26 stadgande,
694 709 32 20 att
740 707 171 22 bestämmandet

84 737 23 21 af
127 737 89 21 arvodet
239 737 33 21 för
294 737 138 21 bestridande
455 737 24 20 af
499 736 67 27 ledigt
582 736 192 22 direktörsembete
789 737 40 20 och
845 735 66 21 bank-

84 765 214 26 kommissarietjenst
313 765 68 21 skulle
397 765 116 21 ankomma
528 765 27 26 pä
571 765 196 26 bankfullmäktige,
783 764 86 27 yttrade

152 822 33 21 Hr
207 823 24 20 L.
255 822 142 21 Mechelin:
427 822 34 21 En
477 822 52 21 ärad
544 821 76 24 talare,
635 821 33 21 Hr
683 821 104 26 Lindelöf,
803 821 40 20 har
857 820 7 21 i
879 822 32 19 ett

84 851 69 21 denna
168 851 76 21 debatt
259 851 112 20 inledande
386 851 138 26 andragande
540 851 52 20 stält
607 851 31 26 sig
648 849 28 27 pä
689 856 80 15 samma
780 849 131 26 ständpunkt

84 880 8 20 i
106 879 147 27 föreliggande
268 879 61 26 fräga
343 885 46 15 som
404 879 181 21 Bankutskottets
600 878 70 21 flertal
686 878 39 21 och
740 878 46 26 har,
797 877 70 22 sävidt
875 877 36 26 jag

83 907 82 21 kunnat
187 907 63 26 finna,
271 907 79 27 jemväl
372 907 96 27 godkänt
483 907 26 21 de
526 907 23 20 af
568 907 105 21 utskottet
689 906 125 21 framstälda
829 905 82 27 förslag

83 936 33 21 till
132 936 117 21 resolution
265 936 12 21 å
292 936 33 21 sid
341 937 34 20 25.
405 936 43 21 För
463 936 44 20 min
523 936 35 21 del
574 935 67 21 finner
654 936 37 26 jag
707 935 36 21 det
757 941 52 15 vara
824 934 23 21 af
861 934 50 21 tvif-

83 964 95 27 velaktig
193 964 103 27 riktighet
306 966 32 19 att
352 965 3 20 i
367 965 198 26 bankreglementet
575 964 70 21 införa
656 965 32 20 ett
698 964 125 26 stadgande,
834 963 77 20 sädant

84 999 45 15 som
144 993 37 21 det
195 993 125 26 föreslagna.
353 993 43 26 Mig
411 999 62 20 synes
489 995 33 18 att
538 993 25 20 de
579 993 7 20 i
601 992 146 21 betänkandet
762 992 39 21 sid.
817 991 27 21 23
858 991 53 21 refe-

84 1028 8 14 r
102 1021 64 21 erade
182 1021 84 26 äsigter,
282 1027 44 15 som
343 1021 22 21 af
378 1022 137 20 minoriteten
527 1021 6 20 i
543 1021 106 21 utskottet
665 1021 80 20 anförts
756 1021 7 20 i
773 1021 60 20 detta
843 1021 68 24 ämne,

83 1049 73 22 träffat
170 1049 76 27 frägan
262 1049 46 22 frän
324 1050 41 21 den
380 1051 57 20 rätta
452 1050 142 26 synpunkten.
615 1049 141 21 Pluraliteten
772 1050 61 25 säger
842 1043 13 38 ä
872 1047 39 21 sid.

84 1079 27 20 24
134 1080 32 19 att
189 1079 37 20 det
250 1079 41 20 kan
314 1080 68 19 sättas
397 1079 7 20 i
419 1078 68 27 fråga,
505 1085 33 14 om
555 1078 26 21 de
597 1077 28 27 pä
639 1077 158 22 administrativ
811 1078 41 25 väg
867 1076 44 21 till-

83 1107 79 21 komna
177 1106 187 27 författningarna,
380 1107 111 26 angäende
507 1107 130 20 civilstatens
653 1106 61 21 enke-
729 1106 40 21 och
780 1105 132 26 pupillkassa

83 1137 37 19 äro
143 1135 27 27 pä
186 1135 101 21 Finlands
303 1135 56 21 bank
375 1135 128 26 tillämpliga
519 1135 38 21 och
573 1135 37 20 vill
625 1134 114 21 framhälla
753 1133 158 26 nödvändighe-

83 1166 36 18 ten
134 1164 66 25 deraf,
216 1165 32 20 att
264 1163 190 27 bankfullmäktige
471 1164 62 20 skola
548 1169 39 20 ega
602 1163 129 26 befogenhet
746 1164 32 19 att
788 1162 48 21 med
855 1163 56 19 stän-

84 1192 76 21 dernas
183 1193 45 20 rätt
249 1192 118 21 bestämma
389 1199 35 14 om
447 1192 26 21 de
497 1192 76 25 medel,
589 1198 45 15 som
650 1192 33 20 för
698 1190 213 26 bankförvaltningen

83 1222 37 19 äro
144 1220 22 21 af
187 1221 76 21 nöden.
294 1221 62 20 Hvad
379 1227 28 14 nu
430 1221 149 26 stadgandena
601 1226 34 15 om
651 1220 130 21 civilstatens
793 1218 63 22 enke-
872 1218 39 21 och

82 1249 133 27 pupillkassa
237 1249 108 26 beträffar,
369 1249 24 21 sä
415 1249 64 21 hafva
503 1249 47 21 dei
566 1248 90 27 behörig
678 1249 41 26 väg
733 1247 123 22 tillkommit
871 1246 40 21 och

82 1278 73 20 kunna
177 1278 47 21 icke
246 1278 121 21 modifieras
382 1278 77 20 enkom
476 1277 33 21 för
526 1277 95 21 bankens
637 1277 67 25 skull;
723 1277 8 20 i
746 1276 39 22 och
801 1275 48 21 med
865 1275 46 20 det-

83 1312 81 15 samma
186 1306 96 21 bankens
304 1306 127 26 tjenstemän
454 1308 38 19 äro
511 1306 70 21 stälda
597 1305 70 21 säsom
683 1305 98 27 delegare
796 1304 7 21 i
819 1303 92 21 civilsta-

82 1336 48 20 tens
152 1334 64 22 enke-
239 1335 39 21 och
293 1335 138 26 pupillkassa,
451 1334 24 21 sä
491 1334 68 21 mäste
575 1334 7 20 i
597 1334 100 21 afseende
713 1333 12 21 ä
741 1334 47 20 dem
803 1332 108 25 tillämpas

82 1364 46 25 allt,
150 1363 57 21 hvad
230 1369 45 15 som
297 1364 68 26 gäller
388 1362 69 27 öfriga
473 1363 101 26 delegare
589 1363 7 20 i
611 1362 85 21 kassan.
727 1362 61 21 Hvad
804 1360 46 22 äter
866 1360 44 20 vid-

82 1393 96 21 kommer
200 1392 203 26 bankfallmäktiges
418 1391 130 26 befogenhet
563 1392 33 20 att
610 1390 49 22 med
674 1390 126 21 ständernas
815 1390 45 20 rätt
875 1388 36 21 be-

82 1422 92 20 stämma
196 1426 35 15 om
253 1420 150 21 användandet
425 1419 24 21 af
470 1420 97 20 bankens
590 1419 76 23 medel,
682 1419 24 21 sä
721 1418 62 22 torde
798 1418 35 20 väl
848 1417 62 26 ingen

82 1450 50 26 vilja
154 1449 88 21 förorda
264 1448 66 27 nägot
352 1448 85 27 inträng
452 1448 7 20 i
475 1448 71 21 denna
569 1448 134 26 befogenhet,
727 1453 48 15 men
794 1446 40 20 här
849 1447 25 18 är
887 1444 24 26 ju

82 1478 88 21 alldeles
192 1477 48 21 icke
262 1477 60 27 fråga
345 1483 42 19 om,
403 1478 32 20 att
451 1476 94 22 Senaten
561 1476 68 21 skulle
644 1476 22 21 få
681 1476 47 20 fritt
742 1475 119 21 bestämma
876 1479 34 15 om

82 1506 96 21 bankens
192 1506 70 21 medel
278 1505 54 21 efter
346 1505 77 26 behag.
453 1505 44 21 Det
512 1505 123 25 maximum,
655 1510 46 14 som
716 1504 43 20 kan
773 1504 7 20 i
794 1501 79 22 arvode
889 1500 22 22 åt
