<?xml version="1.0" encoding="UTF-8"?>
<alto xmlns="http://www.loc.gov/standards/alto/ns-v3#" xmlns:xlink="http://www.w3.org/1999/xlink" xmlns:xsi="http://www.w3.org/2001/XMLSchema-instance" xsi:schemaLocation="http://www.loc.gov/standards/alto/ns-v3# http://www.loc.gov/alto/v3/alto-3-0.xsd">
	<Description>
		<MeasurementUnit>pixel</MeasurementUnit>
		<sourceImageInformation>
			<fileName>/tmp/tess_c23dgfbl_input.PNG</fileName>
		</sourceImageInformation>
		<OCRProcessing ID="OCR_0">
			<ocrProcessingStep>
				<processingSoftware>
					<softwareName>tesseract 5.3.4</softwareName>
				</processingSoftware>
			</ocrProcessingStep>
		</OCRProcessing>
	</Description>
	<Layout>
		<Page WIDTH="1078" HEIGHT="1745" PHYSICAL_IMG_NR="0" ID="page_0">
			<PrintSpace HPOS="0" VPOS="0" WIDTH="1078" HEIGHT="1745">
				<ComposedBlock ID="cblock_0" HPOS="192" VPOS="111" WIDTH="508" HEIGHT="26">
					<TextBlock ID="block_0" HPOS="192" VPOS="111" WIDTH="508" HEIGHT="26">
						<TextLine ID="line_0" HPOS="192" VPOS="111" WIDTH="508" HEIGHT="26">
							<String ID="string_0" HPOS="192" VPOS="111" WIDTH="40" HEIGHT="20" WC="0.96" CONTENT="736"/><SP WIDTH="205" VPOS="111" HPOS="232"/>
							<String ID="string_1" HPOS="437" VPOS="115" WIDTH="25" HEIGHT="18" WC="0.96" CONTENT="R."/><SP WIDTH="12" VPOS="115" HPOS="462"/>
							<String ID="string_2" HPOS="474" VPOS="120" WIDTH="18" HEIGHT="13" WC="0.76" CONTENT="o."/><SP WIDTH="12" VPOS="120" HPOS="492"/>
							<String ID="string_3" HPOS="504" VPOS="116" WIDTH="23" HEIGHT="17" WC="0.91" CONTENT="A."/><SP WIDTH="12" VPOS="116" HPOS="527"/>
							<String ID="string_4" HPOS="539" VPOS="116" WIDTH="55" HEIGHT="17" WC="0.95" CONTENT="1888."/><SP WIDTH="13" VPOS="116" HPOS="594"/>
							<String ID="string_5" HPOS="607" VPOS="116" WIDTH="22" HEIGHT="17" WC="0.96" CONTENT="19"/><SP WIDTH="8" VPOS="116" HPOS="629"/>
							<String ID="string_6" HPOS="637" VPOS="115" WIDTH="63" HEIGHT="22" WC="0.96" CONTENT="April."/>
						</TextLine>
					</TextBlock>
				</ComposedBlock>
				<GraphicalElement ID="cblock_1" HPOS="165" VPOS="152" WIDTH="818" HEIGHT="12"></GraphicalElement >
				<ComposedBlock ID="cblock_2" HPOS="154" VPOS="201" WIDTH="836" HEIGHT="1342">
					<TextBlock ID="block_1" HPOS="154" VPOS="201" WIDTH="836" HEIGHT="1342">
						<TextLine ID="line_1" HPOS="163" VPOS="201" WIDTH="825" HEIGHT="28">
							<String ID="string_7" HPOS="163" VPOS="201" WIDTH="100" HEIGHT="28" WC="0.92" CONTENT="slutligen"/><SP WIDTH="24" VPOS="201" HPOS="263"/>
							<String ID="string_8" HPOS="287" VPOS="207" WIDTH="52" HEIGHT="16" WC="0.96" CONTENT="vara"/><SP WIDTH="22" VPOS="207" HPOS="339"/>
							<String ID="string_9" HPOS="361" VPOS="202" WIDTH="39" HEIGHT="21" WC="0.93" CONTENT="den"/><SP WIDTH="23" VPOS="202" HPOS="400"/>
							<String ID="string_10" HPOS="423" VPOS="202" WIDTH="106" HEIGHT="21" WC="0.92" CONTENT="ordinarie"/><SP WIDTH="23" VPOS="202" HPOS="529"/>
							<String ID="string_11" HPOS="552" VPOS="203" WIDTH="200" HEIGHT="26" WC="0.92" CONTENT="ordningsmaktens"/><SP WIDTH="21" VPOS="203" HPOS="752"/>
							<String ID="string_12" HPOS="773" VPOS="201" WIDTH="154" HEIGHT="28" WC="0.92" CONTENT="handtlangare"/><SP WIDTH="19" VPOS="201" HPOS="927"/>
							<String ID="string_13" HPOS="946" VPOS="201" WIDTH="42" HEIGHT="22" WC="0.95" CONTENT="och"/>
						</TextLine>
						<TextLine ID="line_2" HPOS="164" VPOS="229" WIDTH="826" HEIGHT="29">
							<String ID="string_14" HPOS="164" VPOS="230" WIDTH="100" HEIGHT="27" WC="0.94" CONTENT="ödmjuka"/><SP WIDTH="15" VPOS="230" HPOS="264"/>
							<String ID="string_15" HPOS="279" VPOS="229" WIDTH="87" HEIGHT="27" WC="0.95" CONTENT="tjenare."/><SP WIDTH="30" VPOS="229" HPOS="366"/>
							<String ID="string_16" HPOS="396" VPOS="231" WIDTH="111" HEIGHT="27" WC="0.96" CONTENT="Ingenting"/><SP WIDTH="15" VPOS="231" HPOS="507"/>
							<String ID="string_17" HPOS="522" VPOS="231" WIDTH="40" HEIGHT="21" WC="0.96" CONTENT="har"/><SP WIDTH="15" VPOS="231" HPOS="562"/>
							<String ID="string_18" HPOS="577" VPOS="231" WIDTH="82" HEIGHT="22" WC="0.96" CONTENT="kunnat"/><SP WIDTH="14" VPOS="231" HPOS="659"/>
							<String ID="string_19" HPOS="673" VPOS="237" WIDTH="53" HEIGHT="15" WC="0.96" CONTENT="vara"/><SP WIDTH="14" VPOS="237" HPOS="726"/>
							<String ID="string_20" HPOS="740" VPOS="237" WIDTH="62" HEIGHT="15" WC="0.96" CONTENT="mera"/><SP WIDTH="8" VPOS="237" HPOS="802"/>
							<String ID="string_21" HPOS="810" VPOS="230" WIDTH="132" HEIGHT="22" WC="0.93" CONTENT="främmande"/><SP WIDTH="10" VPOS="230" HPOS="942"/>
							<String ID="string_22" HPOS="952" VPOS="231" WIDTH="38" HEIGHT="21" WC="0.76" CONTENT="för"/>
						</TextLine>
						<TextLine ID="line_3" HPOS="163" VPOS="259" WIDTH="823" HEIGHT="28">
							<String ID="string_23" HPOS="163" VPOS="259" WIDTH="112" HEIGHT="26" WC="0.92" CONTENT="förslagets"/><SP WIDTH="22" VPOS="259" HPOS="275"/>
							<String ID="string_24" HPOS="297" VPOS="259" WIDTH="141" HEIGHT="26" WC="0.92" CONTENT="upphofsmän"/><SP WIDTH="22" VPOS="259" HPOS="438"/>
							<String ID="string_25" HPOS="460" VPOS="261" WIDTH="27" HEIGHT="20" WC="0.96" CONTENT="än"/><SP WIDTH="23" VPOS="261" HPOS="487"/>
							<String ID="string_26" HPOS="510" VPOS="266" WIDTH="26" HEIGHT="15" WC="0.92" CONTENT="en"/><SP WIDTH="24" VPOS="266" HPOS="536"/>
							<String ID="string_27" HPOS="560" VPOS="259" WIDTH="66" HEIGHT="22" WC="0.92" CONTENT="sädan"/><SP WIDTH="19" VPOS="259" HPOS="626"/>
							<String ID="string_28" HPOS="645" VPOS="259" WIDTH="144" HEIGHT="28" WC="0.96" CONTENT="uppfattning."/><SP WIDTH="30" VPOS="259" HPOS="789"/>
							<String ID="string_29" HPOS="819" VPOS="259" WIDTH="31" HEIGHT="21" WC="0.92" CONTENT="De"/><SP WIDTH="15" VPOS="259" HPOS="850"/>
							<String ID="string_30" HPOS="865" VPOS="259" WIDTH="64" HEIGHT="21" WC="0.92" CONTENT="hafva"/><SP WIDTH="14" VPOS="259" HPOS="929"/>
							<String ID="string_31" HPOS="943" VPOS="259" WIDTH="43" HEIGHT="22" WC="0.97" CONTENT="fast"/>
						</TextLine>
						<TextLine ID="line_4" HPOS="163" VPOS="287" WIDTH="823" HEIGHT="28">
							<String ID="string_32" HPOS="163" VPOS="293" WIDTH="46" HEIGHT="16" WC="0.96" CONTENT="mer"/><SP WIDTH="15" VPOS="293" HPOS="209"/>
							<String ID="string_33" HPOS="224" VPOS="287" WIDTH="39" HEIGHT="21" WC="0.93" CONTENT="och"/><SP WIDTH="15" VPOS="287" HPOS="263"/>
							<String ID="string_34" HPOS="278" VPOS="287" WIDTH="88" HEIGHT="22" WC="0.92" CONTENT="framför"/><SP WIDTH="15" VPOS="287" HPOS="366"/>
							<String ID="string_35" HPOS="381" VPOS="288" WIDTH="38" HEIGHT="21" WC="0.96" CONTENT="allt"/><SP WIDTH="14" VPOS="288" HPOS="419"/>
							<String ID="string_36" HPOS="433" VPOS="290" WIDTH="66" HEIGHT="19" WC="0.93" CONTENT="annat"/><SP WIDTH="14" VPOS="290" HPOS="499"/>
							<String ID="string_37" HPOS="513" VPOS="288" WIDTH="47" HEIGHT="21" WC="0.90" CONTENT="haft"/><SP WIDTH="15" VPOS="288" HPOS="560"/>
							<String ID="string_38" HPOS="575" VPOS="289" WIDTH="7" HEIGHT="20" WC="0.93" CONTENT="i"/><SP WIDTH="16" VPOS="289" HPOS="582"/>
							<String ID="string_39" HPOS="598" VPOS="289" WIDTH="59" HEIGHT="26" WC="0.93" CONTENT="sigte,"/><SP WIDTH="12" VPOS="289" HPOS="657"/>
							<String ID="string_40" HPOS="669" VPOS="290" WIDTH="33" HEIGHT="19" WC="0.93" CONTENT="att"/><SP WIDTH="14" VPOS="290" HPOS="702"/>
							<String ID="string_41" HPOS="716" VPOS="287" WIDTH="149" HEIGHT="22" WC="0.91" CONTENT="ästadkomma"/><SP WIDTH="11" VPOS="287" HPOS="865"/>
							<String ID="string_42" HPOS="876" VPOS="294" WIDTH="32" HEIGHT="19" WC="0.96" CONTENT="en,"/><SP WIDTH="12" VPOS="294" HPOS="908"/>
							<String ID="string_43" HPOS="920" VPOS="288" WIDTH="66" HEIGHT="27" WC="0.96" CONTENT="enligt"/>
						</TextLine>
						<TextLine ID="line_5" HPOS="164" VPOS="315" WIDTH="822" HEIGHT="28">
							<String ID="string_44" HPOS="164" VPOS="317" WIDTH="62" HEIGHT="20" WC="0.93" CONTENT="deras"/><SP WIDTH="15" VPOS="317" HPOS="226"/>
							<String ID="string_45" HPOS="241" VPOS="315" WIDTH="60" HEIGHT="27" WC="0.92" CONTENT="äsigt,"/><SP WIDTH="17" VPOS="315" HPOS="301"/>
							<String ID="string_46" HPOS="318" VPOS="316" WIDTH="62" HEIGHT="27" WC="0.91" CONTENT="högst"/><SP WIDTH="15" VPOS="316" HPOS="380"/>
							<String ID="string_47" HPOS="395" VPOS="317" WIDTH="126" HEIGHT="26" WC="0.93" CONTENT="nödvändig,"/><SP WIDTH="16" VPOS="317" HPOS="521"/>
							<String ID="string_48" HPOS="537" VPOS="317" WIDTH="104" HEIGHT="26" WC="0.92" CONTENT="väsentlig"/><SP WIDTH="15" VPOS="317" HPOS="641"/>
							<String ID="string_49" HPOS="656" VPOS="317" WIDTH="39" HEIGHT="21" WC="0.93" CONTENT="och"/><SP WIDTH="15" VPOS="317" HPOS="695"/>
							<String ID="string_50" HPOS="710" VPOS="316" WIDTH="96" HEIGHT="27" WC="0.92" CONTENT="naturlig"/><SP WIDTH="14" VPOS="316" HPOS="806"/>
							<String ID="string_51" HPOS="820" VPOS="316" WIDTH="166" HEIGHT="27" WC="0.91" CONTENT="komplettering"/>
						</TextLine>
						<TextLine ID="line_6" HPOS="162" VPOS="343" WIDTH="823" HEIGHT="28">
							<String ID="string_52" HPOS="162" VPOS="345" WIDTH="23" HEIGHT="21" WC="0.92" CONTENT="af"/><SP WIDTH="14" VPOS="345" HPOS="185"/>
							<String ID="string_53" HPOS="199" VPOS="343" WIDTH="149" HEIGHT="28" WC="0.92" CONTENT="sjelfstyrelsen"/><SP WIDTH="15" VPOS="343" HPOS="348"/>
							<String ID="string_54" HPOS="363" VPOS="345" WIDTH="57" HEIGHT="22" WC="0.96" CONTENT="inom"/><SP WIDTH="15" VPOS="345" HPOS="420"/>
							<String ID="string_55" HPOS="435" VPOS="345" WIDTH="154" HEIGHT="22" WC="0.96" CONTENT="kommunerna"/><SP WIDTH="15" VPOS="345" HPOS="589"/>
							<String ID="string_56" HPOS="604" VPOS="345" WIDTH="39" HEIGHT="22" WC="0.96" CONTENT="och"/><SP WIDTH="15" VPOS="345" HPOS="643"/>
							<String ID="string_57" HPOS="658" VPOS="345" WIDTH="6" HEIGHT="21" WC="0.89" CONTENT="i"/><SP WIDTH="12" VPOS="345" HPOS="664"/>
							<String ID="string_58" HPOS="676" VPOS="345" WIDTH="77" HEIGHT="22" WC="0.89" CONTENT="sädant"/><SP WIDTH="11" VPOS="345" HPOS="753"/>
							<String ID="string_59" HPOS="764" VPOS="345" WIDTH="100" HEIGHT="21" WC="0.92" CONTENT="afseende"/><SP WIDTH="11" VPOS="345" HPOS="864"/>
							<String ID="string_60" HPOS="875" VPOS="345" WIDTH="110" HEIGHT="26" WC="0.93" CONTENT="föreslagit"/>
						</TextLine>
						<TextLine ID="line_7" HPOS="163" VPOS="373" WIDTH="823" HEIGHT="27">
							<String ID="string_61" HPOS="163" VPOS="374" WIDTH="61" HEIGHT="21" WC="0.80" CONTENT="dessa"/><SP WIDTH="22" VPOS="374" HPOS="224"/>
							<String ID="string_62" HPOS="246" VPOS="373" WIDTH="155" HEIGHT="27" WC="0.80" CONTENT="ordningsmän,"/><SP WIDTH="26" VPOS="373" HPOS="401"/>
							<String ID="string_63" HPOS="427" VPOS="374" WIDTH="39" HEIGHT="21" WC="0.93" CONTENT="hos"/><SP WIDTH="21" VPOS="374" HPOS="466"/>
							<String ID="string_64" HPOS="487" VPOS="374" WIDTH="73" HEIGHT="21" WC="0.93" CONTENT="hvilka"/><SP WIDTH="22" VPOS="374" HPOS="560"/>
							<String ID="string_65" HPOS="582" VPOS="374" WIDTH="124" HEIGHT="21" WC="0.91" CONTENT="distriktens"/><SP WIDTH="20" VPOS="374" HPOS="706"/>
							<String ID="string_66" HPOS="726" VPOS="373" WIDTH="101" HEIGHT="22" WC="0.96" CONTENT="invånare"/><SP WIDTH="15" VPOS="373" HPOS="827"/>
							<String ID="string_67" HPOS="842" VPOS="374" WIDTH="7" HEIGHT="20" WC="0.93" CONTENT="i"/><SP WIDTH="15" VPOS="374" HPOS="849"/>
							<String ID="string_68" HPOS="864" VPOS="373" WIDTH="52" HEIGHT="22" WC="0.96" CONTENT="våra"/><SP WIDTH="14" VPOS="373" HPOS="916"/>
							<String ID="string_69" HPOS="930" VPOS="373" WIDTH="56" HEIGHT="27" WC="0.96" CONTENT="glest"/>
						</TextLine>
						<TextLine ID="line_8" HPOS="162" VPOS="401" WIDTH="827" HEIGHT="28">
							<String ID="string_70" HPOS="162" VPOS="401" WIDTH="112" HEIGHT="22" WC="0.96" CONTENT="befolkade"/><SP WIDTH="23" VPOS="401" HPOS="274"/>
							<String ID="string_71" HPOS="297" VPOS="402" WIDTH="39" HEIGHT="21" WC="0.96" CONTENT="och"/><SP WIDTH="22" VPOS="402" HPOS="336"/>
							<String ID="string_72" HPOS="358" VPOS="403" WIDTH="131" HEIGHT="21" WC="0.93" CONTENT="vidsträckta"/><SP WIDTH="21" VPOS="403" HPOS="489"/>
							<String ID="string_73" HPOS="510" VPOS="403" WIDTH="88" HEIGHT="26" WC="0.96" CONTENT="bygder,"/><SP WIDTH="18" VPOS="403" HPOS="598"/>
							<String ID="string_74" HPOS="616" VPOS="402" WIDTH="29" HEIGHT="27" WC="0.96" CONTENT="pä"/><SP WIDTH="13" VPOS="402" HPOS="645"/>
							<String ID="string_75" HPOS="658" VPOS="404" WIDTH="110" HEIGHT="20" WC="0.93" CONTENT="närmaste"/><SP WIDTH="16" VPOS="404" HPOS="768"/>
							<String ID="string_76" HPOS="784" VPOS="401" WIDTH="43" HEIGHT="22" WC="0.96" CONTENT="håll"/><SP WIDTH="16" VPOS="401" HPOS="827"/>
							<String ID="string_77" HPOS="843" VPOS="402" WIDTH="70" HEIGHT="21" WC="0.96" CONTENT="kunde"/><SP WIDTH="15" VPOS="402" HPOS="913"/>
							<String ID="string_78" HPOS="928" VPOS="401" WIDTH="61" HEIGHT="22" WC="0.96" CONTENT="finna."/>
						</TextLine>
						<TextLine ID="line_9" HPOS="162" VPOS="430" WIDTH="822" HEIGHT="27">
							<String ID="string_79" HPOS="162" VPOS="431" WIDTH="68" HEIGHT="26" WC="0.95" CONTENT="skydd"/><SP WIDTH="15" VPOS="431" HPOS="230"/>
							<String ID="string_80" HPOS="245" VPOS="430" WIDTH="39" HEIGHT="22" WC="0.96" CONTENT="och"/><SP WIDTH="18" VPOS="430" HPOS="284"/>
							<String ID="string_81" HPOS="302" VPOS="431" WIDTH="48" HEIGHT="21" WC="0.96" CONTENT="stöd"/><SP WIDTH="15" VPOS="431" HPOS="350"/>
							<String ID="string_82" HPOS="365" VPOS="433" WIDTH="45" HEIGHT="19" WC="0.96" CONTENT="mot"/><SP WIDTH="14" VPOS="433" HPOS="410"/>
							<String ID="string_83" HPOS="424" VPOS="431" WIDTH="39" HEIGHT="21" WC="0.93" CONTENT="allt"/><SP WIDTH="15" VPOS="431" HPOS="463"/>
							<String ID="string_84" HPOS="478" VPOS="431" WIDTH="56" HEIGHT="26" WC="0.93" CONTENT="slags"/><SP WIDTH="16" VPOS="431" HPOS="534"/>
							<String ID="string_85" HPOS="550" VPOS="431" WIDTH="114" HEIGHT="24" WC="0.92" CONTENT="öfverväld,"/><SP WIDTH="17" VPOS="431" HPOS="664"/>
							<String ID="string_86" HPOS="681" VPOS="431" WIDTH="39" HEIGHT="22" WC="0.97" CONTENT="och"/><SP WIDTH="16" VPOS="431" HPOS="720"/>
							<String ID="string_87" HPOS="736" VPOS="431" WIDTH="34" HEIGHT="21" WC="0.93" CONTENT="till"/><SP WIDTH="15" VPOS="431" HPOS="770"/>
							<String ID="string_88" HPOS="785" VPOS="430" WIDTH="73" HEIGHT="21" WC="0.96" CONTENT="hvilka"/><SP WIDTH="15" VPOS="430" HPOS="858"/>
							<String ID="string_89" HPOS="873" VPOS="431" WIDTH="25" HEIGHT="20" WC="0.96" CONTENT="de"/><SP WIDTH="15" VPOS="431" HPOS="898"/>
							<String ID="string_90" HPOS="913" VPOS="430" WIDTH="71" HEIGHT="21" WC="0.96" CONTENT="kunde"/>
						</TextLine>
						<TextLine ID="line_10" HPOS="161" VPOS="458" WIDTH="826" HEIGHT="29">
							<String ID="string_91" HPOS="161" VPOS="459" WIDTH="72" HEIGHT="21" WC="0.96" CONTENT="blicka"/><SP WIDTH="18" VPOS="459" HPOS="233"/>
							<String ID="string_92" HPOS="251" VPOS="465" WIDTH="44" HEIGHT="20" WC="0.96" CONTENT="upp"/><SP WIDTH="15" VPOS="465" HPOS="295"/>
							<String ID="string_93" HPOS="310" VPOS="459" WIDTH="48" HEIGHT="22" WC="0.93" CONTENT="med"/><SP WIDTH="16" VPOS="459" HPOS="358"/>
							<String ID="string_94" HPOS="374" VPOS="459" WIDTH="87" HEIGHT="28" WC="0.96" CONTENT="aktning"/><SP WIDTH="15" VPOS="459" HPOS="461"/>
							<String ID="string_95" HPOS="476" VPOS="460" WIDTH="39" HEIGHT="21" WC="0.93" CONTENT="och"/><SP WIDTH="15" VPOS="460" HPOS="515"/>
							<String ID="string_96" HPOS="530" VPOS="460" WIDTH="129" HEIGHT="25" WC="0.96" CONTENT="förtroende,"/><SP WIDTH="16" VPOS="460" HPOS="659"/>
							<String ID="string_97" HPOS="675" VPOS="459" WIDTH="71" HEIGHT="22" WC="0.95" CONTENT="såsom"/><SP WIDTH="16" VPOS="459" HPOS="746"/>
							<String ID="string_98" HPOS="762" VPOS="459" WIDTH="34" HEIGHT="21" WC="0.96" CONTENT="till"/><SP WIDTH="15" VPOS="459" HPOS="796"/>
							<String ID="string_99" HPOS="811" VPOS="459" WIDTH="23" HEIGHT="21" WC="0.96" CONTENT="af"/><SP WIDTH="14" VPOS="459" HPOS="834"/>
							<String ID="string_100" HPOS="848" VPOS="459" WIDTH="47" HEIGHT="21" WC="0.92" CONTENT="dem"/><SP WIDTH="15" VPOS="459" HPOS="895"/>
							<String ID="string_101" HPOS="910" VPOS="458" WIDTH="77" HEIGHT="28" WC="0.96" CONTENT="sjelfva"/>
						</TextLine>
						<TextLine ID="line_11" HPOS="161" VPOS="487" WIDTH="823" HEIGHT="28">
							<String ID="string_102" HPOS="161" VPOS="488" WIDTH="62" HEIGHT="21" WC="0.91" CONTENT="valde"/><SP WIDTH="21" VPOS="488" HPOS="223"/>
							<String ID="string_103" HPOS="244" VPOS="487" WIDTH="88" HEIGHT="22" WC="0.92" CONTENT="väktare"/><SP WIDTH="22" VPOS="487" HPOS="332"/>
							<String ID="string_104" HPOS="354" VPOS="488" WIDTH="23" HEIGHT="21" WC="0.96" CONTENT="af"/><SP WIDTH="21" VPOS="488" HPOS="377"/>
							<String ID="string_105" HPOS="398" VPOS="489" WIDTH="40" HEIGHT="20" WC="0.96" CONTENT="den"/><SP WIDTH="22" VPOS="489" HPOS="438"/>
							<String ID="string_106" HPOS="460" VPOS="489" WIDTH="108" HEIGHT="21" WC="0.92" CONTENT="allmänna"/><SP WIDTH="22" VPOS="489" HPOS="568"/>
							<String ID="string_107" HPOS="590" VPOS="489" WIDTH="116" HEIGHT="26" WC="0.92" CONTENT="ordningen"/><SP WIDTH="24" VPOS="489" HPOS="706"/>
							<String ID="string_108" HPOS="730" VPOS="488" WIDTH="40" HEIGHT="21" WC="0.93" CONTENT="och"/><SP WIDTH="15" VPOS="488" HPOS="770"/>
							<String ID="string_109" HPOS="785" VPOS="487" WIDTH="127" HEIGHT="22" WC="0.92" CONTENT="säkerheten"/><SP WIDTH="15" VPOS="487" HPOS="912"/>
							<String ID="string_110" HPOS="927" VPOS="488" WIDTH="57" HEIGHT="21" WC="0.96" CONTENT="inom"/>
						</TextLine>
						<TextLine ID="line_12" HPOS="161" VPOS="516" WIDTH="823" HEIGHT="28">
							<String ID="string_111" HPOS="161" VPOS="516" WIDTH="134" HEIGHT="21" WC="0.90" CONTENT="kommunen."/><SP WIDTH="30" VPOS="516" HPOS="295"/>
							<String ID="string_112" HPOS="325" VPOS="517" WIDTH="43" HEIGHT="21" WC="0.93" CONTENT="Det"/><SP WIDTH="15" VPOS="517" HPOS="368"/>
							<String ID="string_113" HPOS="383" VPOS="523" WIDTH="61" HEIGHT="20" WC="0.92" CONTENT="synes"/><SP WIDTH="15" VPOS="523" HPOS="444"/>
							<String ID="string_114" HPOS="459" VPOS="517" WIDTH="43" HEIGHT="27" WC="0.96" CONTENT="mig"/><SP WIDTH="14" VPOS="517" HPOS="502"/>
							<String ID="string_115" HPOS="516" VPOS="517" WIDTH="127" HEIGHT="26" WC="0.95" CONTENT="uppenbart,"/><SP WIDTH="19" VPOS="517" HPOS="643"/>
							<String ID="string_116" HPOS="662" VPOS="519" WIDTH="33" HEIGHT="19" WC="0.96" CONTENT="att"/><SP WIDTH="14" VPOS="519" HPOS="695"/>
							<String ID="string_117" HPOS="709" VPOS="517" WIDTH="41" HEIGHT="20" WC="0.96" CONTENT="här"/><SP WIDTH="10" VPOS="517" HPOS="750"/>
							<String ID="string_118" HPOS="760" VPOS="523" WIDTH="27" HEIGHT="14" WC="0.93" CONTENT="en"/><SP WIDTH="10" VPOS="523" HPOS="787"/>
							<String ID="string_119" HPOS="797" VPOS="516" WIDTH="187" HEIGHT="27" WC="0.92" CONTENT="missuppfattning"/>
						</TextLine>
						<TextLine ID="line_13" HPOS="162" VPOS="545" WIDTH="822" HEIGHT="27">
							<String ID="string_120" HPOS="162" VPOS="545" WIDTH="23" HEIGHT="21" WC="0.96" CONTENT="af"/><SP WIDTH="14" VPOS="545" HPOS="185"/>
							<String ID="string_121" HPOS="199" VPOS="545" WIDTH="35" HEIGHT="21" WC="0.93" CONTENT="det"/><SP WIDTH="15" VPOS="545" HPOS="234"/>
							<String ID="string_122" HPOS="249" VPOS="547" WIDTH="58" HEIGHT="19" WC="0.96" CONTENT="rätta"/><SP WIDTH="14" VPOS="547" HPOS="307"/>
							<String ID="string_123" HPOS="321" VPOS="545" WIDTH="119" HEIGHT="22" WC="0.96" CONTENT="förståndet"/><SP WIDTH="18" VPOS="545" HPOS="440"/>
							<String ID="string_124" HPOS="458" VPOS="546" WIDTH="48" HEIGHT="21" WC="0.96" CONTENT="med"/><SP WIDTH="16" VPOS="546" HPOS="506"/>
							<String ID="string_125" HPOS="522" VPOS="546" WIDTH="41" HEIGHT="21" WC="0.93" CONTENT="den"/><SP WIDTH="15" VPOS="546" HPOS="563"/>
							<String ID="string_126" HPOS="578" VPOS="545" WIDTH="48" HEIGHT="22" WC="0.93" CONTENT="nåd."/><SP WIDTH="16" VPOS="545" HPOS="626"/>
							<String ID="string_127" HPOS="642" VPOS="551" WIDTH="87" HEIGHT="21" WC="0.92" CONTENT="prop:ns"/><SP WIDTH="16" VPOS="551" HPOS="729"/>
							<String ID="string_128" HPOS="745" VPOS="545" WIDTH="107" HEIGHT="27" WC="0.93" CONTENT="egentliga"/><SP WIDTH="14" VPOS="545" HPOS="852"/>
							<String ID="string_129" HPOS="866" VPOS="545" WIDTH="68" HEIGHT="21" WC="0.96" CONTENT="kärna"/><SP WIDTH="15" VPOS="545" HPOS="934"/>
							<String ID="string_130" HPOS="949" VPOS="547" WIDTH="35" HEIGHT="24" WC="0.96" CONTENT="egt"/>
						</TextLine>
						<TextLine ID="line_14" HPOS="161" VPOS="573" WIDTH="826" HEIGHT="28">
							<String ID="string_131" HPOS="161" VPOS="579" WIDTH="54" HEIGHT="19" WC="0.96" CONTENT="rum,"/><SP WIDTH="23" VPOS="579" HPOS="215"/>
							<String ID="string_132" HPOS="238" VPOS="573" WIDTH="39" HEIGHT="22" WC="0.96" CONTENT="och"/><SP WIDTH="22" VPOS="573" HPOS="277"/>
							<String ID="string_133" HPOS="299" VPOS="575" WIDTH="33" HEIGHT="20" WC="0.96" CONTENT="att"/><SP WIDTH="15" VPOS="575" HPOS="332"/>
							<String ID="string_134" HPOS="347" VPOS="573" WIDTH="64" HEIGHT="22" WC="0.96" CONTENT="också"/><SP WIDTH="14" VPOS="573" HPOS="411"/>
							<String ID="string_135" HPOS="425" VPOS="574" WIDTH="69" HEIGHT="27" WC="0.96" CONTENT="någon"/><SP WIDTH="17" VPOS="574" HPOS="494"/>
							<String ID="string_136" HPOS="511" VPOS="574" WIDTH="98" HEIGHT="22" WC="0.96" CONTENT="oklarhet"/><SP WIDTH="15" VPOS="574" HPOS="609"/>
							<String ID="string_137" HPOS="624" VPOS="580" WIDTH="62" HEIGHT="21" WC="0.96" CONTENT="synes"/><SP WIDTH="14" VPOS="580" HPOS="686"/>
							<String ID="string_138" HPOS="700" VPOS="580" WIDTH="52" HEIGHT="15" WC="0.96" CONTENT="vara"/><SP WIDTH="17" VPOS="580" HPOS="752"/>
							<String ID="string_139" HPOS="769" VPOS="573" WIDTH="94" HEIGHT="22" WC="0.96" CONTENT="rådande"/><SP WIDTH="16" VPOS="573" HPOS="863"/>
							<String ID="string_140" HPOS="879" VPOS="579" WIDTH="33" HEIGHT="16" WC="0.92" CONTENT="om"/><SP WIDTH="16" VPOS="579" HPOS="912"/>
							<String ID="string_141" HPOS="928" VPOS="573" WIDTH="59" HEIGHT="27" WC="0.92" CONTENT="sjelf-"/>
						</TextLine>
						<TextLine ID="line_15" HPOS="161" VPOS="601" WIDTH="825" HEIGHT="28">
							<String ID="string_142" HPOS="161" VPOS="602" WIDTH="208" HEIGHT="27" WC="0.92" CONTENT="styrelseprincipens"/><SP WIDTH="16" VPOS="602" HPOS="369"/>
							<String ID="string_143" HPOS="385" VPOS="605" WIDTH="56" HEIGHT="19" WC="0.96" CONTENT="rätta"/><SP WIDTH="15" VPOS="605" HPOS="441"/>
							<String ID="string_144" HPOS="456" VPOS="605" WIDTH="64" HEIGHT="19" WC="0.96" CONTENT="natur"/><SP WIDTH="14" VPOS="605" HPOS="520"/>
							<String ID="string_145" HPOS="534" VPOS="603" WIDTH="40" HEIGHT="21" WC="0.96" CONTENT="och"/><SP WIDTH="15" VPOS="603" HPOS="574"/>
							<String ID="string_146" HPOS="589" VPOS="605" WIDTH="71" HEIGHT="19" WC="0.96" CONTENT="väsen."/><SP WIDTH="29" VPOS="605" HPOS="660"/>
							<String ID="string_147" HPOS="689" VPOS="603" WIDTH="42" HEIGHT="26" WC="0.95" CONTENT="Jag"/><SP WIDTH="21" VPOS="603" HPOS="731"/>
							<String ID="string_148" HPOS="752" VPOS="602" WIDTH="80" HEIGHT="21" WC="0.95" CONTENT="tillåter"/><SP WIDTH="16" VPOS="602" HPOS="832"/>
							<String ID="string_149" HPOS="848" VPOS="602" WIDTH="41" HEIGHT="27" WC="0.96" CONTENT="mig"/><SP WIDTH="16" VPOS="602" HPOS="889"/>
							<String ID="string_150" HPOS="905" VPOS="601" WIDTH="81" HEIGHT="26" WC="0.95" CONTENT="derför,"/>
						</TextLine>
						<TextLine ID="line_16" HPOS="161" VPOS="630" WIDTH="824" HEIGHT="27">
							<String ID="string_151" HPOS="161" VPOS="632" WIDTH="33" HEIGHT="20" WC="0.96" CONTENT="att"/><SP WIDTH="21" VPOS="632" HPOS="194"/>
							<String ID="string_152" HPOS="215" VPOS="631" WIDTH="91" HEIGHT="21" WC="0.96" CONTENT="rörande"/><SP WIDTH="21" VPOS="631" HPOS="306"/>
							<String ID="string_153" HPOS="327" VPOS="632" WIDTH="59" HEIGHT="20" WC="0.96" CONTENT="detta"/><SP WIDTH="23" VPOS="632" HPOS="386"/>
							<String ID="string_154" HPOS="409" VPOS="632" WIDTH="129" HEIGHT="21" WC="0.96" CONTENT="sistnämnda"/><SP WIDTH="22" VPOS="632" HPOS="538"/>
							<String ID="string_155" HPOS="560" VPOS="633" WIDTH="63" HEIGHT="20" WC="0.92" CONTENT="ämne"/><SP WIDTH="22" VPOS="633" HPOS="623"/>
							<String ID="string_156" HPOS="645" VPOS="631" WIDTH="135" HEIGHT="22" WC="0.92" CONTENT="förutskicka"/><SP WIDTH="14" VPOS="631" HPOS="780"/>
							<String ID="string_157" HPOS="794" VPOS="631" WIDTH="67" HEIGHT="26" WC="0.96" CONTENT="några"/><SP WIDTH="16" VPOS="631" HPOS="861"/>
							<String ID="string_158" HPOS="877" VPOS="631" WIDTH="43" HEIGHT="26" WC="0.96" CONTENT="ord,"/><SP WIDTH="16" VPOS="631" HPOS="920"/>
							<String ID="string_159" HPOS="936" VPOS="630" WIDTH="49" HEIGHT="21" WC="0.96" CONTENT="från"/>
						</TextLine>
						<TextLine ID="line_17" HPOS="161" VPOS="659" WIDTH="825" HEIGHT="28">
							<String ID="string_160" HPOS="161" VPOS="659" WIDTH="72" HEIGHT="22" WC="0.96" CONTENT="hvilka"/><SP WIDTH="12" VPOS="659" HPOS="233"/>
							<String ID="string_161" HPOS="245" VPOS="659" WIDTH="37" HEIGHT="27" WC="0.96" CONTENT="jag"/><SP WIDTH="15" VPOS="659" HPOS="282"/>
							<String ID="string_162" HPOS="297" VPOS="662" WIDTH="46" HEIGHT="19" WC="0.96" CONTENT="tror"/><SP WIDTH="16" VPOS="662" HPOS="343"/>
							<String ID="string_163" HPOS="359" VPOS="660" WIDTH="36" HEIGHT="21" WC="0.96" CONTENT="det"/><SP WIDTH="15" VPOS="660" HPOS="395"/>
							<String ID="string_164" HPOS="410" VPOS="660" WIDTH="55" HEIGHT="21" WC="0.95" CONTENT="skall"/><SP WIDTH="14" VPOS="660" HPOS="465"/>
							<String ID="string_165" HPOS="479" VPOS="660" WIDTH="89" HEIGHT="27" WC="0.95" CONTENT="framgå,"/><SP WIDTH="19" VPOS="660" HPOS="568"/>
							<String ID="string_166" HPOS="587" VPOS="662" WIDTH="32" HEIGHT="19" WC="0.96" CONTENT="att"/><SP WIDTH="15" VPOS="662" HPOS="619"/>
							<String ID="string_167" HPOS="634" VPOS="661" WIDTH="47" HEIGHT="20" WC="0.96" CONTENT="med"/><SP WIDTH="16" VPOS="661" HPOS="681"/>
							<String ID="string_168" HPOS="697" VPOS="659" WIDTH="131" HEIGHT="28" WC="0.95" CONTENT="rättigheten"/><SP WIDTH="16" VPOS="659" HPOS="828"/>
							<String ID="string_169" HPOS="844" VPOS="659" WIDTH="31" HEIGHT="22" WC="0.93" CONTENT="till"/><SP WIDTH="16" VPOS="659" HPOS="875"/>
							<String ID="string_170" HPOS="891" VPOS="659" WIDTH="95" HEIGHT="27" WC="0.87" CONTENT="sjelfsty-"/>
						</TextLine>
						<TextLine ID="line_18" HPOS="161" VPOS="688" WIDTH="825" HEIGHT="27">
							<String ID="string_171" HPOS="161" VPOS="688" WIDTH="54" HEIGHT="21" WC="0.90" CONTENT="relse"/><SP WIDTH="22" VPOS="688" HPOS="215"/>
							<String ID="string_172" HPOS="237" VPOS="688" WIDTH="60" HEIGHT="21" WC="0.96" CONTENT="alltid"/><SP WIDTH="16" VPOS="688" HPOS="297"/>
							<String ID="string_173" HPOS="313" VPOS="688" WIDTH="62" HEIGHT="27" WC="0.96" CONTENT="följer"/><SP WIDTH="15" VPOS="688" HPOS="375"/>
							<String ID="string_174" HPOS="390" VPOS="689" WIDTH="146" HEIGHT="26" WC="0.96" CONTENT="skyldigheten"/><SP WIDTH="16" VPOS="689" HPOS="536"/>
							<String ID="string_175" HPOS="552" VPOS="689" WIDTH="34" HEIGHT="21" WC="0.96" CONTENT="för"/><SP WIDTH="15" VPOS="689" HPOS="586"/>
							<String ID="string_176" HPOS="601" VPOS="689" WIDTH="40" HEIGHT="21" WC="0.96" CONTENT="den"/><SP WIDTH="15" VPOS="689" HPOS="641"/>
							<String ID="string_177" HPOS="656" VPOS="689" WIDTH="41" HEIGHT="21" WC="0.96" CONTENT="fria"/><SP WIDTH="15" VPOS="689" HPOS="697"/>
							<String ID="string_178" HPOS="712" VPOS="688" WIDTH="156" HEIGHT="27" WC="0.96" CONTENT="medborgaren"/><SP WIDTH="15" VPOS="688" HPOS="868"/>
							<String ID="string_179" HPOS="883" VPOS="689" WIDTH="33" HEIGHT="20" WC="0.93" CONTENT="att"/><SP WIDTH="14" VPOS="689" HPOS="916"/>
							<String ID="string_180" HPOS="930" VPOS="693" WIDTH="56" HEIGHT="21" WC="0.90" CONTENT="upp-"/>
						</TextLine>
						<TextLine ID="line_19" HPOS="161" VPOS="716" WIDTH="821" HEIGHT="23">
							<String ID="string_181" HPOS="161" VPOS="716" WIDTH="54" HEIGHT="21" WC="0.91" CONTENT="oftra"/><SP WIDTH="15" VPOS="716" HPOS="215"/>
							<String ID="string_182" HPOS="230" VPOS="723" WIDTH="24" HEIGHT="14" WC="0.95" CONTENT="en"/><SP WIDTH="17" VPOS="723" HPOS="254"/>
							<String ID="string_183" HPOS="271" VPOS="717" WIDTH="34" HEIGHT="20" WC="0.95" CONTENT="del"/><SP WIDTH="16" VPOS="717" HPOS="305"/>
							<String ID="string_184" HPOS="321" VPOS="717" WIDTH="22" HEIGHT="21" WC="0.96" CONTENT="af"/><SP WIDTH="13" VPOS="717" HPOS="343"/>
							<String ID="string_185" HPOS="356" VPOS="717" WIDTH="32" HEIGHT="21" WC="0.96" CONTENT="sin"/><SP WIDTH="15" VPOS="717" HPOS="388"/>
							<String ID="string_186" HPOS="403" VPOS="717" WIDTH="31" HEIGHT="21" WC="0.96" CONTENT="tid"/><SP WIDTH="16" VPOS="717" HPOS="434"/>
							<String ID="string_187" HPOS="450" VPOS="717" WIDTH="39" HEIGHT="22" WC="0.96" CONTENT="och"/><SP WIDTH="15" VPOS="717" HPOS="489"/>
							<String ID="string_188" HPOS="504" VPOS="717" WIDTH="38" HEIGHT="22" WC="0.96" CONTENT="sitt"/><SP WIDTH="15" VPOS="717" HPOS="542"/>
							<String ID="string_189" HPOS="557" VPOS="717" WIDTH="74" HEIGHT="22" WC="0.96" CONTENT="arbete"/><SP WIDTH="15" VPOS="717" HPOS="631"/>
							<String ID="string_190" HPOS="646" VPOS="717" WIDTH="34" HEIGHT="22" WC="0.96" CONTENT="till"/><SP WIDTH="15" VPOS="717" HPOS="680"/>
							<String ID="string_191" HPOS="695" VPOS="717" WIDTH="85" HEIGHT="22" WC="0.96" CONTENT="förmån"/><SP WIDTH="15" VPOS="717" HPOS="780"/>
							<String ID="string_192" HPOS="795" VPOS="717" WIDTH="33" HEIGHT="21" WC="0.96" CONTENT="för"/><SP WIDTH="16" VPOS="717" HPOS="828"/>
							<String ID="string_193" HPOS="844" VPOS="717" WIDTH="87" HEIGHT="20" WC="0.96" CONTENT="allmänt"/><SP WIDTH="10" VPOS="717" HPOS="931"/>
							<String ID="string_194" HPOS="941" VPOS="716" WIDTH="41" HEIGHT="21" WC="0.96" CONTENT="väl."/>
						</TextLine>
						<TextLine ID="line_20" HPOS="160" VPOS="745" WIDTH="822" HEIGHT="28">
							<String ID="string_195" HPOS="160" VPOS="745" WIDTH="41" HEIGHT="26" WC="0.95" CONTENT="Jag"/><SP WIDTH="22" VPOS="745" HPOS="201"/>
							<String ID="string_196" HPOS="223" VPOS="745" WIDTH="96" HEIGHT="21" WC="0.95" CONTENT="anhåller"/><SP WIDTH="23" VPOS="745" HPOS="319"/>
							<String ID="string_197" HPOS="342" VPOS="751" WIDTH="35" HEIGHT="15" WC="0.93" CONTENT="om"/><SP WIDTH="22" VPOS="751" HPOS="377"/>
							<String ID="string_198" HPOS="399" VPOS="746" WIDTH="79" HEIGHT="27" WC="0.90" CONTENT="tillgift,"/><SP WIDTH="20" VPOS="746" HPOS="478"/>
							<String ID="string_199" HPOS="498" VPOS="752" WIDTH="34" HEIGHT="15" WC="0.96" CONTENT="om"/><SP WIDTH="14" VPOS="752" HPOS="532"/>
							<String ID="string_200" HPOS="546" VPOS="746" WIDTH="38" HEIGHT="27" WC="0.96" CONTENT="jag"/><SP WIDTH="14" VPOS="746" HPOS="584"/>
							<String ID="string_201" HPOS="598" VPOS="746" WIDTH="74" HEIGHT="21" WC="0.96" CONTENT="härvid"/><SP WIDTH="15" VPOS="746" HPOS="672"/>
							<String ID="string_202" HPOS="687" VPOS="745" WIDTH="69" HEIGHT="22" WC="0.96" CONTENT="måste"/><SP WIDTH="16" VPOS="745" HPOS="756"/>
							<String ID="string_203" HPOS="772" VPOS="745" WIDTH="78" HEIGHT="22" WC="0.96" CONTENT="beröra"/><SP WIDTH="14" VPOS="745" HPOS="850"/>
							<String ID="string_204" HPOS="864" VPOS="745" WIDTH="67" HEIGHT="27" WC="0.93" CONTENT="några"/><SP WIDTH="12" VPOS="745" HPOS="931"/>
							<String ID="string_205" HPOS="943" VPOS="745" WIDTH="39" HEIGHT="20" WC="0.92" CONTENT="all-"/>
						</TextLine>
						<TextLine ID="line_21" HPOS="160" VPOS="773" WIDTH="822" HEIGHT="28">
							<String ID="string_206" HPOS="160" VPOS="775" WIDTH="60" HEIGHT="20" WC="0.92" CONTENT="mänt"/><SP WIDTH="14" VPOS="775" HPOS="220"/>
							<String ID="string_207" HPOS="234" VPOS="773" WIDTH="71" HEIGHT="22" WC="0.96" CONTENT="kända"/><SP WIDTH="15" VPOS="773" HPOS="305"/>
							<String ID="string_208" HPOS="320" VPOS="774" WIDTH="152" HEIGHT="25" WC="0.96" CONTENT="förhållanden,"/><SP WIDTH="16" VPOS="774" HPOS="472"/>
							<String ID="string_209" HPOS="488" VPOS="781" WIDTH="48" HEIGHT="15" WC="0.96" CONTENT="men"/><SP WIDTH="16" VPOS="781" HPOS="536"/>
							<String ID="string_210" HPOS="552" VPOS="775" WIDTH="60" HEIGHT="21" WC="0.96" CONTENT="detta"/><SP WIDTH="14" VPOS="775" HPOS="612"/>
							<String ID="string_211" HPOS="626" VPOS="775" WIDTH="42" HEIGHT="20" WC="0.95" CONTENT="kan"/><SP WIDTH="16" VPOS="775" HPOS="668"/>
							<String ID="string_212" HPOS="684" VPOS="775" WIDTH="33" HEIGHT="21" WC="0.93" CONTENT="för"/><SP WIDTH="11" VPOS="775" HPOS="717"/>
							<String ID="string_213" HPOS="728" VPOS="773" WIDTH="187" HEIGHT="28" WC="0.91" CONTENT="sammanhangets"/><SP WIDTH="10" VPOS="773" HPOS="915"/>
							<String ID="string_214" HPOS="925" VPOS="773" WIDTH="57" HEIGHT="22" WC="0.96" CONTENT="skull"/>
						</TextLine>
						<TextLine ID="line_22" HPOS="160" VPOS="802" WIDTH="824" HEIGHT="29">
							<String ID="string_215" HPOS="160" VPOS="802" WIDTH="46" HEIGHT="21" WC="0.96" CONTENT="icke"/><SP WIDTH="23" VPOS="802" HPOS="206"/>
							<String ID="string_216" HPOS="229" VPOS="803" WIDTH="110" HEIGHT="20" WC="0.96" CONTENT="undvikas."/><SP WIDTH="30" VPOS="803" HPOS="339"/>
							<String ID="string_217" HPOS="369" VPOS="803" WIDTH="60" HEIGHT="21" WC="0.95" CONTENT="Inom"/><SP WIDTH="22" VPOS="803" HPOS="429"/>
							<String ID="string_218" HPOS="451" VPOS="803" WIDTH="35" HEIGHT="21" WC="0.95" CONTENT="det"/><SP WIDTH="22" VPOS="803" HPOS="486"/>
							<String ID="string_219" HPOS="508" VPOS="803" WIDTH="171" HEIGHT="28" WC="0.96" CONTENT="medborgerliga"/><SP WIDTH="23" VPOS="803" HPOS="679"/>
							<String ID="string_220" HPOS="702" VPOS="803" WIDTH="115" HEIGHT="21" WC="0.96" CONTENT="samhället"/><SP WIDTH="22" VPOS="803" HPOS="817"/>
							<String ID="string_221" HPOS="839" VPOS="802" WIDTH="145" HEIGHT="21" WC="0.96" CONTENT="förekommer"/>
						</TextLine>
						<TextLine ID="line_23" HPOS="160" VPOS="831" WIDTH="823" HEIGHT="26">
							<String ID="string_222" HPOS="160" VPOS="831" WIDTH="52" HEIGHT="21" WC="0.96" CONTENT="eller"/><SP WIDTH="21" VPOS="831" HPOS="212"/>
							<String ID="string_223" HPOS="233" VPOS="831" WIDTH="90" HEIGHT="26" WC="0.96" CONTENT="uppstår"/><SP WIDTH="21" VPOS="831" HPOS="323"/>
							<String ID="string_224" HPOS="344" VPOS="831" WIDTH="61" HEIGHT="22" WC="0.93" CONTENT="alltid"/><SP WIDTH="23" VPOS="831" HPOS="405"/>
							<String ID="string_225" HPOS="428" VPOS="838" WIDTH="25" HEIGHT="15" WC="0.95" CONTENT="en"/><SP WIDTH="19" VPOS="838" HPOS="453"/>
							<String ID="string_226" HPOS="472" VPOS="832" WIDTH="81" HEIGHT="21" WC="0.96" CONTENT="olikhet"/><SP WIDTH="15" VPOS="832" HPOS="553"/>
							<String ID="string_227" HPOS="568" VPOS="832" WIDTH="78" HEIGHT="21" WC="0.92" CONTENT="mellan"/><SP WIDTH="14" VPOS="832" HPOS="646"/>
							<String ID="string_228" HPOS="660" VPOS="831" WIDTH="159" HEIGHT="26" WC="0.91" CONTENT="menniskorna,"/><SP WIDTH="16" VPOS="831" HPOS="819"/>
							<String ID="string_229" HPOS="835" VPOS="831" WIDTH="7" HEIGHT="21" WC="0.96" CONTENT="i"/><SP WIDTH="16" VPOS="831" HPOS="842"/>
							<String ID="string_230" HPOS="858" VPOS="831" WIDTH="35" HEIGHT="21" WC="0.96" CONTENT="det"/><SP WIDTH="14" VPOS="831" HPOS="893"/>
							<String ID="string_231" HPOS="907" VPOS="832" WIDTH="33" HEIGHT="20" WC="0.96" CONTENT="att"/><SP WIDTH="15" VPOS="832" HPOS="940"/>
							<String ID="string_232" HPOS="955" VPOS="837" WIDTH="28" HEIGHT="14" WC="0.96" CONTENT="en"/>
						</TextLine>
						<TextLine ID="line_24" HPOS="160" VPOS="859" WIDTH="822" HEIGHT="28">
							<String ID="string_233" HPOS="160" VPOS="861" WIDTH="68" HEIGHT="19" WC="0.96" CONTENT="större"/><SP WIDTH="25" VPOS="861" HPOS="228"/>
							<String ID="string_234" HPOS="253" VPOS="859" WIDTH="147" HEIGHT="27" WC="0.96" CONTENT="förmögenhet"/><SP WIDTH="15" VPOS="859" HPOS="400"/>
							<String ID="string_235" HPOS="415" VPOS="860" WIDTH="6" HEIGHT="21" WC="0.96" CONTENT="i"/><SP WIDTH="15" VPOS="860" HPOS="421"/>
							<String ID="string_236" HPOS="436" VPOS="860" WIDTH="96" HEIGHT="27" WC="0.96" CONTENT="förening"/><SP WIDTH="22" VPOS="860" HPOS="532"/>
							<String ID="string_237" HPOS="554" VPOS="861" WIDTH="48" HEIGHT="21" WC="0.96" CONTENT="med"/><SP WIDTH="19" VPOS="861" HPOS="602"/>
							<String ID="string_238" HPOS="621" VPOS="861" WIDTH="65" HEIGHT="26" WC="0.96" CONTENT="högre"/><SP WIDTH="15" VPOS="861" HPOS="686"/>
							<String ID="string_239" HPOS="701" VPOS="860" WIDTH="98" HEIGHT="26" WC="0.93" CONTENT="bildning"/><SP WIDTH="15" VPOS="860" HPOS="799"/>
							<String ID="string_240" HPOS="814" VPOS="859" WIDTH="94" HEIGHT="21" WC="0.90" CONTENT="förlänar"/><SP WIDTH="15" VPOS="859" HPOS="908"/>
							<String ID="string_241" HPOS="923" VPOS="859" WIDTH="59" HEIGHT="21" WC="0.92" CONTENT="inne-"/>
						</TextLine>
						<TextLine ID="line_25" HPOS="159" VPOS="887" WIDTH="822" HEIGHT="29">
							<String ID="string_242" HPOS="159" VPOS="887" WIDTH="102" HEIGHT="22" WC="0.91" CONTENT="hafvarne"/><SP WIDTH="16" VPOS="887" HPOS="261"/>
							<String ID="string_243" HPOS="277" VPOS="888" WIDTH="23" HEIGHT="20" WC="0.93" CONTENT="af"/><SP WIDTH="13" VPOS="888" HPOS="300"/>
							<String ID="string_244" HPOS="313" VPOS="888" WIDTH="62" HEIGHT="21" WC="0.93" CONTENT="dessa"/><SP WIDTH="15" VPOS="888" HPOS="375"/>
							<String ID="string_245" HPOS="390" VPOS="888" WIDTH="81" HEIGHT="28" WC="0.92" CONTENT="timliga"/><SP WIDTH="15" VPOS="888" HPOS="471"/>
							<String ID="string_246" HPOS="486" VPOS="889" WIDTH="39" HEIGHT="21" WC="0.96" CONTENT="och"/><SP WIDTH="16" VPOS="889" HPOS="525"/>
							<String ID="string_247" HPOS="541" VPOS="889" WIDTH="86" HEIGHT="27" WC="0.93" CONTENT="andliga"/><SP WIDTH="14" VPOS="889" HPOS="627"/>
							<String ID="string_248" HPOS="641" VPOS="889" WIDTH="101" HEIGHT="27" WC="0.92" CONTENT="egodelar"/><SP WIDTH="16" VPOS="889" HPOS="742"/>
							<String ID="string_249" HPOS="758" VPOS="894" WIDTH="27" HEIGHT="15" WC="0.96" CONTENT="en"/><SP WIDTH="15" VPOS="894" HPOS="785"/>
							<String ID="string_250" HPOS="800" VPOS="888" WIDTH="42" HEIGHT="21" WC="0.93" CONTENT="viss"/><SP WIDTH="16" VPOS="888" HPOS="842"/>
							<String ID="string_251" HPOS="858" VPOS="887" WIDTH="123" HEIGHT="27" WC="0.92" CONTENT="oafhängig-"/>
						</TextLine>
						<TextLine ID="line_26" HPOS="159" VPOS="916" WIDTH="826" HEIGHT="28">
							<String ID="string_252" HPOS="159" VPOS="916" WIDTH="38" HEIGHT="21" WC="0.96" CONTENT="het"/><SP WIDTH="22" VPOS="916" HPOS="197"/>
							<String ID="string_253" HPOS="219" VPOS="916" WIDTH="39" HEIGHT="22" WC="0.96" CONTENT="och"/><SP WIDTH="20" VPOS="916" HPOS="258"/>
							<String ID="string_254" HPOS="278" VPOS="916" WIDTH="168" HEIGHT="28" WC="0.95" CONTENT="maktställning,"/><SP WIDTH="23" VPOS="916" HPOS="446"/>
							<String ID="string_255" HPOS="469" VPOS="918" WIDTH="109" HEIGHT="26" WC="0.96" CONTENT="gentemot"/><SP WIDTH="21" VPOS="918" HPOS="578"/>
							<String ID="string_256" HPOS="599" VPOS="918" WIDTH="72" HEIGHT="20" WC="0.96" CONTENT="hvilka"/><SP WIDTH="16" VPOS="918" HPOS="671"/>
							<String ID="string_257" HPOS="687" VPOS="918" WIDTH="25" HEIGHT="20" WC="0.96" CONTENT="de"/><SP WIDTH="16" VPOS="918" HPOS="712"/>
							<String ID="string_258" HPOS="728" VPOS="917" WIDTH="48" HEIGHT="21" WC="0.93" CONTENT="icke"/><SP WIDTH="16" VPOS="917" HPOS="776"/>
							<String ID="string_259" HPOS="792" VPOS="916" WIDTH="119" HEIGHT="22" WC="0.92" CONTENT="besittande"/><SP WIDTH="15" VPOS="916" HPOS="911"/>
							<String ID="string_260" HPOS="926" VPOS="916" WIDTH="59" HEIGHT="20" WC="0.90" CONTENT="klas-"/>
						</TextLine>
						<TextLine ID="line_27" HPOS="160" VPOS="944" WIDTH="822" HEIGHT="28">
							<String ID="string_261" HPOS="160" VPOS="951" WIDTH="63" HEIGHT="15" WC="0.95" CONTENT="serna"/><SP WIDTH="22" VPOS="951" HPOS="223"/>
							<String ID="string_262" HPOS="245" VPOS="944" WIDTH="84" HEIGHT="23" WC="0.91" CONTENT="befinna"/><SP WIDTH="22" VPOS="944" HPOS="329"/>
							<String ID="string_263" HPOS="351" VPOS="946" WIDTH="31" HEIGHT="26" WC="0.94" CONTENT="sig"/><SP WIDTH="15" VPOS="946" HPOS="382"/>
							<String ID="string_264" HPOS="397" VPOS="946" WIDTH="7" HEIGHT="21" WC="0.94" CONTENT="i"/><SP WIDTH="16" VPOS="946" HPOS="404"/>
							<String ID="string_265" HPOS="420" VPOS="947" WIDTH="30" HEIGHT="20" WC="0.96" CONTENT="ett"/><SP WIDTH="22" VPOS="947" HPOS="450"/>
							<String ID="string_266" HPOS="472" VPOS="946" WIDTH="96" HEIGHT="21" WC="0.95" CONTENT="tillstånd"/><SP WIDTH="16" VPOS="946" HPOS="568"/>
							<String ID="string_267" HPOS="584" VPOS="946" WIDTH="22" HEIGHT="21" WC="0.93" CONTENT="af"/><SP WIDTH="15" VPOS="946" HPOS="606"/>
							<String ID="string_268" HPOS="621" VPOS="946" WIDTH="82" HEIGHT="22" WC="0.92" CONTENT="ofrihet."/><SP WIDTH="31" VPOS="946" HPOS="703"/>
							<String ID="string_269" HPOS="734" VPOS="945" WIDTH="112" HEIGHT="27" WC="0.90" CONTENT="Sjelffallet"/><SP WIDTH="15" VPOS="945" HPOS="846"/>
							<String ID="string_270" HPOS="861" VPOS="944" WIDTH="80" HEIGHT="22" WC="0.93" CONTENT="sträfva"/><SP WIDTH="15" VPOS="944" HPOS="941"/>
							<String ID="string_271" HPOS="956" VPOS="944" WIDTH="26" HEIGHT="21" WC="0.96" CONTENT="de"/>
						</TextLine>
						<TextLine ID="line_28" HPOS="159" VPOS="973" WIDTH="822" HEIGHT="28">
							<String ID="string_272" HPOS="159" VPOS="973" WIDTH="58" HEIGHT="22" WC="0.96" CONTENT="förra"/><SP WIDTH="22" VPOS="973" HPOS="217"/>
							<String ID="string_273" HPOS="239" VPOS="975" WIDTH="34" HEIGHT="20" WC="0.96" CONTENT="att"/><SP WIDTH="21" VPOS="975" HPOS="273"/>
							<String ID="string_274" HPOS="294" VPOS="974" WIDTH="83" HEIGHT="21" WC="0.96" CONTENT="befästa"/><SP WIDTH="22" VPOS="974" HPOS="377"/>
							<String ID="string_275" HPOS="399" VPOS="975" WIDTH="39" HEIGHT="21" WC="0.96" CONTENT="och"/><SP WIDTH="15" VPOS="975" HPOS="438"/>
							<String ID="string_276" HPOS="453" VPOS="975" WIDTH="86" HEIGHT="26" WC="0.96" CONTENT="utvidga"/><SP WIDTH="16" VPOS="975" HPOS="539"/>
							<String ID="string_277" HPOS="555" VPOS="975" WIDTH="70" HEIGHT="21" WC="0.96" CONTENT="denna"/><SP WIDTH="14" VPOS="975" HPOS="625"/>
							<String ID="string_278" HPOS="639" VPOS="975" WIDTH="32" HEIGHT="21" WC="0.91" CONTENT="sin"/><SP WIDTH="15" VPOS="975" HPOS="671"/>
							<String ID="string_279" HPOS="686" VPOS="974" WIDTH="161" HEIGHT="27" WC="0.91" CONTENT="oafhängighet,"/><SP WIDTH="18" VPOS="974" HPOS="847"/>
							<String ID="string_280" HPOS="865" VPOS="973" WIDTH="75" HEIGHT="22" WC="0.96" CONTENT="medan"/><SP WIDTH="16" VPOS="973" HPOS="940"/>
							<String ID="string_281" HPOS="956" VPOS="973" WIDTH="25" HEIGHT="21" WC="0.96" CONTENT="de"/>
						</TextLine>
						<TextLine ID="line_29" HPOS="160" VPOS="1002" WIDTH="822" HEIGHT="28">
							<String ID="string_282" HPOS="160" VPOS="1008" WIDTH="73" HEIGHT="15" WC="0.95" CONTENT="senare"/><SP WIDTH="17" VPOS="1008" HPOS="233"/>
							<String ID="string_283" HPOS="250" VPOS="1002" WIDTH="43" HEIGHT="21" WC="0.93" CONTENT="lika"/><SP WIDTH="16" VPOS="1002" HPOS="293"/>
							<String ID="string_284" HPOS="309" VPOS="1002" WIDTH="104" HEIGHT="28" WC="0.90" CONTENT="oaflåtligt"/><SP WIDTH="14" VPOS="1002" HPOS="413"/>
							<String ID="string_285" HPOS="427" VPOS="1003" WIDTH="75" HEIGHT="22" WC="0.96" CONTENT="arbeta"/><SP WIDTH="14" VPOS="1003" HPOS="502"/>
							<String ID="string_286" HPOS="516" VPOS="1003" WIDTH="29" HEIGHT="27" WC="0.96" CONTENT="på"/><SP WIDTH="14" VPOS="1003" HPOS="545"/>
							<String ID="string_287" HPOS="559" VPOS="1005" WIDTH="34" HEIGHT="20" WC="0.93" CONTENT="att"/><SP WIDTH="14" VPOS="1005" HPOS="593"/>
							<String ID="string_288" HPOS="607" VPOS="1003" WIDTH="105" HEIGHT="22" WC="0.92" CONTENT="afskudda"/><SP WIDTH="16" VPOS="1003" HPOS="712"/>
							<String ID="string_289" HPOS="728" VPOS="1003" WIDTH="33" HEIGHT="26" WC="0.96" CONTENT="sig"/><SP WIDTH="16" VPOS="1003" HPOS="761"/>
							<String ID="string_290" HPOS="777" VPOS="1003" WIDTH="111" HEIGHT="21" WC="0.93" CONTENT="beroende."/><SP WIDTH="31" VPOS="1003" HPOS="888"/>
							<String ID="string_291" HPOS="919" VPOS="1002" WIDTH="63" HEIGHT="21" WC="0.92" CONTENT="Häri-"/>
						</TextLine>
						<TextLine ID="line_30" HPOS="158" VPOS="1031" WIDTH="825" HEIGHT="28">
							<String ID="string_292" HPOS="158" VPOS="1037" WIDTH="76" HEIGHT="20" WC="0.95" CONTENT="genom"/><SP WIDTH="15" VPOS="1037" HPOS="234"/>
							<String ID="string_293" HPOS="249" VPOS="1031" WIDTH="89" HEIGHT="26" WC="0.96" CONTENT="uppstår"/><SP WIDTH="15" VPOS="1031" HPOS="338"/>
							<String ID="string_294" HPOS="353" VPOS="1031" WIDTH="7" HEIGHT="21" WC="0.96" CONTENT="i"/><SP WIDTH="15" VPOS="1031" HPOS="360"/>
							<String ID="string_295" HPOS="375" VPOS="1031" WIDTH="83" HEIGHT="22" WC="0.96" CONTENT="folkens"/><SP WIDTH="15" VPOS="1031" HPOS="458"/>
							<String ID="string_296" HPOS="473" VPOS="1032" WIDTH="25" HEIGHT="21" WC="0.95" CONTENT="lif"/><SP WIDTH="12" VPOS="1032" HPOS="498"/>
							<String ID="string_297" HPOS="510" VPOS="1034" WIDTH="32" HEIGHT="19" WC="0.96" CONTENT="ett"/><SP WIDTH="14" VPOS="1034" HPOS="542"/>
							<String ID="string_298" HPOS="556" VPOS="1034" WIDTH="79" HEIGHT="25" WC="0.96" CONTENT="system"/><SP WIDTH="15" VPOS="1034" HPOS="635"/>
							<String ID="string_299" HPOS="650" VPOS="1032" WIDTH="24" HEIGHT="21" WC="0.95" CONTENT="af"/><SP WIDTH="13" VPOS="1032" HPOS="674"/>
							<String ID="string_300" HPOS="687" VPOS="1031" WIDTH="124" HEIGHT="22" WC="0.96" CONTENT="hvarandra"/><SP WIDTH="10" VPOS="1031" HPOS="811"/>
							<String ID="string_301" HPOS="821" VPOS="1032" WIDTH="102" HEIGHT="20" WC="0.93" CONTENT="motsatta"/><SP WIDTH="10" VPOS="1032" HPOS="923"/>
							<String ID="string_302" HPOS="933" VPOS="1031" WIDTH="50" HEIGHT="20" WC="0.91" CONTENT="stri-"/>
						</TextLine>
						<TextLine ID="line_31" HPOS="159" VPOS="1059" WIDTH="823" HEIGHT="28">
							<String ID="string_303" HPOS="159" VPOS="1059" WIDTH="49" HEIGHT="26" WC="0.93" CONTENT="diga"/><SP WIDTH="14" VPOS="1059" HPOS="208"/>
							<String ID="string_304" HPOS="222" VPOS="1059" WIDTH="111" HEIGHT="26" WC="0.95" CONTENT="intressen,"/><SP WIDTH="16" VPOS="1059" HPOS="333"/>
							<String ID="string_305" HPOS="349" VPOS="1060" WIDTH="72" HEIGHT="21" WC="0.96" CONTENT="hvilka"/><SP WIDTH="15" VPOS="1060" HPOS="421"/>
							<String ID="string_306" HPOS="436" VPOS="1061" WIDTH="23" HEIGHT="20" WC="0.96" CONTENT="af"/><SP WIDTH="13" VPOS="1061" HPOS="459"/>
							<String ID="string_307" HPOS="472" VPOS="1061" WIDTH="32" HEIGHT="26" WC="0.96" CONTENT="sig"/><SP WIDTH="15" VPOS="1061" HPOS="504"/>
							<String ID="string_308" HPOS="519" VPOS="1061" WIDTH="74" HEIGHT="26" WC="0.96" CONTENT="sjelfva"/><SP WIDTH="15" VPOS="1061" HPOS="593"/>
							<String ID="string_309" HPOS="608" VPOS="1061" WIDTH="46" HEIGHT="20" WC="0.96" CONTENT="icke"/><SP WIDTH="15" VPOS="1061" HPOS="654"/>
							<String ID="string_310" HPOS="669" VPOS="1061" WIDTH="73" HEIGHT="20" WC="0.96" CONTENT="kunna"/><SP WIDTH="10" VPOS="1061" HPOS="742"/>
							<String ID="string_311" HPOS="752" VPOS="1059" WIDTH="58" HEIGHT="22" WC="0.96" CONTENT="finna"/><SP WIDTH="10" VPOS="1059" HPOS="810"/>
							<String ID="string_312" HPOS="820" VPOS="1059" WIDTH="69" HEIGHT="27" WC="0.96" CONTENT="någon"/><SP WIDTH="10" VPOS="1059" HPOS="889"/>
							<String ID="string_313" HPOS="899" VPOS="1059" WIDTH="83" HEIGHT="26" WC="0.96" CONTENT="lösning"/>
						</TextLine>
						<TextLine ID="line_32" HPOS="159" VPOS="1087" WIDTH="823" HEIGHT="29">
							<String ID="string_314" HPOS="159" VPOS="1088" WIDTH="51" HEIGHT="21" WC="0.95" CONTENT="eller"/><SP WIDTH="23" VPOS="1088" HPOS="210"/>
							<String ID="string_315" HPOS="233" VPOS="1087" WIDTH="115" HEIGHT="28" WC="0.95" CONTENT="försoning."/><SP WIDTH="30" VPOS="1087" HPOS="348"/>
							<String ID="string_316" HPOS="378" VPOS="1089" WIDTH="76" HEIGHT="21" WC="0.95" CONTENT="Denna"/><SP WIDTH="22" VPOS="1089" HPOS="454"/>
							<String ID="string_317" HPOS="476" VPOS="1090" WIDTH="127" HEIGHT="26" WC="0.95" CONTENT="motsägelse"/><SP WIDTH="15" VPOS="1090" HPOS="603"/>
							<String ID="string_318" HPOS="618" VPOS="1090" WIDTH="56" HEIGHT="20" WC="0.96" CONTENT="inom"/><SP WIDTH="16" VPOS="1090" HPOS="674"/>
							<String ID="string_319" HPOS="690" VPOS="1089" WIDTH="36" HEIGHT="21" WC="0.96" CONTENT="det"/><SP WIDTH="15" VPOS="1089" HPOS="726"/>
							<String ID="string_320" HPOS="741" VPOS="1088" WIDTH="171" HEIGHT="27" WC="0.92" CONTENT="medborgerliga"/><SP WIDTH="15" VPOS="1088" HPOS="912"/>
							<String ID="string_321" HPOS="927" VPOS="1093" WIDTH="55" HEIGHT="16" WC="0.92" CONTENT="sam-"/>
						</TextLine>
						<TextLine ID="line_33" HPOS="158" VPOS="1116" WIDTH="825" HEIGHT="28">
							<String ID="string_322" HPOS="158" VPOS="1116" WIDTH="67" HEIGHT="21" WC="0.96" CONTENT="hället"/><SP WIDTH="14" VPOS="1116" HPOS="225"/>
							<String ID="string_323" HPOS="239" VPOS="1117" WIDTH="42" HEIGHT="20" WC="0.93" CONTENT="kan"/><SP WIDTH="16" VPOS="1117" HPOS="281"/>
							<String ID="string_324" HPOS="297" VPOS="1116" WIDTH="73" HEIGHT="22" WC="0.92" CONTENT="häfvas"/><SP WIDTH="16" VPOS="1116" HPOS="370"/>
							<String ID="string_325" HPOS="386" VPOS="1118" WIDTH="75" HEIGHT="21" WC="0.96" CONTENT="endast"/><SP WIDTH="15" VPOS="1118" HPOS="461"/>
							<String ID="string_326" HPOS="476" VPOS="1124" WIDTH="75" HEIGHT="20" WC="0.93" CONTENT="genom"/><SP WIDTH="15" VPOS="1124" HPOS="551"/>
							<String ID="string_327" HPOS="566" VPOS="1118" WIDTH="197" HEIGHT="26" WC="0.91" CONTENT="statsorganismen,"/><SP WIDTH="12" VPOS="1118" HPOS="763"/>
							<String ID="string_328" HPOS="775" VPOS="1117" WIDTH="85" HEIGHT="20" WC="0.96" CONTENT="hvilken"/><SP WIDTH="16" VPOS="1117" HPOS="860"/>
							<String ID="string_329" HPOS="876" VPOS="1116" WIDTH="38" HEIGHT="21" WC="0.93" CONTENT="här"/><SP WIDTH="15" VPOS="1116" HPOS="914"/>
							<String ID="string_330" HPOS="929" VPOS="1122" WIDTH="54" HEIGHT="20" WC="0.89" CONTENT="upp-"/>
						</TextLine>
						<TextLine ID="line_34" HPOS="158" VPOS="1145" WIDTH="825" HEIGHT="28">
							<String ID="string_331" HPOS="158" VPOS="1145" WIDTH="73" HEIGHT="20" WC="0.96" CONTENT="träder"/><SP WIDTH="15" VPOS="1145" HPOS="231"/>
							<String ID="string_332" HPOS="246" VPOS="1145" WIDTH="70" HEIGHT="21" WC="0.96" CONTENT="såsom"/><SP WIDTH="15" VPOS="1145" HPOS="316"/>
							<String ID="string_333" HPOS="331" VPOS="1145" WIDTH="72" HEIGHT="28" WC="0.96" CONTENT="tvång,"/><SP WIDTH="15" VPOS="1145" HPOS="403"/>
							<String ID="string_334" HPOS="418" VPOS="1153" WIDTH="48" HEIGHT="14" WC="0.96" CONTENT="men"/><SP WIDTH="15" VPOS="1153" HPOS="466"/>
							<String ID="string_335" HPOS="481" VPOS="1148" WIDTH="31" HEIGHT="19" WC="0.96" CONTENT="ett"/><SP WIDTH="15" VPOS="1148" HPOS="512"/>
							<String ID="string_336" HPOS="527" VPOS="1146" WIDTH="71" HEIGHT="27" WC="0.96" CONTENT="tvång,"/><SP WIDTH="16" VPOS="1146" HPOS="598"/>
							<String ID="string_337" HPOS="614" VPOS="1153" WIDTH="45" HEIGHT="14" WC="0.96" CONTENT="som"/><SP WIDTH="13" VPOS="1153" HPOS="659"/>
							<String ID="string_338" HPOS="672" VPOS="1146" WIDTH="46" HEIGHT="27" WC="0.96" CONTENT="just"/><SP WIDTH="14" VPOS="1146" HPOS="718"/>
							<String ID="string_339" HPOS="732" VPOS="1147" WIDTH="66" HEIGHT="25" WC="0.93" CONTENT="utgör"/><SP WIDTH="17" VPOS="1147" HPOS="798"/>
							<String ID="string_340" HPOS="815" VPOS="1145" WIDTH="168" HEIGHT="26" WC="0.90" CONTENT="fullkomningen"/>
						</TextLine>
						<TextLine ID="line_35" HPOS="158" VPOS="1172" WIDTH="826" HEIGHT="29">
							<String ID="string_341" HPOS="158" VPOS="1173" WIDTH="23" HEIGHT="21" WC="0.96" CONTENT="af"/><SP WIDTH="21" VPOS="1173" HPOS="181"/>
							<String ID="string_342" HPOS="202" VPOS="1173" WIDTH="40" HEIGHT="21" WC="0.96" CONTENT="den"/><SP WIDTH="23" VPOS="1173" HPOS="242"/>
							<String ID="string_343" HPOS="265" VPOS="1173" WIDTH="120" HEIGHT="28" WC="0.94" CONTENT="borgerliga"/><SP WIDTH="22" VPOS="1173" HPOS="385"/>
							<String ID="string_344" HPOS="407" VPOS="1174" WIDTH="97" HEIGHT="27" WC="0.96" CONTENT="friheten,"/><SP WIDTH="16" VPOS="1174" HPOS="504"/>
							<String ID="string_345" HPOS="520" VPOS="1175" WIDTH="89" HEIGHT="22" WC="0.96" CONTENT="emedan"/><SP WIDTH="19" VPOS="1175" HPOS="609"/>
							<String ID="string_346" HPOS="628" VPOS="1175" WIDTH="35" HEIGHT="21" WC="0.96" CONTENT="det"/><SP WIDTH="16" VPOS="1175" HPOS="663"/>
							<String ID="string_347" HPOS="679" VPOS="1174" WIDTH="118" HEIGHT="27" WC="0.95" CONTENT="uppträder"/><SP WIDTH="15" VPOS="1174" HPOS="797"/>
							<String ID="string_348" HPOS="812" VPOS="1175" WIDTH="44" HEIGHT="20" WC="0.96" CONTENT="mot"/><SP WIDTH="15" VPOS="1175" HPOS="856"/>
							<String ID="string_349" HPOS="871" VPOS="1173" WIDTH="37" HEIGHT="22" WC="0.93" CONTENT="det"/><SP WIDTH="15" VPOS="1173" HPOS="908"/>
							<String ID="string_350" HPOS="923" VPOS="1172" WIDTH="61" HEIGHT="22" WC="0.89" CONTENT="med-"/>
						</TextLine>
						<TextLine ID="line_36" HPOS="158" VPOS="1201" WIDTH="823" HEIGHT="28">
							<String ID="string_351" HPOS="158" VPOS="1202" WIDTH="119" HEIGHT="27" WC="0.96" CONTENT="borgerliga"/><SP WIDTH="23" VPOS="1202" HPOS="277"/>
							<String ID="string_352" HPOS="300" VPOS="1203" WIDTH="123" HEIGHT="21" WC="0.94" CONTENT="samhällets"/><SP WIDTH="19" VPOS="1203" HPOS="423"/>
							<String ID="string_353" HPOS="442" VPOS="1203" WIDTH="108" HEIGHT="22" WC="0.96" CONTENT="skildrade"/><SP WIDTH="23" VPOS="1203" HPOS="550"/>
							<String ID="string_354" HPOS="573" VPOS="1203" WIDTH="89" HEIGHT="22" WC="0.96" CONTENT="tendens"/><SP WIDTH="22" VPOS="1203" HPOS="662"/>
							<String ID="string_355" HPOS="684" VPOS="1204" WIDTH="32" HEIGHT="20" WC="0.93" CONTENT="till"/><SP WIDTH="24" VPOS="1204" HPOS="716"/>
							<String ID="string_356" HPOS="740" VPOS="1203" WIDTH="80" HEIGHT="21" WC="0.92" CONTENT="ofrihet"/><SP WIDTH="22" VPOS="1203" HPOS="820"/>
							<String ID="string_357" HPOS="842" VPOS="1202" WIDTH="87" HEIGHT="21" WC="0.96" CONTENT="alldeles"/><SP WIDTH="25" VPOS="1202" HPOS="929"/>
							<String ID="string_358" HPOS="954" VPOS="1201" WIDTH="27" HEIGHT="26" WC="0.96" CONTENT="på"/>
						</TextLine>
						<TextLine ID="line_37" HPOS="157" VPOS="1229" WIDTH="825" HEIGHT="28">
							<String ID="string_359" HPOS="157" VPOS="1236" WIDTH="81" HEIGHT="15" WC="0.96" CONTENT="samma"/><SP WIDTH="23" VPOS="1236" HPOS="238"/>
							<String ID="string_360" HPOS="261" VPOS="1232" WIDTH="43" HEIGHT="20" WC="0.96" CONTENT="sätt"/><SP WIDTH="15" VPOS="1232" HPOS="304"/>
							<String ID="string_361" HPOS="319" VPOS="1237" WIDTH="46" HEIGHT="15" WC="0.96" CONTENT="som"/><SP WIDTH="14" VPOS="1237" HPOS="365"/>
							<String ID="string_362" HPOS="379" VPOS="1231" WIDTH="109" HEIGHT="22" WC="0.96" CONTENT="individen"/><SP WIDTH="15" VPOS="1231" HPOS="488"/>
							<String ID="string_363" HPOS="503" VPOS="1232" WIDTH="39" HEIGHT="21" WC="0.96" CONTENT="bör"/><SP WIDTH="16" VPOS="1232" HPOS="542"/>
							<String ID="string_364" HPOS="558" VPOS="1232" WIDTH="136" HEIGHT="21" WC="0.96" CONTENT="underordna"/><SP WIDTH="14" VPOS="1232" HPOS="694"/>
							<String ID="string_365" HPOS="708" VPOS="1232" WIDTH="48" HEIGHT="21" WC="0.96" CONTENT="sina"/><SP WIDTH="15" VPOS="1232" HPOS="756"/>
							<String ID="string_366" HPOS="771" VPOS="1231" WIDTH="66" HEIGHT="26" WC="0.96" CONTENT="begär"/><SP WIDTH="15" VPOS="1231" HPOS="837"/>
							<String ID="string_367" HPOS="852" VPOS="1231" WIDTH="39" HEIGHT="20" WC="0.96" CONTENT="och"/><SP WIDTH="15" VPOS="1231" HPOS="891"/>
							<String ID="string_368" HPOS="906" VPOS="1229" WIDTH="76" HEIGHT="22" WC="0.96" CONTENT="drifter"/>
						</TextLine>
						<TextLine ID="line_38" HPOS="156" VPOS="1259" WIDTH="826" HEIGHT="28">
							<String ID="string_369" HPOS="156" VPOS="1259" WIDTH="67" HEIGHT="21" WC="0.95" CONTENT="under"/><SP WIDTH="16" VPOS="1259" HPOS="223"/>
							<String ID="string_370" HPOS="239" VPOS="1260" WIDTH="46" HEIGHT="21" WC="0.96" CONTENT="sina"/><SP WIDTH="16" VPOS="1260" HPOS="285"/>
							<String ID="string_371" HPOS="301" VPOS="1260" WIDTH="81" HEIGHT="27" WC="0.91" CONTENT="sedliga"/><SP WIDTH="15" VPOS="1260" HPOS="382"/>
							<String ID="string_372" HPOS="397" VPOS="1260" WIDTH="78" HEIGHT="27" WC="0.91" CONTENT="pligter"/><SP WIDTH="15" VPOS="1260" HPOS="475"/>
							<String ID="string_373" HPOS="490" VPOS="1261" WIDTH="39" HEIGHT="21" WC="0.96" CONTENT="och"/><SP WIDTH="15" VPOS="1261" HPOS="529"/>
							<String ID="string_374" HPOS="544" VPOS="1261" WIDTH="97" HEIGHT="21" WC="0.95" CONTENT="kommer"/><SP WIDTH="15" VPOS="1261" HPOS="641"/>
							<String ID="string_375" HPOS="656" VPOS="1261" WIDTH="32" HEIGHT="20" WC="0.96" CONTENT="till"/><SP WIDTH="15" VPOS="1261" HPOS="688"/>
							<String ID="string_376" HPOS="703" VPOS="1260" WIDTH="40" HEIGHT="21" WC="0.96" CONTENT="full"/><SP WIDTH="15" VPOS="1260" HPOS="743"/>
							<String ID="string_377" HPOS="758" VPOS="1259" WIDTH="66" HEIGHT="22" WC="0.96" CONTENT="frihet"/><SP WIDTH="14" VPOS="1259" HPOS="824"/>
							<String ID="string_378" HPOS="838" VPOS="1259" WIDTH="54" HEIGHT="21" WC="0.96" CONTENT="först"/><SP WIDTH="13" VPOS="1259" HPOS="892"/>
							<String ID="string_379" HPOS="905" VPOS="1265" WIDTH="77" HEIGHT="20" WC="0.96" CONTENT="genom"/>
						</TextLine>
						<TextLine ID="line_39" HPOS="156" VPOS="1287" WIDTH="827" HEIGHT="28">
							<String ID="string_380" HPOS="156" VPOS="1287" WIDTH="106" HEIGHT="27" WC="0.92" CONTENT="lydnaden"/><SP WIDTH="22" VPOS="1287" HPOS="262"/>
							<String ID="string_381" HPOS="284" VPOS="1289" WIDTH="46" HEIGHT="20" WC="0.93" CONTENT="mot"/><SP WIDTH="23" VPOS="1289" HPOS="330"/>
							<String ID="string_382" HPOS="353" VPOS="1289" WIDTH="124" HEIGHT="26" WC="0.91" CONTENT="sedelagens"/><SP WIDTH="21" VPOS="1289" HPOS="477"/>
							<String ID="string_383" HPOS="498" VPOS="1289" WIDTH="50" HEIGHT="21" WC="0.93" CONTENT="bud."/><SP WIDTH="30" VPOS="1289" HPOS="548"/>
							<String ID="string_384" HPOS="578" VPOS="1289" WIDTH="79" HEIGHT="26" WC="0.90" CONTENT="Hvarje"/><SP WIDTH="15" VPOS="1289" HPOS="657"/>
							<String ID="string_385" HPOS="672" VPOS="1295" WIDTH="69" HEIGHT="20" WC="0.96" CONTENT="grupp"/><SP WIDTH="17" VPOS="1295" HPOS="741"/>
							<String ID="string_386" HPOS="758" VPOS="1289" WIDTH="58" HEIGHT="20" WC="0.96" CONTENT="inom"/><SP WIDTH="16" VPOS="1289" HPOS="816"/>
							<String ID="string_387" HPOS="832" VPOS="1288" WIDTH="36" HEIGHT="21" WC="0.92" CONTENT="det"/><SP WIDTH="15" VPOS="1288" HPOS="868"/>
							<String ID="string_388" HPOS="883" VPOS="1287" WIDTH="100" HEIGHT="21" WC="0.92" CONTENT="medbor-"/>
						</TextLine>
						<TextLine ID="line_40" HPOS="155" VPOS="1315" WIDTH="827" HEIGHT="28">
							<String ID="string_389" HPOS="155" VPOS="1316" WIDTH="82" HEIGHT="26" WC="0.90" CONTENT="gerliga"/><SP WIDTH="22" VPOS="1316" HPOS="237"/>
							<String ID="string_390" HPOS="259" VPOS="1316" WIDTH="114" HEIGHT="22" WC="0.87" CONTENT="samhället"/><SP WIDTH="22" VPOS="1316" HPOS="373"/>
							<String ID="string_391" HPOS="395" VPOS="1317" WIDTH="40" HEIGHT="21" WC="0.96" CONTENT="har"/><SP WIDTH="15" VPOS="1317" HPOS="435"/>
							<String ID="string_392" HPOS="450" VPOS="1324" WIDTH="34" HEIGHT="19" WC="0.96" CONTENT="nu,"/><SP WIDTH="17" VPOS="1324" HPOS="484"/>
							<String ID="string_393" HPOS="501" VPOS="1318" WIDTH="70" HEIGHT="21" WC="0.96" CONTENT="såsom"/><SP WIDTH="16" VPOS="1318" HPOS="571"/>
							<String ID="string_394" HPOS="587" VPOS="1317" WIDTH="72" HEIGHT="26" WC="0.96" CONTENT="sådan,"/><SP WIDTH="16" VPOS="1317" HPOS="659"/>
							<String ID="string_395" HPOS="675" VPOS="1317" WIDTH="77" HEIGHT="21" WC="0.96" CONTENT="endast"/><SP WIDTH="16" VPOS="1317" HPOS="752"/>
							<String ID="string_396" HPOS="768" VPOS="1318" WIDTH="32" HEIGHT="20" WC="0.96" CONTENT="ett"/><SP WIDTH="15" VPOS="1318" HPOS="800"/>
							<String ID="string_397" HPOS="815" VPOS="1316" WIDTH="102" HEIGHT="25" WC="0.96" CONTENT="intresse;"/><SP WIDTH="23" VPOS="1316" HPOS="917"/>
							<String ID="string_398" HPOS="940" VPOS="1315" WIDTH="42" HEIGHT="21" WC="0.96" CONTENT="den"/>
						</TextLine>
						<TextLine ID="line_41" HPOS="156" VPOS="1344" WIDTH="826" HEIGHT="28">
							<String ID="string_399" HPOS="156" VPOS="1344" WIDTH="91" HEIGHT="21" WC="0.92" CONTENT="sträfvar"/><SP WIDTH="23" VPOS="1344" HPOS="247"/>
							<String ID="string_400" HPOS="270" VPOS="1345" WIDTH="55" HEIGHT="21" WC="0.96" CONTENT="blott"/><SP WIDTH="23" VPOS="1345" HPOS="325"/>
							<String ID="string_401" HPOS="348" VPOS="1345" WIDTH="55" HEIGHT="21" WC="0.96" CONTENT="efter"/><SP WIDTH="23" VPOS="1345" HPOS="403"/>
							<String ID="string_402" HPOS="426" VPOS="1346" WIDTH="65" HEIGHT="26" WC="0.96" CONTENT="makt,"/><SP WIDTH="24" VPOS="1346" HPOS="491"/>
							<String ID="string_403" HPOS="515" VPOS="1346" WIDTH="115" HEIGHT="26" WC="0.96" CONTENT="inflytande"/><SP WIDTH="24" VPOS="1346" HPOS="630"/>
							<String ID="string_404" HPOS="654" VPOS="1346" WIDTH="39" HEIGHT="21" WC="0.96" CONTENT="och"/><SP WIDTH="16" VPOS="1346" HPOS="693"/>
							<String ID="string_405" HPOS="709" VPOS="1344" WIDTH="180" HEIGHT="25" WC="0.96" CONTENT="beslutanderätt,"/><SP WIDTH="23" VPOS="1344" HPOS="889"/>
							<String ID="string_406" HPOS="912" VPOS="1344" WIDTH="70" HEIGHT="25" WC="0.96" CONTENT="aldrig"/>
						</TextLine>
						<TextLine ID="line_42" HPOS="155" VPOS="1372" WIDTH="826" HEIGHT="29">
							<String ID="string_407" HPOS="155" VPOS="1372" WIDTH="55" HEIGHT="21" WC="0.95" CONTENT="efter"/><SP WIDTH="22" VPOS="1372" HPOS="210"/>
							<String ID="string_408" HPOS="232" VPOS="1374" WIDTH="137" HEIGHT="26" WC="0.96" CONTENT="uppfyllande"/><SP WIDTH="23" VPOS="1374" HPOS="369"/>
							<String ID="string_409" HPOS="392" VPOS="1374" WIDTH="23" HEIGHT="21" WC="0.92" CONTENT="af"/><SP WIDTH="13" VPOS="1374" HPOS="415"/>
							<String ID="string_410" HPOS="428" VPOS="1374" WIDTH="84" HEIGHT="27" WC="0.92" CONTENT="pligter,"/><SP WIDTH="15" VPOS="1374" HPOS="512"/>
							<String ID="string_411" HPOS="527" VPOS="1374" WIDTH="118" HEIGHT="27" WC="0.96" CONTENT="personligt"/><SP WIDTH="21" VPOS="1374" HPOS="645"/>
							<String ID="string_412" HPOS="666" VPOS="1374" WIDTH="75" HEIGHT="21" WC="0.96" CONTENT="arbete"/><SP WIDTH="16" VPOS="1374" HPOS="741"/>
							<String ID="string_413" HPOS="757" VPOS="1374" WIDTH="53" HEIGHT="20" WC="0.96" CONTENT="eller"/><SP WIDTH="16" VPOS="1374" HPOS="810"/>
							<String ID="string_414" HPOS="826" VPOS="1378" WIDTH="83" HEIGHT="19" WC="0.96" CONTENT="ansvar,"/><SP WIDTH="20" VPOS="1378" HPOS="909"/>
							<String ID="string_415" HPOS="929" VPOS="1373" WIDTH="52" HEIGHT="19" WC="0.96" CONTENT="utan"/>
						</TextLine>
						<TextLine ID="line_43" HPOS="155" VPOS="1400" WIDTH="827" HEIGHT="24">
							<String ID="string_416" HPOS="155" VPOS="1400" WIDTH="72" HEIGHT="22" WC="0.96" CONTENT="hvilka"/><SP WIDTH="22" VPOS="1400" HPOS="227"/>
							<String ID="string_417" HPOS="249" VPOS="1402" WIDTH="55" HEIGHT="20" WC="0.96" CONTENT="dock"/><SP WIDTH="23" VPOS="1402" HPOS="304"/>
							<String ID="string_418" HPOS="327" VPOS="1402" WIDTH="41" HEIGHT="21" WC="0.96" CONTENT="den"/><SP WIDTH="22" VPOS="1402" HPOS="368"/>
							<String ID="string_419" HPOS="390" VPOS="1408" WIDTH="68" HEIGHT="16" WC="0.95" CONTENT="sanna"/><SP WIDTH="21" VPOS="1408" HPOS="458"/>
							<String ID="string_420" HPOS="479" VPOS="1402" WIDTH="92" HEIGHT="22" WC="0.96" CONTENT="friheten"/><SP WIDTH="22" VPOS="1402" HPOS="571"/>
							<String ID="string_421" HPOS="593" VPOS="1403" WIDTH="56" HEIGHT="21" WC="0.96" CONTENT="inom"/><SP WIDTH="16" VPOS="1403" HPOS="649"/>
							<String ID="string_422" HPOS="665" VPOS="1404" WIDTH="71" HEIGHT="20" WC="0.96" CONTENT="staten"/><SP WIDTH="17" VPOS="1404" HPOS="736"/>
							<String ID="string_423" HPOS="753" VPOS="1404" WIDTH="25" HEIGHT="18" WC="0.96" CONTENT="är"/><SP WIDTH="16" VPOS="1404" HPOS="778"/>
							<String ID="string_424" HPOS="794" VPOS="1401" WIDTH="111" HEIGHT="22" WC="0.95" CONTENT="otänkbar."/><SP WIDTH="30" VPOS="1401" HPOS="905"/>
							<String ID="string_425" HPOS="935" VPOS="1400" WIDTH="47" HEIGHT="21" WC="0.93" CONTENT="Här"/>
						</TextLine>
						<TextLine ID="line_44" HPOS="156" VPOS="1428" WIDTH="825" HEIGHT="31">
							<String ID="string_426" HPOS="156" VPOS="1430" WIDTH="116" HEIGHT="25" WC="0.96" CONTENT="uppträder"/><SP WIDTH="25" VPOS="1430" HPOS="272"/>
							<String ID="string_427" HPOS="297" VPOS="1430" WIDTH="27" HEIGHT="21" WC="0.92" CONTENT="då"/><SP WIDTH="15" VPOS="1430" HPOS="324"/>
							<String ID="string_428" HPOS="339" VPOS="1430" WIDTH="159" HEIGHT="29" WC="0.91" CONTENT="sjelfstyrelsen,"/><SP WIDTH="14" VPOS="1430" HPOS="498"/>
							<String ID="string_429" HPOS="512" VPOS="1438" WIDTH="46" HEIGHT="14" WC="0.96" CONTENT="som"/><SP WIDTH="17" VPOS="1438" HPOS="558"/>
							<String ID="string_430" HPOS="575" VPOS="1438" WIDTH="26" HEIGHT="14" WC="0.93" CONTENT="en"/><SP WIDTH="16" VPOS="1438" HPOS="601"/>
							<String ID="string_431" HPOS="617" VPOS="1431" WIDTH="120" HEIGHT="22" WC="0.92" CONTENT="emanation"/><SP WIDTH="16" VPOS="1431" HPOS="737"/>
							<String ID="string_432" HPOS="753" VPOS="1430" WIDTH="24" HEIGHT="22" WC="0.96" CONTENT="af"/><SP WIDTH="13" VPOS="1430" HPOS="777"/>
							<String ID="string_433" HPOS="790" VPOS="1430" WIDTH="142" HEIGHT="21" WC="0.96" CONTENT="statsmakten"/><SP WIDTH="15" VPOS="1430" HPOS="932"/>
							<String ID="string_434" HPOS="947" VPOS="1428" WIDTH="34" HEIGHT="21" WC="0.96" CONTENT="för"/>
						</TextLine>
						<TextLine ID="line_45" HPOS="155" VPOS="1458" WIDTH="826" HEIGHT="29">
							<String ID="string_435" HPOS="155" VPOS="1459" WIDTH="34" HEIGHT="19" WC="0.96" CONTENT="att"/><SP WIDTH="22" VPOS="1459" HPOS="189"/>
							<String ID="string_436" HPOS="211" VPOS="1458" WIDTH="72" HEIGHT="27" WC="0.96" CONTENT="tvinga"/><SP WIDTH="22" VPOS="1458" HPOS="283"/>
							<String ID="string_437" HPOS="305" VPOS="1458" WIDTH="40" HEIGHT="22" WC="0.96" CONTENT="och"/><SP WIDTH="15" VPOS="1458" HPOS="345"/>
							<String ID="string_438" HPOS="360" VPOS="1459" WIDTH="63" HEIGHT="27" WC="0.96" CONTENT="vänja"/><SP WIDTH="19" VPOS="1459" HPOS="423"/>
							<String ID="string_439" HPOS="442" VPOS="1460" WIDTH="106" HEIGHT="21" WC="0.96" CONTENT="individen"/><SP WIDTH="16" VPOS="1460" HPOS="548"/>
							<String ID="string_440" HPOS="564" VPOS="1462" WIDTH="33" HEIGHT="19" WC="0.96" CONTENT="att"/><SP WIDTH="14" VPOS="1462" HPOS="597"/>
							<String ID="string_441" HPOS="611" VPOS="1460" WIDTH="95" HEIGHT="27" WC="0.96" CONTENT="uppfylla"/><SP WIDTH="15" VPOS="1460" HPOS="706"/>
							<String ID="string_442" HPOS="721" VPOS="1460" WIDTH="48" HEIGHT="20" WC="0.93" CONTENT="sina"/><SP WIDTH="15" VPOS="1460" HPOS="769"/>
							<String ID="string_443" HPOS="784" VPOS="1458" WIDTH="99" HEIGHT="26" WC="0.92" CONTENT="statsliga"/><SP WIDTH="14" VPOS="1458" HPOS="883"/>
							<String ID="string_444" HPOS="897" VPOS="1458" WIDTH="84" HEIGHT="26" WC="0.91" CONTENT="pligter."/>
						</TextLine>
						<TextLine ID="line_46" HPOS="155" VPOS="1486" WIDTH="828" HEIGHT="29">
							<String ID="string_445" HPOS="155" VPOS="1486" WIDTH="42" HEIGHT="21" WC="0.95" CONTENT="Det"/><SP WIDTH="21" VPOS="1486" HPOS="197"/>
							<String ID="string_446" HPOS="218" VPOS="1487" WIDTH="67" HEIGHT="27" WC="0.95" CONTENT="ligger"/><SP WIDTH="15" VPOS="1487" HPOS="285"/>
							<String ID="string_447" HPOS="300" VPOS="1487" WIDTH="7" HEIGHT="21" WC="0.93" CONTENT="i"/><SP WIDTH="16" VPOS="1487" HPOS="307"/>
							<String ID="string_448" HPOS="323" VPOS="1487" WIDTH="163" HEIGHT="28" WC="0.91" CONTENT="sjelfstyrelsens"/><SP WIDTH="22" VPOS="1487" HPOS="486"/>
							<String ID="string_449" HPOS="508" VPOS="1491" WIDTH="64" HEIGHT="19" WC="0.96" CONTENT="natur"/><SP WIDTH="16" VPOS="1491" HPOS="572"/>
							<String ID="string_450" HPOS="588" VPOS="1489" WIDTH="39" HEIGHT="20" WC="0.96" CONTENT="och"/><SP WIDTH="15" VPOS="1489" HPOS="627"/>
							<String ID="string_451" HPOS="642" VPOS="1490" WIDTH="70" HEIGHT="24" WC="0.96" CONTENT="väsen,"/><SP WIDTH="21" VPOS="1490" HPOS="712"/>
							<String ID="string_452" HPOS="733" VPOS="1490" WIDTH="35" HEIGHT="19" WC="0.96" CONTENT="att"/><SP WIDTH="16" VPOS="1490" HPOS="768"/>
							<String ID="string_453" HPOS="784" VPOS="1487" WIDTH="40" HEIGHT="22" WC="0.96" CONTENT="den"/><SP WIDTH="15" VPOS="1487" HPOS="824"/>
							<String ID="string_454" HPOS="839" VPOS="1487" WIDTH="68" HEIGHT="20" WC="0.93" CONTENT="kallar"/><SP WIDTH="14" VPOS="1487" HPOS="907"/>
							<String ID="string_455" HPOS="921" VPOS="1486" WIDTH="62" HEIGHT="21" WC="0.92" CONTENT="med-"/>
						</TextLine>
						<TextLine ID="line_47" HPOS="154" VPOS="1515" WIDTH="829" HEIGHT="28">
							<String ID="string_456" HPOS="154" VPOS="1515" WIDTH="105" HEIGHT="27" WC="0.96" CONTENT="borgaren"/><SP WIDTH="15" VPOS="1515" HPOS="259"/>
							<String ID="string_457" HPOS="274" VPOS="1518" WIDTH="33" HEIGHT="19" WC="0.96" CONTENT="att"/><SP WIDTH="16" VPOS="1518" HPOS="307"/>
							<String ID="string_458" HPOS="323" VPOS="1516" WIDTH="48" HEIGHT="27" WC="0.91" CONTENT="sjelf"/><SP WIDTH="14" VPOS="1516" HPOS="371"/>
							<String ID="string_459" HPOS="385" VPOS="1517" WIDTH="75" HEIGHT="21" WC="0.91" CONTENT="utöfva"/><SP WIDTH="15" VPOS="1517" HPOS="460"/>
							<String ID="string_460" HPOS="475" VPOS="1523" WIDTH="26" HEIGHT="15" WC="0.96" CONTENT="en"/><SP WIDTH="15" VPOS="1523" HPOS="501"/>
							<String ID="string_461" HPOS="516" VPOS="1517" WIDTH="34" HEIGHT="22" WC="0.92" CONTENT="del"/><SP WIDTH="10" VPOS="1517" HPOS="550"/>
							<String ID="string_462" HPOS="560" VPOS="1517" WIDTH="24" HEIGHT="22" WC="0.92" CONTENT="af"/><SP WIDTH="13" VPOS="1517" HPOS="584"/>
							<String ID="string_463" HPOS="597" VPOS="1517" WIDTH="149" HEIGHT="26" WC="0.96" CONTENT="statsmakten,"/><SP WIDTH="11" VPOS="1517" HPOS="746"/>
							<String ID="string_464" HPOS="757" VPOS="1516" WIDTH="35" HEIGHT="21" WC="0.96" CONTENT="för"/><SP WIDTH="15" VPOS="1516" HPOS="792"/>
							<String ID="string_465" HPOS="807" VPOS="1517" WIDTH="33" HEIGHT="20" WC="0.96" CONTENT="att"/><SP WIDTH="14" VPOS="1517" HPOS="840"/>
							<String ID="string_466" HPOS="854" VPOS="1515" WIDTH="47" HEIGHT="22" WC="0.92" CONTENT="icke"/><SP WIDTH="11" VPOS="1515" HPOS="901"/>
							<String ID="string_467" HPOS="912" VPOS="1515" WIDTH="71" HEIGHT="21" WC="0.90" CONTENT="öfver-"/>
						</TextLine>
					</TextBlock>
				</ComposedBlock>
			</PrintSpace>
		</Page>
	</Layout>
</alto>
