1081 1745
205 101 42 35 922
488 112 25 17 R.
526 116 18 14 0.
557 112 22 17 A.
589 113 59 17 1888.
673 113 13 17 2
698 113 50 21 Maj.

176 196 86 22 hvilken
282 196 36 28 jag
340 197 108 22 dessutom
472 198 72 22 stöder
566 199 28 27 på
617 205 53 21 egen
692 198 128 26 kännedom,
843 198 27 22 då
887 198 37 28 jag
938 198 67 22 under

176 226 77 20 nästan
277 226 25 20 15
317 226 35 21 års
367 226 31 21 tid
413 228 122 25 genomrest
550 227 61 21 dessa
626 227 83 22 trakter
724 227 40 22 och
780 232 56 22 noga
850 227 96 22 studerat
964 227 41 21 för-

176 252 134 26 hållandena,
327 256 24 19 är
366 256 32 20 att
414 254 68 22 Södra
496 255 104 22 Karelens
614 255 106 22 intressen
735 255 114 27 ingalunda
864 255 68 22 skulle
942 254 63 22 förbi-

177 287 34 15 ses
228 287 75 21 genom
318 284 34 20 att
366 282 55 28 välja
434 282 182 28 Willmanstrand,
632 286 22 25 ty
670 284 68 22 Södra
752 283 92 22 Karelen
859 283 39 22 har
906 284 24 26 ju
940 284 65 21 redan

176 309 97 22 fördelen
296 310 22 22 af
341 317 26 15 en
386 311 94 27 jernväg,
498 312 26 21 då
546 312 49 22 hela
618 312 68 22 denna
702 312 58 22 trakt
775 312 67 26 ligger
856 312 80 27 ganska
954 314 51 20 nära

176 338 170 27 Petersburgska
360 339 76 22 banan.
466 340 62 22 Hvad
543 340 227 26 kulturförhållanden,
785 340 97 22 rikedom
896 340 40 22 och
951 340 53 22 folk-

177 366 71 22 täthet
262 367 7 21 i
285 368 61 21 dessa
360 368 82 21 trakter
456 368 108 26 beträffar,
580 370 24 20 så
619 371 24 19 är
658 369 110 21 skilnaden
784 368 38 22 bra
837 368 58 27 liten,
911 368 51 22 hvar
977 370 27 20 än

176 394 66 22 linien
266 396 34 20 må
324 396 81 27 dragas,
428 397 88 21 emedan
538 396 143 23 folktätheten
703 397 95 22 varierar
815 397 90 21 emellan
921 398 11 20 7
948 396 13 22 å
978 398 23 20 11

178 429 103 20 personer
296 425 27 26 på
338 425 180 26 qvadratversten.
549 425 103 27 Slutligen
667 426 37 21 vill
717 426 36 27 jag
769 425 82 27 påpeka
867 426 31 21 Hr
909 425 95 21 Norden-

176 457 63 16 svans
253 452 27 26 på
296 452 38 21 sid.
350 453 28 20 64
392 453 80 27 ganska
482 453 86 22 talande
582 453 46 22 skäl
639 453 33 22 för
681 454 71 21 banan
762 453 54 22 ifrån
826 453 175 22 Willmanstrand

177 485 76 21 genom
268 479 85 28 Imatra,
370 481 26 22 då
411 481 42 22 han
468 482 56 21 visar
539 483 33 20 att
586 482 119 22 Wuoksens
720 484 80 20 största
814 481 129 22 vattenkraft
950 481 54 22 kon-

178 510 107 19 centreras
300 510 28 26 på
343 515 25 16 en
385 511 25 20 15
426 512 68 20 versts
508 510 86 22 sträcka
610 510 61 22 ofvan
682 511 39 22 och
732 511 104 21 nedanom
847 510 66 22 fallet.
930 510 73 22 Skulle

177 535 70 23 banan
270 537 85 22 komma
377 540 32 19 att
423 539 27 26 gå
465 539 46 21 från
526 539 181 27 Willmanstrand,
723 540 21 21 så
762 545 50 15 vore
828 539 36 21 det
876 539 44 26 just
936 539 67 21 denna

177 564 41 27 del,
234 571 46 16 som
295 565 67 28 ligger
376 567 14 20 4
405 569 57 20 verst
477 568 27 26 på
519 573 40 16 ena
574 567 60 22 sidan
650 568 39 21 och
706 569 24 20 11
748 569 57 20 verst
820 567 27 27 på
863 567 67 22 andra
942 567 60 21 sidan

177 599 35 15 om
234 593 86 24 Imatra,
344 595 38 21 och
405 595 68 22 blefve
496 596 36 21 det
550 596 27 21 då
592 595 48 22 vida
656 595 77 23 lättare
748 597 33 20 att
796 595 146 22 åstadkomma
957 595 45 22 der-

176 621 55 22 ifrån
254 622 53 21 efter
329 623 65 22 behof
414 623 89 22 bibanor
525 624 33 21 till
581 623 43 22 alla
646 625 26 21 de
691 624 125 22 industriela
832 624 58 26 verk,
905 630 45 15 som
966 624 38 21 der

176 649 73 22 kunna
264 652 76 26 uppstå
355 652 27 27 på
397 652 103 22 hvardera
515 652 85 22 sidorna
616 659 34 15 om
665 653 66 26 fallet,
747 655 27 19 än
789 654 33 20 att
837 651 63 22 binda
914 652 32 27 sig
968 652 35 21 vid

177 685 27 15 en
227 678 55 22 bana
302 681 28 26 på
352 686 39 15 ena
406 681 60 21 sidan
482 687 34 15 om
532 681 74 25 elfven,
623 687 46 16 som
684 681 107 22 måhända
806 681 64 21 sedan
886 680 67 22 skulle
968 680 36 21 be-

177 706 68 22 finnas
268 707 87 22 alldeles
378 708 100 28 olämplig
499 709 32 21 för
554 709 61 22 dessa
639 709 100 22 fabriker.
770 709 117 27 Angående
912 708 91 22 trafiken

176 735 97 27 påpekar
296 736 32 21 Hr
349 736 138 23 Nordensvan
510 738 41 21 den
566 737 170 22 beaktansvärda
752 737 162 27 omständighet,
930 739 32 19 att
977 743 26 15 en

176 763 94 22 särskild
292 764 77 22 bibana
392 765 67 21 skulle
482 766 104 27 betydligt
608 766 85 27 fördyra
708 765 191 26 trafikkostnaden,
916 765 88 21 emedan

177 792 69 21 denna
262 792 84 22 fordrar
360 793 32 21 sin
407 794 103 21 särskilda
525 794 71 26 trafik,
612 794 28 22 då
654 794 98 22 deremot
767 794 69 21 denna
851 794 82 21 direkta
948 793 56 21 bana

177 819 58 22 öfver
257 820 80 22 Imatra
359 822 67 21 skulle
445 822 71 22 kunna
531 823 73 21 skötas
618 825 134 25 gemensamt
766 822 32 21 för
813 822 49 22 hela
877 822 63 21 linien
955 822 48 21 med

176 848 88 22 alldeles
278 855 81 16 samma
374 850 62 27 utgift
451 857 45 15 som
512 851 40 21 den
568 850 68 27 öfriga
648 851 124 27 jernvägen,
788 857 34 15 om
838 850 40 22 den
893 851 38 26 går
946 850 58 21 öfver

176 876 180 23 Willmanstrand.
387 878 49 22 Man
460 879 66 21 måste
549 879 62 21 hafva
625 879 115 22 särskildta
756 878 94 27 lokaltåg
866 878 38 22 och
920 884 25 15 en
960 879 44 20 sär-

176 904 55 21 skild
254 906 97 26 personal
375 906 32 22 för
428 907 98 24 bibanan,
548 907 82 22 hvilket
652 909 25 20 är
699 914 37 17 en.
748 907 80 26 ganska
844 907 64 27 vigtig
922 906 46 22 sida
983 905 22 22 af

176 933 66 21 saken
265 935 33 20 att
320 934 83 22 beakta.
434 935 44 22 Min
500 935 139 28 öfvertygelse
661 938 25 19 är
700 937 33 20 att
749 936 40 21 den
805 935 39 21 bör
860 935 74 27 dragas
949 935 55 21 ifrån

176 961 174 23 Willmanstrand
372 963 33 22 till
420 964 78 21 Imatra
514 964 38 21 och
569 964 70 21 direkt
654 964 32 21 till
700 963 136 27 Kronoborg,
852 963 40 22 och
907 963 96 22 Lahden-

177 989 64 27 pohja
264 990 93 27 beröras,
380 992 69 21 såsom
472 992 119 27 påtagligen
614 992 88 27 Ladoga
724 992 97 21 traktens
844 991 104 22 blifvande
962 991 42 21 för-

176 1020 86 20 nämsta
285 1019 69 22 hamn.
385 1020 151 27 Behållningen
560 1021 22 21 af
602 1021 51 21 flere
675 1020 106 22 millioner
803 1020 61 21 mark
886 1019 67 22 skulle
976 1019 28 22 då

176 1046 86 22 komma
284 1048 67 21 andra
372 1049 82 21 trakter
476 1049 22 21 af
514 1049 74 21 landet
603 1049 31 21 till
650 1049 62 27 godo,
728 1049 72 21 hvilka
815 1051 37 19 äro
868 1054 44 15 mer
927 1054 77 21 mogna

175 1074 33 21 för
230 1075 131 22 förbättrade
384 1077 206 21 kommunikationer
612 1077 39 22 och
674 1077 72 22 derför
768 1076 60 22 äfven
844 1083 45 15 mer
903 1076 101 27 förtjenta

176 1105 33 19 att
231 1103 64 22 blifva
317 1104 133 27 ihågkomna.
484 1106 32 21 En
540 1105 51 22 liten
614 1105 141 27 anmärkning
770 1107 58 20 emot
843 1105 61 21 Hr
891 1099 15 38 A
922 1105 82 21 Meche-

176 1131 41 22 lins
240 1133 122 26 påstående,
379 1136 32 18 att
430 1133 100 22 Wärtsilä
545 1133 63 22 trafik
624 1134 68 21 skulle
707 1134 87 21 komma
808 1133 117 22 Sordavala
940 1133 64 21 hamn

176 1159 33 22 till
231 1160 56 27 godo
311 1161 34 21 vill
358 1161 37 27 jag
410 1162 68 21 tillåta
493 1162 47 27 mig.
556 1175 29 2 —
600 1162 100 21 Wärtsilä
715 1162 40 21 har
769 1161 33 22 sin
817 1167 52 21 egen
885 1161 63 21 hamn
964 1161 39 21 och

175 1188 79 21 anlitar
269 1189 47 21 icke
331 1189 122 22 Sordavala.
479 1191 74 20 Denna
568 1190 64 21 hamn
648 1193 24 18 är
686 1190 112 27 belägen
785 1184 10 38 5
809 1189 13 22 å
832 1191 13 20 6
856 1191 57 20 verst
924 1191 80 20 österut

176 1217 28 26 pä
220 1219 66 24 vägen
301 1217 32 22 till
348 1218 107 27 Impilaks,
472 1219 38 21 och
526 1219 61 21 heter
601 1219 93 26 Läskilä,
710 1218 99 22 hvarföre
824 1218 29 21 all
868 1217 79 22 rörelse
957 1217 47 22 frän

176 1245 101 22 Wärtsilä
300 1247 38 26 gär
360 1247 97 21 deröfver
478 1247 39 21 och
541 1247 96 21 kommer
659 1247 39 21 alls
716 1247 48 22 icke
778 1247 41 21 ned
834 1246 33 22 till
882 1245 122 22 Sordavala.

175 1273 45 22 För
235 1273 63 28 öfrigt
313 1274 129 22 förbehäller
454 1275 37 27 jag
506 1275 42 27 mig
564 1275 61 22 ordet
640 1275 73 26 längre
728 1275 62 22 fram.

245 1331 33 21 Hr
300 1331 205 28 Pippingsköld:
536 1332 33 21 Dä
585 1332 111 26 utskottet,
713 1332 68 26 enligt
796 1332 49 21 mitt
860 1331 143 25 förmenande,

174 1360 82 20 uttalat
279 1360 32 26 sig
329 1360 3 20 i
347 1360 77 27 mänga
447 1360 114 21 afseenden
584 1360 72 22 alltför
671 1360 147 27 optimistiskt,
834 1361 43 20 sett
892 1360 90 21 sakerna
997 1360 7 20 i

176 1388 114 21 rosenrödt
312 1388 40 21 och
374 1388 57 27 gjort
453 1389 39 21 allt
513 1389 34 21 för
569 1391 33 19 att
617 1389 7 21 i
639 1389 70 21 denna
727 1389 96 27 riktning
838 1388 116 27 öfvertyga,
967 1388 38 26 jag

175 1415 36 21 mä
234 1416 68 21 hellre
318 1418 51 25 säga
385 1417 104 21 öfvertala
504 1417 116 21 ständerna
636 1423 34 15 om
686 1417 32 21 sin
734 1416 62 27 äsigt,
813 1416 24 22 sä
852 1416 37 21 vill
902 1416 42 27 jag,
960 1416 45 21 förr

175 1445 28 19 än
217 1444 38 27 jag
270 1445 82 20 uttalar
366 1445 44 26 mig
426 1451 33 15 om
476 1445 40 21 den
532 1445 105 21 Karelska
652 1445 76 21 banan.
741 1445 40 21 här
790 1445 55 21 först
855 1444 73 27 påvisa
938 1443 67 27 några

174 1478 66 21 svaga
256 1473 94 26 punkter
364 1474 8 20 i
387 1473 118 22 utskottets
520 1473 135 27 bevisföring.
687 1473 113 22 Utskottet
816 1473 40 21 har
872 1473 7 20 i
889 1472 116 22 allmänhet

175 1501 55 26 tagit
245 1501 66 22 saken
327 1501 96 26 sålunda,
446 1503 32 20 att
496 1502 36 21 det
546 1501 47 22 icke
609 1508 45 15 mer
670 1502 118 21 behandlat
804 1501 33 21 sin
852 1501 82 27 uppgift
949 1501 7 21 i
972 1501 33 21 så-
