1081 1748
204 103 41 21 954
453 109 25 17 R.
491 114 17 12 o.
521 109 22 17 A.
555 109 57 17 1888.
638 110 13 16 2
663 109 47 21 Maj.

177 195 29 26 pä
220 196 63 19 nästa
298 195 112 27 landtdags
425 195 164 27 beredvillighet
605 197 32 19 att
652 195 77 27 bevilja
740 195 74 27 anslag
825 195 76 27 dragas
912 201 26 16 en
948 195 60 22 vexel

178 223 23 21 af
213 223 48 21 icke
284 223 82 22 mindre
388 225 27 20 än
439 224 25 21 15
480 223 107 22 millioner
601 223 68 22 mark.
699 224 74 21 Ehuru
789 224 72 27 regeln
876 223 67 22 borde
957 230 51 15 vara

175 252 47 26 den,
238 253 33 20 att
286 258 26 15 en
327 252 102 27 landtdag
443 252 48 22 icke
507 252 66 22 borde
589 252 84 22 besluta
689 255 68 19 större
773 253 89 21 arbeten
877 255 28 18 än
919 253 87 25 sädana,

174 280 34 21 till
222 280 84 22 hvilkas
328 281 113 22 utförande
464 281 41 22 den
527 281 90 27 beviljar
639 281 125 27 tillräckligt
787 281 75 24 medel,
879 281 24 22 sä
917 281 38 22 har
971 281 36 22 det

175 309 55 22 dock
251 309 40 21 hos
314 315 34 16 oss
370 309 47 22 icke
439 309 82 22 kunnat
543 309 111 26 undvikas,
671 311 32 20 att
717 316 26 15 en
757 310 199 27 jernvägsbyggnad
971 312 35 19 ut-

174 337 94 22 sträckts
290 338 59 21 öfver
365 339 12 20 2
392 339 219 26 landtdagsperioder.
642 339 50 21 Man
714 339 67 21 borde
804 339 60 25 dock,
881 339 66 27 enligt
961 339 44 21 min

174 366 72 26 tanke,
263 367 75 21 endast
352 367 8 21 i
375 369 90 26 yttersta
480 367 80 22 nödfall
576 367 66 28 draga
657 374 26 15 en
699 368 23 21 sä
737 369 46 20 stor
798 367 59 22 vexel
868 367 28 27 pä
909 374 25 15 en
945 367 59 22 kom-

174 395 78 22 mande
274 395 102 28 landtdag
398 396 43 28 och
457 396 121 27 derigenom
594 396 28 27 pä
637 398 43 19 sätt
695 396 39 21 och
750 396 32 21 vis
798 395 88 22 beröfva
901 396 40 21 den
956 396 48 21 dess

174 423 176 23 beslutanderätt.
381 425 86 21 Rättast
482 427 24 19 är
521 425 34 21 väl
571 426 33 20 att
619 425 41 21 den
675 425 109 27 landtdag.
800 431 45 15 som
861 425 55 21 skall
926 424 78 27 bevilja

174 453 84 21 medlen
274 453 33 21 till
322 459 26 15 en
361 453 95 28 jernväg,
472 453 61 22 äfven
548 453 39 22 har
603 455 44 20 rätt
662 455 32 20 att
709 453 84 22 besluta
809 454 127 21 densamma.
962 453 42 27 Jag

174 481 38 21 vill
234 481 72 22 derför
327 482 108 21 vördsamt
459 482 83 27 föreslä,
566 484 32 19 att
621 483 69 20 denna
711 482 62 27 fräga
789 483 166 21 äterremitteras
970 482 33 21 till

174 509 211 28 Jernvägsutskottet
407 511 6 21 i
429 511 54 27 syfte
505 513 33 19 att
560 511 115 22 ständerna
697 511 70 21 skulle
787 511 32 21 till
834 511 124 27 regeringen
973 511 31 20 in-

174 539 72 21 lemna
261 545 25 15 en
302 540 90 26 petition
407 546 34 15 om
457 539 160 28 framläggande
632 540 23 21 af
667 540 134 27 proposition
816 540 33 21 till
864 542 62 19 nästa
936 539 68 22 landt-

175 567 41 28 dag
232 568 109 27 angående
356 568 111 27 byggande
482 569 22 21 af
517 568 96 22 banorna
628 568 33 21 till
675 568 133 27 Björneborg
823 569 39 21 och
878 568 85 27 Imatra,
978 568 26 21 dä

175 596 62 22 äfven
260 597 41 21 den
323 597 108 27 landtdag,
451 603 45 15 som
511 597 66 22 sedan
593 597 94 22 besluter
702 603 34 16 om
753 597 119 22 desammas
888 597 115 27 byggande,
1018 621 2 2 .

174 631 51 15 vore
240 625 8 21 i
263 625 83 22 tillfälle
369 627 32 20 att
423 626 78 27 bevilja
523 626 101 27 anslagen
642 626 33 21 för
690 626 113 21 desamma.
835 626 42 21 Det
892 628 29 24 är,
939 626 65 27 enligt

174 654 45 21 min
240 654 92 27 mening,
348 661 27 15 en
389 655 65 26 nödig
475 655 190 26 uppmärksamhet
679 657 58 19 emot
752 661 26 15 en
793 655 128 21 kommande
936 655 68 20 landt-

176 683 46 26 dag,
239 683 33 20 för
287 685 32 19 ätt
334 683 46 22 icke
395 683 27 27 gå
437 684 48 21 dess
507 683 171 22 beslutanderätt
693 684 6 20 i
715 683 80 27 förväg.
826 683 39 21 Att
880 683 124 28 regeringen

174 711 48 22 icke
246 711 68 22 skulle
329 712 28 27 gå
379 713 124 20 ständernas
526 712 129 27 önskningar
670 712 7 21 i
693 713 59 20 detta
767 712 100 21 afseende
882 712 32 21 till
929 713 73 24 mötes,

174 740 43 21 kan
239 746 49 15 man
310 740 47 22 icke
379 740 92 27 betvifla,
494 741 27 21 då
541 741 125 27 regeringen
689 741 66 21 redan
771 741 60 26 gifvit
847 741 109 25 tillkänna,
972 743 32 18 att

174 768 144 28 Björneborgs
337 769 90 27 jernväg
449 769 44 22 står
516 769 27 27 på
573 770 136 26 regeringens
731 775 108 21 program.
873 769 131 27 Regeringen

174 797 42 21 blir
232 797 28 22 då
275 798 7 20 i
297 797 84 22 tillfälle
397 800 32 19 att
443 798 116 21 verkställa
574 798 77 27 nödiga
667 798 184 27 undersökningar
859 798 28 26 på
897 799 39 20 den
947 798 56 26 linie,

174 826 116 21 ständerna
311 833 29 14 nu
363 827 68 21 skulle
454 827 84 26 angifva
559 827 33 20 för
612 827 75 26 banan,
703 827 41 21 och
760 827 65 21 saken
843 826 68 22 blefve
927 827 26 21 då
968 826 35 22 be-

174 854 94 22 handlad
283 855 28 27 på
325 861 81 16 samma
421 857 48 25 sätt,
485 861 45 16 som
546 855 127 27 föregående
688 855 104 27 landtdag
807 855 49 27 gick
871 855 86 27 tillväga
967 855 37 21 be-

174 882 106 23 träffande
302 884 104 22 Karelska
428 884 75 26 banan,
527 890 35 16 om
586 885 62 20 hvars
669 885 111 27 byggande
795 884 115 22 ständerna
925 884 26 22 då
967 884 37 22 be-

174 912 55 21 slöto
246 914 32 19 att
293 912 33 21 till
341 912 26 22 H.
384 913 26 21 K.
426 913 40 21 Mt
481 912 63 22 aflåta
559 913 132 27 underdånig
706 913 97 27 petition.
835 912 93 22 Sålunda
941 919 63 15 anser

172 940 38 28 jag
224 941 70 21 denna
309 941 60 27 fråga
384 942 120 26 lämpligast
518 942 72 21 kunna
606 942 98 26 regleras.

243 998 57 21 Fiih.
317 998 24 22 G.
358 998 149 22 Aminoff:
537 999 41 26 Jag
601 999 38 21 har
661 999 76 21 endast
757 998 75 28 begärt
847 999 61 21 ordet
924 998 31 22 för
971 1001 32 19 att

173 1026 7 20 i
196 1026 27 22 all
240 1026 76 22 korhet
331 1027 116 27 framlägga
463 1029 30 19 ett
508 1027 133 27 supplement
657 1027 31 21 till
705 1027 92 22 motiven
809 1027 56 21 säväl
878 1027 31 21 för
921 1027 80 21 utskot-

175 1056 42 20 tets
240 1055 57 21 kläm
319 1062 46 14 som
380 1056 33 21 för
428 1056 31 21 Hr
474 1055 149 22 Nordeosvans
639 1056 138 26 reservation,
793 1056 109 26 angående
918 1056 85 26 Björne-

174 1083 94 27 borgska
290 1084 76 21 banan.
397 1084 38 22 Att
457 1084 34 21 vid
507 1086 31 19 ett
553 1084 90 27 fientligt
659 1084 64 22 anfall
739 1085 28 26 pä
782 1084 73 21 landet
870 1084 32 21 till
921 1084 82 22 kuster-

174 1118 38 15 nas
235 1112 39 21 och
297 1112 160 22 kuststädernas
480 1112 81 22 försvar
584 1113 84 21 besätta
690 1113 42 21 alla
752 1113 61 21 dessa
829 1113 120 21 kuststäder
964 1112 40 22 och

174 1140 68 22 andra
265 1140 78 28 vigtiga
366 1141 112 21 befolkade
501 1141 92 27 punkter
608 1142 27 26 pä
650 1142 77 20 kusten
744 1142 47 20 med
808 1141 123 27 tillräckligt
946 1140 58 22 antal

174 1170 90 26 trupper
278 1171 24 19 är
317 1170 100 26 omöjligt.
444 1170 75 21 Dertill
535 1169 68 21 skulle
619 1170 80 21 fordras
715 1176 27 15 en
758 1170 79 27 styrka,
853 1176 46 14 som
915 1172 14 18 t.
945 1176 19 14 o.
976 1176 27 14 m.

174 1196 22 22 få
218 1197 76 21 länder
310 1198 68 21 skulle
394 1199 71 21 kunna
480 1200 101 25 prestera.
613 1198 48 21 Men
677 1205 34 14 om
727 1200 13 20 å
757 1204 39 15 ena
811 1198 59 21 sidan
887 1198 39 21 den
941 1198 63 26 långa

174 1226 174 27 utsträckningen
373 1226 22 22 af
412 1226 100 22 Finlands
528 1227 49 20 kust
593 1226 105 22 försvårar
713 1227 110 21 försvaret.
840 1227 23 20 sä
879 1226 126 22 framställer

175 1255 13 21 &
203 1255 68 21 andra
286 1255 59 21 sidan
362 1255 69 22 denna
445 1256 60 21 kusts
519 1255 54 22 form
590 1255 21 21 af
625 1261 25 15 en
666 1256 137 26 utskjutande
820 1255 59 26 båge,
895 1255 52 22 eller
961 1257 43 20 rät-

176 1285 46 19 tare
245 1283 102 22 Finlands
370 1284 117 26 halföform,
513 1290 26 15 en
561 1284 114 26 strategisk
698 1284 83 21 lättnad
797 1284 7 20 i
820 1284 81 21 landets
917 1284 87 27 försvar,

174 1313 52 20 enär
249 1312 6 20 i
278 1312 52 27 följd
353 1312 22 22 af
395 1313 69 21 denna
485 1312 54 21 form
561 1319 25 14 en
603 1312 90 21 centralt
708 1312 90 27 belägen
814 1313 136 26 truppstyrka
966 1312 39 21 har

174 1340 89 27 ungefär
284 1340 44 22 lika
350 1341 65 27 längt,
439 1341 26 21 dä
488 1341 35 21 det
545 1341 67 26 gäller
628 1343 31 19 att
681 1341 70 25 hasta,
768 1347 48 14 vare
831 1341 32 26 sig
879 1341 31 20 till
925 1341 79 21 Finska

174 1368 76 23 Viken,
274 1369 112 22 Bottniska
402 1369 67 22 Viken
487 1369 50 21 eller
553 1363 46 28 Äbo
615 1369 114 27 skärgärds
745 1369 80 22 kuster.
856 1369 113 22 Försvaret
985 1369 21 21 af

174 1397 104 21 Finlands
300 1398 50 21 kust
372 1399 67 20 mäste
462 1398 70 21 derför
555 1397 60 22 bestä
638 1399 6 19 i
668 1401 102 24 systemet
793 1397 22 22 af
832 1403 25 16 en
873 1397 51 22 eller
939 1398 66 26 nägra

174 1425 74 21 starka
264 1425 79 28 rörliga
361 1433 102 20 reserver,
479 1426 77 27 hvilka,
573 1426 26 21 dä
615 1427 36 20 det
666 1426 106 26 behöfves,
789 1426 60 21 skola
864 1427 71 20 kastas
951 1425 53 22 fram

174 1453 32 21 till
222 1454 41 21 den
283 1454 122 22 allvarsamt
420 1455 78 21 hotade
513 1455 106 26 punktens
634 1455 145 26 undsättning.
810 1455 10 20 I
836 1454 114 21 allmänhet
969 1454 34 21 be-

174 1483 46 20 stär
242 1485 32 19 ett
294 1483 142 26 jernvägsnät,
459 1489 45 15 som
527 1483 55 21 skall
605 1483 94 28 uppfylla
721 1483 130 27 strategiska
879 1483 125 26 fordringar,

176 1512 59 20 utom
262 1511 22 21 af
307 1511 26 22 de
357 1512 117 27 jernvägar,
497 1517 45 16 som
569 1511 74 22 förena
673 1512 36 21 det
731 1511 46 22 inre
802 1511 23 22 af
856 1511 71 21 landet
957 1512 48 21 med
