1081 1770
237 119 42 22 770
489 124 26 18 R.
527 129 18 13 o.
557 125 23 17 A.
593 125 59 18 1888.
665 125 22 18 19
695 125 64 22 April.

209 211 170 21 reservanternes
401 211 60 27 åsigt,
483 212 34 20 att
530 210 241 28 författningsförslaget
785 210 41 22 N:o
842 210 20 26 2,
877 210 28 26 på
919 210 55 22 intet
988 210 44 21 sätt

210 240 25 19 är
257 238 105 22 beroende
380 239 23 21 af
416 241 31 20 ett
461 240 121 27 antagande
597 240 24 20 af
632 238 240 28 författningsförslaget
886 239 40 21 N:o
943 239 19 21 1.
991 237 41 23 Ut-

210 266 82 22 skottet
314 267 39 21 har
374 268 113 22 motiverat
508 268 38 22 sitt
567 268 81 27 förslag
669 269 33 20 att
717 268 65 21 binda
797 267 26 21 de
838 266 57 22 båda
908 266 124 22 författnin-

209 301 64 21 garne
287 295 36 22 vid
338 296 120 22 hvarandra
473 296 96 27 sålunda,
585 299 32 19 att
632 297 36 21 det
682 298 62 25 säger
758 296 29 27 på
797 296 39 21 sid.
854 296 32 21 10:
902 295 65 27 ,först
977 295 54 22 efter

210 324 127 22 utfärdande
352 325 23 21 af
383 331 26 15 en
419 326 139 26 dissenterlag
571 326 73 20 kunna
654 325 116 21 dissenters
780 324 8 22 i
798 326 69 20 större
877 324 58 22 antal
945 324 86 21 komma

209 354 33 20 att
263 353 48 21 med
333 354 97 21 tillstånd
451 354 23 21 af
493 354 87 27 lagarne
603 354 68 21 finnas
685 353 8 21 i
708 354 94 20 landet".
832 353 66 21 Detta
918 352 112 22 uttalande

209 387 63 15 anser
291 382 38 26 jag
351 383 125 26 ogrundadt.
506 382 82 22 Genom
604 383 53 21 1781
674 382 35 21 års
724 382 73 26 kungl.
813 382 126 26 kungörelse
954 383 25 19 är
994 382 36 20 det

210 410 92 27 lagligen
316 410 84 27 tillåtet,
417 413 32 19 att
463 417 101 21 personer
578 411 73 21 kunna
665 417 53 15 vara
732 410 70 22 finska
816 410 147 27 medborgare,
978 410 52 20 utan

210 440 33 19 att
264 439 87 21 tillhöra
371 439 110 22 lutherska
503 440 88 27 kyrkan.
623 439 70 27 Sagda
715 439 127 26 kungörelse
864 438 110 27 förbjuder
995 437 35 21 väl

211 467 57 20 affall
289 467 48 21 från
358 467 110 22 lutherska
489 468 88 27 kyrkan,
601 474 48 15 men
663 467 117 27 medgifver
796 469 32 19 att
842 473 102 21 personer
958 466 72 21 kunna

209 501 51 16 vara
281 496 140 27 medborgare
439 499 52 19 utan
505 498 34 20 att
553 503 52 14 vara
619 496 129 21 lutheraner.
778 495 36 22 Nu
828 495 111 22 inträffade
955 494 36 21 det
1006 493 24 22 år

211 524 61 26 1811,
295 524 28 21 då
344 525 98 27 Wiborgs
463 525 35 22 län
513 525 112 22 förenades
639 525 49 21 med
703 525 37 20 det
756 523 68 28 öfriga
839 524 96 25 Finland,
951 524 33 20 att
998 524 32 20 ett

208 553 81 26 ganska
305 555 54 19 stort
371 554 58 21 antal
444 560 102 21 personer
560 554 23 21 af
591 553 161 27 grekisk-ryska
762 553 143 22 bekännelsen
914 551 114 22 införlifva-

210 582 37 21 des
261 581 49 22 med
324 581 68 22 finska
407 584 76 20 staten.
504 583 69 21 Dessa
582 588 102 21 personer
694 587 64 16 anser
770 581 37 28 jag
822 581 27 28 på
863 581 69 27 grund
942 580 23 22 af
973 580 54 21 1781

210 609 35 22 års
267 610 126 27 kungörelse
415 613 51 19 utan
488 611 71 22 tvifvel
582 611 91 26 lagligen
695 611 73 20 kunna
783 617 51 14 vara
849 610 67 21 finska
931 608 98 23 medbor-

209 645 56 20 gare.
295 639 42 21 Det
360 639 100 22 innebure
483 645 26 16 en
531 639 127 27 orimlighet,
679 640 33 20 att
727 639 63 21 dessa
808 639 4 21 i
826 639 99 26 Wiborgs
940 638 35 21 län
990 637 38 22 bo-

210 669 54 19 satte
287 667 75 27 greker
377 668 68 21 skulle
459 668 90 21 förlorat
564 668 45 21 sina
624 667 171 28 medborgerliga
810 667 132 27 rättigheter,
958 665 70 22 derför

209 697 32 20 att
265 696 25 21 de
308 696 125 21 införlifvats
448 697 48 21 med
510 697 97 21 Finland.
638 696 72 21 Sådan
725 702 38 15 var
778 697 44 20 helt
837 696 73 21 säkert
924 695 46 22 icke
985 700 43 15 me-

208 724 77 27 ningen
307 725 48 20 med
378 725 69 21 denna
465 725 80 27 åtgärd.
575 725 43 22 Det
639 731 39 15 var
696 725 120 26 egentligen
832 725 74 20 endast
920 723 37 22 två
971 723 57 26 slags

208 753 170 27 medborgerliga
400 754 131 27 rättigheter,
553 760 45 15 som
623 755 52 20 1781
700 753 34 21 års
760 753 126 26 kungörelse
910 751 117 22 frånkände

208 781 80 22 kristne
303 781 24 21 af
340 788 69 15 annan
424 784 27 19 än
466 783 96 20 luthersk
577 783 135 26 bekännelse,
723 782 106 27 nemligen
843 781 184 26 riksdagsmanna-

209 811 42 20 rätt
267 813 54 18 samt
337 812 43 19 rätt
395 811 32 21 till
442 811 88 27 tjenster
545 811 39 21 och
600 811 104 21 embeten.
725 810 63 22 Hvad
803 810 101 21 beträftar
919 810 40 21 den
969 809 59 21 förra

208 839 39 20 har
262 839 69 21 denna
345 839 152 27 inskränkning
511 840 8 20 i
533 840 214 26 medborgarerätten
761 839 110 21 afskaffats
880 845 75 20 genom
966 838 24 21 L.
1001 837 25 21 O.

208 867 81 21 Genom
305 868 23 20 L.
345 867 23 21 O.
385 868 62 20 hafva
461 868 180 21 icke-lutheraner
656 867 42 22 fått
712 867 226 27 riksdagsmannarätt.
965 865 62 22 Hvad

208 895 46 21 äter
275 896 102 21 beträffar
391 896 128 27 rättigheten
533 898 33 19 att
581 896 92 22 bekläda
688 896 99 21 embeten
802 895 39 21 och
856 895 89 27 tjenster
959 896 8 20 i
981 894 45 22 lan-

207 924 41 26 det,
264 924 41 21 har
319 924 7 21 i
341 924 98 22 afseende
455 924 12 22 &
481 925 209 27 grekisk-katholske
705 924 170 22 trosförvandter
884 930 76 21 genom
972 923 54 21 1827

208 952 33 21 ärs
257 952 168 22 administrativa
439 953 124 27 förordning
577 953 64 21 sädan
657 955 43 19 rätt
715 953 49 21 dem
775 953 103 27 beviljats.
898 953 76 21 Denna
982 951 44 21 för-

208 981 89 27 ordning
312 983 25 19 är
350 982 122 26 visserligen
486 982 7 20 i
509 982 99 21 afseende
624 982 12 21 &
651 981 236 27 grundlagsenligheten
902 982 23 21 af
938 981 32 21 sin
985 979 41 21 till-

207 1010 71 20 komst
300 1010 82 26 dubiös,
405 1016 47 16 men
472 1010 69 21 denna
555 1010 157 27 omständighet
728 1010 40 21 bör
782 1010 46 20 icke
843 1010 85 21 komma
944 1015 34 16 oss
993 1009 33 20 att

206 1038 85 26 förbise,
315 1040 32 19 att
363 1040 54 20 1827
433 1038 34 22 ärs
481 1039 124 27 förordning
621 1039 129 26 fullkomligt
765 1038 197 22 öfverensstämmer
976 1036 48 22 med

207 1067 114 21 rättvisans
343 1066 126 28 fordringar,
492 1069 32 19 att
546 1068 39 20 den
601 1067 105 27 uppfyller
722 1068 41 20 den
778 1068 111 20 materiela
910 1074 34 14 om
960 1064 65 24 ocksä

206 1095 45 21 icke
274 1095 41 21 den
336 1094 89 23 formela
447 1098 81 19 rättens
547 1096 53 21 kraf.
631 1096 42 20 Det
696 1097 24 19 är
735 1095 79 27 derför,
830 1102 60 20 synes
905 1096 49 27 mig,
970 1095 8 21 i
992 1094 32 21 sin

206 1123 96 27 ordning,
317 1125 33 19 att
364 1124 101 21 Finlands
480 1124 86 22 ständer
580 1124 61 27 gripa
655 1124 67 21 första
742 1124 83 21 tillfälle
840 1124 7 21 i
862 1124 43 26 akt,
921 1127 32 19 att
968 1124 56 25 lega-

204 1152 64 21 lisera
282 1152 116 21 innehållet
412 1152 23 22 af
450 1154 53 20 1827
518 1153 36 21 års
568 1152 170 22 administrativa
748 1152 128 28 förordning.
906 1152 118 25 Naturligt-

205 1181 30 21 vis
251 1180 126 22 förutsätter
389 1181 37 27 jag
441 1181 32 26 dä,
489 1183 32 19 att
536 1181 137 27 lagförslaget
689 1187 33 15 om
738 1180 130 22 fremmande
878 1182 92 21 kristens
980 1181 44 20 rätt

205 1211 32 19 att
260 1209 90 21 bekläda
366 1210 97 21 embeten
478 1210 39 21 och
532 1210 89 27 tjenster
635 1210 7 20 i
657 1210 73 21 landet
745 1209 69 21 blefve
830 1210 81 25 sädant,
927 1216 45 15 som
987 1209 37 21 det

204 1237 61 27 ingår
279 1238 7 21 i
301 1237 47 21 nåd.
372 1243 59 21 prop.
447 1238 39 21 och
501 1238 46 21 icke
563 1238 81 26 sådant,
661 1244 44 15 som
720 1238 8 21 i
744 1239 156 20 reservationen
916 1238 40 21 N:o
971 1239 13 20 2
999 1240 24 19 är

203 1266 121 27 föreslaget,
341 1267 19 20 d.
377 1273 18 14 v.
411 1273 15 14 s.
447 1267 54 20 blott
523 1267 111 20 inskränkt
656 1267 32 20 till
710 1267 170 26 protestantiska
901 1267 121 21 dissenters.

204 1295 125 26 Derigenom
355 1295 66 20 skulle
437 1294 149 27 förordningen
600 1295 80 21 förlora
694 1295 38 20 det
747 1297 68 19 mesta
830 1295 22 21 af
866 1295 32 21 sin
913 1295 110 26 praktiska

202 1323 115 26 betydelse,
333 1323 40 21 och
388 1323 42 20 kan
439 1323 37 27 jag
490 1323 47 21 icke
552 1325 65 19 annat
631 1325 28 18 än
674 1323 92 26 beklaga
780 1325 33 19 att
828 1324 31 21 Hr
874 1323 149 21 Ecklesiastik-

204 1351 79 25 chefen,
300 1353 32 19 att
347 1352 56 20 sluta
417 1350 24 22 af
453 1352 52 20 hans
521 1352 98 26 yttrande
634 1351 35 21 vid
684 1352 53 20 sista
752 1352 91 26 plenum,
854 1352 6 20 i
871 1352 69 20 denna
955 1352 68 26 punkt

202 1379 46 21 icke
271 1380 72 26 tyckes
368 1380 49 26 vilja
441 1380 57 20 hällä
522 1380 27 26 pä
571 1380 40 21 den
637 1380 48 20 nåd.
708 1386 61 20 prop.
800 1380 42 22 Det
860 1386 33 15 ser
908 1382 75 19 nästan
999 1383 23 19 ut

203 1413 45 15 som
271 1408 68 21 skulle
359 1414 48 14 man
430 1408 79 26 befara,
531 1410 33 19 att
586 1410 31 19 ett
641 1408 121 27 antagande
777 1408 24 22 af
812 1408 48 22 nåd.
876 1415 60 20 prop.
951 1408 71 22 kunde

203 1436 109 26 uppfattas
327 1436 70 21 säsom
413 1438 31 20 ett
459 1437 123 21 minskande
597 1437 23 20 af
633 1437 26 21 de
674 1437 133 27 rättigheter,
818 1437 72 21 hvilka
900 1437 121 23 bekännare

202 1464 24 20 af
239 1464 175 27 grekiska-ryska
429 1465 104 21 trosläran
548 1466 65 20 redan
628 1466 7 20 i
650 1466 73 20 landet
737 1465 89 21 faktiskt
841 1465 117 22 innehafva.
980 1466 42 28 Jag

202 1493 41 21 kan
258 1493 47 21 icke
320 1492 74 27 förstå,
410 1495 33 19 att
457 1494 60 20 detta
532 1494 69 20 kunde
616 1494 56 26 gälla
687 1494 66 26 något
768 1496 65 18 annat
841 1496 27 18 än
878 1494 41 22 den
929 1494 92 22 bestäm-
