<?xml version="1.0" encoding="UTF-8"?>
<alto xmlns="http://www.loc.gov/standards/alto/ns-v3#" xmlns:xlink="http://www.w3.org/1999/xlink" xmlns:xsi="http://www.w3.org/2001/XMLSchema-instance" xsi:schemaLocation="http://www.loc.gov/standards/alto/ns-v3# http://www.loc.gov/alto/v3/alto-3-0.xsd">
	<Description>
		<MeasurementUnit>pixel</MeasurementUnit>
		<sourceImageInformation>
			<fileName>/tmp/tess_vjr2x5zq_input.PNG</fileName>
		</sourceImageInformation>
		<OCRProcessing ID="OCR_0">
			<ocrProcessingStep>
				<processingSoftware>
					<softwareName>tesseract 5.3.4</softwareName>
				</processingSoftware>
			</ocrProcessingStep>
		</OCRProcessing>
	</Description>
	<Layout>
		<Page WIDTH="1073" HEIGHT="1739" PHYSICAL_IMG_NR="0" ID="page_0">
			<PrintSpace HPOS="0" VPOS="0" WIDTH="1073" HEIGHT="1739">
				<ComposedBlock ID="cblock_0" HPOS="193" VPOS="121" WIDTH="510" HEIGHT="27">
					<TextBlock ID="block_0" HPOS="193" VPOS="121" WIDTH="510" HEIGHT="27">
						<TextLine ID="line_0" HPOS="193" VPOS="121" WIDTH="510" HEIGHT="27">
							<String ID="string_0" HPOS="193" VPOS="121" WIDTH="41" HEIGHT="20" WC="0.96" CONTENT="564"/><SP WIDTH="206" VPOS="121" HPOS="234"/>
							<String ID="string_1" HPOS="440" VPOS="128" WIDTH="24" HEIGHT="16" WC="0.96" CONTENT="R."/><SP WIDTH="14" VPOS="128" HPOS="464"/>
							<String ID="string_2" HPOS="478" VPOS="132" WIDTH="17" HEIGHT="12" WC="0.91" CONTENT="o."/><SP WIDTH="14" VPOS="132" HPOS="495"/>
							<String ID="string_3" HPOS="509" VPOS="128" WIDTH="86" HEIGHT="16" WC="0.91" CONTENT="A.1888."/><SP WIDTH="23" VPOS="128" HPOS="595"/>
							<String ID="string_4" HPOS="618" VPOS="128" WIDTH="11" HEIGHT="16" WC="0.95" CONTENT="7"/><SP WIDTH="12" VPOS="128" HPOS="629"/>
							<String ID="string_5" HPOS="641" VPOS="127" WIDTH="62" HEIGHT="21" WC="0.89" CONTENT="April."/>
						</TextLine>
					</TextBlock>
				</ComposedBlock>
				<GraphicalElement ID="cblock_1" HPOS="163" VPOS="165" WIDTH="819" HEIGHT="7"></GraphicalElement >
				<ComposedBlock ID="cblock_2" HPOS="158" VPOS="213" WIDTH="834" HEIGHT="1347">
					<TextBlock ID="block_1" HPOS="162" VPOS="213" WIDTH="830" HEIGHT="228">
						<TextLine ID="line_1" HPOS="164" VPOS="213" WIDTH="828" HEIGHT="27">
							<String ID="string_6" HPOS="164" VPOS="213" WIDTH="30" HEIGHT="20" WC="0.93" CONTENT="ett"/><SP WIDTH="15" VPOS="213" HPOS="194"/>
							<String ID="string_7" HPOS="209" VPOS="213" WIDTH="73" HEIGHT="20" WC="0.96" CONTENT="märke"/><SP WIDTH="23" VPOS="213" HPOS="282"/>
							<String ID="string_8" HPOS="305" VPOS="214" WIDTH="48" HEIGHT="20" WC="0.93" CONTENT="med"/><SP WIDTH="22" VPOS="214" HPOS="353"/>
							<String ID="string_9" HPOS="375" VPOS="213" WIDTH="86" HEIGHT="27" WC="0.95" CONTENT="påföljd,"/><SP WIDTH="25" VPOS="213" HPOS="461"/>
							<String ID="string_10" HPOS="486" VPOS="216" WIDTH="32" HEIGHT="19" WC="0.96" CONTENT="att"/><SP WIDTH="15" VPOS="216" HPOS="518"/>
							<String ID="string_11" HPOS="533" VPOS="214" WIDTH="36" HEIGHT="21" WC="0.93" CONTENT="det"/><SP WIDTH="15" VPOS="214" HPOS="569"/>
							<String ID="string_12" HPOS="584" VPOS="214" WIDTH="104" HEIGHT="21" WC="0.96" CONTENT="utesluter"/><SP WIDTH="17" VPOS="214" HPOS="688"/>
							<String ID="string_13" HPOS="705" VPOS="213" WIDTH="66" HEIGHT="22" WC="0.93" CONTENT="andra"/><SP WIDTH="16" VPOS="213" HPOS="771"/>
							<String ID="string_14" HPOS="787" VPOS="213" WIDTH="45" HEIGHT="21" WC="0.96" CONTENT="från"/><SP WIDTH="17" VPOS="213" HPOS="832"/>
							<String ID="string_15" HPOS="849" VPOS="214" WIDTH="31" HEIGHT="19" WC="0.93" CONTENT="att"/><SP WIDTH="16" VPOS="214" HPOS="880"/>
							<String ID="string_16" HPOS="896" VPOS="213" WIDTH="96" HEIGHT="26" WC="0.96" CONTENT="begagna"/>
						</TextLine>
						<TextLine ID="line_2" HPOS="163" VPOS="241" WIDTH="829" HEIGHT="27">
							<String ID="string_17" HPOS="163" VPOS="247" WIDTH="80" HEIGHT="15" WC="0.88" CONTENT="samma"/><SP WIDTH="23" VPOS="247" HPOS="243"/>
							<String ID="string_18" HPOS="266" VPOS="242" WIDTH="79" HEIGHT="26" WC="0.95" CONTENT="märke,"/><SP WIDTH="24" VPOS="242" HPOS="345"/>
							<String ID="string_19" HPOS="369" VPOS="243" WIDTH="39" HEIGHT="20" WC="0.96" CONTENT="och"/><SP WIDTH="22" VPOS="243" HPOS="408"/>
							<String ID="string_20" HPOS="430" VPOS="243" WIDTH="41" HEIGHT="21" WC="0.76" CONTENT="den"/><SP WIDTH="31" VPOS="243" HPOS="471"/>
							<String ID="string_21" HPOS="502" VPOS="249" WIDTH="44" HEIGHT="14" WC="0.92" CONTENT="som"/><SP WIDTH="16" VPOS="249" HPOS="546"/>
							<String ID="string_22" HPOS="562" VPOS="243" WIDTH="36" HEIGHT="20" WC="0.93" CONTENT="vill"/><SP WIDTH="16" VPOS="243" HPOS="598"/>
							<String ID="string_23" HPOS="614" VPOS="243" WIDTH="89" HEIGHT="20" WC="0.96" CONTENT="sålunda"/><SP WIDTH="16" VPOS="243" HPOS="703"/>
							<String ID="string_24" HPOS="719" VPOS="241" WIDTH="81" HEIGHT="22" WC="0.96" CONTENT="erhålla"/><SP WIDTH="15" VPOS="241" HPOS="800"/>
							<String ID="string_25" HPOS="815" VPOS="241" WIDTH="93" HEIGHT="27" WC="0.96" CONTENT="rättsligt"/><SP WIDTH="16" VPOS="241" HPOS="908"/>
							<String ID="string_26" HPOS="924" VPOS="241" WIDTH="68" HEIGHT="27" WC="0.96" CONTENT="skydd"/>
						</TextLine>
						<TextLine ID="line_3" HPOS="163" VPOS="269" WIDTH="827" HEIGHT="27">
							<String ID="string_27" HPOS="163" VPOS="269" WIDTH="33" HEIGHT="22" WC="0.96" CONTENT="för"/><SP WIDTH="23" VPOS="269" HPOS="196"/>
							<String ID="string_28" HPOS="219" VPOS="270" WIDTH="37" HEIGHT="20" WC="0.93" CONTENT="sitt"/><SP WIDTH="23" VPOS="270" HPOS="256"/>
							<String ID="string_29" HPOS="279" VPOS="271" WIDTH="78" HEIGHT="25" WC="0.92" CONTENT="märke,"/><SP WIDTH="24" VPOS="271" HPOS="357"/>
							<String ID="string_30" HPOS="381" VPOS="271" WIDTH="53" HEIGHT="21" WC="0.96" CONTENT="skall"/><SP WIDTH="23" VPOS="271" HPOS="434"/>
							<String ID="string_31" HPOS="457" VPOS="271" WIDTH="33" HEIGHT="21" WC="0.93" CONTENT="för"/><SP WIDTH="21" VPOS="271" HPOS="490"/>
							<String ID="string_32" HPOS="511" VPOS="271" WIDTH="76" HEIGHT="21" WC="0.91" CONTENT="sädant"/><SP WIDTH="14" VPOS="271" HPOS="587"/>
							<String ID="string_33" HPOS="601" VPOS="271" WIDTH="98" HEIGHT="21" WC="0.91" CONTENT="ändamäl"/><SP WIDTH="16" VPOS="271" HPOS="699"/>
							<String ID="string_34" HPOS="715" VPOS="271" WIDTH="67" HEIGHT="21" WC="0.91" CONTENT="anlita"/><SP WIDTH="17" VPOS="271" HPOS="782"/>
							<String ID="string_35" HPOS="799" VPOS="271" WIDTH="39" HEIGHT="20" WC="0.93" CONTENT="den"/><SP WIDTH="16" VPOS="271" HPOS="838"/>
							<String ID="string_36" HPOS="854" VPOS="269" WIDTH="90" HEIGHT="22" WC="0.92" CONTENT="officiela"/><SP WIDTH="15" VPOS="269" HPOS="944"/>
							<String ID="string_37" HPOS="959" VPOS="276" WIDTH="31" HEIGHT="15" WC="0.93" CONTENT="re-"/>
						</TextLine>
						<TextLine ID="line_4" HPOS="162" VPOS="299" WIDTH="828" HEIGHT="26">
							<String ID="string_38" HPOS="162" VPOS="299" WIDTH="140" HEIGHT="25" WC="0.88" CONTENT="gistreringen."/><SP WIDTH="22" VPOS="299" HPOS="302"/>
							<String ID="string_39" HPOS="324" VPOS="300" WIDTH="28" HEIGHT="25" WC="0.96" CONTENT="pä"/><SP WIDTH="16" VPOS="300" HPOS="352"/>
							<String ID="string_40" HPOS="368" VPOS="300" WIDTH="35" HEIGHT="21" WC="0.96" CONTENT="det"/><SP WIDTH="15" VPOS="300" HPOS="403"/>
							<String ID="string_41" HPOS="418" VPOS="302" WIDTH="31" HEIGHT="19" WC="0.96" CONTENT="att"/><SP WIDTH="17" VPOS="302" HPOS="449"/>
							<String ID="string_42" HPOS="466" VPOS="300" WIDTH="36" HEIGHT="21" WC="0.97" CONTENT="det"/><SP WIDTH="15" VPOS="300" HPOS="502"/>
							<String ID="string_43" HPOS="517" VPOS="300" WIDTH="34" HEIGHT="21" WC="0.93" CONTENT="mä"/><SP WIDTH="16" VPOS="300" HPOS="551"/>
							<String ID="string_44" HPOS="567" VPOS="300" WIDTH="64" HEIGHT="21" WC="0.92" CONTENT="blifva"/><SP WIDTH="16" VPOS="300" HPOS="631"/>
							<String ID="string_45" HPOS="647" VPOS="300" WIDTH="32" HEIGHT="21" WC="0.93" CONTENT="för"/><SP WIDTH="16" VPOS="300" HPOS="679"/>
							<String ID="string_46" HPOS="695" VPOS="300" WIDTH="80" HEIGHT="21" WC="0.91" CONTENT="enhvar"/><SP WIDTH="10" VPOS="300" HPOS="775"/>
							<String ID="string_47" HPOS="785" VPOS="299" WIDTH="82" HEIGHT="26" WC="0.96" CONTENT="möjligt"/><SP WIDTH="11" VPOS="299" HPOS="867"/>
							<String ID="string_48" HPOS="878" VPOS="301" WIDTH="32" HEIGHT="19" WC="0.93" CONTENT="att"/><SP WIDTH="10" VPOS="301" HPOS="910"/>
							<String ID="string_49" HPOS="920" VPOS="299" WIDTH="70" HEIGHT="20" WC="0.89" CONTENT="känna"/>
						</TextLine>
						<TextLine ID="line_5" HPOS="163" VPOS="327" WIDTH="826" HEIGHT="28">
							<String ID="string_50" HPOS="163" VPOS="327" WIDTH="117" HEIGHT="20" WC="0.95" CONTENT="detsamma"/><SP WIDTH="22" VPOS="327" HPOS="280"/>
							<String ID="string_51" HPOS="302" VPOS="328" WIDTH="39" HEIGHT="21" WC="0.91" CONTENT="och"/><SP WIDTH="23" VPOS="328" HPOS="341"/>
							<String ID="string_52" HPOS="364" VPOS="329" WIDTH="88" HEIGHT="20" WC="0.93" CONTENT="sålunda"/><SP WIDTH="23" VPOS="329" HPOS="452"/>
							<String ID="string_53" HPOS="475" VPOS="328" WIDTH="79" HEIGHT="21" WC="0.91" CONTENT="afhälla"/><SP WIDTH="23" VPOS="328" HPOS="554"/>
							<String ID="string_54" HPOS="577" VPOS="329" WIDTH="31" HEIGHT="26" WC="0.93" CONTENT="sig"/><SP WIDTH="23" VPOS="329" HPOS="608"/>
							<String ID="string_55" HPOS="631" VPOS="329" WIDTH="46" HEIGHT="20" WC="0.96" CONTENT="från"/><SP WIDTH="19" VPOS="329" HPOS="677"/>
							<String ID="string_56" HPOS="696" VPOS="329" WIDTH="89" HEIGHT="26" WC="0.96" CONTENT="ingrepp"/><SP WIDTH="16" VPOS="329" HPOS="785"/>
							<String ID="string_57" HPOS="801" VPOS="328" WIDTH="6" HEIGHT="20" WC="0.96" CONTENT="i"/><SP WIDTH="17" VPOS="328" HPOS="807"/>
							<String ID="string_58" HPOS="824" VPOS="328" WIDTH="39" HEIGHT="21" WC="0.93" CONTENT="den"/><SP WIDTH="17" VPOS="328" HPOS="863"/>
							<String ID="string_59" HPOS="880" VPOS="329" WIDTH="48" HEIGHT="24" WC="0.96" CONTENT="rätt,"/><SP WIDTH="17" VPOS="329" HPOS="928"/>
							<String ID="string_60" HPOS="945" VPOS="333" WIDTH="44" HEIGHT="15" WC="0.96" CONTENT="som"/>
						</TextLine>
						<TextLine ID="line_6" HPOS="162" VPOS="355" WIDTH="828" HEIGHT="29">
							<String ID="string_61" HPOS="162" VPOS="355" WIDTH="39" HEIGHT="21" WC="0.96" CONTENT="här"/><SP WIDTH="23" VPOS="355" HPOS="201"/>
							<String ID="string_62" HPOS="224" VPOS="358" WIDTH="24" HEIGHT="19" WC="0.91" CONTENT="är"/><SP WIDTH="23" VPOS="358" HPOS="248"/>
							<String ID="string_63" HPOS="271" VPOS="356" WIDTH="59" HEIGHT="27" WC="0.91" CONTENT="fräga"/><SP WIDTH="22" VPOS="356" HPOS="330"/>
							<String ID="string_64" HPOS="352" VPOS="363" WIDTH="43" HEIGHT="19" WC="0.96" CONTENT="om;"/><SP WIDTH="24" VPOS="363" HPOS="395"/>
							<String ID="string_65" HPOS="419" VPOS="357" WIDTH="38" HEIGHT="22" WC="0.96" CONTENT="och"/><SP WIDTH="25" VPOS="357" HPOS="457"/>
							<String ID="string_66" HPOS="482" VPOS="357" WIDTH="36" HEIGHT="21" WC="0.96" CONTENT="det"/><SP WIDTH="15" VPOS="357" HPOS="518"/>
							<String ID="string_67" HPOS="533" VPOS="359" WIDTH="24" HEIGHT="19" WC="0.96" CONTENT="är"/><SP WIDTH="13" VPOS="359" HPOS="557"/>
							<String ID="string_68" HPOS="570" VPOS="357" WIDTH="45" HEIGHT="27" WC="0.93" CONTENT="just"/><SP WIDTH="15" VPOS="357" HPOS="615"/>
							<String ID="string_69" HPOS="630" VPOS="357" WIDTH="74" HEIGHT="27" WC="0.88" CONTENT="sjelfva"/><SP WIDTH="15" VPOS="357" HPOS="704"/>
							<String ID="string_70" HPOS="719" VPOS="357" WIDTH="71" HEIGHT="24" WC="0.92" CONTENT="akten,"/><SP WIDTH="18" VPOS="357" HPOS="790"/>
							<String ID="string_71" HPOS="808" VPOS="358" WIDTH="31" HEIGHT="19" WC="0.93" CONTENT="att"/><SP WIDTH="15" VPOS="358" HPOS="839"/>
							<String ID="string_72" HPOS="854" VPOS="356" WIDTH="136" HEIGHT="27" WC="0.90" CONTENT="inregistrera"/>
						</TextLine>
						<TextLine ID="line_7" HPOS="162" VPOS="384" WIDTH="828" HEIGHT="29">
							<String ID="string_73" HPOS="162" VPOS="384" WIDTH="89" HEIGHT="24" WC="0.92" CONTENT="märket,"/><SP WIDTH="25" VPOS="384" HPOS="251"/>
							<String ID="string_74" HPOS="276" VPOS="391" WIDTH="44" HEIGHT="15" WC="0.95" CONTENT="som"/><SP WIDTH="23" VPOS="391" HPOS="320"/>
							<String ID="string_75" HPOS="343" VPOS="385" WIDTH="81" HEIGHT="22" WC="0.94" CONTENT="medför"/><SP WIDTH="23" VPOS="385" HPOS="424"/>
							<String ID="string_76" HPOS="447" VPOS="387" WIDTH="41" HEIGHT="20" WC="0.91" CONTENT="den"/><SP WIDTH="23" VPOS="387" HPOS="488"/>
							<String ID="string_77" HPOS="511" VPOS="387" WIDTH="134" HEIGHT="20" WC="0.91" CONTENT="uteslutande"/><SP WIDTH="17" VPOS="387" HPOS="645"/>
							<String ID="string_78" HPOS="662" VPOS="386" WIDTH="152" HEIGHT="27" WC="0.93" CONTENT="eganderätten"/><SP WIDTH="16" VPOS="386" HPOS="814"/>
							<String ID="string_79" HPOS="830" VPOS="385" WIDTH="32" HEIGHT="21" WC="0.93" CONTENT="till"/><SP WIDTH="16" VPOS="385" HPOS="862"/>
							<String ID="string_80" HPOS="878" VPOS="385" WIDTH="88" HEIGHT="24" WC="0.92" CONTENT="märket,"/><SP WIDTH="17" VPOS="385" HPOS="966"/>
							<String ID="string_81" HPOS="983" VPOS="385" WIDTH="7" HEIGHT="20" WC="0.96" CONTENT="i"/>
						</TextLine>
						<TextLine ID="line_8" HPOS="163" VPOS="413" WIDTH="311" HEIGHT="28">
							<String ID="string_82" HPOS="163" VPOS="413" WIDTH="83" HEIGHT="27" WC="0.96" CONTENT="analogi"/><SP WIDTH="15" VPOS="413" HPOS="246"/>
							<String ID="string_83" HPOS="261" VPOS="415" WIDTH="48" HEIGHT="20" WC="0.93" CONTENT="med"/><SP WIDTH="15" VPOS="415" HPOS="309"/>
							<String ID="string_84" HPOS="324" VPOS="417" WIDTH="150" HEIGHT="24" WC="0.91" CONTENT="patenträtten."/>
						</TextLine>
					</TextBlock>
					<TextBlock ID="block_2" HPOS="161" VPOS="441" WIDTH="829" HEIGHT="374">
						<TextLine ID="line_9" HPOS="235" VPOS="441" WIDTH="753" HEIGHT="29">
							<String ID="string_85" HPOS="235" VPOS="443" WIDTH="41" HEIGHT="21" WC="0.92" CONTENT="Det"/><SP WIDTH="23" VPOS="443" HPOS="276"/>
							<String ID="string_86" HPOS="299" VPOS="443" WIDTH="115" HEIGHT="27" WC="0.95" CONTENT="vanligaste"/><SP WIDTH="20" VPOS="443" HPOS="414"/>
							<String ID="string_87" HPOS="434" VPOS="444" WIDTH="70" HEIGHT="26" WC="0.96" CONTENT="slaget"/><SP WIDTH="14" VPOS="444" HPOS="504"/>
							<String ID="string_88" HPOS="518" VPOS="443" WIDTH="23" HEIGHT="21" WC="0.93" CONTENT="af"/><SP WIDTH="13" VPOS="443" HPOS="541"/>
							<String ID="string_89" HPOS="554" VPOS="443" WIDTH="141" HEIGHT="22" WC="0.96" CONTENT="varumärken"/><SP WIDTH="15" VPOS="443" HPOS="695"/>
							<String ID="string_90" HPOS="710" VPOS="443" WIDTH="40" HEIGHT="21" WC="0.96" CONTENT="har"/><SP WIDTH="15" VPOS="443" HPOS="750"/>
							<String ID="string_91" HPOS="765" VPOS="443" WIDTH="55" HEIGHT="21" WC="0.96" CONTENT="varit"/><SP WIDTH="16" VPOS="443" HPOS="820"/>
							<String ID="string_92" HPOS="836" VPOS="443" WIDTH="41" HEIGHT="24" WC="0.97" CONTENT="det,"/><SP WIDTH="17" VPOS="443" HPOS="877"/>
							<String ID="string_93" HPOS="894" VPOS="448" WIDTH="44" HEIGHT="15" WC="0.93" CONTENT="som"/><SP WIDTH="17" VPOS="448" HPOS="938"/>
							<String ID="string_94" HPOS="955" VPOS="441" WIDTH="33" HEIGHT="21" WC="0.85" CONTENT="bc-"/>
						</TextLine>
						<TextLine ID="line_10" HPOS="162" VPOS="470" WIDTH="828" HEIGHT="29">
							<String ID="string_95" HPOS="162" VPOS="471" WIDTH="45" HEIGHT="21" WC="0.96" CONTENT="står"/><SP WIDTH="15" VPOS="471" HPOS="207"/>
							<String ID="string_96" HPOS="222" VPOS="472" WIDTH="6" HEIGHT="20" WC="0.93" CONTENT="i"/><SP WIDTH="17" VPOS="472" HPOS="228"/>
							<String ID="string_97" HPOS="245" VPOS="472" WIDTH="75" HEIGHT="20" WC="0.96" CONTENT="enkom"/><SP WIDTH="20" VPOS="472" HPOS="320"/>
							<String ID="string_98" HPOS="340" VPOS="472" WIDTH="107" HEIGHT="27" WC="0.95" CONTENT="uppfunna"/><SP WIDTH="16" VPOS="472" HPOS="447"/>
							<String ID="string_99" HPOS="463" VPOS="472" WIDTH="67" HEIGHT="22" WC="0.93" CONTENT="bilder"/><SP WIDTH="16" VPOS="472" HPOS="530"/>
							<String ID="string_100" HPOS="546" VPOS="472" WIDTH="39" HEIGHT="22" WC="0.96" CONTENT="och"/><SP WIDTH="16" VPOS="472" HPOS="585"/>
							<String ID="string_101" HPOS="601" VPOS="472" WIDTH="75" HEIGHT="21" WC="0.96" CONTENT="tecken"/><SP WIDTH="17" VPOS="472" HPOS="676"/>
							<String ID="string_102" HPOS="693" VPOS="472" WIDTH="22" HEIGHT="21" WC="0.96" CONTENT="af"/><SP WIDTH="14" VPOS="472" HPOS="715"/>
							<String ID="string_103" HPOS="729" VPOS="472" WIDTH="58" HEIGHT="20" WC="0.96" CONTENT="olika"/><SP WIDTH="15" VPOS="472" HPOS="787"/>
							<String ID="string_104" HPOS="802" VPOS="472" WIDTH="49" HEIGHT="26" WC="0.90" CONTENT="slag."/><SP WIDTH="32" VPOS="472" HPOS="851"/>
							<String ID="string_105" HPOS="883" VPOS="471" WIDTH="55" HEIGHT="21" WC="0.94" CONTENT="Vore"/><SP WIDTH="16" VPOS="471" HPOS="938"/>
							<String ID="string_106" HPOS="954" VPOS="470" WIDTH="36" HEIGHT="20" WC="0.96" CONTENT="det"/>
						</TextLine>
						<TextLine ID="line_11" HPOS="163" VPOS="499" WIDTH="827" HEIGHT="29">
							<String ID="string_107" HPOS="163" VPOS="500" WIDTH="95" HEIGHT="21" WC="0.92" CONTENT="deremot"/><SP WIDTH="16" VPOS="500" HPOS="258"/>
							<String ID="string_108" HPOS="274" VPOS="501" WIDTH="39" HEIGHT="20" WC="0.96" CONTENT="den"/><SP WIDTH="17" VPOS="501" HPOS="313"/>
							<String ID="string_109" HPOS="330" VPOS="501" WIDTH="86" HEIGHT="21" WC="0.96" CONTENT="allmänt"/><SP WIDTH="16" VPOS="501" HPOS="416"/>
							<String ID="string_110" HPOS="432" VPOS="502" WIDTH="97" HEIGHT="26" WC="0.93" CONTENT="gällande"/><SP WIDTH="16" VPOS="502" HPOS="529"/>
							<String ID="string_111" HPOS="545" VPOS="500" WIDTH="120" HEIGHT="25" WC="0.93" CONTENT="coutumen,"/><SP WIDTH="14" VPOS="500" HPOS="665"/>
							<String ID="string_112" HPOS="679" VPOS="504" WIDTH="32" HEIGHT="18" WC="0.96" CONTENT="att"/><SP WIDTH="11" VPOS="504" HPOS="711"/>
							<String ID="string_113" HPOS="722" VPOS="507" WIDTH="45" HEIGHT="15" WC="0.93" CONTENT="som"/><SP WIDTH="12" VPOS="507" HPOS="767"/>
							<String ID="string_114" HPOS="779" VPOS="500" WIDTH="126" HEIGHT="21" WC="0.92" CONTENT="varumärke"/><SP WIDTH="10" VPOS="500" HPOS="905"/>
							<String ID="string_115" HPOS="915" VPOS="499" WIDTH="75" HEIGHT="21" WC="0.96" CONTENT="endast"/>
						</TextLine>
						<TextLine ID="line_12" HPOS="163" VPOS="528" WIDTH="826" HEIGHT="28">
							<String ID="string_116" HPOS="163" VPOS="528" WIDTH="95" HEIGHT="27" WC="0.89" CONTENT="begagna"/><SP WIDTH="16" VPOS="528" HPOS="258"/>
							<String ID="string_117" HPOS="274" VPOS="531" WIDTH="46" HEIGHT="25" WC="0.95" CONTENT="eget"/><SP WIDTH="16" VPOS="531" HPOS="320"/>
							<String ID="string_118" HPOS="336" VPOS="536" WIDTH="62" HEIGHT="20" WC="0.96" CONTENT="namn"/><SP WIDTH="12" VPOS="536" HPOS="398"/>
							<String ID="string_119" HPOS="410" VPOS="530" WIDTH="50" HEIGHT="21" WC="0.96" CONTENT="eller"/><SP WIDTH="11" VPOS="530" HPOS="460"/>
							<String ID="string_120" HPOS="471" VPOS="530" WIDTH="67" HEIGHT="24" WC="0.95" CONTENT="firma,"/><SP WIDTH="12" VPOS="530" HPOS="538"/>
							<String ID="string_121" HPOS="550" VPOS="530" WIDTH="27" HEIGHT="21" WC="0.96" CONTENT="dä"/><SP WIDTH="10" VPOS="530" HPOS="577"/>
							<String ID="string_122" HPOS="587" VPOS="530" WIDTH="68" HEIGHT="21" WC="0.95" CONTENT="skulle"/><SP WIDTH="11" VPOS="530" HPOS="655"/>
							<String ID="string_123" HPOS="666" VPOS="530" WIDTH="63" HEIGHT="26" WC="0.93" CONTENT="ingen"/><SP WIDTH="12" VPOS="530" HPOS="729"/>
							<String ID="string_124" HPOS="741" VPOS="529" WIDTH="55" HEIGHT="21" WC="0.91" CONTENT="skild"/><SP WIDTH="11" VPOS="529" HPOS="796"/>
							<String ID="string_125" HPOS="807" VPOS="528" WIDTH="182" HEIGHT="27" WC="0.89" CONTENT="registreringslag"/>
						</TextLine>
						<TextLine ID="line_13" HPOS="162" VPOS="556" WIDTH="827" HEIGHT="28">
							<String ID="string_126" HPOS="162" VPOS="558" WIDTH="111" HEIGHT="25" WC="0.38" CONTENT="behöfvas;"/><SP WIDTH="16" VPOS="558" HPOS="273"/>
							<String ID="string_127" HPOS="289" VPOS="559" WIDTH="7" HEIGHT="19" WC="0.96" CONTENT="i"/><SP WIDTH="16" VPOS="559" HPOS="296"/>
							<String ID="string_128" HPOS="312" VPOS="558" WIDTH="113" HEIGHT="26" WC="0.96" CONTENT="synnerhet"/><SP WIDTH="15" VPOS="558" HPOS="425"/>
							<String ID="string_129" HPOS="440" VPOS="560" WIDTH="6" HEIGHT="20" WC="0.96" CONTENT="i"/><SP WIDTH="17" VPOS="560" HPOS="446"/>
							<String ID="string_130" HPOS="463" VPOS="559" WIDTH="26" HEIGHT="21" WC="0.96" CONTENT="de"/><SP WIDTH="23" VPOS="559" HPOS="489"/>
							<String ID="string_131" HPOS="512" VPOS="559" WIDTH="79" HEIGHT="24" WC="0.96" CONTENT="länder,"/><SP WIDTH="25" VPOS="559" HPOS="591"/>
							<String ID="string_132" HPOS="616" VPOS="559" WIDTH="37" HEIGHT="20" WC="0.96" CONTENT="der"/><SP WIDTH="22" VPOS="559" HPOS="653"/>
							<String ID="string_133" HPOS="675" VPOS="558" WIDTH="138" HEIGHT="26" WC="0.96" CONTENT="registrering"/><SP WIDTH="17" VPOS="558" HPOS="813"/>
							<String ID="string_134" HPOS="830" VPOS="557" WIDTH="23" HEIGHT="21" WC="0.93" CONTENT="af"/><SP WIDTH="13" VPOS="557" HPOS="853"/>
							<String ID="string_135" HPOS="866" VPOS="556" WIDTH="123" HEIGHT="22" WC="0.91" CONTENT="affärsmäns"/>
						</TextLine>
						<TextLine ID="line_14" HPOS="162" VPOS="585" WIDTH="826" HEIGHT="29">
							<String ID="string_136" HPOS="162" VPOS="592" WIDTH="63" HEIGHT="15" WC="0.94" CONTENT="namn"/><SP WIDTH="25" VPOS="592" HPOS="225"/>
							<String ID="string_137" HPOS="250" VPOS="587" WIDTH="38" HEIGHT="20" WC="0.94" CONTENT="och"/><SP WIDTH="16" VPOS="587" HPOS="288"/>
							<String ID="string_138" HPOS="304" VPOS="586" WIDTH="60" HEIGHT="22" WC="0.93" CONTENT="firma"/><SP WIDTH="17" VPOS="586" HPOS="364"/>
							<String ID="string_139" HPOS="381" VPOS="587" WIDTH="67" HEIGHT="21" WC="0.96" CONTENT="blifvit"/><SP WIDTH="15" VPOS="587" HPOS="448"/>
							<String ID="string_140" HPOS="463" VPOS="587" WIDTH="134" HEIGHT="27" WC="0.96" CONTENT="fullständigt"/><SP WIDTH="16" VPOS="587" HPOS="597"/>
							<String ID="string_141" HPOS="613" VPOS="588" WIDTH="87" HEIGHT="25" WC="0.95" CONTENT="ordnad,"/><SP WIDTH="17" VPOS="588" HPOS="700"/>
							<String ID="string_142" HPOS="717" VPOS="590" WIDTH="24" HEIGHT="18" WC="0.95" CONTENT="är"/><SP WIDTH="16" VPOS="590" HPOS="741"/>
							<String ID="string_143" HPOS="757" VPOS="587" WIDTH="36" HEIGHT="21" WC="0.96" CONTENT="det"/><SP WIDTH="16" VPOS="587" HPOS="793"/>
							<String ID="string_144" HPOS="809" VPOS="586" WIDTH="82" HEIGHT="26" WC="0.96" CONTENT="tydligt,"/><SP WIDTH="16" VPOS="586" HPOS="891"/>
							<String ID="string_145" HPOS="907" VPOS="588" WIDTH="32" HEIGHT="18" WC="0.93" CONTENT="att"/><SP WIDTH="14" VPOS="588" HPOS="939"/>
							<String ID="string_146" HPOS="953" VPOS="585" WIDTH="35" HEIGHT="21" WC="0.92" CONTENT="fir-"/>
						</TextLine>
						<TextLine ID="line_15" HPOS="162" VPOS="615" WIDTH="826" HEIGHT="27">
							<String ID="string_147" HPOS="162" VPOS="621" WIDTH="74" HEIGHT="15" WC="0.87" CONTENT="morna"/><SP WIDTH="23" VPOS="621" HPOS="236"/>
							<String ID="string_148" HPOS="259" VPOS="616" WIDTH="45" HEIGHT="20" WC="0.91" CONTENT="icke"/><SP WIDTH="24" VPOS="616" HPOS="304"/>
							<String ID="string_149" HPOS="328" VPOS="616" WIDTH="89" HEIGHT="21" WC="0.68" CONTENT="behöfva"/><SP WIDTH="21" VPOS="616" HPOS="417"/>
							<String ID="string_150" HPOS="438" VPOS="616" WIDTH="141" HEIGHT="21" WC="0.96" CONTENT="underkastas"/><SP WIDTH="22" VPOS="616" HPOS="579"/>
							<String ID="string_151" HPOS="601" VPOS="616" WIDTH="91" HEIGHT="21" WC="0.96" CONTENT="särskild"/><SP WIDTH="19" VPOS="616" HPOS="692"/>
							<String ID="string_152" HPOS="711" VPOS="616" WIDTH="138" HEIGHT="26" WC="0.96" CONTENT="registrering"/><SP WIDTH="15" VPOS="616" HPOS="849"/>
							<String ID="string_153" HPOS="864" VPOS="615" WIDTH="32" HEIGHT="21" WC="0.93" CONTENT="för"/><SP WIDTH="16" VPOS="615" HPOS="896"/>
							<String ID="string_154" HPOS="912" VPOS="616" WIDTH="76" HEIGHT="19" WC="0.91" CONTENT="använ-"/>
						</TextLine>
						<TextLine ID="line_16" HPOS="162" VPOS="644" WIDTH="827" HEIGHT="27">
							<String ID="string_155" HPOS="162" VPOS="644" WIDTH="78" HEIGHT="20" WC="0.92" CONTENT="dandet"/><SP WIDTH="24" VPOS="644" HPOS="240"/>
							<String ID="string_156" HPOS="264" VPOS="645" WIDTH="26" HEIGHT="25" WC="0.93" CONTENT="pä"/><SP WIDTH="15" VPOS="645" HPOS="290"/>
							<String ID="string_157" HPOS="305" VPOS="650" WIDTH="69" HEIGHT="19" WC="0.91" CONTENT="varor,"/><SP WIDTH="21" VPOS="650" HPOS="374"/>
							<String ID="string_158" HPOS="395" VPOS="645" WIDTH="38" HEIGHT="21" WC="0.93" CONTENT="och"/><SP WIDTH="17" VPOS="645" HPOS="433"/>
							<String ID="string_159" HPOS="450" VPOS="645" WIDTH="97" HEIGHT="21" WC="0.90" CONTENT="öfverallt"/><SP WIDTH="15" VPOS="645" HPOS="547"/>
							<String ID="string_160" HPOS="562" VPOS="645" WIDTH="68" HEIGHT="21" WC="0.92" CONTENT="mäste"/><SP WIDTH="15" VPOS="645" HPOS="630"/>
							<String ID="string_161" HPOS="645" VPOS="651" WIDTH="48" HEIGHT="15" WC="0.96" CONTENT="man"/><SP WIDTH="14" VPOS="651" HPOS="693"/>
							<String ID="string_162" HPOS="707" VPOS="645" WIDTH="25" HEIGHT="26" WC="0.96" CONTENT="ju"/><SP WIDTH="16" VPOS="645" HPOS="732"/>
							<String ID="string_163" HPOS="748" VPOS="644" WIDTH="100" HEIGHT="26" WC="0.96" CONTENT="erkänna,"/><SP WIDTH="17" VPOS="644" HPOS="848"/>
							<String ID="string_164" HPOS="865" VPOS="645" WIDTH="31" HEIGHT="19" WC="0.93" CONTENT="att"/><SP WIDTH="16" VPOS="645" HPOS="896"/>
							<String ID="string_165" HPOS="912" VPOS="645" WIDTH="77" HEIGHT="19" WC="0.90" CONTENT="använ-"/>
						</TextLine>
						<TextLine ID="line_17" HPOS="162" VPOS="672" WIDTH="827" HEIGHT="28">
							<String ID="string_166" HPOS="162" VPOS="672" WIDTH="78" HEIGHT="21" WC="0.92" CONTENT="dandet"/><SP WIDTH="17" VPOS="672" HPOS="240"/>
							<String ID="string_167" HPOS="257" VPOS="673" WIDTH="22" HEIGHT="20" WC="0.96" CONTENT="af"/><SP WIDTH="13" VPOS="673" HPOS="279"/>
							<String ID="string_168" HPOS="292" VPOS="680" WIDTH="52" HEIGHT="19" WC="0.96" CONTENT="egen"/><SP WIDTH="16" VPOS="680" HPOS="344"/>
							<String ID="string_169" HPOS="360" VPOS="673" WIDTH="59" HEIGHT="21" WC="0.96" CONTENT="firma"/><SP WIDTH="16" VPOS="673" HPOS="419"/>
							<String ID="string_170" HPOS="435" VPOS="674" WIDTH="66" HEIGHT="20" WC="0.96" CONTENT="redan"/><SP WIDTH="15" VPOS="674" HPOS="501"/>
							<String ID="string_171" HPOS="516" VPOS="674" WIDTH="6" HEIGHT="20" WC="0.96" CONTENT="i"/><SP WIDTH="16" VPOS="674" HPOS="522"/>
							<String ID="string_172" HPOS="538" VPOS="674" WIDTH="39" HEIGHT="20" WC="0.96" CONTENT="och"/><SP WIDTH="16" VPOS="674" HPOS="577"/>
							<String ID="string_173" HPOS="593" VPOS="674" WIDTH="32" HEIGHT="20" WC="0.96" CONTENT="för"/><SP WIDTH="16" VPOS="674" HPOS="625"/>
							<String ID="string_174" HPOS="641" VPOS="674" WIDTH="31" HEIGHT="26" WC="0.96" CONTENT="sig"/><SP WIDTH="17" VPOS="674" HPOS="672"/>
							<String ID="string_175" HPOS="689" VPOS="676" WIDTH="8" HEIGHT="10" WC="0.96" CONTENT="är"/><SP WIDTH="30" VPOS="676" HPOS="697"/>
							<String ID="string_176" HPOS="727" VPOS="680" WIDTH="26" HEIGHT="14" WC="0.93" CONTENT="en"/><SP WIDTH="17" VPOS="680" HPOS="753"/>
							<String ID="string_177" HPOS="770" VPOS="672" WIDTH="108" HEIGHT="27" WC="0.92" CONTENT="rättighet,"/><SP WIDTH="16" VPOS="672" HPOS="878"/>
							<String ID="string_178" HPOS="894" VPOS="678" WIDTH="45" HEIGHT="14" WC="0.96" CONTENT="som"/><SP WIDTH="11" VPOS="678" HPOS="939"/>
							<String ID="string_179" HPOS="950" VPOS="672" WIDTH="39" HEIGHT="20" WC="0.97" CONTENT="bör"/>
						</TextLine>
						<TextLine ID="line_18" HPOS="162" VPOS="700" WIDTH="828" HEIGHT="27">
							<String ID="string_180" HPOS="162" VPOS="701" WIDTH="92" HEIGHT="26" WC="0.84" CONTENT="skyddas"/><SP WIDTH="37" VPOS="701" HPOS="254"/>
							<String ID="string_181" HPOS="291" VPOS="702" WIDTH="41" HEIGHT="20" WC="0.76" CONTENT="Det"/><SP WIDTH="16" VPOS="702" HPOS="332"/>
							<String ID="string_182" HPOS="348" VPOS="702" WIDTH="60" HEIGHT="21" WC="0.93" CONTENT="torde"/><SP WIDTH="15" VPOS="702" HPOS="408"/>
							<String ID="string_183" HPOS="423" VPOS="703" WIDTH="106" HEIGHT="20" WC="0.96" CONTENT="måhända"/><SP WIDTH="15" VPOS="703" HPOS="529"/>
							<String ID="string_184" HPOS="544" VPOS="702" WIDTH="63" HEIGHT="22" WC="0.93" CONTENT="hafva"/><SP WIDTH="15" VPOS="702" HPOS="607"/>
							<String ID="string_185" HPOS="622" VPOS="702" WIDTH="130" HEIGHT="21" WC="0.71" CONTENT="föresväfvat"/><SP WIDTH="15" VPOS="702" HPOS="752"/>
							<String ID="string_186" HPOS="767" VPOS="701" WIDTH="106" HEIGHT="21" WC="0.96" CONTENT="utskottet"/><SP WIDTH="10" VPOS="701" HPOS="873"/>
							<String ID="string_187" HPOS="883" VPOS="702" WIDTH="32" HEIGHT="20" WC="0.95" CONTENT="att"/><SP WIDTH="10" VPOS="702" HPOS="915"/>
							<String ID="string_188" HPOS="925" VPOS="701" WIDTH="7" HEIGHT="20" WC="0.93" CONTENT="i"/><SP WIDTH="10" VPOS="701" HPOS="932"/>
							<String ID="string_189" HPOS="942" VPOS="700" WIDTH="48" HEIGHT="21" WC="0.95" CONTENT="vårt"/>
						</TextLine>
						<TextLine ID="line_19" HPOS="162" VPOS="729" WIDTH="828" HEIGHT="29">
							<String ID="string_190" HPOS="162" VPOS="730" WIDTH="49" HEIGHT="20" WC="0.84" CONTENT="land"/><SP WIDTH="23" VPOS="730" HPOS="211"/>
							<String ID="string_191" HPOS="234" VPOS="732" WIDTH="100" HEIGHT="24" WC="0.84" CONTENT="systemet"/><SP WIDTH="17" VPOS="732" HPOS="334"/>
							<String ID="string_192" HPOS="351" VPOS="730" WIDTH="22" HEIGHT="22" WC="0.93" CONTENT="af"/><SP WIDTH="13" VPOS="730" HPOS="373"/>
							<String ID="string_193" HPOS="386" VPOS="731" WIDTH="147" HEIGHT="21" WC="0.53" CONTENT="atfärsfirmors"/><SP WIDTH="19" VPOS="731" HPOS="533"/>
							<String ID="string_194" HPOS="552" VPOS="732" WIDTH="160" HEIGHT="26" WC="0.92" CONTENT="inregistrering"/><SP WIDTH="15" VPOS="732" HPOS="712"/>
							<String ID="string_195" HPOS="727" VPOS="730" WIDTH="48" HEIGHT="22" WC="0.96" CONTENT="icke"/><SP WIDTH="15" VPOS="730" HPOS="775"/>
							<String ID="string_196" HPOS="790" VPOS="732" WIDTH="24" HEIGHT="18" WC="0.93" CONTENT="är"/><SP WIDTH="16" VPOS="732" HPOS="814"/>
							<String ID="string_197" HPOS="830" VPOS="729" WIDTH="111" HEIGHT="26" WC="0.92" CONTENT="tillbörligt"/><SP WIDTH="15" VPOS="729" HPOS="941"/>
							<String ID="string_198" HPOS="956" VPOS="732" WIDTH="34" HEIGHT="18" WC="0.93" CONTENT="ut-"/>
						</TextLine>
						<TextLine ID="line_20" HPOS="161" VPOS="758" WIDTH="828" HEIGHT="29">
							<String ID="string_199" HPOS="161" VPOS="758" WIDTH="98" HEIGHT="21" WC="0.87" CONTENT="veckladt"/><SP WIDTH="23" VPOS="758" HPOS="259"/>
							<String ID="string_200" HPOS="282" VPOS="759" WIDTH="38" HEIGHT="21" WC="0.93" CONTENT="och"/><SP WIDTH="24" VPOS="759" HPOS="320"/>
							<String ID="string_201" HPOS="344" VPOS="760" WIDTH="96" HEIGHT="24" WC="0.89" CONTENT="ordnadt,"/><SP WIDTH="24" VPOS="760" HPOS="440"/>
							<String ID="string_202" HPOS="464" VPOS="760" WIDTH="40" HEIGHT="20" WC="0.95" CONTENT="och"/><SP WIDTH="19" VPOS="760" HPOS="504"/>
							<String ID="string_203" HPOS="523" VPOS="762" WIDTH="32" HEIGHT="19" WC="0.93" CONTENT="att"/><SP WIDTH="16" VPOS="762" HPOS="555"/>
							<String ID="string_204" HPOS="571" VPOS="760" WIDTH="45" HEIGHT="21" WC="0.86" CONTENT="deri"/><SP WIDTH="16" VPOS="760" HPOS="616"/>
							<String ID="string_205" HPOS="632" VPOS="760" WIDTH="45" HEIGHT="27" WC="0.95" CONTENT="läge"/><SP WIDTH="17" VPOS="760" HPOS="677"/>
							<String ID="string_206" HPOS="694" VPOS="763" WIDTH="30" HEIGHT="17" WC="0.93" CONTENT="ett"/><SP WIDTH="16" VPOS="763" HPOS="724"/>
							<String ID="string_207" HPOS="740" VPOS="759" WIDTH="67" HEIGHT="21" WC="0.96" CONTENT="motiv"/><SP WIDTH="16" VPOS="759" HPOS="807"/>
							<String ID="string_208" HPOS="823" VPOS="758" WIDTH="32" HEIGHT="21" WC="0.95" CONTENT="till"/><SP WIDTH="16" VPOS="758" HPOS="855"/>
							<String ID="string_209" HPOS="871" VPOS="758" WIDTH="35" HEIGHT="21" WC="0.96" CONTENT="det"/><SP WIDTH="16" VPOS="758" HPOS="906"/>
							<String ID="string_210" HPOS="922" VPOS="758" WIDTH="22" HEIGHT="20" WC="0.93" CONTENT="af"/><SP WIDTH="12" VPOS="758" HPOS="944"/>
							<String ID="string_211" HPOS="956" VPOS="760" WIDTH="33" HEIGHT="18" WC="0.93" CONTENT="ut-"/>
						</TextLine>
						<TextLine ID="line_21" HPOS="161" VPOS="787" WIDTH="332" HEIGHT="28">
							<String ID="string_212" HPOS="161" VPOS="787" WIDTH="81" HEIGHT="21" WC="0.91" CONTENT="skottet"/><SP WIDTH="16" VPOS="787" HPOS="242"/>
							<String ID="string_213" HPOS="258" VPOS="788" WIDTH="113" HEIGHT="26" WC="0.92" CONTENT="uppstälda"/><SP WIDTH="15" VPOS="788" HPOS="371"/>
							<String ID="string_214" HPOS="386" VPOS="788" WIDTH="107" HEIGHT="27" WC="0.92" CONTENT="förslaget."/>
						</TextLine>
					</TextBlock>
					<TextBlock ID="block_3" HPOS="158" VPOS="815" WIDTH="833" HEIGHT="745">
						<TextLine ID="line_22" HPOS="233" VPOS="815" WIDTH="756" HEIGHT="29">
							<String ID="string_215" HPOS="233" VPOS="816" WIDTH="42" HEIGHT="20" WC="0.95" CONTENT="Det"/><SP WIDTH="15" VPOS="816" HPOS="275"/>
							<String ID="string_216" HPOS="290" VPOS="818" WIDTH="24" HEIGHT="18" WC="0.93" CONTENT="är"/><SP WIDTH="15" VPOS="818" HPOS="314"/>
							<String ID="string_217" HPOS="329" VPOS="816" WIDTH="123" HEIGHT="28" WC="0.96" CONTENT="visserligen"/><SP WIDTH="17" VPOS="816" HPOS="452"/>
							<String ID="string_218" HPOS="469" VPOS="817" WIDTH="29" HEIGHT="26" WC="0.96" CONTENT="sä,"/><SP WIDTH="16" VPOS="817" HPOS="498"/>
							<String ID="string_219" HPOS="514" VPOS="819" WIDTH="32" HEIGHT="19" WC="0.96" CONTENT="att"/><SP WIDTH="16" VPOS="819" HPOS="546"/>
							<String ID="string_220" HPOS="562" VPOS="818" WIDTH="39" HEIGHT="20" WC="0.93" CONTENT="den"/><SP WIDTH="16" VPOS="818" HPOS="601"/>
							<String ID="string_221" HPOS="617" VPOS="819" WIDTH="72" HEIGHT="19" WC="0.94" CONTENT="ansats"/><SP WIDTH="15" VPOS="819" HPOS="689"/>
							<String ID="string_222" HPOS="704" VPOS="816" WIDTH="34" HEIGHT="21" WC="0.96" CONTENT="till"/><SP WIDTH="12" VPOS="816" HPOS="738"/>
							<String ID="string_223" HPOS="750" VPOS="816" WIDTH="132" HEIGHT="26" WC="0.95" CONTENT="lagstiftning"/><SP WIDTH="10" VPOS="816" HPOS="882"/>
							<String ID="string_224" HPOS="892" VPOS="815" WIDTH="28" HEIGHT="27" WC="0.96" CONTENT="pä"/><SP WIDTH="10" VPOS="815" HPOS="920"/>
							<String ID="string_225" HPOS="930" VPOS="815" WIDTH="59" HEIGHT="21" WC="0.96" CONTENT="detta"/>
						</TextLine>
						<TextLine ID="line_23" HPOS="162" VPOS="843" WIDTH="827" HEIGHT="29">
							<String ID="string_226" HPOS="162" VPOS="845" WIDTH="92" HEIGHT="25" WC="0.90" CONTENT="omräde,"/><SP WIDTH="17" VPOS="845" HPOS="254"/>
							<String ID="string_227" HPOS="271" VPOS="851" WIDTH="45" HEIGHT="15" WC="0.96" CONTENT="som"/><SP WIDTH="18" VPOS="851" HPOS="316"/>
							<String ID="string_228" HPOS="334" VPOS="846" WIDTH="53" HEIGHT="20" WC="0.93" CONTENT="1798"/><SP WIDTH="17" VPOS="846" HPOS="387"/>
							<String ID="string_229" HPOS="404" VPOS="846" WIDTH="33" HEIGHT="21" WC="0.92" CONTENT="ärs"/><SP WIDTH="15" VPOS="846" HPOS="437"/>
							<String ID="string_230" HPOS="452" VPOS="846" WIDTH="125" HEIGHT="26" WC="0.91" CONTENT="förordning"/><SP WIDTH="15" VPOS="846" HPOS="577"/>
							<String ID="string_231" HPOS="592" VPOS="852" WIDTH="33" HEIGHT="14" WC="0.93" CONTENT="om"/><SP WIDTH="17" VPOS="852" HPOS="625"/>
							<String ID="string_232" HPOS="642" VPOS="844" WIDTH="154" HEIGHT="27" WC="0.92" CONTENT="handelsbolag"/><SP WIDTH="15" VPOS="844" HPOS="796"/>
							<String ID="string_233" HPOS="811" VPOS="844" WIDTH="123" HEIGHT="24" WC="0.92" CONTENT="innehäller,"/><SP WIDTH="16" VPOS="844" HPOS="934"/>
							<String ID="string_234" HPOS="950" VPOS="843" WIDTH="39" HEIGHT="21" WC="0.96" CONTENT="har"/>
						</TextLine>
						<TextLine ID="line_24" HPOS="162" VPOS="872" WIDTH="828" HEIGHT="28">
							<String ID="string_235" HPOS="162" VPOS="872" WIDTH="69" HEIGHT="22" WC="0.95" CONTENT="blifvit"/><SP WIDTH="15" VPOS="872" HPOS="231"/>
							<String ID="string_236" HPOS="246" VPOS="873" WIDTH="143" HEIGHT="27" WC="0.95" CONTENT="ofullständig,"/><SP WIDTH="21" VPOS="873" HPOS="389"/>
							<String ID="string_237" HPOS="410" VPOS="881" WIDTH="47" HEIGHT="14" WC="0.96" CONTENT="men"/><SP WIDTH="17" VPOS="881" HPOS="457"/>
							<String ID="string_238" HPOS="474" VPOS="874" WIDTH="20" HEIGHT="21" WC="0.93" CONTENT="vi"/><SP WIDTH="15" VPOS="874" HPOS="494"/>
							<String ID="string_239" HPOS="509" VPOS="874" WIDTH="63" HEIGHT="21" WC="0.96" CONTENT="hafva"/><SP WIDTH="15" VPOS="874" HPOS="572"/>
							<String ID="string_240" HPOS="587" VPOS="874" WIDTH="54" HEIGHT="21" WC="0.93" CONTENT="dock"/><SP WIDTH="15" VPOS="874" HPOS="641"/>
							<String ID="string_241" HPOS="656" VPOS="874" WIDTH="31" HEIGHT="21" WC="0.96" CONTENT="uti"/><SP WIDTH="18" VPOS="874" HPOS="687"/>
							<String ID="string_242" HPOS="705" VPOS="872" WIDTH="187" HEIGHT="27" WC="0.96" CONTENT="nödvändigheten"/><SP WIDTH="22" VPOS="872" HPOS="892"/>
							<String ID="string_243" HPOS="914" VPOS="872" WIDTH="33" HEIGHT="21" WC="0.96" CONTENT="för"/><SP WIDTH="17" VPOS="872" HPOS="947"/>
							<String ID="string_244" HPOS="964" VPOS="878" WIDTH="26" HEIGHT="14" WC="0.96" CONTENT="en"/>
						</TextLine>
						<TextLine ID="line_25" HPOS="161" VPOS="900" WIDTH="828" HEIGHT="29">
							<String ID="string_245" HPOS="161" VPOS="901" WIDTH="58" HEIGHT="25" WC="0.92" CONTENT="hvar,"/><SP WIDTH="17" VPOS="901" HPOS="219"/>
							<String ID="string_246" HPOS="236" VPOS="908" WIDTH="44" HEIGHT="14" WC="0.96" CONTENT="som"/><SP WIDTH="18" VPOS="908" HPOS="280"/>
							<String ID="string_247" HPOS="298" VPOS="902" WIDTH="53" HEIGHT="21" WC="0.96" CONTENT="skall"/><SP WIDTH="17" VPOS="902" HPOS="351"/>
							<String ID="string_248" HPOS="368" VPOS="903" WIDTH="58" HEIGHT="26" WC="0.96" CONTENT="börja"/><SP WIDTH="15" VPOS="903" HPOS="426"/>
							<String ID="string_249" HPOS="441" VPOS="903" WIDTH="50" HEIGHT="21" WC="0.93" CONTENT="med"/><SP WIDTH="15" VPOS="903" HPOS="491"/>
							<String ID="string_250" HPOS="506" VPOS="902" WIDTH="120" HEIGHT="27" WC="0.91" CONTENT="affärsdrift,"/><SP WIDTH="17" VPOS="902" HPOS="626"/>
							<String ID="string_251" HPOS="643" VPOS="904" WIDTH="32" HEIGHT="20" WC="0.93" CONTENT="att"/><SP WIDTH="16" VPOS="904" HPOS="675"/>
							<String ID="string_252" HPOS="691" VPOS="903" WIDTH="74" HEIGHT="21" WC="0.92" CONTENT="derom"/><SP WIDTH="16" VPOS="903" HPOS="765"/>
							<String ID="string_253" HPOS="781" VPOS="904" WIDTH="52" HEIGHT="24" WC="0.93" CONTENT="göra"/><SP WIDTH="15" VPOS="904" HPOS="833"/>
							<String ID="string_254" HPOS="848" VPOS="901" WIDTH="97" HEIGHT="21" WC="0.93" CONTENT="anmälan"/><SP WIDTH="11" VPOS="901" HPOS="945"/>
							<String ID="string_255" HPOS="956" VPOS="900" WIDTH="33" HEIGHT="21" WC="0.96" CONTENT="för"/>
						</TextLine>
						<TextLine ID="line_26" HPOS="161" VPOS="930" WIDTH="827" HEIGHT="28">
							<String ID="string_256" HPOS="161" VPOS="930" WIDTH="131" HEIGHT="27" WC="0.92" CONTENT="kronofogde"/><SP WIDTH="16" VPOS="930" HPOS="292"/>
							<String ID="string_257" HPOS="308" VPOS="931" WIDTH="51" HEIGHT="21" WC="0.83" CONTENT="eller"/><SP WIDTH="15" VPOS="931" HPOS="359"/>
							<String ID="string_258" HPOS="374" VPOS="932" WIDTH="118" HEIGHT="26" WC="0.92" CONTENT="magistrat."/><SP WIDTH="16" VPOS="932" HPOS="492"/>
							<String ID="string_259" HPOS="508" VPOS="932" WIDTH="135" HEIGHT="26" WC="0.92" CONTENT="möjligheten"/><SP WIDTH="16" VPOS="932" HPOS="643"/>
							<String ID="string_260" HPOS="659" VPOS="933" WIDTH="32" HEIGHT="19" WC="0.93" CONTENT="att"/><SP WIDTH="15" VPOS="933" HPOS="691"/>
							<String ID="string_261" HPOS="706" VPOS="931" WIDTH="59" HEIGHT="21" WC="0.92" CONTENT="hälla"/><SP WIDTH="14" VPOS="931" HPOS="765"/>
							<String ID="string_262" HPOS="779" VPOS="930" WIDTH="51" HEIGHT="21" WC="0.93" CONTENT="reda"/><SP WIDTH="10" VPOS="930" HPOS="830"/>
							<String ID="string_263" HPOS="840" VPOS="930" WIDTH="28" HEIGHT="26" WC="0.97" CONTENT="pä"/><SP WIDTH="10" VPOS="930" HPOS="868"/>
							<String ID="string_264" HPOS="878" VPOS="930" WIDTH="53" HEIGHT="25" WC="0.96" CONTENT="dem,"/><SP WIDTH="12" VPOS="930" HPOS="931"/>
							<String ID="string_265" HPOS="943" VPOS="935" WIDTH="45" HEIGHT="15" WC="0.96" CONTENT="som"/>
						</TextLine>
						<TextLine ID="line_27" HPOS="161" VPOS="958" WIDTH="828" HEIGHT="27">
							<String ID="string_266" HPOS="161" VPOS="958" WIDTH="101" HEIGHT="22" WC="0.93" CONTENT="företagit"/><SP WIDTH="22" VPOS="958" HPOS="262"/>
							<String ID="string_267" HPOS="284" VPOS="959" WIDTH="146" HEIGHT="22" WC="0.87" CONTENT="bedrifvandet"/><SP WIDTH="20" VPOS="959" HPOS="430"/>
							<String ID="string_268" HPOS="450" VPOS="960" WIDTH="23" HEIGHT="21" WC="0.93" CONTENT="af"/><SP WIDTH="13" VPOS="960" HPOS="473"/>
							<String ID="string_269" HPOS="486" VPOS="960" WIDTH="91" HEIGHT="21" WC="0.96" CONTENT="industri"/><SP WIDTH="15" VPOS="960" HPOS="577"/>
							<String ID="string_270" HPOS="592" VPOS="960" WIDTH="51" HEIGHT="21" WC="0.96" CONTENT="eller"/><SP WIDTH="16" VPOS="960" HPOS="643"/>
							<String ID="string_271" HPOS="659" VPOS="960" WIDTH="83" HEIGHT="21" WC="0.96" CONTENT="handel."/><SP WIDTH="33" VPOS="960" HPOS="742"/>
							<String ID="string_272" HPOS="775" VPOS="959" WIDTH="40" HEIGHT="26" WC="0.93" CONTENT="Jag"/><SP WIDTH="16" VPOS="959" HPOS="815"/>
							<String ID="string_273" HPOS="831" VPOS="959" WIDTH="109" HEIGHT="25" WC="0.96" CONTENT="erkänner,"/><SP WIDTH="17" VPOS="959" HPOS="940"/>
							<String ID="string_274" HPOS="957" VPOS="959" WIDTH="32" HEIGHT="20" WC="0.96" CONTENT="att"/>
						</TextLine>
						<TextLine ID="line_28" HPOS="161" VPOS="987" WIDTH="826" HEIGHT="28">
							<String ID="string_275" HPOS="161" VPOS="988" WIDTH="59" HEIGHT="20" WC="0.96" CONTENT="detta"/><SP WIDTH="16" VPOS="988" HPOS="220"/>
							<String ID="string_276" HPOS="236" VPOS="990" WIDTH="23" HEIGHT="18" WC="0.93" CONTENT="är"/><SP WIDTH="16" VPOS="990" HPOS="259"/>
							<String ID="string_277" HPOS="275" VPOS="988" WIDTH="128" HEIGHT="27" WC="0.92" CONTENT="bristfälligt,"/><SP WIDTH="17" VPOS="988" HPOS="403"/>
							<String ID="string_278" HPOS="420" VPOS="996" WIDTH="47" HEIGHT="14" WC="0.96" CONTENT="men"/><SP WIDTH="16" VPOS="996" HPOS="467"/>
							<String ID="string_279" HPOS="483" VPOS="995" WIDTH="47" HEIGHT="15" WC="0.96" CONTENT="man"/><SP WIDTH="17" VPOS="995" HPOS="530"/>
							<String ID="string_280" HPOS="547" VPOS="991" WIDTH="24" HEIGHT="19" WC="0.93" CONTENT="är"/><SP WIDTH="15" VPOS="991" HPOS="571"/>
							<String ID="string_281" HPOS="586" VPOS="989" WIDTH="89" HEIGHT="21" WC="0.92" CONTENT="betänkt"/><SP WIDTH="15" VPOS="989" HPOS="675"/>
							<String ID="string_282" HPOS="690" VPOS="989" WIDTH="27" HEIGHT="26" WC="0.96" CONTENT="pä"/><SP WIDTH="17" VPOS="989" HPOS="717"/>
							<String ID="string_283" HPOS="734" VPOS="989" WIDTH="34" HEIGHT="20" WC="0.93" CONTENT="att"/><SP WIDTH="15" VPOS="989" HPOS="768"/>
							<String ID="string_284" HPOS="783" VPOS="988" WIDTH="147" HEIGHT="20" WC="0.92" CONTENT="ästadkomma"/><SP WIDTH="15" VPOS="988" HPOS="930"/>
							<String ID="string_285" HPOS="945" VPOS="987" WIDTH="42" HEIGHT="26" WC="0.92" CONTENT="lag-"/>
						</TextLine>
						<TextLine ID="line_29" HPOS="160" VPOS="1015" WIDTH="827" HEIGHT="29">
							<String ID="string_286" HPOS="160" VPOS="1016" WIDTH="81" HEIGHT="26" WC="0.96" CONTENT="förslag"/><SP WIDTH="16" VPOS="1016" HPOS="241"/>
							<String ID="string_287" HPOS="257" VPOS="1017" WIDTH="31" HEIGHT="20" WC="0.93" CONTENT="till"/><SP WIDTH="16" VPOS="1017" HPOS="288"/>
							<String ID="string_288" HPOS="304" VPOS="1018" WIDTH="114" HEIGHT="20" WC="0.90" CONTENT="ständerna"/><SP WIDTH="20" VPOS="1018" HPOS="418"/>
							<String ID="string_289" HPOS="438" VPOS="1018" WIDTH="108" HEIGHT="26" WC="0.92" CONTENT="angäende"/><SP WIDTH="15" VPOS="1018" HPOS="546"/>
							<String ID="string_290" HPOS="561" VPOS="1017" WIDTH="152" HEIGHT="27" WC="0.93" CONTENT="firmaregister"/><SP WIDTH="16" VPOS="1017" HPOS="713"/>
							<String ID="string_291" HPOS="729" VPOS="1016" WIDTH="40" HEIGHT="22" WC="0.93" CONTENT="och"/><SP WIDTH="16" VPOS="1016" HPOS="769"/>
							<String ID="string_292" HPOS="785" VPOS="1016" WIDTH="56" HEIGHT="21" WC="0.93" CONTENT="hvad"/><SP WIDTH="16" VPOS="1016" HPOS="841"/>
							<String ID="string_293" HPOS="857" VPOS="1016" WIDTH="69" HEIGHT="21" WC="0.91" CONTENT="dertill"/><SP WIDTH="16" VPOS="1016" HPOS="926"/>
							<String ID="string_294" HPOS="942" VPOS="1015" WIDTH="45" HEIGHT="21" WC="0.96" CONTENT="hör."/>
						</TextLine>
						<TextLine ID="line_30" HPOS="160" VPOS="1044" WIDTH="831" HEIGHT="28">
							<String ID="string_295" HPOS="160" VPOS="1044" WIDTH="50" HEIGHT="21" WC="0.95" CONTENT="Men"/><SP WIDTH="15" VPOS="1044" HPOS="210"/>
							<String ID="string_296" HPOS="225" VPOS="1046" WIDTH="7" HEIGHT="20" WC="0.95" CONTENT="i"/><SP WIDTH="15" VPOS="1046" HPOS="232"/>
							<String ID="string_297" HPOS="247" VPOS="1045" WIDTH="62" HEIGHT="27" WC="0.93" CONTENT="ingen"/><SP WIDTH="23" VPOS="1045" HPOS="309"/>
							<String ID="string_298" HPOS="332" VPOS="1046" WIDTH="100" HEIGHT="21" WC="0.92" CONTENT="händelse"/><SP WIDTH="23" VPOS="1046" HPOS="432"/>
							<String ID="string_299" HPOS="455" VPOS="1047" WIDTH="43" HEIGHT="20" WC="0.96" CONTENT="kan"/><SP WIDTH="15" VPOS="1047" HPOS="498"/>
							<String ID="string_300" HPOS="513" VPOS="1047" WIDTH="36" HEIGHT="21" WC="0.96" CONTENT="det"/><SP WIDTH="14" VPOS="1047" HPOS="549"/>
							<String ID="string_301" HPOS="563" VPOS="1046" WIDTH="86" HEIGHT="22" WC="0.96" CONTENT="komma"/><SP WIDTH="14" VPOS="1046" HPOS="649"/>
							<String ID="string_302" HPOS="663" VPOS="1046" WIDTH="7" HEIGHT="21" WC="0.93" CONTENT="i"/><SP WIDTH="15" VPOS="1046" HPOS="670"/>
							<String ID="string_303" HPOS="685" VPOS="1046" WIDTH="68" HEIGHT="26" WC="0.92" CONTENT="fräga,"/><SP WIDTH="16" VPOS="1046" HPOS="753"/>
							<String ID="string_304" HPOS="769" VPOS="1047" WIDTH="32" HEIGHT="19" WC="0.97" CONTENT="att"/><SP WIDTH="15" VPOS="1047" HPOS="801"/>
							<String ID="string_305" HPOS="816" VPOS="1044" WIDTH="137" HEIGHT="27" WC="0.96" CONTENT="registrering"/><SP WIDTH="15" VPOS="1044" HPOS="953"/>
							<String ID="string_306" HPOS="968" VPOS="1044" WIDTH="23" HEIGHT="20" WC="0.96" CONTENT="af"/>
						</TextLine>
						<TextLine ID="line_31" HPOS="160" VPOS="1072" WIDTH="829" HEIGHT="30">
							<String ID="string_307" HPOS="160" VPOS="1072" WIDTH="61" HEIGHT="22" WC="0.96" CONTENT="firma"/><SP WIDTH="16" VPOS="1072" HPOS="221"/>
							<String ID="string_308" HPOS="237" VPOS="1074" WIDTH="65" HEIGHT="20" WC="0.93" CONTENT="borde"/><SP WIDTH="16" VPOS="1074" HPOS="302"/>
							<String ID="string_309" HPOS="318" VPOS="1074" WIDTH="104" HEIGHT="22" WC="0.96" CONTENT="likställas"/><SP WIDTH="15" VPOS="1074" HPOS="422"/>
							<String ID="string_310" HPOS="437" VPOS="1075" WIDTH="49" HEIGHT="21" WC="0.96" CONTENT="med"/><SP WIDTH="15" VPOS="1075" HPOS="486"/>
							<String ID="string_311" HPOS="501" VPOS="1075" WIDTH="136" HEIGHT="27" WC="0.96" CONTENT="registrering"/><SP WIDTH="16" VPOS="1075" HPOS="637"/>
							<String ID="string_312" HPOS="653" VPOS="1075" WIDTH="22" HEIGHT="21" WC="0.93" CONTENT="af"/><SP WIDTH="8" VPOS="1075" HPOS="675"/>
							<String ID="string_313" HPOS="683" VPOS="1074" WIDTH="135" HEIGHT="21" WC="0.96" CONTENT="varumärke."/><SP WIDTH="26" VPOS="1074" HPOS="818"/>
							<String ID="string_314" HPOS="844" VPOS="1072" WIDTH="145" HEIGHT="28" WC="0.95" CONTENT="Registrering"/>
						</TextLine>
						<TextLine ID="line_32" HPOS="160" VPOS="1101" WIDTH="829" HEIGHT="27">
							<String ID="string_315" HPOS="160" VPOS="1101" WIDTH="24" HEIGHT="21" WC="0.92" CONTENT="af"/><SP WIDTH="21" VPOS="1101" HPOS="184"/>
							<String ID="string_316" HPOS="205" VPOS="1102" WIDTH="126" HEIGHT="22" WC="0.94" CONTENT="varumärke"/><SP WIDTH="23" VPOS="1102" HPOS="331"/>
							<String ID="string_317" HPOS="354" VPOS="1105" WIDTH="24" HEIGHT="19" WC="0.27" CONTENT="är"/><SP WIDTH="15" VPOS="1105" HPOS="378"/>
							<String ID="string_318" HPOS="393" VPOS="1104" WIDTH="7" HEIGHT="20" WC="0.95" CONTENT="i"/><SP WIDTH="16" VPOS="1104" HPOS="400"/>
							<String ID="string_319" HPOS="416" VPOS="1104" WIDTH="25" HEIGHT="20" WC="0.96" CONTENT="de"/><SP WIDTH="23" VPOS="1104" HPOS="441"/>
							<String ID="string_320" HPOS="464" VPOS="1103" WIDTH="60" HEIGHT="21" WC="0.96" CONTENT="flesta"/><SP WIDTH="22" VPOS="1103" HPOS="524"/>
							<String ID="string_321" HPOS="546" VPOS="1104" WIDTH="74" HEIGHT="20" WC="0.93" CONTENT="länder"/><SP WIDTH="15" VPOS="1104" HPOS="620"/>
							<String ID="string_322" HPOS="635" VPOS="1104" WIDTH="56" HEIGHT="20" WC="0.93" CONTENT="stäld"/><SP WIDTH="16" VPOS="1104" HPOS="691"/>
							<String ID="string_323" HPOS="707" VPOS="1109" WIDTH="46" HEIGHT="15" WC="0.94" CONTENT="som"/><SP WIDTH="17" VPOS="1109" HPOS="753"/>
							<String ID="string_324" HPOS="770" VPOS="1108" WIDTH="25" HEIGHT="15" WC="0.96" CONTENT="en"/><SP WIDTH="17" VPOS="1108" HPOS="795"/>
							<String ID="string_325" HPOS="812" VPOS="1102" WIDTH="22" HEIGHT="20" WC="0.93" CONTENT="ät"/><SP WIDTH="16" VPOS="1102" HPOS="834"/>
							<String ID="string_326" HPOS="850" VPOS="1102" WIDTH="139" HEIGHT="26" WC="0.91" CONTENT="centralmyn-"/>
						</TextLine>
						<TextLine ID="line_33" HPOS="160" VPOS="1130" WIDTH="829" HEIGHT="29">
							<String ID="string_327" HPOS="160" VPOS="1130" WIDTH="73" HEIGHT="26" WC="0.93" CONTENT="dighet"/><SP WIDTH="16" VPOS="1130" HPOS="233"/>
							<String ID="string_328" HPOS="249" VPOS="1131" WIDTH="124" HEIGHT="21" WC="0.92" CONTENT="anförtrodd"/><SP WIDTH="16" VPOS="1131" HPOS="373"/>
							<String ID="string_329" HPOS="389" VPOS="1132" WIDTH="81" HEIGHT="26" WC="0.95" CONTENT="åtgärd."/><SP WIDTH="33" VPOS="1132" HPOS="470"/>
							<String ID="string_330" HPOS="503" VPOS="1132" WIDTH="29" HEIGHT="21" WC="0.93" CONTENT="En"/><SP WIDTH="18" VPOS="1132" HPOS="532"/>
							<String ID="string_331" HPOS="550" VPOS="1132" WIDTH="54" HEIGHT="21" WC="0.96" CONTENT="enda"/><SP WIDTH="15" VPOS="1132" HPOS="604"/>
							<String ID="string_332" HPOS="619" VPOS="1132" WIDTH="124" HEIGHT="27" WC="0.96" CONTENT="myndighet"/><SP WIDTH="15" VPOS="1132" HPOS="743"/>
							<String ID="string_333" HPOS="758" VPOS="1131" WIDTH="33" HEIGHT="21" WC="0.96" CONTENT="för"/><SP WIDTH="16" VPOS="1131" HPOS="791"/>
							<String ID="string_334" HPOS="807" VPOS="1130" WIDTH="48" HEIGHT="21" WC="0.97" CONTENT="hela"/><SP WIDTH="13" VPOS="1130" HPOS="855"/>
							<String ID="string_335" HPOS="868" VPOS="1130" WIDTH="72" HEIGHT="21" WC="0.96" CONTENT="landet"/><SP WIDTH="10" VPOS="1130" HPOS="940"/>
							<String ID="string_336" HPOS="950" VPOS="1130" WIDTH="39" HEIGHT="20" WC="0.96" CONTENT="har"/>
						</TextLine>
						<TextLine ID="line_34" HPOS="160" VPOS="1158" WIDTH="828" HEIGHT="29">
							<String ID="string_337" HPOS="160" VPOS="1160" WIDTH="32" HEIGHT="20" WC="0.93" CONTENT="att"/><SP WIDTH="15" VPOS="1160" HPOS="192"/>
							<String ID="string_338" HPOS="207" VPOS="1160" WIDTH="115" HEIGHT="26" WC="0.95" CONTENT="registrera"/><SP WIDTH="18" VPOS="1160" HPOS="322"/>
							<String ID="string_339" HPOS="340" VPOS="1161" WIDTH="141" HEIGHT="21" WC="0.96" CONTENT="varumärken"/><SP WIDTH="17" VPOS="1161" HPOS="481"/>
							<String ID="string_340" HPOS="498" VPOS="1161" WIDTH="37" HEIGHT="21" WC="0.93" CONTENT="och"/><SP WIDTH="16" VPOS="1161" HPOS="535"/>
							<String ID="string_341" HPOS="551" VPOS="1161" WIDTH="86" HEIGHT="26" WC="0.96" CONTENT="vidtaga"/><SP WIDTH="15" VPOS="1161" HPOS="637"/>
							<String ID="string_342" HPOS="652" VPOS="1160" WIDTH="101" HEIGHT="27" WC="0.96" CONTENT="åtgärder"/><SP WIDTH="16" VPOS="1160" HPOS="753"/>
							<String ID="string_343" HPOS="769" VPOS="1166" WIDTH="34" HEIGHT="14" WC="0.96" CONTENT="om"/><SP WIDTH="17" VPOS="1166" HPOS="803"/>
							<String ID="string_344" HPOS="820" VPOS="1159" WIDTH="61" HEIGHT="21" WC="0.93" CONTENT="deras"/><SP WIDTH="15" VPOS="1159" HPOS="881"/>
							<String ID="string_345" HPOS="896" VPOS="1158" WIDTH="92" HEIGHT="27" WC="0.38" CONTENT="publice-"/>
						</TextLine>
						<TextLine ID="line_35" HPOS="160" VPOS="1187" WIDTH="830" HEIGHT="29">
							<String ID="string_346" HPOS="160" VPOS="1188" WIDTH="71" HEIGHT="24" WC="0.92" CONTENT="rande,"/><SP WIDTH="25" VPOS="1188" HPOS="231"/>
							<String ID="string_347" HPOS="256" VPOS="1188" WIDTH="110" HEIGHT="22" WC="0.91" CONTENT="hvaremot"/><SP WIDTH="23" VPOS="1188" HPOS="366"/>
							<String ID="string_348" HPOS="389" VPOS="1189" WIDTH="98" HEIGHT="21" WC="0.91" CONTENT="öfverallt"/><SP WIDTH="22" VPOS="1189" HPOS="487"/>
							<String ID="string_349" HPOS="509" VPOS="1190" WIDTH="137" HEIGHT="26" WC="0.96" CONTENT="registrering"/><SP WIDTH="20" VPOS="1190" HPOS="646"/>
							<String ID="string_350" HPOS="666" VPOS="1189" WIDTH="23" HEIGHT="21" WC="0.93" CONTENT="af"/><SP WIDTH="13" VPOS="1189" HPOS="689"/>
							<String ID="string_351" HPOS="702" VPOS="1188" WIDTH="127" HEIGHT="22" WC="0.91" CONTENT="affärsfirma"/><SP WIDTH="15" VPOS="1188" HPOS="829"/>
							<String ID="string_352" HPOS="844" VPOS="1187" WIDTH="73" HEIGHT="21" WC="0.91" CONTENT="tillhör"/><SP WIDTH="15" VPOS="1187" HPOS="917"/>
							<String ID="string_353" HPOS="932" VPOS="1193" WIDTH="58" HEIGHT="21" WC="0.92" CONTENT="myn-"/>
						</TextLine>
						<TextLine ID="line_36" HPOS="160" VPOS="1216" WIDTH="830" HEIGHT="27">
							<String ID="string_354" HPOS="160" VPOS="1216" WIDTH="72" HEIGHT="26" WC="0.93" CONTENT="dighet"/><SP WIDTH="17" VPOS="1216" HPOS="232"/>
							<String ID="string_355" HPOS="249" VPOS="1217" WIDTH="13" HEIGHT="20" WC="0.92" CONTENT="å"/><SP WIDTH="15" VPOS="1217" HPOS="262"/>
							<String ID="string_356" HPOS="277" VPOS="1217" WIDTH="40" HEIGHT="21" WC="0.96" CONTENT="den"/><SP WIDTH="23" VPOS="1217" HPOS="317"/>
							<String ID="string_357" HPOS="340" VPOS="1219" WIDTH="40" HEIGHT="24" WC="0.96" CONTENT="ort,"/><SP WIDTH="24" VPOS="1219" HPOS="380"/>
							<String ID="string_358" HPOS="404" VPOS="1218" WIDTH="38" HEIGHT="20" WC="0.96" CONTENT="der"/><SP WIDTH="14" VPOS="1218" HPOS="442"/>
							<String ID="string_359" HPOS="456" VPOS="1218" WIDTH="75" HEIGHT="21" WC="0.93" CONTENT="firman"/><SP WIDTH="16" VPOS="1218" HPOS="531"/>
							<String ID="string_360" HPOS="547" VPOS="1218" WIDTH="106" HEIGHT="21" WC="0.92" CONTENT="bedrifver"/><SP WIDTH="15" VPOS="1218" HPOS="653"/>
							<String ID="string_361" HPOS="668" VPOS="1218" WIDTH="32" HEIGHT="20" WC="0.93" CONTENT="sin"/><SP WIDTH="15" VPOS="1218" HPOS="700"/>
							<String ID="string_362" HPOS="715" VPOS="1216" WIDTH="171" HEIGHT="24" WC="0.91" CONTENT="hufvudrörelse,"/><SP WIDTH="30" VPOS="1216" HPOS="886"/>
							<String ID="string_363" HPOS="916" VPOS="1216" WIDTH="74" HEIGHT="21" WC="0.94" CONTENT="Skulle"/>
						</TextLine>
						<TextLine ID="line_37" HPOS="159" VPOS="1244" WIDTH="830" HEIGHT="29">
							<String ID="string_364" HPOS="159" VPOS="1245" WIDTH="117" HEIGHT="21" WC="0.93" CONTENT="utskottets"/><SP WIDTH="16" VPOS="1245" HPOS="276"/>
							<String ID="string_365" HPOS="292" VPOS="1246" WIDTH="54" HEIGHT="26" WC="0.92" CONTENT="äsigt"/><SP WIDTH="16" VPOS="1246" HPOS="346"/>
							<String ID="string_366" HPOS="362" VPOS="1246" WIDTH="6" HEIGHT="20" WC="0.96" CONTENT="i"/><SP WIDTH="16" VPOS="1246" HPOS="368"/>
							<String ID="string_367" HPOS="384" VPOS="1246" WIDTH="69" HEIGHT="22" WC="0.93" CONTENT="denna"/><SP WIDTH="15" VPOS="1246" HPOS="453"/>
							<String ID="string_368" HPOS="468" VPOS="1246" WIDTH="60" HEIGHT="27" WC="0.96" CONTENT="fråga"/><SP WIDTH="15" VPOS="1246" HPOS="528"/>
							<String ID="string_369" HPOS="543" VPOS="1247" WIDTH="63" HEIGHT="21" WC="0.96" CONTENT="vinna"/><SP WIDTH="15" VPOS="1247" HPOS="606"/>
							<String ID="string_370" HPOS="621" VPOS="1245" WIDTH="163" HEIGHT="28" WC="0.76" CONTENT="goäkännande,"/><SP WIDTH="17" VPOS="1245" HPOS="784"/>
							<String ID="string_371" HPOS="801" VPOS="1245" WIDTH="23" HEIGHT="21" WC="0.93" CONTENT="sä"/><SP WIDTH="15" VPOS="1245" HPOS="824"/>
							<String ID="string_372" HPOS="839" VPOS="1251" WIDTH="51" HEIGHT="15" WC="0.96" CONTENT="vore"/><SP WIDTH="14" VPOS="1251" HPOS="890"/>
							<String ID="string_373" HPOS="904" VPOS="1244" WIDTH="85" HEIGHT="22" WC="0.94" CONTENT="dermed"/>
						</TextLine>
						<TextLine ID="line_38" HPOS="160" VPOS="1273" WIDTH="829" HEIGHT="29">
							<String ID="string_374" HPOS="160" VPOS="1273" WIDTH="53" HEIGHT="21" WC="0.92" CONTENT="dock"/><SP WIDTH="23" VPOS="1273" HPOS="213"/>
							<String ID="string_375" HPOS="236" VPOS="1274" WIDTH="46" HEIGHT="21" WC="0.92" CONTENT="icke"/><SP WIDTH="18" VPOS="1274" HPOS="282"/>
							<String ID="string_376" HPOS="300" VPOS="1274" WIDTH="69" HEIGHT="27" WC="0.92" CONTENT="sörjdt"/><SP WIDTH="18" VPOS="1274" HPOS="369"/>
							<String ID="string_377" HPOS="387" VPOS="1274" WIDTH="33" HEIGHT="22" WC="0.96" CONTENT="för"/><SP WIDTH="15" VPOS="1274" HPOS="420"/>
							<String ID="string_378" HPOS="435" VPOS="1277" WIDTH="31" HEIGHT="19" WC="0.96" CONTENT="ett"/><SP WIDTH="16" VPOS="1277" HPOS="466"/>
							<String ID="string_379" HPOS="482" VPOS="1275" WIDTH="97" HEIGHT="27" WC="0.96" CONTENT="behörigt"/><SP WIDTH="16" VPOS="1275" HPOS="579"/>
							<String ID="string_380" HPOS="595" VPOS="1275" WIDTH="108" HEIGHT="21" WC="0.96" CONTENT="ordnande"/><SP WIDTH="16" VPOS="1275" HPOS="703"/>
							<String ID="string_381" HPOS="719" VPOS="1274" WIDTH="22" HEIGHT="22" WC="0.96" CONTENT="af"/><SP WIDTH="17" VPOS="1274" HPOS="741"/>
							<String ID="string_382" HPOS="758" VPOS="1275" WIDTH="102" HEIGHT="25" WC="0.96" CONTENT="systemet"/><SP WIDTH="15" VPOS="1275" HPOS="860"/>
							<String ID="string_383" HPOS="875" VPOS="1274" WIDTH="48" HEIGHT="20" WC="0.93" CONTENT="med"/><SP WIDTH="15" VPOS="1274" HPOS="923"/>
							<String ID="string_384" HPOS="938" VPOS="1274" WIDTH="51" HEIGHT="20" WC="0.93" CONTENT="han-"/>
						</TextLine>
						<TextLine ID="line_39" HPOS="159" VPOS="1302" WIDTH="830" HEIGHT="28">
							<String ID="string_385" HPOS="159" VPOS="1302" WIDTH="53" HEIGHT="21" WC="0.86" CONTENT="dels-"/><SP WIDTH="24" VPOS="1302" HPOS="212"/>
							<String ID="string_386" HPOS="236" VPOS="1303" WIDTH="38" HEIGHT="21" WC="0.89" CONTENT="och"/><SP WIDTH="23" VPOS="1303" HPOS="274"/>
							<String ID="string_387" HPOS="297" VPOS="1303" WIDTH="163" HEIGHT="22" WC="0.71" CONTENT="industrifirmas"/><SP WIDTH="24" VPOS="1303" HPOS="460"/>
							<String ID="string_388" HPOS="484" VPOS="1304" WIDTH="136" HEIGHT="26" WC="0.93" CONTENT="registrering"/><SP WIDTH="23" VPOS="1304" HPOS="620"/>
							<String ID="string_389" HPOS="643" VPOS="1304" WIDTH="69" HEIGHT="20" WC="0.96" CONTENT="såsom"/><SP WIDTH="25" VPOS="1304" HPOS="712"/>
							<String ID="string_390" HPOS="737" VPOS="1303" WIDTH="73" HEIGHT="21" WC="0.95" CONTENT="sådan."/><SP WIDTH="31" VPOS="1303" HPOS="810"/>
							<String ID="string_391" HPOS="841" VPOS="1302" WIDTH="86" HEIGHT="21" WC="0.85" CONTENT="Således"/><SP WIDTH="20" VPOS="1302" HPOS="927"/>
							<String ID="string_392" HPOS="947" VPOS="1302" WIDTH="42" HEIGHT="20" WC="0.96" CONTENT="kan"/>
						</TextLine>
						<TextLine ID="line_40" HPOS="158" VPOS="1330" WIDTH="832" HEIGHT="29">
							<String ID="string_393" HPOS="158" VPOS="1330" WIDTH="47" HEIGHT="21" WC="0.96" CONTENT="icke"/><SP WIDTH="23" VPOS="1330" HPOS="205"/>
							<String ID="string_394" HPOS="228" VPOS="1331" WIDTH="66" HEIGHT="21" WC="0.95" CONTENT="heller"/><SP WIDTH="21" VPOS="1331" HPOS="294"/>
							<String ID="string_395" HPOS="315" VPOS="1332" WIDTH="40" HEIGHT="20" WC="0.93" CONTENT="den"/><SP WIDTH="20" VPOS="1332" HPOS="355"/>
							<String ID="string_396" HPOS="375" VPOS="1332" WIDTH="163" HEIGHT="26" WC="0.96" CONTENT="omständighet,"/><SP WIDTH="14" VPOS="1332" HPOS="538"/>
							<String ID="string_397" HPOS="552" VPOS="1332" WIDTH="37" HEIGHT="27" WC="0.96" CONTENT="jag"/><SP WIDTH="15" VPOS="1332" HPOS="589"/>
							<String ID="string_398" HPOS="604" VPOS="1334" WIDTH="71" HEIGHT="20" WC="0.93" CONTENT="senast"/><SP WIDTH="15" VPOS="1334" HPOS="675"/>
							<String ID="string_399" HPOS="690" VPOS="1332" WIDTH="99" HEIGHT="25" WC="0.96" CONTENT="berörde,"/><SP WIDTH="18" VPOS="1332" HPOS="789"/>
							<String ID="string_400" HPOS="807" VPOS="1330" WIDTH="103" HEIGHT="22" WC="0.95" CONTENT="innebära"/><SP WIDTH="15" VPOS="1330" HPOS="910"/>
							<String ID="string_401" HPOS="925" VPOS="1330" WIDTH="65" HEIGHT="26" WC="0.95" CONTENT="något"/>
						</TextLine>
						<TextLine ID="line_41" HPOS="158" VPOS="1358" WIDTH="831" HEIGHT="30">
							<String ID="string_402" HPOS="158" VPOS="1359" WIDTH="67" HEIGHT="21" WC="0.95" CONTENT="motiv"/><SP WIDTH="16" VPOS="1359" HPOS="225"/>
							<String ID="string_403" HPOS="241" VPOS="1359" WIDTH="32" HEIGHT="21" WC="0.96" CONTENT="för"/><SP WIDTH="15" VPOS="1359" HPOS="273"/>
							<String ID="string_404" HPOS="288" VPOS="1360" WIDTH="155" HEIGHT="26" WC="0.96" CONTENT="godkännande"/><SP WIDTH="16" VPOS="1360" HPOS="443"/>
							<String ID="string_405" HPOS="459" VPOS="1361" WIDTH="23" HEIGHT="21" WC="0.96" CONTENT="af"/><SP WIDTH="14" VPOS="1361" HPOS="482"/>
							<String ID="string_406" HPOS="496" VPOS="1361" WIDTH="115" HEIGHT="21" WC="0.96" CONTENT="utskottets"/><SP WIDTH="15" VPOS="1361" HPOS="611"/>
							<String ID="string_407" HPOS="626" VPOS="1361" WIDTH="7" HEIGHT="21" WC="0.96" CONTENT="i"/><SP WIDTH="15" VPOS="1361" HPOS="633"/>
							<String ID="string_408" HPOS="648" VPOS="1361" WIDTH="60" HEIGHT="27" WC="0.96" CONTENT="fråga"/><SP WIDTH="16" VPOS="1361" HPOS="708"/>
							<String ID="string_409" HPOS="724" VPOS="1360" WIDTH="95" HEIGHT="21" WC="0.96" CONTENT="varande"/><SP WIDTH="18" VPOS="1360" HPOS="819"/>
							<String ID="string_410" HPOS="837" VPOS="1359" WIDTH="81" HEIGHT="27" WC="0.96" CONTENT="åtgärd."/><SP WIDTH="30" VPOS="1359" HPOS="918"/>
							<String ID="string_411" HPOS="948" VPOS="1358" WIDTH="41" HEIGHT="26" WC="0.96" CONTENT="Jag"/>
						</TextLine>
						<TextLine ID="line_42" HPOS="158" VPOS="1388" WIDTH="831" HEIGHT="28">
							<String ID="string_412" HPOS="158" VPOS="1393" WIDTH="63" HEIGHT="15" WC="0.96" CONTENT="anser"/><SP WIDTH="24" VPOS="1393" HPOS="221"/>
							<String ID="string_413" HPOS="245" VPOS="1388" WIDTH="76" HEIGHT="24" WC="0.96" CONTENT="derför,"/><SP WIDTH="24" VPOS="1388" HPOS="321"/>
							<String ID="string_414" HPOS="345" VPOS="1388" WIDTH="33" HEIGHT="21" WC="0.96" CONTENT="för"/><SP WIDTH="22" VPOS="1388" HPOS="378"/>
							<String ID="string_415" HPOS="400" VPOS="1390" WIDTH="43" HEIGHT="20" WC="0.96" CONTENT="min"/><SP WIDTH="24" VPOS="1390" HPOS="443"/>
							<String ID="string_416" HPOS="467" VPOS="1390" WIDTH="40" HEIGHT="26" WC="0.96" CONTENT="del,"/><SP WIDTH="16" VPOS="1390" HPOS="507"/>
							<String ID="string_417" HPOS="523" VPOS="1392" WIDTH="32" HEIGHT="18" WC="0.96" CONTENT="att"/><SP WIDTH="16" VPOS="1392" HPOS="555"/>
							<String ID="string_418" HPOS="571" VPOS="1390" WIDTH="36" HEIGHT="21" WC="0.96" CONTENT="det"/><SP WIDTH="15" VPOS="1390" HPOS="607"/>
							<String ID="string_419" HPOS="622" VPOS="1396" WIDTH="50" HEIGHT="15" WC="0.96" CONTENT="vore"/><SP WIDTH="16" VPOS="1396" HPOS="672"/>
							<String ID="string_420" HPOS="688" VPOS="1388" WIDTH="137" HEIGHT="28" WC="0.93" CONTENT="synnerligen"/><SP WIDTH="16" VPOS="1388" HPOS="825"/>
							<String ID="string_421" HPOS="841" VPOS="1388" WIDTH="98" HEIGHT="26" WC="0.91" CONTENT="önskligt,"/><SP WIDTH="16" VPOS="1388" HPOS="939"/>
							<String ID="string_422" HPOS="955" VPOS="1392" WIDTH="34" HEIGHT="16" WC="0.96" CONTENT="om"/>
						</TextLine>
						<TextLine ID="line_43" HPOS="158" VPOS="1416" WIDTH="831" HEIGHT="29">
							<String ID="string_423" HPOS="158" VPOS="1416" WIDTH="25" HEIGHT="20" WC="0.95" CONTENT="R."/><SP WIDTH="17" VPOS="1416" HPOS="183"/>
							<String ID="string_424" HPOS="200" VPOS="1422" WIDTH="18" HEIGHT="14" WC="0.94" CONTENT="0."/><SP WIDTH="18" VPOS="1422" HPOS="218"/>
							<String ID="string_425" HPOS="236" VPOS="1416" WIDTH="23" HEIGHT="21" WC="0.90" CONTENT="A."/><SP WIDTH="25" VPOS="1416" HPOS="259"/>
							<String ID="string_426" HPOS="284" VPOS="1417" WIDTH="48" HEIGHT="21" WC="0.96" CONTENT="ville"/><SP WIDTH="23" VPOS="1417" HPOS="332"/>
							<String ID="string_427" HPOS="355" VPOS="1417" WIDTH="69" HEIGHT="27" WC="0.96" CONTENT="bygga"/><SP WIDTH="15" VPOS="1417" HPOS="424"/>
							<String ID="string_428" HPOS="439" VPOS="1418" WIDTH="6" HEIGHT="21" WC="0.96" CONTENT="i"/><SP WIDTH="16" VPOS="1418" HPOS="445"/>
							<String ID="string_429" HPOS="461" VPOS="1418" WIDTH="61" HEIGHT="27" WC="0.96" CONTENT="fråga"/><SP WIDTH="21" VPOS="1418" HPOS="522"/>
							<String ID="string_430" HPOS="543" VPOS="1418" WIDTH="93" HEIGHT="22" WC="0.93" CONTENT="varande"/><SP WIDTH="22" VPOS="1418" HPOS="636"/>
							<String ID="string_431" HPOS="658" VPOS="1416" WIDTH="219" HEIGHT="28" WC="0.92" CONTENT="författningsförslag"/><SP WIDTH="22" VPOS="1416" HPOS="877"/>
							<String ID="string_432" HPOS="899" VPOS="1416" WIDTH="28" HEIGHT="26" WC="0.95" CONTENT="pä"/><SP WIDTH="22" VPOS="1416" HPOS="927"/>
							<String ID="string_433" HPOS="949" VPOS="1416" WIDTH="40" HEIGHT="20" WC="0.96" CONTENT="den"/>
						</TextLine>
						<TextLine ID="line_44" HPOS="158" VPOS="1444" WIDTH="833" HEIGHT="29">
							<String ID="string_434" HPOS="158" VPOS="1444" WIDTH="90" HEIGHT="27" WC="0.96" CONTENT="princip,"/><SP WIDTH="16" VPOS="1444" HPOS="248"/>
							<String ID="string_435" HPOS="264" VPOS="1451" WIDTH="45" HEIGHT="15" WC="0.96" CONTENT="som"/><SP WIDTH="16" VPOS="1451" HPOS="309"/>
							<String ID="string_436" HPOS="325" VPOS="1448" WIDTH="24" HEIGHT="18" WC="0.96" CONTENT="är"/><SP WIDTH="19" VPOS="1448" HPOS="349"/>
							<String ID="string_437" HPOS="368" VPOS="1447" WIDTH="83" HEIGHT="21" WC="0.96" CONTENT="uttalad"/><SP WIDTH="15" VPOS="1447" HPOS="451"/>
							<String ID="string_438" HPOS="466" VPOS="1447" WIDTH="7" HEIGHT="20" WC="0.96" CONTENT="i"/><SP WIDTH="17" VPOS="1447" HPOS="473"/>
							<String ID="string_439" HPOS="490" VPOS="1448" WIDTH="10" HEIGHT="20" WC="0.93" CONTENT="1"/><SP WIDTH="17" VPOS="1448" HPOS="500"/>
							<String ID="string_440" HPOS="517" VPOS="1448" WIDTH="12" HEIGHT="25" WC="0.66" CONTENT="$"/><SP WIDTH="16" VPOS="1448" HPOS="529"/>
							<String ID="string_441" HPOS="545" VPOS="1447" WIDTH="24" HEIGHT="21" WC="0.97" CONTENT="af"/><SP WIDTH="13" VPOS="1447" HPOS="569"/>
							<String ID="string_442" HPOS="582" VPOS="1448" WIDTH="36" HEIGHT="20" WC="0.96" CONTENT="det"/><SP WIDTH="15" VPOS="1448" HPOS="618"/>
							<String ID="string_443" HPOS="633" VPOS="1446" WIDTH="23" HEIGHT="22" WC="0.97" CONTENT="af"/><SP WIDTH="13" VPOS="1446" HPOS="656"/>
							<String ID="string_444" HPOS="669" VPOS="1446" WIDTH="127" HEIGHT="27" WC="0.96" CONTENT="regeringen"/><SP WIDTH="15" VPOS="1446" HPOS="796"/>
							<String ID="string_445" HPOS="811" VPOS="1445" WIDTH="120" HEIGHT="27" WC="0.93" CONTENT="uppgjorda"/><SP WIDTH="14" VPOS="1445" HPOS="931"/>
							<String ID="string_446" HPOS="945" VPOS="1445" WIDTH="46" HEIGHT="26" WC="0.92" CONTENT="lag-"/>
						</TextLine>
						<TextLine ID="line_45" HPOS="158" VPOS="1473" WIDTH="832" HEIGHT="29">
							<String ID="string_447" HPOS="158" VPOS="1473" WIDTH="108" HEIGHT="27" WC="0.93" CONTENT="förslaget,"/><SP WIDTH="17" VPOS="1473" HPOS="266"/>
							<String ID="string_448" HPOS="283" VPOS="1474" WIDTH="60" HEIGHT="21" WC="0.92" CONTENT="hvari"/><SP WIDTH="17" VPOS="1474" HPOS="343"/>
							<String ID="string_449" HPOS="360" VPOS="1481" WIDTH="24" HEIGHT="15" WC="0.96" CONTENT="en"/><SP WIDTH="17" VPOS="1481" HPOS="384"/>
							<String ID="string_450" HPOS="401" VPOS="1476" WIDTH="67" HEIGHT="26" WC="0.93" CONTENT="tydlig"/><SP WIDTH="16" VPOS="1476" HPOS="468"/>
							<String ID="string_451" HPOS="484" VPOS="1475" WIDTH="106" HEIGHT="21" WC="0.91" CONTENT="åtskilnad"/><SP WIDTH="15" VPOS="1475" HPOS="590"/>
							<String ID="string_452" HPOS="605" VPOS="1478" WIDTH="62" HEIGHT="24" WC="0.96" CONTENT="göres"/><SP WIDTH="15" VPOS="1478" HPOS="667"/>
							<String ID="string_453" HPOS="682" VPOS="1475" WIDTH="93" HEIGHT="21" WC="0.96" CONTENT="emellan"/><SP WIDTH="10" VPOS="1475" HPOS="775"/>
							<String ID="string_454" HPOS="785" VPOS="1474" WIDTH="148" HEIGHT="22" WC="0.96" CONTENT="varumärken,"/><SP WIDTH="11" VPOS="1474" HPOS="933"/>
							<String ID="string_455" HPOS="944" VPOS="1479" WIDTH="46" HEIGHT="15" WC="0.95" CONTENT="som"/>
						</TextLine>
						<TextLine ID="line_46" HPOS="158" VPOS="1501" WIDTH="833" HEIGHT="30">
							<String ID="string_456" HPOS="158" VPOS="1501" WIDTH="61" HEIGHT="22" WC="0.96" CONTENT="skola"/><SP WIDTH="23" VPOS="1501" HPOS="219"/>
							<String ID="string_457" HPOS="242" VPOS="1503" WIDTH="133" HEIGHT="26" WC="0.95" CONTENT="registreras,"/><SP WIDTH="25" VPOS="1503" HPOS="375"/>
							<String ID="string_458" HPOS="400" VPOS="1504" WIDTH="40" HEIGHT="21" WC="0.93" CONTENT="och"/><SP WIDTH="14" VPOS="1504" HPOS="440"/>
							<String ID="string_459" HPOS="454" VPOS="1504" WIDTH="72" HEIGHT="21" WC="0.91" CONTENT="firmas"/><SP WIDTH="15" VPOS="1504" HPOS="526"/>
							<String ID="string_460" HPOS="541" VPOS="1504" WIDTH="148" HEIGHT="27" WC="0.96" CONTENT="berättigande"/><SP WIDTH="15" VPOS="1504" HPOS="689"/>
							<String ID="string_461" HPOS="704" VPOS="1505" WIDTH="34" HEIGHT="20" WC="0.96" CONTENT="att"/><SP WIDTH="16" VPOS="1505" HPOS="738"/>
							<String ID="string_462" HPOS="754" VPOS="1509" WIDTH="76" HEIGHT="21" WC="0.93" CONTENT="genom"/><SP WIDTH="16" VPOS="1509" HPOS="830"/>
							<String ID="string_463" HPOS="846" VPOS="1502" WIDTH="145" HEIGHT="26" WC="0.91" CONTENT="anbringande"/>
						</TextLine>
						<TextLine ID="line_47" HPOS="158" VPOS="1530" WIDTH="832" HEIGHT="30">
							<String ID="string_464" HPOS="158" VPOS="1530" WIDTH="23" HEIGHT="21" WC="0.96" CONTENT="af"/><SP WIDTH="13" VPOS="1530" HPOS="181"/>
							<String ID="string_465" HPOS="194" VPOS="1530" WIDTH="38" HEIGHT="22" WC="0.96" CONTENT="sitt"/><SP WIDTH="15" VPOS="1530" HPOS="232"/>
							<String ID="string_466" HPOS="247" VPOS="1537" WIDTH="63" HEIGHT="15" WC="0.96" CONTENT="namn"/><SP WIDTH="20" VPOS="1537" HPOS="310"/>
							<String ID="string_467" HPOS="330" VPOS="1533" WIDTH="52" HEIGHT="20" WC="0.95" CONTENT="utan"/><SP WIDTH="20" VPOS="1533" HPOS="382"/>
							<String ID="string_468" HPOS="402" VPOS="1533" WIDTH="139" HEIGHT="27" WC="0.96" CONTENT="registrering"/><SP WIDTH="14" VPOS="1533" HPOS="541"/>
							<String ID="string_469" HPOS="555" VPOS="1533" WIDTH="64" HEIGHT="21" WC="0.93" CONTENT="vinna"/><SP WIDTH="16" VPOS="1533" HPOS="619"/>
							<String ID="string_470" HPOS="635" VPOS="1532" WIDTH="94" HEIGHT="28" WC="0.92" CONTENT="åsyftadt"/><SP WIDTH="16" VPOS="1532" HPOS="729"/>
							<String ID="string_471" HPOS="745" VPOS="1532" WIDTH="75" HEIGHT="26" WC="0.96" CONTENT="skydd."/><SP WIDTH="31" VPOS="1532" HPOS="820"/>
							<String ID="string_472" HPOS="851" VPOS="1531" WIDTH="41" HEIGHT="27" WC="0.95" CONTENT="Jag"/><SP WIDTH="14" VPOS="1531" HPOS="892"/>
							<String ID="string_473" HPOS="906" VPOS="1530" WIDTH="36" HEIGHT="21" WC="0.96" CONTENT="vill"/><SP WIDTH="15" VPOS="1530" HPOS="942"/>
							<String ID="string_474" HPOS="957" VPOS="1530" WIDTH="33" HEIGHT="22" WC="0.97" CONTENT="för"/>
						</TextLine>
					</TextBlock>
				</ComposedBlock>
				<Illustration ID="cblock_3" HPOS="688" VPOS="680" WIDTH="27" HEIGHT="43"></Illustration>
			</PrintSpace>
		</Page>
	</Layout>
</alto>
