1075 1734
189 471 155 32 Onsdagen
363 471 58 26 den
439 470 18 27 4
474 470 89 34 April
581 470 39 27 kl.
641 470 17 27 6
677 477 23 20 e.
720 477 36 19 m.

134 539 31 21 Hr
180 539 208 21 Landtmarskalken
400 539 143 26 tillkännagaf
552 540 32 19 att
594 539 67 26 pollet
671 539 89 26 uttagits
771 538 32 21 för
814 537 77 28 Adliga

64 569 60 20 ätten
139 567 40 21 N:o
195 568 48 25 249,
259 567 23 21 af
295 567 152 26 Frosterus,
463 568 23 21 af
499 568 33 21 Hr
548 567 70 21 Johan
627 567 87 22 Charles
726 568 55 21 Emil
793 567 22 21 af
828 567 63 21 Fro-

66 598 96 23 sterus,
185 595 97 22 Senator.

136 692 58 21 Prot.
218 692 103 27 utdragen
344 692 59 21 öfver
426 692 96 21 ståndets
545 693 35 20 vid
596 692 85 27 plenum
698 693 41 20 den
754 693 26 20 27
797 691 94 22 sistlidne

67 721 58 21 Mars
140 721 82 20 fattade
238 720 69 21 beslut
320 720 128 27 justerades.

137 846 134 26 Föredrogos
286 845 105 22 särskilda
406 846 48 21 från
469 845 143 23 medstånden
627 845 106 27 ingångna
743 847 55 25 prot.
809 845 84 27 utdrag,

68 874 80 22 hvarur
164 874 142 22 antecknades

138 933 32 19 att
193 931 172 21 Presteståndets
387 931 108 21 elektorer
517 931 33 21 till
574 931 114 26 suppleant
703 931 7 20 i
726 930 165 22 Statsutskottet

69 960 125 27 ytterligare
210 961 67 20 utsett
292 960 77 20 Pastor
385 960 169 26 Appelqvist,
571 962 55 18 samt

139 1018 33 19 att
194 1016 170 21 Bondeståndets
387 1016 114 26 elektorer,
524 1016 86 21 utöfver
632 1016 26 21 de
673 1016 58 21 förut
745 1016 67 25 valde,
828 1017 68 20 utsett

70 1044 33 22 till
126 1044 138 26 suppleanter
278 1045 7 20 i
301 1044 233 27 Strafflagsutskottet:
554 1044 207 28 landtdagsmännen
777 1044 118 22 Savolai-

70 1078 48 16 nen
134 1073 40 21 och
189 1073 87 26 Patja;
295 1073 3 21 i
314 1073 224 21 Ekonomiutskottet:
558 1073 206 27 landtdagsmännen
779 1072 116 28 Pyydys-

70 1101 68 21 mäki
164 1102 40 20 och
228 1102 178 26 Rantaniemi;
432 1102 7 20 i
461 1102 116 21 Allmänna
599 1102 207 21 Besvärsutskottet:
827 1102 70 20 landt-

71 1130 144 26 dagsmännen
238 1130 146 21 Tervoinen
408 1130 39 21 och
471 1130 162 21 Malkamäki
656 1132 56 19 samt
734 1131 7 20 i
759 1130 138 26 Jernvägsut-

71 1158 93 21 skottet:
186 1158 205 27 landtdagsmännen
414 1159 126 21 Piilonen
564 1158 39 22 och
621 1158 148 22 Pennanen.

393 1289 182 28 Tobaksbevillning.

140 1345 121 27 Föredrogs
282 1346 248 26 Bevillningsutskottets
548 1346 44 21 bet.
608 1346 40 21 N:o
666 1346 9 20 1
693 1345 48 22 med
757 1345 40 21 ani.
813 1345 24 21 af
849 1345 49 21 nåd.

72 1379 61 21 prop.
148 1374 40 21 N:o
204 1374 28 21 22
248 1381 47 20 ang.
311 1374 191 27 bevillningsafgift
517 1375 33 21 för
566 1374 73 22 tobak.

141 1430 31 21 På
187 1431 94 27 begäran
296 1431 109 22 lemnades
419 1431 63 22 ordet
498 1431 23 22 åt

141 1487 32 21 Hr
188 1488 26 21 K.
239 1488 99 25 Antell,
362 1494 46 15 som
430 1488 96 26 yttrade:
558 1487 248 27 Bevillningsutskottets
821 1487 7 21 i
843 1487 58 20 vissa

73 1515 59 21 delar
148 1516 113 27 onekligen
276 1516 153 27 förtjenstfulla
448 1516 112 22 utlåtande
576 1518 25 19 är
616 1516 66 27 enligt
698 1516 43 21 min
757 1515 64 22 tanke
836 1515 64 21 emel-

811 1553 23 18 34
