1073 1745
178 117 42 21 678
427 123 24 17 R.
465 127 18 13 o.
495 123 22 17 A.
527 124 61 17 1888.
601 124 24 17 14
632 124 64 22 April.

149 207 117 28 utgifterna
281 208 68 21 skulle
365 209 72 21 kunna
451 209 137 22 verkställas.
614 210 66 21 Detta
695 209 40 22 har
751 209 23 22 af
788 209 54 25 skäl,
858 215 45 16 som
918 210 7 21 i
941 210 42 21 den

150 236 49 22 näd.
215 243 61 20 prop.
292 238 98 21 närmare
415 238 104 27 utläggas,
535 239 47 20 icke
599 239 63 21 skett.
694 238 34 21 Nu
745 240 25 19 är
785 238 36 21 det
837 240 48 20 sant
900 240 32 19 att
947 239 35 20 vid

150 265 70 22 denna
235 265 103 28 landtdag
354 266 65 27 enligt
434 267 26 20 de
476 267 117 21 ständerna
603 274 28 14 nu
640 267 108 26 förelagda
760 261 143 38 lagförslagen
911 267 71 26 nägon

149 294 116 26 bevillning
281 293 34 22 för
330 294 161 27 ifrågavarande
514 295 102 22 ändamål
638 296 47 21 icke
708 296 99 21 kommer
822 296 7 20 i
844 295 67 28 fråga,
933 302 49 15 men

150 323 60 20 detta
225 323 39 26 gör
280 323 66 21 saken
361 324 66 27 enligt
442 324 43 21 min
501 324 67 21 tanke
594 326 57 19 ännu
666 325 149 26 betänkligare
831 326 27 19 än
874 324 41 21 den
930 324 53 26 eljes

150 357 57 15 vore.
238 351 11 20 I
265 351 101 22 händelse
382 352 36 21 det
433 353 68 21 skulle
517 353 58 26 gälla
590 353 34 21 för
646 353 119 21 ständerna
787 355 34 19 att
844 353 34 20 vid
901 359 82 15 samma

150 379 103 27 landtdag
269 380 84 21 besluta
368 381 31 27 sig
414 381 33 21 för
462 381 133 22 inrättandet
610 381 23 22 af
646 382 106 21 kavalleri
768 381 39 22 och
823 381 69 22 tillika
911 381 71 21 dertill

149 409 75 20 anvisa
239 409 76 26 medel,
333 409 23 21 så
371 416 50 15 vore
437 411 117 20 ständerna
569 411 6 20 i
591 410 84 22 tillfälle
697 412 34 19 att
753 410 36 21 vid
811 410 172 21 bestämmandet

150 437 24 21 af
196 437 41 21 den
260 438 123 26 utvidgning
406 439 144 26 qvantitativt,
576 445 46 15 som
645 438 38 22 vår
705 438 114 22 härsmakt
840 438 84 21 komme
950 440 33 19 att

150 466 104 26 undergå,
270 468 50 25 taga
335 466 81 28 hänsyn
432 468 32 20 till
479 467 140 27 möjligheten
630 469 33 19 att
670 467 73 22 derför
752 467 61 21 anslå
820 467 78 27 nödiga
905 466 75 22 medel.

151 494 35 21 Då
201 494 103 27 deremot,
320 494 69 22 såsom
405 502 28 15 nu
449 498 24 19 är
487 496 68 26 fallet,
572 496 36 21 det
624 496 143 21 öfverlemnas
783 496 22 21 åt
821 496 114 21 ständerna
945 494 37 22 vid

152 523 70 21 denna
236 523 103 27 landtdag
353 526 33 19 att
401 525 6 21 i
422 525 81 27 princip
519 527 81 25 antaga
615 531 25 15 en
656 525 97 27 betydlig
767 524 126 27 utvidgning
909 524 22 21 af
944 522 39 22 vår

152 552 59 21 armé
234 552 39 21 och
296 552 55 22 först
373 553 34 21 vid
430 560 26 15 en
478 554 94 26 följande
595 554 103 26 landtdag
715 553 85 22 derföre
816 553 73 21 anvisa
904 552 79 27 nödiga

151 580 76 26 medel,
244 580 24 22 så
283 581 42 21 kan
341 581 36 21 det
391 582 86 21 inträffa
492 584 33 19 att
541 588 49 15 man
606 589 35 19 nu,
658 582 28 21 då
701 588 27 15 en
748 584 99 19 närmare
870 581 113 26 utredning

151 609 47 21 icke
214 609 113 27 föreligger
343 616 34 15 om
393 610 152 26 kostnaderna,
562 611 94 21 besluter
673 612 31 25 sig
720 610 35 22 för
771 616 25 16 en
812 610 24 21 så
851 612 45 20 stor
911 610 71 21 förök-

152 638 50 26 ning
218 638 23 21 af
254 639 73 21 armén
343 641 33 19 att
391 646 49 14 man
456 640 107 20 måhända
578 640 35 20 vid
628 639 96 27 följande
740 639 103 27 landtdag
858 639 46 21 icke
915 638 69 22 finner

152 666 70 22 medel
237 667 33 21 för
286 667 48 21 dess
350 668 137 22 bekostande.
517 668 74 27 Enligt
607 668 25 21 de
648 675 29 14 nu
693 668 146 26 föreliggande
855 667 127 27 propositio-

152 701 68 15 nerna
235 696 68 20 skulle
324 696 122 27 visserligen
469 703 76 20 genom
570 697 148 21 öfverförande
742 696 23 21 af
787 696 26 22 de
837 696 83 26 afgifter
943 696 40 20 och

152 724 191 26 hemmansräntor,
359 731 45 15 som
419 725 68 27 ingått
508 726 33 21 till
565 725 172 27 krigsmanshus-
753 725 39 21 och
808 724 175 22 militieboställs-

152 753 110 26 kassorna,
279 753 153 22 militiefonden
448 754 92 21 tillföras
556 760 25 15 en
598 754 53 26 årlig
667 754 95 21 inkomst
777 753 24 22 af
817 754 90 25 160,000
914 753 68 25 mark,

152 787 49 15 men
216 787 34 15 om
266 788 28 14 nu
310 782 49 21 hela
374 782 40 22 den
429 782 68 27 årliga
519 783 127 23 kostnaden,
662 782 71 22 såsom
751 783 36 20 det
801 782 7 21 i
824 782 159 26 propositionen

152 812 95 24 antages,
264 810 68 22 skulle
348 810 77 28 belöpa
440 812 31 26 sig
487 812 32 20 till
536 812 114 25 1,000,000
665 812 69 25 mark,
751 811 24 21 så
783 811 68 21 skulle
861 810 122 22 dock
919 806 12 36 i
940 810 43 22 alla

152 838 38 21 fall
206 838 82 22 återstå
304 841 33 19 att
352 840 77 26 bevilja
445 842 31 19 ett
491 840 93 21 tillskott
600 840 22 20 af
637 840 94 26 840,000
747 840 62 20 mark
825 846 34 14 om
869 838 53 26 året,
939 838 44 22 oaf-

153 868 47 20 sedt
216 868 44 24 allt,
277 868 55 20 hvad
349 874 45 15 som
410 868 107 21 erfordras
533 868 34 21 för
583 869 168 26 truppstyrkans
759 868 156 27 uppställande.
938 867 45 21 Och

153 897 57 19 ännu
225 897 24 19 är
264 896 75 21 härvid
355 899 32 18 att
402 897 80 26 märka,
498 899 33 19 att
540 897 69 21 denna
616 897 74 26 kalkyl
701 897 78 21 endast
787 898 24 19 är
820 896 163 27 approximativ.

152 924 41 27 Jag
209 931 63 14 anser
288 925 36 21 det
339 925 65 21 också
419 926 48 21 med
482 926 100 21 afseende
599 925 12 22 å
622 926 63 21 dessa
696 925 184 26 omständigheter
888 924 96 21 särdeles

153 953 34 20 väl
202 955 33 18 att
250 953 74 26 frågan
339 953 97 22 kommer
451 956 32 19 att
498 954 126 27 hänskjutas
640 954 32 21 till
689 956 32 19 ett
737 953 103 22 särskildt
851 953 89 26 utskott,
956 952 28 21 då

153 981 26 21 de
195 982 65 21 redan
277 982 110 27 befintliga
401 983 110 21 utskotten
527 985 38 18 äro
581 983 23 21 så
620 982 147 27 öfverhopade
781 982 50 21 med
841 981 94 27 arbeten,
951 983 34 19 att

154 1016 27 15 en
197 1010 24 21 så
236 1011 125 26 fullständig
375 1012 114 26 utredning
504 1011 23 21 af
542 1012 70 21 denna
628 1011 61 26 fråga
705 1011 48 21 icke
769 1011 69 20 skulle
853 1010 72 21 kunna
939 1010 45 21 vin-

152 1045 45 20 nas,
215 1045 45 15 som
276 1039 6 21 i
298 1041 31 19 ett
345 1040 101 21 särskildt
462 1040 89 21 utskott.
583 1040 42 21 Det
640 1042 25 19 är
679 1039 116 27 nämligen,
819 1039 33 21 för
877 1039 40 21 den
933 1039 52 20 hän-

152 1067 60 21 delse
228 1068 116 21 ständerna
359 1069 61 20 skola
434 1069 114 26 godkänna
569 1069 26 21 de
610 1069 7 20 i
633 1069 63 21 dessa
718 1067 159 28 propositioner
899 1067 86 26 förelig-

152 1096 69 26 gande
236 1097 115 26 törslagen,
368 1098 129 26 nödvändigt
513 1100 33 18 att
562 1098 107 21 utskottet
679 1096 139 22 införskaffar
828 1096 33 21 till
869 1096 116 21 ständerna

152 1125 41 21 den
209 1125 108 27 möjligast
332 1132 125 20 noggranna
471 1126 115 27 utredning
603 1126 49 21 utaf
673 1125 148 22 kostnaderna
843 1125 33 21 för
891 1124 94 22 kavalle-

151 1153 53 21 riets
219 1154 158 26 uppställande.
407 1155 41 27 Jag
463 1155 37 21 ber
517 1155 83 21 således
615 1154 22 22 få
647 1154 111 28 tillstyrka
767 1154 60 21 bifall
835 1153 33 21 till
875 1153 110 21 Talmans-

152 1182 153 21 konferensens
329 1182 87 28 förslag.
457 1184 40 26 Jag
521 1185 36 19 vet
582 1183 53 26 icke,
657 1189 35 15 om
718 1184 34 20 Hr
776 1181 209 22 Landtmarskalken

151 1211 99 26 nämude,
266 1211 23 21 af
303 1211 56 21 huru
374 1212 77 26 många
466 1212 139 21 medlemmar
620 1212 61 21 detta
693 1211 108 21 särskilda
817 1210 84 22 utskott
916 1210 69 22 skulle

151 1239 87 21 komma
253 1242 32 18 att
301 1240 76 20 bestå?
402 1240 43 21 För
459 1241 42 20 min
518 1241 42 24 del,
578 1240 38 21 och
633 1247 34 14 om
682 1240 48 21 icke
743 1238 242 22 Talmanskonferensen

150 1268 90 21 beslutit
255 1268 141 27 annorlunda,
413 1269 67 21 skulle
494 1269 37 27 jag
547 1269 114 21 hemställa
676 1271 33 19 att
726 1268 37 21 det
778 1268 69 21 skulle
864 1269 89 24 utgöras
963 1267 24 21 af

151 1297 14 20 4
180 1296 119 22 ledamöter
315 1297 47 20 från
378 1298 73 26 hvarje
466 1298 69 25 stånd,
552 1298 28 25 på
596 1298 36 20 det
648 1300 69 18 större
727 1296 113 27 möjlighet
851 1296 68 21 skulle
929 1296 56 21 före-

150 1325 58 26 ligga
223 1327 32 19 att
271 1326 5 20 i
293 1325 107 22 utskottet
417 1326 21 21 få
453 1327 20 20 in
490 1326 59 21 såväl
572 1325 140 27 fackinsigter
737 1331 46 15 som
807 1324 67 21 andra
896 1324 90 26 insigter

151 1353 73 21 hvilka
240 1354 99 26 möjligen
355 1354 35 21 vid
405 1355 86 26 frågans
507 1355 130 26 behandling
653 1354 117 21 erfordras.

221 1410 49 21 Med
286 1411 115 26 anledning
417 1411 22 21 af
452 1411 59 22 Frih,
527 1411 90 21 Wredes
632 1411 82 26 förslag
733 1409 111 28 angående
867 1409 82 21 antalet
964 1409 24 20 af

150 1438 120 22 ledamöter
285 1439 7 20 i
309 1439 35 21 det
359 1446 42 20 nya
416 1440 106 21 utskottet
538 1439 144 27 tillkännagaf
691 1439 33 21 Hr
737 1437 208 23 Landtmarskalken
953 1439 33 19 att

150 1467 58 21 inom
224 1466 242 23 Talmanskonferensen
482 1469 87 20 belutits
585 1470 32 19 att
632 1468 40 21 hos
687 1467 94 22 stånden
806 1466 79 22 föreslå
900 1468 32 19 att
947 1465 39 22 Ut-

151 1495 81 22 skottet
256 1496 68 21 skulle
349 1497 60 20 bestå
431 1497 23 21 af
474 1497 47 26 fyra
546 1497 119 21 ledamöter
688 1497 42 20 och
753 1497 13 20 2
787 1495 136 27 suppleanter
938 1494 48 21 från

150 1523 74 28 hvarje
240 1525 69 21 stånd.
