1078 1723
349 113 26 17 R.
387 117 18 13 0.
413 113 23 17 A.
444 113 59 17 1888.
521 112 24 18 19
552 112 64 22 April.
823 107 40 21 715

69 200 84 21 fruktar
167 205 56 20 man,
237 200 34 20 att
285 198 45 22 icke
344 198 45 23 tala
404 204 34 16 om
454 198 68 22 andra
536 197 118 28 religioner.
684 198 29 21 Af
727 198 61 22 dessa
806 197 86 23 orsaker

71 222 38 37 vill
120 222 33 37 jag
169 227 106 28 tillstyrka
289 226 129 28 antagandet
432 226 24 22 af
468 226 117 22 utskottets
599 226 134 22 betänkande
743 226 40 22 och
793 226 99 23 särskildt

70 254 156 24 reservationen
247 255 40 22 N:o
312 256 17 25 1,
352 254 85 22 hvilken
459 255 38 27 jag
519 254 97 28 finner
604 250 15 37 i
633 254 114 28 synnerhet
762 254 130 23 beträffande

71 284 186 27 civiläktenskapet
279 283 62 22 hafva
355 282 72 23 träffat
442 283 37 22 det
494 284 63 20 rätta.
587 282 91 22 Äfvensä
693 283 48 21 ville
753 283 37 27 jag
804 284 7 22 i
825 283 67 23 likhet

70 312 49 22 med
133 319 81 15 samma
227 314 134 20 reservanter
375 311 95 22 utesluta
485 312 37 22 det
536 312 29 26 på
579 312 38 21 sid.
634 312 26 21 39
675 311 8 21 i
692 311 115 23 utskottets
817 312 74 22 betän-

69 341 70 22 kande
161 341 74 27 gjorda
256 341 83 27 tillägg:
363 342 47 24 ,att
429 340 117 22 ständerna
567 340 68 22 tillika
649 339 50 22 ville
713 340 40 22 hos
767 340 60 22 Hans
841 341 50 27 Kej-

70 369 77 28 serliga
162 370 99 27 Majestät
275 369 7 21 i
296 368 169 28 underdånighet
479 368 91 25 anmäla,
586 370 32 20 att
632 368 114 22 ständerna
761 370 80 25 antagit
850 368 41 22 för-

71 398 117 28 ordningen
210 404 34 16 om
265 399 44 20 rätt
330 397 32 22 för
384 396 56 22 finsk
463 396 140 28 medborgare
625 396 22 22 af
666 396 131 22 främmande
811 397 80 21 kristen

69 426 93 23 troslära
183 428 33 21 att
236 426 90 22 bekläda
348 425 97 22 embeten
465 425 41 22 och
525 426 88 26 tjenster
627 425 7 22 i
649 425 71 22 landet
736 426 75 20 endast
825 425 66 22 under

70 455 37 23 det
128 455 74 26 vilkor,
225 456 32 21 att
279 455 40 21 den
341 454 22 22 af
383 454 47 22 dem
446 456 93 25 antagna
553 454 123 27 förordning
690 454 109 26 angående
813 453 78 23 bekän-

71 490 51 16 nare
143 483 23 23 af
186 490 69 16 annan
277 482 152 28 protestantisk
448 482 93 22 troslära
555 484 28 20 än
599 482 40 22 den
654 482 238 27 evangelisk-lutherska

70 512 85 22 komme
176 513 33 20 att
230 512 32 21 till
286 510 124 23 efterlefnad
424 511 129 27 kungöras*',
583 511 65 21 Detta
662 511 73 27 tillägg
749 510 68 22 skulle
831 510 61 22 äfven

67 540 38 27 jag
119 540 49 27 vilja
183 540 98 22 utesluta.
307 540 48 22 Men
371 546 35 15 om
419 540 36 26 jag
471 539 54 27 tagit
540 539 32 22 till
587 540 67 26 ordet,
670 540 23 21 så
708 541 24 20 är
747 539 36 22 det
793 538 98 22 särskildt

72 568 75 26 derför,
163 570 33 20 att
207 569 37 27 jag
259 569 91 21 önskade
365 574 30 20 se,
410 569 32 21 att
458 568 27 22 de
500 574 107 21 personer,
623 568 71 22 hvilka
708 568 50 27 vilja
768 567 85 22 utträda
867 574 25 15 ur

71 597 41 21 den
126 597 237 27 evangelisk-lutherska
377 596 89 28 kyrkan,
483 602 48 16 men
547 596 70 22 hvilka
632 597 46 21 icke
693 596 72 22 kunna
779 602 50 16 vara
850 596 41 21 till-

70 624 91 28 räckligt
182 626 75 26 många
279 625 32 22 för
333 627 33 20 att
380 624 58 22 bilda
453 626 32 20 ett
499 624 102 22 särskildt
615 625 103 26 samfund,
730 624 79 28 jemväl
823 624 68 22 skulle

71 653 58 22 finna
150 654 31 21 uti
203 654 40 22 den
264 654 159 27 ifrågavarande
442 653 153 27 författningen
617 656 31 20 ett
670 653 73 27 skydd.
772 654 41 26 Jag
830 659 62 16 anser

70 683 39 26 att,
132 688 35 16 om
188 682 61 27 lagen
271 682 45 22 icke
336 682 123 27 tillgodoser
474 682 62 21 äfven
551 682 72 22 dessas
637 682 110 26 intressen,
763 683 24 21 så
801 681 40 23 blir
856 682 36 22 det

71 716 27 16 en
112 712 45 20 stor
171 710 53 22 brist
239 711 39 21 och
293 717 26 15 en
334 713 45 19 stor
393 710 63 22 lucka
470 710 8 21 i
494 710 129 22 densamma.
651 710 41 27 Jag
706 710 42 22 kan
763 710 46 22 icke
827 710 65 26 finna,

69 740 34 20 att
116 745 106 21 personer,
237 746 46 15 som
297 740 34 21 stå
345 745 108 16 ensamma
467 739 8 21 i
489 738 86 27 åsigter,
585 739 69 22 derför
668 738 60 22 skola
738 738 101 28 stämplas
847 744 45 16 som

71 766 123 23 lösdrifvare
215 768 52 21 eller
289 768 138 27 vagabonder.
458 767 43 22 Det
523 770 25 19 är
569 768 123 26 visserligen
713 770 48 19 sant
783 769 32 20 att
834 767 7 21 i
856 768 37 20 vår

71 796 185 27 partiepidemiska
271 796 37 21 tid.
323 802 48 16 man
387 802 62 16 anser
465 796 42 21 den
522 796 95 22 enskilde
631 796 105 22 individen
752 796 47 22 icke
815 795 77 28 betyda

71 826 54 20 stort
147 824 121 27 någonting,
293 831 47 15 men
363 826 6 20 i
391 830 26 16 en
440 824 68 22 sådan
530 824 39 22 sak
584 831 45 15 som
645 825 69 21 denna
728 824 39 22 bör
782 824 41 22 han
839 824 53 22 dock

71 852 139 28 respekteras.
239 853 32 22 Hr
287 852 52 23 Rein
354 853 39 22 har
407 855 48 25 sagt
471 853 40 22 och
527 853 86 22 äfvenså
627 853 32 22 Hr
674 853 115 26 Koskinen,
805 854 32 21 att
846 852 46 22 svå-

71 881 93 26 righeter
186 881 39 22 och
247 883 76 25 många
344 881 154 28 förvecklingar
519 882 72 21 kunde
611 883 77 26 uppstå
703 882 63 26 deraf,
783 888 34 15 om
832 881 60 22 dessa

71 915 101 21 personer
185 910 46 21 icke
245 910 92 21 infördes
351 910 7 21 i
372 910 182 27 kyrkoböckerna.
586 910 67 21 Deraf
665 910 71 22 kunde
751 911 77 26 uppstå
847 910 45 21 svå-

71 937 93 28 righeter
178 938 35 21 vid
227 938 116 22 arfstvister
359 945 17 15 o.
393 945 16 15 s.
425 945 26 20 v.,
468 945 49 15 men
533 939 42 27 mig
590 939 78 27 tyckes,
684 940 32 21 att
730 939 71 22 derest
822 937 70 28 dylika

70 972 102 21 personer
186 966 45 22 icke
247 967 65 21 önska
327 967 85 21 tillhöra
427 967 249 27 evangeliskt-lutherska
690 967 147 26 församlingen
853 966 38 23 och

71 994 47 22 icke
132 994 68 22 heller
214 995 48 27 vilja
277 995 44 22 låta
335 995 92 28 intvinga
442 995 33 27 sig
490 995 7 22 i
513 996 69 27 någon
597 1001 69 16 annan
680 995 127 27 församling,
830 995 61 22 hvars

73 1023 90 22 troslära
185 1023 25 22 de
232 1023 46 22 icke
300 1023 71 22 kunna
393 1023 104 27 bekänna,
521 1025 24 20 så
566 1031 50 15 vore
639 1025 35 21 det
689 1024 82 22 enklast
785 1025 32 20 att
832 1023 60 22 civila

73 1051 146 27 myndigheter
233 1052 67 21 skulle
315 1052 45 22 föra
377 1052 57 22 öfver
446 1053 48 21 dem
505 1059 80 15 samma
596 1053 140 26 civilregister,
747 1059 45 14 som
803 1053 89 26 prester-

72 1079 75 27 skapet
162 1080 40 21 och
216 1080 144 22 föreståndare
374 1081 7 20 i
396 1080 176 28 församlingarna
587 1083 24 19 är
625 1081 79 27 ålagdt,
721 1080 38 22 och
770 1082 33 20 att
813 1086 79 16 samma

73 1107 111 28 verldsliga
206 1108 127 28 myndighet,
355 1108 84 22 hvilken
463 1109 37 21 det
522 1109 69 22 skulle
613 1109 116 22 tillkomma
744 1111 31 20 att
790 1108 102 22 stadfästa

73 1136 170 28 civiläktenskap,
266 1137 63 22 också
350 1137 71 22 ålades
444 1137 47 22 föra
513 1138 135 26 civilregister
669 1137 57 22 öfver
741 1138 66 26 vigde,
823 1136 68 27 födde,

73 1164 70 32 döpte,
166 1164 75 22 aflidne
263 1172 26 15 m.
313 1172 27 15 m.
370 1166 45 21 Här
436 1166 41 21 har
496 1166 115 26 anmärkts,
627 1168 32 20 att
674 1166 58 22 detta
746 1166 46 22 från
807 1165 85 22 försam-

73 1192 94 26 lingarne
191 1193 119 23 oberoende
331 1194 95 22 tillständ
449 1194 82 22 lemnar
553 1195 49 26 inga
623 1194 107 28 garantier
744 1194 32 22 för
791 1194 36 22 det
841 1200 51 20 upp-

73 1221 93 21 växande
189 1222 87 27 slägtets
298 1222 97 28 religiösa
418 1222 40 22 och
474 1223 115 22 moraliska
603 1223 129 27 uppfostran.
762 1222 44 27 Mig
820 1222 72 27 tyckes

72 1250 33 20 att
126 1248 80 23 barnen
229 1250 32 22 väl
285 1251 61 21 torde
368 1251 57 27 ligga
447 1251 132 22 föräldrarne
601 1254 97 19 närmare
720 1258 33 14 om
771 1251 80 27 hjertat
865 1251 27 20 än

73 1278 68 26 någon
157 1284 76 20 annan,
249 1279 39 22 och
304 1281 31 19 att
351 1279 81 22 derföre
448 1286 50 15 man
513 1280 7 21 i
535 1280 115 22 allmänhet
665 1279 23 22 af
700 1285 107 22 personer,
821 1278 71 22 hvilka

73 1305 46 22 icke
142 1306 49 26 vilja
215 1307 84 22 tillhöra
323 1308 68 26 någon
407 1308 7 21 i
433 1308 76 22 landet
531 1308 91 22 varande
637 1308 128 27 församling,
789 1306 32 22 till
841 1306 51 27 följd

73 1334 22 22 af
116 1335 138 22 samvetsskäl
276 1336 53 21 dock
351 1336 70 22 kunde
443 1338 72 21 vänta,
539 1338 32 20 att
593 1337 26 21 de
641 1337 21 21 af
682 1342 79 16 samma
776 1335 62 27 pligt-
853 1334 39 22 och

73 1363 138 22 samvetsskäl
233 1366 56 20 emot
311 1364 45 22 sina
378 1364 53 22 barn
453 1371 44 21 nog
519 1365 67 21 borde
601 1365 111 27 tillgodose
727 1364 38 22 och
781 1363 111 22 öfvervaka

74 1391 71 22 dessas
166 1392 123 26 uppfostran
311 1393 27 27 på
360 1399 25 15 en
401 1392 54 22 efter
471 1393 61 22 deras
547 1393 78 27 åsigter
639 1393 84 27 religiös
739 1393 38 22 och
792 1391 100 23 moralisk

73 1420 74 26 grund.
172 1420 83 22 Skedde
269 1420 144 22 försummelse
429 1421 52 27 deri,
497 1422 52 22 eller
564 1422 105 21 uraktläte
684 1421 130 22 föräldrarne
824 1421 68 21 denna

73 1448 125 27 skyldighet,
219 1449 54 21 hade
293 1449 24 27 ju
331 1449 60 21 alltid
406 1451 71 20 staten
494 1450 39 22 och
549 1450 47 21 dess
611 1450 78 28 kyrkor
704 1450 51 21 eller
769 1450 123 21 kommuner

74 1482 41 20 nog
136 1477 59 21 makt
217 1479 30 19 att
269 1478 6 20 i
290 1477 141 27 sedlighetens
445 1484 66 16 namn
525 1478 88 27 ingripa.
643 1479 47 21 Den
705 1478 66 27 öfriga
785 1477 107 22 undervis-

73 1504 76 27 ningen
171 1507 24 19 är
216 1505 39 22 här
273 1506 24 26 ju
317 1506 44 21 icke
377 1507 32 21 att
423 1506 45 22 tala
484 1513 41 15 om.
555 1506 62 22 Hvad
633 1507 46 21 åter
694 1505 149 27 författningen
858 1511 33 15 om
