1081 1759
189 122 41 21 802
437 129 24 17 R.
475 134 16 12 o.
504 130 23 16 A.
539 130 55 16 1888.
608 130 23 17 19
639 129 62 22 April.

228 214 58 21 Utan
306 215 139 27 anmärkning
460 216 125 27 godkändes
601 217 12 21 3
630 217 39 21 och
685 218 13 20 4
713 216 25 28 88
753 217 7 21 i
776 216 214 28 författningsförsla-

158 244 36 25 get
209 242 109 22 äfvensom
335 244 108 27 ingressen
458 245 39 21 och
513 245 108 22 rubriken.

227 300 42 22 Vid
285 300 92 22 derefter
393 302 65 21 skedd
473 302 152 28 föredragning
640 303 23 21 af
677 303 36 21 det
728 302 28 28 pä
776 309 48 20 pag.
841 302 26 22 39
884 302 6 21 i
906 302 83 22 utskot-

159 330 41 20 tets
223 329 135 22 betänkande
381 330 102 28 ingående
505 331 82 27 förslag
610 331 33 21 till
666 332 112 21 uttalande
797 331 48 21 från
861 331 127 21 ständernas

159 358 46 20 sida
219 358 85 26 yttrade

227 415 57 21 Frih.
309 416 25 20 R.
351 416 24 20 A.
391 416 100 22 Wrede:
522 417 10 21 I
548 417 95 27 enlighet
665 417 48 21 med
736 416 57 22 hvad
809 417 68 21 under
893 417 41 21 den
949 416 39 22 all-

158 445 78 19 männa
252 444 147 22 diskussionen
415 447 84 25 yttrats,
511 445 54 21 och
562 440 10 38 i
577 446 221 21 öfverensstämmelse
809 446 48 20 med
869 446 40 20 den
919 446 69 21 första

158 473 170 21 reservationens
343 472 80 28 förslag
438 474 12 21 &
465 474 38 22 sid.
520 475 33 25 50,
570 474 38 22 ber
621 474 38 28 jag
673 474 21 22 fä
713 474 108 27 tillstyrka
831 476 38 26 att
885 474 24 21 R.
927 480 18 15 o.
961 474 25 21 A.

157 501 49 21 ville
229 502 71 20 lemna
316 502 60 21 detta
393 502 116 22 utskottets
523 503 81 27 förslag
620 505 52 19 utan
688 503 108 22 afseende.
826 503 68 21 Äfven
910 509 35 15 om
960 509 26 15 en

158 530 141 26 dissenterlag
320 530 47 22 icke
390 531 95 21 kommer
507 532 33 21 till
556 532 69 26 ständ,
645 532 24 21 sä
684 532 115 21 förefinnes
814 532 67 20 redan
897 538 29 14 nu
941 532 45 20 fak-

157 558 53 22 tiskt
226 565 25 15 en
267 559 35 21 hel
317 559 77 27 mängd
410 560 114 21 dissenters
540 561 6 20 i
562 560 80 25 landet,
659 560 40 22 och
715 560 36 22 det
767 566 51 15 vore
829 560 64 27 högst
904 560 83 27 obilligt

158 589 33 19 att
206 587 45 21 läta
266 588 62 21 deras
341 588 166 28 medborgerliga
517 589 134 21 förhällande
662 589 135 21 fortfarande
805 595 52 15 vara
867 589 28 27 pä
906 595 81 15 samma

159 616 78 21 osäkra
260 617 39 21 och
318 617 103 21 orättvisa
436 618 37 25 fot,
490 624 44 15 som
550 618 84 21 hittills.
665 618 70 21 Också
751 617 64 22 hafva
831 618 63 21 dessa
909 619 78 19 tvänne

158 644 218 28 författningsförslag
391 646 45 21 icke
451 646 65 27 något
532 646 23 21 så
569 648 54 20 nära
633 646 155 27 sammanhang
798 646 49 21 med
858 646 128 24 hvarandra,

157 675 33 19 att
204 674 47 21 icke
268 674 59 21 detta
342 680 74 16 senare
432 674 79 28 förslag
526 675 85 27 mycket
624 676 33 20 väl
673 676 71 20 kunde
761 676 96 26 antagas,
874 674 62 22 äfven
952 681 34 15 om

159 702 35 21 det
210 703 67 21 första
293 702 90 22 förfölle.

226 760 32 21 Hr
274 759 32 22 W.
323 759 80 27 Spåre
419 761 142 21 understödde
578 761 58 21 Frih.
652 761 90 21 Wredes
758 760 86 27 förslag.

226 818 10 20 I
252 818 94 26 enlighet
368 818 87 21 härmed
478 818 135 22 framstäldes
636 818 32 21 till
684 818 97 21 ståndets
798 818 132 21 besvarande
945 818 40 21 föl-

154 846 65 27 jande
235 846 211 27 omröstningsprop.:

226 904 53 25 Den,
303 910 44 15 som
370 904 122 27 godkänner
513 911 64 15 mom.
593 905 13 21 3
622 904 7 21 i
644 904 119 21 utskottets
786 904 142 26 betänkaude,
952 906 34 19 rö-

157 935 45 19 star
214 933 34 26 ja;

225 962 74 21 vinner
314 961 40 27 nej,
371 961 38 21 har
424 961 25 21 R.
466 968 17 14 o.
500 962 23 20 A.
541 961 94 22 beslutat
651 963 32 19 att
698 961 71 21 lemna
785 960 60 22 detta
859 967 62 15 mom.
933 962 53 20 utan

156 989 107 23 afseende.

225 1048 79 26 Prop:n
327 1047 128 21 besvarades
479 1048 48 20 med
551 1048 155 26 öfvervägande
722 1047 34 27 nej
773 1046 40 22 och
829 1046 55 22 hade
900 1046 86 22 ståndet

157 1075 82 22 således
255 1076 94 21 beslutat
365 1077 32 19 att
411 1076 45 21 låta
471 1076 116 21 utskottets
603 1076 80 26 förslag
698 1078 7 19 i
721 1076 72 21 denna
808 1075 34 21 del
857 1075 92 21 förfalla.

224 1208 70 20 Biand
317 1207 96 21 ståndets
431 1208 138 20 medlemmar
584 1208 55 20 hade
655 1208 95 20 utdelats
767 1207 40 21 och
822 1206 115 22 bordlades
953 1206 32 22 till

155 1238 62 20 nästa
232 1237 86 26 plenum

224 1294 178 20 Statsutskottets
424 1293 134 21 betänkande
581 1293 40 21 N:o
639 1293 11 21 9
667 1293 6 20 i
689 1292 116 27 anledning
823 1292 24 20 af
861 1292 48 21 nåd.
925 1298 59 20 prop.

155 1322 39 21 N:o
212 1322 26 21 33
254 1322 110 26 angående
379 1322 74 26 anslag
469 1322 31 20 till
510 1322 150 20 fullbordande
671 1321 23 21 af
701 1321 118 27 jernvägen
830 1320 48 22 från
889 1321 97 21 Kouvola

154 1350 33 21 till
203 1351 91 26 Kuopio,
313 1350 40 21 och

223 1407 114 21 Allmänna
352 1407 208 21 Besvärsutskottets
577 1407 134 21 betänkande
727 1407 41 20 N:o
782 1406 26 21 18
820 1406 109 26 angående
941 1408 45 18 sär-

154 1435 68 21 skilda
254 1436 55 20 inom
340 1436 158 20 Bondeståndet
523 1436 77 20 väckta
625 1435 184 27 petitionsförslag
833 1440 33 15 om
896 1434 90 21 förbätt-

153 1464 65 21 rande
235 1464 23 20 af
272 1464 127 26 sjukvården
415 1464 28 26 på
458 1464 149 26 landsbygden.
