1081 1759
202 97 41 21 758
447 104 25 17 R.
485 109 17 12 o.
515 105 22 16 A.
545 105 56 17 1888.
614 105 23 17 19
649 104 62 22 April.

170 188 24 28 ja
208 188 60 28 långt
282 188 63 27 förut,
355 191 55 21 varit
421 197 24 15 en
461 191 24 21 af
498 191 54 23 dem,
567 192 73 21 hvilka
655 191 98 27 omkring
767 191 34 27 sig
815 191 78 21 samlat
907 192 32 20 ett
949 190 49 22 ode-

172 218 46 20 ladt
239 218 96 20 intresse.
365 219 47 21 Den
432 219 40 22 har
494 220 129 21 diskuterats
639 220 7 21 i
662 220 26 22 de
710 221 55 20 mest
787 220 59 21 olika
860 220 83 21 kretsar
959 219 39 22 och

172 246 82 26 knappt
269 246 64 27 något
348 253 125 22 pressorgan
488 248 47 22 från
549 248 168 22 hufvudstadens
733 248 86 28 dagliga
828 248 107 28 tidningar
943 249 55 21 ända

172 274 34 21 till
228 274 133 23 landsortens
380 277 117 21 veckoblad
515 277 64 21 hafva
601 277 117 22 underlåtit
735 279 33 20 att
783 277 71 27 dryfta
869 277 127 21 densamma.

174 302 40 22 Om
229 303 69 27 någon
313 304 84 22 klarhet
411 306 90 26 vunnits,
518 306 65 27 vågar
595 306 38 27 jag
647 306 92 21 betvifla.
770 306 43 21 Det
827 312 62 21 synes
904 306 93 25 fastmer,

173 337 46 16 som
234 338 34 15 om
285 333 68 21 denna
374 334 65 27 fråga,
463 335 40 21 den
526 335 41 27 dag
589 341 45 15 som
649 336 30 25 är,
695 341 52 15 vore
761 334 45 22 lika
821 335 62 21 oklar
897 340 45 16 som
958 335 40 21 den

173 361 61 25 varit,
257 361 58 22 såväl
331 362 56 22 inom
403 363 40 21 den
457 363 108 21 allmänna
579 363 120 27 opinionen,
715 370 45 15 som
777 363 65 21 också
856 364 57 20 inom
928 370 70 20 repre-

173 390 140 22 sentationen.
343 391 42 21 För
407 392 36 21 det
461 392 58 21 förra
533 392 69 21 vittna
617 392 26 21 de
658 392 121 22 hvarandra
794 392 138 26 motsägande
947 398 51 20 upp-

173 421 74 25 satser,
263 419 72 22 hvilka
353 420 68 27 ingått
436 420 7 21 i
457 427 93 20 pressen,
566 421 41 21 och
621 420 33 22 för
669 421 37 21 det
720 427 76 15 senare
811 421 36 21 det
862 420 88 25 faktum,
966 422 32 19 att

174 448 69 21 denna
257 448 61 27 fråga
332 448 7 21 i
355 449 25 21 de
395 450 98 26 samtliga
507 450 14 20 4
536 450 90 20 stånden
641 449 70 21 blifvit
725 449 112 27 bordlagd,
853 449 76 21 bakom
945 448 53 22 hvil-

173 477 43 21 ken
230 477 153 27 bordläggning
398 478 61 21 torde
475 478 56 27 dölja
545 478 32 26 sig
592 478 44 21 lika
651 478 84 27 mycket
750 484 26 15 en
793 478 80 21 önskan
889 480 32 19 att
935 477 63 21 vinna

173 505 43 21 fast
236 506 82 26 princip
333 506 7 21 i
355 506 80 27 frågan,
457 513 45 15 som
524 506 119 22 kännedom
659 513 34 15 om
709 507 118 21 utskottets
842 507 27 21 84
885 506 38 22 sid.
939 506 59 27 digra

173 534 141 22 betänkande.
345 534 41 28 Jag
400 537 45 19 tror
460 536 47 20 icke
522 537 32 19 att
569 536 26 20 de
610 535 22 21 få
647 536 38 20 ord
698 536 38 26 jag
750 536 39 20 ber
803 535 22 21 få
839 537 58 25 yttra
911 535 7 21 i
929 535 69 21 denna

173 563 39 21 sak
226 563 8 21 i
248 564 70 26 någon
340 564 103 26 väsentlig
465 564 48 21 mån
529 564 60 21 skola
603 564 89 27 bidraga
707 564 33 21 till
755 566 32 19 att
803 564 100 27 klargöra
916 564 81 26 frågan,

173 598 49 15 men
234 592 37 27 jag
286 598 62 16 anser
363 592 36 22 det
413 592 82 22 likvisst
516 592 33 22 för
564 599 26 15 en
605 593 44 21 lika
664 593 78 27 dyrbar
757 592 110 28 rättighet,
883 599 45 15 som
943 592 55 27 skyl-

174 620 72 27 dighet
261 622 33 20 att
308 621 27 27 pä
351 622 68 20 denna
433 622 56 26 plats
503 621 69 21 uttala
586 622 44 20 min
645 622 60 26 äsigt.
737 621 59 22 Ifrän
813 622 40 20 den
864 622 46 26 dag,
922 621 27 21 dä
959 621 40 21 den

174 649 82 21 kristna
275 650 116 26 religionen
406 650 23 21 af
441 650 129 21 Konstantin
586 650 40 21 den
641 652 58 20 store
714 650 119 27 upphöjdes
849 650 32 21 till
896 650 102 21 statsreli-

173 678 55 26 gion,
252 680 45 19 tror
317 679 36 26 jag
375 679 69 21 denna
465 679 82 21 kristna
561 679 68 27 kyrka
643 679 54 21 vikit
712 679 47 21 frän
776 679 40 21 den
832 679 68 21 henne
915 678 23 22 af
951 678 48 22 Gud

174 706 114 22 utstakade
302 709 72 25 vägen.
405 708 11 20 1
430 707 71 21 stället
516 708 33 20 för
564 709 32 19 att
611 714 51 14 vara
672 714 26 15 en
709 708 110 21 stridande
831 708 40 20 och
881 707 118 27 kämpande

173 735 73 27 kyrka.
271 736 44 21 blef
333 736 42 21 hon
390 736 93 27 upphöjd
499 736 32 21 till
546 736 145 21 herskarinna.
721 736 11 22 I
747 736 73 22 stället
835 736 32 21 för
883 738 32 19 att
929 736 69 21 säsom

174 770 26 15 en
221 764 170 22 missionerande
409 765 68 27 kyrka
498 765 63 21 vinna
583 765 46 21 sina
651 771 73 20 segrar
742 771 77 20 genom
835 764 164 28 öfvertygelsens

173 792 60 21 makt
248 793 40 21 och
304 793 40 21 den
359 793 57 21 kraft
431 800 45 14 som
491 794 67 26 ligger
573 794 50 20 dold
638 794 7 20 i
661 794 41 20 den
717 794 91 26 sanning
823 793 42 21 hon
876 793 122 24 förkunnar,

173 821 39 21 har
234 821 79 21 hennes
336 824 40 24 väg
398 822 55 22 blott
476 822 71 21 alltför
569 822 45 21 ofta
636 822 125 22 betecknats
783 822 49 22 med
847 822 58 25 blod,
920 822 79 21 hennes

173 855 73 21 segrar
267 850 85 21 vunnits
367 851 48 21 med
430 851 90 21 svärdet.
553 851 49 21 Men
622 852 88 20 emedan
726 851 41 21 den
782 851 83 21 kristna
879 850 82 28 kyrkan
976 850 24 21 sä

172 878 49 22 lätit
242 878 33 28 sig
290 878 22 22 af
325 881 70 20 staten
417 880 108 27 upphöjas,
545 880 24 21 sä
583 886 38 15 var
636 880 36 21 det
687 886 26 15 en
729 878 111 28 sjelffallen
855 879 39 22 sak
909 881 32 19 att
955 878 42 22 hon

172 907 69 21 skulle
256 908 33 20 till
304 910 69 20 staten
389 909 108 27 ätergälda
512 909 69 21 denna
595 909 32 21 sin
638 909 131 27 upphöjelse.
793 908 29 22 Sä
831 915 38 14 var
880 909 27 21 dä
916 908 81 27 kyrkan

173 936 80 21 vorden
268 938 80 20 statens
363 937 72 27 villiga
449 938 94 26 verktyg,
559 939 67 25 vägen
641 938 32 20 till
684 938 80 21 hennes
775 937 123 27 förnedring
908 936 90 22 beträdd

172 964 40 22 och
228 965 232 27 begreppsförvillelsen
475 966 7 21 i
497 966 75 21 sädant
595 966 98 21 afseende
716 966 131 26 fullständig.
874 966 39 21 Om
930 966 68 20 denna

172 993 68 27 kyrka
254 994 55 20 skall
323 994 72 21 kunna
410 994 49 27 höja
473 994 32 27 sig
519 995 33 21 till
567 994 32 22 sin
613 995 150 27 ursprungliga
777 994 102 27 ställning
893 994 40 21 och
943 994 54 21 äter-

173 1022 63 21 vinna
251 1022 36 22 det
302 1023 148 27 ursprungliga
465 1022 113 28 inflytande
597 1023 39 21 och
652 1024 105 20 anseende
773 1022 43 22 hon
833 1024 40 26 egt,
890 1023 27 21 dä
931 1022 67 22 mäste

172 1050 43 21 hon
237 1051 98 27 nedstiga
356 1052 46 20 från
425 1052 40 21 den
487 1052 50 26 höjd
560 1052 42 20 hon
620 1052 86 21 beträdt
721 1052 39 20 och
777 1052 47 21 åter
839 1051 65 21 blifva
919 1057 25 15 en
959 1051 39 27 tje-

172 1079 70 21 nande
257 1080 40 20 och
312 1080 84 21 lidande
411 1080 73 27 kyrka,
499 1086 45 15 som
559 1082 64 25 utgör
637 1082 32 20 ett
683 1080 104 21 samband
804 1080 33 21 för
851 1080 26 20 de
888 1080 110 23 individer,

172 1107 73 21 hvilka
259 1108 28 26 pä
302 1109 69 26 grund
386 1108 23 21 af
422 1109 139 27 öfvertygelse
576 1115 34 15 om
625 1109 80 21 hennes
720 1109 98 26 sanning,
835 1108 38 22 och
889 1108 22 21 af
924 1108 75 21 kärlek

172 1136 33 20 till
220 1136 70 22 henne
312 1137 57 21 sluta
383 1137 32 27 sig
430 1138 32 20 till
477 1138 74 20 henne.
582 1137 51 21 Sida
647 1138 35 21 vid
698 1138 47 20 sida
760 1138 49 20 med
825 1138 40 20 den
881 1136 118 22 maktställ-

172 1164 56 27 ning,
244 1165 86 21 hvilken
345 1166 135 26 statskyrkan
495 1166 7 20 i
517 1166 102 21 historien
634 1166 83 27 intagit,
733 1166 40 26 gär
787 1172 77 20 genom
878 1166 121 20 densamma

172 1199 26 15 en
214 1194 122 20 reaktionär
351 1194 85 22 rörelse.
467 1194 39 27 Jag
524 1194 101 22 behöfver
639 1195 56 21 blott
711 1195 72 21 erinra
798 1200 34 15 om
847 1194 151 26 Valdenserna,

172 1228 35 14 om
230 1222 162 27 Hugenotterna
415 1223 39 21 och
476 1223 143 21 Lollarderna.
650 1224 10 20 I
682 1224 52 20 vära
757 1223 67 27 dagar
842 1224 157 25 representeras

172 1250 68 21 denna
256 1251 136 21 reaktionära
414 1252 78 20 rörelse
512 1252 23 20 af
549 1252 208 25 dissentersamfund,
782 1252 81 20 sädana
878 1252 20 20 vi
914 1257 22 15 se
952 1251 47 21 dem

171 1278 7 21 i
194 1279 40 21 den
249 1280 98 21 skottska
362 1280 131 27 frikyrkan,i
508 1280 88 27 baptist-
612 1281 39 21 och
666 1280 235 25 metodistsamfunden,
917 1279 30 21 uti
959 1280 41 20 den

170 1307 126 28 frikyrkliga
317 1309 94 21 rörelsen
434 1309 38 21 och
495 1310 38 20 sist
555 1309 38 21 och
609 1309 98 27 slutligen
725 1309 26 21 de
767 1309 65 26 ryska
851 1308 149 21 stundist-säll-

172 1336 85 26 skapen.
288 1337 40 21 Om
351 1338 36 20 det
409 1338 66 26 ligger
497 1338 69 26 någon
585 1338 96 26 sanning,
697 1338 41 20 och
751 1337 38 27 jag
805 1337 68 21 håller
887 1336 24 21 sä
925 1336 52 26 före,
992 1336 8 20 i

171 1364 56 21 hvad
246 1365 38 26 jag
306 1366 46 20 haft
374 1368 51 19 äran
449 1366 92 27 andraga
557 1372 33 15 om
606 1366 92 27 kyrkans
714 1366 26 21 lif
753 1366 40 20 och
809 1366 101 26 ställning
925 1370 75 22 genom

170 1392 110 27 historien,
302 1400 35 15 om
362 1394 35 21 det
413 1396 24 20 är
451 1396 48 20 sant
513 1397 32 19 att
561 1401 25 15 en
601 1395 66 21 sädan
683 1394 221 27 begreppsförvillelse
919 1394 7 20 i
941 1393 60 27 fräga

171 1427 34 15 om
220 1421 94 27 kyrkans
330 1422 101 28 ställning
446 1425 35 25 egt
495 1430 53 19 rum,
565 1423 27 21 dä
606 1424 35 20 mä
657 1424 36 20 det
708 1423 13 21 &
737 1423 69 21 andra
821 1423 61 21 sidan
897 1422 47 21 icke
959 1422 41 20 för-

170 1449 55 21 vänä
240 1456 40 20 oss,
296 1452 33 20 att
344 1451 69 21 denna
428 1452 112 21 förvillelse
555 1452 7 20 i
577 1452 127 27 begreppen,
720 1452 71 20 denna
806 1453 33 19 tro
856 1451 27 26 pä
899 1457 24 15 en
939 1452 62 19 stats-

170 1478 78 27 kyrkas
264 1479 46 21 icke
325 1479 56 21 blott
395 1480 158 26 nödvändighet
560 1482 51 19 utan
622 1480 54 22 enda
686 1480 157 26 berättigande,
855 1480 41 20 den
907 1479 40 27 dag
955 1484 45 16 som

171 1508 31 24 är,
217 1509 39 25 gör
272 1508 32 26 sig
318 1508 99 26 gällande
432 1509 39 21 hos
486 1509 47 21 vårt
547 1509 50 21 folk.
627 1509 48 21 Den
689 1508 40 22 har
744 1509 69 21 under
823 1508 55 21 halft
888 1510 65 18 annat
967 1507 33 21 år-
