1073 1692
360 118 26 17 R.
399 122 18 12 o.
428 118 23 16 A.
461 118 59 16 1888.
534 117 11 17 7
563 116 64 22 April.
835 112 41 21 593

146 204 54 26 Den,
222 210 45 15 som
283 204 124 27 godkänner
421 203 12 28 &
450 203 27 21 18
493 203 67 27 enligt
582 202 118 22 utskottets
713 202 141 26 betänkande,
870 203 36 20 rö-

78 234 45 20 star
140 232 32 27 ja;

146 248 75 34 vinner
243 260 40 28 nej,
305 260 40 22 har
359 260 26 22 R.
400 266 19 16 o.
435 260 26 22 A.
478 260 89 22 beslutit
589 261 33 20 att
637 260 12 26 8
666 260 27 22 18
707 260 54 21 skall
783 259 22 22 få
820 259 40 21 den
875 258 31 28 ly-

78 290 58 21 delse
152 289 41 22 den
208 289 40 21 har
262 289 7 22 i
284 289 49 22 näd.
349 295 60 21 prop.

147 347 42 21 Vid
211 346 84 21 anstäld
317 346 69 21 sluten
410 346 133 27 omröstning
565 345 76 22 utföllo
664 347 99 19 rösterna
780 345 48 22 med
845 345 25 21 16
883 344 25 27 ja

79 375 39 22 och
142 376 26 21 27
191 375 42 27 nej,
257 375 39 21 och
317 381 38 15 var
371 374 84 22 säledes
471 375 37 21 det
522 375 8 20 i
545 374 48 21 näd.
609 380 61 21 prop.
686 373 103 28 ingäende
804 373 104 27 förslaget

78 404 34 22 till
127 404 81 27 lydelse
223 403 33 22 för
271 403 12 28 $
300 405 25 19 18
341 403 23 22 af
376 403 25 21 R.
419 409 18 15 o.
454 403 27 21 A.
496 403 117 27 godkändt.

148 462 10 21 I
173 461 94 27 enlighet
289 460 48 21 med
355 460 36 21 det
406 460 23 21 af
442 460 33 21 Hr
491 466 41 15 von
548 460 107 26 Knorring
671 459 76 27 gjorda
761 458 95 27 yrkande
871 458 37 21 be-

80 490 42 21 slöt
144 490 25 21 R.
193 496 19 15 o.
235 489 25 21 A.
284 488 59 26 härä,
359 489 37 20 det
419 489 69 20 skulle
509 488 220 27 Strafflagsutskottet
744 493 34 16 om
794 487 24 21 R.
835 493 18 15 0.
869 487 39 21 A:s

80 518 137 22 förestående
239 517 71 22 beslut
332 517 134 22 beträffande
482 517 12 28 $
510 517 27 21 18
560 523 75 20 genom
657 516 197 27 protokollsutdrag
868 521 40 15 un-

80 547 117 21 derrättas.

150 609 59 22 Utan
223 609 140 27 anmärkning
378 609 126 28 godkändes
519 609 102 22 rubriken
638 609 40 21 och
693 609 108 26 ingressen
816 607 32 21 till
863 607 45 21 för-

81 638 212 27 fattningsförslaget.

151 700 79 21 Likasä
252 700 77 27 gillade
353 700 86 22 ständet
455 700 37 21 det
507 700 23 21 af
543 700 106 21 utskottet
664 699 29 26 pä
707 705 48 21 pag.
771 700 12 20 6
799 698 23 21 af
834 698 75 21 betän-

82 729 80 21 kandet
184 729 123 26 föreslagna
328 729 111 21 uttalande
462 728 111 27 angäende
592 727 147 28 önskligheten
755 727 22 22 af
791 727 25 21 de
832 726 78 27 inregi-

83 758 96 21 strerade
195 758 166 20 varumärkenas
377 757 147 27 ätergifvande
539 757 33 21 uti
587 763 26 14 en
629 756 92 21 särskild
736 755 101 22 tidskrift.

106 888 166 29 Matersystemets
288 888 113 29 tillämpning
417 888 29 24 vid
463 888 120 29 tillverkning
599 888 34 24 och
649 881 112 35 försäljning
772 887 20 23 af
806 886 82 24 bränvin.

154 945 121 27 Föredrogs
290 946 224 21 Ekonomiutskottets
530 946 67 21 andra
611 946 81 26 förslag
707 946 31 20 till
748 943 163 27 sammanjemk-

84 974 52 26 ning
160 974 22 20 af
195 973 100 22 ständens
310 974 123 27 skiljaktiga
449 974 72 22 belsut
535 975 35 21 vid
585 974 158 27 behandlingen
759 973 22 21 af
795 972 116 22 utskottets

84 1002 136 21 betänkande
236 1002 39 21 N:o
291 1003 14 20 4
319 1002 7 21 i
342 1002 114 27 anledning
473 1003 23 21 af
508 1002 49 22 näd.
573 1009 60 21 prop.
649 1003 41 21 N:o
707 1003 26 20 15
749 1001 108 27 angäende
867 1006 43 15 me-

85 1032 148 26 tersystemets
249 1030 133 28 tillämpning
397 1031 34 21 vid
446 1032 138 26 tillverkning
599 1031 40 21 och
655 1031 124 27 försäljning
790 1029 23 21 af
821 1028 91 22 bränvin

86 1059 38 21 och
140 1059 151 27 spritdrycker.

154 1115 58 21 Frih.
229 1116 93 21 Wrede
337 1116 68 21 utbad
421 1116 31 26 sig
464 1116 63 22 ordet
539 1116 39 22 och
588 1116 97 27 yttrade:
701 1116 66 21 Detta
777 1114 135 22 betänkande

86 1144 97 27 päkallar
198 1144 33 21 för
247 1145 132 21 närvarande
395 1144 46 22 icke
457 1144 67 28 något
539 1145 111 21 uttalande
666 1144 55 21 ifrån
736 1144 26 21 R.
778 1150 19 14 o.
812 1144 38 20 A:s
859 1142 52 26 sida,

86 1172 27 22 dä
135 1172 125 27 inbjudning
280 1173 45 20 deri
341 1173 49 21 sker
406 1174 77 20 endast
498 1174 33 20 till
546 1173 83 21 Preste-
645 1173 40 21 och
701 1172 164 22 Bondeständen
880 1172 33 20 att

85 1200 75 27 frängä
171 1201 46 21 sina
232 1201 91 27 tidigare
338 1202 7 20 i
360 1202 66 21 saken
441 1201 84 22 fattade
536 1202 76 26 beslut,
624 1208 49 15 men
684 1208 25 14 en
720 1201 58 27 dylik
788 1199 125 27 inbjudning

86 1229 32 21 till
129 1229 25 21 R.
166 1235 19 15 o.
197 1230 23 20 A.
232 1229 47 21 icke
287 1229 120 27 föreligger.
429 1230 105 22 Deremot
544 1230 42 21 kan
597 1232 31 20 ett
638 1230 111 21 uttalande
759 1229 47 21 från
814 1229 24 20 R.
848 1234 18 14 0.
876 1228 37 20 A:s

86 1258 46 20 sida
143 1257 132 21 förekomma
286 1257 33 21 för
330 1258 41 21 den
381 1258 104 22 händelse
496 1260 33 20 att
540 1257 317 28 sammanjemkningsförslaget
868 1255 46 21 mä-

86 1286 72 21 hända
172 1285 47 21 icke
235 1286 41 20 blir
291 1288 88 25 antaget
395 1286 23 22 af
433 1287 26 21 de
476 1288 36 20 två
528 1287 69 25 stånd,
613 1294 45 14 som
675 1287 36 21 det
721 1286 74 28 gäller.
816 1285 10 21 I
837 1283 77 22 sådant

86 1314 37 22 fall
146 1314 71 21 kunde
240 1314 36 21 det
291 1316 106 26 nämligen
413 1316 88 21 komma
515 1315 76 27 ifråga,
606 1318 33 19 att
655 1315 130 21 öfverlemna
801 1312 65 22 saken
881 1312 34 21 till

86 1343 105 21 förstärkt
213 1342 198 26 Ekonomiutskott,
435 1346 53 19 enär
504 1345 41 21 den
560 1350 61 21 synes
637 1350 53 15 vara
704 1344 23 20 af
740 1343 41 21 den
796 1340 119 23 beskaften-

87 1372 37 20 het
139 1373 32 19 att
187 1371 41 21 den
244 1371 46 22 icke
306 1372 39 21 bör
361 1372 91 22 förfalla.
485 1373 41 21 Vid
542 1372 79 22 sådana
637 1372 148 22 förhållanden
801 1376 62 22 synes
878 1370 38 20 det

87 1400 42 27 mig
144 1406 52 15 vara
211 1400 105 27 riktigast,
333 1402 33 20 att
381 1401 24 21 R.
423 1407 18 16 o.
458 1401 26 22 A.
500 1402 47 21 icke
563 1408 29 14 nu
611 1401 70 21 skulle
696 1401 74 26 afgöra
785 1400 69 21 denna
870 1398 45 26 sak,

86 1431 53 19 utan
154 1429 87 20 invänta
256 1429 84 21 Preste-
356 1430 40 21 och
411 1429 178 22 Bondeständens
605 1429 77 26 beslut,
703 1429 39 21 och
757 1429 39 20 ber
808 1428 38 26 jag
860 1427 7 21 i
883 1426 33 21 sä-

88 1457 51 21 dant
154 1457 100 21 afseende
270 1457 22 21 få
306 1457 80 22 föreslå
401 1458 158 27 bordläggning
575 1458 22 21 af
610 1458 74 27 frågan
700 1458 31 21 till
747 1457 68 21 andra
830 1455 86 27 plenum

87 1485 7 21 i
109 1487 62 20 nästa
187 1485 72 22 vecka.
