1081 1739
326 141 25 17 R.
365 145 17 13 o.
394 141 23 16 A.
426 140 61 17 1888.
497 140 27 17 26
532 140 63 21 April.
811 136 41 21 869

53 232 83 16 samma
156 226 102 22 likaledes
280 228 85 20 tvänne.
395 226 130 27 Derigenom
547 226 98 21 förfaller
667 226 167 28 anmärkningen
849 228 33 21 att

53 255 34 22 för
102 256 72 20 vestra
189 255 61 21 delen
265 255 23 21 af
301 255 73 21 landet
389 255 47 21 icke
452 255 69 21 skulle
537 261 52 15 vara
604 255 125 26 tillräckligt
743 255 74 26 sörjdt.
840 256 41 26 Jag

54 284 38 21 vill
106 283 88 22 härmed
209 284 33 21 för
256 283 63 28 ingen
335 283 34 21 del
383 282 71 27 pästä,
470 285 33 20 att
517 283 47 22 icke
579 284 72 21 staten
666 283 40 22 och
714 283 104 27 styrelsen
828 284 54 21 böra

55 311 112 28 tillgodose
183 311 101 23 behofvet
306 311 23 22 af
349 311 153 22 läroanstalter
522 312 2 21 i
539 312 42 21 den
602 311 57 26 män,
683 317 45 16 som
751 313 32 20 ett
805 311 76 22 sädant

55 340 69 21 behof
136 340 94 27 uppstår,
253 346 48 15 men
316 337 29 24 dä
359 346 36 21 nu,
418 340 71 21 såsom
503 340 37 27 jag
556 340 67 21 redan
645 340 57 21 hade
724 342 52 19 äran
798 342 84 24 nämna,

55 369 103 26 styrelsen
173 369 55 22 visat
244 370 31 20 ett
294 369 118 27 synnerligt
433 368 187 27 tillmötesgäende
641 369 45 26 just
708 368 131 22 beträffande
855 369 26 21 de

55 397 70 22 finska
139 397 108 28 skolorna,
262 397 39 21 och
316 397 37 21 det
367 397 48 21 icke
430 397 57 21 blott
501 397 248 22 fruntimmersskolorna
758 398 52 20 utan
820 397 61 21 äfven

56 425 106 27 lyceerna,
177 426 43 21 kan
233 426 36 26 jag
284 425 47 21 icke
346 425 51 26 inse,
414 427 33 19 att
462 425 35 21 för
511 425 133 21 närvarande
653 425 68 21 skulle
729 425 68 21 finnas
804 426 79 20 minsta

56 454 114 26 anledning
184 454 48 21 frän
247 454 126 21 ständernas
389 454 47 20 sida
451 455 34 19 att
499 454 125 27 ytterligare
638 454 85 26 ingripa
737 454 7 20 i
759 454 70 21 denna
836 453 45 22 sak.

57 482 120 22 Ständerna
191 482 61 22 torde
267 482 73 21 kunna
354 482 54 27 hysa
422 482 125 22 förtroende
570 482 78 26 dertill,
672 484 33 20 att
719 482 83 22 landets
825 488 58 21 rege-

56 510 48 28 ring
118 511 8 21 i
141 511 60 21 detta
215 510 121 22 hänseende
351 512 40 25 gör
405 510 57 22 hvad
479 510 100 22 behofvet
593 510 110 28 verkligen
718 510 103 27 päkallar.

126 568 33 20 Hr
173 567 204 27 Pippingsköld:
409 568 49 21 Alla
479 570 50 20 veta
550 568 27 27 vi,
599 568 57 21 huru
671 568 68 22 under
755 566 128 28 föregäende

58 596 129 26 landtdagar
201 596 76 26 många
293 596 40 22 och
348 595 63 28 ifriga
433 596 116 27 petitioner
563 597 8 21 i
586 596 121 27 skolfrågor
728 596 69 21 blefvo
820 595 63 21 fram-

58 624 71 22 stälda
143 624 35 22 till
192 624 115 22 ständerna
321 624 56 22 ifrän
392 624 196 23 finskhetsifrarnes
603 625 53 26 sida,
672 625 55 21 huru
742 624 88 28 mycken
846 629 37 16 oro

58 653 62 21 dessa
134 652 110 28 yrkanden
258 652 142 22 framkallade
416 654 40 21 och
471 653 56 22 huru
542 654 27 21 de
583 654 44 21 alla
641 653 100 27 slutligen
752 652 55 22 dock
814 652 69 22 blifvit

58 680 154 28 genomdrifna.
242 682 38 21 Ett
294 683 56 20 stort
364 682 75 27 tillopp
463 682 24 21 af
507 682 203 27 bildningssökande
732 682 40 21 har
787 682 35 25 egt
836 686 48 16 rum

59 709 33 21 till
107 710 26 21 de
148 710 112 27 nybildade
276 710 132 26 läroverken,
425 716 26 16 en
467 710 82 28 verklig
563 710 50 26 flod,
633 716 49 16 men
697 710 28 27 pä
739 716 75 15 senare
829 709 56 21 tider

58 738 86 21 märker
159 744 49 15 man
222 738 127 22 inträffande
365 738 23 22 af
401 738 68 28 tydlig
485 739 48 21 ebb.
559 739 155 21 Erfarenheten
729 739 40 21 har
779 737 106 27 nämligen

59 767 44 21 lärt
125 766 40 22 den
187 766 69 22 finska
277 767 87 21 talande
379 767 158 27 befolkningen,
557 769 33 20 att
605 768 42 20 den
661 768 7 20 i
684 767 98 21 afseende
797 766 28 27 pä
839 766 46 21 sina

59 795 121 27 fordringar
194 795 128 21 härutinnan
337 795 48 27 gätt
399 796 34 21 för
447 796 67 27 längt.
545 796 26 21 Vi
587 796 66 21 hörde
677 795 84 22 derföre
776 795 61 21 äfven
851 794 34 21 för

60 823 47 21 icke
122 823 24 21 sä
160 824 62 26 länge
238 824 65 21 sedan
318 824 28 26 pä
361 824 60 22 detta
440 831 48 15 rum
503 830 27 16 en
545 824 23 21 af
582 825 55 24 dem,
660 830 46 16 som
721 824 53 21 stätt
788 824 75 20 främst
877 822 8 21 i

61 851 57 21 ledet
132 852 34 21 för
180 852 162 26 ifrägavarande
357 853 101 26 riktning,
473 853 55 27 yrka
543 853 73 27 derpä,
640 854 33 20 att
687 852 138 27 friplatserna
838 851 47 21 icke

60 880 68 21 borde
150 880 33 21 till
205 881 59 21 antal
286 881 52 21 ökas
361 882 53 20 eller
435 883 34 20 att
491 881 162 27 skolafgifterna
673 882 46 20 icke
734 881 7 21 i
755 880 67 27 högre
837 878 50 22 män

61 908 67 22 borde
142 908 82 28 lindras
238 909 33 21 för
286 910 26 20 de
331 909 101 27 fattigare
454 910 171 21 skolbesökande
649 910 40 21 och
711 910 60 20 detta
791 908 96 27 generelt

62 938 65 25 taget.
156 937 68 21 Afven
240 937 27 21 dä
282 938 36 21 det
331 938 63 26 gälde
409 938 70 21 finska
502 939 98 20 läroverk
622 938 105 27 antyddes
741 938 7 20 i
763 938 60 21 detta
844 937 43 26 ytt-

62 964 66 22 rande
144 966 30 20 ett
189 965 128 22 åtminstone
331 966 94 21 indirekt
440 967 145 26 erkännande,
601 968 34 19 att
652 973 50 14 man
717 966 46 21 icke
778 965 67 22 borde
860 963 27 28 gå

62 993 79 26 längre.
172 993 44 22 Min
232 993 54 28 äsigt
301 994 84 21 derföre
400 996 30 23 är,
446 997 33 19 att
495 995 28 21 dä
537 995 78 27 många
630 995 41 21 och
690 994 62 27 ifriga
773 993 114 27 petitioner

62 1021 62 22 äfven
139 1021 24 22 af
175 1021 85 22 bildade
274 1024 49 19 män
338 1022 143 28 framstäldes,
499 1023 69 22 säsom
582 1024 7 21 i
604 1023 62 27 fräga
681 1029 34 16 om
730 1023 63 20 dessa
814 1021 74 22 skolor

63 1049 64 27 skett,
143 1049 24 22 sä
181 1050 43 21 kan
238 1057 26 14 en
281 1051 129 27 befolkning,
425 1052 40 21 här
481 1052 41 21 den
537 1051 76 27 finska,
632 1052 48 21 icke
694 1050 158 23 tillbakahällas
867 1049 23 22 af

63 1077 147 28 förnuftsskäl,
224 1081 52 19 utan
292 1079 41 22 den
347 1079 70 22 mäste
439 1086 78 21 genom
539 1080 124 22 erfarenhet
685 1080 130 27 öfvertygas:
838 1084 50 15 man

63 1106 69 21 mäste
147 1106 69 23 sävidt
230 1107 82 28 möjligt
327 1108 74 21 bifalla
416 1109 33 21 till
464 1109 81 21 sädana
567 1109 111 27 yrkanden
701 1108 38 21 och
761 1107 74 22 förlita
856 1107 33 26 sig

64 1134 72 27 derpä,
153 1137 33 19 att
200 1136 130 26 experientia
345 1137 91 21 docebit.
466 1137 44 22 Det
525 1139 24 19 är
565 1137 72 22 derför
649 1137 38 27 jag
701 1136 131 22 fortfarande
851 1135 38 21 vill

63 1163 54 26 yrka
131 1163 53 22 derä
198 1163 28 28 pä
240 1165 33 21 att
288 1165 117 22 utskottets
420 1165 43 22 bet.
479 1168 96 25 antages,
593 1172 50 15 men
657 1165 50 22 med
721 1165 73 26 tillägg
816 1163 51 28 ,och
881 1163 8 21 i

63 1191 161 22 Tammerfors".

133 1248 32 21 Hr
180 1248 25 22 G.
222 1249 163 22 Grotenfelt:
415 1250 41 27 Jag
471 1250 50 21 ville
537 1250 75 21 endast
627 1251 53 26 säga
694 1249 67 27 några
780 1248 38 22 ord
833 1249 58 30 emot

64 1277 32 21 ett
111 1279 119 24 argument,
245 1283 45 16 som
305 1278 69 21 under
389 1278 150 22 diskussionen
554 1278 107 21 särskilda
675 1278 79 27 gånger
762 1275 128 23 framhållits

66 1306 58 20 emot
137 1305 117 22 utskottets
269 1306 49 26 bet.,
334 1307 107 26 nämligen
456 1307 38 21 det
508 1309 39 24 att,
563 1306 28 22 då
606 1307 106 21 utskottet
730 1305 49 28 sjelf
787 1305 104 22 erkänner

65 1333 37 22 det
116 1333 46 22 icke
177 1339 51 16 vara
243 1335 132 26 nödvändigt
389 1337 34 19 att
437 1335 88 21 anbålla
541 1341 41 21 om,
606 1335 37 22 det
658 1336 70 20 staten
751 1333 68 22 skulle
841 1331 50 22 sub-

64 1361 125 22 ventionera
204 1364 14 19 t.
235 1369 31 14 ex.
282 1363 95 21 Joensuu
397 1363 118 28 flickskola,
541 1364 36 21 det
599 1363 88 22 dermed
709 1369 50 15 vore
782 1361 63 26 sagdt
859 1362 33 19 att

65 1390 119 21 detsamma
198 1391 66 21 borde
280 1391 107 27 tillämpas
403 1391 62 22 äfven
479 1392 30 26 på
523 1386 54 27 Åbo.
607 1392 68 21 Detta
689 1392 112 26 argument
818 1389 74 27 tyckes

64 1418 44 27 mig
122 1425 52 15 vara
189 1419 87 22 alldeles
291 1419 146 28 grundfalskt;
453 1422 94 20 tvärtom
559 1420 45 21 deri
615 1422 33 19 att
655 1420 106 21 utskottet
769 1419 39 21 har
816 1417 76 22 afstått

64 1446 48 21 från
128 1449 33 19 att
174 1447 88 22 förorda
275 1448 96 21 Joensuu
385 1448 114 21 flickskola
513 1449 33 21 till
561 1448 193 26 subventionering,
774 1447 68 21 finner
855 1446 38 26 jag

65 1476 33 19 ett
112 1475 59 21 bevis
185 1475 28 27 på
227 1478 33 19 att
274 1476 113 26 utskottet,
403 1476 123 22 oberoende
541 1476 24 22 af
578 1477 37 21 det
629 1476 134 22 förhållande
773 1477 33 19 att
817 1474 74 22 skolan

64 1504 26 18 är
105 1502 147 28 finskspråkig,
268 1504 52 21 eller
335 1504 118 27 flickskola,
467 1505 46 27 just
527 1505 66 21 fäster
609 1505 32 27 sig
660 1504 35 22 vid
718 1504 36 22 det
777 1502 116 25 bildnings-

64 1530 73 25 behof,
153 1537 45 15 som
213 1532 107 22 utskottet
335 1534 72 20 ansett
421 1532 124 22 förefinnas.
567 1534 42 26 Jag
623 1533 41 21 har
679 1533 55 21 blott
742 1532 57 22 velat
809 1529 86 29 påpeka.
