1075 1756
202 112 40 21 752
448 120 26 17 R.
486 125 18 12 o.
516 121 23 16 A.
549 121 58 17 1888.
621 121 22 16 19
652 121 63 21 April.

172 203 96 27 veckling
291 203 24 21 af
335 204 156 28 sjelfstyrelsen.
521 206 48 21 Den
592 206 148 27 egendomliga
762 206 103 21 situation
886 207 114 27 föreligger

173 231 34 26 dä,
222 233 33 20 att
270 233 124 27 regeringen
414 234 98 27 erbjuder
527 234 23 22 ät
564 235 75 21 landet
654 241 26 15 en
696 235 68 21 sädan
778 235 122 26 utveckling
914 236 24 21 af
951 236 48 21 dess

172 261 44 20 rätt
232 261 32 20 att
279 259 22 22 få
315 261 67 21 vårda
396 269 34 14 om
445 263 47 21 sina
506 269 55 21 egna
576 263 187 27 angelägenheter,
781 270 48 15 men
844 265 32 20 att
891 270 108 21 represen-

172 289 96 21 tationen
283 289 46 22 icke
345 290 36 21 vill
396 293 108 25 emottaga
518 292 61 21 detta
593 292 79 21 anbud.
695 293 42 26 Jag
752 292 112 26 erkänner,
880 293 69 21 såsom
963 293 37 27 jag

172 317 56 21 hade
244 319 52 20 äran
310 320 84 23 nämna,
410 321 32 20 att
456 320 77 27 många
548 320 166 27 anmärkningar
728 321 74 21 kunna
812 323 63 24 göras
884 323 45 20 mot
939 327 60 21 prop.

173 347 33 20 att
228 345 42 22 den
293 346 83 23 derföre
399 349 107 21 sannolikt
527 349 47 22 icke
597 349 131 22 oförändrad
746 349 72 22 kunde
833 352 95 24 antagas.
959 350 40 27 Jag

172 375 43 20 kan
230 375 65 22 också
310 375 68 22 förstå
394 383 25 15 en
435 377 66 22 sådan
516 377 137 28 uppfattning
667 378 24 21 af
705 379 40 20 den
761 377 48 22 nåd.
826 384 60 21 prop.
902 380 33 19 att
949 385 49 14 man

173 403 47 22 icke
243 409 37 16 ens
303 410 62 16 anser
387 405 40 22 den
441 412 76 21 genom
532 413 26 14 en
574 413 30 14 nu
619 407 68 21 under
701 407 131 26 landtdagen
848 407 66 21 skedd
931 413 68 15 omar-

172 431 88 28 betning
275 432 72 22 kunna
362 435 63 25 göras
440 435 103 26 antaglig;
566 437 34 20 att
615 442 48 14 man
679 437 47 20 tror
741 435 41 21 den
797 435 91 21 behöfva
904 435 95 22 omarbe-

173 462 34 19 tas
229 461 24 21 så
275 461 90 27 mycket,
388 464 33 19 att
443 463 59 22 detta
524 464 75 21 arbete
622 464 67 21 borde
711 464 109 21 ombetros
841 464 22 21 åt
878 465 67 20 andra
959 463 40 22 och

172 489 103 27 förslaget
291 490 64 21 sedan
371 490 53 28 ånyo
440 491 120 28 föreläggas
575 493 126 26 ständerna;
720 493 62 21 detta
796 493 39 20 allt
850 493 42 20 kan
905 493 36 26 jag
956 492 43 21 för-

173 517 43 26 stå;
239 525 49 14 men
310 518 56 22 hvad
387 519 36 28 jag
438 521 46 21 icke
498 521 44 21 kan
556 521 75 26 förstå,
647 523 24 19 är
686 523 40 23 att,
742 521 28 21 då
784 521 83 27 engång
882 523 30 19 ett
928 521 71 21 anbud

173 546 69 22 blifvit
264 547 70 27 gjordt
356 547 23 22 åt
401 549 153 22 kommunerna
576 551 33 20 att
631 556 59 15 mera
712 552 28 19 än
759 549 106 22 härintills
880 553 50 24 taga
945 550 7 20 i
967 549 32 22 sin

173 581 53 20 egen
249 575 56 22 hand
327 575 78 23 vården
421 584 34 15 om
470 578 46 21 sina
531 578 288 27 ordningsangelägenheter,
836 579 163 26 representatio-

173 609 41 16 nen
236 604 28 21 då
287 604 67 22 skulle
373 611 72 16 svara:
468 607 34 21 må
517 607 123 27 regeringen
656 608 42 21 öka
713 607 155 26 brofogdarnas
883 607 61 21 löner
960 607 39 21 och

173 632 132 22 fortfarande
328 640 45 15 som
396 635 96 22 hitintills
508 637 60 25 styra
583 642 41 15 oss.
654 636 44 21 Det
713 638 25 19 är
754 642 34 14 om
804 637 31 20 ett
850 636 77 21 sådant
943 642 53 19 svar,

174 667 45 15 som
239 661 38 27 jag
296 661 46 22 icke
358 663 42 21 kan
415 663 73 22 förena
503 665 42 26 mig
561 664 40 21 och
616 665 64 26 yrkar
693 665 37 26 jag
746 664 73 21 derför
834 664 28 27 på
878 665 121 20 återremies

173 689 34 21 för
229 692 33 19 att
284 691 159 26 propositionen
460 693 23 21 af
496 693 213 22 Ekonomiutskottet
724 693 68 21 måtte
808 693 140 21 underkastas
964 693 35 21 de-

172 718 175 27 taljgranskning.

242 776 32 21 Hr
289 777 24 21 K.
330 777 102 22 Antell:
448 778 57 21 Frih.
520 785 41 15 von
577 778 88 22 Alfthan
681 779 40 21 har
736 780 87 26 upplyst
838 786 34 14 om
883 780 32 20 att
926 779 6 21 i
943 779 56 26 Eng-

173 804 51 21 land
246 805 27 21 de
293 806 66 26 högre
382 806 297 28 kommunalmyndigheterna
701 810 115 19 utnämnas
839 808 39 20 och
900 808 46 20 icke
962 810 35 18 äro

173 832 70 22 valda.
263 834 42 27 Jag
319 834 55 21 hade
389 835 108 27 verkligen
512 838 54 19 trott
582 838 32 19 att
629 836 174 22 fredsdomarene
818 842 51 15 voro
885 836 62 20 valda
959 836 40 21 och

172 862 33 20 att
220 862 77 22 endast
311 863 136 21 scherifferna
461 864 7 21 i
482 864 128 27 grefskapen
625 867 114 19 utnämnas
754 864 24 22 af
792 865 143 26 drottningen,
943 870 55 19 men,

174 896 34 15 om
231 890 57 22 Frih.
311 898 40 14 von
368 892 88 21 Alfthan
474 894 24 20 är
513 893 71 21 bättre
601 894 147 26 underrättad,
766 894 54 20 skall
833 893 37 27 jag
884 893 69 26 villigt
967 899 32 15 er-

173 918 71 22 känna
267 920 42 21 det.
339 920 11 21 I
370 920 77 22 sådant
462 921 36 21 fall
513 922 96 21 förfaller
624 922 64 21 likväl
703 922 72 21 Frih:s
790 922 96 26 exempel
900 922 48 20 från
963 922 36 20 det

173 946 41 22 fria
235 948 108 21 Amerika.
373 949 51 21 Frih
454 956 40 14 von
512 950 57 21 Troil
584 950 41 21 har
639 950 94 27 påpekat
748 952 33 20 att
796 951 7 20 i
818 950 41 22 den
874 950 49 21 nåd.
939 956 59 21 prop.

173 975 47 22 icke
236 976 68 22 skulle
319 977 49 27 ingå
384 978 65 26 något
464 979 54 20 enda
533 979 45 26 ord,
595 986 45 14 som
655 979 69 21 skulle
741 980 44 20 afse
801 981 33 19 att
847 979 68 21 införa
926 979 74 21 subor-

173 1004 241 23 dinationsförhållande
436 1007 90 21 emellan
548 1008 228 21 kommunalnämdens
798 1008 137 20 medlemmar
961 1007 39 21 och

174 1032 25 22 de
214 1034 172 22 administrativa
402 1036 180 26 myndigheterna.
605 1036 41 27 Jag
661 1036 107 22 erkänner
784 1036 42 26 det,
844 1036 38 21 och
898 1036 52 21 hvar
961 1036 40 21 och

173 1067 32 20 en,
226 1068 45 15 som
294 1064 119 24 genomläst
436 1064 40 23 den
498 1064 48 21 nåd.
560 1071 59 20 prop.
636 1065 39 21 bör
691 1065 65 21 hafva
771 1064 70 22 funnit
856 1066 32 19 att
903 1065 37 21 der
957 1064 44 22 står

172 1091 34 19 att
224 1090 63 22 dessa
304 1091 148 22 funktionärer
467 1092 59 22 skola
541 1093 71 21 lemna
627 1093 123 21 hvarandra
765 1093 165 27 handräckning.
961 1093 40 26 Jag

172 1118 40 21 har
235 1119 56 21 blott
313 1119 124 28 framhållit,
460 1123 32 19 att
511 1122 65 26 enligt
592 1122 43 21 min
649 1122 139 26 uppfattning
803 1124 31 18 ett
850 1121 77 21 sådant
941 1121 61 21 verk-

173 1146 108 28 ningsfält,
305 1154 44 15 som
372 1149 99 26 polisens,
494 1150 46 21 icke
556 1150 43 21 kan
614 1150 76 22 tänkas
705 1150 102 22 utveckla
822 1150 32 26 sig
869 1150 133 21 annorlunda

173 1176 28 20 än
216 1177 32 19 att
264 1176 25 22 de
305 1176 69 27 lägsta
390 1184 117 20 organerna
522 1178 68 22 måste
606 1181 93 19 sorteras
715 1179 69 21 under
800 1179 25 21 de
836 1178 92 22 tillsatta
938 1178 63 26 polis-

173 1203 108 23 cheferna.
307 1205 46 21 Den
370 1208 84 19 senaste
470 1207 64 21 ärade
550 1208 43 25 tal.,
611 1207 31 21 Hr
657 1207 141 27 Gripenberg,
815 1208 39 20 har
870 1207 81 21 vidrört
966 1206 36 22 det

172 1232 135 22 förhållande
322 1236 32 19 att
370 1235 66 26 enligt
450 1242 29 14 nu
494 1236 98 26 gällande
604 1236 251 26 kommunalförfattning
866 1236 65 20 redan
942 1236 60 20 verk-

173 1262 231 27 ställighetsuppgifter
426 1265 37 19 äro
486 1264 109 27 förelagda
613 1264 229 22 kommunalnämdens
858 1264 143 21 medlemmar.

172 1289 66 22 Detta
260 1291 41 21 har
322 1291 47 21 icke
392 1292 109 21 förnekats
524 1293 39 21 och
586 1293 42 21 kan
643 1293 46 21 icke
709 1293 103 21 förnekas
827 1293 23 21 af
864 1292 75 27 någon,
957 1299 44 15 som

172 1318 82 22 känner
270 1320 33 21 till
318 1320 284 30 kommunalförfattningen,
619 1322 38 20 och
673 1328 46 14 som
735 1322 56 26 tagit
806 1322 33 20 del
850 1322 7 20 i
868 1321 135 21 kommunala

172 1348 185 26 angelägenheter,
374 1355 48 15 men
435 1349 37 27 jag
486 1351 36 19 vet
536 1356 28 14 nu
580 1350 46 21 icke
641 1352 32 19 att
691 1350 35 21 det
743 1350 85 21 derföre
844 1356 49 14 vore
910 1350 44 20 skäl
971 1351 32 19 att

172 1376 58 19 ännu
252 1376 72 21 vidare
347 1377 43 21 öka
412 1377 33 21 för
467 1378 139 21 kommunens
621 1378 140 22 medlemmar
776 1378 26 22 de
818 1378 183 26 verkställighets-

174 1404 108 26 uppgifter
305 1411 44 15 som
373 1406 65 21 redan
461 1406 33 21 till
516 1408 45 20 stor
584 1407 67 21 börda
673 1407 7 21 i
702 1408 58 20 vissa
783 1406 114 22 afseenden
913 1408 37 19 äro
966 1406 36 27 pä-

173 1431 87 27 bjudna.

246 1489 33 21 Hr
293 1495 41 16 von
349 1490 111 27 Wright:
476 1491 33 22 De
524 1491 169 28 anmärkningar,
710 1499 47 14 som
773 1493 77 20 riktats
866 1494 44 19 mot
920 1491 82 22 utskot-

174 1519 43 19 tets
232 1517 135 23 betänkande
382 1519 64 22 hafva
461 1521 67 20 under
544 1521 39 21 den
599 1520 151 28 försiggängna
761 1521 147 21 diskussionen
918 1521 24 21 sä
951 1521 52 27 godt
