1073 1739
318 114 26 17 R.
357 118 17 13 o.
387 114 22 16 A.
419 114 60 16 1888.
492 114 22 16 21
523 112 63 22 April.
802 108 40 20 815

45 200 25 20 de
86 200 6 20 i
108 200 137 20 testamentet
260 199 100 27 uppgifna
375 199 105 22 ändamål.
512 199 45 21 Och
572 198 44 22 ifall
632 199 26 21 de
674 198 72 26 sjelfve
760 198 46 22 icke
817 198 57 22 velat

44 228 119 21 bestämma
186 228 218 26 användningssättet,
427 228 55 21 hade
506 228 25 21 de
554 227 50 21 bort
625 226 79 22 föreslå
719 227 74 21 endast
807 228 67 26 några

45 256 27 21 få.
98 256 25 21 de
144 258 54 19 mest
220 256 142 21 framstående
384 256 100 27 sällskap,
500 257 23 20 åt
538 256 71 21 hvilka
624 256 84 20 medlen
724 255 67 22 skulle
806 256 68 21 öfver-

46 284 88 22 lemnas.
164 284 41 22 Det
228 287 24 19 är
271 291 26 15 en
313 284 81 28 verklig
409 284 68 27 afväg,
493 290 46 16 som
555 290 48 15 man
618 284 64 26 slagit
697 284 21 20 in
734 285 33 26 pä,
783 284 26 21 dä
824 290 49 15 man

44 313 92 21 fördelat
150 314 28 26 2/,
194 313 22 21 af
230 319 95 15 summan
341 314 27 26 pä
384 320 25 14 en
425 314 77 26 mängd
518 312 159 28 vetenskapliga
693 312 39 22 och
748 312 126 27 guasi-litte-

45 344 47 19 rära
117 342 98 27 sällskap,
239 343 22 20 af
282 342 72 21 hvilka
368 342 24 21 är
408 342 53 21 efter
477 343 24 20 är
516 348 41 20 nya
571 343 104 25 uppväxa,
692 341 39 21 och
746 340 77 27 hvilka,
839 346 35 16 om

48 372 31 19 ett
94 370 76 22 sädant
184 370 172 26 fördelningssätt
371 370 113 22 framdeles
499 370 67 26 följes,
582 370 51 21 hota
649 372 33 19 att
700 369 104 27 uppsluka
826 368 48 22 hela

47 398 40 22 den
112 399 118 27 disponibla
245 405 101 15 summan.
378 399 93 27 Stridiga
487 399 79 27 äsigter
580 398 72 21 kunna
668 398 78 22 uttalas
763 404 33 15 om
813 397 61 21 dessa

46 428 104 26 sällskaps
172 427 116 28 betydelse;
312 427 46 21 frän
382 427 95 21 artistisk
500 427 107 27 synpunkt
622 433 63 15 anser
696 427 42 26 jag,
755 428 31 20 att
801 426 72 21 konst-

46 456 108 26 närsgillet
177 456 39 22 och
236 456 175 21 musikinstitutet
433 456 72 21 kunna
527 456 63 21 hafva
605 456 43 20 lika
662 457 44 19 rätt
721 457 32 19 att
768 455 84 21 komma
867 454 7 21 i

48 485 84 26 ätanke,
148 490 45 16 som
209 486 85 24 mänget
309 484 22 22 af
345 484 26 22 de
386 490 29 16 nu
430 484 126 27 föreslagna.
586 484 75 21 Ehuru
674 484 37 26 jag
726 484 87 22 sälunda
828 483 46 21 icke

47 514 42 20 kan
113 513 123 26 obetingadt
258 513 56 27 hylla
330 514 115 20 utskottets
461 513 118 27 fördelning
595 512 21 22 af
630 512 139 22 vinstmedlen
784 512 7 21 i
806 512 68 26 Läng-

47 542 89 21 manska
151 541 77 22 fonden
245 542 50 21 Litt.
311 542 32 24 B.,
360 542 35 20 vill
408 542 37 26 jag
461 542 54 21 dock
532 542 68 21 denna
615 542 55 26 gäng
687 541 88 21 omfatta
794 540 82 21 utskot-

47 573 41 19 tets
113 570 83 26 förslag.
228 570 48 22 Men
293 570 35 22 det
344 577 50 15 vore
410 570 99 26 önskligt,
525 572 33 19 att
572 569 114 27 höglofliga
702 570 24 20 R.
743 576 18 15 o.
778 570 18 20 A
811 570 64 20 'utta-

47 598 47 22 lade
119 599 40 21 den
182 599 60 27 äsigt,
259 601 31 19 att
305 605 25 15 en
344 599 97 27 jemnare
456 598 118 27 fördelning
590 598 22 22 af
625 598 139 21 vinstmedlen
779 598 33 20 för
827 597 25 21 de
867 597 8 21 i

46 629 137 19 testamentet
205 627 99 27 uppgifna
322 627 98 21 ändamål
435 627 114 21 framdeles
566 627 65 21 borde
647 627 44 21 ske.
708 627 39 21 och
762 629 32 19 att
809 625 67 22 bank-

46 655 132 28 fullmäktige
193 656 141 27 adjungerade
349 658 78 19 tvänne
442 656 86 21 artister
544 656 39 21 och
598 658 78 19 tvänne
690 655 129 22 litteratörer
842 654 34 21 vid

47 685 147 26 uppgörandet
210 685 22 21 af
245 685 101 26 förslaget
361 685 33 21 till
408 685 153 26 fördelningen.

116 741 31 22 Hr
162 741 133 22 Lindelöf:
318 741 33 22 Hr
374 741 121 22 Schauman
517 742 40 21 har
579 742 107 24 klandrat,
703 743 31 20 att
750 741 37 27 jag
802 740 75 27 gjorde

47 770 66 27 nägra
128 770 164 27 anmärkningar
307 772 57 19 emot
379 771 159 21 reservationen
554 770 39 21 N:o
609 771 20 24 2,
646 771 33 23 dä,
696 770 64 27 enligt
770 770 53 20 hans
834 769 43 20 för-

47 799 109 26 menande,
180 799 63 26 ingen
266 799 22 21 af
309 799 59 21 detta
387 799 63 21 ständ
466 799 68 22 skulle
550 799 86 21 komma
650 801 34 19 att
698 799 84 21 ansluta
797 797 31 27 sig
843 797 34 21 till

48 828 128 21 densamma.
206 828 38 21 Ett
266 828 77 21 sädant
366 827 45 22 skäl
435 830 30 22 är,
483 828 67 27 enligt
564 828 43 21 min
623 828 71 26 tanke,
710 827 46 22 icke
772 826 22 21 af
807 827 71 26 nägon

48 856 114 27 betydelse,
178 857 30 26 ty,
224 863 34 14 om
274 857 64 20 ocksä
354 863 25 14 en
394 857 133 21 reservation
544 857 51 21 eller
609 857 83 20 hvilket
707 855 109 22 uttalande
832 860 46 15 som

48 885 62 26 helst,
134 891 44 15 som
201 885 42 21 kan
266 885 132 21 förekomma
413 885 6 20 i
436 887 32 19 ett
491 885 141 26 betänkande,
647 885 49 21 icke
711 885 38 20 har
765 884 65 26 utsigt
846 884 33 20 att

48 913 64 22 vinna
133 913 117 22 understöd
264 914 7 21 i
287 916 31 19 ett
337 914 68 25 ständ,
422 914 25 21 sä
461 916 25 19 är
502 914 35 21 det
552 914 47 21 icke
615 914 71 21 derför
702 912 129 27 nödvändigt
846 912 34 20 att

49 942 69 21 lemna
134 942 47 21 dem
197 942 86 21 alldeles
299 943 119 20 obeaktade
433 943 53 20 eller
501 943 132 21 oanmärkta.
663 943 114 20 Dessutom
794 941 38 20 har
846 939 34 22 Hr

50 970 118 22 Schauman
191 971 49 26 sjelf
252 971 121 21 sedermera
387 971 56 26 tagit
455 971 46 27 just
517 971 69 22 denna
600 971 131 22 reservation
746 971 7 20 i
768 970 88 25 försvar,
872 968 8 21 i

50 999 35 21 det
99 999 42 21 han
156 1005 46 15 som
217 1000 75 21 ursäkt
306 999 34 22 för
355 1002 162 19 reservanterne
532 1000 61 21 anför
609 1000 61 21 deras
681 1000 92 26 ungdom
782 997 40 22 och
833 1003 47 15 oer-

49 1028 97 21 farenhet
160 1040 29 3 —
205 1028 35 21 det
256 1031 23 18 är
295 1030 31 20 ett
341 1029 53 26 skäl,
410 1035 46 14 som
472 1029 33 21 fär
520 1029 56 26 gälla
586 1029 56 21 hvad
654 1029 36 20 det
700 1028 41 21 kan
752 1039 27 4 —
790 1032 48 15 men
849 1025 31 22 äf-

49 1063 40 15 ven
104 1063 75 20 genom
196 1057 70 21 direkt
280 1057 156 27 godkännande
452 1057 24 21 af
490 1058 40 21 den
546 1057 23 22 af
582 1059 160 20 reservanterne
753 1054 128 23 framstälda

50 1085 88 27 äsigten,
154 1087 38 25 att,
209 1085 27 22 dä
250 1085 110 28 Längman
375 1087 165 20 testamenterat
555 1092 26 15 en
596 1086 34 21 del
642 1085 23 22 af
673 1086 33 21 sin
716 1083 164 29 gvarlätenskap

50 1114 22 21 åt
88 1114 36 21 det
138 1114 91 21 svenska
244 1114 72 27 folket,
333 1115 40 21 och
389 1121 25 14 en
430 1121 72 15 annan
518 1115 34 21 del
568 1115 22 20 ät
604 1115 103 20 Finlands
718 1113 50 26 folk,
779 1113 42 20 han
831 1111 51 22 med

50 1143 101 20 Finlands
174 1143 44 21 folk
240 1143 68 21 skulle
331 1143 64 21 afsett
411 1143 41 21 den
467 1143 70 22 finska
552 1143 86 22 talande
652 1143 156 26 befolkningen.
839 1141 43 20 Det

50 1173 24 19 är
90 1174 56 19 emot
169 1172 69 21 denna
260 1172 55 27 äsigt
335 1172 37 27 jag
395 1172 58 21 velat
468 1173 86 26 inlägga
569 1179 25 14 en
610 1178 94 21 gensaga
719 1171 39 22 och
774 1171 36 20 det
824 1169 59 21 visar

51 1201 31 26 sig
97 1207 34 19 nu,
148 1202 32 19 att
196 1201 36 20 det
247 1201 46 20 icke
308 1207 38 14 var
361 1201 88 21 alldeles
466 1201 139 26 öfverflödigt.

120 1257 31 21 Hr
166 1257 26 21 K.
209 1258 100 21 Antell:
325 1258 70 21 Jemte
411 1258 37 21 det
461 1258 38 27 jag
514 1258 39 22 ber
568 1259 32 20 att
615 1258 21 21 fä
651 1258 113 21 instämma
778 1256 8 20 i
800 1254 83 22 utskot-

51 1288 41 19 tets
108 1286 79 26 förslag
202 1286 7 21 i
225 1287 68 21 denna
308 1286 66 27 fräga,
391 1287 24 21 sä
429 1287 52 21 ville
493 1287 38 27 jag
546 1287 27 26 pä
588 1293 81 15 samma
684 1287 54 26 gäng
753 1283 131 23 understöda

52 1315 40 21 den
108 1314 22 21 af
143 1314 59 21 Frih.
217 1321 41 15 von
274 1316 57 20 Born
346 1315 123 27 föreslagna
484 1316 164 26 formuleringen
664 1315 23 21 af
700 1314 95 22 ständets
806 1312 77 21 beslut.

51 1343 41 27 Jag
106 1343 67 21 mäste
188 1344 106 27 nämligen
309 1344 33 21 för
357 1344 43 21 min
417 1344 34 22 del
467 1350 57 21 anse,
541 1346 32 19 att
588 1346 31 20 ett
629 1344 77 21 sädant
716 1340 169 28 tillvägagäende

51 1372 36 20 vid
102 1372 236 27 sammanjemkningen,
361 1378 46 16 som
429 1379 78 21 genom
528 1373 40 21 den
583 1373 122 25 föreslagna
720 1370 165 26 formuleringen

52 1400 61 27 afses,
136 1402 23 19 är
183 1401 41 25 det,
248 1408 45 14 som
316 1401 7 21 i
340 1401 117 21 allmänhet
476 1402 36 20 vid
527 1400 205 28 sammanjemkning
748 1400 22 21 af
784 1398 102 22 ständens

52 1429 121 27 skiljaktiga
188 1430 70 20 beslut
273 1430 67 20 borde
354 1430 68 26 följas.
449 1430 24 21 L.
491 1430 24 21 O.
533 1432 23 19 är
571 1430 7 21 i
594 1430 70 21 denna
672 1429 34 21 del
714 1427 114 27 bristfällig
836 1432 50 16 men

52 1464 48 14 man
116 1458 44 25 har,
178 1458 65 27 enligt
258 1458 56 21 hvad
329 1458 47 21 frän
392 1458 59 22 olika
467 1458 44 22 häll
527 1458 39 22 och
577 1458 101 22 särskildt
688 1458 8 20 i
704 1458 182 25 tidningspressen

52 1485 133 27 framhällits,
201 1487 132 26 smäningom
348 1487 92 21 kommit
456 1489 34 19 att
505 1494 58 14 mera
578 1488 88 20 allmänt
682 1486 90 21 omfatta
783 1485 40 21 den
834 1488 53 22 upp-

52 1514 97 27 fattning,
166 1517 32 19 att
214 1522 25 14 en
256 1515 206 27 sammanjemkning
477 1516 8 21 i
501 1516 115 21 allmänhet
630 1516 48 21 icke
693 1514 39 22 bör
747 1515 87 21 baseras
851 1517 35 15 en-
