1078 1742
210 100 40 22 726
453 108 25 16 R.
492 112 16 12 o.
521 108 22 16 A.
556 108 57 17 1888.
627 108 21 17 17
660 108 63 22 April.

184 192 119 26 anslutning
325 193 57 21 inom
406 194 200 25 representationen.
637 195 40 26 Jag
699 200 75 15 menar
794 193 36 21 det
845 195 99 25 moment,
961 199 45 15 som

183 221 116 21 innefattar
314 221 93 27 yrkande
423 222 26 27 pä
465 224 30 19 ett
510 222 101 22 förökadt
627 223 97 21 timanta]
740 223 34 21 för
784 222 153 26 gymnastiken.
956 222 50 21 Icke

185 250 29 23 sä,
230 256 45 14 som
299 250 67 21 skulle
389 250 160 22 förhällandena
565 252 6 20 i
587 251 48 21 värt
657 252 50 20 land
729 252 7 20 i
759 251 59 21 detta
841 250 99 22 afseende
955 256 52 15 vara

184 278 129 26 fullkomligt
335 279 201 22 tillfredsställande.
567 280 32 21 De
622 282 37 19 äro
684 280 35 21 det
742 280 60 26 långt
823 279 62 26 ifrån,
908 281 22 25 ty
946 280 61 20 äfven

185 306 128 22 härutinnan
329 308 32 20 stå
377 308 20 20 vi
412 308 5 21 i
433 308 90 21 Finland
539 309 105 26 ansenligt
655 308 54 22 efter
720 308 44 21 alla
774 308 67 21 andra
851 308 155 24 kulturländer,

185 341 47 15 men
255 342 34 14 om
309 342 49 15 man
373 336 69 22 kunde
458 336 82 22 förutse
555 338 32 20 att
603 338 68 20 denna
687 338 34 20 del
736 337 24 21 af
773 336 234 27 petitionsmemorialet

187 364 67 21 skulle
269 364 106 28 förklinga
388 366 72 26 ohörd,
478 366 22 20 så
515 372 38 14 var
569 366 36 20 det
621 366 71 21 derför
707 368 33 19 att
756 365 75 27 frågan
842 372 33 14 om
886 365 121 21 timantalet

186 398 28 15 nu
229 398 26 16 en
270 392 55 28 gång
340 393 33 21 för
388 394 41 21 alla
444 394 64 22 sedan
524 394 50 27 lång
589 395 30 21 tid
636 394 89 22 tillbaka
740 394 40 21 har
796 394 54 21 visat
865 394 32 26 sig
907 400 52 14 vara
970 394 37 20 vår

187 421 133 27 ömtåligaste
337 422 111 28 skolfråga,
472 423 34 21 vid
522 423 85 21 hvilken
623 430 49 14 man
687 423 47 21 icke
749 422 34 22 får
798 424 56 24 röra,
870 422 23 21 så
907 422 49 21 kärt
972 422 35 20 det

187 452 29 23 är,
233 452 32 19 att
280 451 92 21 undvika
387 458 25 14 en
427 454 65 18 storm
512 451 23 21 af
549 452 145 21 diskussioner
708 452 49 21 med
774 452 6 20 i
796 452 26 20 de
837 452 61 20 flesta
913 450 36 21 fall
965 450 42 21 noll

187 479 32 21 till
234 480 97 20 resultat.
362 479 44 21 Och
422 486 33 16 om
472 480 35 21 det
523 480 64 21 också
603 481 43 21 står
662 480 42 22 fast
720 482 33 20 att
768 480 115 21 ständerna
897 480 7 20 i
915 486 25 14 en
951 479 56 27 prin-

188 508 77 26 cipsak,
283 508 64 21 sådan
363 514 45 15 som
425 509 47 24 den,
488 515 44 15 som
548 510 67 26 ligger
630 510 31 20 till
677 510 70 26 grund
763 508 33 22 för
811 508 145 27 föreliggande
972 507 36 21 två

188 536 215 27 petitionsmemorial,
427 539 36 19 äro
486 538 48 21 fullt
549 538 103 26 befogade
668 538 39 21 och
723 538 50 20 fullt
789 538 100 26 lämpliga
903 539 33 19 att
950 538 57 25 yttra

189 565 36 26 sig,
242 564 23 22 så
280 565 41 21 kan
338 566 35 20 det
395 566 104 21 måhända
517 568 67 19 sättas
600 568 6 19 i
621 566 67 27 fråga,
704 566 106 21 huruvida
826 566 115 21 ständerna
955 565 53 21 böra

187 593 82 21 befatta
284 594 31 26 sig
329 594 47 26 med
390 597 31 19 ett
436 595 76 21 ärende
524 595 23 21 af
560 595 24 21 så
600 596 77 26 speciel
687 598 71 23 natur,
770 601 46 15 som
826 594 74 27 frågan
911 600 33 15 om
960 594 48 21 tim-

187 622 80 21 antalet
278 623 6 20 i
295 623 106 21 skolorna.
418 624 47 20 Men
476 623 71 27 grefve
558 624 100 21 Armfelts
668 624 213 26 petitionsmemorial
891 622 119 22 innehåller

188 652 30 20 ett
234 653 65 19 annat
320 658 63 14 mom.
406 658 44 15 som
472 652 80 27 åsyftar
576 654 29 20 ett
625 653 46 21 icke
686 653 82 21 mindre
784 652 81 27 vigtigt,
881 658 48 14 men
945 651 64 26 enligt

187 679 44 21 min
246 680 135 27 uppfattning
397 680 132 26 åtminstone,
549 682 84 26 mycket
648 682 78 20 lättare
743 681 126 21 realiseradt
885 680 123 26 önsknings-

188 708 47 21 mål.
267 708 41 21 Det
324 709 103 27 nämligen
449 711 32 19 att
496 710 104 20 vitsordet
615 710 6 21 i
637 710 121 26 gymnastik
774 709 54 27 finge
844 709 69 21 såsom
929 708 80 21 vitsord

188 737 7 20 i
210 736 67 27 öfriga
299 739 76 19 ämnen
393 738 85 21 inverka
493 738 27 26 på
535 738 141 27 uppflyttning
691 738 48 22 från
755 738 58 21 klass
828 738 33 21 till
876 738 63 20 klass.
969 737 40 20 Till

188 765 42 21 min
245 765 110 27 förväning
370 766 38 21 har
421 767 36 27 jag
472 769 48 23 sett,
536 769 32 19 att
583 767 105 21 utskottet
704 768 40 20 alls
760 767 46 21 icke
823 767 72 21 berört
910 766 36 21 det
961 766 6 20 i
978 766 31 20 sin

188 794 130 27 motivering.
349 795 42 21 Det
413 795 53 21 hade
490 796 54 20 dock
563 798 59 24 synts
637 796 43 26 mig
695 802 51 14 vara
762 795 88 27 förtjent
865 795 23 21 af
901 797 33 19 att
949 797 60 23 tagas

188 823 7 20 i
210 822 147 26 betraktande,
380 830 33 15 om
433 824 46 21 icke
493 824 33 21 för
542 826 71 21 annat,
629 824 25 22 så
668 824 33 21 för
716 826 34 20 att
765 824 103 21 bemötas.
898 823 62 21 Hvad
976 824 34 19 ut-

189 851 80 21 skottet
291 853 28 19 än
338 852 73 21 vunnit
432 859 75 21 genom
529 855 32 19 att
579 853 44 26 tiga
637 853 6 21 i
660 853 70 21 denna
746 853 46 26 sak,
808 852 64 22 bland
887 853 65 19 annat
967 850 44 22 må-

188 879 71 22 hända
273 886 74 21 genom
359 883 32 18 att
405 882 45 21 icke
467 882 90 21 behöfva
567 882 85 21 komma
664 881 53 22 fram
728 882 50 21 med
790 883 117 25 argument,
919 887 44 14 som
975 881 35 20 det

188 915 49 14 vore
246 909 39 20 lätt
294 911 32 19 att
334 909 113 26 kullkasta,
456 911 45 20 icke
510 911 38 20 har
556 911 106 20 utskottet
670 911 130 21 åtminstone
806 910 73 21 vunnit
885 909 126 27 förtjensten

188 937 23 21 af
224 939 32 19 att
278 937 61 22 hafva
362 938 92 27 bidragit
473 939 32 21 till
523 939 86 27 frågans
625 939 61 21 bästa
702 939 89 27 möjliga
806 939 87 26 lösning.
924 939 38 20 Att
977 940 34 18 ut-

190 966 81 21 skottet
291 966 46 21 icke
361 967 67 21 skulle
450 967 73 22 förena
546 969 31 25 sig
595 974 34 15 om
645 968 69 21 denna
730 968 34 21 del
780 967 22 21 af
816 967 77 21 Grefve
909 966 102 21 Armfelts

188 994 202 27 petitionsyrkande,
408 996 69 21 kunde
500 1003 48 14 man
572 997 118 20 emellertid
706 996 66 22 också
787 996 87 21 förutse.
897 995 113 21 Detfram-

188 1023 48 26 gick
251 1023 66 21 redan
332 1024 7 20 i
355 1025 32 20 sin
409 1025 48 20 mån
476 1025 22 21 af
513 1025 177 21 remissdebatten
704 1026 8 20 i
728 1025 61 21 detta
804 1024 67 21 stånd.
901 1024 40 26 Jag
957 1023 54 20 hade

188 1051 35 20 vid
238 1051 40 22 den
301 1052 126 27 tidpunkten
446 1053 45 21 icke
507 1054 76 26 lyckan
598 1056 33 18 att
653 1054 73 27 intaga
749 1055 47 19 säte
820 1053 39 20 och
879 1054 90 20 stämma
985 1051 27 26 på

189 1079 58 22 detta
270 1087 52 19 rum,
346 1081 39 21 och
406 1082 35 26 jag
463 1082 78 21 tillstår
564 1084 32 19 att
619 1083 35 20 det
677 1089 39 14 var
736 1082 49 21 med
804 1081 87 27 mycken
907 1080 107 27 grämelse

187 1108 36 26 jag
237 1108 28 27 på
280 1109 98 21 läktaren
393 1110 38 27 såg
448 1111 41 26 mig
504 1112 94 25 tvungen
613 1113 32 19 att
660 1111 94 21 svarslös
770 1110 66 21 åhöra
852 1110 25 21 de
893 1110 117 26 argument,

189 1143 43 15 som
263 1138 99 21 anfördes
391 1141 56 18 emot
477 1139 68 21 denna
570 1139 34 21 del
628 1139 24 21 af
675 1139 78 22 Grefve
778 1139 102 20 Armfelts
902 1138 111 27 petitions-

189 1166 115 21 memorial.
334 1166 183 23 Hufvudsumman
539 1168 23 21 af
575 1168 55 21 hvad
652 1174 45 15 som
714 1168 28 21 då
766 1167 98 21 anfördes
879 1168 24 19 är
926 1166 90 27 ungefär

191 1195 124 26 detsamma,
339 1201 45 15 som
400 1196 35 21 vid
458 1196 58 21 förra
531 1197 129 26 landtdagen
675 1197 108 25 anfördes,
806 1195 147 26 förnämligast
973 1194 39 21 den

188 1223 187 22 himmelskriande
391 1225 115 21 orättvisan
522 1225 22 21 af
553 1227 32 19 att
596 1225 122 26 skolelever,
730 1231 48 15 som
789 1231 77 14 annars
876 1230 50 15 vore
936 1229 78 20 mogna

189 1254 31 18 att
236 1252 122 27 uppflyttas,
375 1253 54 21 dock
443 1253 27 27 på
486 1254 39 21 den
540 1254 69 26 grund
625 1253 68 22 blefve
709 1256 97 24 tvungna
821 1254 32 19 att
868 1255 76 18 stanna
955 1258 57 20 qvar,

189 1281 31 20 att
236 1281 26 20 de
277 1281 46 21 icke
338 1287 51 15 vore
404 1282 6 20 i
426 1282 60 21 stånd
502 1284 32 19 att
550 1282 83 21 utbilda
648 1283 31 26 sig
694 1282 33 21 till
743 1285 88 18 turnare
850 1281 51 21 eller
923 1280 90 21 akroba-

188 1311 38 18 ter.
257 1310 38 21 Att
310 1309 56 21 inför
389 1312 31 19 ett
436 1310 75 21 sådant
525 1311 174 26 anskrämmeligt
713 1311 91 25 fantom,
820 1308 79 23 måladt
915 1309 27 27 pä
963 1310 51 25 väg-

187 1343 46 20 gen,
251 1338 42 21 alla
307 1339 175 26 bekymmerfulla
504 1339 60 21 fäder
580 1339 39 21 och
641 1339 105 21 mälsmän
769 1339 40 20 och
824 1339 43 20 alla
888 1338 127 25 rättsinniga

188 1366 139 27 medborgare
344 1367 33 20 för
393 1367 63 27 öfrigt
472 1368 66 21 skulle
549 1368 51 21 falla
612 1368 31 21 till
654 1368 56 26 föga,
721 1367 69 21 finner
798 1367 37 27 jag
845 1367 63 20 klart.
931 1365 83 22 Mindre

188 1393 121 28 förklarligt
324 1395 67 21 finner
404 1396 37 26 jag
457 1398 32 19 att
504 1397 6 20 i
526 1396 48 21 hela
590 1397 68 20 denna
669 1396 126 26 församling
805 1395 47 22 icke
866 1395 47 21 fans
924 1401 26 14 en
961 1393 55 22 enda

188 1423 117 24 menniska,
322 1430 44 15 som
382 1426 46 25 steg
443 1431 43 20 upp
502 1425 38 20 och
556 1425 109 26 förjagade
681 1425 61 20 detta
758 1425 88 20 fantom.
876 1423 43 21 Det
933 1423 39 20 har
992 1421 24 22 sä

189 1451 44 20 vidt
245 1451 38 26 jag
297 1455 35 18 vet
347 1452 73 21 ibland
436 1453 26 21 de
477 1453 83 27 mänga,
576 1459 44 15 som
634 1453 36 27 jag
686 1456 52 23 tror,
749 1453 83 26 ganska
842 1452 56 21 klart
909 1451 107 22 tänkande

188 1480 129 26 menniskor,
333 1487 46 14 som
395 1482 49 21 med
458 1481 51 27 liflig
524 1482 140 27 öfvertygelse
680 1481 102 22 omfattat
797 1481 62 21 äfven
870 1480 69 21 denna
949 1479 68 27 punkt

191 1509 7 20 i
213 1508 76 22 Grefve
312 1509 103 22 Armfelts
436 1511 221 26 petitionsmemorial,
680 1511 48 20 icke
753 1510 118 21 framstälts
883 1509 66 27 något
964 1509 55 22 enda
