1073 1739
208 124 41 21 662
489 129 25 18 R.
526 134 19 13 o.
557 130 23 17 A.
590 131 60 17 1888.
663 131 24 16 14
693 130 65 22 April.

178 215 110 27 angäende
303 217 180 26 metersystemets
498 216 137 28 tillämpning
656 217 35 21 vid
714 216 139 27 tillverkning
870 217 41 22 och
925 217 83 27 försälj-

178 243 50 27 ning
243 243 23 21 af
280 243 89 22 bränvin
384 245 39 21 och
438 245 152 27 spritdrycker.

192 334 4 4 .
246 306 57 22 Frih.
320 307 24 22 R.
360 308 25 21 A.
400 308 93 22 Wrede
512 308 69 22 utbad
596 309 32 27 sig
651 308 62 22 ordet
735 308 41 22 och
798 308 97 27 yttrade:
924 308 34 22 Då
971 308 37 28 jag

176 334 36 22 vid
228 334 53 23 sista
295 336 113 27 lördagens
423 337 86 26 plenum
525 337 94 27 begärde
630 337 61 21 detta
710 336 297 28 sammanjemkningsförslag

176 363 29 27 pä
219 363 84 29 bordet,
319 364 24 22 sä
357 371 39 15 var
410 366 36 21 det
460 366 7 20 i
483 366 41 21 den
540 366 88 22 tanken,
643 367 33 20 att
690 366 87 22 Preste-
785 365 40 22 och
834 365 172 25 Bondeständen,

177 392 73 22 hvilka
264 400 29 15 nu
308 393 64 22 hafva
387 394 76 22 önskat
477 394 123 27 förhöjning
615 394 24 22 af
652 394 190 22 bränvinsskatten
856 394 34 22 till
906 394 27 21 65
941 394 64 26 penni

176 427 40 21 per
230 422 56 27 liter,
302 422 106 22 mähända
422 422 72 22 kunde
509 422 59 22 finna
582 423 116 27 anledning
720 425 33 19 att
769 422 91 27 besluta,
883 423 33 21 att
931 422 75 27 frägan

176 450 47 22 icke
238 450 56 28 finge
309 450 90 28 förfalla,
422 453 56 20 samt
497 451 90 27 inbjuda
601 452 27 22 R.
644 458 18 15 o.
678 452 26 21 Å.
721 452 40 21 och
776 450 184 28 Borgareständet
974 452 32 20 att

176 478 74 22 förena
266 480 32 26 sig
313 486 34 16 om
362 481 32 21 ett
409 479 76 23 sädant
499 480 78 27 beslut,
593 486 49 16 men
658 480 70 22 sävidt
740 480 38 27 jag
786 480 88 26 känner,
890 480 41 21 har
940 478 66 28 nägot

177 507 68 27 dylikt
260 508 71 22 beslut
345 508 47 22 icke
406 508 75 22 fattats
496 508 24 22 af
533 509 86 21 Preste-
635 508 40 22 och
690 508 174 22 Bondeständen.
887 508 43 22 Det
944 513 62 22 synes

176 536 36 21 vid
227 536 77 22 sädant
318 536 132 23 förhällande
465 537 47 22 icke
527 539 67 20 annat
610 537 82 22 äterstä
706 537 34 22 för
755 538 25 21 R.
797 543 20 15 o.
832 537 26 21 A.
874 538 27 20 än
916 538 33 20 att
957 536 48 21 med

176 564 136 23 vidhällande
328 566 22 21 af
364 566 36 22 sitt
415 566 58 21 förra
495 566 72 21 beslut
587 566 45 21 läta
654 566 73 22 vidare
743 566 102 27 ätgärder
860 565 7 21 i
882 566 66 21 saken
962 565 43 21 för-

176 593 58 26 falla,
249 594 57 22 helst
320 600 29 16 nu
364 594 60 22 detta
438 594 81 27 förslag
533 595 49 21 icke
596 594 99 28 päkallar
704 594 68 28 nägot
780 594 101 28 yttrande
889 594 23 21 af
917 594 26 21 R.
952 600 18 15 o.
979 594 26 21 A.

244 657 26 21 R.
286 663 21 15 o.
323 657 25 21 A.
357 657 69 21 beslöt
440 657 54 21 härä
501 658 34 21 att
546 659 52 20 enär
605 658 94 21 nämnda
706 656 300 28 sammanjemkningsförslag

175 684 47 22 icke
230 685 124 22 föranledde
369 686 33 21 till
415 686 71 27 nägon
501 686 78 27 ätgärd
594 686 49 22 frän
658 686 26 22 R.
700 692 18 16 o.
735 686 39 22 A:s
782 686 53 27 sida,
851 686 63 27 lägga
921 685 83 22 utskot-

175 714 43 22 tets
233 714 135 22 betänkande
383 714 32 22 till
430 715 162 27 handlingarna.

389 846 72 24 Remiss
477 846 20 23 af
511 846 43 23 nåd.
571 852 56 23 prop.
643 845 51 24 N:ris
710 844 85 25 38—4Al.

244 903 34 22 Dä
300 903 94 22 härefter
416 905 47 26 togs
485 904 68 21 under
575 903 130 28 behandling
726 903 77 27 frägan
826 909 35 15 om
880 902 75 21 remiss
969 901 34 22 till

174 931 85 22 utskott
274 932 23 21 af
310 932 26 21 de
351 932 36 21 vid
401 933 83 21 senaste
500 933 86 26 plenum
602 933 32 20 till
650 932 118 21 ständerna
783 931 157 22 öfverlemnade
953 929 49 22 näd.

173 966 97 21 prop:na,
286 961 141 27 tillkännagaf
440 961 32 21 Hr
487 961 209 21 Landtmarskalken
712 962 34 20 att
760 959 243 22 Talmanskonferensen

174 990 72 20 ansett
268 989 74 27 nödigt
364 991 32 20 att
418 989 34 22 för
473 989 133 22 beredandet
624 989 24 22 af
661 989 49 22 nåd.
726 995 62 20 prop.
804 989 58 21 N:ris
878 989 26 20 39
920 987 40 22 och
974 987 27 21 41

173 1017 101 22 tillsattes
290 1019 31 20 ett
336 1018 102 21 särskildt
452 1018 222 27 värnepligtsutskott,
693 1019 57 20 samt
765 1018 33 21 att
813 1017 67 26 enligt
894 1016 110 21 Talmans-

173 1045 154 23 konferensens
342 1046 55 27 äsigt
410 1053 61 21 prop.
487 1047 40 21 N:o
543 1047 28 21 38
586 1047 68 21 borde
669 1047 123 22 remitteras
807 1045 33 22 till
850 1045 154 27 Lagutskottet

173 1074 40 22 och
228 1081 61 20 prop.
304 1075 40 22 N:o
360 1076 28 21 40
402 1075 33 22 till
447 1075 174 22 Statsutskottet.

242 1139 11 20 I
268 1138 94 27 enlighet
376 1139 88 21 härmed
479 1139 71 21 beslöt
566 1138 61 22 äfven
643 1138 88 21 ståndet
754 1138 34 21 att
802 1137 33 21 till
851 1137 152 32 Lagutskottet

172 1167 112 21 remittera
298 1167 49 21 näd.
373 1173 58 21 prop.
449 1167 40 22 N:o
505 1167 35 26 38,
563 1167 111 27 angäende
696 1165 76 30 lagfart
794 1165 33 24 oeh
852 1165 110 28 inteekning
983 1164 21 24 af

172 1195 73 24 enskild
258 1195 81 30 jernväg
353 1195 34 22 för
401 1196 79 21 allmän
495 1195 134 22 samfärdsel.

497 1326 65 23 Finskt
577 1325 98 24 kavalleri.

237 1382 42 22 Vid
294 1383 151 27 föredragning
461 1384 22 21 af
496 1383 50 22 näd.
561 1389 61 21 prop.
638 1383 40 22 N:o
695 1383 28 21 39
740 1388 35 15 om
790 1381 116 22 anvisande
922 1381 24 20 af
959 1387 43 15 me-

170 1410 35 21 del
220 1410 34 21 till
269 1411 136 22 bestridande
421 1412 23 21 af
457 1412 147 21 kostnaderna
618 1411 42 26 för]
670 1410 142 29 uppsättning
834 1410 41 22 och
889 1409 113 22 underhäll

169 1439 24 21 af
205 1439 65 22 finskt
284 1439 103 23 kavalleri
402 1441 86 27 yttrade

238 1497 32 21 Hr
286 1497 25 22 G.
326 1498 25 21 A.
367 1498 162 27 Tigerstedt:
560 1498 60 26 Föga
634 1498 62 21 torde
712 1496 73 28 någon
804 1496 24 22 af
840 1496 26 22 R.
882 1502 20 15 o.
917 1496 26 21 A.
958 1495 44 22 för-

169 1524 73 28 vänas,
258 1525 28 22 dä
299 1526 37 27 jag
350 1526 72 22 helsar
437 1527 40 21 den
493 1526 49 22 näd.
558 1532 60 21 prop.
634 1526 24 21 af
672 1526 98 27 hjertans
780 1525 71 27 grund
859 1524 141 26 välkommen;
