1073 1736
338 140 25 18 R.
375 144 20 13 o.
407 140 22 17 A.
441 140 60 18 1888.
515 140 24 17 14
547 140 64 21 April.
819 134 40 22 697

58 231 44 21 gar,
118 225 71 21 hvilka
204 224 68 22 blifvit
287 225 57 27 gifna
359 225 33 22 för
406 225 207 27 ständerpetitionen
623 225 7 21 i
639 225 59 21 detta
709 224 77 23 ärende
795 225 8 21 i
813 225 76 27 många

59 253 115 22 afseenden
195 255 37 20 äro
255 254 82 21 mindre
359 254 107 27 lämpliga.
495 254 45 21 För
562 253 37 21 det
621 253 67 21 första
701 253 61 27 ingär
777 253 112 22 indirekt
877 249 15 36 i

59 282 47 21 dem
117 281 43 22 alla
174 282 74 26 frägan
264 288 34 15 om
313 282 183 25 studentexamen,
511 282 81 21 hvilket
607 284 24 19 är
640 281 115 27 olämpligt,
766 284 22 24 ty
797 282 36 21 vid
842 282 47 21 värt

60 309 124 22 universitet
209 309 79 28 dryftas
312 317 87 14 numera
422 310 41 21 den
485 310 74 27 frägan
582 309 57 27 ifrigt
659 309 40 22 och
721 310 105 21 sannolikt
841 310 48 21 med

60 338 36 21 det
110 338 90 21 resultat
214 341 33 18 att
261 338 175 22 studentexamen
451 338 97 22 kommer
558 340 33 19 att
605 337 99 22 afskaffas
715 338 32 21 för
757 340 32 19 att
798 340 91 20 ersättas

60 366 48 22 med
130 367 67 21 andra
219 366 54 27 prof.
303 367 104 22 Hvarföre
430 367 27 21 dä
471 367 34 21 för
519 367 94 26 gvinnan
627 366 72 21 fordra
714 366 59 21 detta
787 366 102 22 inträdes-

59 395 53 27 prof,
136 401 35 16 om
193 395 7 21 i
225 401 26 16 en
273 401 50 16 snar
347 395 86 22 framtid
456 395 37 22 det
515 395 67 27 gäller
597 397 32 19 att
644 395 99 26 uppgifva
759 394 130 22 detsamma?

60 423 50 22 Med
132 423 99 22 afseende
253 423 53 22 härä
328 423 36 22 vili
386 424 83 21 säledes
491 424 36 27 jag
550 423 74 22 förena
646 423 43 27 mig
711 423 48 21 med
777 423 31 21 Hr
822 423 25 20 B.
863 423 25 21 O.

60 451 127 27 Schauman,
203 454 32 19 att
249 452 106 27 nämligen
370 453 78 26 gvinna
463 452 69 21 skulle
551 452 80 21 tillätas
649 453 52 20 utan
712 451 99 22 särskildt
822 451 67 22 öfver-

59 480 76 27 hetligt
157 480 96 22 tiliständ
276 481 39 21 och
338 483 51 19 utan
407 480 127 27 föregäende
556 481 175 21 studentexamen
746 480 49 21 idka
809 480 80 21 studier

60 509 36 21 vid
111 509 82 21 landets
209 509 129 21 universitet.
365 509 49 21 Men
431 510 47 20 värt
493 509 125 21 universitet
633 508 139 27 kringgärdas
783 508 106 21 dessutom

60 539 56 19 ännu
131 537 23 21 af
167 537 77 26 mänga
259 537 228 25 medeltidsskrankor;
503 537 90 21 sälunda
609 537 42 21 kan
667 543 48 15 man
730 537 27 26 pä
771 536 21 22 fä
811 536 79 22 undan-

61 567 35 24 tag
111 567 39 18 när
164 565 47 21 icke
226 565 86 21 studera
328 566 43 24 der,
387 568 51 19 utan
454 567 33 19 att
501 566 72 20 säsom
588 565 87 21 student
686 566 76 25 utgöra
773 571 25 14 en
808 566 82 20 väsent-

60 593 30 26 lig
106 593 32 20 del
154 593 22 21 af
190 599 26 15 en
231 593 194 28 studentafdelning
441 593 52 22 eller
508 596 52 19 utan
575 595 33 20 att
622 592 63 22 hafva
701 593 63 26 aflagt
779 599 26 15 en
815 592 75 22 formel

61 621 174 22 studentexamen
258 628 26 15 m.
309 629 26 14 m.
366 622 50 21 Man
437 621 36 22 vill
488 622 47 21 icke
551 622 70 21 känna
637 621 32 22 till
684 621 126 22 studerande
825 623 66 19 annat

61 652 27 19 än
103 649 7 21 i
126 649 40 22 den
181 649 70 27 gamla
266 650 81 21 formen
363 651 40 20 och
418 657 49 15 man
483 650 38 21 har
537 651 58 20 svärt
611 652 32 19 att
653 649 62 28 skilja
725 649 31 27 sig
766 649 45 22 frän
822 649 69 22 denna

60 677 151 28 föreställning.
237 678 56 22 Frän
310 679 25 21 de
351 679 101 21 moderna
467 679 152 21 universiteten
635 678 54 21 böra
698 678 20 21 vi
727 678 81 21 derföre
817 678 73 21 hemta

61 707 51 20 vära
133 705 120 26 förebilder,
277 707 26 22 dä
328 707 35 22 det
385 707 67 26 gäller
475 713 26 15 en
518 713 28 21 ny
561 701 94 38 uppgift,
671 707 61 27 säsom
751 706 32 21 för
797 706 93 27 gvinnan

62 741 50 15 vore
126 737 32 19 att
173 735 50 21 idka
239 735 158 27 specialstudier
413 736 34 21 vid
463 735 154 22 universitetet.
648 735 30 21 Ar
694 735 36 21 det
745 735 94 22 deremot
861 735 29 25 sä,

62 765 32 19 att
116 763 77 27 gvinna
213 763 35 21 vill
264 770 50 15 vara
329 763 120 28 berättigad
466 766 32 19 att
513 763 83 28 aflägga
611 763 180 22 embetsexamina
805 763 39 21 och
860 765 32 19 att

62 791 50 22 idka
133 791 82 22 studier
236 791 33 22 för
291 792 60 21 lärda
366 792 77 27 grader
457 792 36 21 vid
509 792 155 26 universitetet,
681 791 40 22 och
735 791 39 22 har
788 791 43 22 hon
845 791 47 22 icke

62 820 25 21 de
102 819 160 28 förkunskaper,
278 827 45 15 som
339 821 32 21 för
387 821 61 21 dessa
463 823 38 19 äro
517 820 140 27 nödvändiga,
675 819 50 22 eller
740 820 39 21 har
793 819 43 22 hon
845 819 46 22 icke

62 848 113 26 undergätt
191 855 25 14 en
233 855 93 19 examen,
342 855 46 15 som
404 851 118 19 motsvarar
538 849 181 25 studentexamen,
735 849 23 20 sä
773 854 49 20 eger
831 847 62 22 äfven

63 876 42 21 hon
128 878 32 19 att
183 876 81 27 aflägga
287 878 48 26 den,
359 883 48 15 men
422 878 35 20 mä
472 877 43 21 hon
532 877 27 21 dä
574 876 21 22 fä
611 876 81 27 aflägga
708 876 39 22 den
762 876 34 21 vid
811 876 82 21 univer-

63 904 77 27 sitetet,
162 904 63 22 hvars
248 906 65 20 ensak
330 906 35 20 det
381 906 34 21 mä
430 912 51 15 vara
497 907 31 19 att
549 905 128 21 härutinnan
699 904 122 22 bestämma.
852 904 40 27 Jag

63 933 65 26 vägar
150 932 69 22 derför
241 933 78 22 föreslä
341 935 32 20 att
395 934 166 26 formuleringen
576 934 22 21 af
612 934 24 20 R.
653 940 20 14 o.
689 933 36 21 A:s
740 933 69 21 beslut
823 932 68 22 skulle

64 961 72 22 ställas
152 962 65 26 nägot
232 962 132 21 annorlunda
380 962 39 22 och
434 962 139 26 allmännare,
589 962 40 21 och
645 968 34 15 om
695 961 59 22 äfven
770 962 68 20 denna
852 960 41 22 for-

64 989 102 28 mulering
189 990 46 21 icke
257 990 68 22 skulle
341 990 64 22 vinna
419 990 106 27 genklang
541 990 47 22 frän
604 990 26 22 de
645 989 67 28 öfriga
727 990 98 21 ständens
841 989 52 27 sida,

63 1018 97 21 hvarföre
175 1018 64 21 likväl
255 1018 46 22 icke
315 1019 114 26 godkänna
445 1025 25 15 en
487 1025 27 20 ny
529 1019 74 26 sådan,
619 1025 35 15 om
670 1018 40 21 den
725 1018 6 21 i
747 1018 31 26 sig
793 1017 101 22 innebure

64 1045 40 22 och
118 1045 71 22 bättre
205 1047 134 22 motsvarade
354 1047 118 21 framtiden.
497 1046 97 23 Således:
611 1063 4 10 ,
618 1046 61 27 finsk
695 1046 89 27 gvinna**
797 1058 25 3 —
832 1045 61 22 klokt

64 1074 60 21 torde
139 1081 52 15 vara
205 1077 32 19 att
253 1075 88 27 tillägga
357 1075 68 22 denna
440 1075 169 27 inskränkning,,
625 1087 25 3 —
663 1081 50 15 vare
728 1076 50 19 utan
794 1073 100 22 särskildt

64 1103 113 21 utverkadt
187 1103 134 28 öfverhetligt
332 1103 96 28 tillständ
438 1103 124 28 berättigad
578 1106 32 19 att
625 1103 34 22 vid
674 1103 83 21 landets
772 1102 123 22 universitet

64 1131 52 21 idka
138 1131 86 26 studier,
248 1131 108 22 äfvensom
379 1134 32 19 att
434 1131 83 27 aflägga
543 1132 116 21 tentamina
682 1131 51 22 eller
753 1131 94 22 examina
862 1130 33 21 för

64 1159 60 21 lärda
145 1159 78 27 grader
246 1159 108 22 äfvensom
379 1160 32 21 för
433 1160 83 22 sädana
540 1160 104 25 embeten,
667 1159 33 21 till
715 1159 71 21 hvilka
801 1158 94 22 tillträde

65 1187 23 22 af
101 1187 83 22 landets
199 1188 90 27 styrelse
304 1189 42 21 kan
362 1188 65 22 varda
443 1189 72 21 henne
530 1188 115 28 öppnadt.'*
670 1188 75 21 Denna
759 1187 136 26 formulering

66 1215 104 24 omfattar,
194 1216 69 21 sävidt
285 1216 37 27 jag
345 1216 84 27 förstär,
453 1216 44 22 alla
512 1216 69 22 vilkor
597 1216 39 22 och
652 1218 23 19 är
690 1216 67 21 tillika
772 1216 23 21 sä
811 1215 84 24 allmän,

64 1245 32 20 att
112 1244 40 20 den
166 1244 47 21 icke
229 1244 34 22 vid
279 1244 66 22 första
360 1245 82 21 tillfälle
459 1245 41 21 och
516 1245 53 22 efter
585 1246 65 26 nägot
660 1245 25 21 är
700 1250 50 16 vore
765 1242 130 23 främmande

65 1272 33 21 för
112 1272 32 21 sin
159 1272 89 27 uppgift.

134 1329 59 21 Enär
209 1330 66 21 under
291 1330 40 21 den
347 1330 7 21 i
369 1332 72 20 ämnet
456 1330 151 27 försiggängna
623 1330 145 22 diskussionen
783 1328 57 22 olika
855 1328 42 21 för-

66 1357 46 27 slag
134 1357 71 22 blifvit
226 1358 81 27 gjorda,
331 1358 113 27 uppstälde
467 1359 34 21 Hr
523 1358 206 22 Landtmarskalken
750 1358 6 20 i
772 1356 97 23 afseende
884 1357 14 21 &

67 1386 122 21 erhållande
211 1386 22 22 af
254 1387 212 27 kontraproposition
491 1389 58 19 emot
572 1387 115 21 utskottets
709 1386 78 27 förslag
805 1385 93 27 följande

67 1414 210 28 omröstningsprop.:

135 1471 54 25 Den,
212 1477 46 16 som
281 1471 33 21 till
336 1471 139 27 kontraprop.
501 1473 58 20 emot
581 1471 116 21 utskottets
718 1470 78 26 förslag
821 1469 77 22 önskar

69 1498 106 28 uppställa
191 1499 32 21 Hr
237 1499 54 27 Aug.
309 1499 130 21 Schaumans
454 1499 87 27 förslag,
557 1501 70 19 röstar
639 1499 29 27 ja,

137 1527 73 21 vinner
221 1527 40 27 nej,
271 1528 40 21 har
322 1527 86 21 ständet
418 1527 32 21 till
460 1527 139 27 kontraprop.
608 1526 81 28 antagit
699 1526 32 22 Hr
741 1526 63 22 Reins
814 1524 84 28 förslag.

807 1565 23 17 45
