1073 1734
354 129 24 17 R.
391 134 17 12 o.
421 129 22 16 A.
453 129 59 17 1888.
532 129 14 16 4
559 128 63 21 April.
829 122 41 20 525

141 214 56 21 Frih.
215 214 26 21 K.
257 214 204 26 Langenskiöld:
493 214 10 21 I
518 214 69 21 likhet
601 214 50 21 med
667 214 42 21 Hrr
724 214 70 21 Antell
811 213 39 21 och
858 219 42 15 von

72 242 109 27 Knorring
196 248 63 15 anser
274 243 61 21 äfven
349 243 36 26 jag
401 244 31 19 att
440 243 25 21 R.
476 249 18 15 o.
504 243 24 21 A.
538 243 46 20 icke
598 242 35 21 bör
634 242 121 26 godkänna
763 242 39 21 och
810 241 90 22 omfatta

74 271 39 21 den
130 277 75 15 senare
220 271 23 21 af
248 271 248 25 Bevillningsutskottets
504 271 111 21 klämmar.
627 271 72 26 Enligt
706 271 49 21 näd.
765 277 58 20 prop.
833 270 67 26 gäller

73 300 36 20 det
124 299 76 21 främst
215 299 33 21 för
257 300 116 20 ständerna
381 302 32 18 att
421 300 85 20 besluta
514 300 33 20 till
555 306 25 14 en
589 299 193 26 tobaksbevillning
790 299 33 21 för
831 298 69 28 perio-

74 328 40 21 den
132 328 138 21 1889—1891
289 328 38 21 och
343 330 32 19 ett
386 328 109 21 uttalande
504 328 84 21 utöfver
597 328 69 20 denna
674 328 30 21 tid
714 328 108 26 angäende
831 328 69 21 denna

73 356 114 27 bevillning
203 362 62 21 synes
281 357 42 26 mig
338 356 84 21 derföre
437 357 47 21 icke
500 363 29 14 nu
545 357 53 21 böra
613 356 162 27 ifrägakomma.
799 356 101 21 Emeller-

74 385 31 21 tid
128 385 94 27 framgär
243 385 22 21 af
286 385 25 21 de
333 386 35 20 vid
391 385 101 22 ärendets
514 385 130 27 behandling
666 385 6 21 i
689 388 86 18 senaten
790 385 112 21 tillkomna

73 414 133 27 handlingar,
229 413 34 21 för
285 413 72 22 hvilka
380 414 108 21 utskottet
502 414 97 26 utförligt
614 414 98 25 redogör,
736 416 32 18 att
783 420 48 14 man
846 413 55 20 varit

73 442 91 22 betänkt
179 442 28 27 pä
222 444 33 19 att
270 442 51 21 söka
337 449 25 14 en
379 449 69 14 annan
472 443 64 24 skatt,
559 449 46 14 som
629 443 67 20 skulle
720 444 80 19 ersätta
816 441 86 22 tobaks-

75 471 142 26 bevillningen
233 471 33 20 för
282 471 39 21 den
337 473 49 19 näst
401 471 150 27 efterföljande
570 471 177 26 finansperioden.
778 471 73 20 Ehuru
864 470 38 26 jag

74 499 123 27 visserligen
213 505 62 15 anser
291 501 29 19 att
337 499 115 21 ständerna
467 506 29 15 nu
510 500 117 21 icke-böra
643 499 69 21 uttala
721 499 31 26 sig
760 505 34 15 om
803 498 99 22 behofvet

74 528 24 21 af
110 535 27 14 en
153 528 58 26 dylik
226 528 199 27 tobaksbevillning,
449 535 48 14 men
521 529 31 20 ett
574 527 134 27 fullständigt
727 527 137 22 förkastande
881 526 22 21 af

74 557 247 26 Bevillningsutskottets
345 563 73 14 senare
444 557 58 21 kläm
525 557 100 26 möjligen
651 557 71 20 kunde
738 556 24 21 sä
777 556 76 25 tolkas,
870 558 32 18 att

76 585 116 21 ständerna
213 585 57 20 velat
292 585 113 26 godkänna
427 585 41 21 den
484 585 127 27 tankegång,
634 591 46 15 som
696 591 61 20 synes
771 585 56 20 inom
843 590 59 21 rege-

76 613 73 27 ringen
165 613 128 21 ätminstone
303 613 66 22 delvis
377 614 57 26 gjort
441 614 33 26 sig
482 614 105 26 gällande,
597 613 94 22 önskade
697 613 37 27 jag
742 613 21 21 fä
773 613 87 21 förorda
870 614 32 19 att

74 642 26 21 R.
117 648 19 15 o.
152 643 25 20 A.
194 642 68 21 skulle
278 642 89 21 omfatta
390 643 40 20 den
446 643 23 20 af
482 643 32 20 Hr
530 643 72 20 Antell
617 642 120 27 uppgjorda
752 642 112 25 klämmen,
880 641 24 21 af

74 671 86 20 hvilken
184 671 78 26 tydligt
284 670 93 27 framgår
399 673 33 18 att
454 671 24 21 R.
500 677 16 14 o.
535 672 24 19 A.
576 671 47 20 icke
639 671 40 20 alls
694 670 71 21 inlätit
787 671 31 26 sig
833 670 27 27 pä
876 676 26 15 ea

74 699 99 26 pröfning
188 699 23 21 af
226 699 229 26 tobaksbevillningens
472 699 129 27 behöflighet
615 699 33 21 för
663 701 62 19 nästa
741 699 79 26 period.

144 755 57 22 Frih.
219 756 100 21 Wrede:
350 757 41 26 Jag
413 757 60 20 delar
497 756 64 21 också
584 757 6 20 i
613 757 40 20 allt
675 757 115 25 väsentligt
812 756 24 20 de
854 761 48 21 syn-

76 784 99 26 punkter,
192 791 45 14 som
253 785 68 20 blifvit
336 785 95 21 uttalade
447 785 24 20 af
484 785 44 21 Hrr
544 785 71 21 Antell
631 785 40 21 och
681 791 42 14 von
733 785 106 25 Knorring
847 785 55 20 samt

75 812 58 21 Frih.
149 813 163 26 Langenskiöld.
343 813 34 21 Dä
391 813 35 27 jag
441 815 40 25 gör
497 814 65 25 detta,
581 813 24 21 sä
620 813 95 21 hvarken
738 813 90 21 förbiser
851 813 51 20 eller

75 841 151 21 underkänner
240 842 36 26 jag
291 841 124 27 betydelsen
430 842 23 21 af
467 842 26 21 de
519 842 131 27 synpunkter
665 841 237 27 Bevillningsutskottet

73 870 114 21 framstält.
223 870 33 21 Då
277 870 237 27 Bevillningsutskottet
543 870 125 22 framhåller
698 870 150 27 lämpligheten
878 869 24 21 af

75 898 94 22 tobaken
185 898 71 22 säsom
271 898 88 22 föremäl
375 899 34 21 för
424 900 145 26 beskattning,
585 899 23 21 sä
623 899 43 21 kan
681 906 49 14 man
745 899 47 21 icke
803 900 65 19 annat
876 899 27 19 än

74 927 131 27 fullkomligt
227 928 114 20 instämma
364 928 45 21 deri
432 928 39 21 och
492 928 38 27 jag
545 930 24 18 är
584 928 63 20 säker
663 928 34 26 pä,
719 929 32 19 att
767 928 73 20 härom
855 926 47 22 icke

75 955 54 21 skall
152 955 68 21 finnas
243 962 59 15 mera
324 958 26 19 än
374 962 26 15 en
423 957 85 26 mening
529 957 58 20 inom
610 956 92 21 ständet.
732 956 120 25 Likaledes,
875 954 28 22 dä

74 984 107 21 utskottet
199 984 130 25 framhåller,
345 985 114 21 huruledes
475 986 70 20 denna
559 985 94 26 produkt
668 985 43 21 kan
725 984 45 22 tåla
781 991 25 15 en
816 983 87 27 stegrad

74 1012 139 27 beskattning
227 1013 7 21 i
249 1012 133 22 förhållande
399 1014 31 20 till
453 1014 57 20 hvad
532 1014 123 20 densamma
678 1020 29 14 nu
725 1015 24 19 är
771 1012 85 27 pålagd,
879 1012 24 20 sä

75 1042 25 20 är
115 1041 60 21 detta
191 1041 65 21 ocksä
271 1042 88 21 alldeles
374 1044 49 19 rätt.
455 1042 104 26 Slutligen
581 1042 124 21 instämmer
724 1042 37 26 jag
776 1040 64 22 ocksä
854 1039 49 21 full-

75 1070 90 26 komligt
180 1070 32 21 uti
227 1070 247 27 Bevillningsutskottets
497 1070 111 22 uttalande
631 1071 80 25 derom,
734 1072 32 19 att
788 1068 115 23 förhällan-

75 1098 55 21 dena
144 1098 117 27 ingalunda
275 1098 57 27 gifva
347 1099 114 27 anledning
476 1100 33 21 till
525 1100 41 21 den
581 1098 119 27 förmodan,
716 1100 33 20 att
764 1105 26 15 en
805 1097 23 21 sä
836 1098 67 25 lämp-

74 1127 30 26 lig
120 1127 142 27 beskattning,
278 1133 45 16 som
339 1128 221 27 tobaksbevillningen
576 1130 29 24 är,
621 1129 7 20 i
644 1134 26 15 en
680 1127 150 27 näraliggande
839 1126 64 21 fram-

74 1155 32 21 tid
128 1155 71 22 kunde
222 1156 65 21 blifva
310 1156 130 27 öfverflödig,
464 1157 70 20 såsom
557 1157 39 20 ock
619 1158 33 19 att
671 1156 115 21 ständerna
808 1155 6 21 i
830 1154 73 27 hvarje

75 1183 102 22 händelse
200 1185 38 20 äro
262 1184 150 22 oförhindrade
435 1187 32 19 att
490 1185 63 21 äfven
576 1185 114 21 framdeles
709 1185 63 26 ätaga
787 1184 31 26 sig
834 1184 70 20 denna

75 1213 121 26 bevillning.
228 1213 49 21 Men
293 1213 90 21 oaktadt
399 1220 49 14 man
463 1214 7 20 i
486 1214 42 20 allo
545 1213 41 21 kan
601 1214 114 20 instämma
730 1214 6 20 i
753 1213 60 21 dessa
829 1211 23 22 af
863 1211 40 21 Be-

74 1241 207 25 villningsutskottet
303 1241 128 22 framhällna
454 1242 138 27 synpunkter,
615 1242 63 27 följer
701 1241 60 22 deraf
781 1239 121 28 ingalunda,

76 1270 33 21 att
131 1271 32 19 ett
185 1269 77 22 sädant
283 1271 118 25 uttalande,
423 1276 45 15 som
483 1271 238 26 Bevillningsutskottet
743 1271 6 20 i
772 1270 41 21 den
828 1273 76 16 senare

74 1298 109 21 klämmen
205 1298 96 26 föreslär,
326 1299 65 21 borde
407 1299 24 21 af
443 1299 87 21 ständet
544 1301 69 24 göras.
643 1299 43 21 Det
701 1301 30 24 är,
754 1298 70 21 säsom
836 1296 67 21 redan

75 1326 134 27 framhällits,
233 1326 54 22 först
303 1327 39 21 och
365 1327 75 21 främst
463 1327 89 22 alldeles
568 1327 107 27 oformligt
691 1329 32 19 att
737 1327 69 21 uttala
821 1325 32 26 sig
868 1325 36 20 be-

75 1355 105 21 träffande
203 1361 26 15 en
253 1355 115 27 bevillning
389 1355 34 22 för
445 1362 60 15 mera
520 1355 88 27 aflägset
623 1356 98 26 liggande
736 1353 168 28 finansperioder

75 1385 27 20 än
118 1384 41 21 den
174 1385 113 25 närmaste,
303 1384 41 21 och
360 1384 28 26 pä
403 1391 82 14 samma
500 1386 44 19 sätt
560 1386 23 19 är
599 1385 36 20 det
657 1384 109 26 oformligt
787 1385 33 19 att
834 1381 70 22 uttala

75 1413 32 26 sig
130 1419 34 14 om
187 1414 66 19 sättet
276 1412 33 21 för
331 1413 126 26 uppbörden
473 1413 23 21 af
510 1419 26 15 en
552 1413 121 26 bevillning,
697 1419 34 14 om
746 1412 84 21 hvilken
847 1412 57 19 ännu

74 1441 48 21 icke
144 1441 40 20 alls
207 1443 23 18 är
252 1441 66 26 fråga.
347 1441 34 21 Då
403 1441 35 27 jag
460 1448 29 14 nu
512 1441 66 22 likväl
596 1441 69 21 håller
680 1441 52 25 före,
755 1442 33 20 att
802 1440 36 21 det
852 1444 52 16 vore

76 1469 123 26 önskvärdt,
215 1471 33 20 att
263 1469 116 22 ständerna
393 1469 29 27 på
437 1469 68 28 något
521 1471 44 20 sätt
579 1469 69 22 skulle
666 1469 57 27 gifva
744 1469 105 21 tillkänna
872 1468 33 19 att

76 1498 26 21 de
118 1498 132 27 synpunkter
265 1498 239 27 Bevillningsutskottet
519 1498 118 21 framhållit
659 1499 46 20 icke
728 1497 64 22 hafva
812 1495 93 27 undgått

76 1526 126 21 ständernas
217 1526 190 27 uppmärksamhet
423 1527 40 21 och
479 1528 33 21 att
527 1527 115 21 ständerna
664 1526 91 22 omfatta
776 1526 63 21 dessa
854 1529 50 21 syn-
