1081 1742
359 117 25 17 R.
397 122 18 12 o.
427 117 24 17 A.
466 117 59 17 1888.
549 117 13 17 2
574 116 49 22 Maj.
840 112 41 20 969

79 204 72 20 banan
173 205 33 19 att
228 203 40 21 den
292 202 68 21 skulle
383 208 52 15 vara
459 208 25 15 en
500 202 93 26 naturlig
607 202 139 26 fortsättning
762 202 23 21 af
798 202 112 21 Savolaks-

80 232 77 21 banan.
188 231 43 21 Vill
254 237 56 19 man,
335 231 24 21 sä
381 231 43 21 kan
447 238 50 14 man
519 232 52 25 säga
586 232 32 20 att
633 230 215 28 Björneborgsbanan
863 230 47 22 från

79 260 145 22 Tammerfors
246 260 68 21 skulle
337 266 52 14 vara
413 266 26 15 en
462 259 93 27 naturlig
577 260 140 26 fortsättning
738 260 23 20 af
774 260 136 20 Wasabanan

80 289 53 21 eller
156 288 65 22 också
243 288 28 27 pä
294 288 87 21 alldeles
399 294 82 16 samma
496 288 75 27 grund,
589 294 34 15 om
639 288 40 21 den
696 288 64 21 också
776 288 68 21 skulle
859 290 52 25 göra

80 324 26 14 en
129 319 69 19 större
218 317 111 26 krökning,
353 317 70 21 kallas
438 316 139 27 fortsättning
591 316 33 22 till
650 312 124 35 Tavastehus
796 312 114 35 -Tammer-

79 346 45 21 fors
146 346 76 21 banan.
253 345 30 21 Pä
306 346 25 20 de
356 345 23 21 af
394 346 42 26 mig
452 345 90 22 anförda
557 345 74 21 skälen
647 346 68 20 skulle
729 345 43 27 jag,
788 345 68 21 ehuru
870 345 41 21 vis-

80 374 92 27 serligen
187 375 32 21 Hr
234 374 152 22 Nordensvans
402 374 132 22 reservation
549 375 24 20 är
588 374 84 27 mycket
687 374 61 26 giltig
764 374 39 22 och
820 374 91 26 verkligt

79 404 67 26 billig,
170 403 55 21 ändä
249 403 84 21 ansluta
352 403 50 27 mig,
419 403 48 21 med
483 403 67 27 utsigt
564 402 33 22 till
613 402 118 27 framgäng,
747 403 32 21 till
794 403 116 21 utskottets

79 432 43 22 bet.
138 432 7 21 i
162 432 69 22 denna
247 432 40 20 del.
317 432 63 21 Hvad
404 432 100 26 slutligen
525 431 103 22 beträffar
644 438 26 14 en
686 431 163 27 omständighet,
865 437 45 15 som

80 461 58 21 Frih.
161 461 111 21 Molander
293 460 39 21 har
349 461 88 25 vidrört,
454 460 106 27 nämligen
576 462 33 19 att
624 460 125 26 regeringen
765 460 46 21 icke
827 460 38 21 har
880 460 31 21 af-

80 490 80 21 lemnat
182 496 60 20 prop.
262 495 33 15 om
318 489 225 27 Björneborgsbanan,
567 489 23 21 sä
605 490 24 20 är
645 489 36 21 det
697 489 80 26 ganska
793 491 54 24 sant,
863 494 47 16 men

79 524 49 15 man
151 518 41 21 har
212 518 64 21 också
292 518 47 21 icke
355 524 42 20 nog
413 518 126 26 tillräckligt
555 517 113 21 förundrat
683 518 32 26 sig
731 518 58 20 öfver
804 519 32 19 att
851 523 58 21 rege-

80 547 74 27 ringen
175 546 47 22 icke
244 546 56 27 gjort
323 546 43 25 det,
391 546 89 22 emedan
501 546 42 21 alla
559 546 25 21 de
599 546 133 26 handlingar,
749 552 45 15 som
810 546 53 22 stätt
878 548 32 18 ut-

80 575 83 21 skottet
185 575 33 21 till
240 575 54 21 buds
312 576 40 20 och
369 582 45 14 som
431 575 82 27 utgjort
527 575 82 27 ganska
624 575 129 27 tillräckliga
769 575 46 21 skäl
830 574 29 21 för
874 576 37 19 ut-

80 604 92 21 skottets
187 603 128 27 förfarande,
326 604 67 21 ocksä
408 604 6 20 i
430 604 42 26 god
488 604 31 20 tid
535 604 45 21 före
597 604 130 25 landtdagen
743 604 60 20 stodo
820 603 91 27 regerin-

77 639 41 20 gen
134 632 32 21 till
183 632 63 26 buds;
263 638 47 16 men
327 633 40 21 den
384 632 107 22 Karelska
506 632 70 21 banan
587 638 63 21 synes
660 632 64 21 hafva
735 632 54 21 varit
800 633 31 20 ett
841 632 70 21 sköte-

78 661 53 21 barn
147 661 33 21 för
196 662 58 24 dem,
270 668 44 14 som
331 663 36 25 egt
383 661 120 21 bestämma
519 668 33 14 om
568 667 86 21 prop:ns
669 661 101 21 innehåll.

150 718 32 21 Hr
197 718 210 27 Pippingsköld:
438 718 47 21 Här
501 718 38 21 har
555 718 56 21 varit
625 718 85 27 mycket
725 718 60 26 fräga
801 724 34 14 om
851 723 61 21 sang-

78 747 77 21 vinism
172 747 39 21 och
227 747 126 26 pessimism.
375 746 40 22 Om
425 746 81 22 sädana
514 747 97 27 uttrycks
622 746 95 22 innehäll
728 747 42 20 kan
780 753 49 15 man
840 748 71 25 egent-

76 776 59 26 ligen
151 775 47 21 icke
214 776 121 25 diskutera;
352 776 26 20 de
393 776 52 20 bero
462 775 73 27 derpå,
552 775 55 21 huru
627 775 53 21 hvar
698 775 39 21 och
752 782 26 14 en
794 774 81 22 blickar
890 774 21 21 in

78 804 6 20 i
99 804 61 21 lifvet
176 804 42 21 ooh
234 804 56 21 huru
307 804 80 21 enhvar
403 806 109 24 uppväger
529 804 26 21 de
570 804 58 21 olika
642 804 123 27 grunderna
779 804 34 21 för
827 803 26 21 de
864 809 47 21 syn-

78 832 101 28 punkter,
196 839 45 15 som
258 834 56 20 mest
329 833 116 21 intressera
461 832 85 22 honom.
577 832 48 22 Men
641 833 74 21 säkert
731 834 29 23 är,
776 834 32 19 att
823 832 26 21 de
865 832 46 21 skäl

80 867 47 16 som
142 861 32 21 Hr
190 861 107 22 Norrmén
314 862 77 22 anfört,
408 861 101 22 hemtade
524 861 48 22 från
587 860 86 28 Sverige
689 861 40 22 och
744 861 77 27 Norge,
837 862 37 19 äro
890 860 23 21 af

84 890 136 27 betydenhet.
252 890 86 26 Sverige
361 890 54 21 hade
442 891 55 20 1886
521 890 116 21 fullbordat
659 890 124 21 stambanor
803 890 46 21 icke
864 889 49 21 fullt

84 919 64 24 2,500
171 919 117 21 kilometer.
319 919 41 20 Vid
384 925 82 15 samma
488 919 32 21 tid
538 919 55 21 hade
608 919 91 20 Finland
716 919 61 23 1,500
792 918 119 26 kilometer,

85 947 39 21 och
148 947 45 21 står
208 947 90 21 Finland
314 947 6 21 i
336 947 77 21 sådant
429 947 99 22 afseende
543 947 90 22 framom
649 947 88 27 Sverige
753 947 6 20 i
773 947 139 27 jernvägsan-

84 976 132 27 läggningar,
240 976 27 21 då
290 983 47 14 man
354 979 60 24 tager
429 977 6 20 i
452 976 143 21 betraktande
611 976 62 21 dessa
688 976 56 21 båda
759 976 84 21 länders
858 975 54 21 folk-

84 1005 78 26 mängd
185 1005 40 20 och
248 1005 137 21 ekonomiska
406 1005 65 20 valör.
503 1005 154 21 Förhållandet
672 1005 90 20 emellan
777 1004 79 21 norska
872 1003 38 22 och

84 1033 69 21 finska
173 1033 115 27 jernvägar
311 1035 24 19 är
350 1033 89 26 ungefär
457 1034 40 20 173
513 1033 34 21 för
562 1033 92 21 Finland
669 1033 40 21 och
726 1033 39 21 198
781 1033 33 20 för
829 1032 82 26 Norge;

84 1067 48 16 men
148 1061 24 22 så
187 1064 59 19 snart
262 1062 105 21 Karelska
383 1062 144 21 bansträckan
543 1064 24 19 är
582 1062 48 21 fullt
645 1062 75 27 färdig,
736 1061 33 21 stå
784 1062 19 20 vi
819 1063 32 19 ett
860 1060 52 27 godt

84 1090 73 27 stycke
173 1091 54 20 fram
244 1097 34 14 om
294 1091 77 26 Norge,
388 1091 39 20 och
444 1091 55 20 dock
515 1093 24 18 är
555 1090 61 21 äfven
632 1091 61 20 detta
704 1090 59 21 lauds
775 1089 137 22 ekonomiska

84 1119 110 26 betydelse
210 1119 158 26 otvifvelaktigt
383 1119 67 26 högre
466 1121 27 18 än
508 1119 97 21 Finland.
626 1119 111 27 Exponent
752 1119 33 20 för
796 1118 116 27 Rysslands

81 1147 115 27 jernvägar
219 1148 7 20 i
248 1147 134 22 förhällande
406 1148 32 21 till
458 1147 124 27 folkmängd
598 1147 39 22 och
653 1148 59 20 areal
727 1148 60 21 torde
804 1153 51 14 vara
872 1147 39 21 120

83 1175 13 21 å
112 1176 48 26 130,
176 1176 40 21 och
232 1176 61 21 hvem
309 1176 81 21 känner
405 1176 46 21 icke
468 1178 33 19 att
517 1177 105 26 Ryssland
637 1177 6 20 i
660 1176 96 21 materiel
769 1176 74 27 styrka
853 1175 6 21 i
870 1175 41 21 alla

82 1203 115 22 afseenden
214 1205 44 21 stär
273 1205 90 20 framför
378 1205 98 21 Finland.
498 1205 25 21 Vi
539 1205 64 21 hafva
618 1205 83 21 säledes
712 1205 85 20 arbetat
808 1211 34 14 oss
853 1203 59 27 längt

81 1232 55 21 fram
151 1233 7 20 i
172 1233 260 27 jernvägsanläggningar,
454 1233 40 21 och
517 1233 64 21 hafva
603 1234 116 26 ingalunda
741 1235 32 19 att
790 1233 74 26 blygas
878 1232 34 21 för

81 1261 49 21 värt
152 1261 82 26 arbete,
257 1268 47 15 men
327 1261 28 28 pä
377 1262 69 26 grund
470 1261 23 22 af
508 1262 25 21 de
548 1262 76 27 gjorda
636 1262 163 27 jemförelserna
814 1261 63 21 hafva
894 1261 18 20 vi

82 1289 64 22 också
161 1290 85 27 mycket
260 1291 46 20 skäl
323 1292 32 20 att
371 1297 51 14 vara
437 1291 66 20 minst
517 1290 44 21 lika
575 1291 118 26 försiktiga,
711 1297 44 14 som
772 1291 62 20 dessa
848 1295 63 21 gran-

81 1324 46 19 nar,
150 1319 103 21 särskildt
276 1319 86 26 Sverige
378 1319 39 21 och
433 1319 80 26 Norge.
544 1319 85 27 Sverige
645 1319 40 21 har
701 1319 64 22 redan
781 1319 67 21 under
848 1305 63 35 Here

81 1346 32 27 år,
128 1346 72 22 såsom
216 1347 65 21 redan
297 1349 66 25 sagts,
379 1347 93 26 anslagit
488 1347 73 27 hvarje
577 1347 24 21 är
616 1348 86 21 relativt
713 1348 54 21 blott
779 1347 45 21 små
834 1347 77 26 belopp

80 1375 35 21 för
135 1375 167 27 fortsättningen
316 1376 24 21 af
354 1376 46 21 sina
416 1376 132 26 stambanor,
565 1376 70 27 Norge
651 1376 24 21 så
690 1377 52 26 godt
757 1383 45 14 som
819 1375 92 27 npphört

81 1416 27 3 —
121 1404 38 27 jag
182 1405 56 20 talar
260 1405 131 21 fortfarande
415 1411 35 14 om
466 1407 83 19 statens
562 1405 119 26 jernvägar.
701 1417 22 3 —
741 1405 50 21 Helt
807 1405 65 20 annat
888 1406 23 19 är

80 1432 37 21 det
132 1433 48 20 med
197 1433 97 21 enskilda
307 1433 122 26 jernvägar,
445 1433 24 21 af
483 1433 72 21 hvilka
570 1433 19 21 vi
605 1433 28 26 pä
649 1435 42 19 sätt
703 1433 39 21 och
752 1434 31 20 vis
791 1433 46 21 icke
848 1432 63 21 hafva

80 1460 68 27 nägra
170 1461 46 26 alls,
235 1461 23 26 ja
280 1462 34 20 väl
336 1461 72 27 Borgä
430 1461 79 26 banan,
531 1468 49 15 men
595 1462 40 21 den
651 1462 41 21 kan
709 1468 48 15 man
772 1462 67 25 knapt
855 1463 56 18 ännu

80 1489 44 20 tala
147 1495 41 20 om,
214 1496 48 21 nyss
285 1489 108 28 utgängen
409 1496 46 15 som
472 1490 41 21 den
529 1492 24 19 är
568 1490 48 21 frän
632 1497 25 14 en
673 1490 49 27 läng
737 1491 101 20 konkurs.
868 1489 43 21 Der

80 1517 97 22 enskilda
201 1518 62 27 bolag
285 1518 33 21 för
340 1518 115 22 utförande
480 1518 23 21 af
522 1519 115 26 jernvägar
651 1519 7 20 i
674 1519 98 21 utlandet
796 1518 50 21 läna
868 1524 42 21 upp
