<?xml version="1.0" encoding="UTF-8"?>
<alto xmlns="http://www.loc.gov/standards/alto/ns-v3#" xmlns:xlink="http://www.w3.org/1999/xlink" xmlns:xsi="http://www.w3.org/2001/XMLSchema-instance" xsi:schemaLocation="http://www.loc.gov/standards/alto/ns-v3# http://www.loc.gov/alto/v3/alto-3-0.xsd">
	<Description>
		<MeasurementUnit>pixel</MeasurementUnit>
		<sourceImageInformation>
			<fileName>/tmp/tess_ebvy3660_input.PNG</fileName>
		</sourceImageInformation>
		<OCRProcessing ID="OCR_0">
			<ocrProcessingStep>
				<processingSoftware>
					<softwareName>tesseract 5.3.4</softwareName>
				</processingSoftware>
			</ocrProcessingStep>
		</OCRProcessing>
	</Description>
	<Layout>
		<Page WIDTH="1073" HEIGHT="1739" PHYSICAL_IMG_NR="0" ID="page_0">
			<PrintSpace HPOS="0" VPOS="0" WIDTH="1073" HEIGHT="1739">
				<ComposedBlock ID="cblock_0" HPOS="196" VPOS="103" WIDTH="523" HEIGHT="31">
					<TextBlock ID="block_0" HPOS="196" VPOS="103" WIDTH="523" HEIGHT="31">
						<TextLine ID="line_0" HPOS="196" VPOS="103" WIDTH="523" HEIGHT="31">
							<String ID="string_0" HPOS="196" VPOS="103" WIDTH="42" HEIGHT="22" WC="0.96" CONTENT="608"/><SP WIDTH="214" VPOS="103" HPOS="238"/>
							<String ID="string_1" HPOS="452" VPOS="111" WIDTH="25" HEIGHT="17" WC="0.96" CONTENT="R."/><SP WIDTH="13" VPOS="111" HPOS="477"/>
							<String ID="string_2" HPOS="490" VPOS="116" WIDTH="17" HEIGHT="13" WC="0.92" CONTENT="0."/><SP WIDTH="12" VPOS="116" HPOS="507"/>
							<String ID="string_3" HPOS="519" VPOS="112" WIDTH="23" HEIGHT="17" WC="0.90" CONTENT="A."/><SP WIDTH="10" VPOS="112" HPOS="542"/>
							<String ID="string_4" HPOS="552" VPOS="113" WIDTH="58" HEIGHT="17" WC="0.95" CONTENT="1888."/><SP WIDTH="23" VPOS="113" HPOS="610"/>
							<String ID="string_5" HPOS="633" VPOS="113" WIDTH="11" HEIGHT="18" WC="0.87" CONTENT="7"/><SP WIDTH="11" VPOS="113" HPOS="644"/>
							<String ID="string_6" HPOS="655" VPOS="112" WIDTH="64" HEIGHT="22" WC="0.96" CONTENT="April."/>
						</TextLine>
					</TextBlock>
				</ComposedBlock>
				<GraphicalElement ID="cblock_1" HPOS="187" VPOS="149" WIDTH="552" HEIGHT="6"></GraphicalElement >
				<ComposedBlock ID="cblock_2" HPOS="162" VPOS="194" WIDTH="834" HEIGHT="599">
					<TextBlock ID="block_1" HPOS="162" VPOS="194" WIDTH="834" HEIGHT="599">
						<TextLine ID="line_1" HPOS="166" VPOS="194" WIDTH="830" HEIGHT="31">
							<String ID="string_7" HPOS="166" VPOS="200" WIDTH="26" HEIGHT="16" WC="0.96" CONTENT="en"/><SP WIDTH="22" VPOS="200" HPOS="192"/>
							<String ID="string_8" HPOS="214" VPOS="194" WIDTH="41" HEIGHT="23" WC="0.96" CONTENT="lätt"/><SP WIDTH="22" VPOS="194" HPOS="255"/>
							<String ID="string_9" HPOS="277" VPOS="195" WIDTH="38" HEIGHT="22" WC="0.96" CONTENT="sak"/><SP WIDTH="22" VPOS="195" HPOS="315"/>
							<String ID="string_10" HPOS="337" VPOS="197" WIDTH="33" HEIGHT="20" WC="0.93" CONTENT="att"/><SP WIDTH="20" VPOS="197" HPOS="370"/>
							<String ID="string_11" HPOS="390" VPOS="195" WIDTH="104" HEIGHT="23" WC="0.92" CONTENT="handtera"/><SP WIDTH="21" VPOS="195" HPOS="494"/>
							<String ID="string_12" HPOS="515" VPOS="203" WIDTH="58" HEIGHT="21" WC="0.96" CONTENT="unga"/><SP WIDTH="15" VPOS="203" HPOS="573"/>
							<String ID="string_13" HPOS="588" VPOS="197" WIDTH="97" HEIGHT="28" WC="0.96" CONTENT="rekryter"/><SP WIDTH="15" VPOS="197" HPOS="685"/>
							<String ID="string_14" HPOS="700" VPOS="197" WIDTH="41" HEIGHT="22" WC="0.93" CONTENT="och"/><SP WIDTH="15" VPOS="197" HPOS="741"/>
							<String ID="string_15" HPOS="756" VPOS="197" WIDTH="159" HEIGHT="27" WC="0.88" CONTENT="värnepligtige."/><SP WIDTH="30" VPOS="197" HPOS="915"/>
							<String ID="string_16" HPOS="945" VPOS="197" WIDTH="51" HEIGHT="22" WC="0.96" CONTENT="Man"/>
						</TextLine>
						<TextLine ID="line_2" HPOS="166" VPOS="223" WIDTH="830" HEIGHT="28">
							<String ID="string_17" HPOS="166" VPOS="223" WIDTH="68" HEIGHT="22" WC="0.96" CONTENT="måste"/><SP WIDTH="22" VPOS="223" HPOS="234"/>
							<String ID="string_18" HPOS="256" VPOS="224" WIDTH="27" HEIGHT="26" WC="0.92" CONTENT="gå"/><SP WIDTH="21" VPOS="224" HPOS="283"/>
							<String ID="string_19" HPOS="304" VPOS="223" WIDTH="105" HEIGHT="28" WC="0.90" CONTENT="försigtigt"/><SP WIDTH="16" VPOS="223" HPOS="409"/>
							<String ID="string_20" HPOS="425" VPOS="224" WIDTH="92" HEIGHT="27" WC="0.95" CONTENT="tillväga"/><SP WIDTH="15" VPOS="224" HPOS="517"/>
							<String ID="string_21" HPOS="532" VPOS="225" WIDTH="49" HEIGHT="22" WC="0.96" CONTENT="med"/><SP WIDTH="16" VPOS="225" HPOS="581"/>
							<String ID="string_22" HPOS="597" VPOS="225" WIDTH="47" HEIGHT="22" WC="0.96" CONTENT="dem"/><SP WIDTH="16" VPOS="225" HPOS="644"/>
							<String ID="string_23" HPOS="660" VPOS="225" WIDTH="40" HEIGHT="22" WC="0.96" CONTENT="och"/><SP WIDTH="16" VPOS="225" HPOS="700"/>
							<String ID="string_24" HPOS="716" VPOS="225" WIDTH="26" HEIGHT="22" WC="0.96" CONTENT="de"/><SP WIDTH="15" VPOS="225" HPOS="742"/>
							<String ID="string_25" HPOS="757" VPOS="225" WIDTH="61" HEIGHT="22" WC="0.93" CONTENT="skola"/><SP WIDTH="15" VPOS="225" HPOS="818"/>
							<String ID="string_26" HPOS="833" VPOS="225" WIDTH="115" HEIGHT="23" WC="0.90" CONTENT="handteras"/><SP WIDTH="15" VPOS="225" HPOS="948"/>
							<String ID="string_27" HPOS="963" VPOS="227" WIDTH="33" HEIGHT="21" WC="0.92" CONTENT="så-"/>
						</TextLine>
						<TextLine ID="line_3" HPOS="166" VPOS="251" WIDTH="830" HEIGHT="29">
							<String ID="string_28" HPOS="166" VPOS="257" WIDTH="46" HEIGHT="16" WC="0.96" CONTENT="som"/><SP WIDTH="22" VPOS="257" HPOS="212"/>
							<String ID="string_29" HPOS="234" VPOS="252" WIDTH="46" HEIGHT="21" WC="0.96" CONTENT="små"/><SP WIDTH="22" VPOS="252" HPOS="280"/>
							<String ID="string_30" HPOS="302" VPOS="251" WIDTH="59" HEIGHT="28" WC="0.96" CONTENT="barn;"/><SP WIDTH="25" VPOS="251" HPOS="361"/>
							<String ID="string_31" HPOS="386" VPOS="253" WIDTH="26" HEIGHT="22" WC="0.96" CONTENT="30"/><SP WIDTH="23" VPOS="253" HPOS="412"/>
							<String ID="string_32" HPOS="435" VPOS="253" WIDTH="66" HEIGHT="27" WC="0.96" CONTENT="dagar"/><SP WIDTH="24" VPOS="253" HPOS="501"/>
							<String ID="string_33" HPOS="525" VPOS="255" WIDTH="26" HEIGHT="20" WC="0.96" CONTENT="är"/><SP WIDTH="22" VPOS="255" HPOS="551"/>
							<String ID="string_34" HPOS="573" VPOS="253" WIDTH="87" HEIGHT="23" WC="0.96" CONTENT="alldeles"/><SP WIDTH="15" VPOS="253" HPOS="660"/>
							<String ID="string_35" HPOS="675" VPOS="253" WIDTH="34" HEIGHT="22" WC="0.96" CONTENT="för"/><SP WIDTH="15" VPOS="253" HPOS="709"/>
							<String ID="string_36" HPOS="724" VPOS="254" WIDTH="58" HEIGHT="25" WC="0.96" CONTENT="litet;"/><SP WIDTH="18" VPOS="254" HPOS="782"/>
							<String ID="string_37" HPOS="800" VPOS="254" WIDTH="66" HEIGHT="21" WC="0.96" CONTENT="under"/><SP WIDTH="15" VPOS="254" HPOS="866"/>
							<String ID="string_38" HPOS="881" VPOS="254" WIDTH="41" HEIGHT="22" WC="0.96" CONTENT="den"/><SP WIDTH="15" VPOS="254" HPOS="922"/>
							<String ID="string_39" HPOS="937" VPOS="254" WIDTH="59" HEIGHT="22" WC="0.96" CONTENT="tiden"/>
						</TextLine>
						<TextLine ID="line_4" HPOS="166" VPOS="279" WIDTH="830" HEIGHT="30">
							<String ID="string_40" HPOS="166" VPOS="279" WIDTH="72" HEIGHT="22" WC="0.96" CONTENT="kunna"/><SP WIDTH="22" VPOS="279" HPOS="238"/>
							<String ID="string_41" HPOS="260" VPOS="279" WIDTH="105" HEIGHT="28" WC="0.96" CONTENT="knappast"/><SP WIDTH="21" VPOS="279" HPOS="365"/>
							<String ID="string_42" HPOS="386" VPOS="282" WIDTH="65" HEIGHT="27" WC="0.96" CONTENT="några"/><SP WIDTH="22" VPOS="282" HPOS="451"/>
							<String ID="string_43" HPOS="473" VPOS="281" WIDTH="102" HEIGHT="28" WC="0.95" CONTENT="framsteg"/><SP WIDTH="21" VPOS="281" HPOS="575"/>
							<String ID="string_44" HPOS="596" VPOS="284" WIDTH="69" HEIGHT="25" WC="0.95" CONTENT="göras."/><SP WIDTH="30" VPOS="284" HPOS="665"/>
							<String ID="string_45" HPOS="695" VPOS="283" WIDTH="34" HEIGHT="22" WC="0.96" CONTENT="De"/><SP WIDTH="18" VPOS="283" HPOS="729"/>
							<String ID="string_46" HPOS="747" VPOS="283" WIDTH="69" HEIGHT="21" WC="0.96" CONTENT="måste"/><SP WIDTH="15" VPOS="283" HPOS="816"/>
							<String ID="string_47" HPOS="831" VPOS="282" WIDTH="21" HEIGHT="22" WC="0.96" CONTENT="få"/><SP WIDTH="14" VPOS="282" HPOS="852"/>
							<String ID="string_48" HPOS="866" VPOS="288" WIDTH="24" HEIGHT="16" WC="0.96" CONTENT="se"/><SP WIDTH="14" VPOS="288" HPOS="890"/>
							<String ID="string_49" HPOS="904" VPOS="283" WIDTH="32" HEIGHT="26" WC="0.93" CONTENT="sig"/><SP WIDTH="15" VPOS="283" HPOS="936"/>
							<String ID="string_50" HPOS="951" VPOS="289" WIDTH="45" HEIGHT="15" WC="0.92" CONTENT="om-"/>
						</TextLine>
						<TextLine ID="line_5" HPOS="164" VPOS="307" WIDTH="831" HEIGHT="32">
							<String ID="string_51" HPOS="164" VPOS="307" WIDTH="62" HEIGHT="27" WC="0.96" CONTENT="kring"/><SP WIDTH="16" VPOS="307" HPOS="226"/>
							<String ID="string_52" HPOS="242" VPOS="307" WIDTH="39" HEIGHT="22" WC="0.96" CONTENT="och"/><SP WIDTH="15" VPOS="307" HPOS="281"/>
							<String ID="string_53" HPOS="296" VPOS="309" WIDTH="105" HEIGHT="22" WC="0.96" CONTENT="orientera"/><SP WIDTH="14" VPOS="309" HPOS="401"/>
							<String ID="string_54" HPOS="415" VPOS="310" WIDTH="32" HEIGHT="28" WC="0.96" CONTENT="sig"/><SP WIDTH="14" VPOS="310" HPOS="447"/>
							<String ID="string_55" HPOS="461" VPOS="310" WIDTH="48" HEIGHT="22" WC="0.96" CONTENT="litet"/><SP WIDTH="14" VPOS="310" HPOS="509"/>
							<String ID="string_56" HPOS="523" VPOS="311" WIDTH="7" HEIGHT="21" WC="0.96" CONTENT="i"/><SP WIDTH="16" VPOS="311" HPOS="530"/>
							<String ID="string_57" HPOS="546" VPOS="311" WIDTH="32" HEIGHT="22" WC="0.96" CONTENT="sin"/><SP WIDTH="15" VPOS="311" HPOS="578"/>
							<String ID="string_58" HPOS="593" VPOS="317" WIDTH="41" HEIGHT="22" WC="0.96" CONTENT="nya"/><SP WIDTH="15" VPOS="317" HPOS="634"/>
							<String ID="string_59" HPOS="649" VPOS="311" WIDTH="107" HEIGHT="27" WC="0.96" CONTENT="ställning."/><SP WIDTH="31" VPOS="311" HPOS="756"/>
							<String ID="string_60" HPOS="787" VPOS="311" WIDTH="11" HEIGHT="22" WC="0.93" CONTENT="I"/><SP WIDTH="15" VPOS="311" HPOS="798"/>
							<String ID="string_61" HPOS="813" VPOS="311" WIDTH="116" HEIGHT="22" WC="0.95" CONTENT="utskottets"/><SP WIDTH="23" VPOS="311" HPOS="929"/>
							<String ID="string_62" HPOS="952" VPOS="311" WIDTH="43" HEIGHT="22" WC="0.95" CONTENT="bet."/>
						</TextLine>
						<TextLine ID="line_6" HPOS="164" VPOS="337" WIDTH="832" HEIGHT="28">
							<String ID="string_63" HPOS="164" VPOS="337" WIDTH="68" HEIGHT="26" WC="0.96" CONTENT="säges,"/><SP WIDTH="24" VPOS="337" HPOS="232"/>
							<String ID="string_64" HPOS="256" VPOS="338" WIDTH="33" HEIGHT="20" WC="0.96" CONTENT="att"/><SP WIDTH="22" VPOS="338" HPOS="289"/>
							<String ID="string_65" HPOS="311" VPOS="337" WIDTH="111" HEIGHT="28" WC="0.96" CONTENT="tillräcklig"/><SP WIDTH="15" VPOS="337" HPOS="422"/>
							<String ID="string_66" HPOS="437" VPOS="338" WIDTH="121" HEIGHT="23" WC="0.93" CONTENT="erfarenhet"/><SP WIDTH="16" VPOS="338" HPOS="558"/>
							<String ID="string_67" HPOS="574" VPOS="339" WIDTH="128" HEIGHT="22" WC="0.91" CONTENT="härutinnan"/><SP WIDTH="16" VPOS="339" HPOS="702"/>
							<String ID="string_68" HPOS="718" VPOS="339" WIDTH="77" HEIGHT="22" WC="0.95" CONTENT="hittills"/><SP WIDTH="15" VPOS="339" HPOS="795"/>
							<String ID="string_69" HPOS="810" VPOS="341" WIDTH="56" HEIGHT="20" WC="0.96" CONTENT="ännu"/><SP WIDTH="15" VPOS="341" HPOS="866"/>
							<String ID="string_70" HPOS="881" VPOS="339" WIDTH="47" HEIGHT="22" WC="0.93" CONTENT="icke"/><SP WIDTH="14" VPOS="339" HPOS="928"/>
							<String ID="string_71" HPOS="942" VPOS="339" WIDTH="54" HEIGHT="22" WC="0.92" CONTENT="kun-"/>
						</TextLine>
						<TextLine ID="line_7" HPOS="164" VPOS="365" WIDTH="832" HEIGHT="30">
							<String ID="string_72" HPOS="164" VPOS="366" WIDTH="38" HEIGHT="19" WC="0.95" CONTENT="nat"/><SP WIDTH="22" VPOS="366" HPOS="202"/>
							<String ID="string_73" HPOS="224" VPOS="365" WIDTH="80" HEIGHT="22" WC="0.96" CONTENT="vinnas."/><SP WIDTH="30" VPOS="365" HPOS="304"/>
							<String ID="string_74" HPOS="334" VPOS="366" WIDTH="41" HEIGHT="27" WC="0.96" CONTENT="Jag"/><SP WIDTH="21" VPOS="366" HPOS="375"/>
							<String ID="string_75" HPOS="396" VPOS="369" WIDTH="45" HEIGHT="20" WC="0.96" CONTENT="tror"/><SP WIDTH="22" VPOS="369" HPOS="441"/>
							<String ID="string_76" HPOS="463" VPOS="369" WIDTH="33" HEIGHT="20" WC="0.96" CONTENT="att"/><SP WIDTH="23" VPOS="369" HPOS="496"/>
							<String ID="string_77" HPOS="519" VPOS="367" WIDTH="71" HEIGHT="22" WC="0.96" CONTENT="denna"/><SP WIDTH="14" VPOS="367" HPOS="590"/>
							<String ID="string_78" HPOS="604" VPOS="367" WIDTH="122" HEIGHT="22" WC="0.96" CONTENT="erfarenhet"/><SP WIDTH="15" VPOS="367" HPOS="726"/>
							<String ID="string_79" HPOS="741" VPOS="370" WIDTH="25" HEIGHT="19" WC="0.96" CONTENT="är"/><SP WIDTH="14" VPOS="370" HPOS="766"/>
							<String ID="string_80" HPOS="780" VPOS="367" WIDTH="77" HEIGHT="28" WC="0.96" CONTENT="tydligt"/><SP WIDTH="15" VPOS="367" HPOS="857"/>
							<String ID="string_81" HPOS="872" VPOS="367" WIDTH="87" HEIGHT="22" WC="0.96" CONTENT="bevisad"/><SP WIDTH="16" VPOS="367" HPOS="959"/>
							<String ID="string_82" HPOS="975" VPOS="368" WIDTH="21" HEIGHT="22" WC="0.96" CONTENT="af"/>
						</TextLine>
						<TextLine ID="line_8" HPOS="165" VPOS="392" WIDTH="830" HEIGHT="31">
							<String ID="string_83" HPOS="165" VPOS="392" WIDTH="150" HEIGHT="24" WC="0.92" CONTENT="fackmännens"/><SP WIDTH="22" VPOS="392" HPOS="315"/>
							<String ID="string_84" HPOS="337" VPOS="395" WIDTH="40" HEIGHT="22" WC="0.96" CONTENT="och"/><SP WIDTH="22" VPOS="395" HPOS="377"/>
							<String ID="string_85" HPOS="399" VPOS="395" WIDTH="106" HEIGHT="23" WC="0.96" CONTENT="chefernas"/><SP WIDTH="23" VPOS="395" HPOS="505"/>
							<String ID="string_86" HPOS="528" VPOS="396" WIDTH="33" HEIGHT="21" WC="0.93" CONTENT="för"/><SP WIDTH="15" VPOS="396" HPOS="561"/>
							<String ID="string_87" HPOS="576" VPOS="396" WIDTH="147" HEIGHT="27" WC="0.89" CONTENT="bataljonerna"/><SP WIDTH="16" VPOS="396" HPOS="723"/>
							<String ID="string_88" HPOS="739" VPOS="396" WIDTH="140" HEIGHT="27" WC="0.90" CONTENT="öfvertygelse"/><SP WIDTH="15" VPOS="396" HPOS="879"/>
							<String ID="string_89" HPOS="894" VPOS="402" WIDTH="34" HEIGHT="15" WC="0.93" CONTENT="om"/><SP WIDTH="16" VPOS="402" HPOS="928"/>
							<String ID="string_90" HPOS="944" VPOS="397" WIDTH="51" HEIGHT="21" WC="0.90" CONTENT="nöd-"/>
						</TextLine>
						<TextLine ID="line_9" HPOS="165" VPOS="421" WIDTH="831" HEIGHT="31">
							<String ID="string_91" HPOS="165" VPOS="421" WIDTH="141" HEIGHT="28" WC="0.91" CONTENT="vändigheten"/><SP WIDTH="14" VPOS="421" HPOS="306"/>
							<String ID="string_92" HPOS="320" VPOS="423" WIDTH="22" HEIGHT="22" WC="0.96" CONTENT="af"/><SP WIDTH="14" VPOS="423" HPOS="342"/>
							<String ID="string_93" HPOS="356" VPOS="425" WIDTH="32" HEIGHT="20" WC="0.96" CONTENT="att"/><SP WIDTH="14" VPOS="425" HPOS="388"/>
							<String ID="string_94" HPOS="402" VPOS="423" WIDTH="55" HEIGHT="28" WC="0.96" CONTENT="gifva"/><SP WIDTH="14" VPOS="423" HPOS="457"/>
							<String ID="string_95" HPOS="471" VPOS="424" WIDTH="104" HEIGHT="27" WC="0.96" CONTENT="styrelsen"/><SP WIDTH="16" VPOS="424" HPOS="575"/>
							<String ID="string_96" HPOS="591" VPOS="425" WIDTH="103" HEIGHT="27" WC="0.96" CONTENT="rättighet"/><SP WIDTH="15" VPOS="425" HPOS="694"/>
							<String ID="string_97" HPOS="709" VPOS="427" WIDTH="33" HEIGHT="20" WC="0.96" CONTENT="att"/><SP WIDTH="16" VPOS="427" HPOS="742"/>
							<String ID="string_98" HPOS="758" VPOS="424" WIDTH="46" HEIGHT="22" WC="0.95" CONTENT="fritt"/><SP WIDTH="11" VPOS="424" HPOS="804"/>
							<String ID="string_99" HPOS="815" VPOS="424" WIDTH="112" HEIGHT="27" WC="0.96" CONTENT="disponera"/><SP WIDTH="11" VPOS="424" HPOS="927"/>
							<String ID="string_100" HPOS="938" VPOS="424" WIDTH="58" HEIGHT="22" WC="0.96" CONTENT="öfver"/>
						</TextLine>
						<TextLine ID="line_10" HPOS="166" VPOS="450" WIDTH="828" HEIGHT="29">
							<String ID="string_101" HPOS="166" VPOS="450" WIDTH="41" HEIGHT="21" WC="0.96" CONTENT="den"/><SP WIDTH="23" VPOS="450" HPOS="207"/>
							<String ID="string_102" HPOS="230" VPOS="451" WIDTH="31" HEIGHT="21" WC="0.96" CONTENT="tid"/><SP WIDTH="22" VPOS="451" HPOS="261"/>
							<String ID="string_103" HPOS="283" VPOS="451" WIDTH="23" HEIGHT="22" WC="0.96" CONTENT="af"/><SP WIDTH="12" VPOS="451" HPOS="306"/>
							<String ID="string_104" HPOS="318" VPOS="453" WIDTH="28" HEIGHT="20" WC="0.95" CONTENT="90"/><SP WIDTH="15" VPOS="453" HPOS="346"/>
							<String ID="string_105" HPOS="361" VPOS="451" WIDTH="70" HEIGHT="28" WC="0.95" CONTENT="dagar,"/><SP WIDTH="16" VPOS="451" HPOS="431"/>
							<String ID="string_106" HPOS="447" VPOS="459" WIDTH="45" HEIGHT="16" WC="0.96" CONTENT="som"/><SP WIDTH="15" VPOS="459" HPOS="492"/>
							<String ID="string_107" HPOS="507" VPOS="455" WIDTH="24" HEIGHT="20" WC="0.96" CONTENT="är"/><SP WIDTH="16" VPOS="455" HPOS="531"/>
							<String ID="string_108" HPOS="547" VPOS="453" WIDTH="97" HEIGHT="22" WC="0.96" CONTENT="bestämd"/><SP WIDTH="15" VPOS="453" HPOS="644"/>
							<String ID="string_109" HPOS="659" VPOS="453" WIDTH="33" HEIGHT="22" WC="0.93" CONTENT="för"/><SP WIDTH="14" VPOS="453" HPOS="692"/>
							<String ID="string_110" HPOS="706" VPOS="459" WIDTH="112" HEIGHT="16" WC="0.92" CONTENT="reservens"/><SP WIDTH="16" VPOS="459" HPOS="818"/>
							<String ID="string_111" HPOS="834" VPOS="453" WIDTH="160" HEIGHT="26" WC="0.91" CONTENT="öfningsmöten."/>
						</TextLine>
						<TextLine ID="line_11" HPOS="165" VPOS="478" WIDTH="830" HEIGHT="31">
							<String ID="string_112" HPOS="165" VPOS="478" WIDTH="44" HEIGHT="21" WC="0.95" CONTENT="För"/><SP WIDTH="23" VPOS="478" HPOS="209"/>
							<String ID="string_113" HPOS="232" VPOS="479" WIDTH="43" HEIGHT="22" WC="0.94" CONTENT="min"/><SP WIDTH="23" VPOS="479" HPOS="275"/>
							<String ID="string_114" HPOS="298" VPOS="480" WIDTH="33" HEIGHT="22" WC="0.94" CONTENT="del"/><SP WIDTH="15" VPOS="480" HPOS="331"/>
							<String ID="string_115" HPOS="346" VPOS="486" WIDTH="62" HEIGHT="16" WC="0.96" CONTENT="anser"/><SP WIDTH="11" VPOS="486" HPOS="408"/>
							<String ID="string_116" HPOS="419" VPOS="481" WIDTH="37" HEIGHT="27" WC="0.96" CONTENT="jag"/><SP WIDTH="15" VPOS="481" HPOS="456"/>
							<String ID="string_117" HPOS="471" VPOS="481" WIDTH="32" HEIGHT="21" WC="0.96" CONTENT="till"/><SP WIDTH="16" VPOS="481" HPOS="503"/>
							<String ID="string_118" HPOS="519" VPOS="481" WIDTH="40" HEIGHT="22" WC="0.96" CONTENT="och"/><SP WIDTH="16" VPOS="481" HPOS="559"/>
							<String ID="string_119" HPOS="575" VPOS="482" WIDTH="48" HEIGHT="22" WC="0.96" CONTENT="med"/><SP WIDTH="15" VPOS="482" HPOS="623"/>
							<String ID="string_120" HPOS="638" VPOS="483" WIDTH="28" HEIGHT="20" WC="0.95" CONTENT="90"/><SP WIDTH="16" VPOS="483" HPOS="666"/>
							<String ID="string_121" HPOS="682" VPOS="482" WIDTH="67" HEIGHT="27" WC="0.96" CONTENT="dagar"/><SP WIDTH="15" VPOS="482" HPOS="749"/>
							<String ID="string_122" HPOS="764" VPOS="488" WIDTH="52" HEIGHT="15" WC="0.96" CONTENT="vara"/><SP WIDTH="15" VPOS="488" HPOS="816"/>
							<String ID="string_123" HPOS="831" VPOS="481" WIDTH="33" HEIGHT="21" WC="0.96" CONTENT="för"/><SP WIDTH="14" VPOS="481" HPOS="864"/>
							<String ID="string_124" HPOS="878" VPOS="481" WIDTH="53" HEIGHT="26" WC="0.96" CONTENT="litet,"/><SP WIDTH="15" VPOS="481" HPOS="931"/>
							<String ID="string_125" HPOS="946" VPOS="487" WIDTH="49" HEIGHT="16" WC="0.96" CONTENT="men"/>
						</TextLine>
						<TextLine ID="line_12" HPOS="167" VPOS="507" WIDTH="829" HEIGHT="30">
							<String ID="string_126" HPOS="167" VPOS="507" WIDTH="26" HEIGHT="21" WC="0.96" CONTENT="då"/><SP WIDTH="16" VPOS="507" HPOS="193"/>
							<String ID="string_127" HPOS="209" VPOS="507" WIDTH="35" HEIGHT="22" WC="0.96" CONTENT="det"/><SP WIDTH="16" VPOS="507" HPOS="244"/>
							<String ID="string_128" HPOS="260" VPOS="510" WIDTH="24" HEIGHT="19" WC="0.93" CONTENT="är"/><SP WIDTH="14" VPOS="510" HPOS="284"/>
							<String ID="string_129" HPOS="298" VPOS="509" WIDTH="179" HEIGHT="28" WC="0.91" CONTENT="grundlagsenligt"/><SP WIDTH="15" VPOS="509" HPOS="477"/>
							<String ID="string_130" HPOS="492" VPOS="510" WIDTH="40" HEIGHT="21" WC="0.96" CONTENT="och"/><SP WIDTH="15" VPOS="510" HPOS="532"/>
							<String ID="string_131" HPOS="547" VPOS="510" WIDTH="82" HEIGHT="22" WC="0.96" CONTENT="således"/><SP WIDTH="15" VPOS="510" HPOS="629"/>
							<String ID="string_132" HPOS="644" VPOS="510" WIDTH="47" HEIGHT="22" WC="0.96" CONTENT="icke"/><SP WIDTH="15" VPOS="510" HPOS="691"/>
							<String ID="string_133" HPOS="706" VPOS="511" WIDTH="43" HEIGHT="21" WC="0.92" CONTENT="kan"/><SP WIDTH="16" VPOS="511" HPOS="749"/>
							<String ID="string_134" HPOS="765" VPOS="510" WIDTH="148" HEIGHT="26" WC="0.91" CONTENT="öfverskridas,"/><SP WIDTH="20" VPOS="510" HPOS="913"/>
							<String ID="string_135" HPOS="933" VPOS="510" WIDTH="23" HEIGHT="21" WC="0.96" CONTENT="så"/><SP WIDTH="15" VPOS="510" HPOS="956"/>
							<String ID="string_136" HPOS="971" VPOS="511" WIDTH="25" HEIGHT="20" WC="0.96" CONTENT="är"/>
						</TextLine>
						<TextLine ID="line_13" HPOS="166" VPOS="535" WIDTH="830" HEIGHT="30">
							<String ID="string_137" HPOS="166" VPOS="535" WIDTH="36" HEIGHT="22" WC="0.96" CONTENT="det"/><SP WIDTH="15" VPOS="535" HPOS="202"/>
							<String ID="string_138" HPOS="217" VPOS="536" WIDTH="33" HEIGHT="21" WC="0.96" CONTENT="väl"/><SP WIDTH="15" VPOS="536" HPOS="250"/>
							<String ID="string_139" HPOS="265" VPOS="536" WIDTH="49" HEIGHT="22" WC="0.96" CONTENT="bäst"/><SP WIDTH="14" VPOS="536" HPOS="314"/>
							<String ID="string_140" HPOS="328" VPOS="539" WIDTH="33" HEIGHT="20" WC="0.96" CONTENT="att"/><SP WIDTH="14" VPOS="539" HPOS="361"/>
							<String ID="string_141" HPOS="375" VPOS="537" WIDTH="44" HEIGHT="22" WC="0.96" CONTENT="låta"/><SP WIDTH="14" VPOS="537" HPOS="419"/>
							<String ID="string_142" HPOS="433" VPOS="538" WIDTH="78" HEIGHT="22" WC="0.96" CONTENT="befälet"/><SP WIDTH="16" VPOS="538" HPOS="511"/>
							<String ID="string_143" HPOS="527" VPOS="539" WIDTH="129" HEIGHT="21" WC="0.96" CONTENT="åtminstone"/><SP WIDTH="15" VPOS="539" HPOS="656"/>
							<String ID="string_144" HPOS="671" VPOS="539" WIDTH="47" HEIGHT="21" WC="0.96" CONTENT="fritt"/><SP WIDTH="16" VPOS="539" HPOS="718"/>
							<String ID="string_145" HPOS="734" VPOS="539" WIDTH="114" HEIGHT="26" WC="0.95" CONTENT="disponera"/><SP WIDTH="10" VPOS="539" HPOS="848"/>
							<String ID="string_146" HPOS="858" VPOS="538" WIDTH="58" HEIGHT="21" WC="0.96" CONTENT="öfver"/><SP WIDTH="10" VPOS="538" HPOS="916"/>
							<String ID="string_147" HPOS="926" VPOS="538" WIDTH="70" HEIGHT="21" WC="0.96" CONTENT="denna"/>
						</TextLine>
						<TextLine ID="line_14" HPOS="165" VPOS="563" WIDTH="830" HEIGHT="31">
							<String ID="string_148" HPOS="165" VPOS="563" WIDTH="37" HEIGHT="22" WC="0.95" CONTENT="tid."/><SP WIDTH="30" VPOS="563" HPOS="202"/>
							<String ID="string_149" HPOS="232" VPOS="565" WIDTH="41" HEIGHT="26" WC="0.95" CONTENT="Jag"/><SP WIDTH="22" VPOS="565" HPOS="273"/>
							<String ID="string_150" HPOS="295" VPOS="565" WIDTH="35" HEIGHT="22" WC="0.96" CONTENT="vill"/><SP WIDTH="23" VPOS="565" HPOS="330"/>
							<String ID="string_151" HPOS="353" VPOS="566" WIDTH="46" HEIGHT="21" WC="0.96" CONTENT="icke"/><SP WIDTH="22" VPOS="566" HPOS="399"/>
							<String ID="string_152" HPOS="421" VPOS="567" WIDTH="114" HEIGHT="27" WC="0.96" CONTENT="uppehålla"/><SP WIDTH="23" VPOS="567" HPOS="535"/>
							<String ID="string_153" HPOS="558" VPOS="567" WIDTH="36" HEIGHT="22" WC="0.93" CONTENT="det"/><SP WIDTH="22" VPOS="567" HPOS="594"/>
							<String ID="string_154" HPOS="616" VPOS="567" WIDTH="114" HEIGHT="27" WC="0.92" CONTENT="höglofliga"/><SP WIDTH="23" VPOS="567" HPOS="730"/>
							<String ID="string_155" HPOS="753" VPOS="567" WIDTH="86" HEIGHT="22" WC="0.96" CONTENT="ståndet"/><SP WIDTH="22" VPOS="567" HPOS="839"/>
							<String ID="string_156" HPOS="861" VPOS="567" WIDTH="49" HEIGHT="21" WC="0.95" CONTENT="med"/><SP WIDTH="20" VPOS="567" HPOS="910"/>
							<String ID="string_157" HPOS="930" VPOS="567" WIDTH="65" HEIGHT="26" WC="0.96" CONTENT="något"/>
						</TextLine>
						<TextLine ID="line_15" HPOS="166" VPOS="592" WIDTH="830" HEIGHT="30">
							<String ID="string_158" HPOS="166" VPOS="592" WIDTH="142" HEIGHT="29" WC="0.91" CONTENT="andragande,"/><SP WIDTH="24" VPOS="592" HPOS="308"/>
							<String ID="string_159" HPOS="332" VPOS="594" WIDTH="33" HEIGHT="25" WC="0.95" CONTENT="då,"/><SP WIDTH="23" VPOS="594" HPOS="365"/>
							<String ID="string_160" HPOS="388" VPOS="595" WIDTH="69" HEIGHT="22" WC="0.96" CONTENT="såsom"/><SP WIDTH="20" VPOS="595" HPOS="457"/>
							<String ID="string_161" HPOS="477" VPOS="595" WIDTH="37" HEIGHT="27" WC="0.96" CONTENT="jag"/><SP WIDTH="21" VPOS="595" HPOS="514"/>
							<String ID="string_162" HPOS="535" VPOS="596" WIDTH="67" HEIGHT="21" WC="0.93" CONTENT="redan"/><SP WIDTH="16" VPOS="596" HPOS="602"/>
							<String ID="string_163" HPOS="618" VPOS="596" WIDTH="58" HEIGHT="26" WC="0.93" CONTENT="sade,"/><SP WIDTH="16" VPOS="596" HPOS="676"/>
							<String ID="string_164" HPOS="692" VPOS="595" WIDTH="58" HEIGHT="22" WC="0.88" CONTENT="Frih."/><SP WIDTH="18" VPOS="595" HPOS="750"/>
							<String ID="string_165" HPOS="768" VPOS="595" WIDTH="94" HEIGHT="22" WC="0.96" CONTENT="Aminoff"/><SP WIDTH="13" VPOS="595" HPOS="862"/>
							<String ID="string_166" HPOS="875" VPOS="595" WIDTH="24" HEIGHT="22" WC="0.93" CONTENT="så"/><SP WIDTH="15" VPOS="595" HPOS="899"/>
							<String ID="string_167" HPOS="914" VPOS="595" WIDTH="82" HEIGHT="22" WC="0.92" CONTENT="sakrikt"/>
						</TextLine>
						<TextLine ID="line_16" HPOS="165" VPOS="621" WIDTH="830" HEIGHT="30">
							<String ID="string_168" HPOS="165" VPOS="621" WIDTH="109" HEIGHT="22" WC="0.95" CONTENT="utvecklat"/><SP WIDTH="22" VPOS="621" HPOS="274"/>
							<String ID="string_169" HPOS="296" VPOS="622" WIDTH="125" HEIGHT="23" WC="0.96" CONTENT="hithörande"/><SP WIDTH="23" VPOS="622" HPOS="421"/>
							<String ID="string_170" HPOS="444" VPOS="623" WIDTH="65" HEIGHT="28" WC="0.96" CONTENT="fråga,"/><SP WIDTH="23" VPOS="623" HPOS="509"/>
							<String ID="string_171" HPOS="532" VPOS="626" WIDTH="52" HEIGHT="19" WC="0.96" CONTENT="utan"/><SP WIDTH="18" VPOS="626" HPOS="584"/>
							<String ID="string_172" HPOS="602" VPOS="624" WIDTH="38" HEIGHT="22" WC="0.96" CONTENT="ber"/><SP WIDTH="12" VPOS="624" HPOS="640"/>
							<String ID="string_173" HPOS="652" VPOS="625" WIDTH="38" HEIGHT="26" WC="0.96" CONTENT="jag"/><SP WIDTH="16" VPOS="625" HPOS="690"/>
							<String ID="string_174" HPOS="706" VPOS="624" WIDTH="56" HEIGHT="21" WC="0.96" CONTENT="blott"/><SP WIDTH="16" VPOS="624" HPOS="762"/>
							<String ID="string_175" HPOS="778" VPOS="626" WIDTH="32" HEIGHT="19" WC="0.96" CONTENT="att"/><SP WIDTH="15" VPOS="626" HPOS="810"/>
							<String ID="string_176" HPOS="825" VPOS="624" WIDTH="21" HEIGHT="21" WC="0.96" CONTENT="få"/><SP WIDTH="14" VPOS="624" HPOS="846"/>
							<String ID="string_177" HPOS="860" VPOS="623" WIDTH="84" HEIGHT="28" WC="0.96" CONTENT="påpeka"/><SP WIDTH="15" VPOS="623" HPOS="944"/>
							<String ID="string_178" HPOS="959" VPOS="624" WIDTH="36" HEIGHT="21" WC="0.96" CONTENT="det"/>
						</TextLine>
						<TextLine ID="line_17" HPOS="162" VPOS="648" WIDTH="833" HEIGHT="31">
							<String ID="string_179" HPOS="162" VPOS="648" WIDTH="38" HEIGHT="28" WC="0.96" CONTENT="jag"/><SP WIDTH="14" VPOS="648" HPOS="200"/>
							<String ID="string_180" HPOS="214" VPOS="649" WIDTH="7" HEIGHT="21" WC="0.96" CONTENT="i"/><SP WIDTH="17" VPOS="649" HPOS="221"/>
							<String ID="string_181" HPOS="238" VPOS="649" WIDTH="67" HEIGHT="23" WC="0.96" CONTENT="likhet"/><SP WIDTH="15" VPOS="649" HPOS="305"/>
							<String ID="string_182" HPOS="320" VPOS="651" WIDTH="48" HEIGHT="22" WC="0.96" CONTENT="med"/><SP WIDTH="15" VPOS="651" HPOS="368"/>
							<String ID="string_183" HPOS="383" VPOS="651" WIDTH="55" HEIGHT="22" WC="0.96" CONTENT="hvad"/><SP WIDTH="15" VPOS="651" HPOS="438"/>
							<String ID="string_184" HPOS="453" VPOS="652" WIDTH="32" HEIGHT="21" WC="0.96" CONTENT="Hr"/><SP WIDTH="16" VPOS="652" HPOS="485"/>
							<String ID="string_185" HPOS="501" VPOS="652" WIDTH="130" HEIGHT="22" WC="0.96" CONTENT="Oker-Blom"/><SP WIDTH="15" VPOS="652" HPOS="631"/>
							<String ID="string_186" HPOS="646" VPOS="653" WIDTH="66" HEIGHT="21" WC="0.96" CONTENT="redan"/><SP WIDTH="21" VPOS="653" HPOS="712"/>
							<String ID="string_187" HPOS="733" VPOS="652" WIDTH="122" HEIGHT="27" WC="0.81" CONTENT="framhållit,"/><SP WIDTH="23" VPOS="652" HPOS="855"/>
							<String ID="string_188" HPOS="878" VPOS="658" WIDTH="63" HEIGHT="15" WC="0.95" CONTENT="anser"/><SP WIDTH="22" VPOS="658" HPOS="941"/>
							<String ID="string_189" HPOS="963" VPOS="654" WIDTH="32" HEIGHT="19" WC="0.97" CONTENT="att"/>
						</TextLine>
						<TextLine ID="line_18" HPOS="166" VPOS="677" WIDTH="828" HEIGHT="31">
							<String ID="string_190" HPOS="166" VPOS="677" WIDTH="36" HEIGHT="22" WC="0.95" CONTENT="det"/><SP WIDTH="15" VPOS="677" HPOS="202"/>
							<String ID="string_191" HPOS="217" VPOS="684" WIDTH="51" HEIGHT="16" WC="0.93" CONTENT="vore"/><SP WIDTH="16" VPOS="684" HPOS="268"/>
							<String ID="string_192" HPOS="284" VPOS="679" WIDTH="166" HEIGHT="28" WC="0.90" CONTENT="fördelaktigast,"/><SP WIDTH="17" VPOS="679" HPOS="450"/>
							<String ID="string_193" HPOS="467" VPOS="687" WIDTH="34" HEIGHT="15" WC="0.92" CONTENT="om"/><SP WIDTH="16" VPOS="687" HPOS="501"/>
							<String ID="string_194" HPOS="517" VPOS="681" WIDTH="141" HEIGHT="27" WC="0.91" CONTENT="öfningstiden"/><SP WIDTH="17" VPOS="681" HPOS="658"/>
							<String ID="string_195" HPOS="675" VPOS="681" WIDTH="70" HEIGHT="21" WC="0.96" CONTENT="skulle"/><SP WIDTH="16" VPOS="681" HPOS="745"/>
							<String ID="string_196" HPOS="761" VPOS="680" WIDTH="92" HEIGHT="22" WC="0.96" CONTENT="fördelas"/><SP WIDTH="15" VPOS="680" HPOS="853"/>
							<String ID="string_197" HPOS="868" VPOS="681" WIDTH="29" HEIGHT="25" WC="0.96" CONTENT="så,"/><SP WIDTH="16" VPOS="681" HPOS="897"/>
							<String ID="string_198" HPOS="913" VPOS="682" WIDTH="32" HEIGHT="19" WC="0.95" CONTENT="att"/><SP WIDTH="22" VPOS="682" HPOS="945"/>
							<String ID="string_199" HPOS="967" VPOS="681" WIDTH="27" HEIGHT="20" WC="0.95" CONTENT="65"/>
						</TextLine>
						<TextLine ID="line_19" HPOS="164" VPOS="705" WIDTH="831" HEIGHT="30">
							<String ID="string_200" HPOS="164" VPOS="705" WIDTH="14" HEIGHT="22" WC="0.89" CONTENT="å"/><SP WIDTH="23" VPOS="705" HPOS="178"/>
							<String ID="string_201" HPOS="201" VPOS="707" WIDTH="27" HEIGHT="20" WC="0.96" CONTENT="70"/><SP WIDTH="25" VPOS="707" HPOS="228"/>
							<String ID="string_202" HPOS="253" VPOS="707" WIDTH="65" HEIGHT="27" WC="0.96" CONTENT="dagar"/><SP WIDTH="22" VPOS="707" HPOS="318"/>
							<String ID="string_203" HPOS="340" VPOS="708" WIDTH="67" HEIGHT="21" WC="0.96" CONTENT="skulle"/><SP WIDTH="22" VPOS="708" HPOS="407"/>
							<String ID="string_204" HPOS="429" VPOS="709" WIDTH="70" HEIGHT="22" WC="0.95" CONTENT="anslås"/><SP WIDTH="21" VPOS="709" HPOS="499"/>
							<String ID="string_205" HPOS="520" VPOS="709" WIDTH="32" HEIGHT="22" WC="0.96" CONTENT="till"/><SP WIDTH="16" VPOS="709" HPOS="552"/>
							<String ID="string_206" HPOS="568" VPOS="710" WIDTH="36" HEIGHT="21" WC="0.96" CONTENT="det"/><SP WIDTH="15" VPOS="710" HPOS="604"/>
							<String ID="string_207" HPOS="619" VPOS="709" WIDTH="67" HEIGHT="22" WC="0.93" CONTENT="första"/><SP WIDTH="15" VPOS="709" HPOS="686"/>
							<String ID="string_208" HPOS="701" VPOS="709" WIDTH="152" HEIGHT="26" WC="0.92" CONTENT="öfningsmötet"/><SP WIDTH="17" VPOS="709" HPOS="853"/>
							<String ID="string_209" HPOS="870" VPOS="709" WIDTH="38" HEIGHT="21" WC="0.96" CONTENT="och"/><SP WIDTH="16" VPOS="709" HPOS="908"/>
							<String ID="string_210" HPOS="924" VPOS="710" WIDTH="71" HEIGHT="20" WC="0.96" CONTENT="resten"/>
						</TextLine>
						<TextLine ID="line_20" HPOS="164" VPOS="733" WIDTH="830" HEIGHT="32">
							<String ID="string_211" HPOS="164" VPOS="733" WIDTH="34" HEIGHT="22" WC="0.93" CONTENT="till"/><SP WIDTH="22" VPOS="733" HPOS="198"/>
							<String ID="string_212" HPOS="220" VPOS="741" WIDTH="26" HEIGHT="15" WC="0.95" CONTENT="en"/><SP WIDTH="23" VPOS="741" HPOS="246"/>
							<String ID="string_213" HPOS="269" VPOS="736" WIDTH="119" HEIGHT="27" WC="0.96" CONTENT="repetition."/><SP WIDTH="30" VPOS="736" HPOS="388"/>
							<String ID="string_214" HPOS="418" VPOS="737" WIDTH="40" HEIGHT="28" WC="0.96" CONTENT="Jag"/><SP WIDTH="19" VPOS="737" HPOS="458"/>
							<String ID="string_215" HPOS="477" VPOS="737" WIDTH="67" HEIGHT="22" WC="0.96" CONTENT="slutar"/><SP WIDTH="15" VPOS="737" HPOS="544"/>
							<String ID="string_216" HPOS="559" VPOS="739" WIDTH="49" HEIGHT="20" WC="0.96" CONTENT="mad"/><SP WIDTH="15" VPOS="739" HPOS="608"/>
							<String ID="string_217" HPOS="623" VPOS="740" WIDTH="32" HEIGHT="19" WC="0.96" CONTENT="att"/><SP WIDTH="15" VPOS="740" HPOS="655"/>
							<String ID="string_218" HPOS="670" VPOS="737" WIDTH="130" HEIGHT="28" WC="0.95" CONTENT="fullkomligt"/><SP WIDTH="15" VPOS="737" HPOS="800"/>
							<String ID="string_219" HPOS="815" VPOS="737" WIDTH="73" HEIGHT="22" WC="0.96" CONTENT="förena"/><SP WIDTH="14" VPOS="737" HPOS="888"/>
							<String ID="string_220" HPOS="902" VPOS="737" WIDTH="43" HEIGHT="26" WC="0.96" CONTENT="mig"/><SP WIDTH="15" VPOS="737" HPOS="945"/>
							<String ID="string_221" HPOS="960" VPOS="743" WIDTH="34" HEIGHT="15" WC="0.97" CONTENT="om"/>
						</TextLine>
						<TextLine ID="line_21" HPOS="164" VPOS="763" WIDTH="508" HEIGHT="30">
							<String ID="string_222" HPOS="164" VPOS="763" WIDTH="104" HEIGHT="26" WC="0.96" CONTENT="yrkandet"/><SP WIDTH="16" VPOS="763" HPOS="268"/>
							<String ID="string_223" HPOS="284" VPOS="765" WIDTH="28" HEIGHT="26" WC="0.96" CONTENT="på"/><SP WIDTH="15" VPOS="765" HPOS="312"/>
							<String ID="string_224" HPOS="327" VPOS="765" WIDTH="40" HEIGHT="21" WC="0.96" CONTENT="den"/><SP WIDTH="15" VPOS="765" HPOS="367"/>
							<String ID="string_225" HPOS="382" VPOS="765" WIDTH="47" HEIGHT="22" WC="0.93" CONTENT="nåd."/><SP WIDTH="16" VPOS="765" HPOS="429"/>
							<String ID="string_226" HPOS="445" VPOS="773" WIDTH="85" HEIGHT="20" WC="0.88" CONTENT="prop:ns"/><SP WIDTH="16" VPOS="773" HPOS="530"/>
							<String ID="string_227" HPOS="546" VPOS="767" WIDTH="126" HEIGHT="26" WC="0.96" CONTENT="antagande."/>
						</TextLine>
					</TextBlock>
				</ComposedBlock>
				<ComposedBlock ID="cblock_3" HPOS="156" VPOS="820" WIDTH="838" HEIGHT="710">
					<TextBlock ID="block_2" HPOS="163" VPOS="820" WIDTH="831" HEIGHT="200">
						<TextLine ID="line_22" HPOS="234" VPOS="820" WIDTH="758" HEIGHT="30">
							<String ID="string_228" HPOS="234" VPOS="820" WIDTH="32" HEIGHT="21" WC="0.96" CONTENT="Hr"/><SP WIDTH="14" VPOS="820" HPOS="266"/>
							<String ID="string_229" HPOS="280" VPOS="821" WIDTH="81" HEIGHT="22" WC="0.92" CONTENT="Robert"/><SP WIDTH="10" VPOS="821" HPOS="361"/>
							<String ID="string_230" HPOS="371" VPOS="822" WIDTH="152" HEIGHT="22" WC="0.90" CONTENT="Ehrnrooth"/><SP WIDTH="9" VPOS="822" HPOS="523"/>
							<String ID="string_231" HPOS="532" VPOS="823" WIDTH="58" HEIGHT="27" WC="0.92" CONTENT="afgaf"/><SP WIDTH="8" VPOS="823" HPOS="590"/>
							<String ID="string_232" HPOS="598" VPOS="825" WIDTH="31" HEIGHT="19" WC="0.96" CONTENT="ett"/><SP WIDTH="11" VPOS="825" HPOS="629"/>
							<String ID="string_233" HPOS="640" VPOS="823" WIDTH="23" HEIGHT="22" WC="0.96" CONTENT="så"/><SP WIDTH="10" VPOS="823" HPOS="663"/>
							<String ID="string_234" HPOS="673" VPOS="823" WIDTH="93" HEIGHT="27" WC="0.96" CONTENT="lydande"/><SP WIDTH="11" VPOS="823" HPOS="766"/>
							<String ID="string_235" HPOS="777" VPOS="821" WIDTH="101" HEIGHT="28" WC="0.96" CONTENT="skriftligt"/><SP WIDTH="9" VPOS="821" HPOS="878"/>
							<String ID="string_236" HPOS="887" VPOS="821" WIDTH="105" HEIGHT="27" WC="0.95" CONTENT="yttrande:"/>
						</TextLine>
						<TextLine ID="line_23" HPOS="163" VPOS="848" WIDTH="830" HEIGHT="29">
							<String ID="string_237" HPOS="163" VPOS="848" WIDTH="159" HEIGHT="28" WC="0.92" CONTENT="Lagutskottet,"/><SP WIDTH="24" VPOS="848" HPOS="322"/>
							<String ID="string_238" HPOS="346" VPOS="850" WIDTH="33" HEIGHT="21" WC="0.96" CONTENT="till"/><SP WIDTH="24" VPOS="850" HPOS="379"/>
							<String ID="string_239" HPOS="403" VPOS="851" WIDTH="62" HEIGHT="22" WC="0.78" CONTENT="hvars"/><SP WIDTH="24" VPOS="851" HPOS="465"/>
							<String ID="string_240" HPOS="489" VPOS="851" WIDTH="155" HEIGHT="22" WC="0.96" CONTENT="förberedande"/><SP WIDTH="25" VPOS="851" HPOS="644"/>
							<String ID="string_241" HPOS="669" VPOS="851" WIDTH="132" HEIGHT="26" WC="0.96" CONTENT="behandling"/><SP WIDTH="24" VPOS="851" HPOS="801"/>
							<String ID="string_242" HPOS="825" VPOS="851" WIDTH="77" HEIGHT="26" WC="0.93" CONTENT="nådiga"/><SP WIDTH="15" VPOS="851" HPOS="902"/>
							<String ID="string_243" HPOS="917" VPOS="856" WIDTH="76" HEIGHT="21" WC="0.92" CONTENT="propo-"/>
						</TextLine>
						<TextLine ID="line_24" HPOS="163" VPOS="876" WIDTH="831" HEIGHT="31">
							<String ID="string_244" HPOS="163" VPOS="876" WIDTH="91" HEIGHT="22" WC="0.92" CONTENT="sitionen"/><SP WIDTH="25" VPOS="876" HPOS="254"/>
							<String ID="string_245" HPOS="279" VPOS="879" WIDTH="109" HEIGHT="26" WC="0.96" CONTENT="angående"/><SP WIDTH="24" VPOS="879" HPOS="388"/>
							<String ID="string_246" HPOS="412" VPOS="879" WIDTH="103" HEIGHT="22" WC="0.96" CONTENT="särskilda"/><SP WIDTH="25" VPOS="879" HPOS="515"/>
							<String ID="string_247" HPOS="540" VPOS="880" WIDTH="114" HEIGHT="27" WC="0.96" CONTENT="ändringar"/><SP WIDTH="22" VPOS="880" HPOS="654"/>
							<String ID="string_248" HPOS="676" VPOS="879" WIDTH="7" HEIGHT="22" WC="0.92" CONTENT="i"/><SP WIDTH="26" VPOS="879" HPOS="683"/>
							<String ID="string_249" HPOS="709" VPOS="879" WIDTH="193" HEIGHT="27" WC="0.91" CONTENT="värnepligtslagen"/><SP WIDTH="16" VPOS="879" HPOS="902"/>
							<String ID="string_250" HPOS="918" VPOS="878" WIDTH="20" HEIGHT="21" WC="0.96" CONTENT="af"/><SP WIDTH="15" VPOS="878" HPOS="938"/>
							<String ID="string_251" HPOS="953" VPOS="879" WIDTH="41" HEIGHT="20" WC="0.96" CONTENT="den"/>
						</TextLine>
						<TextLine ID="line_25" HPOS="165" VPOS="905" WIDTH="829" HEIGHT="30">
							<String ID="string_252" HPOS="165" VPOS="905" WIDTH="27" HEIGHT="21" WC="0.95" CONTENT="27"/><SP WIDTH="16" VPOS="905" HPOS="192"/>
							<String ID="string_253" HPOS="208" VPOS="905" WIDTH="118" HEIGHT="23" WC="0.95" CONTENT="December"/><SP WIDTH="16" VPOS="905" HPOS="326"/>
							<String ID="string_254" HPOS="342" VPOS="907" WIDTH="54" HEIGHT="22" WC="0.96" CONTENT="1878"/><SP WIDTH="15" VPOS="907" HPOS="396"/>
							<String ID="string_255" HPOS="411" VPOS="908" WIDTH="54" HEIGHT="21" WC="0.96" CONTENT="varit"/><SP WIDTH="15" VPOS="908" HPOS="465"/>
							<String ID="string_256" HPOS="480" VPOS="908" WIDTH="130" HEIGHT="27" WC="0.96" CONTENT="remitterad,"/><SP WIDTH="16" VPOS="908" HPOS="610"/>
							<String ID="string_257" HPOS="626" VPOS="908" WIDTH="39" HEIGHT="21" WC="0.96" CONTENT="har"/><SP WIDTH="14" VPOS="908" HPOS="665"/>
							<String ID="string_258" HPOS="679" VPOS="908" WIDTH="7" HEIGHT="21" WC="0.96" CONTENT="i"/><SP WIDTH="16" VPOS="908" HPOS="686"/>
							<String ID="string_259" HPOS="702" VPOS="908" WIDTH="50" HEIGHT="21" WC="0.93" CONTENT="dess"/><SP WIDTH="15" VPOS="908" HPOS="752"/>
							<String ID="string_260" HPOS="767" VPOS="907" WIDTH="78" HEIGHT="27" WC="0.91" CONTENT="afgifna"/><SP WIDTH="15" VPOS="907" HPOS="845"/>
							<String ID="string_261" HPOS="860" VPOS="907" WIDTH="134" HEIGHT="21" WC="0.96" CONTENT="betänkande"/>
						</TextLine>
						<TextLine ID="line_26" HPOS="165" VPOS="934" WIDTH="829" HEIGHT="33">
							<String ID="string_262" HPOS="165" VPOS="936" WIDTH="71" HEIGHT="19" WC="0.96" CONTENT="ansett"/><SP WIDTH="14" VPOS="936" HPOS="236"/>
							<String ID="string_263" HPOS="250" VPOS="934" WIDTH="32" HEIGHT="27" WC="0.96" CONTENT="sig"/><SP WIDTH="15" VPOS="934" HPOS="282"/>
							<String ID="string_264" HPOS="297" VPOS="935" WIDTH="52" HEIGHT="22" WC="0.93" CONTENT="böra"/><SP WIDTH="15" VPOS="935" HPOS="349"/>
							<String ID="string_265" HPOS="364" VPOS="935" WIDTH="93" HEIGHT="28" WC="0.92" CONTENT="afstyrka"/><SP WIDTH="14" VPOS="935" HPOS="457"/>
							<String ID="string_266" HPOS="471" VPOS="937" WIDTH="130" HEIGHT="21" WC="0.61" CONTENT="an.”gandet"/><SP WIDTH="15" VPOS="937" HPOS="601"/>
							<String ID="string_267" HPOS="616" VPOS="936" WIDTH="22" HEIGHT="22" WC="0.97" CONTENT="af"/><SP WIDTH="14" VPOS="936" HPOS="638"/>
							<String ID="string_268" HPOS="652" VPOS="937" WIDTH="40" HEIGHT="21" WC="0.96" CONTENT="den"/><SP WIDTH="16" VPOS="937" HPOS="692"/>
							<String ID="string_269" HPOS="708" VPOS="936" WIDTH="121" HEIGHT="27" WC="0.95" CONTENT="föreslagna"/><SP WIDTH="15" VPOS="936" HPOS="829"/>
							<String ID="string_270" HPOS="844" VPOS="935" WIDTH="150" HEIGHT="32" WC="0.96" CONTENT="förändringen"/>
						</TextLine>
						<TextLine ID="line_27" HPOS="165" VPOS="961" WIDTH="829" HEIGHT="30">
							<String ID="string_271" HPOS="165" VPOS="961" WIDTH="22" HEIGHT="22" WC="0.93" CONTENT="af"/><SP WIDTH="14" VPOS="961" HPOS="187"/>
							<String ID="string_272" HPOS="201" VPOS="962" WIDTH="127" HEIGHT="27" WC="0.93" CONTENT="stadgandet"/><SP WIDTH="14" VPOS="962" HPOS="328"/>
							<String ID="string_273" HPOS="342" VPOS="964" WIDTH="6" HEIGHT="21" WC="0.96" CONTENT="i"/><SP WIDTH="16" VPOS="964" HPOS="348"/>
							<String ID="string_274" HPOS="364" VPOS="964" WIDTH="24" HEIGHT="27" WC="0.95" CONTENT="$$"/><SP WIDTH="15" VPOS="964" HPOS="388"/>
							<String ID="string_275" HPOS="403" VPOS="965" WIDTH="12" HEIGHT="21" WC="0.95" CONTENT="9"/><SP WIDTH="16" VPOS="965" HPOS="415"/>
							<String ID="string_276" HPOS="431" VPOS="965" WIDTH="38" HEIGHT="21" WC="0.96" CONTENT="och"/><SP WIDTH="17" VPOS="965" HPOS="469"/>
							<String ID="string_277" HPOS="486" VPOS="966" WIDTH="26" HEIGHT="20" WC="0.96" CONTENT="10"/><SP WIDTH="15" VPOS="966" HPOS="512"/>
							<String ID="string_278" HPOS="527" VPOS="971" WIDTH="36" HEIGHT="15" WC="0.81" CONTENT="vu"/><SP WIDTH="23" VPOS="971" HPOS="563"/>
							<String ID="string_279" HPOS="586" VPOS="965" WIDTH="209" HEIGHT="26" WC="0.92" CONTENT="reservmanskapets"/><SP WIDTH="23" VPOS="965" HPOS="795"/>
							<String ID="string_280" HPOS="818" VPOS="963" WIDTH="176" HEIGHT="28" WC="0.92" CONTENT="öfningsskyldig-"/>
						</TextLine>
						<TextLine ID="line_28" HPOS="164" VPOS="989" WIDTH="547" HEIGHT="31">
							<String ID="string_281" HPOS="164" VPOS="989" WIDTH="36" HEIGHT="22" WC="0.96" CONTENT="het"/><SP WIDTH="17" VPOS="989" HPOS="200"/>
							<String ID="string_282" HPOS="217" VPOS="991" WIDTH="67" HEIGHT="22" WC="0.96" CONTENT="under"/><SP WIDTH="16" VPOS="991" HPOS="284"/>
							<String ID="string_283" HPOS="300" VPOS="991" WIDTH="26" HEIGHT="22" WC="0.96" CONTENT="de"/><SP WIDTH="14" VPOS="991" HPOS="326"/>
							<String ID="string_284" HPOS="340" VPOS="993" WIDTH="33" HEIGHT="20" WC="0.96" CONTENT="tre"/><SP WIDTH="15" VPOS="993" HPOS="373"/>
							<String ID="string_285" HPOS="388" VPOS="992" WIDTH="65" HEIGHT="23" WC="0.96" CONTENT="första"/><SP WIDTH="14" VPOS="992" HPOS="453"/>
							<String ID="string_286" HPOS="467" VPOS="994" WIDTH="51" HEIGHT="21" WC="0.96" CONTENT="åren"/><SP WIDTH="15" VPOS="994" HPOS="518"/>
							<String ID="string_287" HPOS="533" VPOS="993" WIDTH="23" HEIGHT="21" WC="0.93" CONTENT="af"/><SP WIDTH="13" VPOS="993" HPOS="556"/>
							<String ID="string_288" HPOS="569" VPOS="993" WIDTH="142" HEIGHT="27" WC="0.90" CONTENT="tjenstetiden."/>
						</TextLine>
					</TextBlock>
					<TextBlock ID="block_3" HPOS="160" VPOS="1019" WIDTH="833" HEIGHT="283">
						<TextLine ID="line_29" HPOS="234" VPOS="1019" WIDTH="759" HEIGHT="30">
							<String ID="string_289" HPOS="234" VPOS="1019" WIDTH="74" HEIGHT="22" WC="0.95" CONTENT="Såsom"/><SP WIDTH="16" VPOS="1019" HPOS="308"/>
							<String ID="string_290" HPOS="324" VPOS="1021" WIDTH="65" HEIGHT="21" WC="0.95" CONTENT="motiv"/><SP WIDTH="14" VPOS="1021" HPOS="389"/>
							<String ID="string_291" HPOS="403" VPOS="1021" WIDTH="32" HEIGHT="21" WC="0.96" CONTENT="för"/><SP WIDTH="16" VPOS="1021" HPOS="435"/>
							<String ID="string_292" HPOS="451" VPOS="1021" WIDTH="67" HEIGHT="22" WC="0.93" CONTENT="denna"/><SP WIDTH="15" VPOS="1021" HPOS="518"/>
							<String ID="string_293" HPOS="533" VPOS="1021" WIDTH="109" HEIGHT="28" WC="0.91" CONTENT="afstyrkan"/><SP WIDTH="16" VPOS="1021" HPOS="642"/>
							<String ID="string_294" HPOS="658" VPOS="1021" WIDTH="60" HEIGHT="22" WC="0.96" CONTENT="anför"/><SP WIDTH="23" VPOS="1021" HPOS="718"/>
							<String ID="string_295" HPOS="741" VPOS="1020" WIDTH="106" HEIGHT="22" WC="0.96" CONTENT="utskottet"/><SP WIDTH="24" VPOS="1020" HPOS="847"/>
							<String ID="string_296" HPOS="871" VPOS="1022" WIDTH="32" HEIGHT="19" WC="0.96" CONTENT="att"/><SP WIDTH="23" VPOS="1022" HPOS="903"/>
							<String ID="string_297" HPOS="926" VPOS="1020" WIDTH="67" HEIGHT="22" WC="0.95" CONTENT="under"/>
						</TextLine>
						<TextLine ID="line_30" HPOS="164" VPOS="1046" WIDTH="828" HEIGHT="29">
							<String ID="string_298" HPOS="164" VPOS="1046" WIDTH="41" HEIGHT="22" WC="0.95" CONTENT="den"/><SP WIDTH="15" VPOS="1046" HPOS="205"/>
							<String ID="string_299" HPOS="220" VPOS="1047" WIDTH="63" HEIGHT="22" WC="0.96" CONTENT="korta"/><SP WIDTH="15" VPOS="1047" HPOS="283"/>
							<String ID="string_300" HPOS="298" VPOS="1049" WIDTH="30" HEIGHT="21" WC="0.93" CONTENT="tid"/><SP WIDTH="16" VPOS="1049" HPOS="328"/>
							<String ID="string_301" HPOS="344" VPOS="1050" WIDTH="217" HEIGHT="21" WC="0.92" CONTENT="reservinstitutionen"/><SP WIDTH="16" VPOS="1050" HPOS="561"/>
							<String ID="string_302" HPOS="577" VPOS="1050" WIDTH="54" HEIGHT="21" WC="0.96" CONTENT="varit"/><SP WIDTH="15" VPOS="1050" HPOS="631"/>
							<String ID="string_303" HPOS="646" VPOS="1050" WIDTH="7" HEIGHT="21" WC="0.96" CONTENT="i"/><SP WIDTH="15" VPOS="1050" HPOS="653"/>
							<String ID="string_304" HPOS="668" VPOS="1049" WIDTH="143" HEIGHT="25" WC="0.96" CONTENT="verksamhet,"/><SP WIDTH="16" VPOS="1049" HPOS="811"/>
							<String ID="string_305" HPOS="827" VPOS="1048" WIDTH="65" HEIGHT="27" WC="0.93" CONTENT="nödig"/><SP WIDTH="10" VPOS="1048" HPOS="892"/>
							<String ID="string_306" HPOS="902" VPOS="1048" WIDTH="90" HEIGHT="22" WC="0.92" CONTENT="erfaren-"/>
						</TextLine>
						<TextLine ID="line_31" HPOS="163" VPOS="1074" WIDTH="829" HEIGHT="31">
							<String ID="string_307" HPOS="163" VPOS="1074" WIDTH="37" HEIGHT="22" WC="0.96" CONTENT="het"/><SP WIDTH="15" VPOS="1074" HPOS="200"/>
							<String ID="string_308" HPOS="215" VPOS="1076" WIDTH="47" HEIGHT="21" WC="0.96" CONTENT="icke"/><SP WIDTH="14" VPOS="1076" HPOS="262"/>
							<String ID="string_309" HPOS="276" VPOS="1077" WIDTH="82" HEIGHT="21" WC="0.96" CONTENT="kunnat"/><SP WIDTH="15" VPOS="1077" HPOS="358"/>
							<String ID="string_310" HPOS="373" VPOS="1078" WIDTH="79" HEIGHT="26" WC="0.96" CONTENT="vinnas,"/><SP WIDTH="15" VPOS="1078" HPOS="452"/>
							<String ID="string_311" HPOS="467" VPOS="1078" WIDTH="33" HEIGHT="21" WC="0.96" CONTENT="för"/><SP WIDTH="15" VPOS="1078" HPOS="500"/>
							<String ID="string_312" HPOS="515" VPOS="1081" WIDTH="33" HEIGHT="19" WC="0.93" CONTENT="att"/><SP WIDTH="15" VPOS="1081" HPOS="548"/>
							<String ID="string_313" HPOS="563" VPOS="1078" WIDTH="79" HEIGHT="27" WC="0.92" CONTENT="afgöra,"/><SP WIDTH="16" VPOS="1078" HPOS="642"/>
							<String ID="string_314" HPOS="658" VPOS="1078" WIDTH="106" HEIGHT="21" WC="0.96" CONTENT="huruvida"/><SP WIDTH="16" VPOS="1078" HPOS="764"/>
							<String ID="string_315" HPOS="780" VPOS="1083" WIDTH="26" HEIGHT="15" WC="0.93" CONTENT="en"/><SP WIDTH="19" VPOS="1083" HPOS="806"/>
							<String ID="string_316" HPOS="825" VPOS="1077" WIDTH="115" HEIGHT="22" WC="0.90" CONTENT="oafbruten"/><SP WIDTH="23" VPOS="1077" HPOS="940"/>
							<String ID="string_317" HPOS="963" VPOS="1077" WIDTH="29" HEIGHT="21" WC="0.92" CONTENT="öf-"/>
						</TextLine>
						<TextLine ID="line_32" HPOS="162" VPOS="1102" WIDTH="830" HEIGHT="30">
							<String ID="string_318" HPOS="162" VPOS="1102" WIDTH="52" HEIGHT="28" WC="0.95" CONTENT="ning"/><SP WIDTH="22" VPOS="1102" HPOS="214"/>
							<String ID="string_319" HPOS="236" VPOS="1104" WIDTH="67" HEIGHT="22" WC="0.96" CONTENT="under"/><SP WIDTH="22" VPOS="1104" HPOS="303"/>
							<String ID="string_320" HPOS="325" VPOS="1111" WIDTH="26" HEIGHT="15" WC="0.96" CONTENT="en"/><SP WIDTH="25" VPOS="1111" HPOS="351"/>
							<String ID="string_321" HPOS="376" VPOS="1106" WIDTH="54" HEIGHT="22" WC="0.96" CONTENT="enda"/><SP WIDTH="22" VPOS="1106" HPOS="430"/>
							<String ID="string_322" HPOS="452" VPOS="1112" WIDTH="92" HEIGHT="16" WC="0.96" CONTENT="sommar"/><SP WIDTH="22" VPOS="1112" HPOS="544"/>
							<String ID="string_323" HPOS="566" VPOS="1113" WIDTH="50" HEIGHT="15" WC="0.96" CONTENT="vore"/><SP WIDTH="15" VPOS="1113" HPOS="616"/>
							<String ID="string_324" HPOS="631" VPOS="1106" WIDTH="167" HEIGHT="26" WC="0.96" CONTENT="fördelaktigare"/><SP WIDTH="15" VPOS="1106" HPOS="798"/>
							<String ID="string_325" HPOS="813" VPOS="1105" WIDTH="33" HEIGHT="21" WC="0.93" CONTENT="för"/><SP WIDTH="15" VPOS="1105" HPOS="846"/>
							<String ID="string_326" HPOS="861" VPOS="1107" WIDTH="131" HEIGHT="19" WC="0.91" CONTENT="reservmän-"/>
						</TextLine>
						<TextLine ID="line_33" HPOS="163" VPOS="1132" WIDTH="830" HEIGHT="30">
							<String ID="string_327" HPOS="163" VPOS="1136" WIDTH="52" HEIGHT="17" WC="0.95" CONTENT="nens"/><SP WIDTH="23" VPOS="1136" HPOS="215"/>
							<String ID="string_328" HPOS="238" VPOS="1132" WIDTH="92" HEIGHT="22" WC="0.95" CONTENT="militära"/><SP WIDTH="22" VPOS="1132" HPOS="330"/>
							<String ID="string_329" HPOS="352" VPOS="1133" WIDTH="124" HEIGHT="29" WC="0.96" CONTENT="utbildning,"/><SP WIDTH="23" VPOS="1133" HPOS="476"/>
							<String ID="string_330" HPOS="499" VPOS="1137" WIDTH="27" HEIGHT="19" WC="0.97" CONTENT="än"/><SP WIDTH="24" VPOS="1137" HPOS="526"/>
							<String ID="string_331" HPOS="550" VPOS="1135" WIDTH="33" HEIGHT="21" WC="0.96" CONTENT="väl"/><SP WIDTH="16" VPOS="1135" HPOS="583"/>
							<String ID="string_332" HPOS="599" VPOS="1135" WIDTH="95" HEIGHT="21" WC="0.93" CONTENT="ordnade"/><SP WIDTH="15" VPOS="1135" HPOS="694"/>
							<String ID="string_333" HPOS="709" VPOS="1134" WIDTH="201" HEIGHT="27" WC="0.91" CONTENT="repetitionskurser"/><SP WIDTH="15" VPOS="1134" HPOS="910"/>
							<String ID="string_334" HPOS="925" VPOS="1133" WIDTH="68" HEIGHT="22" WC="0.96" CONTENT="under"/>
						</TextLine>
						<TextLine ID="line_34" HPOS="163" VPOS="1159" WIDTH="829" HEIGHT="28">
							<String ID="string_335" HPOS="163" VPOS="1159" WIDTH="121" HEIGHT="28" WC="0.96" CONTENT="påföljande"/><SP WIDTH="24" VPOS="1159" HPOS="284"/>
							<String ID="string_336" HPOS="308" VPOS="1162" WIDTH="30" HEIGHT="25" WC="0.96" CONTENT="år,"/><SP WIDTH="24" VPOS="1162" HPOS="338"/>
							<String ID="string_337" HPOS="362" VPOS="1162" WIDTH="105" HEIGHT="22" WC="0.95" CONTENT="äfvensom"/><SP WIDTH="25" VPOS="1162" HPOS="467"/>
							<String ID="string_338" HPOS="492" VPOS="1165" WIDTH="32" HEIGHT="19" WC="0.96" CONTENT="att"/><SP WIDTH="24" VPOS="1165" HPOS="524"/>
							<String ID="string_339" HPOS="548" VPOS="1163" WIDTH="39" HEIGHT="21" WC="0.96" CONTENT="den"/><SP WIDTH="24" VPOS="1163" HPOS="587"/>
							<String ID="string_340" HPOS="611" VPOS="1163" WIDTH="139" HEIGHT="21" WC="0.96" CONTENT="ekonomiska"/><SP WIDTH="15" VPOS="1163" HPOS="750"/>
							<String ID="string_341" HPOS="765" VPOS="1162" WIDTH="75" HEIGHT="25" WC="0.96" CONTENT="fördel,"/><SP WIDTH="20" VPOS="1162" HPOS="840"/>
							<String ID="string_342" HPOS="860" VPOS="1168" WIDTH="46" HEIGHT="15" WC="0.96" CONTENT="som"/><SP WIDTH="15" VPOS="1168" HPOS="906"/>
							<String ID="string_343" HPOS="921" VPOS="1168" WIDTH="26" HEIGHT="15" WC="0.91" CONTENT="en"/><SP WIDTH="15" VPOS="1168" HPOS="947"/>
							<String ID="string_344" HPOS="962" VPOS="1162" WIDTH="30" HEIGHT="20" WC="0.91" CONTENT="in-"/>
						</TextLine>
						<TextLine ID="line_35" HPOS="162" VPOS="1187" WIDTH="831" HEIGHT="31">
							<String ID="string_345" HPOS="162" VPOS="1187" WIDTH="130" HEIGHT="29" WC="0.91" CONTENT="skränkning"/><SP WIDTH="22" VPOS="1187" HPOS="292"/>
							<String ID="string_346" HPOS="314" VPOS="1189" WIDTH="22" HEIGHT="22" WC="0.93" CONTENT="af"/><SP WIDTH="22" VPOS="1189" HPOS="336"/>
							<String ID="string_347" HPOS="358" VPOS="1190" WIDTH="177" HEIGHT="28" WC="0.90" CONTENT="öfningsmötenas"/><SP WIDTH="23" VPOS="1190" HPOS="535"/>
							<String ID="string_348" HPOS="558" VPOS="1192" WIDTH="57" HEIGHT="21" WC="0.96" CONTENT="antal"/><SP WIDTH="23" VPOS="1192" HPOS="615"/>
							<String ID="string_349" HPOS="638" VPOS="1192" WIDTH="68" HEIGHT="21" WC="0.96" CONTENT="skulle"/><SP WIDTH="16" VPOS="1192" HPOS="706"/>
							<String ID="string_350" HPOS="722" VPOS="1190" WIDTH="97" HEIGHT="22" WC="0.96" CONTENT="medföra"/><SP WIDTH="14" VPOS="1190" HPOS="819"/>
							<String ID="string_351" HPOS="833" VPOS="1190" WIDTH="33" HEIGHT="21" WC="0.96" CONTENT="för"/><SP WIDTH="15" VPOS="1190" HPOS="866"/>
							<String ID="string_352" HPOS="881" VPOS="1196" WIDTH="25" HEIGHT="15" WC="0.96" CONTENT="en"/><SP WIDTH="16" VPOS="1196" HPOS="906"/>
							<String ID="string_353" HPOS="922" VPOS="1190" WIDTH="34" HEIGHT="21" WC="0.96" CONTENT="del"/><SP WIDTH="16" VPOS="1190" HPOS="956"/>
							<String ID="string_354" HPOS="972" VPOS="1189" WIDTH="21" HEIGHT="22" WC="0.96" CONTENT="af"/>
						</TextLine>
						<TextLine ID="line_36" HPOS="162" VPOS="1218" WIDTH="829" HEIGHT="28">
							<String ID="string_355" HPOS="162" VPOS="1220" WIDTH="170" HEIGHT="24" WC="0.91" CONTENT="reservmännen,"/><SP WIDTH="17" VPOS="1220" HPOS="332"/>
							<String ID="string_356" HPOS="349" VPOS="1218" WIDTH="83" HEIGHT="23" WC="0.96" CONTENT="komme"/><SP WIDTH="16" VPOS="1218" HPOS="432"/>
							<String ID="string_357" HPOS="448" VPOS="1222" WIDTH="31" HEIGHT="19" WC="0.93" CONTENT="att"/><SP WIDTH="16" VPOS="1222" HPOS="479"/>
							<String ID="string_358" HPOS="495" VPOS="1222" WIDTH="108" HEIGHT="24" WC="0.92" CONTENT="motvägas"/><SP WIDTH="16" VPOS="1222" HPOS="603"/>
							<String ID="string_359" HPOS="619" VPOS="1220" WIDTH="22" HEIGHT="21" WC="0.96" CONTENT="af"/><SP WIDTH="15" VPOS="1220" HPOS="641"/>
							<String ID="string_360" HPOS="656" VPOS="1220" WIDTH="39" HEIGHT="21" WC="0.96" CONTENT="den"/><SP WIDTH="17" VPOS="1220" HPOS="695"/>
							<String ID="string_361" HPOS="712" VPOS="1219" WIDTH="91" HEIGHT="27" WC="0.96" CONTENT="myckna"/><SP WIDTH="19" VPOS="1219" HPOS="803"/>
							<String ID="string_362" HPOS="822" VPOS="1218" WIDTH="108" HEIGHT="27" WC="0.96" CONTENT="svårighet"/><SP WIDTH="21" VPOS="1218" HPOS="930"/>
							<String ID="string_363" HPOS="951" VPOS="1218" WIDTH="40" HEIGHT="22" WC="0.96" CONTENT="och"/>
						</TextLine>
						<TextLine ID="line_37" HPOS="161" VPOS="1244" WIDTH="830" HEIGHT="31">
							<String ID="string_364" HPOS="161" VPOS="1244" WIDTH="139" HEIGHT="24" WC="0.95" CONTENT="ekonomiska"/><SP WIDTH="21" VPOS="1244" HPOS="300"/>
							<String ID="string_365" HPOS="321" VPOS="1246" WIDTH="82" HEIGHT="28" WC="0.95" CONTENT="förlust,"/><SP WIDTH="23" VPOS="1246" HPOS="403"/>
							<String ID="string_366" HPOS="426" VPOS="1254" WIDTH="45" HEIGHT="15" WC="0.96" CONTENT="som"/><SP WIDTH="23" VPOS="1254" HPOS="471"/>
							<String ID="string_367" HPOS="494" VPOS="1248" WIDTH="123" HEIGHT="27" WC="0.96" CONTENT="härigenom"/><SP WIDTH="21" VPOS="1248" HPOS="617"/>
							<String ID="string_368" HPOS="638" VPOS="1248" WIDTH="108" HEIGHT="22" WC="0.96" CONTENT="sannolikt"/><SP WIDTH="15" VPOS="1248" HPOS="746"/>
							<String ID="string_369" HPOS="761" VPOS="1247" WIDTH="69" HEIGHT="21" WC="0.93" CONTENT="skulle"/><SP WIDTH="15" VPOS="1247" HPOS="830"/>
							<String ID="string_370" HPOS="845" VPOS="1246" WIDTH="97" HEIGHT="22" WC="0.92" CONTENT="åsamkas"/><SP WIDTH="16" VPOS="1246" HPOS="942"/>
							<String ID="string_371" HPOS="958" VPOS="1253" WIDTH="33" HEIGHT="15" WC="0.91" CONTENT="ar-"/>
						</TextLine>
						<TextLine ID="line_38" HPOS="160" VPOS="1272" WIDTH="232" HEIGHT="30">
							<String ID="string_372" HPOS="160" VPOS="1272" WIDTH="232" HEIGHT="30" WC="0.91" CONTENT="betarebefolkningen."/>
						</TextLine>
					</TextBlock>
					<TextBlock ID="block_4" HPOS="156" VPOS="1303" WIDTH="835" HEIGHT="227">
						<TextLine ID="line_39" HPOS="228" VPOS="1303" WIDTH="763" HEIGHT="29">
							<String ID="string_373" HPOS="228" VPOS="1303" WIDTH="229" HEIGHT="23" WC="0.92" CONTENT="Reservinstitutionen"/><SP WIDTH="8" VPOS="1303" HPOS="457"/>
							<String ID="string_374" HPOS="465" VPOS="1305" WIDTH="79" HEIGHT="21" WC="0.96" CONTENT="räknar"/><SP WIDTH="9" VPOS="1305" HPOS="544"/>
							<String ID="string_375" HPOS="553" VPOS="1305" WIDTH="120" HEIGHT="27" WC="0.96" CONTENT="visserligen"/><SP WIDTH="17" VPOS="1305" HPOS="673"/>
							<String ID="string_376" HPOS="690" VPOS="1304" WIDTH="33" HEIGHT="22" WC="0.96" CONTENT="för"/><SP WIDTH="12" VPOS="1304" HPOS="723"/>
							<String ID="string_377" HPOS="735" VPOS="1304" WIDTH="63" HEIGHT="21" WC="0.96" CONTENT="korta"/><SP WIDTH="11" VPOS="1304" HPOS="798"/>
							<String ID="string_378" HPOS="809" VPOS="1310" WIDTH="59" HEIGHT="18" WC="0.96" CONTENT="anor,"/><SP WIDTH="11" VPOS="1310" HPOS="868"/>
							<String ID="string_379" HPOS="879" VPOS="1303" WIDTH="33" HEIGHT="21" WC="0.96" CONTENT="för"/><SP WIDTH="10" VPOS="1303" HPOS="912"/>
							<String ID="string_380" HPOS="922" VPOS="1305" WIDTH="31" HEIGHT="20" WC="0.96" CONTENT="att"/><SP WIDTH="10" VPOS="1305" HPOS="953"/>
							<String ID="string_381" HPOS="963" VPOS="1304" WIDTH="28" HEIGHT="26" WC="0.96" CONTENT="på"/>
						</TextLine>
						<TextLine ID="line_40" HPOS="159" VPOS="1329" WIDTH="832" HEIGHT="31">
							<String ID="string_382" HPOS="159" VPOS="1329" WIDTH="124" HEIGHT="24" WC="0.95" CONTENT="densamma"/><SP WIDTH="23" VPOS="1329" HPOS="283"/>
							<String ID="string_383" HPOS="306" VPOS="1332" WIDTH="71" HEIGHT="22" WC="0.96" CONTENT="kunna"/><SP WIDTH="22" VPOS="1332" HPOS="377"/>
							<String ID="string_384" HPOS="399" VPOS="1333" WIDTH="68" HEIGHT="27" WC="0.96" CONTENT="bygga"/><SP WIDTH="26" VPOS="1333" HPOS="467"/>
							<String ID="string_385" HPOS="493" VPOS="1335" WIDTH="30" HEIGHT="19" WC="0.96" CONTENT="ett"/><SP WIDTH="16" VPOS="1335" HPOS="523"/>
							<String ID="string_386" HPOS="539" VPOS="1334" WIDTH="73" HEIGHT="20" WC="0.96" CONTENT="säkert"/><SP WIDTH="16" VPOS="1334" HPOS="612"/>
							<String ID="string_387" HPOS="628" VPOS="1333" WIDTH="106" HEIGHT="24" WC="0.96" CONTENT="omdöme,"/><SP WIDTH="17" VPOS="1333" HPOS="734"/>
							<String ID="string_388" HPOS="751" VPOS="1338" WIDTH="48" HEIGHT="16" WC="0.96" CONTENT="men"/><SP WIDTH="16" VPOS="1338" HPOS="799"/>
							<String ID="string_389" HPOS="815" VPOS="1332" WIDTH="41" HEIGHT="22" WC="0.96" CONTENT="den"/><SP WIDTH="15" VPOS="1332" HPOS="856"/>
							<String ID="string_390" HPOS="871" VPOS="1331" WIDTH="120" HEIGHT="22" WC="0.96" CONTENT="erfarenhet"/>
						</TextLine>
						<TextLine ID="line_41" HPOS="158" VPOS="1358" WIDTH="833" HEIGHT="30">
							<String ID="string_391" HPOS="158" VPOS="1363" WIDTH="46" HEIGHT="15" WC="0.92" CONTENT="som"/><SP WIDTH="23" VPOS="1363" HPOS="204"/>
							<String ID="string_392" HPOS="227" VPOS="1358" WIDTH="156" HEIGHT="24" WC="0.92" CONTENT="befälhafvaren"/><SP WIDTH="24" VPOS="1358" HPOS="383"/>
							<String ID="string_393" HPOS="407" VPOS="1361" WIDTH="32" HEIGHT="21" WC="0.96" CONTENT="för"/><SP WIDTH="16" VPOS="1361" HPOS="439"/>
							<String ID="string_394" HPOS="455" VPOS="1361" WIDTH="68" HEIGHT="22" WC="0.95" CONTENT="finska"/><SP WIDTH="15" VPOS="1361" HPOS="523"/>
							<String ID="string_395" HPOS="538" VPOS="1362" WIDTH="111" HEIGHT="26" WC="0.93" CONTENT="militären,"/><SP WIDTH="17" VPOS="1362" HPOS="649"/>
							<String ID="string_396" HPOS="666" VPOS="1360" WIDTH="278" HEIGHT="28" WC="0.92" CONTENT="bataljonskommendörer,"/><SP WIDTH="16" VPOS="1360" HPOS="944"/>
							<String ID="string_397" HPOS="960" VPOS="1360" WIDTH="31" HEIGHT="21" WC="0.92" CONTENT="di-"/>
						</TextLine>
						<TextLine ID="line_42" HPOS="159" VPOS="1386" WIDTH="832" HEIGHT="31">
							<String ID="string_398" HPOS="159" VPOS="1386" WIDTH="234" HEIGHT="24" WC="0.88" CONTENT="striktsstabofficerare"/><SP WIDTH="16" VPOS="1386" HPOS="393"/>
							<String ID="string_399" HPOS="409" VPOS="1390" WIDTH="39" HEIGHT="21" WC="0.93" CONTENT="och"/><SP WIDTH="15" VPOS="1390" HPOS="448"/>
							<String ID="string_400" HPOS="463" VPOS="1390" WIDTH="171" HEIGHT="27" WC="0.92" CONTENT="kompanichefer"/><SP WIDTH="15" VPOS="1390" HPOS="634"/>
							<String ID="string_401" HPOS="649" VPOS="1390" WIDTH="75" HEIGHT="21" WC="0.92" CONTENT="vunnit"/><SP WIDTH="16" VPOS="1390" HPOS="724"/>
							<String ID="string_402" HPOS="740" VPOS="1389" WIDTH="80" HEIGHT="26" WC="0.93" CONTENT="derom,"/><SP WIDTH="11" VPOS="1389" HPOS="820"/>
							<String ID="string_403" HPOS="831" VPOS="1390" WIDTH="33" HEIGHT="20" WC="0.93" CONTENT="att"/><SP WIDTH="10" VPOS="1390" HPOS="864"/>
							<String ID="string_404" HPOS="874" VPOS="1388" WIDTH="46" HEIGHT="22" WC="0.93" CONTENT="icke"/><SP WIDTH="11" VPOS="1388" HPOS="920"/>
							<String ID="string_405" HPOS="931" VPOS="1388" WIDTH="60" HEIGHT="26" WC="0.92" CONTENT="ringa"/>
						</TextLine>
						<TextLine ID="line_43" HPOS="156" VPOS="1413" WIDTH="834" HEIGHT="29">
							<String ID="string_406" HPOS="156" VPOS="1413" WIDTH="32" HEIGHT="21" WC="0.91" CONTENT="tid"/><SP WIDTH="22" VPOS="1413" HPOS="188"/>
							<String ID="string_407" HPOS="210" VPOS="1416" WIDTH="63" HEIGHT="26" WC="0.96" CONTENT="åtgår"/><SP WIDTH="21" VPOS="1416" HPOS="273"/>
							<String ID="string_408" HPOS="294" VPOS="1416" WIDTH="32" HEIGHT="21" WC="0.93" CONTENT="för"/><SP WIDTH="24" VPOS="1416" HPOS="326"/>
							<String ID="string_409" HPOS="350" VPOS="1420" WIDTH="163" HEIGHT="20" WC="0.91" CONTENT="reservmännen"/><SP WIDTH="25" VPOS="1420" HPOS="513"/>
							<String ID="string_410" HPOS="538" VPOS="1421" WIDTH="32" HEIGHT="18" WC="0.93" CONTENT="att"/><SP WIDTH="22" VPOS="1421" HPOS="570"/>
							<String ID="string_411" HPOS="592" VPOS="1418" WIDTH="120" HEIGHT="22" WC="0.86" CONTENT="äterhemta"/><SP WIDTH="24" VPOS="1418" HPOS="712"/>
							<String ID="string_412" HPOS="736" VPOS="1417" WIDTH="39" HEIGHT="22" WC="0.93" CONTENT="allt"/><SP WIDTH="22" VPOS="1417" HPOS="775"/>
							<String ID="string_413" HPOS="797" VPOS="1417" WIDTH="56" HEIGHT="21" WC="0.96" CONTENT="hvad"/><SP WIDTH="24" VPOS="1417" HPOS="853"/>
							<String ID="string_414" HPOS="877" VPOS="1417" WIDTH="25" HEIGHT="21" WC="0.95" CONTENT="de"/><SP WIDTH="23" VPOS="1417" HPOS="902"/>
							<String ID="string_415" HPOS="925" VPOS="1416" WIDTH="65" HEIGHT="21" WC="0.95" CONTENT="sedan"/>
						</TextLine>
						<TextLine ID="line_44" HPOS="156" VPOS="1444" WIDTH="834" HEIGHT="30">
							<String ID="string_416" HPOS="156" VPOS="1446" WIDTH="86" HEIGHT="19" WC="0.92" CONTENT="senaste"/><SP WIDTH="23" VPOS="1446" HPOS="242"/>
							<String ID="string_417" HPOS="265" VPOS="1446" WIDTH="57" HEIGHT="20" WC="0.93" CONTENT="möte"/><SP WIDTH="22" VPOS="1446" HPOS="322"/>
							<String ID="string_418" HPOS="344" VPOS="1445" WIDTH="121" HEIGHT="27" WC="0.88" CONTENT="bortglömt,"/><SP WIDTH="16" VPOS="1445" HPOS="465"/>
							<String ID="string_419" HPOS="481" VPOS="1449" WIDTH="24" HEIGHT="18" WC="0.97" CONTENT="är"/><SP WIDTH="14" VPOS="1449" HPOS="505"/>
							<String ID="string_420" HPOS="519" VPOS="1448" WIDTH="24" HEIGHT="20" WC="0.96" CONTENT="sä"/><SP WIDTH="15" VPOS="1448" HPOS="543"/>
							<String ID="string_421" HPOS="558" VPOS="1447" WIDTH="84" HEIGHT="27" WC="0.93" CONTENT="mycket"/><SP WIDTH="15" VPOS="1447" HPOS="642"/>
							<String ID="string_422" HPOS="657" VPOS="1446" WIDTH="67" HEIGHT="22" WC="0.91" CONTENT="hellre"/><SP WIDTH="17" VPOS="1446" HPOS="724"/>
							<String ID="string_423" HPOS="741" VPOS="1446" WIDTH="87" HEIGHT="26" WC="0.93" CONTENT="förtjent"/><SP WIDTH="15" VPOS="1446" HPOS="828"/>
							<String ID="string_424" HPOS="843" VPOS="1445" WIDTH="23" HEIGHT="21" WC="0.96" CONTENT="af"/><SP WIDTH="13" VPOS="1445" HPOS="866"/>
							<String ID="string_425" HPOS="879" VPOS="1447" WIDTH="33" HEIGHT="19" WC="0.93" CONTENT="att"/><SP WIDTH="14" VPOS="1447" HPOS="912"/>
							<String ID="string_426" HPOS="926" VPOS="1444" WIDTH="64" HEIGHT="22" WC="0.93" CONTENT="beak-"/>
						</TextLine>
						<TextLine ID="line_45" HPOS="156" VPOS="1471" WIDTH="834" HEIGHT="27">
							<String ID="string_427" HPOS="156" VPOS="1471" WIDTH="41" HEIGHT="26" WC="0.96" CONTENT="tas,"/><SP WIDTH="17" VPOS="1471" HPOS="197"/>
							<String ID="string_428" HPOS="214" VPOS="1478" WIDTH="46" HEIGHT="15" WC="0.93" CONTENT="som"/><SP WIDTH="16" VPOS="1478" HPOS="260"/>
							<String ID="string_429" HPOS="276" VPOS="1472" WIDTH="144" HEIGHT="26" WC="0.92" CONTENT="fullkomlisen"/><SP WIDTH="17" VPOS="1472" HPOS="420"/>
							<String ID="string_430" HPOS="437" VPOS="1475" WIDTH="110" HEIGHT="21" WC="0.92" CONTENT="enahanda"/><SP WIDTH="16" VPOS="1475" HPOS="547"/>
							<String ID="string_431" HPOS="563" VPOS="1474" WIDTH="119" HEIGHT="22" WC="0.92" CONTENT="erfarenhet"/><SP WIDTH="15" VPOS="1474" HPOS="682"/>
							<String ID="string_432" HPOS="697" VPOS="1475" WIDTH="87" HEIGHT="21" WC="0.93" CONTENT="vunnits"/><SP WIDTH="16" VPOS="1475" HPOS="784"/>
							<String ID="string_433" HPOS="800" VPOS="1474" WIDTH="68" HEIGHT="20" WC="0.97" CONTENT="under"/><SP WIDTH="16" VPOS="1474" HPOS="868"/>
							<String ID="string_434" HPOS="884" VPOS="1472" WIDTH="47" HEIGHT="22" WC="0.97" CONTENT="hela"/><SP WIDTH="18" VPOS="1472" HPOS="931"/>
							<String ID="string_435" HPOS="949" VPOS="1473" WIDTH="41" HEIGHT="21" WC="0.96" CONTENT="den"/>
						</TextLine>
						<TextLine ID="line_46" HPOS="156" VPOS="1498" WIDTH="834" HEIGHT="32">
							<String ID="string_436" HPOS="156" VPOS="1498" WIDTH="32" HEIGHT="22" WC="0.91" CONTENT="tid"/><SP WIDTH="14" VPOS="1498" HPOS="188"/>
							<String ID="string_437" HPOS="202" VPOS="1500" WIDTH="82" HEIGHT="22" WC="0.96" CONTENT="indelta"/><SP WIDTH="15" VPOS="1500" HPOS="284"/>
							<String ID="string_438" HPOS="299" VPOS="1501" WIDTH="105" HEIGHT="22" WC="0.96" CONTENT="militären"/><SP WIDTH="16" VPOS="1501" HPOS="404"/>
							<String ID="string_439" HPOS="420" VPOS="1509" WIDTH="37" HEIGHT="15" WC="0.93" CONTENT="var"/><SP WIDTH="15" VPOS="1509" HPOS="457"/>
							<String ID="string_440" HPOS="472" VPOS="1503" WIDTH="105" HEIGHT="27" WC="0.85" CONTENT="uppstäld,"/><SP WIDTH="17" VPOS="1503" HPOS="577"/>
							<String ID="string_441" HPOS="594" VPOS="1503" WIDTH="39" HEIGHT="21" WC="0.96" CONTENT="och"/><SP WIDTH="16" VPOS="1503" HPOS="633"/>
							<String ID="string_442" HPOS="649" VPOS="1509" WIDTH="46" HEIGHT="15" WC="0.96" CONTENT="som"/><SP WIDTH="17" VPOS="1509" HPOS="695"/>
							<String ID="string_443" HPOS="712" VPOS="1503" WIDTH="108" HEIGHT="21" WC="0.96" CONTENT="dessutom"/><SP WIDTH="25" VPOS="1503" HPOS="820"/>
							<String ID="string_444" HPOS="845" VPOS="1502" WIDTH="62" HEIGHT="26" WC="0.96" CONTENT="ingen"/><SP WIDTH="22" VPOS="1502" HPOS="907"/>
							<String ID="string_445" HPOS="929" VPOS="1501" WIDTH="6" HEIGHT="21" WC="0.92" CONTENT="i"/><SP WIDTH="23" VPOS="1501" HPOS="935"/>
							<String ID="string_446" HPOS="958" VPOS="1508" WIDTH="32" HEIGHT="14" WC="0.92" CONTENT="re-"/>
						</TextLine>
					</TextBlock>
				</ComposedBlock>
			</PrintSpace>
		</Page>
	</Layout>
</alto>
