1073 1703
340 131 25 17 R.
378 135 18 13 o.
408 131 22 16 A.
443 119 62 28 1888.
522 130 12 17 7
546 130 64 21 April.
825 125 39 21 591

68 218 34 27 att
128 215 7 22 i
158 215 98 23 afseende
278 216 13 22 &
312 216 120 22 beifrandet
446 215 24 22 af
484 215 164 23 öfverträdelser
663 217 58 21 emot
735 216 69 22 denna
818 215 80 22 förord-

66 244 50 28 ning
138 243 74 28 frångå
234 244 41 22 den
297 244 108 22 allmärna
426 244 111 28 principen
559 244 34 22 för
617 244 70 22 forum
701 244 8 21 i
723 244 111 22 kriminela
848 244 49 22 mål.

67 273 42 21 Det
130 272 43 22 kan
195 272 121 28 visserligen
337 273 71 27 någon
430 273 58 27 gång
502 272 131 28 uppkomma
647 272 126 22 tvifvelsmål
788 279 42 19 om,
845 272 52 22 hvar

67 302 32 28 ett
120 300 66 26 brott,
209 300 80 23 hvilket
303 301 73 22 består
392 301 45 24 deri
452 303 34 20 att
500 307 27 15 en
543 307 80 15 annans
638 300 127 23 varumärke
779 301 67 22 blifvit
860 300 38 23 be-

67 329 99 27 gagnadt,
188 329 113 28 rätteligen
323 332 25 19 är
361 330 115 27 begånget,
492 336 49 15 men
556 330 39 26 går
609 336 50 15 man
674 329 33 22 till
721 329 95 27 grunden
830 329 23 22 af
866 335 32 16 sa-

68 357 48 26 ken,
139 358 24 21 så
184 357 68 22 borde
273 357 35 22 väl
322 358 82 21 brottet
419 357 122 28 egentligen
556 364 62 15 anses
633 357 64 22 hafva
711 357 68 22 blifvit
793 357 105 28 begånget

68 386 13 22 å
96 386 41 22 den
153 388 40 25 ort,
210 386 38 22 der
262 386 48 26 den,
325 392 46 16 som
386 386 109 27 begagnar
510 386 53 22 eller
578 386 91 27 anbragt
685 386 36 22 det
739 385 85 28 oelofliga
838 392 61 15 varu-

68 415 90 26 märket,
174 414 78 23 drifver
266 415 32 22 sin
313 414 58 23 affär.
402 414 40 22 Om
459 421 50 16 man
524 415 65 22 också
604 414 119 28 upptäcker
736 414 56 22 vissa
810 413 89 22 sålunda

68 443 84 22 märkta
166 449 69 20 varor,
250 443 76 22 stadda
342 444 27 27 på
384 445 117 26 transport,
517 443 53 22 eller
584 443 105 27 utbjudna
705 443 28 28 på
744 449 69 16 annan
824 444 39 23 ort,
874 443 24 21 så

67 471 40 22 har
116 471 34 22 väl
160 471 82 22 brottet
252 473 32 20 att
294 471 106 28 eftergöra
410 477 82 16 annans
502 471 127 22 varumärke
637 471 69 28 gjorts
716 471 22 22 af
743 471 118 22 svaranden
871 471 28 27 på

70 499 40 22 den
118 501 40 26 ort,
168 500 37 21 der
215 499 43 22 han
267 499 106 23 bedrifver
383 500 32 22 sin
426 499 60 22 affär.
510 501 43 21 Det
563 500 68 22 skulle
643 499 72 22 derför
724 499 47 23 icke
781 499 117 27 egentligen

68 528 67 22 strida
150 530 58 20 emot
222 529 41 21 den
283 529 106 22 allmänna
403 528 112 28 principen
529 528 34 22 för
577 528 70 22 forum
662 528 7 22 i
684 527 101 23 brottmål
800 529 33 20 att
847 527 51 28 god-

68 556 71 22 känna
161 557 49 21 nåd.
232 563 72 21 prop:s
326 557 86 27 förslag,
428 557 40 22 och
484 557 60 22 detta
559 557 62 22 torde
635 557 8 21 i
658 557 107 28 praktiskt
779 555 120 23 hänseende

68 584 63 23 hafva
146 586 31 20 ett
192 585 80 27 ganska
287 587 54 20 stort
355 585 115 28 företräde,
487 585 90 22 emedan
592 591 78 16 annars
685 585 125 22 tvifvelsmål
827 584 72 22 kunna

69 613 77 27 uppstå
162 619 34 16 om
211 615 57 20 rätta
282 613 75 22 forum.
388 613 76 28 Någon
480 614 109 27 synnerlig
604 614 45 27 vigt
663 613 66 22 fäster
740 614 37 27 jag
791 613 47 22 icke
853 613 46 22 der-

70 641 40 27 vid,
126 647 48 16 men
187 642 37 27 jag
238 641 50 23 ville
302 642 54 22 dock
371 642 64 22 hafva
449 642 130 25 framhållet,
595 644 32 20 att
644 648 73 22 prop:s
737 641 79 28 förslag
837 641 62 22 torde

70 669 94 22 medföra
179 672 69 20 större
263 670 84 22 klarhet
362 671 7 20 i
384 671 169 27 tillämpningen.

136 726 33 22 Hr
183 727 129 22 Aminoff:
342 727 41 27 Jag
397 727 50 22 ville
462 727 58 23 blott
535 728 58 27 gifva
607 727 110 27 tillkänna,
733 729 32 20 att
778 727 36 27 jag
823 726 7 22 i
840 726 60 27 fråga

71 760 40 20 om,
127 754 53 22 hvar
194 755 86 22 brotten
295 756 7 21 i
317 756 139 22 förevarande
472 757 69 21 måtto
557 756 54 22 böra
625 762 62 16 anses
706 755 61 23 hafva
789 757 35 25 egt
846 760 52 21 rum,

70 783 48 22 icke
132 783 36 21 vill
183 784 67 22 inlåta
265 784 42 28 mig
321 784 7 21 i
344 784 60 22 lärda
419 790 180 22 resonnemanger
614 784 52 22 eller
676 784 51 22 tvist
737 784 48 22 med
795 784 41 21 den
845 782 55 22 före-

70 812 81 26 gående
174 812 64 22 ärade
260 812 88 22 talaren.
386 813 74 27 Enligt
483 813 57 21 hvad
563 813 49 21 mitt
633 812 64 22 enkla
718 812 95 23 förstånd
832 813 68 25 säger,

72 840 68 22 skulle
154 840 82 22 brottet
251 840 62 23 hafva
327 841 69 22 blifvit
411 841 107 27 begånget
534 841 44 27 der,
593 841 87 22 hvarest
695 841 40 22 den
750 840 69 22 falska
836 841 64 20 stäm-

70 868 50 27 peln
142 869 84 27 tryckes
248 870 14 21 &
283 876 65 15 varan
370 870 40 22 och
433 870 71 22 denna
526 870 109 27 utsläppes
657 870 8 21 i
684 869 100 23 rörelsen.
814 868 86 22 Således

71 896 66 22 borde
160 897 54 22 efter
236 898 40 22 den
298 898 84 27 vanliga
404 898 112 28 principen
538 898 7 22 i
567 898 170 22 kriminalrätten
760 897 82 22 brottet
864 896 38 22 der

72 925 64 22 också
150 925 110 23 bedömas.
290 926 74 22 Såsom
380 926 108 22 utskottet
502 926 105 26 anmärkt,
623 926 70 22 finnes
707 926 46 22 icke
767 926 65 26 något
847 924 55 22 enda

71 953 47 22 skäl
132 955 32 21 att
179 954 94 28 förlägga
288 954 68 22 forum
371 955 33 21 till
420 955 36 22 det
472 955 70 27 ställe,
558 955 38 22 der
605 954 174 22 hufvudrörelsen
789 952 111 24 bedrifves.

72 981 50 22 Man
144 982 65 22 tänke
230 983 33 27 sig
284 985 16 19 t.
325 990 39 20 ex.,
391 985 33 20 att
438 990 27 15 en
480 990 79 21 person
575 984 31 21 uti
621 983 85 27 Kuopio
721 982 54 23 låter
789 982 8 22 i
812 982 89 24 Torneå,

72 1010 64 22 Wasa
158 1010 40 22 och
220 1005 46 28 Åbo
285 1012 75 27 trycka
374 1012 68 21 falska
456 1012 108 28 stämplar
578 1013 28 26 på
621 1018 63 15 varor
699 1011 39 22 och
753 1010 92 23 derifrån
860 1009 42 22 för-

73 1038 54 27 sälja
148 1045 97 16 varorna.
275 1039 49 22 Han
346 1040 40 22 har
408 1040 32 21 sin
459 1039 164 23 hufvudrörelse
642 1040 3 21 i
659 1039 92 28 Kuopio.
780 1039 34 22 Då
828 1033 74 41 borde,

74 1067 64 26 enligt
160 1073 68 22 prop.,
250 1067 43 23 alla
315 1068 81 22 vittnen
418 1068 82 22 infinna
522 1069 33 26 sig
576 1068 47 23 från
648 1068 84 22 Torneå
754 1067 39 22 och
807 1060 48 28 Åbo
871 1065 32 33 till

73 1095 91 28 Kuopio,
188 1095 7 22 i
216 1096 73 22 stället
310 1096 33 22 för
357 1099 33 19 att
405 1097 67 22 målet
487 1097 114 27 rätteligen
616 1097 68 22 borde
698 1095 116 23 behandlas
828 1095 54 22 först
895 1100 9 15 i

73 1123 90 28 Torneå,
178 1124 67 22 sedan
260 1125 87 22 förvisas
362 1125 33 22 till
417 1125 67 22 Wasa
506 1125 41 22 och
569 1125 39 22 sist
630 1127 101 25 utageras
752 1124 7 21 i
800 1123 34 22 Åbo.
864 1122 38 23 Ut-

73 1151 91 23 skottets
186 1152 79 28 förslag
287 1155 24 20 är
332 1155 59 26 taget
413 1153 47 22 från
476 1153 92 23 svenska
582 1153 63 28 lagen
660 1153 40 22 och
715 1152 115 23 stiliseradt
845 1151 7 21 i
868 1151 36 22 det

73 1182 107 20 närmaste
202 1181 44 21 lika
268 1181 48 22 med
338 1182 47 22 den.
416 1182 44 21 För
479 1182 75 27 hvarje
566 1182 69 27 jurist,
651 1182 77 21 tänker
740 1181 43 27 jag,
799 1182 25 20 är
838 1179 66 22 saken

73 1208 24 22 så
120 1208 54 28 klar,
198 1211 33 20 att
252 1209 42 22 han
316 1210 46 22 icke
376 1210 55 22 skall
446 1210 66 22 tveka
526 1212 33 20 att
575 1210 55 28 välja
645 1210 90 22 emellan
750 1209 27 22 de
791 1208 56 22 båda
861 1207 42 21 för-

73 1236 79 28 slagen,
167 1238 169 26 propositionens
352 1238 39 22 och
406 1239 125 22 utskottets.

141 1294 35 21 Då
191 1293 37 23 det
244 1288 28 39 af
277 1295 33 21 Hr
324 1295 105 22 Mechelin
444 1295 78 27 gjorda
536 1295 134 28 påyrkandet
684 1294 47 22 icke
745 1293 73 23 vunnit
828 1292 76 22 under-

74 1322 54 26 stöd,
144 1321 44 23 blef
203 1323 11 25 $
286 1323 85 22 19Pgodkänd
386 1323 7 21 i
408 1323 97 27 enlighet
519 1324 50 22 med
582 1323 117 22 utskottets
713 1322 85 27 förslag.

142 1378 26 29 88
186 1379 83 22 14—17
285 1379 123 28 godkändes
423 1381 53 20 utan
492 1379 147 28 anmärkning.

142 1435 136 22 Beträffande
294 1435 12 29 &
323 1437 26 21 18
364 1435 114 23 anmärkte

143 1481 38 32 Hr
191 1492 24 21 L.
231 1492 143 22 Mechelin:
404 1492 41 27 Jag
460 1492 41 22 ber
516 1492 21 22 få
552 1492 94 27 åberopa
661 1492 26 21 de
703 1491 46 22 skäl
761 1492 37 26 jag
816 1490 90 27 tidigare

75 1520 70 23 anfört
167 1522 45 20 mot
237 1521 115 22 utskottets
376 1520 134 28 uteslutning
531 1521 8 21 i
555 1521 13 28 &
585 1521 26 22 18
626 1519 40 24 och
681 1520 36 22 vill
732 1519 46 23 icke
793 1517 114 30 uppehålla
