1073 1734
344 118 24 17 R.
381 123 19 12 0.
413 119 22 15 A.
447 118 60 18 1888.
521 111 12 33 4
527 118 85 21 April.
820 113 42 20 545

138 203 168 22 Vidkommande
322 203 11 28 $
350 204 27 21 12
392 204 87 26 yttrade

137 259 57 21 Frih.
211 266 39 15 von
266 260 81 21 Born:
363 261 41 26 Jag
419 261 81 26 nödgas
516 259 92 22 rörande
624 259 13 28 &
655 260 26 21 12
692 259 91 22 besvära
794 260 36 21 det
839 259 53 26 hög-

65 287 71 28 lofliga
159 287 84 22 ständet
265 289 48 20 med
337 290 31 20 ett
390 288 81 27 förslag
493 289 23 20 af
528 288 90 27 ungefär
633 294 82 15 samma
730 288 99 26 innehäll,
847 293 45 16 som

63 317 43 26 jag,
123 317 68 20 ehuru
214 316 113 27 förgäfves,
342 317 126 22 framstälde
488 317 133 21 beträffande
637 317 13 26 $
666 317 19 20 6.
717 317 45 20 Här
777 317 44 20 står
836 316 28 27 pä
878 316 14 21 3

66 345 39 21 och
120 346 14 20 4
150 345 91 21 raderna
263 345 24 21 af
307 346 11 27 $
336 346 25 21 12
386 345 27 26 ,å
435 346 42 27 dag
500 345 39 22 och
563 348 40 23 ort,
627 351 45 15 som
695 347 133 24 guvernören
843 351 49 20 eger

67 375 81 20 utsätta
170 373 39 21 och
232 373 153 22 kommunerna
408 380 77 21 genom
507 373 129 28 kungörelse
660 373 112 27 delgifva*.
810 374 82 25 Längre

65 402 55 21 fram
135 403 7 20 i
158 402 17 27 8,
192 403 5 20 i
214 402 48 21 dess
284 403 67 20 andra
374 403 91 26 mening,
488 403 62 21 heter
573 403 36 20 det
628 402 47 27 ,vid
690 402 67 21 sådan
771 407 121 22 gemensam

67 431 214 21 kommunalstämmä
303 431 34 21 mä
352 431 103 21 kommun
470 431 46 21 låta
530 432 32 26 sig
577 431 122 21 företrädas
714 437 76 20 genom
806 430 12 21 ä
833 431 59 20 kom-

66 459 164 22 Munalstämma
251 460 72 21 utsedt
346 459 99 22 ombud.”
475 460 43 21 Det
541 462 24 19 är
584 459 83 22 således
683 460 76 26 tydligt
775 461 37 24 att,
828 459 64 21 innan

66 488 40 21 den
129 494 158 20 gemensamma
301 489 230 21 kommunalstämman
552 495 49 20 eger
617 494 54 20 rum,
688 488 53 21 böra
756 488 25 21 de
797 487 97 30 enskilda

66 516 154 21 kommunerna
234 523 53 14 vara
301 517 7 21 i
323 517 83 21 tillfälle
422 519 33 19 att
470 517 27 27 pä
505 517 97 21 enskilda
610 517 226 20 kommunalstämmor
846 518 47 19 utse

66 545 86 24 ombud,
167 551 44 14 som
224 545 34 21 vid
269 545 40 21 den
320 552 159 20 gemensamma
490 547 106 20 stämman
608 551 39 21 ega
659 545 82 21 bevaka
753 545 25 22 de
789 544 105 22 särskilda

66 574 165 20 kommunernas
247 575 49 20 rätt.
327 574 34 21 Dä
375 581 30 14 nu
420 580 26 15 en
462 575 101 20 kommun
579 574 138 21 underrättas
733 574 71 21 endast
817 579 76 21 genom

66 602 128 26 kungörelse
209 602 7 21 i
232 602 74 27 kyrka,
325 603 42 20 kan
384 603 37 21 det
435 603 86 27 mycket
535 603 42 22 lätt
592 603 77 23 hända,
686 604 32 19 att
733 603 62 26 ingen
811 601 83 22 enskild

66 630 215 21 kommunalstämma
306 631 97 21 kommer
426 633 33 19 att
480 632 7 20 i
509 631 31 21 tid
563 631 75 21 hällas.
669 631 41 25 Jag
732 631 68 21 skulle
822 629 72 22 derför

66 658 86 26 föreslå,
169 660 33 19 att
217 658 55 22 efter
287 660 67 20 orden
369 660 166 26 ,kommunerna
550 666 76 20 genom
642 659 141 26 kungörelse"
801 659 11 21 ä
827 658 39 21 rad
879 659 15 20 4

67 687 67 21 skulle
158 688 99 26 tilläggas
280 688 50 27 ,och
353 688 228 21 kommunalstämmas
604 687 129 22 ordförande
753 687 140 27 skriftligen;*

66 717 33 19 att
114 716 36 20 det
165 716 90 26 tidigare
279 716 68 28 ,och*i
362 717 69 21 skulle
446 716 113 22 förändras
575 717 32 20 till
624 717 85 27 ,samt*,
726 716 39 21 bör
778 716 36 26 jag
829 715 65 21 också

66 746 84 19 nämna.
163 756 25 3 —
200 745 41 26 Jag
251 745 39 21 har
301 745 109 21 dessutom
421 752 26 14 en
459 752 69 14 annan
539 745 141 26 anmärkning
691 746 32 19 att
731 746 58 26 göra.
805 744 10 21 I
826 744 67 20 andra

66 773 117 26 meningen,
200 772 28 26 pä
243 773 25 21 de
284 776 33 18 tre
333 774 52 21 sista
400 774 93 21 raderna
508 774 27 26 pä
551 774 66 26 sidan,
627 773 44 21 står
679 774 44 20 det:
735 773 93 27 ,hvilkas
836 773 58 20 inne-

67 801 87 21 hafvare
170 801 47 21 icke
233 801 123 22 förbehällit
371 803 32 26 sig
418 804 33 19 att
467 802 75 27 sjelfva
557 802 52 22 eller
619 808 77 20 genom
707 802 100 20 särskildt
818 800 75 22 befull-

66 830 119 26 mäktigadt
209 830 78 21 ombud
310 830 47 22 föra
379 831 33 21 sin
435 831 59 21 talan
514 830 12 22 &
542 831 40 21 den
598 836 158 21 gemensamma
771 829 121 22 stämman”.

66 858 41 27 Jag
122 858 39 21 har
176 858 47 21 icke
238 859 57 21 klart
310 859 33 22 för
359 860 48 27 mig,
431 861 38 20 när
485 860 40 21 och
541 860 52 20 hvar
609 859 106 21 utskottet
730 859 62 21 tänkt
808 858 36 27 sig,
861 859 33 20 att

67 887 59 21 detta
141 887 106 22 förbehåll
263 888 69 21 skulle
347 890 69 25 göras.
448 888 59 21 Skall
524 889 36 20 det
575 888 38 21 ske
628 888 35 21 vid
675 888 41 21 den
727 887 95 22 enskilda
832 887 62 20 kom-

66 915 185 27 munalstämman,
267 916 28 21 då
309 917 130 21 kommunen
461 919 60 19 utser
536 917 37 21 sitt
589 916 80 22 ombud
686 929 23 2 —
728 917 39 20 och
783 916 23 21 så
821 917 23 19 är
859 915 35 21 väl

68 944 117 27 meningen,
203 956 22 3 —
243 945 24 20 så
289 951 63 15 anser
372 945 37 27 jag
432 946 37 21 det
488 952 53 14 vara
563 945 116 27 någonting
696 945 121 26 oegentligt.
846 944 48 21 Den

66 972 95 21 enskilde
185 973 264 26 lägenhetsinnehafvaren
464 974 40 21 bör
521 974 138 26 ovilkorligen
675 973 64 21 hafva
753 975 44 19 rätt
812 974 32 19 att
860 972 34 21 vid

67 1001 41 21 den
130 1007 157 20 gemensamma
310 1003 231 20 kommunalstämman
563 1003 47 20 föra
633 1002 31 21 sin
687 1003 66 24 talan,
774 999 120 24 oberoende

68 1029 65 26 deraf,
149 1036 33 15 om
199 1030 41 21 han
256 1031 34 20 vid
305 1031 41 21 den
361 1031 131 26 föregående
508 1031 97 21 enskilda
613 1031 229 20 kommunalstämman
852 1029 42 21 för-

67 1057 89 22 behållit
179 1059 31 25 sig
233 1059 60 21 detta
308 1059 53 21 eller
375 1060 54 24 icke,
445 1060 57 21 varit
517 1059 133 22 närvarande
666 1059 52 21 eller
733 1059 53 21 icke.
816 1057 79 22 Såvida

66 1086 47 21 icke
128 1086 69 27 någon
213 1087 198 22 tillfredsställande
427 1088 120 26 förklaring
561 1087 48 21 från
624 1088 117 20 utskottets
751 1087 46 21 sida
807 1087 7 20 i
825 1086 70 21 denna

68 1114 34 21 del
127 1114 96 27 afgifves,
247 1116 68 21 skulle
336 1116 37 27 jag
399 1116 72 21 derför
497 1117 67 20 önska
589 1122 25 15 en
637 1116 130 26 förändring,
791 1116 20 20 d.
834 1121 19 15 v.
877 1120 16 16 s.

66 1143 132 27 uteslutning
213 1144 23 21 af
250 1144 66 22 orden
332 1144 137 28 ,förbehällit
484 1146 32 26 sig
531 1146 51 23 att”,
599 1145 136 26 hvarigenom
747 1144 147 26 ordalydelsen

66 1171 80 21 blefve:
164 1172 97 25 ,hvilkas
276 1173 137 21 innehafvare
429 1174 48 20 icke
495 1174 73 26 sjelfve
585 1173 51 21 eller
651 1179 77 21 genom
743 1172 101 22 särskildt
859 1172 37 20 be-

66 1200 162 26 fullmäktigade
251 1202 79 20 ombud
353 1202 48 20 föra
423 1202 59 21 talan
499 1202 13 21 &
527 1202 41 21 den
590 1208 159 20 gemensamma
769 1202 125 20 stämman*.

66 1228 34 21 Dä
120 1228 36 27 jag
179 1229 83 27 engäng
285 1230 40 21 har
340 1230 69 26 ordet,
425 1230 40 22 och
481 1230 49 22 med
547 1230 112 27 anledning
675 1230 24 20 af
713 1232 30 19 ett
759 1228 99 28 yttrande
874 1227 23 21 af

67 1256 58 22 Frih.
148 1264 41 14 von
212 1258 89 22 Alfthan
324 1259 68 21 under
415 1259 41 21 den
476 1259 109 21 allmänna
601 1259 155 25 diskussionen,
771 1258 39 20 ber
822 1257 38 27 jag
874 1256 22 21 fä

68 1287 84 25 nämna,
167 1288 33 19 att
215 1286 118 22 utskottets
347 1288 81 26 förslag
443 1288 7 20 i
465 1288 55 20 sista
534 1294 63 14 mom.
614 1287 23 21 af
651 1287 68 21 denna
730 1287 20 27 8,
762 1286 81 21 hvilket
853 1284 43 22 för-

69 1314 46 27 slag
130 1314 65 22 bland
210 1318 66 18 annat
291 1318 107 24 motsäges
414 1316 23 21 af
451 1318 140 19 reservanten
606 1316 33 21 Hr
653 1315 98 27 Aminoff,
763 1316 74 20 vinner
848 1313 49 21 mitt

67 1342 53 22 fulla
136 1343 144 22 erkännande.
310 1344 43 22 Det
367 1344 68 27 gäller
450 1344 78 27 frägan
544 1350 34 16 om
593 1347 33 18 att
641 1346 132 24 guvernören
787 1343 46 21 icke
843 1342 53 26 egde

68 1371 74 21 utöfva
157 1372 69 26 nägon
242 1372 92 22 särskild
349 1373 99 27 pröfning
463 1373 23 21 af
496 1374 26 20 de
533 1372 155 27 spekulerande
699 1373 197 25 entreprenörerne,

67 1402 52 19 utan
136 1400 52 26 egde
203 1400 108 22 fastställa
327 1401 26 21 de
368 1402 116 26 godkända
500 1401 106 21 anbuden.
636 1401 41 27 Jag
693 1400 67 22 skulle
773 1400 124 26 visserligen

66 1428 48 22 icke
129 1429 50 26 vilja
193 1428 120 22 fränkänna
330 1432 136 24 guvernören
481 1430 30 21 all
526 1430 161 27 pröfningsrätt,
703 1436 49 14 men
767 1435 34 15 om
816 1429 37 21 det
868 1434 29 14 nu

66 1457 109 27 verkligen
190 1459 25 19 är
229 1457 67 27 fallet,
312 1458 28 26 pä
355 1460 44 19 sätt
417 1458 108 22 utskottet
541 1458 13 21 &
569 1458 38 21 sid.
624 1460 13 19 8
652 1458 113 26 förklarar,
781 1459 32 19 att
829 1456 69 26 ,,efter

66 1486 115 21 auktionen
204 1486 33 21 till
252 1488 134 24 guvernören
408 1486 83 27 ingifna
507 1486 108 27 skriftliga
629 1486 143 21 förbindelser
787 1486 23 21 af
823 1490 74 22 perso-

66 1519 45 20 ner,
134 1514 72 21 hvilka
228 1514 87 21 förmält
337 1515 32 26 sig
391 1515 73 26 villiga
486 1517 34 19 att
535 1515 93 26 fullgöra
643 1514 116 27 åtagandet
775 1514 26 27 pä
816 1517 82 18 samma
