1078 1742
189 104 41 22 730
436 112 25 16 R.
474 116 17 13 o.
504 112 22 16 A.
536 112 58 17 1888.
608 111 21 17 17
637 112 63 21 April.

159 195 64 21 invan
247 196 25 20 de
293 196 70 22 kunde
379 197 7 20 i
401 197 97 21 afseende
520 198 29 26 på
570 198 103 26 rättighet
696 199 32 20 att
744 197 108 27 uppställa
866 197 69 22 vilkor
949 197 35 21 för

159 224 148 27 uppflyttning,
330 225 103 21 likställas
455 226 49 21 med
527 226 67 21 andra
616 226 76 21 lärare.
722 226 44 21 För
787 226 44 20 min
855 226 33 21 del
910 228 25 19 är
947 226 37 27 jag

159 252 86 26 mycket
260 252 95 27 benägen
371 256 31 19 att
417 254 32 21 för
464 254 115 22 framtiden
590 255 116 27 förutsäga,
722 256 34 20 att
767 254 61 22 äfven
836 256 148 26 gymnastiken

160 281 54 20 skall
230 280 81 22 erhålla
327 282 40 21 den
383 283 105 27 ställning,
512 290 46 14 som
581 284 41 20 den
640 283 129 27 föregående
792 284 36 20 tal.
853 284 39 20 här
914 284 69 21 såsom

160 309 82 26 önsklig
258 310 81 26 antydt,
355 311 39 21 och
408 312 35 26 jag
458 314 46 19 tror
520 312 65 21 också
593 314 38 24 att,
647 318 34 15 om
692 312 149 27 gymnastiken
850 312 53 21 skall
912 312 71 21 kunna

159 339 77 25 utgöra
253 344 25 15 en
293 339 81 27 verklig
389 340 88 26 motvigt
501 342 45 20 mot
569 340 219 27 öfveransträngning,
811 340 40 21 bör
866 341 40 21 den
920 340 22 22 få
957 347 26 15 en

159 366 66 21 sådan
240 366 67 22 aktad
322 368 39 21 och
377 368 118 28 betydande
511 370 56 26 plats
583 371 5 19 i
605 369 81 21 skolan.
710 369 50 21 Men
771 369 70 21 såsom
853 370 60 26 sagdt
924 370 59 20 detta

159 395 43 21 kan
216 395 48 21 icke
280 396 85 22 komma
379 398 8 20 i
402 397 65 27 fråga,
484 398 73 21 förrän
573 398 26 21 de
615 398 22 20 af
650 398 108 21 utskottet
773 398 122 26 föreslagna
916 398 66 21 refor-

160 430 74 15 merna
249 424 54 22 först
319 425 68 21 blifvit
402 426 145 26 genomförda.
577 426 66 22 Detta
658 426 69 22 såsom
744 426 124 27 förklaring,
884 426 98 22 hvarföre

159 452 117 22 utskottets
291 453 57 22 kläm
364 454 84 22 erhållit
464 456 32 20 sin
516 456 124 26 nuvarande,
648 455 146 27 formulering.

228 509 33 21 Hr
276 510 204 28 Pippingsköld:
504 512 40 26 Jag
560 512 35 21 vill
611 512 45 22 icke
672 515 96 24 upptaga
784 512 96 22 ståndets
895 512 31 21 tid
934 512 48 21 med

159 537 77 27 många
259 539 44 21 ord.
334 540 86 21 Enhvar
441 542 23 20 af
484 547 34 15 oss
543 541 60 21 torde
625 541 100 25 erkänna,
750 542 32 20 att
805 542 36 20 det
859 543 24 19 är
898 541 86 21 skolans

161 566 89 27 uppgift,
259 569 32 19 att
307 568 45 21 icke
368 569 74 21 endast
457 570 45 20 icke
514 570 117 20 försumma
646 570 41 21 den
697 570 81 26 fysiska
789 570 131 26 uppfostran,
931 572 52 18 utan

161 595 61 21 äfven
244 597 33 20 att
299 597 63 21 ställa
385 598 121 21 densamma
528 598 53 27 högt
595 599 7 20 i
618 599 36 20 sitt
678 604 107 21 program.
815 598 42 21 Vid
878 598 54 22 1882
948 598 35 21 års

160 624 109 26 landtdag,
283 624 23 27 ja
321 625 80 22 kanske
417 627 64 21 redan
497 627 33 21 vid
549 628 53 20 1877
619 626 41 27 års,
676 627 125 21 framstälde
811 628 37 26 jag
859 628 3 20 i
870 627 116 27 Allmänna

160 652 203 26 Besvärsutskottet,
379 654 24 22 af
416 656 79 21 hvilket
508 656 37 26 jag
560 656 55 20 hade
631 658 50 18 äran
690 658 32 19 att
731 662 51 14 vara
791 656 96 25 medlem,
904 662 80 14 samma

161 681 94 26 yrkande
270 682 7 20 i
292 682 99 22 afseende
407 684 12 20 å
432 684 246 21 fruntimmersskolorna
695 684 39 22 och
751 685 98 21 uttalade
860 684 64 21 sedan
935 686 49 18 när-

160 716 58 14 mare
234 710 60 21 detta
309 711 94 27 yrkande
419 713 30 20 uti
466 719 24 15 en
506 714 137 20 reservation.
667 713 48 21 Men
730 713 37 27 jag
782 712 50 22 fann
849 713 43 26 mig
901 713 83 27 mycket

161 738 147 22 tillfredsstäld
324 740 48 21 med
387 741 115 21 utskottets
518 742 76 25 beslut,
611 748 34 14 om
662 742 64 20 också
742 742 46 20 icke
804 742 39 20 allt
859 742 35 20 det
909 741 75 21 erkän-

162 767 45 25 des,
228 773 45 15 som
296 768 23 21 af
333 769 42 26 mig
391 769 67 22 blifvit
473 770 82 26 yrkadt,
573 770 64 21 bland
660 773 66 18 annat
744 770 149 26 gymnastiken
915 770 70 20 såsom

162 796 119 26 eqvivalent
303 797 48 21 med
374 798 25 21 de
423 799 105 26 egentliga
551 799 143 26 läroämnena,
718 798 29 22 då
762 799 65 21 likväl
844 799 35 21 det
894 798 90 21 resultat

162 830 72 19 vanns,
251 826 32 20 att
298 827 146 25 gymnastiken
460 827 44 21 blef
517 827 119 26 föreslagen
658 828 71 20 såsom
748 828 140 26 obligatorisk
910 827 34 21 för
959 828 27 20 de

161 852 225 28 fruntimmersskolor,
403 862 33 14 om
451 856 71 20 hvilka
538 856 27 21 då
580 856 171 26 petitionerades.
784 856 72 21 Skulle
876 856 108 25 verkligen

162 881 6 20 i
185 887 26 14 en
226 887 50 15 snar
291 881 93 28 framtid,
408 883 80 22 hvilket
507 884 37 27 jag
567 884 46 21 icke
635 891 29 14 nu
679 885 34 20 vid
730 885 70 20 denna
815 885 90 26 petition
920 883 65 27 vågar

162 909 88 27 hoppas,
267 911 36 20 det
318 912 89 21 resultat
422 912 88 27 uppnås,
526 915 32 19 att
574 913 40 21 den
629 913 80 26 fysiska
724 913 128 26 uppfostran
868 913 6 20 i
885 913 101 20 skolorna

162 937 68 22 skulle
245 939 106 22 erkännas
366 941 6 20 i
389 941 31 20 sin
434 941 49 21 mån
499 948 51 14 vara
566 941 23 21 af
603 941 43 21 lika
661 942 43 26 vigt
719 947 46 16 som
782 941 40 21 den
831 941 154 26 intellektuela,

162 966 24 21 så
201 968 24 19 är
238 967 37 26 jag
292 967 122 28 öfvertygad
430 970 78 26 derom,
532 973 33 18 att
580 970 82 26 åsigten
676 970 76 21 härom
777 970 68 21 skulle
867 970 72 26 sprida
954 969 31 26 sig

162 995 62 27 kring
246 996 44 21 alla
311 997 83 22 landets
416 997 80 28 bygder
518 999 40 21 och
582 999 64 20 blifva
668 999 23 20 af
710 1001 32 19 ett
758 1000 55 19 stort
829 999 114 26 inflytande
958 997 28 27 på

163 1024 112 21 nationens
290 1026 133 26 spänstighet
438 1027 39 21 och
492 1027 98 22 lifskraft.
614 1028 33 25 Ja,
662 1027 7 21 i
685 1027 39 21 och
740 1027 49 21 med
806 1027 117 21 detsamma
931 1026 56 21 skall

164 1052 61 21 äfven
241 1053 247 28 uppfostringssystemet
503 1056 92 21 erkändt
610 1056 6 21 i
632 1056 101 21 skolorna
748 1056 87 21 komma
850 1057 32 20 att
899 1056 87 20 baseras

162 1080 28 27 på
205 1087 26 15 en
247 1087 69 16 annan
336 1084 88 26 princip,
446 1086 27 19 än
496 1084 55 21 hvad
574 1085 75 20 hittills
672 1085 56 20 varit
751 1084 67 21 fallet.
856 1084 130 26 Uppfostran

163 1109 41 21 och
226 1110 178 28 undervisningen
427 1113 67 21 måste
517 1113 106 27 nämligen
647 1113 32 21 för
702 1113 103 21 framtida
824 1113 83 26 slägten
922 1113 66 20 blifva

164 1143 45 16 mer
224 1138 40 21 och
279 1145 45 15 mer
339 1140 127 27 fysiologisk,
485 1141 105 26 utgående
613 1141 47 21 från
682 1142 150 21 kännedomen
855 1148 34 14 om
911 1141 77 26 princi-

163 1173 67 20 perna
245 1167 34 21 för
295 1169 143 26 organismens
454 1171 127 26 utveckling,
606 1170 39 21 och
664 1171 117 26 ingalunda
796 1170 76 21 endast
887 1176 45 15 som
947 1169 41 21 hit-

163 1195 44 21 tills
222 1195 48 21 från
287 1197 138 26 pedagogiskt
440 1198 120 21 filosofiska.
585 1199 74 21 Ehuru
672 1199 37 26 jag
716 1198 85 22 således
810 1199 62 26 hyser
881 1199 107 20 desamma

163 1223 86 28 äsigter,
265 1224 72 22 hvilka
353 1226 68 21 blifvit
435 1227 95 21 uttalade
545 1227 24 21 af
583 1227 76 21 Grefve
675 1227 93 21 Armfelt
778 1227 39 21 och
828 1227 31 21 Hr
867 1233 41 15 von
918 1227 71 21 Wille-

164 1252 74 27 brand,
255 1253 39 21 och
309 1254 74 21 hvilka
405 1255 113 26 ingalunda
534 1256 130 21 underkänts
684 1255 24 22 af
721 1256 59 21 Frih.
797 1255 22 22 af
835 1255 105 23 Schult6n,
965 1255 24 21 sä

164 1287 62 15 anser
240 1282 37 27 jag
292 1283 54 21 dock
361 1283 85 22 klokast
463 1284 38 21 och
517 1285 34 20 väl
567 1284 94 26 betänkt,
678 1291 34 14 om
728 1285 38 20 det
782 1284 114 27 höglofliga
904 1283 86 22 ståndet

163 1310 49 21 ville
227 1310 75 21 förena
317 1312 32 26 sig
365 1318 34 15 om
415 1313 115 21 utskottets
546 1313 141 25 betänkande,
703 1315 23 24 ty
742 1313 78 21 endast
835 1313 7 20 i
858 1313 68 20 denna
934 1312 55 21 form

163 1338 122 22 föreställer
297 1340 38 27 jag
350 1341 43 26 mig
408 1341 60 21 torde
484 1341 35 21 det
534 1341 73 21 kunna
621 1342 63 20 vinna
699 1341 91 22 allmänt
805 1341 136 21 erkännande
950 1340 41 21 och

163 1366 66 21 blifva
251 1367 90 22 föremäl
363 1369 34 20 för
419 1375 25 14 en
466 1376 121 20 gemensam
611 1371 183 26 ständerpetition.
811 1382 28 3 —
855 1369 73 22 Redan
943 1369 47 20 der-

164 1395 91 26 igenom,
270 1398 33 19 att
317 1397 230 26 gymnastiklärarenes
571 1398 69 21 vilkor
655 1398 126 25 förbättras,
804 1398 40 21 och
859 1400 33 19 att
906 1399 84 25 preten-

165 1423 98 22 tionerna
285 1425 28 26 pä
336 1425 62 22 deras
414 1426 87 27 insigter
518 1427 59 25 ökas,
601 1429 24 18 är
643 1429 30 19 ett
688 1429 56 19 stort
760 1430 47 23 steg
822 1427 78 26 gjordt,
916 1425 39 22 och
970 1425 22 21 vi

166 1452 53 21 böra
234 1459 29 14 nu
278 1453 47 22 icke
341 1454 79 27 begära
435 1461 65 15 mera.
530 1455 41 26 Jag
586 1457 24 19 är
626 1455 108 22 dessutom
756 1455 124 27 öfvertygad
896 1461 40 19 om,
958 1455 33 20 att

165 1487 26 14 en
213 1482 200 25 gymnastiklärare,
435 1484 103 27 tillgifven
561 1484 32 21 sin
615 1484 82 26 uppgift
712 1484 41 21 och
768 1484 35 21 väl
818 1484 110 26 förtrogen
943 1482 49 21 med

165 1509 129 27 densamma,
310 1511 69 27 aldrig
394 1511 54 22 skall
464 1513 66 20 sakna
545 1513 123 21 hörsamhet
684 1513 66 20 bland
766 1519 57 20 unga
839 1512 74 21 elever.
938 1511 56 22 Säll-
