<?xml version="1.0" encoding="UTF-8"?>
<alto xmlns="http://www.loc.gov/standards/alto/ns-v3#" xmlns:xlink="http://www.w3.org/1999/xlink" xmlns:xsi="http://www.w3.org/2001/XMLSchema-instance" xsi:schemaLocation="http://www.loc.gov/standards/alto/ns-v3# http://www.loc.gov/alto/v3/alto-3-0.xsd">
	<Description>
		<MeasurementUnit>pixel</MeasurementUnit>
		<sourceImageInformation>
			<fileName>/tmp/tess_06hpnlu__input.PNG</fileName>
		</sourceImageInformation>
		<OCRProcessing ID="OCR_0">
			<ocrProcessingStep>
				<processingSoftware>
					<softwareName>tesseract 5.3.4</softwareName>
				</processingSoftware>
			</ocrProcessingStep>
		</OCRProcessing>
	</Description>
	<Layout>
		<Page WIDTH="1078" HEIGHT="1736" PHYSICAL_IMG_NR="0" ID="page_0">
			<PrintSpace HPOS="0" VPOS="0" WIDTH="1078" HEIGHT="1736">
				<ComposedBlock ID="cblock_0" HPOS="334" VPOS="112" WIDTH="510" HEIGHT="28">
					<TextBlock ID="block_0" HPOS="334" VPOS="112" WIDTH="510" HEIGHT="28">
						<TextLine ID="line_0" HPOS="334" VPOS="112" WIDTH="510" HEIGHT="28">
							<String ID="string_0" HPOS="334" VPOS="119" WIDTH="24" HEIGHT="17" WC="0.96" CONTENT="R."/><SP WIDTH="13" VPOS="119" HPOS="358"/>
							<String ID="string_1" HPOS="371" VPOS="123" WIDTH="17" HEIGHT="13" WC="0.96" CONTENT="0."/><SP WIDTH="10" VPOS="123" HPOS="388"/>
							<String ID="string_2" HPOS="398" VPOS="119" WIDTH="22" HEIGHT="17" WC="0.52" CONTENT="A."/><SP WIDTH="9" VPOS="119" HPOS="420"/>
							<String ID="string_3" HPOS="429" VPOS="119" WIDTH="57" HEIGHT="17" WC="0.95" CONTENT="1888."/><SP WIDTH="19" VPOS="119" HPOS="486"/>
							<String ID="string_4" HPOS="505" VPOS="119" WIDTH="21" HEIGHT="17" WC="0.96" CONTENT="17"/><SP WIDTH="8" VPOS="119" HPOS="526"/>
							<String ID="string_5" HPOS="534" VPOS="119" WIDTH="64" HEIGHT="21" WC="0.96" CONTENT="April."/><SP WIDTH="206" VPOS="119" HPOS="598"/>
							<String ID="string_6" HPOS="804" VPOS="112" WIDTH="40" HEIGHT="22" WC="0.95" CONTENT="721"/>
						</TextLine>
					</TextBlock>
				</ComposedBlock>
				<GraphicalElement ID="cblock_1" HPOS="66" VPOS="159" WIDTH="800" HEIGHT="4"></GraphicalElement >
				<ComposedBlock ID="cblock_2" HPOS="48" VPOS="204" WIDTH="826" HEIGHT="1371">
					<TextBlock ID="block_1" HPOS="50" VPOS="204" WIDTH="824" HEIGHT="627">
						<TextLine ID="line_1" HPOS="50" VPOS="204" WIDTH="824" HEIGHT="28">
							<String ID="string_7" HPOS="50" VPOS="204" WIDTH="96" HEIGHT="22" WC="0.93" CONTENT="Finland."/><SP WIDTH="30" VPOS="204" HPOS="146"/>
							<String ID="string_8" HPOS="176" VPOS="205" WIDTH="100" HEIGHT="21" WC="0.48" CONTENT="Komiten"/><SP WIDTH="23" VPOS="205" HPOS="276"/>
							<String ID="string_9" HPOS="299" VPOS="206" WIDTH="61" HEIGHT="26" WC="0.96" CONTENT="säger"/><SP WIDTH="22" VPOS="206" HPOS="360"/>
							<String ID="string_10" HPOS="382" VPOS="204" WIDTH="65" HEIGHT="21" WC="0.96" CONTENT="bland"/><SP WIDTH="23" VPOS="204" HPOS="447"/>
							<String ID="string_11" HPOS="470" VPOS="206" WIDTH="66" HEIGHT="20" WC="0.91" CONTENT="annat"/><SP WIDTH="16" VPOS="206" HPOS="536"/>
							<String ID="string_12" HPOS="552" VPOS="206" WIDTH="46" HEIGHT="24" WC="0.89" CONTENT=",att"/><SP WIDTH="15" VPOS="206" HPOS="598"/>
							<String ID="string_13" HPOS="613" VPOS="210" WIDTH="26" HEIGHT="16" WC="0.93" CONTENT="en"/><SP WIDTH="15" VPOS="210" HPOS="639"/>
							<String ID="string_14" HPOS="654" VPOS="204" WIDTH="82" HEIGHT="27" WC="0.96" CONTENT="verklig"/><SP WIDTH="14" VPOS="204" HPOS="736"/>
							<String ID="string_15" HPOS="750" VPOS="204" WIDTH="124" HEIGHT="28" WC="0.96" CONTENT="religiositet"/>
						</TextLine>
						<TextLine ID="line_2" HPOS="50" VPOS="232" WIDTH="824" HEIGHT="28">
							<String ID="string_16" HPOS="50" VPOS="233" WIDTH="46" HEIGHT="21" WC="0.91" CONTENT="icke"/><SP WIDTH="15" VPOS="233" HPOS="96"/>
							<String ID="string_17" HPOS="111" VPOS="233" WIDTH="43" HEIGHT="21" WC="0.96" CONTENT="kan"/><SP WIDTH="15" VPOS="233" HPOS="154"/>
							<String ID="string_18" HPOS="169" VPOS="233" WIDTH="67" HEIGHT="21" WC="0.96" CONTENT="finnas"/><SP WIDTH="15" VPOS="233" HPOS="236"/>
							<String ID="string_19" HPOS="251" VPOS="235" WIDTH="52" HEIGHT="19" WC="0.96" CONTENT="utan"/><SP WIDTH="15" VPOS="235" HPOS="303"/>
							<String ID="string_20" HPOS="318" VPOS="233" WIDTH="71" HEIGHT="26" WC="0.96" CONTENT="frihet,"/><SP WIDTH="16" VPOS="233" HPOS="389"/>
							<String ID="string_21" HPOS="405" VPOS="232" WIDTH="44" HEIGHT="22" WC="0.96" CONTENT="lika"/><SP WIDTH="15" VPOS="232" HPOS="449"/>
							<String ID="string_22" HPOS="464" VPOS="233" WIDTH="47" HEIGHT="21" WC="0.96" CONTENT="litet"/><SP WIDTH="16" VPOS="233" HPOS="511"/>
							<String ID="string_23" HPOS="527" VPOS="239" WIDTH="46" HEIGHT="15" WC="0.93" CONTENT="som"/><SP WIDTH="14" VPOS="239" HPOS="573"/>
							<String ID="string_24" HPOS="587" VPOS="232" WIDTH="93" HEIGHT="22" WC="0.93" CONTENT="friheten"/><SP WIDTH="14" VPOS="232" HPOS="680"/>
							<String ID="string_25" HPOS="694" VPOS="233" WIDTH="7" HEIGHT="21" WC="0.93" CONTENT="i"/><SP WIDTH="15" VPOS="233" HPOS="701"/>
							<String ID="string_26" HPOS="716" VPOS="234" WIDTH="72" HEIGHT="22" WC="0.92" CONTENT="ordets"/><SP WIDTH="10" VPOS="234" HPOS="788"/>
							<String ID="string_27" HPOS="798" VPOS="234" WIDTH="76" HEIGHT="26" WC="0.93" CONTENT="högsta"/>
						</TextLine>
						<TextLine ID="line_3" HPOS="51" VPOS="261" WIDTH="823" HEIGHT="28">
							<String ID="string_28" HPOS="51" VPOS="262" WIDTH="40" HEIGHT="21" WC="0.93" CONTENT="och"/><SP WIDTH="15" VPOS="262" HPOS="91"/>
							<String ID="string_29" HPOS="106" VPOS="262" WIDTH="97" HEIGHT="26" WC="0.96" CONTENT="djupaste"/><SP WIDTH="20" VPOS="262" HPOS="203"/>
							<String ID="string_30" HPOS="223" VPOS="262" WIDTH="85" HEIGHT="26" WC="0.96" CONTENT="mening"/><SP WIDTH="20" VPOS="262" HPOS="308"/>
							<String ID="string_31" HPOS="328" VPOS="262" WIDTH="43" HEIGHT="20" WC="0.96" CONTENT="kan"/><SP WIDTH="14" VPOS="262" HPOS="371"/>
							<String ID="string_32" HPOS="385" VPOS="261" WIDTH="68" HEIGHT="21" WC="0.96" CONTENT="finnas"/><SP WIDTH="15" VPOS="261" HPOS="453"/>
							<String ID="string_33" HPOS="468" VPOS="263" WIDTH="53" HEIGHT="19" WC="0.96" CONTENT="utan"/><SP WIDTH="15" VPOS="263" HPOS="521"/>
							<String ID="string_34" HPOS="536" VPOS="262" WIDTH="95" HEIGHT="26" WC="0.91" CONTENT="religion."/><SP WIDTH="31" VPOS="262" HPOS="631"/>
							<String ID="string_35" HPOS="662" VPOS="262" WIDTH="112" HEIGHT="27" WC="0.96" CONTENT="Ingenting"/><SP WIDTH="16" VPOS="262" HPOS="774"/>
							<String ID="string_36" HPOS="790" VPOS="264" WIDTH="23" HEIGHT="20" WC="0.15" CONTENT="är"/><SP WIDTH="14" VPOS="264" HPOS="813"/>
							<String ID="string_37" HPOS="827" VPOS="262" WIDTH="8" HEIGHT="21" WC="0.96" CONTENT="i"/><SP WIDTH="15" VPOS="262" HPOS="835"/>
							<String ID="string_38" HPOS="850" VPOS="261" WIDTH="24" HEIGHT="22" WC="0.96" CONTENT="så"/>
						</TextLine>
						<TextLine ID="line_4" HPOS="51" VPOS="290" WIDTH="823" HEIGHT="27">
							<String ID="string_39" HPOS="51" VPOS="290" WIDTH="42" HEIGHT="27" WC="0.92" CONTENT="hög"/><SP WIDTH="14" VPOS="290" HPOS="93"/>
							<String ID="string_40" HPOS="107" VPOS="290" WIDTH="53" HEIGHT="26" WC="0.96" CONTENT="grad"/><SP WIDTH="15" VPOS="290" HPOS="160"/>
							<String ID="string_41" HPOS="175" VPOS="296" WIDTH="26" HEIGHT="15" WC="0.93" CONTENT="en"/><SP WIDTH="15" VPOS="296" HPOS="201"/>
							<String ID="string_42" HPOS="216" VPOS="290" WIDTH="98" HEIGHT="27" WC="0.90" CONTENT="hjertats,"/><SP WIDTH="24" VPOS="290" HPOS="314"/>
							<String ID="string_43" HPOS="338" VPOS="290" WIDTH="167" HEIGHT="27" WC="0.92" CONTENT="öfvertygelsens"/><SP WIDTH="22" VPOS="290" HPOS="505"/>
							<String ID="string_44" HPOS="527" VPOS="290" WIDTH="40" HEIGHT="21" WC="0.93" CONTENT="och"/><SP WIDTH="16" VPOS="290" HPOS="567"/>
							<String ID="string_45" HPOS="583" VPOS="291" WIDTH="115" HEIGHT="20" WC="0.92" CONTENT="samvetets"/><SP WIDTH="15" VPOS="291" HPOS="698"/>
							<String ID="string_46" HPOS="713" VPOS="290" WIDTH="44" HEIGHT="24" WC="0.96" CONTENT="sak,"/><SP WIDTH="15" VPOS="290" HPOS="757"/>
							<String ID="string_47" HPOS="772" VPOS="296" WIDTH="45" HEIGHT="16" WC="0.96" CONTENT="som"/><SP WIDTH="16" VPOS="296" HPOS="817"/>
							<String ID="string_48" HPOS="833" VPOS="290" WIDTH="41" HEIGHT="22" WC="0.96" CONTENT="den"/>
						</TextLine>
						<TextLine ID="line_5" HPOS="51" VPOS="318" WIDTH="823" HEIGHT="27">
							<String ID="string_49" HPOS="51" VPOS="318" WIDTH="100" HEIGHT="27" WC="0.92" CONTENT="religiösa"/><SP WIDTH="21" VPOS="318" HPOS="151"/>
							<String ID="string_50" HPOS="172" VPOS="320" WIDTH="54" HEIGHT="20" WC="0.95" CONTENT="tron."/><SP WIDTH="31" VPOS="320" HPOS="226"/>
							<String ID="string_51" HPOS="257" VPOS="319" WIDTH="43" HEIGHT="20" WC="0.95" CONTENT="För"/><SP WIDTH="22" VPOS="319" HPOS="300"/>
							<String ID="string_52" HPOS="322" VPOS="320" WIDTH="33" HEIGHT="19" WC="0.96" CONTENT="att"/><SP WIDTH="16" VPOS="320" HPOS="355"/>
							<String ID="string_53" HPOS="371" VPOS="319" WIDTH="70" HEIGHT="20" WC="0.94" CONTENT="denna"/><SP WIDTH="14" VPOS="319" HPOS="441"/>
							<String ID="string_54" HPOS="455" VPOS="319" WIDTH="7" HEIGHT="20" WC="0.93" CONTENT="i"/><SP WIDTH="15" VPOS="319" HPOS="462"/>
							<String ID="string_55" HPOS="477" VPOS="318" WIDTH="90" HEIGHT="27" WC="0.92" CONTENT="sanning"/><SP WIDTH="15" VPOS="318" HPOS="567"/>
							<String ID="string_56" HPOS="582" VPOS="318" WIDTH="55" HEIGHT="21" WC="0.96" CONTENT="skall"/><SP WIDTH="15" VPOS="318" HPOS="637"/>
							<String ID="string_57" HPOS="652" VPOS="318" WIDTH="68" HEIGHT="21" WC="0.96" CONTENT="finnas"/><SP WIDTH="15" VPOS="318" HPOS="720"/>
							<String ID="string_58" HPOS="735" VPOS="319" WIDTH="39" HEIGHT="25" WC="0.96" CONTENT="till,"/><SP WIDTH="16" VPOS="319" HPOS="774"/>
							<String ID="string_59" HPOS="790" VPOS="318" WIDTH="84" HEIGHT="22" WC="0.96" CONTENT="fordrar"/>
						</TextLine>
						<TextLine ID="line_6" HPOS="51" VPOS="347" WIDTH="822" HEIGHT="27">
							<String ID="string_60" HPOS="51" VPOS="347" WIDTH="41" HEIGHT="20" WC="0.93" CONTENT="den"/><SP WIDTH="15" VPOS="347" HPOS="92"/>
							<String ID="string_61" HPOS="107" VPOS="347" WIDTH="90" HEIGHT="27" WC="0.91" CONTENT="hjertats"/><SP WIDTH="15" VPOS="347" HPOS="197"/>
							<String ID="string_62" HPOS="212" VPOS="347" WIDTH="40" HEIGHT="21" WC="0.93" CONTENT="fria"/><SP WIDTH="15" VPOS="347" HPOS="252"/>
							<String ID="string_63" HPOS="267" VPOS="347" WIDTH="89" HEIGHT="26" WC="0.92" CONTENT="böjelse;"/><SP WIDTH="16" VPOS="347" HPOS="356"/>
							<String ID="string_64" HPOS="372" VPOS="347" WIDTH="103" HEIGHT="21" WC="0.92" CONTENT="förhäller"/><SP WIDTH="16" VPOS="347" HPOS="475"/>
							<String ID="string_65" HPOS="491" VPOS="347" WIDTH="36" HEIGHT="21" WC="0.96" CONTENT="det"/><SP WIDTH="16" VPOS="347" HPOS="527"/>
							<String ID="string_66" HPOS="543" VPOS="347" WIDTH="32" HEIGHT="27" WC="0.93" CONTENT="sig"/><SP WIDTH="14" VPOS="347" HPOS="575"/>
							<String ID="string_67" HPOS="589" VPOS="347" WIDTH="132" HEIGHT="26" WC="0.92" CONTENT="annorledes,"/><SP WIDTH="14" VPOS="347" HPOS="721"/>
							<String ID="string_68" HPOS="735" VPOS="347" WIDTH="88" HEIGHT="21" WC="0.96" CONTENT="innebär"/><SP WIDTH="10" VPOS="347" HPOS="823"/>
							<String ID="string_69" HPOS="833" VPOS="347" WIDTH="40" HEIGHT="22" WC="0.96" CONTENT="den"/>
						</TextLine>
						<TextLine ID="line_7" HPOS="51" VPOS="375" WIDTH="823" HEIGHT="28">
							<String ID="string_70" HPOS="51" VPOS="382" WIDTH="26" HEIGHT="14" WC="0.92" CONTENT="en"/><SP WIDTH="22" VPOS="382" HPOS="77"/>
							<String ID="string_71" HPOS="99" VPOS="375" WIDTH="96" HEIGHT="28" WC="0.92" CONTENT="förfärlig"/><SP WIDTH="22" VPOS="375" HPOS="195"/>
							<String ID="string_72" HPOS="217" VPOS="376" WIDTH="56" HEIGHT="26" WC="0.92" CONTENT="lögn."/><SP WIDTH="30" VPOS="376" HPOS="273"/>
							<String ID="string_73" HPOS="303" VPOS="376" WIDTH="39" HEIGHT="21" WC="0.93" CONTENT="Att"/><SP WIDTH="22" VPOS="376" HPOS="342"/>
							<String ID="string_74" HPOS="364" VPOS="375" WIDTH="73" HEIGHT="22" WC="0.90" CONTENT="derför"/><SP WIDTH="15" VPOS="375" HPOS="437"/>
							<String ID="string_75" HPOS="452" VPOS="375" WIDTH="49" HEIGHT="22" WC="0.93" CONTENT="med"/><SP WIDTH="14" VPOS="375" HPOS="501"/>
							<String ID="string_76" HPOS="515" VPOS="375" WIDTH="68" HEIGHT="26" WC="0.92" CONTENT="nägra"/><SP WIDTH="14" VPOS="375" HPOS="583"/>
							<String ID="string_77" HPOS="597" VPOS="375" WIDTH="57" HEIGHT="27" WC="0.92" CONTENT="slags"/><SP WIDTH="15" VPOS="375" HPOS="654"/>
							<String ID="string_78" HPOS="669" VPOS="377" WIDTH="57" HEIGHT="25" WC="0.96" CONTENT="yttre"/><SP WIDTH="15" VPOS="377" HPOS="726"/>
							<String ID="string_79" HPOS="741" VPOS="375" WIDTH="68" HEIGHT="22" WC="0.96" CONTENT="medel"/><SP WIDTH="14" VPOS="375" HPOS="809"/>
							<String ID="string_80" HPOS="823" VPOS="375" WIDTH="51" HEIGHT="27" WC="0.97" CONTENT="vilja"/>
						</TextLine>
						<TextLine ID="line_8" HPOS="51" VPOS="404" WIDTH="823" HEIGHT="27">
							<String ID="string_81" HPOS="51" VPOS="404" WIDTH="72" HEIGHT="27" WC="0.92" CONTENT="tvinga"/><SP WIDTH="14" VPOS="404" HPOS="123"/>
							<String ID="string_82" HPOS="137" VPOS="411" WIDTH="26" HEIGHT="15" WC="0.93" CONTENT="en"/><SP WIDTH="15" VPOS="411" HPOS="163"/>
							<String ID="string_83" HPOS="178" VPOS="404" WIDTH="109" HEIGHT="22" WC="0.92" CONTENT="menniska"/><SP WIDTH="15" VPOS="404" HPOS="287"/>
							<String ID="string_84" HPOS="302" VPOS="404" WIDTH="33" HEIGHT="21" WC="0.96" CONTENT="till"/><SP WIDTH="16" VPOS="404" HPOS="335"/>
							<String ID="string_85" HPOS="351" VPOS="410" WIDTH="26" HEIGHT="15" WC="0.97" CONTENT="en"/><SP WIDTH="11" VPOS="410" HPOS="377"/>
							<String ID="string_86" HPOS="388" VPOS="405" WIDTH="42" HEIGHT="20" WC="0.93" CONTENT="viss"/><SP WIDTH="11" VPOS="405" HPOS="430"/>
							<String ID="string_87" HPOS="441" VPOS="404" WIDTH="85" HEIGHT="27" WC="0.93" CONTENT="religiös"/><SP WIDTH="11" VPOS="404" HPOS="526"/>
							<String ID="string_88" HPOS="537" VPOS="406" WIDTH="40" HEIGHT="25" WC="0.93" CONTENT="tro,"/><SP WIDTH="12" VPOS="406" HPOS="577"/>
							<String ID="string_89" HPOS="589" VPOS="406" WIDTH="24" HEIGHT="19" WC="0.93" CONTENT="är"/><SP WIDTH="10" VPOS="406" HPOS="613"/>
							<String ID="string_90" HPOS="623" VPOS="404" WIDTH="47" HEIGHT="21" WC="0.92" CONTENT="icke"/><SP WIDTH="8" VPOS="404" HPOS="670"/>
							<String ID="string_91" HPOS="678" VPOS="404" WIDTH="55" HEIGHT="21" WC="0.89" CONTENT="blott"/><SP WIDTH="10" VPOS="404" HPOS="733"/>
							<String ID="string_92" HPOS="743" VPOS="405" WIDTH="41" HEIGHT="20" WC="0.96" CONTENT="den"/><SP WIDTH="10" VPOS="405" HPOS="784"/>
							<String ID="string_93" HPOS="794" VPOS="405" WIDTH="80" HEIGHT="20" WC="0.96" CONTENT="största"/>
						</TextLine>
						<TextLine ID="line_9" HPOS="51" VPOS="432" WIDTH="823" HEIGHT="28">
							<String ID="string_94" HPOS="51" VPOS="434" WIDTH="134" HEIGHT="26" WC="0.91" CONTENT="motsägelse,"/><SP WIDTH="22" VPOS="434" HPOS="185"/>
							<String ID="string_95" HPOS="207" VPOS="435" WIDTH="52" HEIGHT="19" WC="0.96" CONTENT="utan"/><SP WIDTH="23" VPOS="435" HPOS="259"/>
							<String ID="string_96" HPOS="282" VPOS="433" WIDTH="36" HEIGHT="21" WC="0.96" CONTENT="det"/><SP WIDTH="22" VPOS="433" HPOS="318"/>
							<String ID="string_97" HPOS="340" VPOS="435" WIDTH="24" HEIGHT="18" WC="0.93" CONTENT="är"/><SP WIDTH="20" VPOS="435" HPOS="364"/>
							<String ID="string_98" HPOS="384" VPOS="433" WIDTH="103" HEIGHT="26" WC="0.92" CONTENT="derjemte"/><SP WIDTH="21" VPOS="433" HPOS="487"/>
							<String ID="string_99" HPOS="508" VPOS="439" WIDTH="25" HEIGHT="15" WC="0.93" CONTENT="en"/><SP WIDTH="15" VPOS="439" HPOS="533"/>
							<String ID="string_100" HPOS="548" VPOS="433" WIDTH="83" HEIGHT="26" WC="0.92" CONTENT="verklig"/><SP WIDTH="14" VPOS="433" HPOS="631"/>
							<String ID="string_101" HPOS="645" VPOS="433" WIDTH="151" HEIGHT="26" WC="0.91" CONTENT="irreligiositet."/><SP WIDTH="29" VPOS="433" HPOS="796"/>
							<String ID="string_102" HPOS="825" VPOS="432" WIDTH="49" HEIGHT="21" WC="0.96" CONTENT="Alla"/>
						</TextLine>
						<TextLine ID="line_10" HPOS="51" VPOS="461" WIDTH="822" HEIGHT="28">
							<String ID="string_103" HPOS="51" VPOS="461" WIDTH="62" HEIGHT="27" WC="0.95" CONTENT="band,"/><SP WIDTH="16" VPOS="461" HPOS="113"/>
							<String ID="string_104" HPOS="129" VPOS="468" WIDTH="45" HEIGHT="15" WC="0.93" CONTENT="som"/><SP WIDTH="16" VPOS="468" HPOS="174"/>
							<String ID="string_105" HPOS="190" VPOS="463" WIDTH="73" HEIGHT="26" WC="0.92" CONTENT="läggas"/><SP WIDTH="15" VPOS="463" HPOS="263"/>
							<String ID="string_106" HPOS="278" VPOS="461" WIDTH="27" HEIGHT="26" WC="0.96" CONTENT="pä"/><SP WIDTH="15" VPOS="461" HPOS="305"/>
							<String ID="string_107" HPOS="320" VPOS="462" WIDTH="41" HEIGHT="21" WC="0.96" CONTENT="den"/><SP WIDTH="15" VPOS="462" HPOS="361"/>
							<String ID="string_108" HPOS="376" VPOS="467" WIDTH="29" HEIGHT="15" WC="0.96" CONTENT="nu"/><SP WIDTH="15" VPOS="467" HPOS="405"/>
							<String ID="string_109" HPOS="420" VPOS="461" WIDTH="7" HEIGHT="21" WC="0.93" CONTENT="i"/><SP WIDTH="14" VPOS="461" HPOS="427"/>
							<String ID="string_110" HPOS="441" VPOS="461" WIDTH="62" HEIGHT="27" WC="0.92" CONTENT="fräga"/><SP WIDTH="14" VPOS="461" HPOS="503"/>
							<String ID="string_111" HPOS="517" VPOS="461" WIDTH="94" HEIGHT="21" WC="0.91" CONTENT="varande"/><SP WIDTH="15" VPOS="461" HPOS="611"/>
							<String ID="string_112" HPOS="626" VPOS="461" WIDTH="197" HEIGHT="27" WC="0.92" CONTENT="religionsfriheten,"/><SP WIDTH="16" VPOS="461" HPOS="823"/>
							<String ID="string_113" HPOS="839" VPOS="467" WIDTH="34" HEIGHT="15" WC="0.96" CONTENT="om"/>
						</TextLine>
						<TextLine ID="line_11" HPOS="51" VPOS="489" WIDTH="823" HEIGHT="28">
							<String ID="string_114" HPOS="51" VPOS="490" WIDTH="26" HEIGHT="21" WC="0.92" CONTENT="de"/><SP WIDTH="16" VPOS="490" HPOS="77"/>
							<String ID="string_115" HPOS="93" VPOS="491" WIDTH="64" HEIGHT="21" WC="0.91" CONTENT="ocksä"/><SP WIDTH="22" VPOS="491" HPOS="157"/>
							<String ID="string_116" HPOS="179" VPOS="490" WIDTH="51" HEIGHT="27" WC="0.89" CONTENT="utgä"/><SP WIDTH="22" VPOS="490" HPOS="230"/>
							<String ID="string_117" HPOS="252" VPOS="489" WIDTH="48" HEIGHT="22" WC="0.92" CONTENT="frän"/><SP WIDTH="16" VPOS="489" HPOS="300"/>
							<String ID="string_118" HPOS="316" VPOS="491" WIDTH="31" HEIGHT="20" WC="0.93" CONTENT="ett"/><SP WIDTH="14" VPOS="491" HPOS="347"/>
							<String ID="string_119" HPOS="361" VPOS="490" WIDTH="121" HEIGHT="27" WC="0.91" CONTENT="uppriktigt"/><SP WIDTH="15" VPOS="490" HPOS="482"/>
							<String ID="string_120" HPOS="497" VPOS="490" WIDTH="39" HEIGHT="21" WC="0.93" CONTENT="och"/><SP WIDTH="16" VPOS="490" HPOS="536"/>
							<String ID="string_121" HPOS="552" VPOS="490" WIDTH="139" HEIGHT="21" WC="0.92" CONTENT="välmenande"/><SP WIDTH="15" VPOS="490" HPOS="691"/>
							<String ID="string_122" HPOS="706" VPOS="490" WIDTH="121" HEIGHT="21" WC="0.91" CONTENT="sträfvande"/><SP WIDTH="14" VPOS="490" HPOS="827"/>
							<String ID="string_123" HPOS="841" VPOS="491" WIDTH="33" HEIGHT="20" WC="0.97" CONTENT="att"/>
						</TextLine>
						<TextLine ID="line_12" HPOS="51" VPOS="518" WIDTH="823" HEIGHT="27">
							<String ID="string_124" HPOS="51" VPOS="519" WIDTH="76" HEIGHT="26" WC="0.92" CONTENT="bringa"/><SP WIDTH="21" VPOS="519" HPOS="127"/>
							<String ID="string_125" HPOS="148" VPOS="519" WIDTH="65" HEIGHT="21" WC="0.93" CONTENT="saken"/><SP WIDTH="16" VPOS="519" HPOS="213"/>
							<String ID="string_126" HPOS="229" VPOS="519" WIDTH="87" HEIGHT="26" WC="0.91" CONTENT="derhän,"/><SP WIDTH="16" VPOS="519" HPOS="316"/>
							<String ID="string_127" HPOS="332" VPOS="520" WIDTH="33" HEIGHT="20" WC="0.96" CONTENT="att"/><SP WIDTH="15" VPOS="520" HPOS="365"/>
							<String ID="string_128" HPOS="380" VPOS="519" WIDTH="43" HEIGHT="20" WC="0.93" CONTENT="alla"/><SP WIDTH="14" VPOS="519" HPOS="423"/>
							<String ID="string_129" HPOS="437" VPOS="519" WIDTH="69" HEIGHT="21" WC="0.92" CONTENT="mäste"/><SP WIDTH="15" VPOS="519" HPOS="506"/>
							<String ID="string_130" HPOS="521" VPOS="519" WIDTH="58" HEIGHT="26" WC="0.89" CONTENT="hyllä"/><SP WIDTH="15" VPOS="519" HPOS="579"/>
							<String ID="string_131" HPOS="594" VPOS="519" WIDTH="41" HEIGHT="20" WC="0.93" CONTENT="den"/><SP WIDTH="14" VPOS="519" HPOS="635"/>
							<String ID="string_132" HPOS="649" VPOS="520" WIDTH="41" HEIGHT="25" WC="0.92" CONTENT="tro,"/><SP WIDTH="16" VPOS="520" HPOS="690"/>
							<String ID="string_133" HPOS="706" VPOS="525" WIDTH="49" HEIGHT="14" WC="0.93" CONTENT="man"/><SP WIDTH="15" VPOS="525" HPOS="755"/>
							<String ID="string_134" HPOS="770" VPOS="518" WIDTH="104" HEIGHT="22" WC="0.92" CONTENT="erkänner"/>
						</TextLine>
						<TextLine ID="line_13" HPOS="51" VPOS="547" WIDTH="821" HEIGHT="27">
							<String ID="string_135" HPOS="51" VPOS="553" WIDTH="46" HEIGHT="15" WC="0.96" CONTENT="som"/><SP WIDTH="22" VPOS="553" HPOS="97"/>
							<String ID="string_136" HPOS="119" VPOS="547" WIDTH="41" HEIGHT="21" WC="0.93" CONTENT="den"/><SP WIDTH="23" VPOS="547" HPOS="160"/>
							<String ID="string_137" HPOS="183" VPOS="549" WIDTH="63" HEIGHT="24" WC="0.95" CONTENT="rätta,"/><SP WIDTH="22" VPOS="549" HPOS="246"/>
							<String ID="string_138" HPOS="268" VPOS="547" WIDTH="65" HEIGHT="21" WC="0.96" CONTENT="också"/><SP WIDTH="23" VPOS="547" HPOS="333"/>
							<String ID="string_139" HPOS="356" VPOS="547" WIDTH="38" HEIGHT="21" WC="0.96" CONTENT="der"/><SP WIDTH="23" VPOS="547" HPOS="394"/>
							<String ID="string_140" HPOS="417" VPOS="547" WIDTH="70" HEIGHT="21" WC="0.78" CONTENT="denna"/><SP WIDTH="14" VPOS="547" HPOS="487"/>
							<String ID="string_141" HPOS="501" VPOS="547" WIDTH="8" HEIGHT="21" WC="0.78" CONTENT="i"/><SP WIDTH="14" VPOS="547" HPOS="509"/>
							<String ID="string_142" HPOS="523" VPOS="547" WIDTH="76" HEIGHT="27" WC="0.96" CONTENT="sjelfva"/><SP WIDTH="20" VPOS="547" HPOS="599"/>
							<String ID="string_143" HPOS="619" VPOS="547" WIDTH="75" HEIGHT="21" WC="0.96" CONTENT="verket"/><SP WIDTH="22" VPOS="547" HPOS="694"/>
							<String ID="string_144" HPOS="716" VPOS="549" WIDTH="23" HEIGHT="19" WC="0.96" CONTENT="är"/><SP WIDTH="15" VPOS="549" HPOS="739"/>
							<String ID="string_145" HPOS="754" VPOS="548" WIDTH="41" HEIGHT="20" WC="0.93" CONTENT="den"/><SP WIDTH="15" VPOS="548" HPOS="795"/>
							<String ID="string_146" HPOS="810" VPOS="548" WIDTH="62" HEIGHT="25" WC="0.96" CONTENT="rätta,"/>
						</TextLine>
						<TextLine ID="line_14" HPOS="51" VPOS="575" WIDTH="822" HEIGHT="27">
							<String ID="string_147" HPOS="51" VPOS="575" WIDTH="68" HEIGHT="22" WC="0.92" CONTENT="mäste"/><SP WIDTH="15" VPOS="575" HPOS="119"/>
							<String ID="string_148" HPOS="134" VPOS="581" WIDTH="26" HEIGHT="15" WC="0.93" CONTENT="ur"/><SP WIDTH="15" VPOS="581" HPOS="160"/>
							<String ID="string_149" HPOS="175" VPOS="576" WIDTH="83" HEIGHT="26" WC="0.92" CONTENT="kristlig"/><SP WIDTH="16" VPOS="576" HPOS="258"/>
							<String ID="string_150" HPOS="274" VPOS="576" WIDTH="108" HEIGHT="26" WC="0.92" CONTENT="synpunkt"/><SP WIDTH="15" VPOS="576" HPOS="382"/>
							<String ID="string_151" HPOS="397" VPOS="576" WIDTH="114" HEIGHT="25" WC="0.91" CONTENT="förkastas,"/><SP WIDTH="17" VPOS="576" HPOS="511"/>
							<String ID="string_152" HPOS="528" VPOS="576" WIDTH="89" HEIGHT="21" WC="0.91" CONTENT="emedan"/><SP WIDTH="12" VPOS="576" HPOS="617"/>
							<String ID="string_153" HPOS="629" VPOS="576" WIDTH="25" HEIGHT="20" WC="0.93" CONTENT="de"/><SP WIDTH="10" VPOS="576" HPOS="654"/>
							<String ID="string_154" HPOS="664" VPOS="577" WIDTH="38" HEIGHT="19" WC="0.93" CONTENT="äro"/><SP WIDTH="10" VPOS="577" HPOS="702"/>
							<String ID="string_155" HPOS="712" VPOS="576" WIDTH="49" HEIGHT="21" WC="0.93" CONTENT="med"/><SP WIDTH="11" VPOS="576" HPOS="761"/>
							<String ID="string_156" HPOS="772" VPOS="575" WIDTH="101" HEIGHT="26" WC="0.92" CONTENT="evangelii"/>
						</TextLine>
						<TextLine ID="line_15" HPOS="51" VPOS="603" WIDTH="822" HEIGHT="28">
							<String ID="string_157" HPOS="51" VPOS="604" WIDTH="56" HEIGHT="21" WC="0.91" CONTENT="anda"/><SP WIDTH="14" VPOS="604" HPOS="107"/>
							<String ID="string_158" HPOS="121" VPOS="603" WIDTH="122" HEIGHT="27" WC="0.90" CONTENT="oförenliga."/><SP WIDTH="24" VPOS="603" HPOS="243"/>
							<String ID="string_159" HPOS="267" VPOS="604" WIDTH="39" HEIGHT="21" WC="0.93" CONTENT="Att"/><SP WIDTH="11" VPOS="604" HPOS="306"/>
							<String ID="string_160" HPOS="317" VPOS="603" WIDTH="102" HEIGHT="22" WC="0.92" CONTENT="befordra"/><SP WIDTH="10" VPOS="603" HPOS="419"/>
							<String ID="string_161" HPOS="429" VPOS="603" WIDTH="160" HEIGHT="22" WC="0.91" CONTENT="kristendomen"/><SP WIDTH="10" VPOS="603" HPOS="589"/>
							<String ID="string_162" HPOS="599" VPOS="610" WIDTH="79" HEIGHT="21" WC="0.93" CONTENT="genom"/><SP WIDTH="8" VPOS="610" HPOS="678"/>
							<String ID="string_163" HPOS="686" VPOS="603" WIDTH="109" HEIGHT="28" WC="0.93" CONTENT="okristliga"/><SP WIDTH="9" VPOS="603" HPOS="795"/>
							<String ID="string_164" HPOS="804" VPOS="603" WIDTH="69" HEIGHT="22" WC="0.90" CONTENT="medel"/>
						</TextLine>
						<TextLine ID="line_16" HPOS="52" VPOS="632" WIDTH="821" HEIGHT="27">
							<String ID="string_165" HPOS="52" VPOS="633" WIDTH="24" HEIGHT="20" WC="0.93" CONTENT="är"/><SP WIDTH="14" VPOS="633" HPOS="76"/>
							<String ID="string_166" HPOS="90" VPOS="632" WIDTH="76" HEIGHT="21" WC="0.96" CONTENT="liksom"/><SP WIDTH="15" VPOS="632" HPOS="166"/>
							<String ID="string_167" HPOS="181" VPOS="634" WIDTH="34" HEIGHT="19" WC="0.96" CONTENT="att"/><SP WIDTH="14" VPOS="634" HPOS="215"/>
							<String ID="string_168" HPOS="229" VPOS="632" WIDTH="50" HEIGHT="27" WC="0.93" CONTENT="vilja"/><SP WIDTH="14" VPOS="632" HPOS="279"/>
							<String ID="string_169" HPOS="293" VPOS="633" WIDTH="114" HEIGHT="26" WC="0.92" CONTENT="uppbygga"/><SP WIDTH="10" VPOS="633" HPOS="407"/>
							<String ID="string_170" HPOS="417" VPOS="639" WIDTH="77" HEIGHT="20" WC="0.93" CONTENT="genom"/><SP WIDTH="10" VPOS="639" HPOS="494"/>
							<String ID="string_171" HPOS="504" VPOS="633" WIDTH="144" HEIGHT="21" WC="0.91" CONTENT="nedrifvande."/><SP WIDTH="16" VPOS="633" HPOS="648"/>
							<String ID="string_172" HPOS="664" VPOS="633" WIDTH="126" HEIGHT="21" WC="0.72" CONTENT="Andamälet"/><SP WIDTH="9" VPOS="633" HPOS="790"/>
							<String ID="string_173" HPOS="799" VPOS="632" WIDTH="74" HEIGHT="27" WC="0.96" CONTENT="helgar"/>
						</TextLine>
						<TextLine ID="line_17" HPOS="51" VPOS="661" WIDTH="822" HEIGHT="27">
							<String ID="string_174" HPOS="51" VPOS="661" WIDTH="69" HEIGHT="26" WC="0.93" CONTENT="aldrig"/><SP WIDTH="22" VPOS="661" HPOS="120"/>
							<String ID="string_175" HPOS="142" VPOS="661" WIDTH="102" HEIGHT="21" WC="0.84" CONTENT="medlen&quot;."/><SP WIDTH="32" VPOS="661" HPOS="244"/>
							<String ID="string_176" HPOS="276" VPOS="661" WIDTH="42" HEIGHT="21" WC="0.93" CONTENT="Det"/><SP WIDTH="22" VPOS="661" HPOS="318"/>
							<String ID="string_177" HPOS="340" VPOS="663" WIDTH="61" HEIGHT="24" WC="0.95" CONTENT="säges"/><SP WIDTH="23" VPOS="663" HPOS="401"/>
							<String ID="string_178" HPOS="424" VPOS="661" WIDTH="71" HEIGHT="26" WC="0.96" CONTENT="också,"/><SP WIDTH="24" VPOS="661" HPOS="495"/>
							<String ID="string_179" HPOS="519" VPOS="661" WIDTH="81" HEIGHT="22" WC="0.96" CONTENT="hvilket"/><SP WIDTH="23" VPOS="661" HPOS="600"/>
							<String ID="string_180" HPOS="623" VPOS="663" WIDTH="24" HEIGHT="19" WC="0.93" CONTENT="är"/><SP WIDTH="14" VPOS="663" HPOS="647"/>
							<String ID="string_181" HPOS="661" VPOS="661" WIDTH="144" HEIGHT="27" WC="0.96" CONTENT="märkvärdigt"/><SP WIDTH="14" VPOS="661" HPOS="805"/>
							<String ID="string_182" HPOS="819" VPOS="661" WIDTH="8" HEIGHT="21" WC="0.96" CONTENT="i"/><SP WIDTH="15" VPOS="661" HPOS="827"/>
							<String ID="string_183" HPOS="842" VPOS="662" WIDTH="31" HEIGHT="20" WC="0.96" CONTENT="ett"/>
						</TextLine>
						<TextLine ID="line_18" HPOS="51" VPOS="689" WIDTH="822" HEIGHT="28">
							<String ID="string_184" HPOS="51" VPOS="689" WIDTH="136" HEIGHT="22" WC="0.91" CONTENT="betänkande"/><SP WIDTH="21" VPOS="689" HPOS="187"/>
							<String ID="string_185" HPOS="208" VPOS="689" WIDTH="170" HEIGHT="22" WC="0.92" CONTENT="undertecknadt"/><SP WIDTH="22" VPOS="689" HPOS="378"/>
							<String ID="string_186" HPOS="400" VPOS="689" WIDTH="24" HEIGHT="22" WC="0.93" CONTENT="af"/><SP WIDTH="21" VPOS="689" HPOS="424"/>
							<String ID="string_187" HPOS="445" VPOS="689" WIDTH="82" HEIGHT="22" WC="0.96" CONTENT="sådana"/><SP WIDTH="14" VPOS="689" HPOS="527"/>
							<String ID="string_188" HPOS="541" VPOS="695" WIDTH="109" HEIGHT="22" WC="0.96" CONTENT="personer,"/><SP WIDTH="16" VPOS="695" HPOS="650"/>
							<String ID="string_189" HPOS="666" VPOS="691" WIDTH="32" HEIGHT="20" WC="0.93" CONTENT="att"/><SP WIDTH="15" VPOS="691" HPOS="698"/>
							<String ID="string_190" HPOS="713" VPOS="690" WIDTH="93" HEIGHT="21" WC="0.63" CONTENT="komiten"/><SP WIDTH="15" VPOS="690" HPOS="806"/>
							<String ID="string_191" HPOS="821" VPOS="691" WIDTH="52" HEIGHT="24" WC="0.96" CONTENT="tror,"/>
						</TextLine>
						<TextLine ID="line_19" HPOS="51" VPOS="717" WIDTH="823" HEIGHT="28">
							<String ID="string_192" HPOS="51" VPOS="719" WIDTH="33" HEIGHT="20" WC="0.93" CONTENT="att"/><SP WIDTH="14" VPOS="719" HPOS="84"/>
							<String ID="string_193" HPOS="98" VPOS="718" WIDTH="91" HEIGHT="27" WC="0.91" CONTENT="kampen"/><SP WIDTH="16" VPOS="718" HPOS="189"/>
							<String ID="string_194" HPOS="205" VPOS="720" WIDTH="44" HEIGHT="19" WC="0.93" CONTENT="mot"/><SP WIDTH="15" VPOS="720" HPOS="249"/>
							<String ID="string_195" HPOS="264" VPOS="718" WIDTH="199" HEIGHT="27" WC="0.93" CONTENT="religionsfriheten,"/><SP WIDTH="17" VPOS="718" HPOS="463"/>
							<String ID="string_196" HPOS="480" VPOS="719" WIDTH="37" HEIGHT="20" WC="0.97" CONTENT="der"/><SP WIDTH="10" VPOS="719" HPOS="517"/>
							<String ID="string_197" HPOS="527" VPOS="719" WIDTH="41" HEIGHT="20" WC="0.97" CONTENT="den"/><SP WIDTH="11" VPOS="719" HPOS="568"/>
							<String ID="string_198" HPOS="579" VPOS="720" WIDTH="56" HEIGHT="19" WC="0.93" CONTENT="ännu"/><SP WIDTH="11" VPOS="720" HPOS="635"/>
							<String ID="string_199" HPOS="646" VPOS="717" WIDTH="73" HEIGHT="27" WC="0.93" CONTENT="finnes,"/><SP WIDTH="11" VPOS="717" HPOS="719"/>
							<String ID="string_200" HPOS="730" VPOS="717" WIDTH="144" HEIGHT="23" WC="0.92" CONTENT="hufvudsakli-"/>
						</TextLine>
						<TextLine ID="line_20" HPOS="51" VPOS="746" WIDTH="822" HEIGHT="27">
							<String ID="string_201" HPOS="51" VPOS="748" WIDTH="48" HEIGHT="24" WC="0.93" CONTENT="gast"/><SP WIDTH="15" VPOS="748" HPOS="99"/>
							<String ID="string_202" HPOS="114" VPOS="747" WIDTH="39" HEIGHT="20" WC="0.95" CONTENT="har"/><SP WIDTH="15" VPOS="747" HPOS="153"/>
							<String ID="string_203" HPOS="168" VPOS="747" WIDTH="32" HEIGHT="20" WC="0.93" CONTENT="sin"/><SP WIDTH="15" VPOS="747" HPOS="200"/>
							<String ID="string_204" HPOS="215" VPOS="749" WIDTH="34" HEIGHT="18" WC="0.92" CONTENT="rot"/><SP WIDTH="9" VPOS="749" HPOS="249"/>
							<String ID="string_205" HPOS="258" VPOS="747" WIDTH="33" HEIGHT="20" WC="0.92" CONTENT="uti"/><SP WIDTH="11" VPOS="747" HPOS="291"/>
							<String ID="string_206" HPOS="302" VPOS="747" WIDTH="25" HEIGHT="21" WC="0.93" CONTENT="de"/><SP WIDTH="11" VPOS="747" HPOS="327"/>
							<String ID="string_207" HPOS="338" VPOS="747" WIDTH="135" HEIGHT="21" WC="0.92" CONTENT="hierarkiska"/><SP WIDTH="9" VPOS="747" HPOS="473"/>
							<String ID="string_208" HPOS="482" VPOS="747" WIDTH="145" HEIGHT="26" WC="0.92" CONTENT="grundsatser,"/><SP WIDTH="12" VPOS="747" HPOS="627"/>
							<String ID="string_209" HPOS="639" VPOS="747" WIDTH="72" HEIGHT="21" WC="0.92" CONTENT="hvilka"/><SP WIDTH="7" VPOS="747" HPOS="711"/>
							<String ID="string_210" HPOS="718" VPOS="746" WIDTH="155" HEIGHT="27" WC="0.92" CONTENT="beklagligtvis,"/>
						</TextLine>
						<TextLine ID="line_21" HPOS="51" VPOS="775" WIDTH="822" HEIGHT="27">
							<String ID="string_211" HPOS="51" VPOS="781" WIDTH="34" HEIGHT="15" WC="0.93" CONTENT="om"/><SP WIDTH="15" VPOS="781" HPOS="85"/>
							<String ID="string_212" HPOS="100" VPOS="775" WIDTH="64" HEIGHT="22" WC="0.96" CONTENT="också"/><SP WIDTH="15" VPOS="775" HPOS="164"/>
							<String ID="string_213" HPOS="179" VPOS="775" WIDTH="125" HEIGHT="26" WC="0.96" CONTENT="omedvetet,"/><SP WIDTH="17" VPOS="775" HPOS="304"/>
							<String ID="string_214" HPOS="321" VPOS="777" WIDTH="57" HEIGHT="19" WC="0.93" CONTENT="ännu"/><SP WIDTH="15" VPOS="777" HPOS="378"/>
							<String ID="string_215" HPOS="393" VPOS="775" WIDTH="61" HEIGHT="22" WC="0.96" CONTENT="äfven"/><SP WIDTH="16" VPOS="775" HPOS="454"/>
							<String ID="string_216" HPOS="470" VPOS="775" WIDTH="39" HEIGHT="22" WC="0.96" CONTENT="här"/><SP WIDTH="16" VPOS="775" HPOS="509"/>
							<String ID="string_217" HPOS="525" VPOS="776" WIDTH="38" HEIGHT="21" WC="0.96" CONTENT="och"/><SP WIDTH="17" VPOS="776" HPOS="563"/>
							<String ID="string_218" HPOS="580" VPOS="776" WIDTH="38" HEIGHT="21" WC="0.96" CONTENT="der"/><SP WIDTH="15" VPOS="776" HPOS="618"/>
							<String ID="string_219" HPOS="633" VPOS="776" WIDTH="56" HEIGHT="21" WC="0.96" CONTENT="inom"/><SP WIDTH="17" VPOS="776" HPOS="689"/>
							<String ID="string_220" HPOS="706" VPOS="775" WIDTH="39" HEIGHT="22" WC="0.93" CONTENT="den"/><SP WIDTH="11" VPOS="775" HPOS="745"/>
							<String ID="string_221" HPOS="756" VPOS="776" WIDTH="117" HEIGHT="26" WC="0.84" CONTENT="protestan-"/>
						</TextLine>
						<TextLine ID="line_22" HPOS="50" VPOS="803" WIDTH="452" HEIGHT="28">
							<String ID="string_222" HPOS="50" VPOS="803" WIDTH="56" HEIGHT="22" WC="0.90" CONTENT="tiska"/><SP WIDTH="15" VPOS="803" HPOS="106"/>
							<String ID="string_223" HPOS="121" VPOS="804" WIDTH="81" HEIGHT="26" WC="0.96" CONTENT="kyrkan"/><SP WIDTH="14" VPOS="804" HPOS="202"/>
							<String ID="string_224" HPOS="216" VPOS="804" WIDTH="51" HEIGHT="27" WC="0.96" CONTENT="vilja"/><SP WIDTH="15" VPOS="804" HPOS="267"/>
							<String ID="string_225" HPOS="282" VPOS="806" WIDTH="52" HEIGHT="24" WC="0.96" CONTENT="göra"/><SP WIDTH="15" VPOS="806" HPOS="334"/>
							<String ID="string_226" HPOS="349" VPOS="804" WIDTH="32" HEIGHT="27" WC="0.97" CONTENT="sig"/><SP WIDTH="15" VPOS="804" HPOS="381"/>
							<String ID="string_227" HPOS="396" VPOS="804" WIDTH="106" HEIGHT="27" WC="0.96" CONTENT="gällande."/>
						</TextLine>
					</TextBlock>
					<TextBlock ID="block_2" HPOS="48" VPOS="833" WIDTH="826" HEIGHT="711">
						<TextLine ID="line_23" HPOS="121" VPOS="833" WIDTH="752" HEIGHT="26">
							<String ID="string_228" HPOS="121" VPOS="833" WIDTH="50" HEIGHT="20" WC="0.91" CONTENT="Man"/><SP WIDTH="20" VPOS="833" HPOS="171"/>
							<String ID="string_229" HPOS="191" VPOS="833" WIDTH="89" HEIGHT="26" WC="0.91" CONTENT="jemföre"/><SP WIDTH="23" VPOS="833" HPOS="280"/>
							<String ID="string_230" HPOS="303" VPOS="839" WIDTH="28" HEIGHT="14" WC="0.96" CONTENT="nu"/><SP WIDTH="23" VPOS="839" HPOS="331"/>
							<String ID="string_231" HPOS="354" VPOS="833" WIDTH="48" HEIGHT="21" WC="0.96" CONTENT="med"/><SP WIDTH="24" VPOS="833" HPOS="402"/>
							<String ID="string_232" HPOS="426" VPOS="833" WIDTH="63" HEIGHT="21" WC="0.93" CONTENT="dessa"/><SP WIDTH="22" VPOS="833" HPOS="489"/>
							<String ID="string_233" HPOS="511" VPOS="833" WIDTH="125" HEIGHT="21" WC="0.92" CONTENT="uttalanden"/><SP WIDTH="16" VPOS="833" HPOS="636"/>
							<String ID="string_234" HPOS="652" VPOS="833" WIDTH="26" HEIGHT="21" WC="0.93" CONTENT="de"/><SP WIDTH="14" VPOS="833" HPOS="678"/>
							<String ID="string_235" HPOS="692" VPOS="833" WIDTH="119" HEIGHT="26" WC="0.92" CONTENT="yttranden,"/><SP WIDTH="17" VPOS="833" HPOS="811"/>
							<String ID="string_236" HPOS="828" VPOS="838" WIDTH="45" HEIGHT="15" WC="0.96" CONTENT="som"/>
						</TextLine>
						<TextLine ID="line_24" HPOS="50" VPOS="861" WIDTH="822" HEIGHT="27">
							<String ID="string_237" HPOS="50" VPOS="861" WIDTH="131" HEIGHT="21" WC="0.91" CONTENT="förekomma"/><SP WIDTH="22" VPOS="861" HPOS="181"/>
							<String ID="string_238" HPOS="203" VPOS="861" WIDTH="31" HEIGHT="21" WC="0.91" CONTENT="uti"/><SP WIDTH="23" VPOS="861" HPOS="234"/>
							<String ID="string_239" HPOS="257" VPOS="861" WIDTH="41" HEIGHT="21" WC="0.95" CONTENT="den"/><SP WIDTH="23" VPOS="861" HPOS="298"/>
							<String ID="string_240" HPOS="321" VPOS="863" WIDTH="12" HEIGHT="19" WC="0.96" CONTENT="2"/><SP WIDTH="23" VPOS="863" HPOS="333"/>
							<String ID="string_241" HPOS="356" VPOS="861" WIDTH="40" HEIGHT="21" WC="0.96" CONTENT="och"/><SP WIDTH="16" VPOS="861" HPOS="396"/>
							<String ID="string_242" HPOS="412" VPOS="862" WIDTH="12" HEIGHT="20" WC="0.93" CONTENT="3"/><SP WIDTH="16" VPOS="862" HPOS="424"/>
							<String ID="string_243" HPOS="440" VPOS="861" WIDTH="166" HEIGHT="21" WC="0.90" CONTENT="reservationen."/><SP WIDTH="30" VPOS="861" HPOS="606"/>
							<String ID="string_244" HPOS="636" VPOS="861" WIDTH="41" HEIGHT="27" WC="0.95" CONTENT="Jag"/><SP WIDTH="22" VPOS="861" HPOS="677"/>
							<String ID="string_245" HPOS="699" VPOS="861" WIDTH="36" HEIGHT="21" WC="0.93" CONTENT="vill"/><SP WIDTH="21" VPOS="861" HPOS="735"/>
							<String ID="string_246" HPOS="756" VPOS="861" WIDTH="46" HEIGHT="21" WC="0.91" CONTENT="icke"/><SP WIDTH="18" VPOS="861" HPOS="802"/>
							<String ID="string_247" HPOS="820" VPOS="867" WIDTH="52" HEIGHT="20" WC="0.91" CONTENT="upp-"/>
						</TextLine>
						<TextLine ID="line_25" HPOS="50" VPOS="889" WIDTH="824" HEIGHT="27">
							<String ID="string_248" HPOS="50" VPOS="889" WIDTH="46" HEIGHT="21" WC="0.92" CONTENT="läsa"/><SP WIDTH="21" VPOS="889" HPOS="96"/>
							<String ID="string_249" HPOS="117" VPOS="889" WIDTH="66" HEIGHT="27" WC="0.92" CONTENT="nägot"/><SP WIDTH="22" VPOS="889" HPOS="183"/>
							<String ID="string_250" HPOS="205" VPOS="890" WIDTH="69" HEIGHT="25" WC="0.92" CONTENT="derur,"/><SP WIDTH="24" VPOS="890" HPOS="274"/>
							<String ID="string_251" HPOS="298" VPOS="890" WIDTH="89" HEIGHT="21" WC="0.92" CONTENT="emedan"/><SP WIDTH="15" VPOS="890" HPOS="387"/>
							<String ID="string_252" HPOS="402" VPOS="890" WIDTH="54" HEIGHT="20" WC="0.92" CONTENT="hvar"/><SP WIDTH="16" VPOS="890" HPOS="456"/>
							<String ID="string_253" HPOS="472" VPOS="890" WIDTH="40" HEIGHT="21" WC="0.96" CONTENT="och"/><SP WIDTH="16" VPOS="890" HPOS="512"/>
							<String ID="string_254" HPOS="528" VPOS="896" WIDTH="26" HEIGHT="15" WC="0.96" CONTENT="en"/><SP WIDTH="15" VPOS="896" HPOS="554"/>
							<String ID="string_255" HPOS="569" VPOS="891" WIDTH="25" HEIGHT="19" WC="0.92" CONTENT="är"/><SP WIDTH="15" VPOS="891" HPOS="594"/>
							<String ID="string_256" HPOS="609" VPOS="890" WIDTH="7" HEIGHT="20" WC="0.92" CONTENT="i"/><SP WIDTH="15" VPOS="890" HPOS="616"/>
							<String ID="string_257" HPOS="631" VPOS="890" WIDTH="83" HEIGHT="20" WC="0.90" CONTENT="tillfälle"/><SP WIDTH="15" VPOS="890" HPOS="714"/>
							<String ID="string_258" HPOS="729" VPOS="891" WIDTH="32" HEIGHT="19" WC="0.93" CONTENT="att"/><SP WIDTH="15" VPOS="891" HPOS="761"/>
							<String ID="string_259" HPOS="776" VPOS="889" WIDTH="48" HEIGHT="27" WC="0.92" CONTENT="sjelf"/><SP WIDTH="13" VPOS="889" HPOS="824"/>
							<String ID="string_260" HPOS="837" VPOS="895" WIDTH="37" HEIGHT="15" WC="0.93" CONTENT="an-"/>
						</TextLine>
						<TextLine ID="line_26" HPOS="51" VPOS="917" WIDTH="822" HEIGHT="28">
							<String ID="string_261" HPOS="51" VPOS="917" WIDTH="62" HEIGHT="21" WC="0.96" CONTENT="ställa"/><SP WIDTH="23" VPOS="917" HPOS="113"/>
							<String ID="string_262" HPOS="136" VPOS="918" WIDTH="69" HEIGHT="21" WC="0.93" CONTENT="denna"/><SP WIDTH="15" VPOS="918" HPOS="205"/>
							<String ID="string_263" HPOS="220" VPOS="918" WIDTH="128" HEIGHT="26" WC="0.89" CONTENT="jemförelse."/><SP WIDTH="31" VPOS="918" HPOS="348"/>
							<String ID="string_264" HPOS="379" VPOS="918" WIDTH="43" HEIGHT="22" WC="0.96" CONTENT="Det"/><SP WIDTH="15" VPOS="918" HPOS="422"/>
							<String ID="string_265" HPOS="437" VPOS="918" WIDTH="62" HEIGHT="22" WC="0.96" CONTENT="torde"/><SP WIDTH="16" VPOS="918" HPOS="499"/>
							<String ID="string_266" HPOS="515" VPOS="924" WIDTH="52" HEIGHT="15" WC="0.96" CONTENT="vara"/><SP WIDTH="14" VPOS="924" HPOS="567"/>
							<String ID="string_267" HPOS="581" VPOS="918" WIDTH="121" HEIGHT="27" WC="0.96" CONTENT="uppenbart"/><SP WIDTH="14" VPOS="918" HPOS="702"/>
							<String ID="string_268" HPOS="716" VPOS="920" WIDTH="32" HEIGHT="19" WC="0.93" CONTENT="att"/><SP WIDTH="16" VPOS="920" HPOS="748"/>
							<String ID="string_269" HPOS="764" VPOS="918" WIDTH="109" HEIGHT="22" WC="0.96" CONTENT="skilnaden"/>
						</TextLine>
						<TextLine ID="line_27" HPOS="50" VPOS="946" WIDTH="823" HEIGHT="28">
							<String ID="string_270" HPOS="50" VPOS="946" WIDTH="7" HEIGHT="20" WC="0.96" CONTENT="i"/><SP WIDTH="15" VPOS="946" HPOS="57"/>
							<String ID="string_271" HPOS="72" VPOS="946" WIDTH="135" HEIGHT="27" WC="0.96" CONTENT="uppfattning"/><SP WIDTH="15" VPOS="946" HPOS="207"/>
							<String ID="string_272" HPOS="222" VPOS="948" WIDTH="24" HEIGHT="20" WC="0.93" CONTENT="är"/><SP WIDTH="14" VPOS="948" HPOS="246"/>
							<String ID="string_273" HPOS="260" VPOS="947" WIDTH="140" HEIGHT="21" WC="0.89" CONTENT="himmelsvid."/><SP WIDTH="32" VPOS="947" HPOS="400"/>
							<String ID="string_274" HPOS="432" VPOS="947" WIDTH="41" HEIGHT="26" WC="0.96" CONTENT="Jag"/><SP WIDTH="16" VPOS="947" HPOS="473"/>
							<String ID="string_275" HPOS="489" VPOS="947" WIDTH="38" HEIGHT="21" WC="0.96" CONTENT="ber"/><SP WIDTH="16" VPOS="947" HPOS="527"/>
							<String ID="string_276" HPOS="543" VPOS="948" WIDTH="32" HEIGHT="20" WC="0.93" CONTENT="att"/><SP WIDTH="14" VPOS="948" HPOS="575"/>
							<String ID="string_277" HPOS="589" VPOS="946" WIDTH="22" HEIGHT="22" WC="0.96" CONTENT="få"/><SP WIDTH="15" VPOS="946" HPOS="611"/>
							<String ID="string_278" HPOS="626" VPOS="947" WIDTH="93" HEIGHT="27" WC="0.95" CONTENT="tillägga,"/><SP WIDTH="16" VPOS="947" HPOS="719"/>
							<String ID="string_279" HPOS="735" VPOS="948" WIDTH="32" HEIGHT="20" WC="0.93" CONTENT="att"/><SP WIDTH="14" VPOS="948" HPOS="767"/>
							<String ID="string_280" HPOS="781" VPOS="946" WIDTH="92" HEIGHT="21" WC="0.93" CONTENT="uttalan-"/>
						</TextLine>
						<TextLine ID="line_28" HPOS="51" VPOS="974" WIDTH="822" HEIGHT="28">
							<String ID="string_281" HPOS="51" VPOS="976" WIDTH="40" HEIGHT="20" WC="0.91" CONTENT="den"/><SP WIDTH="22" VPOS="976" HPOS="91"/>
							<String ID="string_282" HPOS="113" VPOS="976" WIDTH="77" HEIGHT="20" WC="0.90" CONTENT="nästan"/><SP WIDTH="21" VPOS="976" HPOS="190"/>
							<String ID="string_283" HPOS="211" VPOS="976" WIDTH="49" HEIGHT="20" WC="0.96" CONTENT="med"/><SP WIDTH="19" VPOS="976" HPOS="260"/>
							<String ID="string_284" HPOS="279" VPOS="982" WIDTH="81" HEIGHT="15" WC="0.96" CONTENT="samma"/><SP WIDTH="16" VPOS="982" HPOS="360"/>
							<String ID="string_285" HPOS="376" VPOS="976" WIDTH="45" HEIGHT="26" WC="0.96" CONTENT="ord,"/><SP WIDTH="17" VPOS="976" HPOS="421"/>
							<String ID="string_286" HPOS="438" VPOS="982" WIDTH="46" HEIGHT="14" WC="0.96" CONTENT="som"/><SP WIDTH="17" VPOS="982" HPOS="484"/>
							<String ID="string_287" HPOS="501" VPOS="976" WIDTH="47" HEIGHT="21" WC="0.96" CONTENT="dem"/><SP WIDTH="13" VPOS="976" HPOS="548"/>
							<String ID="string_288" HPOS="561" VPOS="976" WIDTH="38" HEIGHT="26" WC="0.93" CONTENT="jag"/><SP WIDTH="14" VPOS="976" HPOS="599"/>
							<String ID="string_289" HPOS="613" VPOS="976" WIDTH="93" HEIGHT="26" WC="0.92" CONTENT="uppläst,"/><SP WIDTH="15" VPOS="976" HPOS="706"/>
							<String ID="string_290" HPOS="721" VPOS="975" WIDTH="131" HEIGHT="21" WC="0.92" CONTENT="förekomma"/><SP WIDTH="14" VPOS="975" HPOS="852"/>
							<String ID="string_291" HPOS="866" VPOS="974" WIDTH="7" HEIGHT="21" WC="0.96" CONTENT="i"/>
						</TextLine>
						<TextLine ID="line_29" HPOS="51" VPOS="1003" WIDTH="822" HEIGHT="28">
							<String ID="string_292" HPOS="51" VPOS="1003" WIDTH="40" HEIGHT="20" WC="0.96" CONTENT="den"/><SP WIDTH="15" VPOS="1003" HPOS="91"/>
							<String ID="string_293" HPOS="106" VPOS="1003" WIDTH="23" HEIGHT="20" WC="0.93" CONTENT="af"/><SP WIDTH="21" VPOS="1003" HPOS="129"/>
							<String ID="string_294" HPOS="150" VPOS="1004" WIDTH="80" HEIGHT="25" WC="0.96" CONTENT="Biskop"/><SP WIDTH="23" VPOS="1004" HPOS="230"/>
							<String ID="string_295" HPOS="253" VPOS="1004" WIDTH="120" HEIGHT="21" WC="0.93" CONTENT="Schauman"/><SP WIDTH="24" VPOS="1004" HPOS="373"/>
							<String ID="string_296" HPOS="397" VPOS="1004" WIDTH="126" HEIGHT="26" WC="0.95" CONTENT="redigerade"/><SP WIDTH="15" VPOS="1004" HPOS="523"/>
							<String ID="string_297" HPOS="538" VPOS="1004" WIDTH="109" HEIGHT="27" WC="0.93" CONTENT="tidningen"/><SP WIDTH="17" VPOS="1004" HPOS="647"/>
							<String ID="string_298" HPOS="664" VPOS="1004" WIDTH="209" HEIGHT="26" WC="0.78" CONTENT=",Sanningsvittnet&#39;*"/>
						</TextLine>
						<TextLine ID="line_30" HPOS="51" VPOS="1031" WIDTH="823" HEIGHT="28">
							<String ID="string_299" HPOS="51" VPOS="1031" WIDTH="54" HEIGHT="21" WC="0.95" CONTENT="1869"/><SP WIDTH="23" VPOS="1031" HPOS="105"/>
							<String ID="string_300" HPOS="128" VPOS="1031" WIDTH="38" HEIGHT="22" WC="0.95" CONTENT="sid."/><SP WIDTH="22" VPOS="1031" HPOS="166"/>
							<String ID="string_301" HPOS="188" VPOS="1032" WIDTH="40" HEIGHT="21" WC="0.96" CONTENT="308"/><SP WIDTH="16" VPOS="1032" HPOS="228"/>
							<String ID="string_302" HPOS="244" VPOS="1032" WIDTH="39" HEIGHT="21" WC="0.96" CONTENT="och"/><SP WIDTH="16" VPOS="1032" HPOS="283"/>
							<String ID="string_303" HPOS="299" VPOS="1032" WIDTH="99" HEIGHT="27" WC="0.96" CONTENT="följande."/><SP WIDTH="31" VPOS="1032" HPOS="398"/>
							<String ID="string_304" HPOS="429" VPOS="1033" WIDTH="77" HEIGHT="20" WC="0.93" CONTENT="Denna"/><SP WIDTH="15" VPOS="1033" HPOS="506"/>
							<String ID="string_305" HPOS="521" VPOS="1032" WIDTH="124" HEIGHT="27" WC="0.92" CONTENT="förändring"/><SP WIDTH="14" VPOS="1032" HPOS="645"/>
							<String ID="string_306" HPOS="659" VPOS="1033" WIDTH="7" HEIGHT="20" WC="0.93" CONTENT="i"/><SP WIDTH="16" VPOS="1033" HPOS="666"/>
							<String ID="string_307" HPOS="682" VPOS="1033" WIDTH="111" HEIGHT="26" WC="0.92" CONTENT="opinionen"/><SP WIDTH="15" VPOS="1033" HPOS="793"/>
							<String ID="string_308" HPOS="808" VPOS="1033" WIDTH="25" HEIGHT="20" WC="0.96" CONTENT="är"/><SP WIDTH="15" VPOS="1033" HPOS="833"/>
							<String ID="string_309" HPOS="848" VPOS="1038" WIDTH="26" HEIGHT="15" WC="0.97" CONTENT="en"/>
						</TextLine>
						<TextLine ID="line_31" HPOS="51" VPOS="1060" WIDTH="822" HEIGHT="28">
							<String ID="string_310" HPOS="51" VPOS="1060" WIDTH="163" HEIGHT="27" WC="0.91" CONTENT="omständighet,"/><SP WIDTH="19" VPOS="1060" HPOS="214"/>
							<String ID="string_311" HPOS="233" VPOS="1067" WIDTH="45" HEIGHT="15" WC="0.93" CONTENT="som"/><SP WIDTH="16" VPOS="1067" HPOS="278"/>
							<String ID="string_312" HPOS="294" VPOS="1061" WIDTH="106" HEIGHT="22" WC="0.92" CONTENT="utskottet"/><SP WIDTH="15" VPOS="1061" HPOS="400"/>
							<String ID="string_313" HPOS="415" VPOS="1061" WIDTH="40" HEIGHT="21" WC="0.93" CONTENT="har"/><SP WIDTH="14" VPOS="1061" HPOS="455"/>
							<String ID="string_314" HPOS="469" VPOS="1061" WIDTH="92" HEIGHT="27" WC="0.92" CONTENT="nödgats"/><SP WIDTH="15" VPOS="1061" HPOS="561"/>
							<String ID="string_315" HPOS="576" VPOS="1063" WIDTH="51" HEIGHT="24" WC="0.92" CONTENT="taga"/><SP WIDTH="15" VPOS="1063" HPOS="627"/>
							<String ID="string_316" HPOS="642" VPOS="1061" WIDTH="6" HEIGHT="21" WC="0.93" CONTENT="i"/><SP WIDTH="16" VPOS="1061" HPOS="648"/>
							<String ID="string_317" HPOS="664" VPOS="1061" WIDTH="147" HEIGHT="21" WC="0.91" CONTENT="betraktande."/><SP WIDTH="30" VPOS="1061" HPOS="811"/>
							<String ID="string_318" HPOS="841" VPOS="1060" WIDTH="32" HEIGHT="21" WC="0.95" CONTENT="En"/>
						</TextLine>
						<TextLine ID="line_32" HPOS="50" VPOS="1089" WIDTH="823" HEIGHT="28">
							<String ID="string_319" HPOS="50" VPOS="1095" WIDTH="69" HEIGHT="14" WC="0.93" CONTENT="annan"/><SP WIDTH="16" VPOS="1095" HPOS="119"/>
							<String ID="string_320" HPOS="135" VPOS="1089" WIDTH="157" HEIGHT="27" WC="0.92" CONTENT="omständighet"/><SP WIDTH="15" VPOS="1089" HPOS="292"/>
							<String ID="string_321" HPOS="307" VPOS="1091" WIDTH="25" HEIGHT="20" WC="0.96" CONTENT="är"/><SP WIDTH="14" VPOS="1091" HPOS="332"/>
							<String ID="string_322" HPOS="346" VPOS="1090" WIDTH="47" HEIGHT="26" WC="0.96" CONTENT="den,"/><SP WIDTH="17" VPOS="1090" HPOS="393"/>
							<String ID="string_323" HPOS="410" VPOS="1092" WIDTH="39" HEIGHT="25" WC="0.94" CONTENT="att,"/><SP WIDTH="11" VPOS="1092" HPOS="449"/>
							<String ID="string_324" HPOS="460" VPOS="1089" WIDTH="33" HEIGHT="22" WC="0.95" CONTENT="till"/><SP WIDTH="11" VPOS="1089" HPOS="493"/>
							<String ID="string_325" HPOS="504" VPOS="1089" WIDTH="53" HEIGHT="28" WC="0.89" CONTENT="följd"/><SP WIDTH="10" VPOS="1089" HPOS="557"/>
							<String ID="string_326" HPOS="567" VPOS="1090" WIDTH="22" HEIGHT="21" WC="0.96" CONTENT="af"/><SP WIDTH="10" VPOS="1090" HPOS="589"/>
							<String ID="string_327" HPOS="599" VPOS="1090" WIDTH="36" HEIGHT="21" WC="0.93" CONTENT="det"/><SP WIDTH="17" VPOS="1090" HPOS="635"/>
							<String ID="string_328" HPOS="652" VPOS="1089" WIDTH="113" HEIGHT="28" WC="0.93" CONTENT="kejserliga"/><SP WIDTH="9" VPOS="1089" HPOS="765"/>
							<String ID="string_329" HPOS="774" VPOS="1089" WIDTH="99" HEIGHT="26" WC="0.91" CONTENT="reskript,"/>
						</TextLine>
						<TextLine ID="line_33" HPOS="51" VPOS="1117" WIDTH="823" HEIGHT="28">
							<String ID="string_330" HPOS="51" VPOS="1123" WIDTH="45" HEIGHT="15" WC="0.92" CONTENT="som"/><SP WIDTH="21" VPOS="1123" HPOS="96"/>
							<String ID="string_331" HPOS="117" VPOS="1117" WIDTH="36" HEIGHT="27" WC="0.92" CONTENT="gaf"/><SP WIDTH="22" VPOS="1117" HPOS="153"/>
							<String ID="string_332" HPOS="175" VPOS="1118" WIDTH="113" HEIGHT="27" WC="0.92" CONTENT="anledning"/><SP WIDTH="24" VPOS="1118" HPOS="288"/>
							<String ID="string_333" HPOS="312" VPOS="1119" WIDTH="32" HEIGHT="20" WC="0.96" CONTENT="till"/><SP WIDTH="23" VPOS="1119" HPOS="344"/>
							<String ID="string_334" HPOS="367" VPOS="1119" WIDTH="161" HEIGHT="26" WC="0.96" CONTENT="propositionen"/><SP WIDTH="15" VPOS="1119" HPOS="528"/>
							<String ID="string_335" HPOS="543" VPOS="1119" WIDTH="7" HEIGHT="20" WC="0.96" CONTENT="i"/><SP WIDTH="16" VPOS="1119" HPOS="550"/>
							<String ID="string_336" HPOS="566" VPOS="1119" WIDTH="60" HEIGHT="20" WC="0.96" CONTENT="detta"/><SP WIDTH="15" VPOS="1119" HPOS="626"/>
							<String ID="string_337" HPOS="641" VPOS="1120" WIDTH="68" HEIGHT="24" WC="0.96" CONTENT="ämne,"/><SP WIDTH="16" VPOS="1120" HPOS="709"/>
							<String ID="string_338" HPOS="725" VPOS="1118" WIDTH="35" HEIGHT="21" WC="0.93" CONTENT="det"/><SP WIDTH="15" VPOS="1118" HPOS="760"/>
							<String ID="string_339" HPOS="775" VPOS="1117" WIDTH="46" HEIGHT="22" WC="0.92" CONTENT="icke"/><SP WIDTH="15" VPOS="1117" HPOS="821"/>
							<String ID="string_340" HPOS="836" VPOS="1123" WIDTH="38" HEIGHT="16" WC="0.96" CONTENT="var"/>
						</TextLine>
						<TextLine ID="line_34" HPOS="51" VPOS="1145" WIDTH="823" HEIGHT="29">
							<String ID="string_341" HPOS="51" VPOS="1145" WIDTH="69" HEIGHT="27" WC="0.91" CONTENT="nägon"/><SP WIDTH="21" VPOS="1145" HPOS="120"/>
							<String ID="string_342" HPOS="141" VPOS="1146" WIDTH="117" HEIGHT="27" WC="0.96" CONTENT="möjlighet,"/><SP WIDTH="19" VPOS="1146" HPOS="258"/>
							<String ID="string_343" HPOS="277" VPOS="1148" WIDTH="33" HEIGHT="20" WC="0.96" CONTENT="att"/><SP WIDTH="14" VPOS="1148" HPOS="310"/>
							<String ID="string_344" HPOS="324" VPOS="1147" WIDTH="58" HEIGHT="21" WC="0.93" CONTENT="inom"/><SP WIDTH="16" VPOS="1147" HPOS="382"/>
							<String ID="string_345" HPOS="398" VPOS="1147" WIDTH="180" HEIGHT="26" WC="0.91" CONTENT="dissenterlagens"/><SP WIDTH="16" VPOS="1147" HPOS="578"/>
							<String ID="string_346" HPOS="594" VPOS="1147" WIDTH="159" HEIGHT="27" WC="0.92" CONTENT="bestämningar"/><SP WIDTH="15" VPOS="1147" HPOS="753"/>
							<String ID="string_347" HPOS="768" VPOS="1146" WIDTH="106" HEIGHT="22" WC="0.90" CONTENT="innesluta"/>
						</TextLine>
						<TextLine ID="line_35" HPOS="51" VPOS="1174" WIDTH="823" HEIGHT="28">
							<String ID="string_348" HPOS="51" VPOS="1174" WIDTH="40" HEIGHT="20" WC="0.93" CONTENT="den"/><SP WIDTH="15" VPOS="1174" HPOS="91"/>
							<String ID="string_349" HPOS="106" VPOS="1174" WIDTH="159" HEIGHT="28" WC="0.92" CONTENT="grekisk-ryska"/><SP WIDTH="15" VPOS="1174" HPOS="265"/>
							<String ID="string_350" HPOS="280" VPOS="1175" WIDTH="201" HEIGHT="22" WC="0.93" CONTENT="trosbekännelsens"/><SP WIDTH="16" VPOS="1175" HPOS="481"/>
							<String ID="string_351" HPOS="497" VPOS="1175" WIDTH="120" HEIGHT="27" WC="0.96" CONTENT="anhängare"/><SP WIDTH="11" VPOS="1175" HPOS="617"/>
							<String ID="string_352" HPOS="628" VPOS="1176" WIDTH="7" HEIGHT="20" WC="0.97" CONTENT="i"/><SP WIDTH="10" VPOS="1176" HPOS="635"/>
							<String ID="string_353" HPOS="645" VPOS="1176" WIDTH="84" HEIGHT="25" WC="0.94" CONTENT="landet;"/><SP WIDTH="12" VPOS="1176" HPOS="729"/>
							<String ID="string_354" HPOS="741" VPOS="1176" WIDTH="65" HEIGHT="20" WC="0.93" CONTENT="redan"/><SP WIDTH="11" VPOS="1176" HPOS="806"/>
							<String ID="string_355" HPOS="817" VPOS="1174" WIDTH="57" HEIGHT="21" WC="0.92" CONTENT="häri-"/>
						</TextLine>
						<TextLine ID="line_36" HPOS="50" VPOS="1203" WIDTH="823" HEIGHT="27">
							<String ID="string_356" HPOS="50" VPOS="1208" WIDTH="75" HEIGHT="20" WC="0.96" CONTENT="genom"/><SP WIDTH="23" VPOS="1208" HPOS="125"/>
							<String ID="string_357" HPOS="148" VPOS="1209" WIDTH="37" HEIGHT="15" WC="0.93" CONTENT="var"/><SP WIDTH="21" VPOS="1209" HPOS="185"/>
							<String ID="string_358" HPOS="206" VPOS="1203" WIDTH="82" HEIGHT="22" WC="0.92" CONTENT="säledes"/><SP WIDTH="20" VPOS="1203" HPOS="288"/>
							<String ID="string_359" HPOS="308" VPOS="1210" WIDTH="26" HEIGHT="15" WC="0.96" CONTENT="en"/><SP WIDTH="16" VPOS="1210" HPOS="334"/>
							<String ID="string_360" HPOS="350" VPOS="1206" WIDTH="46" HEIGHT="19" WC="0.93" CONTENT="stor"/><SP WIDTH="15" VPOS="1206" HPOS="396"/>
							<String ID="string_361" HPOS="411" VPOS="1204" WIDTH="155" HEIGHT="26" WC="0.91" CONTENT="inskränkning"/><SP WIDTH="15" VPOS="1204" HPOS="566"/>
							<String ID="string_362" HPOS="581" VPOS="1204" WIDTH="76" HEIGHT="26" WC="0.91" CONTENT="gifven,"/><SP WIDTH="17" VPOS="1204" HPOS="657"/>
							<String ID="string_363" HPOS="674" VPOS="1210" WIDTH="26" HEIGHT="15" WC="0.93" CONTENT="en"/><SP WIDTH="15" VPOS="1210" HPOS="700"/>
							<String ID="string_364" HPOS="715" VPOS="1203" WIDTH="158" HEIGHT="26" WC="0.91" CONTENT="inskränkning,"/>
						</TextLine>
						<TextLine ID="line_37" HPOS="50" VPOS="1231" WIDTH="824" HEIGHT="28">
							<String ID="string_365" HPOS="50" VPOS="1237" WIDTH="45" HEIGHT="15" WC="0.96" CONTENT="som"/><SP WIDTH="22" VPOS="1237" HPOS="95"/>
							<String ID="string_366" HPOS="117" VPOS="1231" WIDTH="76" HEIGHT="21" WC="0.96" CONTENT="hänför"/><SP WIDTH="23" VPOS="1231" HPOS="193"/>
							<String ID="string_367" HPOS="216" VPOS="1232" WIDTH="31" HEIGHT="27" WC="0.96" CONTENT="sig"/><SP WIDTH="21" VPOS="1232" HPOS="247"/>
							<String ID="string_368" HPOS="268" VPOS="1233" WIDTH="33" HEIGHT="21" WC="0.96" CONTENT="till"/><SP WIDTH="25" VPOS="1233" HPOS="301"/>
							<String ID="string_369" HPOS="326" VPOS="1233" WIDTH="40" HEIGHT="21" WC="0.93" CONTENT="den"/><SP WIDTH="20" VPOS="1233" HPOS="366"/>
							<String ID="string_370" HPOS="386" VPOS="1232" WIDTH="183" HEIGHT="27" WC="0.91" CONTENT="trosbekännelse,"/><SP WIDTH="16" VPOS="1232" HPOS="569"/>
							<String ID="string_371" HPOS="585" VPOS="1238" WIDTH="46" HEIGHT="16" WC="0.92" CONTENT="som"/><SP WIDTH="14" VPOS="1238" HPOS="631"/>
							<String ID="string_372" HPOS="645" VPOS="1234" WIDTH="49" HEIGHT="20" WC="0.92" CONTENT="näst"/><SP WIDTH="16" VPOS="1234" HPOS="694"/>
							<String ID="string_373" HPOS="710" VPOS="1232" WIDTH="39" HEIGHT="22" WC="0.93" CONTENT="den"/><SP WIDTH="15" VPOS="1232" HPOS="749"/>
							<String ID="string_374" HPOS="764" VPOS="1231" WIDTH="110" HEIGHT="22" WC="0.92" CONTENT="lutherska"/>
						</TextLine>
						<TextLine ID="line_38" HPOS="50" VPOS="1259" WIDTH="824" HEIGHT="29">
							<String ID="string_375" HPOS="50" VPOS="1259" WIDTH="39" HEIGHT="21" WC="0.96" CONTENT="har"/><SP WIDTH="16" VPOS="1259" HPOS="89"/>
							<String ID="string_376" HPOS="105" VPOS="1259" WIDTH="26" HEIGHT="21" WC="0.96" CONTENT="de"/><SP WIDTH="21" VPOS="1259" HPOS="131"/>
							<String ID="string_377" HPOS="152" VPOS="1259" WIDTH="63" HEIGHT="22" WC="0.93" CONTENT="flesta"/><SP WIDTH="21" VPOS="1259" HPOS="215"/>
							<String ID="string_378" HPOS="236" VPOS="1261" WIDTH="128" HEIGHT="27" WC="0.96" CONTENT="anhängare."/><SP WIDTH="30" VPOS="1261" HPOS="364"/>
							<String ID="string_379" HPOS="394" VPOS="1261" WIDTH="34" HEIGHT="21" WC="0.95" CONTENT="Då"/><SP WIDTH="22" VPOS="1261" HPOS="428"/>
							<String ID="string_380" HPOS="450" VPOS="1261" WIDTH="73" HEIGHT="21" WC="0.96" CONTENT="härtill"/><SP WIDTH="22" VPOS="1261" HPOS="523"/>
							<String ID="string_381" HPOS="545" VPOS="1261" WIDTH="103" HEIGHT="27" WC="0.96" CONTENT="kommer,"/><SP WIDTH="20" VPOS="1261" HPOS="648"/>
							<String ID="string_382" HPOS="668" VPOS="1263" WIDTH="33" HEIGHT="19" WC="0.97" CONTENT="att"/><SP WIDTH="15" VPOS="1263" HPOS="701"/>
							<String ID="string_383" HPOS="716" VPOS="1260" WIDTH="158" HEIGHT="28" WC="0.96" CONTENT="propositionen"/>
						</TextLine>
						<TextLine ID="line_39" HPOS="50" VPOS="1288" WIDTH="823" HEIGHT="29">
							<String ID="string_384" HPOS="50" VPOS="1288" WIDTH="45" HEIGHT="21" WC="0.91" CONTENT="blef"/><SP WIDTH="12" VPOS="1288" HPOS="95"/>
							<String ID="string_385" HPOS="107" VPOS="1288" WIDTH="89" HEIGHT="21" WC="0.91" CONTENT="affattad"/><SP WIDTH="16" VPOS="1288" HPOS="196"/>
							<String ID="string_386" HPOS="212" VPOS="1291" WIDTH="56" HEIGHT="19" WC="0.93" CONTENT="emot"/><SP WIDTH="16" VPOS="1291" HPOS="268"/>
							<String ID="string_387" HPOS="284" VPOS="1290" WIDTH="149" HEIGHT="26" WC="0.92" CONTENT="pluralitetens"/><SP WIDTH="15" VPOS="1290" HPOS="433"/>
							<String ID="string_388" HPOS="448" VPOS="1290" WIDTH="7" HEIGHT="20" WC="0.93" CONTENT="i"/><SP WIDTH="16" VPOS="1290" HPOS="455"/>
							<String ID="string_389" HPOS="471" VPOS="1289" WIDTH="93" HEIGHT="28" WC="0.92" CONTENT="Senaten"/><SP WIDTH="15" VPOS="1289" HPOS="564"/>
							<String ID="string_390" HPOS="579" VPOS="1289" WIDTH="56" HEIGHT="27" WC="0.92" CONTENT="äsigt"/><SP WIDTH="14" VPOS="1289" HPOS="635"/>
							<String ID="string_391" HPOS="649" VPOS="1290" WIDTH="67" HEIGHT="26" WC="0.93" CONTENT="enligt"/><SP WIDTH="14" VPOS="1290" HPOS="716"/>
							<String ID="string_392" HPOS="730" VPOS="1288" WIDTH="143" HEIGHT="23" WC="0.92" CONTENT="ecklesiastik-"/>
						</TextLine>
						<TextLine ID="line_40" HPOS="50" VPOS="1316" WIDTH="824" HEIGHT="29">
							<String ID="string_393" HPOS="50" VPOS="1316" WIDTH="85" HEIGHT="22" WC="0.92" CONTENT="chefens"/><SP WIDTH="22" VPOS="1316" HPOS="135"/>
							<String ID="string_394" HPOS="157" VPOS="1316" WIDTH="80" HEIGHT="28" WC="0.95" CONTENT="förslag"/><SP WIDTH="22" VPOS="1316" HPOS="237"/>
							<String ID="string_395" HPOS="259" VPOS="1318" WIDTH="40" HEIGHT="21" WC="0.96" CONTENT="och"/><SP WIDTH="22" VPOS="1318" HPOS="299"/>
							<String ID="string_396" HPOS="321" VPOS="1318" WIDTH="48" HEIGHT="21" WC="0.96" CONTENT="med"/><SP WIDTH="23" VPOS="1318" HPOS="369"/>
							<String ID="string_397" HPOS="392" VPOS="1318" WIDTH="122" HEIGHT="22" WC="0.93" CONTENT="beaktande"/><SP WIDTH="15" VPOS="1318" HPOS="514"/>
							<String ID="string_398" HPOS="529" VPOS="1318" WIDTH="23" HEIGHT="21" WC="0.93" CONTENT="af"/><SP WIDTH="13" VPOS="1318" HPOS="552"/>
							<String ID="string_399" HPOS="565" VPOS="1318" WIDTH="108" HEIGHT="26" WC="0.91" CONTENT="ätskilliga"/><SP WIDTH="15" VPOS="1318" HPOS="673"/>
							<String ID="string_400" HPOS="688" VPOS="1318" WIDTH="34" HEIGHT="21" WC="0.93" CONTENT="vid"/><SP WIDTH="15" VPOS="1318" HPOS="722"/>
							<String ID="string_401" HPOS="737" VPOS="1318" WIDTH="137" HEIGHT="27" WC="0.92" CONTENT="kyrkomötet"/>
						</TextLine>
						<TextLine ID="line_41" HPOS="49" VPOS="1345" WIDTH="825" HEIGHT="27">
							<String ID="string_402" HPOS="49" VPOS="1345" WIDTH="75" HEIGHT="26" WC="0.91" CONTENT="gjorda"/><SP WIDTH="21" VPOS="1345" HPOS="124"/>
							<String ID="string_403" HPOS="145" VPOS="1345" WIDTH="147" HEIGHT="27" WC="0.91" CONTENT="päminnelser,"/><SP WIDTH="24" VPOS="1345" HPOS="292"/>
							<String ID="string_404" HPOS="316" VPOS="1346" WIDTH="24" HEIGHT="22" WC="0.95" CONTENT="sä"/><SP WIDTH="22" VPOS="1346" HPOS="340"/>
							<String ID="string_405" HPOS="362" VPOS="1347" WIDTH="72" HEIGHT="21" WC="0.96" CONTENT="kunde"/><SP WIDTH="23" VPOS="1347" HPOS="434"/>
							<String ID="string_406" HPOS="457" VPOS="1347" WIDTH="37" HEIGHT="21" WC="0.93" CONTENT="det"/><SP WIDTH="15" VPOS="1347" HPOS="494"/>
							<String ID="string_407" HPOS="509" VPOS="1347" WIDTH="46" HEIGHT="21" WC="0.93" CONTENT="icke"/><SP WIDTH="16" VPOS="1347" HPOS="555"/>
							<String ID="string_408" HPOS="571" VPOS="1353" WIDTH="59" HEIGHT="15" WC="0.96" CONTENT="mera"/><SP WIDTH="15" VPOS="1353" HPOS="630"/>
							<String ID="string_409" HPOS="645" VPOS="1347" WIDTH="85" HEIGHT="21" WC="0.96" CONTENT="komma"/><SP WIDTH="14" VPOS="1347" HPOS="730"/>
							<String ID="string_410" HPOS="744" VPOS="1347" WIDTH="7" HEIGHT="20" WC="0.93" CONTENT="i"/><SP WIDTH="14" VPOS="1347" HPOS="751"/>
							<String ID="string_411" HPOS="765" VPOS="1346" WIDTH="60" HEIGHT="26" WC="0.92" CONTENT="fräga"/><SP WIDTH="16" VPOS="1346" HPOS="825"/>
							<String ID="string_412" HPOS="841" VPOS="1346" WIDTH="33" HEIGHT="20" WC="0.96" CONTENT="att"/>
						</TextLine>
						<TextLine ID="line_42" HPOS="50" VPOS="1373" WIDTH="823" HEIGHT="29">
							<String ID="string_413" HPOS="50" VPOS="1373" WIDTH="86" HEIGHT="22" WC="0.92" CONTENT="försöka"/><SP WIDTH="14" VPOS="1373" HPOS="136"/>
							<String ID="string_414" HPOS="150" VPOS="1374" WIDTH="100" HEIGHT="22" WC="0.96" CONTENT="utarbeta"/><SP WIDTH="16" VPOS="1374" HPOS="250"/>
							<String ID="string_415" HPOS="266" VPOS="1377" WIDTH="31" HEIGHT="19" WC="0.96" CONTENT="ett"/><SP WIDTH="15" VPOS="1377" HPOS="297"/>
							<String ID="string_416" HPOS="312" VPOS="1374" WIDTH="122" HEIGHT="28" WC="0.96" CONTENT="lagförslag,"/><SP WIDTH="17" VPOS="1374" HPOS="434"/>
							<String ID="string_417" HPOS="451" VPOS="1381" WIDTH="46" HEIGHT="15" WC="0.97" CONTENT="som"/><SP WIDTH="16" VPOS="1381" HPOS="497"/>
							<String ID="string_418" HPOS="513" VPOS="1375" WIDTH="68" HEIGHT="22" WC="0.93" CONTENT="skulle"/><SP WIDTH="16" VPOS="1375" HPOS="581"/>
							<String ID="string_419" HPOS="597" VPOS="1375" WIDTH="156" HEIGHT="21" WC="0.91" CONTENT="tillfredsställa"/><SP WIDTH="15" VPOS="1375" HPOS="753"/>
							<String ID="string_420" HPOS="768" VPOS="1374" WIDTH="42" HEIGHT="22" WC="0.93" CONTENT="alla"/><SP WIDTH="15" VPOS="1374" HPOS="810"/>
							<String ID="string_421" HPOS="825" VPOS="1373" WIDTH="48" HEIGHT="21" WC="0.89" CONTENT="reli-"/>
						</TextLine>
						<TextLine ID="line_43" HPOS="49" VPOS="1402" WIDTH="825" HEIGHT="28">
							<String ID="string_422" HPOS="49" VPOS="1402" WIDTH="163" HEIGHT="26" WC="0.83" CONTENT="giopsfrihetens"/><SP WIDTH="22" VPOS="1402" HPOS="212"/>
							<String ID="string_423" HPOS="234" VPOS="1403" WIDTH="134" HEIGHT="27" WC="0.96" CONTENT="berättigade"/><SP WIDTH="23" VPOS="1403" HPOS="368"/>
							<String ID="string_424" HPOS="391" VPOS="1404" WIDTH="102" HEIGHT="26" WC="0.96" CONTENT="anspråk,"/><SP WIDTH="23" VPOS="1404" HPOS="493"/>
							<String ID="string_425" HPOS="516" VPOS="1406" WIDTH="52" HEIGHT="19" WC="0.96" CONTENT="utan"/><SP WIDTH="23" VPOS="1406" HPOS="568"/>
							<String ID="string_426" HPOS="591" VPOS="1404" WIDTH="36" HEIGHT="21" WC="0.93" CONTENT="det"/><SP WIDTH="18" VPOS="1404" HPOS="627"/>
							<String ID="string_427" HPOS="645" VPOS="1404" WIDTH="61" HEIGHT="26" WC="0.96" CONTENT="enda,"/><SP WIDTH="16" VPOS="1404" HPOS="706"/>
							<String ID="string_428" HPOS="722" VPOS="1410" WIDTH="44" HEIGHT="14" WC="0.96" CONTENT="som"/><SP WIDTH="16" VPOS="1410" HPOS="766"/>
							<String ID="string_429" HPOS="782" VPOS="1402" WIDTH="92" HEIGHT="22" WC="0.76" CONTENT="kunde"/><SP WIDTH="-15" VPOS="1402" HPOS="874"/>
							<String ID="string_430" HPOS="859" VPOS="1398" WIDTH="19" HEIGHT="37" WC="0.76" CONTENT="i"/>
						</TextLine>
						<TextLine ID="line_44" HPOS="48" VPOS="1430" WIDTH="825" HEIGHT="29">
							<String ID="string_431" HPOS="48" VPOS="1430" WIDTH="62" HEIGHT="27" WC="0.96" CONTENT="fråga"/><SP WIDTH="21" VPOS="1430" HPOS="110"/>
							<String ID="string_432" HPOS="131" VPOS="1431" WIDTH="86" HEIGHT="22" WC="0.96" CONTENT="komma"/><SP WIDTH="22" VPOS="1431" HPOS="217"/>
							<String ID="string_433" HPOS="239" VPOS="1432" WIDTH="39" HEIGHT="21" WC="0.96" CONTENT="och"/><SP WIDTH="23" VPOS="1432" HPOS="278"/>
							<String ID="string_434" HPOS="301" VPOS="1438" WIDTH="45" HEIGHT="15" WC="0.96" CONTENT="som"/><SP WIDTH="20" VPOS="1438" HPOS="346"/>
							<String ID="string_435" HPOS="366" VPOS="1432" WIDTH="21" HEIGHT="21" WC="0.96" CONTENT="vi"/><SP WIDTH="15" VPOS="1432" HPOS="387"/>
							<String ID="string_436" HPOS="402" VPOS="1432" WIDTH="55" HEIGHT="21" WC="0.93" CONTENT="efter"/><SP WIDTH="16" VPOS="1432" HPOS="457"/>
							<String ID="string_437" HPOS="473" VPOS="1432" WIDTH="98" HEIGHT="27" WC="0.95" CONTENT="förmåga"/><SP WIDTH="14" VPOS="1432" HPOS="571"/>
							<String ID="string_438" HPOS="585" VPOS="1432" WIDTH="63" HEIGHT="21" WC="0.96" CONTENT="hafva"/><SP WIDTH="15" VPOS="1432" HPOS="648"/>
							<String ID="string_439" HPOS="663" VPOS="1432" WIDTH="83" HEIGHT="21" WC="0.96" CONTENT="försökt"/><SP WIDTH="14" VPOS="1432" HPOS="746"/>
							<String ID="string_440" HPOS="760" VPOS="1434" WIDTH="59" HEIGHT="24" WC="0.96" CONTENT="göra,"/><SP WIDTH="16" VPOS="1434" HPOS="819"/>
							<String ID="string_441" HPOS="835" VPOS="1436" WIDTH="38" HEIGHT="15" WC="0.96" CONTENT="var"/>
						</TextLine>
						<TextLine ID="line_45" HPOS="49" VPOS="1459" WIDTH="825" HEIGHT="28">
							<String ID="string_442" HPOS="49" VPOS="1459" WIDTH="33" HEIGHT="20" WC="0.89" CONTENT="att"/><SP WIDTH="22" VPOS="1459" HPOS="82"/>
							<String ID="string_443" HPOS="104" VPOS="1459" WIDTH="147" HEIGHT="22" WC="0.89" CONTENT="ästadkomma"/><SP WIDTH="21" VPOS="1459" HPOS="251"/>
							<String ID="string_444" HPOS="272" VPOS="1467" WIDTH="27" HEIGHT="14" WC="0.95" CONTENT="en"/><SP WIDTH="22" VPOS="1467" HPOS="299"/>
							<String ID="string_445" HPOS="321" VPOS="1461" WIDTH="41" HEIGHT="26" WC="0.96" CONTENT="lag,"/><SP WIDTH="24" VPOS="1461" HPOS="362"/>
							<String ID="string_446" HPOS="386" VPOS="1466" WIDTH="46" HEIGHT="15" WC="0.96" CONTENT="som"/><SP WIDTH="21" VPOS="1466" HPOS="432"/>
							<String ID="string_447" HPOS="453" VPOS="1461" WIDTH="70" HEIGHT="20" WC="0.93" CONTENT="skulle"/><SP WIDTH="16" VPOS="1461" HPOS="523"/>
							<String ID="string_448" HPOS="539" VPOS="1460" WIDTH="95" HEIGHT="27" WC="0.92" CONTENT="afhjelpa"/><SP WIDTH="15" VPOS="1460" HPOS="634"/>
							<String ID="string_449" HPOS="649" VPOS="1461" WIDTH="26" HEIGHT="20" WC="0.96" CONTENT="de"/><SP WIDTH="16" VPOS="1461" HPOS="675"/>
							<String ID="string_450" HPOS="691" VPOS="1460" WIDTH="33" HEIGHT="21" WC="0.93" CONTENT="för"/><SP WIDTH="16" VPOS="1460" HPOS="724"/>
							<String ID="string_451" HPOS="740" VPOS="1459" WIDTH="134" HEIGHT="28" WC="0.91" CONTENT="ögonblicket"/>
						</TextLine>
						<TextLine ID="line_46" HPOS="49" VPOS="1488" WIDTH="823" HEIGHT="27">
							<String ID="string_452" HPOS="49" VPOS="1489" WIDTH="55" HEIGHT="18" WC="0.92" CONTENT="mest"/><SP WIDTH="21" VPOS="1489" HPOS="104"/>
							<String ID="string_453" HPOS="125" VPOS="1489" WIDTH="117" HEIGHT="25" WC="0.92" CONTENT="trängande"/><SP WIDTH="19" VPOS="1489" HPOS="242"/>
							<String ID="string_454" HPOS="261" VPOS="1489" WIDTH="112" HEIGHT="25" WC="0.93" CONTENT="praktiska"/><SP WIDTH="14" VPOS="1489" HPOS="373"/>
							<String ID="string_455" HPOS="387" VPOS="1489" WIDTH="114" HEIGHT="21" WC="0.91" CONTENT="behofven."/><SP WIDTH="30" VPOS="1489" HPOS="501"/>
							<String ID="string_456" HPOS="531" VPOS="1489" WIDTH="112" HEIGHT="21" WC="0.89" CONTENT="Huruvida"/><SP WIDTH="15" VPOS="1489" HPOS="643"/>
							<String ID="string_457" HPOS="658" VPOS="1489" WIDTH="58" HEIGHT="21" WC="0.96" CONTENT="detta"/><SP WIDTH="14" VPOS="1489" HPOS="716"/>
							<String ID="string_458" HPOS="730" VPOS="1489" WIDTH="40" HEIGHT="20" WC="0.93" CONTENT="har"/><SP WIDTH="14" VPOS="1489" HPOS="770"/>
							<String ID="string_459" HPOS="784" VPOS="1488" WIDTH="88" HEIGHT="27" WC="0.93" CONTENT="lyckats,"/>
						</TextLine>
						<TextLine ID="line_47" HPOS="49" VPOS="1514" WIDTH="824" HEIGHT="30">
							<String ID="string_460" HPOS="49" VPOS="1514" WIDTH="128" HEIGHT="22" WC="0.96" CONTENT="tillkommer"/><SP WIDTH="22" VPOS="1514" HPOS="177"/>
							<String ID="string_461" HPOS="199" VPOS="1516" WIDTH="46" HEIGHT="22" WC="0.96" CONTENT="icke"/><SP WIDTH="22" VPOS="1516" HPOS="245"/>
							<String ID="string_462" HPOS="267" VPOS="1517" WIDTH="43" HEIGHT="27" WC="0.96" CONTENT="mig"/><SP WIDTH="22" VPOS="1517" HPOS="310"/>
							<String ID="string_463" HPOS="332" VPOS="1518" WIDTH="33" HEIGHT="20" WC="0.96" CONTENT="att"/><SP WIDTH="22" VPOS="1518" HPOS="365"/>
							<String ID="string_464" HPOS="387" VPOS="1517" WIDTH="98" HEIGHT="21" WC="0.96" CONTENT="bedöma."/><SP WIDTH="31" VPOS="1517" HPOS="485"/>
							<String ID="string_465" HPOS="516" VPOS="1517" WIDTH="41" HEIGHT="27" WC="0.96" CONTENT="Jag"/><SP WIDTH="15" VPOS="1517" HPOS="557"/>
							<String ID="string_466" HPOS="572" VPOS="1517" WIDTH="38" HEIGHT="22" WC="0.88" CONTENT="ber"/><SP WIDTH="15" VPOS="1517" HPOS="610"/>
							<String ID="string_467" HPOS="625" VPOS="1517" WIDTH="100" HEIGHT="27" WC="0.96" CONTENT="slutligen"/><SP WIDTH="15" VPOS="1517" HPOS="725"/>
							<String ID="string_468" HPOS="740" VPOS="1517" WIDTH="47" HEIGHT="21" WC="0.93" CONTENT="med"/><SP WIDTH="15" VPOS="1517" HPOS="787"/>
							<String ID="string_469" HPOS="802" VPOS="1514" WIDTH="71" HEIGHT="23" WC="0.93" CONTENT="anled-"/>
						</TextLine>
					</TextBlock>
					<TextBlock ID="block_3" HPOS="116" VPOS="1556" WIDTH="689" HEIGHT="19">
						<TextLine ID="line_48" HPOS="116" VPOS="1556" WIDTH="689" HEIGHT="19">
							<String ID="string_470" HPOS="116" VPOS="1556" WIDTH="37" HEIGHT="15" WC="0.96" CONTENT="N:o"/><SP WIDTH="12" VPOS="1556" HPOS="153"/>
							<String ID="string_471" HPOS="165" VPOS="1560" WIDTH="28" HEIGHT="12" WC="0.96" CONTENT="22."/><SP WIDTH="561" VPOS="1560" HPOS="193"/>
							<String ID="string_472" HPOS="754" VPOS="1556" WIDTH="23" HEIGHT="17" WC="0.96" CONTENT="46"/><SP WIDTH="11" VPOS="1556" HPOS="777"/>
							<String ID="string_473" HPOS="788" VPOS="1560" WIDTH="17" HEIGHT="15" WC="0.76" CONTENT="IT"/>
						</TextLine>
					</TextBlock>
				</ComposedBlock>
			</PrintSpace>
		</Page>
	</Layout>
</alto>
