1084 1792
208 154 54 20 1142
461 158 25 18 R.
498 164 17 11 0.
528 159 22 17 A.
563 160 57 16 1897.
645 159 23 17 14
680 158 47 21 Maj.

248 226 117 29 Företager
372 234 47 13 man
428 234 29 13 nu
465 227 33 27 sig
505 226 70 22 denna
582 226 127 29 jemförelse,
717 226 24 21 sä
748 227 67 21 finner
822 234 55 18 man,
885 229 31 18 att
923 226 77 22 medan

178 264 28 13 en
229 256 35 27 lag
288 255 88 21 affattad
402 255 66 28 enligt
494 255 48 21 näd.
567 262 58 22 prop.
649 255 33 21 till
707 256 46 20 sina
778 255 133 27 verkningar,
933 255 68 21 under

180 284 94 21 normala
289 283 155 26 förhällanden,
460 284 76 21 endast
551 283 125 22 inskränker
691 284 33 27 sig
737 284 33 20 till
785 286 31 19 ett
831 283 82 21 mindre
928 283 73 22 arbete

180 313 36 21 till
236 319 101 22 pappers,
358 311 84 22 hvilket
462 311 71 22 arbete
549 311 187 28 hufvudsakligast
750 312 62 21 faller
827 311 28 29 pä
870 311 27 22 de
911 311 90 22 admini-

181 341 89 22 strativa
292 340 238 27 förvaltningsorganen
552 340 41 22 och
615 340 102 28 derjemte
737 340 48 22 icke
801 342 23 19 är
838 340 100 21 förenadt
952 340 48 22 med

180 369 66 28 nägra
261 369 121 26 kostnader,
397 368 123 23 Utskottets
536 369 80 28 förslag
631 369 94 21 deremot
743 369 95 21 kommer
856 371 32 19 att
905 369 96 22 medföra

180 401 58 18 stora
251 398 67 28 ärliga
329 397 122 26 kostnader,
461 397 59 22 såväl
530 398 35 21 för
573 397 137 22 utbetalande
718 398 23 21 af
748 399 91 27 premier
847 397 23 22 ät
881 405 90 20 egarene
979 398 23 21 af

181 427 27 21 de
223 426 155 23 kontraherade
393 426 105 26 hästarna,
514 434 45 14 som
575 427 64 20 äfven
652 426 35 21 för
697 426 305 29 besigtningskommissioner-

180 463 38 14 nas
240 455 98 28 ständiga
359 462 65 19 resor,
444 459 23 24 ty
488 455 121 28 antagligen
631 454 82 29 ätnöjer
733 463 49 13 man
797 456 34 27 sig
845 455 47 21 icke
907 455 50 22 med
971 458 32 19 att

179 485 117 21 verkställa
311 484 62 21 dessa
388 484 146 28 besigtningar
550 484 75 21 endast
639 483 64 22 hvart
717 485 62 28 sjette
790 484 29 26 år,
827 486 50 19 utan
888 484 34 21 för
932 484 69 21 bättre

180 514 93 27 garantis
294 513 57 21 skull
367 512 105 29 betydligt
482 513 73 26 oftare,
566 513 83 21 hvilket
659 513 63 21 äfven
733 513 113 21 Utskottet
854 513 31 21 uti
896 514 12 27 &
919 514 26 21 25
957 513 44 21 för-

180 545 76 23 utsett;
278 542 109 21 dessutom
406 541 98 22 åsamkas
519 541 182 29 myndigheterna,
716 541 59 22 såväl
791 541 26 22 de
833 541 168 22 administrativa

181 579 45 13 som
242 571 26 20 de
284 570 140 27 kommunala,
440 573 31 18 ett
486 573 61 18 värre
562 570 53 21 bråk
629 570 48 21 med
690 570 169 21 kontraherande
870 570 23 21 af
902 571 99 20 hästarna

180 599 42 22 och
244 599 73 21 dessas
340 598 161 28 förtecknande,
525 607 48 13 men
589 600 58 19 värst
663 599 55 21 dock
733 599 50 20 med
798 599 120 21 kontrollen
933 599 23 21 af
971 601 31 19 att

180 628 28 21 de
228 627 118 28 hästegare,
361 635 45 13 som
427 627 69 28 ingått
516 627 154 26 förbindelsen,
685 635 55 20 noga
755 627 98 28 uppfylla
867 627 134 22 kontraktets

183 656 166 25 bestämmelser,
370 655 73 22 hvilka
463 656 158 21 bestämmelser
642 655 23 22 få
679 663 51 14 vara
745 663 44 20 nog
804 658 91 26 stränga.
927 656 75 21 Sådan

182 687 26 18 än
224 684 111 21 skilnaden
351 685 89 20 emellan
452 684 26 21 de
490 685 55 20 båda
555 684 142 28 lagförslagen
708 684 69 21 under
785 684 32 21 tid
828 685 24 20 af
861 685 55 27 fred,
925 684 20 21 d.
953 692 19 13 v.
981 692 21 19 s.,

181 714 71 21 såsom
272 713 35 28 jag
326 712 66 22 redan
415 715 53 26 sagt,
490 713 67 21 under
576 713 94 21 normala
685 713 153 26 förhållanden,
853 713 41 21 och
909 713 36 28 jag
959 716 44 18 tror

182 742 36 21 det
241 741 53 22 skall
310 741 68 21 blifva
394 741 59 21 svårt
467 741 35 20 för
516 741 70 28 någon
601 744 32 18 att
648 741 100 26 bestrida,
763 744 31 18 att
807 742 47 21 icke
872 741 41 22 alla
930 741 73 22 förde-

182 771 31 21 lar
235 771 7 20 i
268 770 101 21 afseende
384 770 14 21 å
413 770 158 28 begvämlighet
586 770 40 21 och
642 769 96 28 billighet
753 770 57 29 ligga
825 770 28 29 pä
867 770 42 21 den
924 769 79 29 nådiga

181 806 71 22 prop:s
268 799 52 21 sida.

250 827 51 21 Men
317 827 70 22 denna
410 827 35 28 lag
463 827 71 21 stiftas
550 827 35 21 för
599 827 101 21 händelse
716 827 23 21 af
753 830 32 19 ett
799 827 109 22 eventuelt
922 827 81 21 afbrott

182 857 31 20 uti
236 856 26 21 de
280 856 95 21 normala
390 855 167 27 förhållandena,
571 863 57 14 mera
643 855 71 22 direkt
729 856 68 28 sagdt,
811 856 34 21 för
859 855 102 22 händelse
981 856 22 21 af

182 888 31 18 ett
235 883 77 22 sådant
327 885 53 27 krig,
396 887 30 17 att
442 884 64 21 äfven
522 884 103 21 Finlands
641 884 78 26 kuster,
734 884 83 21 hvilket
832 884 49 21 Gud
898 883 105 29 förbjude,

183 912 67 22 blifva
264 912 79 22 hotade
358 912 23 22 af
396 912 132 22 fiendehand.
557 912 36 22 Då
603 912 84 21 inträda
697 912 26 21 de
734 913 101 21 abnorma
845 912 158 22 tidsförhållan-

182 942 62 24 dena,
258 940 29 22 då
301 942 22 20 vi
340 943 36 19 äro
392 941 68 21 likaså
475 941 73 28 villiga
564 948 45 14 som
625 940 98 29 skyldiga
738 944 31 18 att
784 941 48 21 med
850 940 153 29 uppbjudande

182 970 23 21 af
220 970 40 20 alla
275 970 53 21 våra
342 970 87 26 krafter,
444 977 34 13 om
493 970 24 21 så
533 969 110 26 behöfves,
657 969 41 21 och
710 969 92 22 bärande
814 969 27 21 de
852 969 151 29 uppoffringar,

182 1006 46 13 som
251 998 57 28 läget
330 998 89 26 fordrar,
440 998 98 22 försvara
561 998 58 21 detta
641 998 56 21 land.
726 998 81 21 Männe
822 999 22 20 vi
859 977 34 47 då
907 999 8 19 i
929 998 38 22 det
981 999 22 21 vi

182 1026 92 22 utsända
288 1027 52 21 våra
355 1028 63 20 söner
432 1026 35 21 för
478 1030 32 18 att
521 1026 34 22 stå
565 1029 44 19 mot
618 1026 95 22 fiendens
724 1027 67 26 kulor,
801 1027 85 21 komma
896 1029 31 19 att
937 1026 66 22 räkna

183 1055 27 21 de
232 1055 190 28 hästdagsverken,
437 1055 72 21 hvilka
524 1055 28 28 gå
567 1055 107 21 förlorade
689 1055 35 21 för
738 1055 125 28 jordbruket
878 1054 68 23 under
961 1055 41 21 den

182 1084 64 27 högst
266 1084 55 21 enda
342 1084 47 27 dag,
410 1084 120 28 egentligen
551 1084 81 21 mindre
647 1085 27 19 än
691 1092 26 13 en
734 1084 48 28 dag,
799 1091 45 14 som
862 1084 95 21 kommer
973 1087 30 18 att

183 1112 109 22 användas
300 1112 32 21 till
344 1112 41 21 den
394 1115 60 19 extra
464 1112 109 28 (jemfördt
583 1112 48 21 med
642 1112 124 22 Utskottets
776 1112 88 28 förslag)
876 1112 127 29 besigtning,

183 1148 46 14 som
244 1141 41 21 blir
299 1140 124 28 nödvändig
438 1142 66 27 enligt
519 1141 146 28 stadgandena
681 1142 30 20 uti
726 1141 43 21 den
784 1141 49 21 nåd.
848 1148 66 22 prop.,
929 1142 13 20 å
954 1142 48 20 lott-

183 1170 189 27 ningsomrädenas
387 1169 187 29 samlingsplatser.
593 1170 42 26 Jag
645 1172 44 19 tror
701 1170 37 21 det
748 1170 18 28 ej
778 1170 41 21 och
828 1170 35 28 jag
873 1172 78 19 trotsar
961 1170 42 21 den

183 1205 45 14 som
244 1200 61 26 säger
320 1198 73 20 annat!

250 1226 41 28 Jag
312 1226 40 21 bör
372 1226 76 22 härvid
470 1226 56 22 fästa
549 1226 122 28 Höglofliga
686 1226 25 22 R.
728 1234 18 14 o.
762 1226 39 22 A:s
816 1226 187 28 uppmärksamhet

183 1255 36 21 vid
236 1258 31 18 att
282 1255 64 21 äfven
363 1255 66 28 enligt
444 1255 123 21 Utskottets
576 1254 81 29 förslag
665 1255 122 28 besigtning
793 1262 77 21 genom
879 1263 27 13 en
914 1255 89 28 special-

183 1283 79 21 nämnd
284 1283 13 21 &
320 1291 25 13 en
368 1283 52 21 eller
441 1284 50 20 flere
506 1284 81 28 platser
602 1284 56 20 inom
674 1284 73 28 hvarje
763 1283 186 29 uppbådsområde
965 1283 39 21 bör

184 1312 74 26 föregå
282 1312 110 21 hästarnas
416 1312 153 26 öfverlåtande,
590 1311 88 22 hvarför
697 1313 77 20 endast
796 1312 41 21 den
859 1313 7 20 i
881 1312 48 21 nåd.
945 1319 58 21 prop.

183 1340 115 20 förutsatta
307 1340 149 27 besigtningen
463 1340 13 20 å
486 1340 227 27 lottningsområdenas
724 1340 181 28 samlingsplatser
916 1340 88 20 bortfal-

184 1368 31 20 ler
230 1367 36 22 vid
282 1367 120 27 antagande
418 1368 23 20 af
457 1367 122 22 Utskottets
593 1368 87 27 förslag.

253 1395 35 22 Då
309 1403 48 14 man
380 1404 28 13 nu
428 1396 137 28 komparerar
587 1396 163 28 olägenheterna
769 1396 24 21 af
815 1396 76 27 denna,
909 1404 46 14 som
969 1397 36 27 jag

184 1425 101 21 benämnt
306 1427 60 19 extra
389 1424 129 28 besigtning,
540 1424 37 22 vid
593 1427 30 19 ett
645 1424 128 29 utbrytande
789 1424 54 29 krig,
857 1424 49 22 med
921 1425 42 21 alla
977 1425 27 21 de

184 1453 122 27 kostnader,
312 1454 139 21 trakasserier
459 1453 40 21 och
508 1456 65 19 annat
581 1454 58 26 bråk,
647 1453 73 22 hvilka
727 1453 124 23 Utskottets
857 1454 81 28 förslag
945 1454 59 22 kom-

184 1490 45 13 mer
250 1485 30 18 att
305 1482 96 21 medföra
421 1482 68 21 under
504 1482 48 21 hela
567 1482 42 21 den
624 1482 62 28 långa
701 1482 126 27 fredstiden,
842 1482 24 22 så
880 1483 76 28 tycker
969 1484 36 27 jag

184 1519 49 13 man
255 1511 39 21 har
312 1511 50 21 fullt
376 1511 47 21 skäl
438 1513 31 19 att
483 1511 61 28 gifva
559 1511 107 22 företräde
682 1511 21 21 åt
719 1511 42 21 den
776 1511 48 22 nåd.
839 1519 60 22 prop.
914 1511 91 22 framom

186 1539 123 22 Utskottets
324 1540 86 28 förslag.
