1092 1798
204 132 55 20 1498
448 138 25 16 R.
485 142 18 12 o.
515 138 22 16 A.
551 137 55 17 1897.
634 138 25 16 25
671 137 48 21 Maj.

243 205 34 21 Hr
291 205 25 21 L.
341 205 159 21 Mechelin:
538 204 199 22 Jurisstuderandes
762 204 171 28 gvalifikationer
958 206 35 19 äro

174 234 83 27 ganska
281 234 62 26 olika,
367 233 105 21 beroende
495 234 32 28 pä,
543 233 105 21 huruvida
664 233 26 21 de
705 235 37 19 äro
757 235 50 19 nära
823 236 30 18 att
868 232 79 22 afsluta
962 234 31 20 sin

175 262 56 27 kurs,
255 262 51 21 eller
327 270 33 13 om
377 262 27 21 de
423 269 51 21 nyss
489 262 109 28 päbegynt
610 262 47 20 den.
687 261 74 22 Säsom
777 262 57 21 Frih.
849 261 80 22 Wrede
944 268 50 21 nyss

174 290 119 29 päpekade,
301 291 72 20 kunna
388 291 63 20 äfven
468 290 65 21 andra
549 290 99 28 lämpliga
664 298 101 20 personer
777 290 115 26 användas,
901 295 52 16 utan
964 292 31 18 att

174 319 71 27 någon
261 319 56 21 väda
332 318 112 29 uppstode,
459 326 48 13 men
523 319 59 21 detta
597 318 204 28 tilläggsstadgande
816 318 38 21 har
869 318 66 22 också
947 318 48 21 der-

174 348 35 20 för
232 351 59 24 synts
316 348 44 26 mig
382 346 82 22 mindre
485 347 101 28 lämpligt,
602 350 30 18 att
647 354 48 14 man
710 347 122 27 derigenom
848 347 75 27 tyckes
939 347 56 21 fästa

176 376 102 22 afseende
301 376 75 21 endast
392 376 36 21 vid
444 376 160 20 förhällandena
620 377 5 19 i
642 375 165 27 hufvudstaden,
823 378 50 18 enär
888 376 26 28 pä
930 375 65 21 andra

174 408 58 18 orter
252 405 7 20 i
282 405 72 27 regeln
378 404 47 21 icke
445 404 98 28 erbjudes
565 404 82 21 tillfälle
670 407 31 18 att
721 407 78 25 antaga
814 404 181 28 jurisstuderande

174 433 71 21 såsom
263 433 95 21 biträden
374 433 38 21 hos
428 433 122 21 advokater.

243 490 57 21 Frih.
315 490 26 21 R.
356 491 27 20 A.
398 490 107 21 Wrede:
535 490 41 28 Jag
592 492 23 18 är
630 490 87 21 alldeles
734 497 50 13 ense
795 490 48 20 med
858 490 34 21 Hr
907 489 88 21 Meche-

177 519 28 21 lin
223 518 43 22 deri
283 521 31 18 att
329 518 64 21 andra
415 526 101 20 personer
539 518 44 21 ofta
599 520 36 19 äro
651 518 43 21 lika
708 518 100 28 lämpliga
831 526 44 13 som
898 519 97 27 jurisstu-

175 547 101 25 derande,
291 554 47 14 men
355 547 37 21 det
407 554 50 14 vore
473 550 77 25 ytterst
564 546 60 22 svärt
639 550 30 18 att
684 547 105 21 fastställa
805 547 65 26 nägra
885 546 110 29 gvalifika-

174 576 70 21 tioner
266 576 35 20 för
323 576 73 27 dylika
413 575 213 26 sakförarebiträden,
642 583 32 13 om
691 584 47 13 man
754 576 47 21 icke
818 576 48 21 ville
882 576 114 28 godkänna

175 604 42 21 den
240 607 31 18 att
294 604 91 21 biträdet
408 604 37 21 bör
469 612 50 14 vara
542 604 87 21 student
651 604 40 21 och
713 604 50 21 idka
785 604 102 28 juridiska
909 604 86 21 studier.

175 633 78 21 Denna
276 633 133 27 bestämning
431 632 37 21 har
489 633 107 21 dessutom
620 636 30 17 ett
672 636 65 18 annat
759 633 63 27 syfte,
836 633 106 27 nämligen
965 635 31 19 att

177 661 78 21 bereda
274 661 110 29 möjlighet
406 661 33 21 för
462 661 182 28 jurisstuderande
666 664 29 18 att
712 662 78 21 erhälla
806 662 83 28 praktik
905 662 28 27 pä
948 661 48 21 sak-

176 690 147 26 förarebanan,
343 690 87 21 hvilken
446 690 110 28 möjlighet
570 690 48 21 icke
633 690 71 26 finnes,
720 698 33 13 om
770 690 26 21 de
812 690 47 21 icke
874 690 65 21 hafva
954 692 38 19 rät-

174 718 70 28 tighet
259 722 31 17 att
305 720 6 19 i
327 718 86 21 enklare
436 718 38 21 fall
497 719 39 21 och
559 718 27 28 pä
600 718 136 22 sakförarens
752 718 96 29 uppdrag
864 719 40 21 och
919 726 78 14 ansvar

177 747 106 28 uppträda
306 747 56 21 inför
385 749 60 23 rätta,
465 750 51 18 utan
539 747 75 21 endast
629 747 71 21 kunna
715 748 73 20 arbeta
804 747 27 29 pä
846 748 52 20 hans
914 748 82 20 kontor.

175 776 46 20 Det
236 778 23 18 är
273 776 84 21 säledes
373 776 65 20 ocksä
453 776 6 20 i
475 776 27 20 de
517 776 139 21 studerandes
672 777 96 24 intresse,
784 784 44 13 som
849 776 58 21 detta
922 776 75 28 tillägg

174 806 25 19 är
213 804 77 28 gjordt,
312 812 48 14 men
383 804 70 28 någon
475 805 108 28 synnerlig
606 805 45 27 vigt
672 804 67 22 fäster
761 806 47 20 icke
829 805 66 21 heller
910 806 35 27 jag
961 805 35 21 vid

174 833 60 21 detta
250 833 122 28 stadgande.

244 890 34 21 Hr
302 890 29 22 V.
354 889 146 22 Bläfield:
531 890 33 21 En
581 891 68 21 käsitä
672 892 42 19 että
737 890 162 22 minkäänlaista
915 891 82 20 väärin-

177 919 100 28 käytöstä
291 920 49 20 siitä
355 920 36 20 voi
411 921 82 26 syntyä,
509 920 32 27 jos
556 919 220 22 tuomarintutkinnon
798 921 200 20 suorittamattomat

174 949 91 27 jättävät
287 948 150 28 ylioikeuksiin
461 948 120 28 asiakirjoja
596 949 20 28 ja
632 948 60 21 sieltä
713 951 83 18 ottavat
819 949 52 20 niitä
886 948 53 26 ulos,
955 948 41 21 kun

176 976 123 28 asiakirjain
315 977 120 20 sellaisessa
450 977 145 27 tapauksessa,
610 977 96 20 niinkuin
722 977 176 21 ehdotuksessani
915 978 82 20 lausuin

176 1005 112 20 kuitenkin
302 1005 71 28 pitäisi
389 1005 42 20 olla
446 1005 253 28 asianajajayhdistyksen
716 1006 85 27 jäsenen
814 1006 184 27 allekirjoittamat,

174 1034 22 27 ja
211 1035 70 18 tämän
298 1033 122 28 apulaisella
435 1034 44 19 niin
495 1034 100 21 muodoin
606 1035 18 20 ei
636 1035 46 20 olisi
696 1035 79 20 asiassa
785 1035 128 20 muunlaista
924 1035 73 24 tointa,

176 1062 51 20 kuin
243 1062 66 27 paljas
326 1061 75 28 kirjain
416 1063 124 26 jättäminen
556 1063 28 20 tai
600 1063 122 20 ottaminen.

245 1118 25 21 R.
286 1126 18 13 0.
320 1119 26 20 A.
363 1119 68 20 beslöt
445 1119 52 21 härä
512 1119 114 28 godkänna
642 1121 12 26 $
670 1121 12 19 2
699 1119 65 28 enligt
779 1119 149 21 betänkandet.

244 1177 30 24 $$
291 1176 14 20 3
320 1175 40 21 och
375 1177 14 19 4
404 1179 89 24 antogos
510 1179 50 18 utan
576 1176 126 21 diskussion.

247 1231 172 22 Vidkommande
433 1233 15 26 $
464 1234 14 19 5
493 1232 83 29 yttrade

244 1288 34 21 Hr
299 1288 24 21 L.
347 1288 156 22 Mechelin:
533 1289 10 20 I
567 1289 70 21 denna
660 1291 10 25 $
693 1291 23 20 är
736 1289 102 28 stadgadt
864 1291 134 26 »fullmäktig

176 1317 59 28 njute
258 1317 22 20 af
302 1317 33 20 sin
357 1317 132 21 hufvudman
512 1317 136 28 godtgörelse
671 1318 33 21 för
726 1318 56 22 hvad
805 1318 42 21 han
869 1319 32 21 till
921 1319 76 21 sakens

178 1345 125 20 bevakande
319 1345 112 26 rätteligen
447 1346 88 25 utgifvit
550 1346 40 20 och
606 1346 101 20 särskildt
722 1346 86 24 arvode,
824 1346 86 26 hvilket,
926 1347 38 20 der
979 1346 18 27 ej

176 1373 56 20 visst
247 1373 52 20 aftal
312 1374 23 19 är
349 1372 77 27 gjordt,
441 1373 54 20 skall
512 1373 126 20 bestämmas
654 1374 66 27 enligt
734 1377 70 18 taxa».
827 1374 43 21 Det
885 1376 23 19 är
919 1374 79 21 beträf-

176 1400 66 21 fande
258 1401 232 27 ändamälsenligheten
506 1401 40 22 och
562 1401 186 28 nödvändigheten
770 1405 31 18 att
816 1402 69 22 införa
900 1406 49 18 taxa
965 1403 34 20 för

175 1429 77 21 sädant
269 1429 103 26 ändamäl,
387 1437 46 13 som
447 1430 36 27 jag
497 1430 35 21 för
547 1431 42 20 min
605 1430 34 21 del
655 1430 67 22 mäste
737 1431 52 28 hysa
799 1431 137 22 tvifvelsmäl.
956 1431 42 29 Jag

175 1463 45 16 tror
234 1458 47 21 icke
297 1461 32 18 att
343 1457 28 29 pä
386 1458 65 21 andra
467 1459 148 21 motsvarande
630 1459 99 22 omräden
746 1460 22 21 af
783 1460 152 22 intellektuella
944 1461 55 28 tjen-

175 1490 46 18 ster
243 1487 138 21 utfärdandet
396 1487 23 20 af
433 1490 61 18 taxor
509 1491 80 18 ansetts
606 1496 50 13 vara
670 1488 23 21 af
708 1489 76 21 nöden.
814 1489 43 22 Det
872 1490 67 21 finnes
955 1491 43 20 vis-

176 1516 94 28 serligen
285 1517 6 20 i
307 1515 138 28 Helsingfors
461 1523 26 14 en
502 1516 155 29 tillstymmelse
680 1517 75 27 dertill,
771 1518 105 28 nämligen
892 1521 32 19 att
939 1519 59 21 kom-
