1089 1795
406 127 211 34 Hästutskrifningen.
671 149 6 6 .
837 127 54 21 1449

171 200 57 22 Frih.
243 201 28 21 O.
293 208 50 14 von
365 201 126 22 Hellens:
520 201 49 22 Den
584 202 6 20 i
606 202 52 21 sista
672 203 116 20 momentet
802 201 23 21 af
840 201 14 28 &
871 202 26 21 14
913 202 5 20 i

104 229 239 21 utskottsbetänkandet
364 229 104 22 ingäende
492 230 165 27 hestämningen,
678 237 34 13 om
734 232 32 18 att
786 231 134 26 guvernören

103 265 55 20 eger,
173 257 246 28 utskrifningsnämnden
442 258 32 21 till
497 258 87 25 biträde,
606 257 100 22 förordna
729 257 119 28 djurläkare
870 258 50 21 eller

103 293 70 14 annan
188 286 121 27 sakkunnig
327 293 82 20 person,
424 294 63 20 synes
502 286 44 28 mig
560 287 48 20 icke
622 286 50 21 fullt
686 286 92 28 lämplig,
792 289 51 18 utan
859 293 62 14 anser

103 314 35 28 jag
161 316 31 19 att
213 314 32 21 till
268 314 69 28 dylikt
359 314 81 21 biträde
462 314 59 21 alltid
546 314 65 21 borde
633 315 111 20 förordnas
768 321 25 14 en
809 315 112 20 veterinär.

103 342 81 27 Många
194 342 23 21 af
228 342 27 21 de
265 343 6 20 i
283 344 12 25 3
307 344 12 19 2
330 342 23 22 af
362 343 140 27 kungörelsen
514 343 108 28 angående
632 343 82 21 hästars
726 342 110 29 duglighet
846 350 18 14 o.
875 351 15 13 s.
902 351 19 12 v.

103 370 138 29 uppräknade
256 371 30 21 fel
301 371 41 21 och
357 371 122 28 sjukdomar
494 373 36 20 äro
546 371 124 28 visserligen
680 371 23 21 af
714 371 41 21 den
769 371 152 26 beskaffenhet,

103 402 32 18 att
155 399 73 28 hvarje
250 399 142 22 hästkännare
414 400 48 21 med
485 400 76 21 lätthet
582 400 42 21 kan
647 399 74 28 afgöra
743 407 33 14 om
796 407 25 14 en
837 399 47 22 häst
899 401 23 19 är

104 427 102 21 behäftad
228 428 47 21 med
299 427 48 22 dem
369 428 51 21 eller
442 428 53 26 icke,
516 436 48 13 men
579 429 6 20 i
601 428 70 21 denna
686 428 100 28 paragraf
800 429 122 27 uppräknas

104 455 64 21 äfven
183 456 50 20 flere
249 456 128 28 sjukdomar,
392 456 72 21 hvilka
479 456 105 28 svärligen
599 456 61 21 torde
673 456 71 20 kunna
754 455 167 27 diagnosticeras

105 484 22 21 af
142 491 26 14 en
183 491 83 21 person,
281 492 46 13 som
342 484 47 22 icke
405 486 23 20 är
443 486 111 26 veterinär,
569 484 54 22 huru
638 484 42 28 god
691 484 141 21 hästkännare
843 484 41 21 han
896 486 26 18 än

104 512 35 21 mä
153 520 56 14 vara.
233 512 114 22 Dessutom
363 514 23 20 är
401 512 102 22 behofvet
518 513 22 21 af
556 520 25 14 en
597 513 106 21 veterinär
713 512 37 21 vid
762 512 63 22 dessa
836 512 87 22 utskrif-

105 542 134 26 ningsmöten
264 542 66 27 enligt
351 542 42 20 min
416 542 55 27 äsigt
486 542 133 28 synnerligen
635 544 54 18 stort
704 540 27 29 pä
746 540 41 22 den
802 541 74 28 grund,
892 543 31 19 att

105 569 62 22 dessa
181 570 104 26 tillfällen,
300 570 36 21 vid
352 570 72 21 hvilka
436 578 26 13 en
477 570 77 28 mängd
570 570 72 21 hästar
656 569 48 21 frän
719 570 57 20 olika
794 572 56 18 orter
868 577 54 13 sam-

104 599 114 25 manföras,
241 598 160 28 otvifvelaktigt
422 598 67 22 måste
512 606 62 14 anses
589 600 7 20 i
612 599 33 27 sig
660 598 100 21 innebära
776 606 26 13 en
818 601 44 18 stor
877 598 46 21 fara

104 626 34 21 för
153 626 128 29 utbredning
297 627 22 21 af
334 628 153 20 smittosamma
502 627 127 28 sjukdomar.
654 626 32 22 Pä
700 627 69 27 grund
784 626 23 22 af
822 626 56 22 hvad
888 627 35 27 jag

104 655 47 21 haft
166 657 50 19 äran
231 655 112 22 framhålla
358 659 60 24 tager
432 657 35 27 jag
482 656 89 21 friheten
588 655 108 22 vördsamt
706 655 79 21 föreslå
795 658 31 18 att
837 663 25 13 ur
872 656 52 20 sista

104 687 117 18 momentet
237 684 65 21 orden
319 684 64 22 »eller
398 692 68 14 annan
482 684 120 28 sakkunnig
618 691 88 21 person»
724 684 68 20 skulle
808 683 56 29 utgå.

173 740 57 22 Frih,
245 748 51 13 von
311 741 86 21 Born:
426 741 70 21 Jemte
512 741 36 21 det
562 742 36 27 jag
613 740 140 22 understöder
765 740 57 22 Frih.
835 740 88 21 Wredes

104 769 128 28 hänvisning
253 769 32 21 till
300 770 166 25 reservationen,
481 770 37 20 ber
532 770 34 28 jag
582 772 30 18 att
627 772 44 18 mot
686 771 12 25 &
715 770 26 20 14
757 770 5 20 i
780 768 144 22 betänkandet

103 797 24 22 få
149 800 51 26 göra
223 798 65 28 några
311 798 168 28 anmärkningar.
509 798 46 22 Här
577 798 126 21 bestämmes
723 799 6 19 i
746 799 11 19 1
774 804 61 14 mom.
850 800 32 18 att
897 805 25 13 en

104 826 94 22 ledamot
220 828 7 19 i
250 826 247 28 utskrifningsnämnden
513 830 57 18 utses
586 826 23 22 af
623 828 133 26 guvernören
774 826 64 21 bland
853 826 71 26 dertill

105 855 104 27 skicklige
231 857 48 19 män
301 856 57 21 inom
378 856 61 21 länet.
468 856 42 27 Jag
528 856 38 21 har
579 855 65 21 redan
660 855 89 27 tidigare
765 855 81 28 antydt,
861 854 63 22 huru-

105 884 58 21 ledes
179 884 59 21 detta
253 884 68 21 skulle
337 884 93 21 etablera
446 891 24 14 en
487 892 28 20 ny
530 884 54 21 form
600 884 23 21 af
638 884 125 27 värnepligt,
778 883 47 21 frän
837 883 87 21 hvilken

105 913 47 21 icke
168 919 37 14 ens
221 913 26 20 de
263 914 36 19 äro
316 912 100 27 befriade,
430 913 72 21 hvilka
518 913 6 20 i
539 913 67 21 likhet
616 912 49 22 med
677 913 42 27 mig
731 911 127 28 längesedan
871 919 53 21 upp-

105 941 47 21 nätt
174 940 42 22 den
235 941 64 26 älder,
315 941 27 21 dä
357 949 48 13 man
420 941 48 21 icke
483 949 57 14 mera
554 941 71 21 tillhör
640 948 37 13 ens
693 940 161 21 landsstormen.
883 941 42 27 Jag

105 969 68 22 skulle
195 970 78 25 derför,
296 971 5 20 i
325 969 93 29 enlighet
440 970 48 21 med
503 970 56 21 hvad
574 971 35 27 jag
620 969 90 28 tidigare
724 969 68 28 yrkat,
808 969 55 21 hälla
878 969 46 20 före

106 1002 31 17 att
159 998 36 21 det
210 998 65 21 borde
291 999 58 20 heta:
367 998 75 21 »bland
458 998 69 21 dertill
543 998 104 28 skicklige
662 998 39 21 och
716 998 73 27 villige
805 999 47 19 män
868 999 56 19 inom

105 1027 77 21 länet».
211 1026 42 27 Jag
262 1034 37 21 ger
315 1027 66 28 enligt
395 1027 37 20 det
446 1027 68 28 gamla
529 1028 108 20 talesättet
651 1034 65 19 gerna
732 1025 49 22 Gud
798 1026 57 21 hvad
866 1026 60 21 Gudi

105 1055 94 21 tillhörer
215 1055 40 21 och
270 1055 104 22 militären
389 1055 57 21 hvad
462 1055 104 22 militären
581 1055 100 25 tillhörer,
696 1062 48 13 men
754 1055 36 27 jag
801 1054 67 21 häller
878 1055 46 20 före

106 1086 31 19 att
158 1091 48 14 man
225 1083 66 22 mäste
306 1083 95 22 undvika
416 1087 31 18 att
461 1084 74 28 tvinga
550 1083 138 28 medborgare
704 1085 31 18 att
750 1086 106 24 emottaga
871 1091 53 20 upp-

105 1112 59 28 drag,
179 1120 46 14 som
241 1112 72 22 kunna
327 1112 66 22 strida
408 1116 44 18 mot
467 1112 61 22 deras
539 1112 203 28 rättsöfvertygelse.
764 1111 10 21 I
787 1111 139 29 förbigående

105 1141 67 21 mäste
187 1142 35 28 jag
238 1141 65 21 ocksä
318 1141 100 21 anmärka
434 1144 31 18 att
479 1141 7 20 i
502 1141 65 21 andra
582 1141 112 27 meningen
707 1140 23 21 af
740 1147 80 14 samma
832 1143 94 18 moment

106 1170 43 21 står
174 1170 37 21 det
232 1173 31 18 att
287 1169 52 22 »den
363 1170 64 21 andre
446 1169 119 22 ledamoten
580 1171 24 19 är
619 1177 25 13 en
661 1169 22 21 af
698 1168 226 28 Generalguvernören

105 1198 31 21 till
152 1198 105 21 nämnden
274 1198 104 22 beordrad
393 1198 54 21 finsk
463 1198 93 22 officer».
581 1198 41 27 Jag
637 1205 61 13 anser
715 1198 66 20 finsk
796 1197 74 21 officer
877 1197 47 21 icke

106 1234 51 14 vara
179 1227 64 21 exakt
265 1227 52 21 eller
338 1226 150 26 uttömmande,
511 1230 50 18 utan
584 1226 66 22 borde
670 1226 36 21 det
721 1226 49 21 heta
788 1225 85 22 sofficer
887 1225 37 21 vid

105 1255 54 21 finsk
175 1258 84 24 trupp»;
274 1258 23 25 ty
312 1255 70 21 såsom
397 1255 67 21 kändt
478 1255 65 21 hafva
558 1256 21 20 vi
590 1254 77 28 många
677 1254 68 21 finska
755 1254 114 25 officerare,
879 1261 45 13 som

106 1284 57 28 tjena
185 1285 6 19 i
210 1284 157 28 Kejsardömet.
383 1296 27 3 —
426 1283 64 21 Hvad
507 1284 97 20 beträffar
626 1284 6 20 2
648 1283 40 21 och
704 1284 12 19 3
732 1290 61 14 mom.
809 1284 31 19 uti
856 1282 69 21 denna

120 1312 90 28 aragraf,
231 1313 22 20 så
276 1314 23 18 är
321 1312 90 21 medelst
430 1312 63 20 dessa
508 1314 98 24 moment,
622 1311 69 21 såsom
705 1312 35 26 jag
755 1311 64 21 äfven
834 1310 90 28 tidigare

105 1320 48 41 hate
175 1342 50 18 äran
248 1342 105 23 anmärka,
375 1340 107 21 etablerad
504 1347 26 13 en
553 1340 85 28 mycket
653 1339 107 28 vidlyftig,
775 1339 93 20 kostsam
885 1338 40 21 och

105 1367 114 23 invecklad
235 1371 88 24 apparat
338 1368 34 21 för
383 1367 106 22 vinnande
500 1368 22 21 af
534 1367 36 22 det
581 1367 63 22 enkla
653 1367 94 26 resultat,
757 1369 32 19 att
799 1374 26 13 en
836 1365 90 22 sålunda

105 1396 96 22 folkvald
218 1397 88 20 medlem
323 1396 69 22 skulle
406 1396 50 28 ingå
471 1397 31 20 uti
516 1395 254 28 utskrifningsnämnden.
799 1395 44 21 Det
857 1398 69 17 teore-

105 1425 57 20 tiska
184 1425 76 20 värdet
279 1425 23 19 af
317 1425 70 20 denna
401 1425 65 20 tanke
482 1425 37 20 vill
534 1425 35 26 jag
584 1424 48 20 icke
648 1423 99 26 bestrida,
762 1431 47 12 men
824 1424 35 27 jag
874 1430 51 13 vore

105 1452 35 21 för
162 1453 42 20 min
227 1453 40 26 del,
290 1452 70 21 såsom
375 1455 147 25 representant
536 1452 34 21 för
584 1451 220 25 landskommunerna,
820 1451 60 26 villig
895 1453 31 18 att

105 1481 98 29 uppoffra
225 1481 70 21 denna
317 1480 116 22 teoretiska
454 1479 76 27 fördel,
552 1480 54 21 blott
628 1480 22 21 vi
665 1481 6 19 i
687 1479 74 22 utbyte
776 1479 69 21 skulle
860 1479 65 20 vinna

107 1510 98 22 befrielse
227 1509 48 22 från
291 1509 26 22 de
333 1509 109 29 praktiska
457 1509 149 28 omgångarna,
621 1509 40 21 och
676 1509 35 28 jag
741 1508 106 22 hemställer
861 1507 64 22 huru-
