1084 1795
315 128 224 18 Folkskoleväsendets
551 129 148 21 befrämjande.
833 124 53 20 1271

96 198 28 19 än
145 199 32 19 att
196 196 25 21 få
235 197 60 26 intet,
310 197 50 21 ville
375 197 35 28 jag
425 197 56 21 dock
496 197 23 21 få
533 197 71 28 något.
633 197 42 28 Jag
690 197 69 22 skulle
774 198 34 21 för
823 199 42 20 min
882 205 36 14 en-

96 225 71 21 skilda
188 225 34 21 del
237 233 66 19 gerna
317 226 66 20 hafva
399 228 64 18 ersatt
478 225 61 22 ordet
556 226 104 21 »besöka»
677 225 48 21 med
743 227 136 27 »genomgå>,
895 230 23 23 ty

97 254 37 20 det
148 255 23 19 är
186 256 32 18 ett
233 254 87 21 allmänt
334 254 86 21 utbredt
435 254 81 27 oskick,
531 257 32 18 att
577 254 80 21 barnen
670 254 47 21 icke
728 253 54 22 blott
793 255 54 20 efter
856 254 62 28 gjord

95 282 99 21 anmälan
209 282 113 26 uteblifva,
337 285 50 18 utan
403 282 55 21 hvad
474 289 44 14 som
535 284 23 19 är
572 282 35 21 för
621 282 86 21 skolans
718 283 134 20 verksamhet
860 285 57 18 ännu

96 318 57 13 mera
169 311 106 25 störande,
289 311 48 20 icke
352 311 105 27 genomgå
472 311 81 25 skolan,
568 313 51 18 utan
635 311 61 27 skilja
712 312 32 27 sig
758 311 93 20 derifrån
863 311 55 20 efter

96 339 70 28 någon
189 339 76 21 termin
287 339 52 21 eller
360 339 64 28 något
445 339 74 26 läseår,
534 339 46 21 ofta
594 338 53 21 midt
663 339 6 20 i
684 340 110 20 terminen.
823 339 41 28 Jag
879 339 38 20 har

95 367 57 22 dock
175 367 23 21 af
216 368 109 27 praktiska
341 367 46 21 skäl
402 370 85 19 stannat
502 367 36 22 vid
554 367 109 28 uttrycket
680 367 112 27 »besöka»,
808 375 44 14 som
868 367 48 22 icke

96 396 66 21 heller
176 396 103 21 utesluter
294 404 26 13 en
336 396 65 28 något
416 397 108 27 strängare
538 397 105 26 tolkning.

164 425 42 26 Jag
227 425 67 21 måste
316 425 60 27 gifva
397 425 35 20 Hr
449 425 107 21 Mechelin
572 425 130 27 fullkomligt
716 427 48 23 rätt,
780 425 28 21 då
822 425 42 21 han
879 425 37 21 vid

94 453 172 28 öfvervägandet
281 453 22 20 af
320 453 69 20 denna
405 454 81 27 vigtiga
501 454 12 26 $
529 453 67 20 finner
610 455 32 18 att
657 453 82 28 syftet
731 449 12 36 i
752 454 165 25 reservationen,

95 481 89 22 likasom
200 482 65 21 äfven
281 481 79 22 verkan
380 482 21 20 af
415 481 129 28 densamma,
560 481 72 21 blefve
648 489 25 14 en
689 481 49 22 vida
754 483 66 20 större
833 481 85 22 effekti-

96 511 53 20 vitet
164 511 7 20 i
186 511 61 27 fråga
263 518 33 13 om
313 510 130 21 folkskolors
459 511 82 20 snabba
556 510 126 21 inrättande.
703 510 42 28 Jag
755 511 38 20 har
801 511 115 27 ingalunda

96 539 89 20 blundat
200 540 34 20 för
249 539 58 21 detta
322 538 134 22 förhållande
472 539 39 21 och
527 539 38 21 har
579 539 65 20 äfven
659 539 55 21 först
729 539 55 21 efter
799 541 71 26 moget
882 539 34 21 öf-

95 568 136 27 vervägande
247 568 64 27 vågat
325 568 61 27 gifva
397 569 33 26 $:n
441 575 26 14 en
479 568 66 21 sådan
554 567 119 22 vidsträckt
684 568 104 28 syftning;
800 575 46 14 men
858 567 57 22 hvad

96 597 34 28 jag
152 597 47 21 haft
222 597 54 20 klart
298 597 34 20 för
347 597 42 27 mig
405 599 22 18 är
442 599 37 24 att,
494 604 35 13 om
544 604 49 13 man
609 596 204 28 öfverhufvudtaget
827 596 51 22 ville
893 597 23 20 få

96 625 69 22 denna
180 626 35 27 lag
230 626 32 20 till
277 625 69 26 stånd,
361 625 24 21 så
400 625 68 21 skulle
484 625 40 21 den
541 625 67 20 blifva
623 625 95 21 effektiv.
740 625 42 27 Jag
792 625 38 20 har
841 625 75 21 tvekat

95 655 6 19 i
125 654 70 21 denna
217 654 62 27 fråga
300 653 39 22 och
355 654 76 21 tvekar
446 655 56 19 ännu
517 655 7 19 i
539 653 62 28 fråga
616 661 34 13 om
665 653 48 21 hela
728 653 70 21 denna
812 653 40 28 lag,
868 661 48 14 men

94 682 55 21 skall
171 683 122 20 densamma
316 683 84 20 komma
422 682 32 21 till
477 681 68 27 stånd,
566 681 24 22 så
604 681 68 22 måste
687 681 41 22 den
743 683 63 26 göras
822 682 94 21 effektiv.

95 711 44 21 Det
161 711 42 21 kan
226 711 48 21 icke
289 711 66 21 hafva
370 711 55 20 varit
440 710 131 21 Ständernas
586 711 91 27 mening,
692 711 40 20 och
749 711 37 20 bör
801 711 47 21 icke
865 718 51 13 vara

94 739 43 26 det,
151 743 31 18 att
197 740 66 27 skapa
279 747 26 14 en
321 739 80 22 vacker
415 739 57 28 skylt
487 742 31 18 att
533 739 70 28 hänga
615 747 44 20 upp
669 739 35 20 för
714 738 77 22 samtid
802 739 40 22 och
851 739 64 21 efter-

94 769 67 25 verld,
184 768 34 21 för
240 771 48 25 eget
309 768 50 21 land
383 768 39 21 och
441 768 35 20 för
490 767 131 22 främmande
637 767 79 26 länder,
731 767 37 21 der
784 775 47 14 man
847 768 68 21 skulle

94 798 46 20 visa
162 797 28 28 på
213 805 24 13 en
260 797 41 28 lag,
323 804 45 14 som
387 796 133 21 innefattade
542 796 178 27 folkskoletvång,
742 796 40 21 och
797 797 69 20 denna
882 797 34 27 lag

94 826 69 21 skulle
178 826 101 21 innebära
295 827 31 19 att
341 825 37 22 det
393 825 71 21 kunde
479 825 68 21 finnas
562 827 7 19 i
585 825 86 21 distrikt
685 825 28 26 på
728 824 86 22 distrikt
824 826 26 20 25
862 825 54 21 bild-

94 854 159 28 ningssökande
269 855 51 20 barn
336 867 26 2 —
379 854 69 21 såsom
464 854 34 28 jag
513 855 56 20 visat
583 855 6 20 i
604 854 158 21 reservationen
774 867 27 2 —
812 853 103 22 tusentals

95 883 52 21 barn
170 884 7 19 i
199 883 123 21 hundratals
346 883 129 25 kommuner,
496 885 50 18 utan
563 885 31 19 att
609 889 48 13 man
673 882 55 27 finge
744 889 26 14 en
785 882 55 21 enda
855 882 61 21 skola

94 912 31 20 till
149 911 63 21 stånd
235 911 27 28 pä
283 911 70 28 grund
375 911 22 21 af
420 911 69 21 denna
511 911 40 28 lag.
580 911 77 21 Denna
673 910 132 26 effektivitet,
820 918 46 14 som
880 911 36 27 jag

95 940 107 26 ästundar,
225 940 68 21 skulle
314 940 82 21 kanske
411 940 68 20 blifva
493 939 35 21 för
543 943 58 24 tung,
616 941 62 25 säger
692 946 54 14 man.
775 939 42 27 Jag
833 939 37 21 ber
884 941 32 19 att

94 969 24 21 fä
137 969 91 21 hänvisa
249 969 31 20 till
303 968 41 21 den
366 968 161 28 kompensation
550 969 35 27 jag
607 967 111 27 föreslagit
737 968 6 20 i
760 968 12 26 $
788 968 18 25 6,
822 967 40 21 och
877 967 38 21 vill

92 998 123 27 ytterligare
231 998 76 20 nämna
323 1000 30 17 att
369 996 36 21 det
420 996 66 21 finnes
506 1004 25 13 en
547 996 112 28 regulator,
674 995 27 28 pä
716 995 87 22 hvilken
818 996 34 28 jag
867 996 49 20 litar

95 1033 56 13 mera
167 1027 26 19 än
209 1025 28 28 pä
252 1025 152 28 obligatoriska
419 1024 130 29 statsbidrag
564 1024 68 22 under
642 1025 56 20 vissa
710 1024 154 26 förhällanden,
874 1024 41 21 och

95 1054 36 21 det
146 1056 23 19 är
184 1053 37 22 det
235 1054 62 21 enkla
312 1062 16 13 s.
343 1054 20 20 k.
379 1053 178 22 bondförständet
571 1053 28 28 pä
613 1052 78 22 landet.
720 1053 46 21 Blir
783 1053 80 21 bördan
881 1052 35 21 för

94 1086 59 24 tung,
174 1084 23 19 är
211 1083 35 27 jag
260 1082 127 28 öfvertygad
403 1090 33 13 om
453 1085 31 18 att
498 1082 133 21 föräldrarne
646 1081 77 28 sjelfva
738 1082 60 20 skola
813 1081 65 28 draga
893 1082 22 20 in

94 1112 47 20 sina
156 1111 151 28 anmälningar.
329 1111 34 21 Dä
379 1111 26 21 de
419 1110 23 21 fä
458 1111 62 21 dessa
530 1111 150 26 anmälningar,
690 1110 24 21 sä
724 1113 32 18 att
766 1112 51 26 säga
827 1110 89 21 tillbaka

95 1141 6 19 i
124 1140 95 28 följande
241 1140 34 21 års
299 1139 98 29 stegrade
413 1139 140 26 debetsedlar,
569 1139 55 21 skall
639 1138 37 21 det
690 1138 87 29 mycket
791 1139 41 20 lätt
846 1138 70 21 hända

93 1171 33 18 att
149 1169 172 27 anmälningarna
344 1168 47 21 icke
414 1168 84 21 komma
521 1171 31 18 att
569 1166 77 28 fortgä,
662 1167 39 21 och
718 1167 27 21 dä
760 1167 40 21 blir
816 1167 36 21 det
868 1166 48 22 icke

95 1200 71 25 tungt;
182 1204 47 14 men
245 1197 60 21 detta
319 1196 40 29 gär
373 1196 47 22 icke
436 1198 7 19 i
457 1196 134 22 folkskolans
607 1197 95 20 intresse.

163 1225 42 28 Jag
227 1226 38 20 har
287 1226 47 20 icke
349 1226 43 20 rätt
406 1228 32 18 att
452 1226 73 26 längre
540 1227 95 26 upptaga
649 1224 27 21 R.
690 1232 19 13 o.
725 1224 38 21 A:s
778 1224 31 20 tid
825 1224 48 20 med
890 1232 26 13 en

95 1254 67 27 fråga,
183 1262 45 13 som
244 1256 34 19 rör
293 1254 43 27 mig
351 1253 40 21 och
406 1254 148 28 landsbygden
570 1252 24 22 sä
608 1254 57 20 nära.
694 1252 42 28 Jag
752 1253 36 20 ber
803 1252 76 21 endast
894 1252 22 21 få

95 1283 130 21 understöda
247 1283 158 20 reservationen
428 1282 41 21 och
489 1282 64 28 yrkar
575 1282 29 28 pä
626 1281 49 21 dess
692 1280 118 28 antagande
812 1276 14 38 i
846 1281 71 21 stället

96 1311 34 21 för
145 1312 12 26 $
173 1312 18 20 3.

165 1367 34 22 Hr
213 1367 25 21 L.
253 1367 149 22 Mechelin:
418 1367 33 21 En
468 1367 121 21 diskussion
605 1367 7 20 i
628 1366 58 21 detta
702 1368 60 19 ämne
778 1366 41 21 kan
834 1367 22 28 ju
870 1366 47 21 icke

97 1395 67 23 hafva
187 1399 66 18 annat
275 1396 56 28 syfte
352 1398 26 19 än
401 1399 30 18 att
452 1395 24 22 få
491 1395 123 29 betydelsen
631 1395 41 22 och
687 1395 79 22 verkan
782 1395 22 21 af
819 1395 26 21 de
861 1395 57 21 olika

98 1425 109 26 förslagen
223 1425 127 27 preciserad.
379 1425 41 26 Jag
436 1425 37 18 ber
488 1425 47 18 med
552 1424 115 26 anledning
682 1424 22 19 af
718 1423 58 20 Frih.
790 1431 43 12 von
848 1424 69 19 Borns

96 1455 85 18 senaste
202 1452 98 28 yttrande
322 1452 24 21 få
369 1452 99 28 påminna
491 1451 72 21 derom
579 1454 36 23 att,
631 1453 38 18 när
684 1451 234 27 distriktsindelningen

96 1483 113 26 uppgöres,
231 1480 24 21 så
271 1481 38 20 bör
324 1480 74 21 dervid
413 1480 70 21 tillika
498 1479 66 21 redan
579 1479 134 26 bestämmas,
728 1479 53 21 hvar
796 1479 122 21 folkskolan

96 1511 8 20 i
119 1510 73 28 hvarje
207 1509 86 21 distrikt
308 1509 54 22 skall
377 1509 101 28 placeras.
509 1508 29 21 Sä
551 1511 24 18 är
589 1508 143 28 uttryckligen
743 1511 103 26 upptaget
856 1508 6 20 i
874 1507 44 21 för-
