1081 1792
212 130 53 20 1170
457 136 25 16 R.
495 140 18 12 o.
525 136 22 16 A.
560 136 56 16 1897.
641 136 24 16 14
677 135 47 21 Maj.

181 204 35 27 jag
231 203 42 21 kan
289 203 61 27 finna,
366 203 60 21 ordet
443 204 72 20 »icke»
533 204 88 20 kommit
635 204 21 19 in
673 203 22 21 af
705 204 93 26 misstag,
811 203 47 21 icke
874 203 48 21 bort
932 203 71 21 kunna

182 239 51 13 vara
255 231 118 21 hindrande
395 231 34 21 för
452 232 117 20 motionens
594 231 163 28 godkännande,
779 232 37 20 vill
843 232 35 28 jag
902 231 99 28 slutligen

182 260 65 21 hafva
263 260 102 21 anmärkt.

250 316 34 21 Hr
299 317 26 20 A.
340 316 189 21 Björkenheim:
545 317 42 27 Jag
602 317 37 20 ber
654 316 55 21 blott
723 319 31 18 att
769 316 22 21 få
806 317 75 20 förena
896 317 44 27 mig
954 317 48 21 med

182 345 41 21 den
246 346 52 20 sista
319 325 63 41 ärade
403 345 80 21 talaren
507 345 109 28 angående
632 345 119 21 återremiss
767 345 31 21 till
816 345 110 22 Utskottet
940 346 7 20 i
963 345 40 22 och

182 374 34 21 för
231 373 155 22 betänkandets
403 373 146 28 omarbetning
564 375 7 19 i
587 373 36 21 det
638 373 23 21 af
675 373 76 22 honom
769 374 128 21 omnämnda
912 374 62 28 syfte.

250 431 57 21 Frih.
323 431 139 21 Aminoff:
479 431 72 21 Ehuru
568 431 175 27 ovedersägligen
759 431 26 20 de
801 431 52 25 skäl,
868 439 45 13 som
930 431 26 21 de
971 434 31 18 tre

182 460 52 20 sista
249 459 64 21 ärade
328 459 93 21 talarene
437 459 76 26 anfört,
529 459 65 22 hafva
609 459 84 28 mycket
709 459 44 21 skäl
769 459 34 21 för
819 460 38 27 sig,
872 459 67 22 mäste
955 467 47 14 man

182 487 56 22 dock
253 488 109 28 medgifva
373 491 30 18 att
413 488 287 28 skjutsvingsskyldigheten,
711 488 97 22 fördelad
820 489 28 27 pä
857 489 49 20 hela
916 488 87 21 häradet

182 516 70 21 såsom
272 520 132 24 gemensamt
419 517 109 28 skjutslag,
543 517 65 20 redan
624 518 5 19 i
646 517 33 27 sig
693 517 50 27 sjelf
757 519 24 18 är
796 520 30 17 ett
841 517 85 28 mycket
940 520 63 25 tung-

181 545 49 20 rodt
253 545 40 21 och
313 545 123 21 inveckladt
451 548 84 25 system,
550 553 47 13 men
613 545 68 20 skulle
697 545 68 21 blifva
781 545 35 21 det
832 547 55 19 ännu
904 553 49 19 mer,
969 553 33 13 om

181 573 65 22 äfven
260 573 248 28 gästgifverihällningen
524 573 121 22 fördelades
661 573 28 28 pä
703 573 48 21 hela
765 573 94 22 häradet.
888 574 75 21 Redan
975 582 27 13 nu

181 602 67 21 finnes
270 602 37 21 det
329 603 7 19 i
359 602 25 21 de
407 609 61 14 norra
491 605 57 18 stora
568 603 151 20 kommunerna
735 610 26 13 en
776 603 89 20 tendens
881 606 31 17 att
927 603 76 28 frängä

182 630 202 29 skjutshällningens
406 630 125 21 fördelande
553 631 28 28 pä
602 631 93 25 häradet,
718 631 122 28 derigenom
862 634 31 18 att
908 631 96 21 kommu-

181 667 66 13 nerna
273 659 88 21 anhållit
387 666 33 13 om
448 662 31 18 att
505 659 77 28 sjelfva
609 659 22 20 få
657 659 62 21 sköta
745 659 197 28 skjutshällningen.
974 659 29 22 Sä

181 690 14 18 t.
212 695 31 14 ex.
259 687 38 22 har
321 687 87 28 Kuopio
431 687 76 22 härads
527 688 186 21 landskommuner
736 688 67 21 under
826 691 83 18 senaste
924 689 80 20 femärs

180 716 75 28 period
278 715 40 22 och
341 716 68 21 under
427 724 28 12 nu
471 716 110 28 pågående
596 716 77 21 ordnat
688 717 31 20 sin
735 717 165 28 skjutshållning
915 717 87 21 alldeles

182 745 119 20 oberoende
324 744 23 21 af
369 745 40 20 den
433 745 104 20 allmänna
559 745 208 28 mantalsräkningen
789 746 5 20 i
817 745 93 22 häradet.
940 746 62 21 Huru

181 773 86 28 mycket
289 773 86 21 enklare
399 773 40 21 och
453 773 76 21 lättare
544 773 119 21 ordnandet
678 773 22 21 af
715 774 190 27 skjutshållningen
922 776 6 19 i
944 774 58 21 detta

180 801 39 22 fall
242 803 28 25 är,
290 801 38 21 har
343 802 34 28 jag
393 801 46 21 haft
454 802 83 21 tillfälle
553 805 31 18 att
599 802 73 21 erfara.
703 802 115 22 Dessutom
833 804 75 27 tycker
922 803 34 28 jag
972 806 30 18 att

181 832 154 20 motionärerne
351 831 47 20 icke
413 830 47 21 haft
475 830 36 22 det
525 831 74 28 riktigt
610 831 55 21 klart
675 831 34 21 för
719 832 38 27 sig,
767 831 54 21 huru
833 832 60 20 deras
904 834 79 18 motion
995 833 6 19 i

181 859 113 27 praktiken
310 859 68 21 skulle
393 859 113 28 uppfyllas.
536 860 33 20 De
585 860 42 20 tala
642 863 14 17 t.
667 867 32 13 ex.
711 860 28 28 på
750 863 30 18 ett
791 860 60 21 ställe
862 861 6 20 i
878 861 123 20 motiverin-

180 895 40 20 gen
242 895 33 13 om
291 887 41 21 den
348 888 108 25 orättvisa,
472 895 45 14 som
532 888 139 28 uppkommer
687 888 121 28 derigenom
825 892 31 18 att
870 890 7 20 i
894 890 11 20 5
922 890 11 26 $
944 889 58 21 stad-

180 924 38 20 gas
240 919 32 18 att
294 916 157 27 kommunerna,
474 916 45 21 ifall
549 916 288 29 entreprenadfordringarne
866 919 36 19 äro
931 918 72 21 alltför

180 948 63 24 stora,
254 944 77 29 sjelfva
341 944 23 22 få
376 945 117 28 ombesörja
505 946 32 20 sin
548 945 164 29 skjutshållning
723 947 21 19 in
755 949 81 23 natura,
845 946 76 22 medan
932 946 70 22 denna

179 976 43 19 rätt
244 974 18 28 ej
283 974 128 20 tillkommer
433 974 99 21 kommun
554 974 57 22 hvad
632 974 249 28 gästgifverihållningen
898 975 104 21 beträffar.

181 1002 75 22 Denna
279 1002 101 28 rättighet
402 1003 50 27 vilja
473 1004 155 20 motionärerne
652 1011 28 13 nu
694 1004 109 20 utsträcka
819 1004 63 21 äfven
897 1004 32 21 till
944 1006 58 26 gäst-

180 1031 207 28 gifverihällningen,
410 1039 47 13 men
480 1032 52 20 huru
556 1032 58 21 detta
637 1032 67 21 skulle
727 1032 164 27 åstadkommas,
910 1033 41 21 kan
967 1034 35 27 jag

180 1060 48 21 icke
243 1059 74 21 förstå.
347 1059 82 23 Vidare
446 1060 40 20 kan
503 1068 47 13 man
567 1060 74 21 anföra
656 1063 37 23 att,
708 1060 27 21 då
751 1061 31 21 till
797 1061 68 28 grund
878 1062 35 20 för
924 1062 77 27 skjuts-

180 1088 186 28 hållningstungan
383 1088 70 21 såsom
469 1088 94 22 faktorer
577 1090 55 26 ligga
644 1090 101 20 mantalet
755 1090 40 20 och
807 1090 79 21 antalet
896 1090 105 21 ordinarie

180 1117 97 28 skjutsar,
300 1124 47 13 men
371 1117 116 21 emellertid
510 1118 32 20 till
564 1118 68 27 grund
648 1117 34 21 för
696 1118 256 28 gästgifverihållningen,
967 1126 34 14 om

180 1145 42 21 den
229 1145 94 21 fördelas
332 1145 27 28 på
368 1145 46 21 hela
425 1146 93 26 häradet,
529 1146 68 21 skulle
607 1146 56 28 ligga
675 1146 74 21 endast
760 1147 107 26 mantalet,
878 1147 123 28 derigenom

180 1174 45 21 ofta
248 1174 82 21 komme
354 1176 31 18 att
400 1174 78 28 uppstå
493 1174 40 22 den
549 1174 60 28 följd,
624 1178 31 17 att
671 1175 164 28 skjutshällning
850 1176 73 21 blefve
938 1176 63 28 älagd

180 1210 26 13 en
222 1202 100 21 kommun
339 1202 40 21 och
394 1202 222 28 gästgifverihållning
632 1203 27 28 på
669 1211 79 13 samma
757 1204 125 28 gästgifveri
894 1212 25 13 en
931 1212 69 14 annan

179 1231 108 25 kommun,
309 1230 86 22 hvilken
418 1231 113 27 olägenhet
551 1234 56 18 ännu
623 1232 68 21 skulle
706 1232 59 28 höjas
781 1232 28 29 på
824 1232 26 22 de
866 1233 82 27 ställen,
964 1233 37 21 der

179 1267 29 13 nu
229 1259 66 21 redan
318 1259 191 28 skjutshållningen
533 1262 23 19 är
575 1260 97 21 fördelad
693 1260 28 28 på
736 1261 37 21 två
789 1262 129 21 kommuner.
948 1262 52 20 Man

179 1288 42 20 kan
245 1288 124 26 visserligen
392 1290 51 25 säga
459 1291 30 17 att
504 1288 248 28 gästgifverihållningen
767 1291 24 19 är
805 1290 81 27 ganska
902 1291 99 20 orättvist

178 1316 105 26 fördelad,
305 1316 89 20 sålunda
410 1319 31 17 att
456 1316 40 21 den
513 1318 6 19 i
534 1317 66 27 några
615 1317 125 21 kommuner
755 1318 81 21 betalas
851 1318 86 28 mycket
952 1318 49 28 dyrt

179 1344 40 20 och
234 1344 6 20 i
256 1344 67 20 andra
338 1344 85 27 mycket
440 1344 73 27 billigt,
529 1352 47 13 men
591 1346 35 26 jag
641 1348 44 17 tror
699 1348 37 23 att,
751 1346 66 20 äfven
832 1353 34 14 om
878 1346 122 21 densamma

178 1371 69 21 skulle
268 1371 94 21 fördelas
382 1372 28 27 på
425 1371 47 21 hela
487 1372 94 26 häradet,
596 1380 47 13 man
660 1373 47 20 icke
723 1373 68 21 skulle
807 1374 71 27 uppnå
894 1374 40 21 full
948 1376 52 19 rätt-

178 1400 52 20 visa.
259 1399 42 28 Jag
322 1399 38 21 har
383 1401 6 19 i
413 1400 96 21 enskilda
524 1401 44 25 fall,
583 1400 28 21 dä
626 1401 37 20 det
678 1401 81 28 klagats
776 1402 106 27 deröfver,
897 1402 45 21 ofta
957 1410 43 20 nog

178 1428 110 28 upptäckt,
311 1430 32 19 att
357 1427 27 22 de
399 1427 56 28 höga
470 1429 116 27 utgifterna
601 1429 34 20 för
649 1430 248 29 gästgifverihällningen
914 1431 46 21 icke
976 1431 24 21 sä

178 1457 85 28 mycket
285 1457 70 21 berott
378 1456 27 28 pä
428 1457 107 21 bristande
551 1457 138 27 konkurrens,
705 1466 45 13 som
765 1459 24 21 af
803 1459 66 21 andra
884 1459 116 22 förhällan-

178 1485 47 26 den,
240 1488 14 19 t.
270 1493 32 14 ex.
317 1485 112 28 häglöshet
451 1485 38 22 hos
512 1486 151 22 kommunerna
686 1487 77 28 sjelfva
785 1490 32 19 att
839 1488 88 29 vidtaga
942 1489 57 21 vissa
