1084 1792
378 132 212 34 Hästutskrifningen.
810 135 53 21 1145

73 214 37 14 nas
126 206 116 22 emellertid
258 208 29 20 uti
303 208 41 21 den
360 208 49 21 nåd.
421 216 59 20 prop.
495 207 126 29 tillräckliga
632 210 106 26 garantier
748 216 76 20 genom
834 209 60 21 stad-

73 235 97 28 gandena
191 236 31 20 uti
240 236 11 26 $
268 237 11 19 6
295 243 33 14 om
345 238 64 20 sättet
423 236 34 21 för
472 237 159 21 bestämmande
646 236 24 22 af
684 237 141 29 medelpriset,
841 239 12 26 8
866 239 27 20 36

74 271 33 13 om
123 263 74 28 utbyte
212 264 24 21 af
250 264 119 22 utskrifven
384 264 47 21 häst
447 265 40 21 och
503 266 12 26 $
531 266 25 20 37
573 272 34 14 om
623 265 98 27 frivilligt
736 266 77 21 anbud.

144 291 84 22 Genom
250 292 63 21 dessa
335 293 140 21 betraktelser
489 293 96 21 kommer
599 294 36 27 jag
649 293 32 21 till
697 294 41 21 den
754 294 93 26 slutsats,
863 296 32 19 att

73 320 36 22 det
121 320 67 22 finnes
204 320 50 22 fullt
268 320 46 22 skäl
329 322 34 20 för
378 322 131 27 antagandet
522 324 31 18 att
565 321 37 22 det
614 322 23 20 af
645 321 113 23 Utskottet
768 322 126 22 utarbetade

72 349 104 28 förslaget
202 349 47 21 icke
277 349 56 21 skall
352 350 84 21 komma
459 353 31 18 att
511 350 22 21 af
555 350 185 28 krigsministeriet
761 350 132 29 godkännas.

72 378 82 21 Månne
176 378 22 22 vi
214 378 65 22 sedan
295 378 60 22 skola
370 379 71 21 kunna
457 379 80 28 hoppas
553 378 28 29 på
596 387 28 20 ny
639 380 132 28 proposition
786 380 33 21 till
833 380 62 20 kom-

72 407 77 21 mande
164 406 108 28 landtdag,
287 407 51 21 eller
353 407 54 21 skall
421 407 37 21 det
468 407 129 27 förfarande,
608 415 44 14 som
665 408 32 21 uti
709 416 29 13 nu
748 408 147 28 föreliggande

73 430 133 58 proposition
221 436 72 21 ställes
308 435 69 21 såsom
393 436 119 27 alternativ,
528 439 32 18 att
574 439 126 25 truppernas
712 436 66 22 behof
790 437 23 21 af
822 436 73 22 hästar

82 464 53 28 'ylles
151 464 90 21 medelst
256 465 130 27 regvisition,
402 464 83 21 komma
501 467 31 19 att
547 466 77 20 ersätta
639 464 41 28 lag.

140 492 70 21 Innan
225 493 34 27 jag
273 493 68 21 slutar
355 492 59 22 detta
428 493 48 20 mitt
488 493 136 28 andragande
639 493 41 21 och
695 493 75 21 medan
785 494 35 28 jag
836 495 56 19 ännu

72 520 38 21 har
126 520 67 26 ordet,
208 521 38 21 vill
260 522 35 27 jag
310 522 6 20 i
332 521 84 21 korthet
432 521 73 21 beröra
521 522 40 21 den
577 522 23 20 af
615 522 33 20 Hr
663 522 89 21 Pentzin
768 522 127 21 underteck-

74 549 55 21 nade
144 549 69 29 fjerde
228 550 165 26 reservationen,
408 550 118 28 utgörande
542 553 31 19 ett
588 550 65 21 skildt
664 550 82 28 förslag
752 550 35 22 för
794 551 38 27 sig.
853 550 43 28 Jag

72 578 68 21 mäste
163 578 28 21 dä
210 578 109 28 medgifva
342 581 31 18 att
392 578 59 22 detta
473 578 88 29 förslag,
582 578 101 28 jemtördt
702 578 49 22 med
766 579 130 25 Utskottets,

74 606 117 22 innehäller
213 614 26 14 en
262 607 34 21 del
316 606 106 22 lockande
445 607 96 28 punkter.
572 607 56 21 Hela
649 607 70 21 denna
742 607 23 21 af
785 608 49 28 mig,
849 607 46 21 ifall

74 636 160 28 propositionen
256 638 94 26 antages,
373 635 70 22 säsom
467 636 62 21 enkel
553 636 41 22 och
616 636 81 21 lättlöst
719 636 95 22 ansedda
829 636 68 28 fräga,

74 671 49 14 men
138 664 23 21 af
171 663 67 22 andra
247 672 77 20 genom
335 672 25 13 en
373 664 130 28 uppdrifven
513 664 112 28 inbillning
636 664 112 22 betraktad
758 664 71 22 säsom
837 666 60 20 inne-

74 692 94 22 bärande
190 695 58 19 stora
270 692 63 27 faror,
349 692 68 22 skulle
432 692 113 22 reduceras
560 693 32 21 till
608 700 27 14 en
648 693 156 28 anslagsfräga;
821 694 26 21 de
863 694 34 20 för

75 720 37 22 det
134 721 163 28 ifrägavarande
319 721 121 22 ändamälet
459 721 91 22 afsedda
564 722 100 21 hästarna
679 722 67 21 skulle
761 722 67 21 finnas
844 723 53 20 kon-

75 750 125 21 centrerade
216 750 28 28 pä
258 750 82 22 mindre
355 750 108 26 omräden,
478 750 137 28 hvarigenom
632 750 265 29 besigtningskommissio-

75 786 75 14 nernas
166 786 60 14 resor
241 778 105 29 betydligt
360 778 169 27 underlättades;
546 780 152 20 kommunerna
714 779 72 21 blefve
802 779 95 21 befriade

75 806 48 22 frän
139 807 27 21 all
182 814 85 21 omsorg
281 814 34 14 om
330 807 173 22 hästleveransen
519 808 41 21 och
570 808 95 28 priserna
676 808 128 21 bestämmas
816 808 27 28 pä
854 808 43 21 för-

76 835 63 22 hand.
169 836 51 21 Men
237 836 13 20 &
264 836 66 21 andra
345 836 61 22 sidan
423 836 96 22 vidläder
533 836 65 22 äfven
616 836 58 21 detta
687 836 81 28 förslag
780 837 119 27 väsentliga

75 864 83 26 brister,
173 867 55 19 mest
243 865 23 20 af
281 864 110 22 enahanda
405 868 39 23 art,
459 872 45 14 som
520 865 36 21 vid
574 865 120 22 Utskottets
710 865 86 28 förslag.
825 866 72 21 Aifven

78 893 66 28 enligt
167 893 59 22 detta
240 893 128 22 bestämmes
383 894 194 21 maximianantalet
592 894 77 25 hästar,
683 894 89 21 hvarför
786 896 30 19 ett
832 894 67 21 ökadt

78 921 65 22 behof
165 922 69 22 under
255 922 111 29 pägäende
388 922 47 29 krig
450 923 47 21 icke
513 923 42 21 kan
571 923 67 22 blifva
653 922 56 21 fyldt
724 923 132 22 annorlunda
871 925 28 19 än

77 959 77 20 genom
170 951 82 22 direkta
268 951 96 29 uppköp;
375 951 126 28 kontrollen,
512 959 45 14 som
568 952 35 21 väl
614 952 68 21 skulle
694 951 84 22 komma
788 954 31 19 att
831 951 68 22 hand-

77 979 76 22 hafvas
169 980 23 21 af
207 980 26 21 de
249 980 168 21 administrativa
433 980 181 28 myndigheterna,
630 980 72 21 blefve
715 980 112 22 försvärad
833 988 6 18 ;
850 980 50 21 fullt

77 1008 123 29 tillförlitlig
225 1010 82 27 garanti
336 1009 77 21 saknas
438 1009 35 20 för
499 1013 30 18 att
552 1009 26 22 de
602 1008 161 27 kontraherade,
784 1008 115 29 godkända

77 1037 100 21 hästarna
200 1037 61 22 skola
283 1037 84 22 komma
389 1040 32 19 att
442 1038 95 21 inställas
560 1038 41 21 och
617 1040 31 19 att
664 1037 26 22 de
706 1037 36 22 vid
758 1037 65 22 behof
838 1037 61 22 skola

78 1066 95 21 befinnas
188 1066 93 28 dugliga,
295 1066 139 28 hvarigenom
449 1073 26 14 en
492 1067 52 21 brist
559 1067 41 21 kan
616 1065 86 30 uppstä,
716 1073 46 14 som
777 1067 64 27 ingen
857 1066 42 21 kan

79 1094 86 28 åläggas
188 1097 32 18 att
241 1095 131 21 omedelbart
393 1095 62 28 fylla;
477 1095 26 21 de
525 1095 68 21 under
616 1095 89 21 fredstid
721 1095 67 28 dryga
808 1095 92 27 onödiga

78 1123 144 21 kostnaderna
243 1123 84 21 komma
349 1125 56 19 ännu
429 1123 75 22 dertill.
534 1124 84 21 Genom
634 1123 26 21 de
676 1123 177 28 inskränkningar
868 1123 31 20 uti

80 1151 158 28 eganderätten,
260 1152 73 21 hvilka
354 1151 128 22 kontrakten
506 1152 67 21 måste
591 1151 112 26 innehålla,
718 1151 71 22 kunde
804 1152 95 28 premien

79 1180 39 21 lätt
133 1179 68 22 blifva
216 1179 65 29 högre
297 1180 129 29 uppdrifven
442 1182 26 19 än
484 1180 118 22 beräknadt
616 1182 30 19 är.

148 1208 32 22 På
194 1209 70 28 grund
279 1209 23 22 af
317 1209 63 21 dessa
395 1209 181 28 omständigheter
590 1209 67 21 måste
672 1209 35 28 jag
722 1216 50 14 anse
788 1211 31 19 att
833 1216 68 14 reser-

80 1237 188 28 vationsförslaget
281 1237 48 22 icke
342 1237 65 22 heller
423 1238 41 21 kan
480 1241 93 25 antagas.

148 1266 116 21 Dessutom
278 1266 39 21 har
331 1266 24 21 af
364 1266 35 21 Hr
407 1266 129 27 Ehrnrooth,
544 1267 87 26 Robert,
644 1266 116 21 framstälts
773 1269 31 18 ett
813 1266 88 27 förslag,

80 1295 66 27 enligt
160 1295 83 20 hvilket
258 1295 121 27 egentligen
394 1295 111 28 ingenting
519 1296 7 20 i
541 1295 91 21 fredstid
648 1294 92 22 behöfde
750 1297 62 24 göras
822 1295 34 20 för
869 1297 32 18 att

80 1323 103 28 betrygga
198 1325 127 26 truppernas
342 1323 63 21 behof
421 1323 22 21 af
457 1323 72 21 hästar
539 1323 37 22 vid
586 1323 100 28 möjligen
697 1323 126 21 inträffande
833 1322 67 21 mobi-

79 1351 93 28 lisering,
195 1354 50 18 utan
266 1351 151 22 kommunerna
436 1351 69 22 skulle
519 1351 96 29 generelt
630 1351 86 28 åläggas
731 1354 32 19 att
777 1352 8 20 i
800 1351 101 22 händelse

80 1380 23 21 af
118 1380 144 27 mobilisering
277 1380 106 28 uppställa
398 1380 105 21 hästarna.

148 1408 34 21 En
205 1408 147 21 kombination
375 1408 22 21 af
419 1408 61 21 detta
494 1409 47 26 slag
555 1411 23 18 är
593 1408 85 26 mycket
694 1408 68 24 enkel,
778 1415 48 13 men
841 1408 60 20 detta

80 1435 80 28 förslag
175 1436 89 20 innebär
278 1437 57 19 ännu
349 1435 58 21 färre
421 1436 107 27 garantier
543 1435 34 21 för
588 1438 32 18 att
637 1435 125 21 leveransen
773 1435 67 20 skulle
851 1434 50 21 full-

80 1465 62 26 göras
162 1464 68 20 under
245 1463 41 21 den
301 1463 132 28 begränsade
448 1463 61 21 korta
524 1463 38 26 tid,
577 1463 67 21 under
658 1463 87 21 hvilken
761 1463 58 20 detta
833 1463 68 20 måste

81 1491 44 22 ske.
155 1491 80 22 Derför
256 1491 68 22 måste
341 1492 36 28 jag
393 1499 51 14 anse
461 1494 31 19 att
507 1491 66 22 också
588 1491 59 22 detta
662 1491 81 28 förslag
758 1491 61 22 faller
834 1491 69 22 under

82 1521 111 28 kategorin
209 1520 23 22 af
246 1520 55 27 dem,
315 1520 73 23 hvilka
403 1521 35 28 jag
453 1520 115 22 betecknat
582 1521 71 21 såsom
668 1521 126 28 oantagliga.
