1086 1795
203 139 55 20 1310
468 144 24 16 R.
505 149 17 12 o.
534 144 23 16 A.
569 144 55 17 1897.
649 144 22 16 19
684 143 48 20 Maj.

173 211 102 27 förelagd.
305 211 41 27 Jag
365 213 45 18 tror
424 211 86 28 frägans
526 211 83 28 slutliga
624 211 116 27 afgörande
755 211 68 20 skulle
838 211 65 20 vinna
918 210 28 27 pä
963 217 25 14 en

174 239 58 28 dylik
248 239 80 28 ätgärd.

241 296 56 21 Frih.
313 296 25 21 R.
354 296 26 21 A.
395 295 111 22 Wrede:
526 295 41 28 Jag
582 296 103 21 erkänner
700 295 34 21 väl
749 298 31 18 att
795 295 81 28 frågan,
892 303 44 13 som
956 299 33 17 ut-

173 326 38 26 gör
226 324 89 21 föremäl
331 324 33 21 för
378 324 70 21 denna
463 324 47 21 näd.
526 331 63 21 prop.,
599 326 23 18 är
637 323 47 22 utaf
698 324 134 27 synnerligen
848 324 90 21 svärlöst
954 324 36 21 be-

173 353 119 21 skaffenhet
314 353 40 21 och
376 355 31 18 att
428 353 36 20 det
478 353 86 27 förslag,
579 360 45 13 som
640 360 28 13 nu
684 352 114 28 föreligger
813 353 32 20 till
861 353 129 27 antagande,

173 382 104 21 måhända
298 383 7 19 i
327 389 27 13 en
374 381 51 21 eller
446 389 69 13 annan
538 381 67 28 punkt
620 381 71 21 kunde
707 381 42 20 tåla
764 381 132 28 förändring,
911 389 49 14 men
977 381 12 21 å

173 411 66 20 andra
255 410 59 21 sidan
330 410 67 21 måste
412 411 34 26 jag
461 410 83 21 ilikhet
555 410 48 21 med
619 410 34 21 Hr
663 409 100 26 Aminoff,
773 410 91 21 Torsten
876 410 56 21 hålla
943 410 46 21 före

173 441 31 18 att
220 441 30 18 ett
265 439 91 26 verkligt
372 438 64 21 behof
451 438 23 21 af
488 438 104 28 reglering
607 438 22 20 af
644 438 26 21 de
686 438 153 26 förhällanden,
851 438 87 21 hvarom
952 439 38 20 här

173 469 23 18 är
218 467 66 27 fråga,
306 467 119 26 föreligger,
448 467 40 20 och
503 467 68 20 dertill
588 467 65 20 behof
668 467 22 20 af
706 470 29 17 ett
750 469 59 18 snart
824 467 126 28 ingripande
967 467 22 20 af

173 495 167 27 lagstiftningen.
370 495 42 20 Det
427 495 66 21 finnes
509 495 103 28 nämligen
629 495 69 20 säsom
715 495 78 21 bekant
809 503 25 12 en
849 495 85 28 mycket
945 498 46 18 stor

173 523 78 28 mängd
267 523 72 29 dylika
354 523 113 21 samhällen
484 523 47 21 med
547 523 170 28 sammanträngd
729 523 131 28 befolkning,
871 524 117 21 särskildt
979 519 14 37 i

173 552 100 27 Wiborgs
296 553 39 24 län,
351 552 40 21 och
406 554 50 19 nära
471 552 38 21 vär
524 554 56 19 östra
595 554 63 25 gräns
673 552 67 21 finnas
756 555 57 18 stora
829 552 106 25 omräden,
951 552 38 21 der

174 581 84 20 marken
275 581 44 20 helt
334 581 39 20 och
389 581 65 20 hållet
468 584 103 25 upptages
587 581 23 20 af
625 581 114 20 villalotter
753 581 32 20 till
797 581 92 20 tusental
900 581 40 20 och
951 581 39 21 der

174 616 24 14 en
214 609 106 28 reglering
335 609 23 21 af
372 609 160 21 förhällandena
547 611 22 19 är
585 609 127 28 oafvisligen
727 609 23 21 af
767 609 100 21 behofvet
883 609 104 28 päkallad.

173 638 39 21 Ett
226 638 77 21 sädant
318 637 108 22 ordnande
443 638 22 20 af
480 638 62 21 dessa
556 637 154 26 förhällanden,
723 645 44 14 som
779 638 37 21 der
827 638 107 26 behöfves,
946 638 39 21 kan

173 666 48 21 med
244 674 28 13 nu
294 666 98 28 gällande
414 667 134 27 lagstiftning
567 667 48 20 icke
637 667 44 24 ske,
704 670 22 24 ty
746 667 26 20 de
788 667 138 26 stadganden,
942 675 44 13 som

173 695 131 21 förekomma
317 696 6 19 i
339 703 27 12 nu
381 695 98 27 gällande
495 695 39 28 lag,
550 697 35 19 äro
601 695 89 20 afsedda
705 695 34 21 för
754 695 26 21 de
796 695 61 21 enkla
873 695 115 21 förhällan-

173 723 47 26 den,
241 731 44 13 som
308 723 66 21 rädde
390 724 25 27 pä
431 723 152 28 landsbygden,
598 723 27 21 dä
641 724 61 27 lagen
718 723 106 28 stiftades,
839 724 40 21 och
895 731 39 20 ega
949 725 38 20 alls

173 753 64 26 ingen
251 752 134 28 tillämpning
400 752 26 28 pä
442 752 72 27 dylika
530 752 152 26 förhällanden,
697 760 34 13 om
746 753 73 20 hvilka
834 753 37 21 här
887 755 23 18 är
920 753 68 28 fräga.

172 780 42 27 Jag
228 781 39 20 har
282 781 65 20 ocksä
362 781 36 20 vid
413 781 160 27 genomgäende
588 781 22 20 af
625 781 42 20 den
682 781 47 20 näd.
744 788 60 21 prop.
819 781 40 21 och
872 781 116 21 betänkan-

173 808 36 21 det
228 809 71 20 funnit
320 812 30 17 att
365 809 36 20 det
416 809 121 28 lagförslag,
552 817 44 13 som
612 809 23 20 af
653 809 119 21 Utskottets
787 809 68 21 flertal
870 810 38 20 här
924 809 64 21 fram-

172 837 62 27 lagts,
249 837 38 20 bör
301 838 7 19 i
323 837 122 21 hufvudsak
462 837 70 21 kunna
547 837 130 28 godkännas.
706 837 40 28 Jag
763 838 36 20 ber
812 838 100 21 särskildt
924 841 31 18 att
965 838 23 21 fä

173 865 100 21 anmärka
288 869 57 17 emot
359 867 164 24 reservationen,
538 873 45 14 som
597 866 77 27 jemväl
689 866 38 21 här
743 866 70 21 blifvit
827 866 106 24 förordad,
947 867 41 20 den

173 893 171 28 oegentligheten
359 897 31 17 att
404 898 159 17 reservanterne
578 895 56 27 gjort
649 895 138 27 anmärkning
803 897 56 18 emot
871 897 79 19 tvänne
961 896 26 26 $$

172 923 7 19 i
194 922 143 28 lagförslaget,
352 930 47 13 men
416 922 36 21 det
467 922 88 21 oaktadt
569 924 47 20 icke
631 923 52 27 yrka
699 922 27 28 pä
741 923 90 27 ändring
846 923 23 21 af
884 923 62 21 dessa
962 924 26 26 $$

173 953 49 18 utan
246 950 27 28 pä
294 951 47 21 hela
362 951 148 27 lagförslagets
533 951 144 21 förkastande.
707 951 65 21 Detta
795 959 62 21 synes
879 952 42 28 mig
937 960 51 13 vara

173 979 50 28 föga
238 979 137 28 konsegvent.
406 980 70 20 Anser
490 988 47 12 man
553 980 26 20 de
595 980 22 20 af
632 984 159 17 reservanterne
802 980 126 22 framhällna
939 988 49 21 syn-

172 1008 119 27 punkterna
313 1008 91 27 förtjena
426 1011 31 17 att
478 1008 93 26 beaktas,
593 1008 24 21 sä
632 1016 51 13 vore
698 1008 37 21 det
749 1009 98 28 riktigast
863 1012 31 18 att
908 1009 80 21 äterre-

172 1037 84 20 mittera
271 1038 12 20 6
299 1036 40 21 och
355 1038 12 20 8
384 1037 25 27 $$
425 1036 22 21 af
462 1036 122 22 Utskottets
600 1037 134 21 betänkande
749 1038 32 20 till
796 1046 28 18 ny
839 1038 148 28 behandling
975 1032 17 38 i

173 1064 36 21 det
228 1065 62 27 syfte,
305 1072 46 14 som
366 1066 156 20 reservationen
538 1066 61 20 afser.
629 1065 41 27 Jag
686 1066 36 20 ber
737 1065 72 22 derför
824 1069 31 18 att
870 1066 23 21 fä
907 1066 81 21 föreslä

173 1096 31 18 att
218 1093 27 21 R.
260 1100 18 14 o.
293 1094 26 20 A.
335 1093 50 21 ville
400 1094 49 27 ingä
464 1095 6 19 i
486 1094 195 28 detaljgranskning
697 1094 23 21 af
734 1094 108 28 förslaget.

241 1150 56 21 Frih.
313 1158 48 14 von
376 1150 80 22 Born:
475 1150 42 29 Jag
532 1151 41 21 kan
588 1152 95 20 försäkra
700 1154 31 18 att
745 1152 36 28 jag
795 1152 128 21 ätminstone
939 1152 47 22 icke

172 1179 34 21 för
228 1180 42 20 min
293 1179 33 21 del
346 1179 80 21 känner
441 1179 69 28 nägon
526 1180 123 27 ömtälighet
663 1180 48 21 med
727 1180 115 28 anledning
857 1181 22 20 af
895 1181 41 21 den
952 1181 34 21 del

173 1207 23 21 af
210 1207 34 21 Hr
259 1207 125 28 Stjernvalls
400 1208 141 27 andragande,
556 1216 44 14 som
613 1208 88 21 innebar
711 1212 30 17 att
752 1209 235 21 Kommunalutskottet

173 1236 47 20 icke
236 1236 82 28 lyckats
334 1236 47 20 med
397 1236 69 21 denna
481 1236 66 28 fråga,
562 1237 83 28 lyckats
662 1237 78 21 bereda
755 1237 65 28 nödig
835 1238 114 28 utredning
964 1238 23 21 af

173 1264 131 26 densamma;
325 1267 22 25 ty
368 1264 76 28 frågan
466 1267 23 19 är
511 1266 54 20 efter
586 1266 41 20 min
649 1266 136 28 uppfattning
801 1266 22 21 af
838 1266 37 21 det
890 1266 52 28 slag,
957 1270 31 18 att

172 1300 56 20 noga
250 1296 58 24 taget
330 1292 92 22 hvarken
447 1293 69 28 någon
539 1294 78 21 komité
639 1294 50 20 eller
708 1294 69 28 någon
795 1295 125 27 tjensteman
937 1295 51 21 eller

172 1321 66 26 något
259 1321 201 26 landtdagsutskott,
482 1322 51 21 eller
552 1322 204 27 öfverhufvudtaget
770 1322 71 27 någon
856 1323 42 21 kan
914 1326 73 24 tränga

172 1348 32 21 till
227 1348 72 21 botten
321 1348 47 21 med
384 1348 127 28 densamma,
526 1350 63 20 innan
606 1350 21 20 vi
643 1350 22 20 få
680 1350 83 20 tillfälle
779 1353 31 18 att
825 1351 106 26 praktiskt
946 1351 42 20 till-

171 1376 70 28 lämpa
264 1376 69 21 denna
355 1377 39 26 lag.
424 1377 44 21 När
490 1385 46 13 man
553 1377 53 21 skall
622 1377 87 22 beträda
724 1381 31 18 ett
769 1382 48 24 nytt
832 1379 156 27 lagstiftnings-

173 1404 90 26 område,
284 1404 101 29 gestaltar
399 1405 33 28 sig
446 1405 65 21 saken
528 1405 28 27 så,
571 1408 31 19 att
617 1405 76 22 endast
708 1406 147 22 erfarenheten
871 1407 41 21 kan
928 1407 60 28 gifva

172 1433 39 21 full
226 1433 119 28 utredning.
374 1433 73 22 Skulle
462 1433 34 22 Hr
511 1434 113 29 Stjernvall
639 1435 102 28 uppgifva
751 1435 70 28 någon
832 1436 73 28 punkt,
916 1437 5 20 i
934 1437 54 20 hvil-

172 1462 41 21 ken
235 1462 114 29 utredning
371 1470 51 13 vore
442 1463 106 21 önskvärd
568 1463 40 22 och
625 1443 64 42 borde
704 1463 142 28 införskaffas,
861 1465 24 21 så
902 1465 37 22 ber
953 1466 35 28 jag

172 1491 21 21 få
214 1491 67 21 uttala
303 1494 31 18 att
355 1491 21 21 vi
398 1491 114 28 ingalunda
527 1494 56 19 ännu
597 1494 37 19 äro
649 1493 24 20 så
688 1492 59 29 långt
762 1493 77 22 komna
855 1495 6 20 i
878 1493 60 29 fråga
954 1502 33 13 om

171 1519 71 22 tidens
257 1520 114 29 knapphet,
386 1523 31 18 att
432 1521 47 20 icke
494 1521 100 21 särskildt
608 1521 243 28 Kommunalutskottet,
866 1530 45 14 som
926 1524 22 27 ju
964 1525 22 19 är
