1086 1792
217 138 55 21 1058
469 142 24 17 R.
507 147 17 11 o.
537 142 21 18 A.
572 143 55 17 1897.
652 142 22 16 12
687 142 47 20 Maj.

187 211 132 27 sträckning,
334 210 67 20 måste
416 209 27 21 de
459 209 80 21 utföras
555 210 55 21 efter
626 212 30 18 ett
670 209 106 28 möjligast
786 209 68 27 billigt
865 211 85 26 system,
960 208 47 22 d.ä.

187 238 144 29 smalspåriga.

255 267 72 22 Sedan
342 267 27 21 de
384 266 98 28 nordliga
492 266 148 22 stambanorna
653 266 56 21 inom
723 273 25 15 en
760 266 146 28 öfverskådlig
913 266 95 26 framtid,

187 297 70 22 såsom
276 298 21 19 vi
313 296 71 21 kunna
399 296 88 28 hoppas,
502 296 42 21 fått
558 296 33 21 sin
606 294 135 30 fulländning
756 295 41 22 och
812 295 40 21 den
868 294 63 22 södra
947 294 60 22 kust-

188 326 69 21 banan
273 325 97 22 slutförts
386 324 47 22 med
449 324 41 21 den
505 324 87 22 felande
607 324 77 21 länken
700 324 87 21 emellan
798 323 158 22 hufvudstaden
965 324 41 21 och

188 354 156 29 Hangöbanan,
360 353 33 21 stå
407 353 22 21 vi
444 353 57 21 inför
516 352 193 28 nödvändigheten,
724 353 51 21 eller
781 353 36 28 jag
827 352 34 22 må
873 352 65 22 hellre
949 355 58 25 säga,

187 383 56 21 inför
259 383 77 28 lyckan
351 385 31 18 att
396 381 24 21 få
435 381 58 28 börja
505 381 47 22 med
568 382 63 20 dessa
645 381 171 26 tillförselbanor,
828 389 48 13 men
888 381 27 28 på
927 389 80 14 samma

187 411 57 29 gång
260 411 77 22 blifver
352 410 36 21 det
403 412 31 19 ett
448 410 110 28 oafvisligt
572 410 70 21 vilkor
657 412 31 19 att
704 411 21 20 vi
735 410 69 21 lemna
813 410 41 21 den
864 409 65 22 breda
937 412 68 25 vägen

188 440 40 22 och
251 439 55 22 inslå
321 439 41 21 den
378 439 95 21 smalare.
502 439 42 20 Det
558 439 38 21 har
611 438 38 21 här
665 439 5 20 i
686 439 72 21 landet
773 439 97 21 skrifvits
887 439 40 21 och
941 439 66 20 talats

187 469 25 21 så
227 469 87 28 mycket
328 468 34 21 för
375 467 40 22 och
430 471 57 18 emot
502 467 62 22 dessa
579 467 137 28 smalspåriga
730 468 118 28 jernvägar,
864 470 31 19 att
905 469 35 27 jag
952 468 55 21 visst

187 499 48 20 icke
259 505 27 13 nu
308 497 76 20 tänker
406 495 86 22 dermed
508 499 94 25 upptaga
621 495 101 22 Ståndets
737 496 38 26 tid,
790 504 48 13 men
853 496 114 28 glädjande
983 497 24 20 är

187 527 37 20 det
245 525 118 22 emellertid
384 527 30 18 att
437 525 72 20 kunna
529 525 128 26 konstatera,
672 527 31 18 att
718 527 30 18 ett
763 525 99 27 märkligt
877 525 81 28 omslag
972 525 33 20 till

187 555 84 21 förmån
291 554 35 21 för
341 553 63 21 dessa
420 553 65 21 banor
500 553 39 21 hos
555 553 26 21 de
597 552 89 22 ledande
702 553 141 21 fackmännen
858 553 97 27 inträdt,
964 553 41 21 och

187 583 50 22 med
259 583 48 20 dem
328 582 54 21 skall
405 582 35 21 väl
460 585 59 18 snart
542 581 40 22 den
605 581 105 22 allmänna
725 582 113 28 opinionen
854 582 57 29 följa.
940 582 65 21 Annu

188 612 67 21 under
278 612 55 21 1894
355 610 33 22 års
410 610 103 28 landtdag
533 618 38 13 var
594 618 47 13 man
658 610 86 21 allmänt
759 610 24 21 så
798 610 74 29 afvogt
888 610 69 22 stämd
971 610 35 21 för

189 641 62 21 dessa
266 640 67 21 banor
348 641 36 25 att,
398 639 108 22 hvarhelst
522 642 30 18 ett
568 639 134 28 smalspårigt
711 640 185 28 jernvägsprojekt
905 639 102 28 uppstod,

188 669 37 21 det
240 671 76 26 genast
331 667 45 21 blef
391 667 164 22 tillbakavisadt.
585 667 29 22 Sä
628 671 14 17 t.
658 675 32 13 ex.
706 667 42 21 står
764 668 147 21 förkastandet
926 667 23 21 af
964 667 41 21 den

187 697 122 28 föreslagna
324 696 138 29 smalspäriga
476 695 194 29 Nykarlebybanan
686 695 34 21 för
735 703 33 14 oss
785 696 41 21 alla
841 698 58 19 ännu
917 697 7 20 i
942 696 65 20 friskt

187 727 77 20 minne.
294 725 35 21 Nu
351 724 38 21 har
410 731 49 14 man
481 724 64 21 redan
568 724 76 21 hunnit
667 724 23 21 sä
712 724 66 28 längt,
793 728 32 17 att
840 733 25 13 en
881 724 126 28 smalspärig

187 755 70 28 privat
277 755 89 27 jernväg
388 755 23 19 är
432 753 68 20 under
522 753 98 28 byggnad
636 753 41 20 och
699 755 32 18 att
744 753 51 20 flere
811 753 117 28 sädana
901 748 27 39 af
943 753 63 20 Jern-

188 783 159 28 vägsutskottet
368 781 107 22 förordats
498 781 31 21 till
550 781 122 22 erhållande
688 781 22 21 af
727 781 135 22 subvention.
887 783 65 20 Annu
975 784 32 18 ett

189 815 46 24 steg
250 811 37 25 till,
303 811 41 21 och
359 810 41 21 den
414 809 91 22 ledande
520 810 151 28 myndigheten
682 809 23 22 af
715 809 50 22 vära
776 811 165 28 statsjernvägar
952 810 53 21 skall

188 840 63 21 ställa
269 840 32 27 sig
316 846 88 21 gynsam
419 838 34 21 för
468 838 138 29 smalspåriga
622 839 170 27 statsjernvägar.
822 839 103 21 Kommer
939 838 66 21 sedan

189 871 56 19 ännu
261 868 40 21 den
317 867 121 28 föreslagna
447 863 109 37 Vesijärvi
582 867 84 21 Lovisa
675 867 137 29 smalspåriga
820 869 112 27 jernvägen
943 868 63 20 innan

188 900 61 19 nästa
265 897 142 21 ständermöte
422 895 32 22 till
469 895 69 28 ständ,
553 896 41 22 och
610 904 34 13 om
659 895 23 21 af
692 895 46 29 den,
748 897 71 21 säsom
831 897 20 21 vi
860 896 50 29 vilja
918 896 90 28 hoppas,

187 927 43 20 kan
246 926 55 21 klart
317 925 40 21 och
371 924 78 29 tydligt
463 924 88 28 framgä,
566 925 87 21 hvilken
669 927 44 19 stor
728 926 39 20 och
783 926 34 20 för
832 925 51 21 vära
893 925 113 21 förhällan-

188 955 41 21 den
253 953 200 30 tillfyllestgörande
477 954 62 20 trafik
560 961 26 13 en
608 953 65 21 sådan
697 953 55 21 bana
774 954 42 20 kan
836 954 101 28 uppbära,
953 953 54 21 huru

188 983 85 22 mycket
289 983 94 27 billigare
399 982 41 21 och
455 981 85 22 enklare
555 982 41 21 den
612 982 42 20 kan
670 982 126 28 exploiteras
809 982 40 22 och
859 982 53 22 huru
921 983 85 27 mycket

188 1012 96 28 billigare
309 1011 42 21 den
373 1011 42 21 kan
439 1010 86 29 byggas,
546 1010 28 22 dä
596 1010 54 22 skall
672 1010 63 22 äfven
759 1012 113 27 opinionen
896 1018 50 14 vara
961 1019 46 13 om-

188 1041 82 29 svängd
290 1041 33 20 till
345 1039 82 21 förmån
450 1039 35 21 för
502 1039 27 21 de
544 1039 138 28 smalspåriga
697 1040 148 28 jernvägarne;
861 1039 28 21 dä
903 1042 23 18 är
941 1040 65 21 äfven

188 1070 42 21 den
246 1070 94 21 säkraste
355 1068 96 28 grunden
466 1068 50 28 lagd
531 1068 33 21 för
580 1070 31 19 ett
625 1068 93 28 verkligt
727 1069 136 27 jernvägsnät
873 1070 6 19 i
890 1068 48 22 vårt
950 1068 57 22 land.

257 1098 52 21 Men
330 1100 58 18 utom
411 1099 30 18 att
464 1097 51 21 vära
529 1096 122 22 stambanor
666 1097 67 21 mäste
748 1097 116 21 förstärkas
880 1098 48 20 med
943 1098 62 20 dessa

189 1128 111 27 sugrötter,
315 1128 24 18 är
361 1125 36 21 det
416 1125 63 21 äfven
503 1125 22 21 af
545 1124 70 22 nöden
628 1127 31 18 att
674 1125 62 21 dessa
751 1133 81 13 samma
846 1126 122 21 stambanor
983 1126 23 20 fä

188 1156 34 21 sin
236 1154 140 28 fulländning.
405 1154 11 20 I
438 1154 59 21 detta
512 1153 101 22 afseende
628 1153 114 29 föreligger
757 1162 27 13 nu
800 1154 147 28 Regeringens
962 1154 46 21 för-

188 1184 46 28 slag
257 1192 35 13 om
313 1183 41 21 den
370 1185 71 18 vestra
456 1182 135 21 stambanans
606 1182 147 28 utsträckning
767 1183 33 20 till
814 1183 135 27 riksgränsen
965 1183 41 21 och

189 1212 187 22 Savolaksbanans
391 1210 136 28 förlängning
541 1210 33 21 till
588 1210 87 27 lisalmi,
690 1211 110 21 hvaremot
814 1211 41 21 den
874 1213 63 25 östra,
954 1211 52 21 eller

188 1241 107 21 Karelska
310 1240 67 21 banan
393 1240 47 21 icke
457 1246 36 14 ens
509 1239 89 21 kommit
612 1239 33 21 till
653 1239 35 21 del
698 1239 40 21 den
749 1240 23 20 af
782 1239 120 22 Ständerna
912 1240 93 28 begärda

188 1269 187 22 undersökningen
390 1267 35 22 för
440 1268 133 20 densammas
588 1267 128 28 utdragning
731 1268 32 20 till
778 1268 65 21 Pielis
858 1268 41 22 och
914 1269 90 21 Nurmis.

255 1296 139 22 Beträffande
410 1296 63 22 dessa
481 1296 65 21 banor
554 1296 61 21 torde
624 1296 42 21 alla
675 1297 77 27 partier
759 1296 85 22 komma
852 1300 31 18 att
890 1297 74 21 förena
972 1297 34 27 sig

188 1334 34 12 om
237 1325 187 26 nödvändigheten
440 1324 23 20 af
477 1324 165 21 Torneäbanans
657 1324 116 27 byggande,
786 1325 88 21 emedan
883 1326 122 20 densamma

188 1353 160 26 otvifvelaktigt
361 1352 94 21 kommer
470 1354 31 18 att
515 1351 24 21 få
553 1359 26 13 en
594 1355 45 17 stor
653 1352 109 28 betydelse
777 1352 49 22 icke
836 1353 89 21 allenast
935 1353 70 20 såsom

190 1389 26 14 en
231 1380 147 22 utförselbana
392 1380 34 21 för
441 1387 62 13 norra
517 1379 103 22 Finlands
636 1380 121 28 produkter,
772 1383 50 19 utan
838 1381 65 21 äfven
918 1382 7 20 i
940 1381 66 21 fram-

186 1410 59 21 tiden
261 1410 68 21 blifva
345 1416 26 14 en
386 1408 50 22 länk
451 1408 22 21 af
489 1416 26 13 en
531 1408 54 22 bana
600 1408 89 22 emellan
700 1408 40 22 den
752 1409 94 28 ständigt
856 1410 60 21 isfria
926 1409 80 22 norska

187 1439 77 21 kusten
288 1438 40 21 och
350 1437 108 29 Ryssland
481 1436 40 22 och
543 1436 89 22 sälunda
654 1437 23 21 fä
699 1444 25 14 en
744 1440 45 18 stor
805 1438 108 29 betydelse
929 1438 34 21 för
977 1446 26 13 en

187 1466 158 22 internationell
368 1466 125 22 samfärdsel
516 1466 90 21 nämnda
628 1466 74 21 länder
718 1466 94 22 emellan.
841 1467 53 22 Men
909 1467 95 21 deremot

187 1499 36 19 äro
245 1496 107 27 äsigterna
374 1494 85 29 mycket
481 1494 75 22 delade
580 1494 130 23 beträffande
725 1495 163 22 Iisalmibanans
903 1497 46 27 vigt
963 1496 41 22 och

189 1525 110 29 betydelse
318 1525 69 20 säsom
403 1523 114 22 stambana.
547 1524 66 28 Ingen
629 1524 38 21 har
682 1524 56 21 velat
754 1524 50 22 eller
820 1525 80 21 kunnat
914 1525 91 22 förneka
