1086 1798
207 132 54 19 1376
458 136 23 16 R.
495 141 17 11 o.
525 136 22 16 A.
562 136 54 17 1897.
640 136 22 16 21
676 136 47 20 Maj.

178 204 38 20 vill
238 203 93 27 tillägga,
354 206 31 17 att
406 203 36 20 det
466 203 67 28 bolag,
556 211 44 13 som
624 203 76 20 ordnat
719 202 69 21 denna
803 202 67 25 trafik,
886 202 65 27 sigtar
966 204 31 18 att

178 232 85 21 komma
277 232 32 20 till
325 231 93 28 Ladoga.
448 231 43 20 Det
505 231 38 22 har
555 231 66 22 också
631 231 94 28 placerat
736 238 26 14 en
773 230 80 28 ångbåt
863 230 28 27 på
901 230 96 21 Suvanto

178 261 37 27 sjö,
231 259 38 22 der
284 260 84 28 dagliga
384 263 57 18 turer
458 261 107 26 upptagits
583 261 3 19 i
603 259 145 21 kombination
763 259 48 21 med
822 259 132 27 ångbåtarna
966 259 31 20 till

178 288 115 23 Vuoksen:
317 296 47 13 men
388 288 68 21 denna
479 288 181 21 kommunikation
680 289 23 19 är
725 288 99 21 afbruten
847 287 23 21 af
885 295 25 12 en
926 287 71 21 lands-

177 321 107 24 transport
299 317 55 21 förbi
370 317 116 21 Kiviniemi
501 317 51 22 fors.
580 317 35 20 En
630 316 126 28 utvidgning
767 316 22 21 af
807 315 116 23 Vuoksens
933 315 64 22 kana-

178 347 87 27 lisering
276 346 109 21 förefaller
400 346 42 27 mig
457 345 73 22 derför
544 345 64 22 redan
624 345 22 21 af
661 335 214 32 förhandenvarande
883 344 115 22 förhållan-

179 375 41 20 den
243 374 44 22 helt
308 375 92 27 naturlig
421 374 40 21 och
485 382 62 13 anser
567 375 37 28 jag
626 374 254 27 kanaliseringsarbetena
894 373 103 22 härintills

178 406 77 25 ytterst
278 403 152 27 ofullständiga
451 403 40 20 och
514 403 118 28 olämpliga,
647 402 28 21 då
690 410 47 13 man
752 405 86 18 stannat
852 402 37 21 vid
904 402 93 21 tröskeln

179 432 40 21 och
240 432 47 21 icke
309 431 64 28 vågat
395 434 48 25 taga
465 435 69 24 steget
554 431 50 21 fullt
618 434 23 17 ut
656 431 41 22 och
712 432 54 27 stiga
782 431 61 20 öfver
858 431 94 21 tröskeln
967 431 32 20 till

179 460 94 28 Ladoga.
297 460 83 21 Genom
389 459 179 29 kanaliseringens
576 460 180 28 fullständigande
764 459 68 22 skulle
843 467 29 13 nu
884 459 114 22 Vuoksen-

179 489 96 21 området
301 489 84 20 komma
407 489 6 20 i
439 489 70 20 direkt
533 489 212 28 sjökommunikation
771 488 47 21 med
844 488 89 28 Ladoga
958 488 40 21 och

179 517 99 28 Ladogas
301 517 97 22 stränder
417 516 23 22 få
461 517 70 21 direkt
546 517 181 21 kommunikation
742 517 48 21 med
806 517 88 28 jernväg
908 517 28 28 på
951 518 48 19 när-

180 554 56 13 mare
258 546 43 21 håll
323 548 27 19 än
365 545 36 22 vid
418 546 122 26 Sordavala,
554 553 45 14 som
615 545 112 22 Utskottet
742 546 89 21 anvisat.
861 545 44 22 Vid
922 545 77 22 sådant

179 575 134 21 förhållande
327 575 40 20 och
382 574 27 21 då
424 575 35 28 jag
474 582 62 13 anser
550 577 31 18 att
596 577 31 18 ett
641 574 50 21 land
706 574 47 21 med
769 575 23 20 så
807 573 131 22 vidsträckta
953 576 45 19 vat-

180 603 89 28 tendrag
291 611 45 13 som
352 603 90 21 Finland
458 603 46 21 icke
518 603 65 21 borde
598 603 34 20 för
646 603 223 28 jernvägsbyggnader
884 603 115 21 försumma

180 633 104 26 naturliga
300 632 246 27 kanaliseringsarbeten,
561 639 46 14 som
622 632 27 27 gå
665 632 114 21 vinkelrätt
794 635 42 18 mot
846 633 153 27 jernvägstam-

180 669 78 17 marna,
280 660 24 21 så
325 660 66 28 vågar
410 661 35 27 jag
459 660 105 22 vidblifva
579 660 41 21 den
636 661 144 28 uppfattning,
795 667 45 14 som
856 661 6 20 i
878 660 37 21 det
929 661 22 20 af
967 660 32 21 Hr

180 697 43 14 von
244 689 111 28 Knorring
375 689 39 21 och
437 690 43 27 mig
499 689 167 21 untertecknade
682 689 210 28 petitionsmemorial
906 689 93 26 uttalats,

180 718 106 27 nämligen
309 720 31 19 att
362 717 37 22 det
418 725 50 14 vore
484 718 92 27 önskligt
591 721 31 18 att
637 725 25 13 en
679 717 132 28 underdånig
825 719 90 27 petition
931 717 68 22 skulle

180 746 73 21 aflåtas
277 746 80 26 derom,
379 749 31 18 att
432 747 143 28 kanalisering
597 746 23 21 af
641 746 103 21 Vuoksen
762 746 70 21 floden
847 747 7 20 i
870 746 48 21 dess
934 745 65 22 nedre

180 776 50 27 lopp
245 782 76 20 genom
336 775 118 21 Kiviniemi
469 775 44 20 fors
530 775 40 21 och
585 775 89 28 Taipale
692 776 64 19 ström
772 775 33 21 till
815 775 99 27 Ladogas
925 775 74 20 innan-

180 803 38 22 haf
233 806 83 19 snarast
331 804 81 28 möjligt
427 803 65 21 måtte
508 803 106 28 företagas
630 803 41 22 och
685 803 34 21 får
733 804 35 27 jag
783 803 72 22 derför
866 803 93 26 förorda,
969 806 31 18 att

180 833 25 20 R.
228 840 18 13 o.
267 833 26 20 A.
308 833 56 25 ville,
380 831 48 22 med
443 832 137 21 förkastande
596 832 22 21 af
633 832 123 21 Utskottets
772 832 62 27 kläm,
850 836 76 24 antaga
941 832 36 21 det
992 833 7 20 i

180 861 205 28 petitionsförslaget
400 863 107 26 upptagna
523 861 107 28 förslaget.

248 919 34 21 Hr
297 920 26 20 A.
338 919 24 21 L.
378 926 54 14 von
446 919 150 28 Knorring:
626 918 42 28 Jag
683 919 41 21 kan
739 920 48 20 icke
798 922 65 18 annat
873 920 26 20 än
909 918 91 29 beklaga

181 950 31 18 att
230 948 212 28 Jernvägsutskottet
457 951 63 23 egnat
535 948 69 21 denna
619 948 61 27 fråga
695 955 26 13 en
736 948 24 21 sä
774 948 51 20 liten
840 948 161 28 uppmärksam-

180 976 42 25 het,
245 984 45 13 som
311 976 135 28 synbarligen
470 977 147 27 framskymtar
638 984 77 20 genom
735 977 41 21 den
792 984 66 20 svaga
872 977 128 27 motivering

181 1004 111 22 Utskottet
314 1004 71 22 anfört
407 1004 27 28 pä
449 1004 54 22 sidd.
519 1006 12 20 3
550 1005 39 21 och
599 1000 16 37 4
638 1004 32 21 till
685 1005 48 21 stöd
748 1005 34 21 för
796 1006 37 20 sitt
848 1004 114 28 afböjande
977 1005 23 21 af

178 1033 214 27 petitionsförslagen.

248 1062 43 20 Det
305 1061 66 21 borde
387 1060 55 22 dock
457 1062 47 20 icke
519 1062 103 27 glömmas
638 1064 30 18 att
684 1061 70 21 denna
768 1061 61 28 fräga
844 1061 36 21 vid
898 1062 53 21 1885
965 1062 33 20 ärs

178 1089 103 28 landtdag
296 1090 66 20 redan
377 1097 38 13 var
430 1089 23 21 sä
469 1090 59 28 längt
542 1090 127 25 avancerad,
684 1093 32 18 att
730 1090 118 21 Ständerna
859 1090 94 21 uttalade
966 1091 33 27 sig

178 1118 33 21 till
226 1119 82 20 förmän
323 1118 34 21 för
373 1118 142 28 kanalisering
531 1118 21 22 af
566 1118 113 22 Vuoksen.
709 1118 72 22 Sedan
796 1118 49 21 dess
860 1118 38 21 har
908 1119 91 21 kanalen

179 1146 35 22 vid
239 1146 108 22 Paakkola
368 1146 44 21 fors
431 1147 126 21 tillkommit.
586 1147 44 21 Det
645 1148 23 20 är
683 1147 36 21 det
734 1147 68 21 första
818 1150 69 24 steget
902 1148 40 20 och
957 1147 41 21 den

178 1176 145 28 konsegventa
339 1175 150 28 utvecklingen
505 1176 23 21 af
542 1176 78 20 tanken
637 1175 37 21 bör
689 1176 83 21 säledes
787 1176 47 20 icke
845 1176 154 28 undanskjutas

177 1204 28 27 pä
226 1204 24 21 sä
265 1211 67 20 svaga
347 1204 66 20 motiv
428 1212 45 13 som
489 1204 32 26 de,
537 1204 73 22 hvilka
619 1204 210 28 Jernvägsutskottet
846 1208 70 18 ansett
932 1205 67 28 lämp-

177 1232 40 28 ligt
238 1232 108 21 framföra.
375 1232 35 20 Då
432 1240 47 13 man
503 1234 6 19 i
529 1232 58 22 detta
603 1232 48 22 land
667 1233 38 21 har
720 1232 95 22 förordat
829 1233 171 21 kanaliserandet

178 1262 21 20 af
215 1260 104 22 särskilda
335 1260 132 29 vattendrag,
482 1261 24 21 sä
521 1265 43 17 tror
578 1262 36 27 jag
629 1265 31 17 att
673 1269 49 14 man
733 1262 6 21 i
750 1261 23 21 få
783 1261 44 26 fall,
838 1261 80 22 kanske
929 1263 6 20 i
946 1263 53 20 intet

177 1290 47 20 haft
247 1289 23 22 sä
293 1290 35 20 väl
349 1289 109 28 grundade
482 1290 46 21 skäl
543 1293 32 18 att
588 1289 60 28 gifva
664 1291 36 20 sitt
715 1290 115 21 understöd
846 1291 22 20 ät
883 1291 117 27 företagen,

178 1325 45 14 som
246 1318 33 26 de,
300 1317 72 22 hvilka
396 1326 28 13 nu
446 1318 71 21 kunna
539 1318 103 28 äberopas
666 1319 40 20 och
722 1318 112 28 äberopats
856 1319 32 20 till
903 1319 48 21 stöd
967 1319 33 21 för

177 1345 118 22 Vuoksens
311 1345 148 27 kanalisering.

245 1373 71 21 Jemte
332 1373 36 20 det
382 1374 36 27 jag
433 1373 93 20 biträder
541 1373 36 21 det
592 1374 82 27 sakliga
691 1375 5 19 i
706 1373 33 21 Hr
750 1374 106 28 Ramsays
866 1375 134 27 motivering,

177 1401 95 22 anhäller
292 1401 35 29 jag
350 1401 23 21 fä
394 1401 131 21 understöda
546 1401 147 29 slutyrkandet
716 1402 50 21 eller
782 1403 218 27 petitionsklämmens

178 1430 124 29 antagande.
332 1430 42 28 Jag
399 1430 66 28 vågar
487 1430 55 21 dock
564 1431 47 21 icke
634 1431 81 29 hoppas
737 1433 31 19 att
792 1431 36 22 det
850 1431 54 22 skall
928 1432 73 21 kunna

178 1459 155 29 ävägabringas
357 1462 30 18 ett
409 1459 157 22 ständerbeslut
588 1459 36 22 vid
647 1459 70 22 denna
738 1459 108 30 landtdag,
871 1461 69 21 meni
959 1461 41 21 alla

179 1489 38 20 fall
233 1490 22 19 är
270 1488 37 21 det
322 1489 23 21 af
359 1489 46 28 vigt
420 1489 33 20 för
468 1488 87 29 frägans
571 1489 101 21 framtida
684 1489 128 29 behandling
825 1493 31 18 att
866 1490 25 21 R.
902 1497 18 14 o.
930 1491 27 20 A.
972 1498 28 13 nu
