1092 1792
304 140 219 18 Folkskolelärarenes
536 140 153 18 löneförmåner.
825 134 55 21 1021

88 211 62 19 extra
165 208 147 27 lönetillskott,
327 216 44 14 som
388 209 47 21 icke
450 209 67 21 heller
530 210 56 28 finge
601 209 89 22 inverka
705 209 28 28 på
743 209 105 22 lärarenes
859 216 52 21 pen-

87 237 174 21 sionsförmåner.

158 293 34 21 Hr
213 293 123 21 Alexander
357 293 142 21 Aminoff:
529 294 33 21 Då
578 294 25 21 R.
619 301 18 14 o.
652 294 26 20 A.
693 294 132 21 behandlade
841 294 69 21 Stats-

88 321 117 22 utskottets
225 321 135 22 betänkande
376 321 110 28 angående
501 321 222 28 folkskolebudgeten,
739 322 54 21 hade
808 323 35 27 jag
859 323 50 20 äran

87 352 34 19 att
136 351 70 20 såsom
222 351 42 20 min
280 350 55 28 åsigt
350 351 72 25 uttala,
437 353 32 18 att
483 351 35 28 jag
532 351 50 21 fullt
597 351 201 21 öfverensstämmer
808 350 49 21 med
867 350 43 21 den

89 378 66 22 ärade
170 379 142 28 petitionären
328 379 6 20 i
349 379 181 28 Borgareståndet
540 379 134 26 derutinnan,
684 382 31 17 att
725 379 185 21 folkskolelärare-

90 407 138 28 personalens
244 407 28 28 på
286 407 74 22 landet
374 407 156 22 löneförmåner
545 410 36 19 äro
597 408 87 21 alldeles
699 407 35 22 för
749 407 50 22 små.
829 407 44 22 Det
887 409 23 20 är

89 437 45 27 mig
156 436 72 21 derför
251 439 30 18 ett
304 436 118 29 uppriktigt
444 437 48 28 nöje
513 440 31 17 att
559 445 28 13 nu
602 437 7 21 i
625 437 67 21 likhet
706 437 47 20 med
770 436 57 21 Frih.
843 437 26 20 R.
884 437 25 20 A.

89 464 81 22 Wrede
189 465 24 21 få
231 465 107 28 tillstyrka
357 468 31 18 ett
403 465 59 22 bifall
479 465 31 21 till
525 465 192 29 Borgareståndets
732 465 132 29 inbjudning,
880 468 30 18 ett

90 493 60 22 bifall
174 497 50 18 utan
247 494 41 21 alla
310 493 110 22 förbehåll.
449 494 58 22 Frih.
530 494 78 22 Wrede
624 495 77 21 väckte
716 494 36 21 vid
768 494 37 21 det
820 494 89 25 tillfälle,

87 523 38 27 jag
139 522 56 21 hade
214 525 50 19 äran
286 523 100 28 påminna
407 531 40 18 om,
463 526 31 18 ett
508 523 81 28 förslag
603 531 33 13 om
653 526 31 18 att
699 523 119 21 Ständerna
833 524 7 20 i
855 530 54 13 sam-

91 551 55 21 band
167 551 49 21 med
238 559 26 13 en
283 551 99 22 anhållan
397 559 34 14 om
446 552 123 27 förhöjning
583 552 23 21 af
620 551 215 22 folkskolelärarenes
850 551 60 21 löner

88 579 104 28 derjemte
213 580 68 21 skulle
296 580 51 28 ingå
361 580 48 21 med
425 580 92 28 begäran
533 588 34 13 om
583 583 30 18 att
628 581 133 27 Regeringen
777 580 68 21 skulle
860 583 50 24 taga

89 609 70 20 under
174 609 142 28 ompröfning,
341 608 105 22 huruvida
471 610 47 20 icke
539 611 67 19 större
626 608 197 29 kompetensvilkor
844 609 66 20 borde

90 637 24 21 af
134 637 302 28 folkskolelärarepersonalen
455 637 89 22 fordras.
573 637 44 22 För
638 639 43 20 min
696 637 35 22 del
747 644 61 15 anser
823 638 40 27 jag,
879 639 31 18 att

91 665 76 28 frågan
190 666 39 21 bör
250 666 108 21 bedrifvas
381 667 7 20 i
410 673 26 14 en
458 674 70 13 annan
550 667 97 26 ordning.
676 666 41 27 Jag
732 673 62 14 anser
809 665 36 22 det
859 673 52 14 vara

88 694 143 28 ovilkorligen
246 694 133 28 nödvändigt
394 697 30 18 att
439 695 76 28 frågan
531 703 34 13 om
577 695 171 28 löneförhöjning
758 695 55 20 först
825 694 84 28 afgöres

88 723 43 22 och
152 726 32 18 att
206 731 26 13 en
255 723 170 28 löneförhöjning
449 723 22 21 åt
492 723 303 28 folkskolelärarepersonalen
811 723 99 25 beslutes,

90 752 72 21 förrän
178 751 37 22 det
229 751 41 22 kan
287 752 68 21 blifva
369 751 61 28 fråga
445 759 33 14 om
494 755 32 18 att
540 753 34 21 för
588 751 49 22 dem
651 752 106 28 uppställa
772 751 66 28 något
853 751 56 28 slags

90 780 69 22 ökade
180 780 122 28 fordringar
321 781 28 28 på
371 780 97 28 bildning
487 781 40 21 och
546 781 127 28 kunskaper.
702 781 42 28 Jag
758 788 63 14 anser
835 780 36 21 det
886 780 24 21 så

90 809 86 28 mycket
200 816 58 13 mera
282 817 45 13 som
354 808 37 22 det
414 817 64 20 synes
505 811 43 26 mig
573 817 50 14 vara
648 809 87 22 alldeles
760 809 97 28 omöjligt
879 811 31 18 att

88 838 64 21 ställa
173 845 44 20 upp
240 841 57 17 stora
318 837 127 28 fordringar,
467 838 28 21 då
516 846 48 13 man
587 837 123 28 derigenom
733 837 76 22 endast
830 837 80 21 kanske

90 866 84 21 komme
197 865 86 27 derhän,
302 869 31 18 att
352 873 48 14 man
421 866 69 21 skulle
510 867 63 21 locka
588 867 21 20 in
626 866 85 21 bildade
726 873 101 21 personer
841 865 28 29 pä
884 873 26 13 en

91 894 59 26 bana,
171 893 39 22 der
227 901 48 14 man
292 894 75 28 bjuder
382 894 47 21 dem
446 902 25 13 en
487 894 35 22 lön
538 894 66 22 sädan
621 897 30 18 att
667 894 26 21 de
709 894 55 22 dock
779 894 48 22 icke
843 894 68 21 skulle

89 923 75 21 kunna
186 922 86 22 dermed
296 923 84 21 komma
402 923 32 21 till
457 925 61 19 rätta.
547 923 42 29 Jag
611 923 78 21 tillåter
704 924 44 27 mig
762 922 70 22 såsom
848 922 63 28 sagdt

89 952 89 21 förorda
193 954 31 18 ett
240 951 58 21 bifall
314 952 33 21 till
362 952 193 28 Borgareständets
571 952 132 28 inbjudning.

159 1009 35 21 Hr
213 1009 51 22 Uno
284 1009 153 21 Lindelöf:
467 1009 12 21 1
494 1012 88 19 motsats
597 1010 32 20 till
645 1009 41 21 den
701 1008 130 29 föregäende
847 1008 63 22 ärade

89 1038 83 22 talaren
188 1038 66 27 vägar
268 1039 36 27 jag
319 1040 100 19 motsätta
429 1038 44 28 mig
483 1038 130 28 antagandet
623 1038 23 21 af
657 1038 153 28 inbjudningen
821 1039 7 20 i
841 1038 71 21 denna

89 1067 63 21 form.
182 1067 65 21 Detta
265 1067 81 28 förslag
361 1067 89 21 innebär
465 1074 25 13 en
507 1067 95 21 bestämd
617 1067 104 21 afvikelse
737 1066 48 22 frän
801 1068 110 27 principen

91 1098 33 18 att
145 1096 43 20 lika
211 1096 72 20 arbete
307 1096 38 20 bör
366 1095 23 21 fä
411 1096 43 20 lika
469 1096 41 25 lön,
525 1096 86 21 hvilken
628 1096 85 28 princip
728 1096 35 27 jag
778 1095 67 21 mäste
861 1102 50 14 anse

92 1132 51 13 vara
157 1124 139 28 välgrundad.
320 1124 82 22 Vidare
418 1126 24 19 är
456 1125 35 27 jag
503 1124 48 22 icke
566 1124 127 28 öfvertygad
709 1132 34 13 om
758 1127 31 18 att
804 1127 30 18 ett
849 1124 62 21 verk-

92 1152 39 28 ligt
154 1152 66 22 behof
242 1152 123 28 härigenom
388 1153 60 21 alltid
470 1153 69 21 skulle
561 1153 130 27 tillgodoses,
714 1152 28 21 dä
764 1152 47 22 icke
830 1152 81 28 hänsyn

91 1184 61 25 tages
174 1182 32 20 till
229 1181 257 28 familjemedlemmarnas
508 1182 63 20 antal.
603 1181 44 21 Det
669 1183 23 19 är
711 1181 22 28 ju
757 1188 25 14 en
807 1181 105 27 väsentlig

91 1210 86 21 skilnad
192 1210 76 21 mellan
284 1213 32 17 att
330 1209 124 22 underhälla
470 1218 26 13 en
512 1210 67 28 familj
595 1210 116 21 bestäende
727 1209 23 21 af
765 1217 25 13 en
807 1209 51 21 eller
874 1209 38 21 tvä

92 1246 101 20 personer
208 1239 50 21 eller
274 1246 26 14 en
316 1238 66 28 familj
398 1239 23 21 af
436 1240 74 20 9—10.
534 1238 80 22 Likasä
628 1241 60 25 tages
703 1238 39 21 här
755 1238 65 28 ingen
830 1238 81 28 hänsyn

90 1267 34 21 till
148 1268 84 27 privata
257 1267 314 28 förmögenhetsförhällanden.
605 1267 35 21 En
665 1266 175 22 folkskolelärare
863 1266 49 21 med

91 1295 67 29 familj
182 1296 42 20 kan
248 1303 51 14 vara
320 1295 155 29 jemförelsevis
498 1296 34 21 väl
551 1295 85 28 bergad,
652 1303 26 13 en
693 1302 70 14 annan
778 1298 52 18 utan
845 1295 66 27 familj

92 1324 52 21 eller
159 1324 48 21 med
223 1324 82 22 mindre
320 1324 67 21 sådan
402 1324 60 21 svårt
477 1324 107 22 skuldsatt
598 1324 49 21 från
663 1325 32 20 sin
711 1323 109 22 studietid.

161 1353 105 27 Slutligen
289 1354 41 20 kan
353 1353 35 27 jag
409 1353 48 21 icke
479 1352 112 22 underlåta
613 1355 31 18 att
659 1352 112 21 framhålla
786 1355 31 17 att
832 1353 6 19 i
854 1352 58 20 detta

92 1380 81 29 förslag
188 1381 93 21 indirekt
296 1381 118 28 inneligger
429 1384 31 18 ett
474 1382 58 27 slags
547 1381 58 22 skatt
620 1381 28 28 på
662 1381 121 27 ungkarlar,
798 1380 40 21 och
854 1380 58 21 detta

91 1411 25 19 är
130 1416 26 14 en
172 1410 62 25 skatt,
250 1418 34 12 om
299 1410 64 21 hvars
380 1410 146 26 berättigande
541 1417 48 13 man
605 1409 42 21 kan
663 1409 52 27 hysa
731 1409 56 21 olika
798 1410 115 25 meningar.

91 1436 56 22 Lika
162 1437 134 28 öfvertygad,
311 1445 45 13 som
372 1437 35 28 jag
421 1445 39 13 var
475 1445 33 13 om
524 1436 171 22 önskvärdheten
711 1436 23 21 af
749 1439 31 18 att
790 1436 49 28 höja
849 1436 63 20 lönen

92 1466 35 20 för
142 1465 41 21 alla
198 1465 183 26 folkskolelärare,
396 1478 25 2 —
439 1465 41 21 och
494 1466 36 27 jag
544 1465 61 28 afgaf
620 1466 42 19 min
678 1466 45 19 röst
737 1465 33 20 till
785 1464 83 21 förmån
879 1464 34 20 för

90 1494 60 21 detta
165 1494 81 28 förslag
261 1507 27 2 —
304 1494 43 21 lika
363 1493 110 28 obenägen
488 1495 24 20 är
526 1494 35 28 jag
575 1495 31 20 att
618 1493 118 21 hörsamma
748 1493 71 21 denna
828 1491 85 29 inbjud-

92 1523 57 28 ning,
165 1523 40 21 och
228 1523 28 21 då
277 1523 26 22 R.
326 1531 18 13 o.
368 1523 26 21 A.
416 1523 49 20 icke
487 1523 42 21 kan
551 1522 77 28 frångå
648 1523 37 20 sitt
700 1522 57 21 förra
773 1521 70 22 beslut
858 1521 55 21 ända
