1095 1803
197 144 54 20 1634
452 150 24 15 R.
489 154 17 12 o.
518 149 24 17 A.
554 150 54 16 1897.
632 150 26 16 29
670 149 47 19 Maj.

166 216 60 21 ledes
241 216 55 21 klart
311 219 31 18 att
356 216 63 21 dessa
434 216 84 25 böcker,
532 216 88 22 hvarom
634 216 127 28 paragrafen
775 216 60 27 talar,
845 216 76 21 endast
931 216 51 21 böra

166 247 94 25 upptaga
274 243 107 22 individer
395 244 93 21 hörande
498 244 31 21 till
540 244 70 28 någon
624 245 156 27 »församling».
810 245 39 20 Att
862 252 28 13 nu
901 244 79 28 odöpta

166 272 52 22 barn
233 272 32 21 till
280 272 109 21 lutherska
403 272 105 21 föräldrar
521 273 48 20 icke
585 273 50 21 höra
649 273 33 20 till
697 280 69 13 annan
777 273 132 27 församling,
919 273 63 21 öfver

165 301 94 26 hvilken,
279 301 28 28 pä
328 301 69 28 grund
417 301 24 21 af
462 301 69 21 denna
552 301 109 28 paragrafs
676 301 141 26 slutmoment,
833 301 147 28 kyrkoherden

167 331 23 20 är
211 329 85 29 skyldig
317 332 32 19 att
369 329 48 22 föra
439 329 55 22 skild
515 329 142 28 förteckning,
672 331 23 20 är
710 330 60 21 klart.
799 330 52 21 Men
867 329 26 22 de
909 330 72 21 kunna

167 358 49 22 icke
240 358 66 21 heller
327 358 52 21 höra
400 358 32 21 till
454 358 40 21 den
514 359 108 20 lutherska
637 358 158 28 församlingen,
810 361 23 25 ty
849 358 36 21 det
900 359 60 20 heter
974 359 8 20 i

167 386 141 29 kyrkolagens
331 387 13 27 $
363 388 13 20 3
399 389 31 19 att
449 387 44 21 »till
512 386 135 22 medlemmar
661 387 6 20 i
683 386 93 29 kyrkans
790 387 150 28 gemenskap»,
955 400 27 2 —

166 415 83 22 hvilket
266 415 86 28 uttryck
371 415 48 21 icke
438 415 40 21 kan
494 415 79 29 betyda
587 418 65 18 annat
667 417 26 19 än
709 415 41 21 den
765 415 108 21 lutherska
888 415 92 21 försam-

166 444 79 28 lingen,
260 456 26 4 —
304 447 116 25 »upptagas
431 444 51 21 barn
492 452 77 20 genom
586 444 41 21 den
637 444 70 28 heliga
717 444 112 28 döpelsens
841 444 141 22 sakrament».

167 472 64 27 Barn,
246 472 72 21 hvilka
333 473 48 21 icke
396 474 36 20 äro
447 472 71 28 döpta,
532 474 37 20 äro
584 472 83 22 säledes
682 473 48 21 icke
745 475 107 25 upptagna
867 474 6 20 i
889 472 93 29 kyrkans

166 501 131 27 gemenskap
319 501 51 21 eller
393 501 41 21 den
453 501 107 21 lutherska
575 501 157 27 församlingen.
759 480 68 42 Potts
842 501 118 28 stadgande
976 502 7 20 i

168 530 12 20 3
204 530 12 26 $
232 532 31 18 att
284 530 52 20 barn
354 532 104 26 upptagas
473 530 7 20 i
494 529 162 28 församlingens
671 529 130 29 gemenskap
817 530 75 20 endast
906 537 76 20 genom

168 557 65 29 dopet
248 560 22 19 är
285 558 47 21 icke
348 558 65 28 något
427 558 103 28 tillfälligt
544 558 124 28 stadgande,
685 566 45 13 som
745 558 42 21 kan
803 566 50 13 vara
869 558 51 21 eller
935 558 48 22 icke

167 594 51 14 vara
233 586 43 27 der,
291 589 50 18 utan
357 587 37 20 det
408 589 23 18 är
446 590 30 17 ett
495 587 85 28 uttryck
599 587 34 20 för
648 587 41 21 den
704 587 108 21 lutherska
827 587 92 28 kyrkans
935 587 48 21 hela

166 615 100 28 religiösa
281 615 143 29 öfvertygelse
443 623 33 13 om
492 615 75 29 dopets
586 615 114 28 betydelse.
731 615 42 22 Om
788 623 47 14 man
851 623 29 14 nu
895 615 89 29 ålägger

167 643 37 22 det
225 643 108 22 lutherska
353 644 157 29 presterskapet
528 647 32 18 att
574 647 93 26 upptaga
682 644 27 21 de
724 644 80 29 odöpta
820 645 79 20 barnen
914 645 7 20 i
936 646 46 20 sina

166 672 165 28 förteckningar,
351 673 24 20 sä
394 673 88 20 innebär
496 673 59 21 detta
570 673 66 28 enligt
651 674 12 27 8
680 674 39 20 146
735 675 32 19 att
781 673 27 21 de
823 675 36 20 äro
874 676 32 18 att
921 681 62 14 anses

167 701 70 22 såsom
258 701 135 21 medlemmar
415 701 23 22 af
459 701 157 29 församlingen.
647 701 50 22 Man
716 702 68 21 skulle
800 701 83 22 således
899 702 27 28 på
940 704 44 19 sätt

167 730 41 21 och
223 730 33 21 vis
270 730 73 28 tvinga
359 730 108 21 lutherska
483 730 156 28 presterskapet
654 733 31 18 att
699 730 90 21 förneka
799 731 32 20 sin
840 730 143 28 öfvertygelse

167 766 34 14 om
223 758 159 22 sakramentens
405 758 115 29 betydelse,
542 759 19 21 d.
584 767 20 13 v.
623 766 16 14 s.
654 766 48 14 man
718 759 68 21 skulle
802 759 74 21 utöfva
891 760 28 27 på
934 759 48 21 dem

167 790 31 18 ett
211 786 174 28 religionstvång.

235 815 67 21 Hvad
316 815 37 21 det
368 816 131 20 vidkommer
518 818 37 25 att,
570 816 69 21 såsom
656 816 33 20 Hr
703 816 95 28 Pipping
811 816 98 27 nämnde,
926 817 56 21 före-

167 844 114 21 skrifterna
304 844 6 20 i
333 844 12 27 &
363 844 40 21 146
419 844 71 21 kunde
506 844 76 21 ändras
597 852 76 20 genom
689 844 178 28 kyrkostyrelsen,
882 844 24 22 sä
920 845 62 21 torde

166 880 55 18 man,
236 872 28 21 då
278 872 172 28 kyrkostyrelsen
461 872 37 21 här
507 872 122 29 påtagligen
642 873 115 21 betecknar
767 873 158 29 Domkapitlen,
935 874 47 21 icke

166 901 72 21 kunna
255 902 62 20 tänka
332 902 33 27 sig
380 901 134 28 möjligheten
530 901 61 21 deraf
606 904 31 18 att
652 901 69 22 denna
742 902 157 28 kyrkostyrelse
914 902 68 22 skulle

166 930 66 20 ändra
250 930 129 28 kyrkolagen
402 930 85 25 derhän,
508 932 31 19 att
559 930 157 28 presterskapet
738 931 68 21 skulle
827 938 49 14 vara
892 934 90 25 tvunget

166 961 32 18 att
212 959 7 20 i
234 959 46 21 sina
295 958 160 28 förteckningar
469 962 94 25 upptaga
578 958 65 29 sagda
659 959 80 28 odöpta
751 967 104 21 personer.
885 959 44 21 För
938 961 44 20 min

166 986 34 22 del
222 987 64 27 hyser
309 988 35 26 jag
365 987 131 21 tvifvelsmäl
518 995 34 13 om
577 991 31 17 att
628 988 12 27 &
657 988 40 21 146
713 988 67 21 skulle
796 988 71 21 kunna
882 988 77 22 ändras
976 989 7 20 i

166 1015 42 21 den
224 1015 22 21 af
261 1015 33 21 Hr
306 1015 93 29 Pipping
413 1016 94 20 önskade
522 1017 120 27 riktningen
658 1016 137 27 annorlunda,
810 1019 27 19 än
851 1017 131 28 kyrkolagen

167 1044 204 28 Ofverhufvudtaget
390 1044 41 21 kan
453 1044 82 26 ändras,
555 1045 19 21 d.
594 1053 19 13 v.
632 1052 16 14 s.
662 1052 76 20 genom
755 1045 145 28 kyrkomötets
916 1046 65 21 bifall.

166 1072 42 27 Jag
230 1072 70 20 tviflar
322 1072 83 21 säledes
427 1072 28 28 pä
472 1076 31 17 att
518 1073 65 27 nägra
598 1073 113 27 ändringar
725 1074 39 19 här
779 1074 70 20 kunna
864 1074 38 20 ske
918 1075 6 19 i
940 1074 41 20 den

166 1100 94 27 riktning
283 1100 34 21 Hr
331 1100 94 27 Pipping
443 1101 67 20 finner
524 1101 112 21 önskvärd.
665 1101 52 21 Men
733 1101 64 21 äfven
813 1105 50 17 utan
879 1101 102 22 afseende

165 1128 67 28 härpå
254 1128 67 21 skulle
343 1129 35 27 jag
401 1136 50 13 anse
472 1129 37 20 det
530 1129 121 28 principielt
674 1130 87 27 oriktigt
776 1130 40 21 och
831 1129 87 22 alldeles
933 1130 48 21 icke

166 1156 116 21 önskvärdt
297 1159 31 18 att
343 1156 36 21 det
401 1157 108 21 lutherska
524 1157 157 28 presterskapet
697 1157 71 22 ålades
783 1158 47 21 föra
845 1158 137 28 förteckning

166 1185 61 20 öfver
242 1185 111 26 individer,
368 1193 45 13 som
428 1185 43 21 lika
486 1185 46 21 litet
546 1186 83 20 tillhöra
645 1186 58 21 detta
718 1186 206 28 religionssamfund,
935 1194 45 14 som

165 1213 66 27 något
251 1216 64 18 annat
338 1213 76 21 kristet
435 1214 206 27 religionssamfund.
671 1214 44 21 Det
735 1217 24 18 är
780 1216 7 19 i
808 1215 41 21 alla
864 1215 116 21 afseenden

165 1236 123 45 principielt
309 1241 74 29 riktigt
404 1245 31 18 att
456 1242 136 29 förteckning
607 1243 62 21 öfver
684 1251 106 20 personer,
806 1251 45 14 som
865 1243 49 22 icke
929 1243 51 22 höra

165 1270 31 21 till
219 1273 65 25 något
306 1270 174 28 kyrkosamfund,
502 1271 56 22 föres
582 1272 22 20 af
626 1272 101 27 verldslig
745 1272 129 28 myndighet.
907 1272 73 28 Några

164 1298 136 22 medlemmar
321 1299 24 21 af
366 1299 112 21 Utskottet
498 1300 65 21 hafva
586 1301 53 20 visst
660 1300 116 22 framhållit
791 1301 64 27 några
870 1301 109 28 praktiska

164 1327 137 28 synpunkter,
316 1335 45 13 som
377 1328 67 21 skulle
459 1328 43 21 tala
517 1329 33 20 för
565 1331 31 18 att
610 1328 162 28 ifrågavarande
787 1329 112 27 åliggande
914 1330 66 20 borde

164 1355 112 21 åhvälfvas
292 1356 108 20 lutherska
415 1356 163 28 presterskapet,
593 1356 40 21 och
647 1356 34 21 Hr
693 1356 93 35 Pipping
801 1357 38 21 har
854 1357 126 21 understödt

164 1382 63 21 dessa
248 1383 136 28 synpunkter.
413 1384 53 20 Man
486 1384 38 20 har
541 1384 71 20 anfört
629 1387 32 17 att
681 1385 66 20 också
768 1392 28 14 nu
814 1385 37 21 det
871 1385 108 21 lutherska

164 1411 157 29 presterskapet
343 1413 23 19 är
389 1411 147 29 förpligtigadt
558 1415 31 18 att
610 1412 47 22 föra
681 1413 112 21 allehanda
814 1414 166 28 förteckningar,

163 1442 15 18 t.
193 1447 32 13 ex.
240 1440 62 21 öfver
315 1440 119 28 förbrytare
450 1447 18 14 o.
483 1448 15 13 s.
509 1448 25 19 v.,
544 1448 48 13 men
603 1440 59 22 detta
672 1449 62 20 synes
744 1443 43 27 mig
798 1450 50 14 vara
857 1450 25 13 en
893 1445 87 25 oegent-

163 1468 72 28 lighet,
257 1468 48 21 från
326 1469 87 21 hvilken
435 1477 49 13 man
506 1469 38 21 bör
559 1469 81 22 sträfva
655 1473 31 18 att
701 1470 90 22 komma.
821 1471 158 28 Utvecklingen

164 1497 38 21 bör
216 1498 27 27 gå
258 1498 7 20 i
280 1497 41 22 den
336 1497 94 29 riktning
445 1500 31 19 att
491 1497 61 22 dessa
566 1499 170 28 förteckningars
752 1499 89 22 förande
856 1503 60 25 tages
931 1500 48 21 från

163 1525 37 22 det
220 1526 109 22 lutherska
350 1527 164 28 presterskapet.
550 1527 65 22 Hvad
637 1527 27 22 de
683 1529 109 28 praktiska
815 1529 163 29 olägenheterna
