1095 1803
197 139 55 20 1554
452 144 25 17 R.
489 149 18 12 o.
519 145 23 16 A.
555 144 54 17 1897.
632 144 27 17 28
670 144 48 21 Maj.

167 219 68 14 soner.
264 211 65 22 Hvad
345 211 99 28 slutligen
459 211 190 28 noggrannheten
640 207 14 37 i
664 211 168 28 beräkningarna
845 211 138 26 vidkommer,

167 239 25 22 sä
210 239 34 22 mä
266 239 37 22 det
324 240 7 21 i
353 239 140 28 förbigäende
511 240 94 28 päpekas
626 242 32 18 att
677 239 86 22 utöfver
778 239 26 22 de
819 239 102 28 miljoner,
935 247 47 14 som

168 268 68 21 skulle
257 275 77 21 genom
356 268 162 21 kommunernas
541 268 150 28 obligatoriska
717 267 79 28 borgen
821 267 107 22 anskaffas
949 268 35 21 för

166 296 66 29 inköp
257 297 23 20 af
301 296 62 22 dessa
384 296 175 29 jordlägenheter,
582 304 47 14 man
648 296 66 22 ocksä
729 296 67 21 mäste
811 296 84 29 päfinna
910 296 70 29 nägon

167 327 66 26 utväg
248 325 34 21 för
293 328 32 19 att
335 325 106 28 välvilligt
450 325 118 22 försträcka
578 325 186 29 parcellköparena
774 325 37 22 det
821 325 159 29 rörelsekapital

167 354 23 21 af
211 353 81 22 kanske
307 361 38 21 par
359 354 61 21 tiotal
435 354 101 28 miljoner,
551 361 45 15 som
611 353 106 22 erfordras
732 354 35 20 för
781 357 32 18 att
829 354 96 28 bebygga
940 354 41 21 och

167 382 48 22 med
231 383 128 21 inventarier
373 382 58 22 förse
446 382 63 22 dessa
523 382 104 22 tusenden
642 382 46 22 smä
702 382 132 28 lägenheter.

239 440 26 21 R.
280 447 18 14 o.
313 440 27 22 A.
355 440 69 21 beslöt
439 439 51 22 härä
504 442 31 19 att
549 439 114 29 godkänna
677 439 123 23 Utskottets
816 439 141 22 betänkande.

368 612 41 22 Den
426 612 45 23 lösa
485 612 155 28 befolkningens
656 612 125 28 bosättning.

240 670 120 29 Föredrogs

242 728 56 28 Lag-
313 728 40 22 och
368 728 221 21 Ekonomiutskottets
603 727 135 21 betänkande
752 727 42 22 N:o
811 729 26 20 14
852 729 7 19 i
875 727 115 29 anledning

170 758 24 21 af
209 760 31 19 ett
254 757 32 21 till
300 756 161 22 Presteständet
476 756 40 22 och
531 756 37 22 tvä
582 756 32 21 till
628 756 163 22 Bondeständet
805 756 120 22 inlemnade
935 757 53 28 peti-

170 786 165 22 tionsmemoria!
355 785 111 28 angående
482 784 141 22 befordrande
638 784 24 22 af
676 784 42 22 den
733 785 52 22 lösa
799 785 189 28 befolkningens

170 815 149 27 bosättning,
334 815 64 27 jemte
414 816 30 18 ett
458 814 32 20 till
505 814 116 21 detsamma
635 813 100 26 hörande,
746 814 63 20 bland
819 814 101 21 Ständets
931 814 58 20 med-

170 844 88 21 lemmar
282 842 97 22 utdeladt
400 842 134 28 tilläggsblad
557 842 148 21 innehållande
732 850 25 13 en
781 845 44 19 mot
846 842 145 22 betänkandet

170 872 103 21 aflemnad
289 872 137 21 reservation.

239 928 84 22 Härvid
337 928 108 22 lemnades
461 928 60 21 ordet
536 928 23 21 ät

238 986 34 21 Hr
289 986 36 28 Hj.
341 985 119 27 Schildt,
475 993 45 13 som
535 984 93 29 yttrade:
644 984 34 22 De
701 984 216 28 petitionsmemorial,
942 992 44 14 som

170 1015 57 28 ligga
237 1015 31 21 till
280 1014 69 28 grund
361 1014 35 21 för
405 1014 141 21 förevarande
557 1013 234 27 utskottsbetänkande,
804 1013 74 21 beröra
891 1013 96 29 samtliga

170 1044 66 28 nägot
246 1045 42 19 sätt
298 1046 31 18 att
339 1043 45 21 lösa
395 1042 74 28 frägan
481 1050 33 14 om
525 1042 40 22 den
576 1043 46 20 lösa
635 1042 164 28 befolkningens
809 1042 110 21 förkofran
931 1042 56 21 deri-

170 1080 76 19 genom
262 1074 31 18 att
307 1072 22 20 ät
344 1071 69 20 denna
429 1071 124 28 befolkning
563 1072 7 19 i
579 1078 26 13 en
616 1070 50 21 eller
676 1078 68 13 annan
756 1070 55 21 form
822 1070 67 21 skulle
901 1070 85 21 anskaf-

170 1101 34 20 fas
219 1099 140 29 jordomräde.
389 1099 35 21 Dä
438 1100 35 27 jag
488 1099 47 21 icke
550 1099 39 21 har
603 1099 81 20 kunnat
698 1099 56 20 finna
770 1101 31 18 att
815 1098 36 21 det
867 1106 50 14 vore
934 1100 52 27 möj-

170 1129 39 27 ligt
224 1131 31 18 att
269 1129 45 20 lösa
334 1128 69 21 denna
421 1127 61 28 fråga
497 1127 75 22 enbart
587 1127 27 28 pä
629 1127 57 21 detta
702 1129 48 24 sätt,
766 1129 51 19 enär
831 1128 35 27 jag
881 1127 48 21 icke
944 1127 41 21 kan

170 1157 109 21 föreställa
301 1157 43 27 mig
366 1159 31 18 att
419 1164 48 13 man
488 1157 68 20 skulle
580 1156 70 21 kunna
666 1157 96 27 omstöpa
777 1156 41 21 alla
833 1163 102 21 personer
948 1156 38 21 hö-

170 1185 66 21 rande
257 1185 33 21 till
312 1185 69 20 denna
403 1185 104 20 folkklass
526 1185 32 20 till
579 1184 143 28 jordbrukare,
740 1184 24 21 sä
786 1184 41 21 och
841 1184 28 21 dä
884 1184 103 21 utskotts-

171 1213 143 22 betänkandet
329 1212 116 22 emellertid
456 1216 111 25 utmynnar
577 1213 85 25 derhän,
674 1215 31 18 att
715 1213 41 20 den
767 1212 85 25 komit6,
862 1220 45 13 som
919 1212 67 22 skulle

170 1243 23 20 fä
208 1243 7 20 i
231 1241 95 29 uppdrag
341 1245 30 18 att
386 1241 80 22 föreslä
480 1241 74 28 ätgärd
565 1241 32 22 till
607 1241 146 21 förbättrande
764 1241 22 22 af
796 1241 41 21 den
848 1241 45 21 lösa
905 1241 82 22 befolk-

170 1272 89 27 ningens
282 1271 105 28 ställning,
409 1270 76 21 endast
506 1271 68 20 skulle
597 1270 64 21 hafva
684 1273 31 18 att
733 1273 49 25 taga
803 1270 120 28 befattning
937 1270 48 21 med

170 1300 98 28 ätgärder
284 1301 6 20 i
306 1299 57 22 detta
386 1299 107 26 afseende,
515 1299 24 21 sä
561 1299 38 21 har
615 1299 36 28 jag
671 1299 72 21 tillätit
761 1299 44 28 mig
819 1302 37 23 att,
871 1306 34 14 om
921 1299 65 21 ocksä

170 1329 89 25 sentida,
280 1328 83 21 komma
385 1328 54 21 fram
461 1328 47 21 med
531 1331 30 18 ett
581 1327 213 28 resolutionsförslag,
810 1335 45 14 som
870 1327 118 22 innehäller

170 1356 105 21 klämmen
291 1356 127 21 allmännare
434 1356 127 20 formulerad
572 1356 40 20 och
627 1355 58 21 detta
700 1356 85 25 derhän,
800 1358 31 18 att
845 1356 42 20 den
902 1356 84 25 komite6,

170 1391 45 14 som
230 1384 69 21 skulle
314 1384 115 25 nedsättas,
444 1383 64 21 äfven
523 1383 71 22 kunde
610 1383 22 20 fä
647 1383 7 20 i
669 1383 97 28 uppdrag
780 1386 32 18 att
824 1383 87 28 vidtaga
921 1383 65 21 andra

170 1412 100 29 åtgärder
284 1412 32 21 till
331 1411 66 29 sagda
413 1411 135 29 befolknings
563 1411 111 21 förkofran
689 1413 27 19 än
731 1411 27 22 de
773 1411 22 22 af
810 1411 112 23 Utskottet
933 1412 55 21 före-

170 1442 80 27 slagna,
264 1441 41 21 och
319 1441 60 21 lyder
394 1441 69 20 denna
474 1441 55 20 kläm
541 1440 97 22 sälunda:
656 1443 44 18 »att
712 1440 62 22 Hans
785 1440 121 29 Kejserliga
918 1440 68 29 Maje-

170 1471 42 20 stät
226 1469 82 22 täcktes
337 1472 9 18 ät
361 1477 26 13 en
402 1469 35 21 för
451 1469 120 21 ändamålet
589 1469 76 20 tillsatt
685 1469 79 22 komit6
779 1469 110 29 uppdraga
904 1472 31 18 att
949 1469 38 21 all-

170 1498 66 29 sidigt
251 1498 126 26 undersöka,
388 1498 105 21 huruvida
507 1498 41 21 och
562 1497 72 22 hvilka
655 1497 98 28 ätgärder
767 1498 48 21 frän
825 1498 36 21 det
871 1498 116 21 allmännas

170 1527 46 22 sida
231 1535 51 14 vore
298 1530 30 19 att
343 1527 87 28 vidtaga
445 1527 34 21 för
493 1530 32 18 att
539 1527 7 21 i
561 1527 118 28 möjligaste
689 1527 49 21 män
749 1527 102 29 befrämja
861 1527 41 22 och
911 1529 76 26 trygga
