1056 1764
211 227 83 26 förslag,
317 227 70 20 hvilka
411 227 62 20 redan
493 227 66 20 skulle
574 230 54 17 möta
643 227 165 26 betänkligheter
822 227 46 20 från
884 227 74 21 ekono-

212 257 51 20 misk
279 257 111 26 synpunkt.

283 287 29 20 Af
331 287 54 20 hvad
410 287 35 26 jag
467 287 8 20 i
498 288 81 19 korthet
602 287 43 20 haft
668 290 50 17 äran
740 287 106 20 framhålla
870 287 36 20 och
932 287 26 20 då

213 317 111 20 emellertid
345 317 76 19 antalet
436 317 23 19 af
471 317 78 20 sådana
564 317 131 25 ingenstädes
711 317 127 20 antecknade
854 317 37 20 och
907 317 50 20 såle-

212 346 36 21 des
263 346 82 20 utanför
361 347 34 19 det
410 347 96 26 kyrkliga
521 347 107 20 samhället
644 347 84 20 stående
744 353 96 20 personer
854 347 64 19 redan
935 350 23 17 är

211 376 117 26 betydande
352 376 36 20 och
408 376 79 27 årligen
507 377 56 24 ökas,
579 376 33 20 får
624 376 38 26 jag
676 377 105 20 vördsamt
796 377 37 19 hos
848 376 110 27 höglofliga

212 406 152 26 Ridderskapet
385 406 38 19 och
446 407 66 19 Adeln
533 407 75 19 föreslå
631 413 24 12 en
679 406 129 26 underdänig
830 406 85 26 petition
938 406 23 21 af

212 436 111 20 ständerna
338 436 69 19 derom

497 485 29 18 att
539 484 60 19 Hans
613 483 113 26 Kejserliga
739 484 94 25 Majestät
845 484 44 19 ville
903 485 8 18 i
922 483 35 20 nå-

426 511 41 22 der,
479 510 30 25 på
523 511 40 20 sätt
575 510 82 20 Honom
672 511 94 24 lämpligt
778 516 65 19 synes,
854 511 104 24 snarligen

425 537 83 25 vidtaga
522 537 81 20 sådana
616 537 52 20 mått
681 538 35 19 och
730 539 41 23 steg
785 539 30 18 att
824 538 72 25 odöpta
906 538 52 19 barn

425 564 29 19 till
477 565 135 19 medlemmar
632 565 26 24 af
674 564 103 20 lutherska
797 564 82 25 kyrkan
899 565 59 25 blefve

424 591 83 24 införda
523 591 8 19 i
545 591 89 24 lagligen
647 591 106 25 vittnesgil
764 591 132 25 förteckning,
911 591 47 20 hvil-

425 618 48 19 kens
487 618 141 25 handhafvare
642 618 68 20 kunde
724 617 22 20 åt
758 618 46 19 dem
821 618 34 20 vid
864 619 60 24 behof
929 619 29 19 ut-

423 645 64 24 färda
505 645 52 19 bevis
575 645 89 20 rörande
682 644 62 25 ålder,
764 645 54 25 frejd
838 645 36 20 och
892 645 66 25 skyld-

425 671 195 26 skapsförhällande.

283 735 135 25 Helsingfors,
434 734 39 20 den
490 735 27 19 28
533 735 85 20 Januari
637 735 61 20 1897.

694 835 116 23 Constantin
828 836 59 27 Boije.

273 1493 125 23 Helsingfors,
412 1492 115 23 Osakeyhtiö
541 1493 68 18 Weilin
631 1493 7 18 &
652 1492 48 19 Göös
714 1493 119 23 Aktiebolag,
848 1494 50 17 1897.
