1086 1792
413 126 192 32 Skolpetitionerna.
828 129 54 20 1187

91 200 91 29 tagande
206 200 22 22 af
250 203 77 24 staten,
346 200 25 22 så
390 201 42 21 kan
447 209 49 13 man
511 202 47 20 icke
573 208 52 14 vara
639 201 63 21 säker
717 202 28 28 på
759 205 32 18 att
805 202 48 22 icke
867 203 45 21 till-

91 230 110 27 äfventyrs
221 228 66 28 något
307 232 65 18 annat
389 229 45 27 fall,
450 237 46 13 som
510 230 47 21 icke
573 229 70 21 denna
657 230 58 28 gång
729 231 102 27 förelagts
847 231 64 21 Stän-

91 258 66 21 derna
178 257 33 21 till
235 258 106 27 pröfning,
363 257 68 21 skulle
454 265 50 14 vara
526 258 22 20 af
567 258 44 21 lika
632 258 112 22 ömmande
763 259 51 21 eller
828 259 84 21 kanske

92 288 56 19 ännu
164 293 57 13 mera
236 286 113 21 ömmande
367 286 153 21 beskaffenhet,
545 286 44 21 Det
605 288 23 19 är
642 294 29 13 nu
686 287 33 20 till
733 287 53 27 följd
802 287 23 20 af
840 287 70 21 denna

91 313 109 28 svårighet
224 313 36 22 vid
285 313 155 28 behandlingen
463 314 23 21 af
508 314 72 27 dylika
601 314 74 27 frågor
689 315 41 20 och
744 315 43 21 den
802 315 109 28 möjlighet

91 345 31 18 att
138 343 64 21 äfven
218 342 48 21 med
282 342 61 21 bästa
359 342 49 28 vilja
418 342 75 21 härvid
505 342 72 21 kunna
587 342 55 27 begå
653 343 94 28 misstag,
757 350 46 14 som
816 344 94 27 isynner-

91 371 36 21 het
142 370 29 29 på
185 378 75 13 senare
275 371 56 21 tider
346 371 57 20 inom
418 370 60 22 detta
493 370 68 22 Stånd
576 371 41 21 den
633 371 138 28 uppfattning
783 371 70 22 blifvit
863 372 48 21 allt-

91 407 45 13 mer
151 399 78 21 allmän
244 401 31 19 att
289 407 50 13 man
354 399 47 21 icke
418 399 38 21 bör
471 399 89 21 omfatta
581 400 113 27 petitioner
708 400 91 21 rörande
815 400 97 21 enskilda

91 427 105 26 läroverk,
218 430 50 19 utan
291 427 73 26 hellre,
386 427 38 22 der
439 427 37 22 det
491 430 23 19 är
529 428 87 27 möjligt,
630 429 66 20 uttala
711 429 105 20 allmänna
831 429 82 27 grund-

91 459 68 18 satser
181 463 34 14 om
238 456 130 21 subvention
382 456 22 21 af
420 455 80 22 sådana
515 456 104 21 läroverk.
647 457 35 20 En
697 457 66 21 sådan
779 457 134 28 ståndpunkt

91 485 38 21 har
143 485 26 20 R.
185 491 18 14 o.
219 484 26 21 A.
261 484 35 21 vid
322 485 50 20 flere
395 484 129 28 föregående
546 485 98 21 tillfällen
668 485 81 26 häfdat,
770 485 41 22 och
831 486 36 21 det
882 493 30 14 nu

91 513 147 28 föreliggande
254 513 144 21 betänkandet
412 515 23 19 är
450 513 23 20 af
488 513 42 21 den
545 515 32 19 art
592 515 31 19 att
637 514 36 27 jag
687 514 67 21 finner
764 514 36 21 det
811 514 102 21 fullkom-

91 542 39 27 ligt
145 541 105 28 sakenligt
271 544 32 18 att
322 541 91 22 Ståndet
435 541 64 21 äfven
515 549 28 14 nu
558 541 68 22 skulle
649 541 66 22 häfda
733 550 26 13 en
775 542 66 21 sådan
856 550 54 20 upp-

91 571 99 27 fattning.
219 571 11 19 I
245 570 60 21 detta
328 569 134 22 betänkande
484 570 143 21 förekommer
642 570 76 22 endast
733 578 26 13 en
774 571 74 28 punkt,
864 578 46 14 som

91 599 39 21 har
145 606 26 13 en
186 598 66 28 något
267 599 128 20 allmännare
410 599 103 28 syftning,
530 599 106 28 nämligen
652 599 48 28 den,
715 607 45 13 som
775 601 34 19 rör
825 599 26 21 de
866 600 46 27 fyr-

92 627 93 28 klassiga
200 627 136 21 läroverkens
352 627 132 28 ombildning
498 627 33 22 till
545 627 138 28 femklassiga
697 628 150 21 mellanskolor
861 628 50 21 med

92 656 106 21 afslutade
220 656 76 21 kurser
318 656 41 21 och
380 655 48 21 med
450 656 102 27 rättighet
574 658 31 19 att
627 657 73 27 intaga
720 657 78 26 jemväl
816 657 95 27 qvinliga

93 685 76 21 elever.
197 684 120 28 Angående
339 684 69 21 denna
431 684 69 29 punkt
521 684 115 28 föreligger
656 685 32 20 till
702 685 53 27 följd
771 685 23 20 af
809 684 48 22 dess
873 685 38 21 all-

91 714 77 20 männa
189 712 149 22 beskaffenhet
361 712 47 22 icke
428 713 70 28 någon
514 713 108 27 svårighet
637 715 31 18 att
683 713 88 22 besluta.
800 713 53 21 Man
868 714 42 21 kan

92 742 38 21 allt
145 741 55 21 efter
214 741 42 21 den
271 741 133 28 ståndpunkt
419 749 48 13 man
482 742 82 27 intager
578 742 6 20 i
600 742 66 21 saken
679 741 82 22 besluta
771 743 33 27 sig
814 741 35 22 för
860 742 53 21 eller

93 772 56 19 emot
171 777 26 14 en
220 769 66 22 sådan
309 770 62 26 kläm,
390 770 40 21 och
446 770 34 21 för
494 771 43 20 min
552 769 36 22 del
602 771 38 20 vill
654 771 35 27 jag
704 770 28 29 på
746 770 70 28 grund
831 771 24 20 af
869 771 41 21 den

93 798 132 29 ståndpunkt
240 799 25 21 R.
281 806 18 14 o.
315 799 26 20 A.
355 799 91 27 tidigare
465 799 75 28 intagit
555 799 7 21 i
577 798 70 22 denna
662 799 61 28 fråga
737 799 106 29 tillstyrka
857 799 54 28 god-

92 827 112 22 kännande
216 827 22 22 af
248 827 109 28 förslaget,
367 827 76 22 sådant
454 827 36 22 det
500 828 66 21 finnes
577 828 7 20 i
593 829 160 20 reservationen
763 828 42 21 N:o
818 829 18 20 1.
857 828 55 21 Der-

93 858 56 19 emot
164 856 50 21 ville
228 857 36 27 jag
279 856 109 21 vördsamt
398 856 79 21 föreslå
492 859 32 18 att
538 857 41 20 alla
593 856 68 28 öfriga
676 856 38 21 här
728 856 125 22 framstälda
867 857 44 21 för-

92 885 46 28 slag
160 885 65 21 måtte
241 885 23 20 af
279 885 26 21 R.
321 892 19 14 o.
354 885 26 21 A.
396 885 81 21 lemnas
498 888 51 18 utan
571 885 108 21 afseende.
708 885 97 21 Härmed
823 885 39 21 har
875 886 37 27 jag

91 914 39 20 alls
145 913 48 21 icke
208 913 99 21 förnekat
329 916 32 18 att
374 914 48 21 icke
443 913 114 29 möjligtvis
573 913 45 21 skäl
635 914 68 20 skulle
718 914 67 21 finnas
800 916 15 19 t.
831 921 32 13 ex.
877 914 36 20 för

107 943 73 20 etition
203 942 110 28 angående
335 941 142 22 Mariehamns
499 942 104 26 läroverk,
625 942 106 21 måhända
751 942 66 22 också
831 942 81 21 beträf-

101 970 56 22 ande
173 970 118 22 Sordavala
312 970 104 27 läroverk,
436 978 48 13 men
499 970 71 28 någon
586 970 95 22 bestämd
696 970 115 28 utredning
825 971 86 21 förefin-

91 1006 38 14 nes
148 994 13 37 —
171 999 122 28 isynnerhet
308 998 47 22 icke
371 998 131 22 beträffande
518 999 40 21 den
575 1006 74 14 senare
664 999 81 26 skolan,
760 999 41 21 och
816 999 47 21 med
879 999 33 21 af-

92 1028 79 21 seende
186 1028 12 20 ä
213 1027 57 22 hvad
293 1028 35 28 jag
348 1027 90 28 tidigare
457 1030 67 26 yttrat
538 1029 23 19 är
576 1027 37 21 det
627 1027 59 21 alltid
707 1030 77 26 ytterst
803 1028 108 28 vanskligt

92 1059 31 18 att
145 1056 49 28 ingå
209 1057 28 27 pä
252 1063 26 13 en
293 1056 61 28 dylik
374 1056 172 28 detaljpröfning.
575 1056 52 20 Mitt
649 1056 80 28 förslag
745 1058 23 19 är
783 1056 82 22 således
880 1059 32 18 att

92 1085 25 21 R.
133 1092 18 14 o.
166 1086 27 20 A.
208 1085 50 21 ville
274 1084 131 22 beträffande
436 1086 58 20 första
513 1085 95 27 punkten
623 1084 114 28 godkänna
752 1086 159 20 reservationen

93 1113 40 22 och
148 1114 70 21 lemna
233 1113 41 21 alla
285 1113 68 29 öfriga
364 1114 6 20 i
382 1113 146 21 betänkandet
535 1113 106 28 ingäende
651 1113 80 28 förslag
742 1116 50 19 utan
803 1114 108 21 afseende.

160 1170 34 22 Hr
216 1170 82 22 Rein:
328 1170 41 28 Jag
392 1170 58 21 delar
472 1170 57 21 Frih
551 1169 90 22 Wredes
664 1170 56 28 äsigt
741 1170 74 22 derom
830 1173 31 19 att
876 1170 37 21 det

93 1199 205 28 Ofverhufvudtaget
318 1200 23 20 är
364 1198 58 22 svårt
444 1198 34 21 för
500 1198 120 22 Ständerna
640 1201 32 19 att
698 1199 82 21 besluta
802 1200 7 19 i
832 1198 80 22 sådana

92 1228 78 28 frägor,
192 1235 46 13 som
259 1227 56 28 angä
336 1227 159 28 önskningsmäl
518 1234 33 14 om
567 1227 42 21 den
625 1234 38 14 ena
679 1227 50 21 eller
744 1227 67 21 andra
826 1227 85 21 skolans

92 1256 126 29 grundande
234 1256 51 21 eller
299 1256 137 27 utvidgande,
451 1256 41 20 och
507 1263 62 13 anser
583 1256 73 20 derför
671 1257 7 19 i
691 1256 115 21 allmänhet
816 1256 47 21 icke
874 1256 38 27 pä-

93 1285 82 21 kalladt
200 1287 31 18 att
251 1285 115 27 petitioner
380 1284 7 20 i
402 1284 72 28 dylika
489 1284 72 28 frägor
575 1291 88 13 numera
678 1284 98 28 ingifvas.
806 1284 43 20 Det
863 1284 49 28 gafs

92 1313 125 27 visserligen
241 1320 25 13 en
289 1312 38 26 tid,
349 1312 28 21 dä
399 1312 36 21 det
456 1320 38 13 var
508 1312 49 21 fullt
571 1313 7 19 i
593 1313 32 20 sin
641 1312 91 28 ordning
747 1315 31 18 att
793 1312 119 21 Ständerna

93 1342 88 27 ingingo
195 1341 33 21 till
244 1341 109 28 Styrelsen
368 1340 49 21 med
432 1341 113 27 petitioner
560 1342 6 19 i
582 1340 61 28 fräga
658 1348 34 13 om
708 1341 111 21 skolornas
829 1341 84 27 organi-

93 1371 70 21 sation
181 1369 40 22 och
236 1369 120 21 inrättande
371 1368 23 22 af
408 1377 41 20 nya
464 1368 86 22 sädana.
579 1368 48 23 Vid
643 1369 54 21 1872
712 1369 34 21 ärs
761 1368 108 29 landtdag,
885 1368 28 22 dä

93 1400 48 21 värt
163 1398 142 22 skolväsende
325 1398 84 27 tycktes
433 1398 61 20 hotas
515 1398 23 20 af
560 1405 26 13 en
609 1399 146 25 omstörtning,
770 1405 46 13 som
831 1398 81 20 kanske

93 1427 55 21 hade
163 1428 56 19 varit
233 1426 82 20 mindre
331 1426 129 25 välbetänkt,
476 1432 38 13 var
529 1426 36 20 det
580 1426 7 19 i
601 1426 32 20 sin
645 1426 96 26 ordning,
752 1428 31 18 att
793 1425 120 21 Ständerna

94 1454 85 22 anhöllo
201 1456 32 19 att
255 1460 57 14 mera
334 1453 131 21 omfattande
480 1453 149 27 förändringar
644 1454 7 19 i
667 1453 38 21 vär
720 1454 192 26 skolorganisation

94 1484 47 21 icke
163 1483 65 20 måtte
250 1483 63 27 göras
335 1482 49 21 dem
407 1481 101 21 ohördan.
540 1480 43 23 Vid
606 1482 139 21 1877—1878
761 1481 34 21 års
810 1481 103 27 landtdag

93 1519 40 15 var
153 1511 36 22 det
204 1510 90 23 äfvensä
308 1511 7 20 i
331 1511 32 20 sin
379 1509 95 29 ordning,
490 1512 30 19 att
536 1509 118 22 Ständerna
669 1510 73 28 gjorde
755 1511 33 27 sig
802 1510 33 21 till
850 1509 64 22 mäls-
