1084 1786
308 139 254 22 Jernvägsbyggnaderna
573 140 8 17 i
592 140 77 17 landet.
816 135 54 20 1107

148 208 40 26 2:0)
224 207 55 26 Den,
307 215 46 14 som
381 207 124 28 godkänner
536 208 120 21 Utskottets
684 208 215 28 resolutionsförslag,

78 237 69 20 röstar
161 236 30 27 ja;

148 293 76 19 vinner
246 292 41 28 nej,
302 292 159 21 omformuleras
477 293 117 21 detsamma
609 293 7 20 i
632 293 92 27 enlighet
739 293 48 21 med
802 293 34 20 Hr
850 293 48 21 Me-

79 319 81 22 chelins
175 320 86 28 förslag.

147 377 36 21 Då
205 377 59 21 detta
288 377 222 29 omröstningsförslag
534 377 125 22 besvarades
675 377 47 21 med
738 378 160 28 öfvervägande

78 407 41 27 nej,
141 406 55 21 hade
210 406 26 21 R.
252 414 18 14 o.
285 407 26 20 A.
327 406 83 21 således
432 406 87 21 beslutit
540 406 90 21 omfatta
653 414 26 13 en
696 407 91 27 petition
802 414 33 14 om
852 406 47 22 vid-

78 434 93 28 tagande
187 434 27 27 på
229 434 72 22 derför
320 435 65 27 läglig
399 434 30 22 tid
446 435 23 20 af
484 443 25 13 en
524 434 86 22 teknisk
626 435 41 21 och
681 434 125 22 ekonomisk
821 435 77 21 under-

80 463 91 27 sökning
185 463 34 21 för
235 471 26 14 en
276 463 125 29 smalspårig
415 464 88 28 jernväg
520 464 47 21 från
583 463 64 21 Kemi
663 463 45 22 stad
724 464 32 20 till
771 464 127 21 Rovaniemi

78 492 103 28 kyrkoby.

146 543 123 22 Utskottets
284 544 81 28 förslag
379 543 13 21 å
407 542 39 22 sid.
462 544 24 20 11
503 546 30 18 att
559 544 217 21 petitionsmemorialet
786 543 110 28 angående

78 571 160 28 undersökning
259 573 35 20 för
316 580 26 13 en
363 573 89 27 jernväg
473 572 47 21 från
557 572 101 28 Uleåborg
672 573 41 22 till
725 572 73 23 Hvita
813 572 84 23 hafvet

78 600 67 21 skulle
161 601 80 21 lemnas
257 604 50 18 utan
323 600 107 26 afseende,
446 600 130 28 godkändes.

145 652 60 22 Utan
228 652 139 28 anmärkning
388 652 124 28 godkändes
534 652 77 28 jemväl
633 652 122 21 Utskottets
775 652 80 28 förslag
870 652 28 28 på

78 680 38 22 sid.
133 682 26 20 14
175 680 109 28 angående
300 680 127 22 subvention
443 681 34 21 för
492 688 25 14 en
533 680 125 29 smalspårig
675 681 88 28 jernväg
777 681 48 21 från
840 682 57 21 Bra-

77 708 86 24 hestad
177 710 42 22 till
234 709 78 29 Lappi
327 710 77 20 station
420 712 54 18 samt
489 709 27 29 på
532 710 39 20 sid.
587 711 25 20 17
629 717 32 13 om
678 710 127 21 subvention
820 710 34 21 för
870 717 26 14 en

76 738 89 28 jernväg
181 738 88 21 emellan
285 738 137 28 Nykarleby
438 738 46 22 och
499 738 105 28 Kovjoki
619 739 84 19 station.

146 789 174 29 Vidkommande
342 789 122 21 Utskottets
484 790 80 27 förslag
578 789 28 29 på
621 789 38 21 sid.
675 791 26 19 24
717 789 109 29 angående
841 791 56 27 jern-

78 818 41 27 väg
139 818 48 20 från
209 818 140 27 Östermyra
370 818 90 22 station
475 818 41 22 till
532 818 172 27 Kristinestad,
716 818 79 22 event.
808 818 88 28 Kaskö,

77 846 47 20 med
141 854 26 13 en
184 846 75 21 bibana
274 846 33 20 till
321 846 172 28 Björneborgska
508 846 78 26 banan,
599 846 85 28 yttrade

145 897 34 20 Hr
201 897 28 20 Y.
250 896 29 21 K.
302 896 241 29 Yrjö-Koskinen:
574 897 90 21 Minulla
680 897 19 20 ei
714 897 33 21 ole
763 898 77 20 mitään
856 898 40 20 itse

77 926 58 21 asiaa
157 928 95 22 vastaan,
275 925 56 21 mikä
351 925 152 22 Valiokunnan
518 927 97 26 ponsissa
637 925 50 21 tällä
705 925 78 22 kohtaa
799 926 98 28 esiintyy,

78 957 66 18 mutta
166 954 117 21 mielestäni
299 956 100 26 määräys,
414 955 44 20 että
473 961 27 14 on
514 954 115 21 tutkittava
645 954 122 21 ainoastaan
784 955 110 27 kapearai-

77 984 72 20 teinen
171 983 90 21 rautatie
283 985 45 18 tätä
351 983 133 21 esilläolevaa
499 983 64 28 linjaa
581 986 80 23 varten,
677 983 18 20 ei
710 983 33 21 ole
759 983 136 28 paikallansa.

77 1012 96 21 Minusta
189 1012 46 21 olisi
251 1012 194 27 luonnollisempaa,
456 1011 43 21 kun
510 1019 26 14 on
548 1011 186 28 puheen-alaisena
744 1012 83 21 niinkin
838 1012 58 20 suuri

74 1041 20 27 ja
110 1041 73 20 tärkeä
198 1041 51 28 linja
264 1040 52 21 kuin
331 1042 62 24 tämä,
408 1043 43 18 että
466 1041 101 20 tutkimus
583 1040 106 21 tehtäisiin
700 1040 52 21 sekä
762 1041 78 28 kapea-
852 1042 44 19 että

74 1069 198 21 normaaliraiteista
293 1072 60 17 rataa
373 1071 72 19 varten
460 1069 21 28 ja
496 1069 91 20 ehdotan
603 1071 44 18 että
661 1069 72 20 toinen
750 1070 62 27 ponsi
828 1069 68 20 siihen

75 1101 104 17 suuntaan
195 1098 159 21 muutettaisiin.

143 1148 34 21 Hr
199 1148 26 21 G.
248 1149 24 20 E.
293 1149 26 20 af
340 1148 168 21 Hällström:
538 1149 61 21 Minä
619 1149 84 28 pyydän
719 1149 114 21 kannattaa
848 1149 47 20 Hra

74 1177 177 28 Yrjö-Koskisen
267 1177 120 21 ehdotusta.

143 1228 34 21 Dä
198 1229 63 27 ingen
282 1236 69 14 annan
367 1228 23 21 af
403 1228 26 21 R.
444 1235 18 14 0.
478 1229 38 20 A:s
531 1228 136 22 medlemmar
681 1228 95 21 önskade
791 1231 56 26 yttra
863 1229 33 27 sig

74 1257 7 20 i
98 1257 68 21 denna
185 1257 62 28 fräga
268 1256 123 22 framstälde
410 1257 34 21 Hr
459 1257 205 21 Landtmarskalken
679 1257 55 21 först
750 1265 34 13 om
798 1257 96 28 godkän-

75 1286 69 21 nande
160 1285 23 22 af
196 1286 67 21 första
279 1286 84 28 stycket
381 1285 22 21 af
420 1286 106 20 klämmen
540 1285 28 29 pä
586 1285 38 21 sid.
641 1287 26 19 24
682 1286 22 21 af
720 1285 122 22 Utskottets
859 1285 35 22 be-

74 1314 113 21 tänkande.

143 1365 69 22 Sedan
229 1365 25 21 R.
270 1373 18 13 o.
303 1366 26 21 A.
345 1365 70 21 härtill
427 1365 83 26 bifallit,
522 1364 113 30 uppstälde
646 1365 32 20 Hr
688 1365 206 22 Landtmarskalken

75 1394 7 20 i
95 1393 101 22 afseende
213 1393 12 21 ä
240 1394 65 21 andra
321 1394 83 27 stycket
414 1394 22 21 af
446 1394 66 27 sagda
528 1394 56 21 kläm
596 1393 94 28 följande

339 1460 282 29 Omröstningsproposition
628 1468 4 13 :

144 1518 55 26 Den,
214 1524 45 15 som
274 1518 125 28 godkänner
413 1518 12 20 2
441 1525 61 13 mom.
518 1517 22 21 af
555 1517 123 22 Utskottets
692 1517 57 21 kläm
765 1517 28 29 pä
808 1517 38 21 sid.
861 1518 33 28 24,

76 1548 67 20 röstar
157 1547 29 28 ja;
