1092 1800
345 137 249 22 Kommunalförvaltning
605 138 8 16 i
625 138 54 17 stad.
839 132 54 20 1505

102 204 67 22 mäste
192 204 73 22 derför
279 213 119 14 reserveras
413 206 35 21 för
462 209 31 18 att
508 207 57 20 möta
579 206 63 21 dessa
657 206 85 27 möjliga
756 205 100 21 förluster
871 205 52 21 eller

101 233 63 22 täcka
185 233 77 22 risken,
292 233 93 22 Vinsten
405 235 139 27 uppkommer
558 234 180 27 hufvudsakligen
753 234 122 27 derigenom
891 236 32 18 att

102 261 95 28 bolagets
220 261 69 22 medel
309 262 72 21 kunna
403 263 95 28 placeras
516 265 45 18 mot
576 270 25 13 en
617 262 65 28 högre
697 264 60 19 ränta
772 263 26 20 än
815 262 48 25 den,
877 269 45 14 som

101 289 36 22 vid
154 289 144 29 beräkningen
314 290 23 21 af
352 291 95 27 bolagets
462 290 60 22 tariff
534 291 54 27 lagts
603 291 32 20 till
650 290 75 28 grund,
740 297 48 14 men
803 289 36 22 det
854 291 23 19 är
892 292 31 18 att

101 318 72 21 märka
188 320 32 19 att
234 318 135 28 placeringen
385 319 23 21 af
422 319 95 28 bolagets
533 319 69 20 medel
612 319 49 20 sker
671 319 48 20 icke
729 318 36 21 vid
777 321 146 24 agenturerna,

101 350 51 17 utan
174 346 37 21 vid
226 346 189 22 hufvudkontoret.
445 347 44 21 Det
504 349 23 19 är
541 347 83 20 således
639 347 38 20 der
692 347 41 20 den
748 346 79 21 rörelse
843 345 80 22 bedrif-

101 383 44 18 ves,
160 375 87 21 hvilken
262 375 80 21 lemnar
362 375 40 22 den
418 376 106 27 egentliga
538 376 91 20 vinsten.
658 375 57 21 Från
731 375 69 21 denna
815 374 109 29 synpunkt

101 403 123 22 betraktadt
245 404 67 21 måste
332 411 49 14 man
396 404 62 21 alltså
473 411 50 14 anse
538 407 32 18 att
585 403 36 22 det
636 405 23 20 är
674 403 75 22 endast
763 403 161 22 hufvudkonto-

100 435 38 24 ret,
154 440 45 13 som
215 432 41 21 kan
272 432 139 22 underkastas
426 434 100 31 taxering
538 433 34 21 för
587 433 62 26 vinst,
664 440 48 13 men
725 432 48 21 icke
783 434 141 26 agenturerna

102 461 40 22 och
158 463 56 19 ännu
227 461 81 21 mindre
324 461 26 21 de
366 461 104 22 särskilda
485 461 129 26 kommuner,
625 461 37 21 der
677 461 85 28 bolaget
773 460 108 22 bedrifver
891 461 32 20 sin

101 490 84 21 rörelse.
215 489 43 22 Det
280 491 24 20 är
326 490 66 21 också
413 490 38 21 lätt
470 493 31 18 att
516 491 45 21 inse
576 493 32 18 att
623 497 25 14 en
664 489 137 28 beskattning
817 489 64 28 enligt
897 489 26 21 de

100 519 99 28 grunder,
220 526 45 13 som
288 518 113 22 Utskottet
422 519 38 20 här
475 519 103 26 förordar,
593 518 68 21 skulle
676 518 48 22 leda
739 518 32 21 till
786 517 139 28 oriktigheter

102 547 39 22 och
157 548 7 20 i
184 547 114 21 allmänhet
312 547 32 21 till
360 547 99 22 förluster
475 547 35 22 för
526 547 98 28 bolagen;
639 550 23 25 ty
677 555 34 13 om
726 547 37 20 det
777 554 51 14 vore
843 546 82 28 möjligt

102 579 30 18 att
155 576 92 21 beräkna
268 575 41 22 den
331 577 63 25 vinst,
415 583 46 14 som
484 576 34 21 för
538 579 31 18 ett
583 575 64 29 bolag
661 575 87 29 belöper
763 576 32 27 sig
809 575 28 28 på
851 575 73 27 hvarje

103 605 107 25 kommun,
225 604 37 22 der
278 604 36 22 det
331 604 107 22 bedrifver
452 606 33 20 sin
500 605 85 25 rörelse,
601 604 19 21 d.
636 612 19 14 v.
670 612 15 14 s.
701 612 33 13 om
747 612 48 13 man
805 604 35 20 för
852 603 72 29 hvarje

103 634 100 20 kommun
226 633 102 21 särskildt
349 634 97 27 företoge
469 634 33 27 sig
523 636 31 18 att
571 633 48 21 från
635 633 26 21 de
677 632 115 29 inflytande
822 632 103 21 premierna

103 662 87 27 afdraga
205 662 101 21 förluster
320 669 76 20 genom
412 661 92 22 dödsfall
520 662 39 21 och
575 669 26 13 en
609 661 152 28 proportionell
774 661 62 20 andel
847 660 22 21 af
881 660 44 21 för-

104 690 258 28 valtningskostnaderna,
380 690 24 21 så
418 690 72 21 blefve
506 691 110 20 resultatet
631 689 119 29 uppenbart
765 689 42 26 det,
821 691 32 19 att
867 688 58 22 bola-

104 722 36 25 get
161 719 47 22 haft
224 726 25 14 en
265 720 43 20 viss
324 719 78 28 positiv
418 720 57 20 vinst
490 719 27 28 pä
532 727 26 13 en
574 719 35 21 del
624 718 129 27 kommuner,
767 725 48 14 men
831 717 95 22 deremot

104 756 26 13 en
145 748 86 28 negativ
250 749 58 20 vinst
324 747 50 22 eller
388 747 76 22 förlust
479 747 28 29 pä
522 747 71 22 andra.
623 747 34 22 De
672 747 129 26 kommuner,
817 746 37 21 der
868 747 58 21 vinst

104 780 36 25 egt
154 785 52 18 rum,
222 777 53 28 egde
290 776 29 21 dä
332 779 73 18 taxera
420 776 84 29 bolaget
519 777 32 20 för
566 776 75 26 denna,
656 784 46 13 men
718 775 47 22 frän
781 775 27 22 de
817 778 62 23 orter,
888 775 38 21 der

104 806 100 21 förluster
219 808 36 25 egt
268 813 53 18 rum,
332 805 68 22 skulle
415 805 106 28 sjelffallet
535 806 48 21 icke
598 805 65 28 något
678 804 139 22 äterbärande
827 811 40 21 ega
874 811 52 14 rum.

104 834 90 29 Följden
217 834 23 21 af
262 837 31 18 ett
316 833 76 22 sädant
414 834 121 21 förfarande
557 834 72 21 blefve
645 833 61 22 alltsä
721 841 26 14 en
762 833 164 27 öfvertaxering,

104 871 26 13 m.
146 871 18 13 a.
179 871 19 13 o.
214 866 101 25 systemet
330 862 59 21 leder
403 862 48 21 med
466 862 161 29 nödvändighet
640 862 33 21 till
687 870 26 13 en
725 863 88 20 orättvis
823 861 103 28 taxering.

104 892 32 21 Pä
158 892 64 21 dessa
241 891 46 22 skäl
309 891 121 22 hemställer
450 892 42 27 jag,
513 891 105 21 huruvida
637 891 46 21 icke
699 891 37 21 det
751 890 114 26 uttalande,
881 897 45 14 som

104 921 36 28 jag
154 928 50 21 nyss
220 921 81 26 citerat,
317 919 65 22 borde
398 927 24 14 ur
436 919 145 22 betänkandet
595 920 56 28 utgä.

174 982 34 21 Hr
229 983 54 27 Aug.
304 982 134 29 Ramsay:
460 983 41 28 Jag
516 984 23 20 är
554 982 49 21 fullt
614 989 49 14 ense
674 981 48 22 med
733 981 24 22 hr
767 981 102 21 Lindelöf
878 980 49 22 med

107 1011 103 21 afseende
226 1010 12 22 å
253 1011 166 28 uppfattningen
443 1019 33 13 om
499 1014 30 19 ett
544 1010 206 29 försäkringsbolags
765 1010 98 27 taxering
877 1010 8 20 i
900 1009 27 22 de

106 1040 70 21 skilda
198 1039 160 27 kommunerna,
374 1040 100 21 särskildt
489 1040 27 21 dä
532 1040 36 21 det
582 1039 67 28 gäller
663 1039 224 27 lifförsäkringsbolag.
916 1038 12 21 I

107 1069 131 28 besvärsväg
252 1068 66 21 hafva
333 1069 202 28 taxeringsärenden
551 1069 80 27 dragits
646 1068 32 21 till
693 1068 76 27 högsta
784 1068 87 26 instans,
887 1067 40 22 och

106 1097 116 28 föreligger
236 1097 71 28 utslag
322 1097 47 22 frän
386 1097 91 22 Senaten
494 1097 73 22 derom
582 1100 31 18 att
623 1097 96 27 taxering
730 1096 23 21 af
763 1095 164 28 lifförsäkrings-

107 1126 63 27 bolag
185 1126 27 28 pä
227 1126 50 20 flere
299 1128 57 19 orter
374 1126 51 21 eller
440 1126 28 27 pä
482 1126 72 28 hvarje
570 1125 144 28 agenturplats
729 1125 48 21 icke
792 1124 41 21 kan
849 1124 79 28 ifräga-

108 1154 91 26 komma,
221 1157 52 17 utan
290 1154 86 28 bolaget
390 1154 82 21 skattar
486 1154 28 28 pä
530 1154 40 21 den
587 1157 38 22 ort,
633 1153 38 21 der
685 1152 243 28 hufvudförvaltningen

108 1183 73 21 finnes.
213 1182 99 29 Utslaget
326 1184 24 19 är
364 1182 23 21 af
401 1182 41 21 den
459 1184 25 20 12
500 1182 99 22 Oktober
619 1184 84 19 senaste
718 1181 49 22 höst
782 1181 40 22 och
836 1182 35 27 jag
883 1180 45 21 häl-

109 1211 31 21 ler
162 1211 28 28 pä
205 1218 79 14 samma
306 1211 93 28 grunder
420 1219 45 13 som
481 1211 33 21 Hr
528 1210 102 22 Lindelöf
645 1211 45 20 före
705 1213 32 18 att
751 1217 26 14 en
793 1209 66 22 sädan
874 1217 55 20 upp-

108 1239 94 28 fattning
218 1241 23 19 är
256 1239 41 22 den
314 1239 54 22 enda
384 1239 105 26 korrekta,
504 1240 127 21 åtminstone
642 1238 56 21 hvad
711 1237 218 28 lifförsäkringsbolag

109 1268 105 21 beträffar.
244 1268 53 21 Med
317 1268 102 21 afseende
441 1268 13 21 å
476 1267 241 27 elementarförsäkning
740 1269 23 18 är
785 1266 74 27 frågan
881 1265 48 22 icke

111 1297 50 20 fullt
176 1296 43 21 lika
234 1296 52 26 klar;
302 1296 127 21 åtminstone
444 1296 48 21 icke
507 1297 7 20 i
529 1297 76 26 högsta
619 1296 81 20 instans
712 1295 117 21 tillsvidare
839 1293 90 29 afgjord.

110 1325 35 20 Då
160 1325 35 28 jag
209 1325 48 21 icke
273 1328 42 23 vet,
330 1325 104 21 huruvida
449 1325 37 20 det
500 1325 41 21 kan
557 1332 51 14 vara
623 1324 49 21 fullt
686 1323 101 28 lämpligt,
799 1325 31 19 att
840 1323 48 20 från
899 1325 30 18 ett

110 1353 240 22 utskottsbetänkandes
374 1354 126 27 motivering
523 1353 92 21 utesluta
631 1353 64 27 något
709 1352 81 28 stycke,
805 1351 24 22 så
843 1351 38 21 vill
897 1351 33 28 jag

110 1381 76 22 härvid
205 1381 76 22 endast
296 1382 121 21 alternativt
439 1382 129 21 understöda
583 1381 34 21 Hr
629 1381 106 26 Lindelöf,
751 1387 47 14 men
814 1381 6 20 i
836 1380 41 21 alla
892 1359 39 42 fall

111 1410 91 26 anhålla,
224 1414 36 23 att,
283 1411 27 20 då
332 1411 98 21 ärendets
453 1409 185 28 sammanträngda
655 1410 128 27 motivering
798 1409 23 21 af
835 1407 94 30 Expedi-

113 1439 163 20 tionsutskottet
291 1439 54 20 skall
360 1439 100 26 afgifvas,
475 1439 69 20 denna
560 1439 68 26 punkt
640 1438 45 19 deri
705 1437 47 20 icke
765 1437 93 20 behöfde
877 1443 54 20 upp-

111 1469 61 24 tagas
194 1466 89 21 likasom
306 1466 41 21 den
369 1467 47 20 icke
438 1466 66 21 heller
518 1467 7 19 i
540 1466 79 27 positiv
641 1465 54 20 form
711 1464 60 27 ingår
786 1465 6 20 i
809 1464 121 21 Utskottets

113 1495 62 26 kläm,
190 1494 86 22 hvilken
292 1495 35 28 jag
342 1494 34 21 för
390 1495 65 27 öfrigt
469 1494 98 21 förordar
581 1493 32 21 till
629 1493 124 28 antagande,
769 1492 27 21 då
809 1492 122 21 densamma

113 1523 201 22 öfverensstämmer
322 1523 48 22 med
378 1523 47 26 den,
433 1531 45 13 som
484 1523 36 28 jag
528 1521 112 30 uppstälde
647 1523 7 20 i
662 1523 47 20 mitt
716 1521 215 29 petitionsmemorial.

841 1561 21 17 95
