1103 1809
199 142 55 20 1714

532 148 103 21 Register.

248 271 42 23 N:o
306 273 27 21 26

265 404 11 11 »
306 389 25 20 27

266 575 11 11 »
306 560 27 21 28

269 1178 10 11 »
309 1163 26 20 34

308 1277 27 20 35

268 1293 11 12 ”

350 216 128 27 författares
499 216 39 20 och
560 216 115 21 konstnärs
697 217 45 19 rätt
764 216 35 20 till
821 216 66 20 alster
908 215 30 27 af
950 216 38 20 sin

351 244 139 21 verksamhet.
521 244 40 21 III.
592 244 60 24 1226,
668 244 60 20 1285.
758 244 58 28 Afgj.
847 244 60 20 1579.

351 272 49 22 med
421 272 39 22 anl.
483 272 22 21 af
526 274 79 20 tvänne
627 272 32 21 till
679 272 26 21 R.
728 279 18 15 o.
769 273 26 21 A.
817 275 54 18 samt
885 272 102 22 Prestest.

352 301 119 22 inlemnade
486 304 102 25 pet.mem.
599 309 47 19 ang.
659 300 197 23 åstadkommandet
864 300 22 22 af
894 301 94 28 lagstad-

349 330 42 28 gad
417 331 92 21 kontroll
533 331 60 27 öfver
617 330 202 28 emigrantagenter.
853 329 43 22 III.
926 331 62 27 1388,

351 360 146 21 1481—1482.
526 359 59 28 Afgj.
615 359 60 21 1579.

350 387 48 22 med
421 388 40 21 anl.
483 388 23 21 af
523 390 79 19 tvänne
617 387 32 22 till
664 387 103 29 Borgare-
783 387 40 22 och
839 387 102 22 Bondest.
956 389 32 20 in-

350 416 97 21 lemnade
460 420 108 25 pet.mem.,
583 417 37 20 det
635 424 39 13 ena
690 424 46 21 ang.
746 417 187 27 folkskolelärares
942 419 47 19 rätt

351 447 34 19 att
403 445 10 21 i
427 445 59 22 vissa
499 446 44 27 fall
557 446 70 21 räkna
642 445 104 26 tjensteär
759 446 10 20 i
783 445 99 28 afseende
897 445 15 22 ä
927 446 59 21 löne-

351 474 133 28 förhöjning,
508 474 37 21 det
566 474 66 21 andra
654 473 131 22 beträffande
800 473 186 22 folkskolelärares

351 502 101 28 rättighet
473 505 32 19 att
525 503 114 27 samtidigt
659 503 81 20 ansöka
754 503 51 27 flere
821 503 167 28 läraretjenster.

351 531 43 21 III.
424 533 60 24 1388,
500 532 145 21 1482—1485.
674 531 60 28 Afgj.
765 532 60 20 1579.

351 559 49 22 med
423 560 40 21 anl.
485 560 23 21 af
529 563 31 18 ett
581 559 33 22 till
634 559 101 22 Prestest.
750 559 117 22 inlemnadt
884 562 104 25 pet.mem.

352 596 47 20 ang.
414 589 105 21 särskilda
533 589 100 27 åtgärder
648 589 35 27 för
693 589 186 27 folkbildningens
889 589 99 27 höjande.

352 617 41 22 III.
424 618 59 25 1581,
499 618 60 21 1592.
589 617 58 28 Afej.
678 618 60 21 1668.

351 647 7 20 i
381 646 40 21 anl.
445 646 22 21 af
488 646 37 21 två
547 647 57 20 inom
626 646 85 21 Preste-
733 645 40 22 och
796 645 102 22 Bondest.
912 645 78 22 väckta

352 675 123 28 pet.förslag
498 675 89 20 rörande
612 675 27 20 de
660 682 16 13 s.
698 675 20 20 k.
740 674 250 21 bördsrättshemmanen

352 704 70 21 under
436 703 74 22 Jokkis
523 704 58 27 gods.
613 703 42 21 III.
685 704 60 24 1388,
761 704 60 20 1512.
845 703 58 28 Afgj.
929 703 61 21 1668.

353 733 6 20 i
375 732 40 21 anl.
431 732 22 21 af
467 735 32 18 tre
514 733 6 20 i
536 732 25 21 R.
577 739 18 14 o.
610 733 26 20 A.
652 735 54 17 samt
720 731 121 28 Borgarest.
855 731 82 28 ingifna
948 734 42 25 pet.

353 761 81 26 förslag
459 767 46 20 ang.
530 760 196 28 ävägabringandet
750 760 23 21 af
795 760 195 21 arbetarestatistik

353 789 41 21 och
417 796 46 20 ang.
479 789 127 28 statsanslag
621 789 33 20 för
669 788 136 21 anordnande
821 789 23 20 af
859 789 127 20 elementar-

354 819 75 20 kurser
443 817 36 28 för
493 817 103 22 arbetare.
625 817 42 20 111.
693 818 60 24 1517,
769 818 145 21 1592—1598.
930 817 59 27 Afgj.

354 847 61 20 1668.

353 875 7 20 i
383 875 39 20 anl.
444 874 23 21 af
489 877 30 18 ett
541 875 6 20 i
570 875 102 20 Prestest.
694 873 91 28 ingifvet
807 874 121 28 pet.förslag
943 881 47 20 ang.

353 903 148 22 fastställande
516 903 23 22 af
554 903 74 26 vilkor,
643 902 120 22 hvarunder
773 903 215 28 platsförmedlings-

353 933 59 27 affär
426 932 33 21 får
475 932 114 22 bedrifvas.
618 933 39 20 III.
688 933 60 25 1517,
765 933 145 20 1599—1600.
931 932 60 29 Afgj.

355 962 60 21 1668.

353 991 6 20 i
381 990 40 21 anl
444 989 21 22 af
487 993 30 18 ett
536 991 31 20 till
582 989 102 22 Bondest.
698 990 91 28 ingifvet
804 989 123 29 pet.förslag
942 997 48 21 ang.

353 1018 151 29 upphäfvande
535 1019 22 21 af
587 1019 137 21 betesskatten
753 1019 14 21 &
797 1019 191 21 kronomarkerna.

352 1047 42 22 TIL.
424 1048 60 26 1516,
500 1049 61 20 1557.
591 1047 57 28 Afgj.
679 1048 60 21 1668.

352 1077 6 20 i
381 1075 40 22 anl.
444 1075 22 22 af
489 1079 30 18 ett
540 1076 32 21 till
594 1075 102 22 Bondest.
711 1076 92 27 ingifvet
817 1075 123 28 pet.förslag
955 1083 35 14 om

353 1104 100 27 vederlag
475 1105 34 20 för
530 1105 93 28 forsling
647 1104 28 27 af
690 1105 51 27 rysk
763 1105 97 20 militärs
882 1106 55 19 tross
957 1104 33 21 till

353 1133 119 28 Kaukjärvi
488 1133 119 28 lägerplats.
630 1133 40 20 III
691 1134 60 25 1581,
769 1134 60 20 1600.
849 1133 59 28 Afgj.
929 1134 61 20 1668.

353 1161 48 21 med
420 1162 39 21 anl.
475 1163 20 19 af
511 1165 30 18 ett
556 1163 7 19 i
578 1162 25 21 R.
618 1169 18 13 o.
653 1162 25 21 A.
693 1162 116 21 inlemnadt
825 1164 103 25 pet.mem.
943 1169 47 20 ang.

354 1191 178 32 omorganisation
549 1191 22 20 af
585 1191 187 26 undervisningen
784 1191 9 20 i
805 1191 185 20 naturalhistoria

353 1220 7 19 i
376 1218 82 21 landets
473 1219 65 28 högre
553 1219 218 21 elementarläroverk.
793 1218 42 21 III.
858 1220 61 25 1581,
935 1219 55 21 1644

353 1243 90 37 —1647.
473 1232 58 48 Afej.
562 1248 59 21 1668.

353 1277 6 20 i
382 1277 40 20 anl.
445 1276 22 21 af
489 1280 30 17 tre
542 1277 31 20 till
596 1276 90 26 Preste-,
707 1277 105 26 Borgare-
832 1275 40 22 och
887 1275 102 22 Bondest.

353 1305 82 27 ingifna
450 1305 123 28 pet.förslag
587 1312 47 21 ang.
649 1289 172 48 statsunderstöd
835 1305 36 26 för
884 1305 103 27 fortbild-

353 1334 169 27 ningsläroverk.
553 1333 40 21 111.
624 1335 60 24 1581,
701 1335 60 19 1647.
791 1333 58 28 Afgj.
879 1334 61 20 1668.

255 1361 48 21 dess
316 1361 75 21 skrifv.
399 1368 46 19 ang.
453 1361 50 26 afgj.
512 1361 99 21 ärenden.
625 1361 41 20 III.
683 1362 146 25 1576-1579,
845 1361 145 21 1667—1668.

171 1389 197 22 Ambulatoriska
383 1389 206 26 sjuksköterskor;
605 1397 23 13 se
644 1389 26 20 A.
685 1389 24 20 P.
727 1389 37 21 U:s
781 1389 41 21 bet.
837 1389 42 21 N:o
895 1390 32 19 17.

171 1417 115 28 Aminoff,
301 1417 75 26 Adolf,
410 1412 238 43 rotokollssekreterare,
663 1417 130 28 Godsegare.
822 1418 17 21 I
868 1419 18 20 4

171 1494 69 3 —
297 1491 11 11 ”

171 1524 69 3 —
297 1521 10 10 ”

254 1433 77 34 utsedd
347 1434 31 33 tili
394 1446 112 28 suppleant
520 1447 6 19 i
541 1445 33 51 a
581 1446 28 22 U.
638 1446 17 21 I

358 1491 12 10 N
576 1459 28 48 p.
616 1475 21 22 U.
667 1475 17 21 I.
714 1463 47 33 193.

358 1521 11 10 »
393 1491 92 34 ledamot
500 1491 31 34 af
537 1475 103 51 tn
655 1503 30 23 St.
701 1504 26 22 U.
757 1503 42 23 111.
830 1505 60 21 1556.
