1095 1809
198 137 54 21 1650
445 143 23 18 R.
481 147 18 14 0.
510 143 23 18 A.
545 143 55 19 1897.
623 143 22 17 31
658 142 47 22 Maj.

168 214 26 18 än
215 219 50 14 vore
287 214 32 18 att
338 212 50 28 ingä
407 212 32 20 uti
459 220 26 14 en
499 212 65 21 kritik
578 212 24 21 af
622 212 61 21 dessa
702 213 73 25 motiv,
795 211 66 21 afstär
880 212 35 28 jag
929 212 55 20 dock

168 239 99 27 derifrän,
289 240 87 22 emedan
398 240 41 21 den
460 240 73 22 endast
554 240 66 22 skulle
641 240 112 22 framkalla
766 240 114 22 teoretiska
894 240 89 21 invänd-

168 269 79 28 ningar,
261 276 45 14 som
327 269 31 21 uti
379 269 129 21 närvarande
529 270 63 20 stund
609 268 66 22 under
691 268 139 29 landtdagens
844 269 52 21 sista
910 268 73 22 timme

168 305 50 14 vore
238 297 105 29 gagnlösa.
364 311 27 2 —
410 297 52 22 Men
477 297 121 23 Utskottets
613 297 134 28 kategoriska
760 296 108 23 uttalande
883 297 13 21 å
910 297 38 22 sid.
964 298 20 26 9,

170 326 41 21 kan
231 327 35 28 jag
286 325 55 22 dock
356 327 18 27 ej
390 325 44 22 helt
448 326 40 21 och
502 326 65 21 hället
581 326 48 21 med
643 325 85 29 tystnad
742 325 90 28 förbigä,
846 329 24 25 ty
884 326 52 27 ifall,
951 325 33 22 sä-

169 362 44 14 som
235 354 65 22 orden
321 355 51 28 lyda
391 355 88 21 »endast
495 355 35 21 det
543 355 113 27 kollegiala
670 357 102 24 systemet
786 354 78 21 förmår
878 354 38 21 hos
930 355 55 28 jern-

169 383 207 28 vägsförvaltningen
397 383 141 28 upprätthälla
559 383 84 26 fasthet,
664 383 170 28 planmässighet,
850 385 72 26 sträng
936 383 50 20 hus-

169 411 94 29 hållning
284 411 40 22 och
346 411 129 28 konsegvent
494 412 107 28 ordning»,
622 411 56 22 hvad
699 411 55 22 skall
768 411 28 21 dä
810 413 60 26 sägas
885 419 35 13 om
934 411 51 22 våra

169 440 148 29 grannländers
340 440 40 21 och
397 442 73 19 nästan
485 440 48 21 hela
547 440 94 29 Europas
656 440 47 21 icke
718 440 111 28 kollegiala
842 440 143 27 jernvägsför-

169 469 132 28 valtningar?
329 469 102 21 Förutom
450 469 38 21 vid
502 469 27 22 de
543 469 70 22 finska
627 469 187 28 statsjernvägarne
829 470 23 19 är
867 468 37 21 det
933 469 50 21 kolle-

169 497 56 29 giala
234 501 102 18 systemet
345 497 92 22 rädande
450 498 73 22 endast
533 497 37 22 vid
579 498 27 21 de
616 497 100 29 Belgiska
725 497 151 26 statsbanorna,
886 497 99 22 Schveit-

169 526 59 21 ziska
248 525 168 28 Nordostbanan,
441 525 96 22 Franska
563 526 134 26 Nordbanan,
718 526 177 28 Jura—Simplon
916 525 68 22 banan

170 555 40 21 och
225 555 67 21 delvis
308 554 63 22 äfven
385 555 37 21 vid
437 555 26 20 de
477 555 84 22 Norska
575 555 150 21 statsbanorna.
741 568 26 2 —
782 554 74 22 Hatva
866 554 41 21 alla
916 554 68 29 öfriga

170 583 151 28 förvaltningar
342 583 48 21 icke
405 583 86 22 förmätt
505 583 142 29 upprätthälla
660 583 170 29 planmässighet,
844 583 86 27 fasthet,
943 583 43 28 god

170 611 131 29 hushällning
323 611 40 22 och
378 612 101 27 ordning?
506 612 99 22 Förvisso
619 613 8 20 i
641 612 49 21 fullt
704 611 43 22 lika
761 612 43 28 hög
817 611 53 29 grad
887 619 45 14 som
946 612 40 21 här

170 642 7 20 i
198 640 97 27 Finland,
315 643 24 25 ty
361 643 101 26 systemet
479 641 38 21 har
535 641 106 28 ingenting
656 644 32 17 att
702 640 71 21 skaffa
786 640 93 21 dermed.
894 653 27 2 —
936 641 53 21 Alla

170 672 79 26 system
263 671 36 19 äro
313 669 39 21 bra
366 669 48 21 med
429 669 90 28 dugliga,
533 669 138 22 intresserade
686 669 39 22 och
740 669 37 21 sitt
796 669 43 21 kall
856 676 71 15 vuxna
939 677 48 20 per-

170 705 66 14 soner.
251 710 27 3 —
293 698 41 21 Att
355 697 37 21 det
412 697 111 28 kollegiala
540 701 100 25 systemet
659 698 38 21 vid
720 698 156 28 förvaltningen
893 697 23 21 af
935 697 50 22 våra

170 727 162 27 statsjernvägar
346 725 79 22 utfallit
437 726 23 21 sä
469 734 49 21 pass
530 727 35 21 väl
575 735 44 13 som
631 726 37 21 det
679 727 60 28 gjort,
749 728 24 19 är
788 726 72 21 derför
872 726 113 28 ingalunda

170 758 110 25 systemets
295 755 103 28 förtjenst.
427 755 49 21 Den
490 755 73 21 känsla
577 756 22 21 af
613 755 152 28 oansvarighet,
775 763 44 13 som
829 755 37 21 det
875 755 112 28 kollegiala

170 786 101 26 systemet
284 784 9 20 i
307 783 64 28 högre
386 783 51 21 eller
451 783 80 22 mindre
560 785 37 20 grad
612 783 61 22 föder
683 783 38 22 hos
736 783 75 22 chefen
829 783 40 22 och
890 783 98 29 samtliga

170 813 149 26 ledamöterna,
333 814 23 19 är
370 788 195 57 förderfbringande
580 813 34 21 för
627 812 72 28 hvarje
714 812 61 21 affär.
804 811 183 30 Jernvägsdriften

170 841 39 22 bör
223 840 35 21 väl
272 840 90 21 framför
372 840 38 21 allt
424 841 71 21 skötas
512 841 67 21 såsom
595 849 24 14 en
634 841 61 21 affär.
723 841 47 22 Der
784 841 78 21 tillåter
876 848 49 14 man
939 841 48 21 icke

170 873 33 18 att
223 869 75 21 chefen
315 869 34 21 för
364 876 25 13 en
404 869 62 21 firma
481 869 125 29 degraderas
620 869 32 22 till
667 869 125 22 ordförande
808 870 30 20 uti
853 877 26 14 en
894 869 93 28 styrelse,

170 898 63 22 hvars
248 897 69 22 beslut
331 898 42 21 han
382 897 54 22 skall
444 899 55 21 tillse
509 901 33 18 att
551 898 67 23 blifva
628 898 117 29 fullgjorda.
767 898 33 21 En
811 898 55 21 affär
876 898 33 22 får
918 898 68 29 aldrig

170 927 64 27 hvila,
248 927 67 28 aldrig
329 927 68 21 blifva
407 927 180 28 slentrianmässig.
617 927 82 22 Chefen
713 927 34 22 för
767 935 25 14 en
802 927 64 21 sådan
877 927 72 26 måste,
959 941 28 2 —

170 956 35 21 för
219 958 32 19 att
265 955 95 28 begagna
382 962 26 14 en
429 955 86 22 liknelse
529 969 34 13 —,
577 957 50 20 sitta
647 955 68 22 såsom
730 963 26 14 en
770 956 57 28 fogel
841 955 29 29 på
884 963 26 14 en
924 957 63 27 qvist,

171 983 99 30 spejande
292 987 22 18 åt
334 984 41 21 alla
396 983 48 22 håll.
474 984 45 21 Gör
540 984 41 21 han
600 985 37 21 det
650 984 54 23 icke,
719 985 41 21 blir
773 985 43 20 han
830 987 58 18 snart
902 984 86 28 oduglig

170 1013 40 21 och
233 1014 86 19 ersättes
341 1012 23 21 af
386 1019 25 14 en
432 1020 73 14 annan.
521 1026 27 3 —
564 1013 38 22 Uti
622 1021 26 13 en
667 1013 98 28 kollegial
782 1013 87 28 styrelse
892 1013 95 21 deremot

170 1041 100 21 förlamas
285 1041 71 27 hvarje
370 1041 92 21 initiativ
477 1042 39 21 och
531 1042 144 21 neutraliseras
691 1041 40 21 den
746 1041 118 29 personliga
880 1042 107 27 ansvarig-

170 1069 69 27 heten,
261 1069 27 21 då
310 1069 78 22 enhvar
408 1069 92 22 ledamot
521 1070 41 21 kan
584 1070 109 21 förskansa
707 1071 32 26 sig
754 1070 76 21 bakom
844 1071 143 27 majoritetens

170 1101 78 18 votum.
262 1111 28 2 —
306 1097 38 22 Uti
359 1105 26 13 en
400 1097 64 22 sådan
479 1099 86 27 styrelse
585 1098 120 29 uppehälles
720 1098 63 22 äfven
798 1098 126 21 slentrianen
939 1097 48 22 med

171 1126 28 21 all
214 1126 41 21 den
270 1125 78 28 styrka,
362 1133 44 14 som
421 1125 68 22 finnes
503 1126 130 22 inneboende
647 1128 32 19 uti
694 1129 31 18 ett
739 1126 143 29 byråkratiskt
897 1127 91 21 embets-

171 1154 62 22 verks
247 1154 193 27 tröghetsmoment.

239 1183 73 27 Enligt
326 1183 50 21 mitt
385 1183 59 20 ringa
454 1183 95 22 omdöme
565 1183 64 22 borde
641 1183 81 22 således
731 1183 255 28 jernvägsförvaltningen

171 1211 38 21 hos
223 1219 34 13 oss
271 1218 51 14 vara
336 1211 45 20 icke
396 1211 104 27 kollegial,
515 1212 67 21 såsom
603 1213 7 20 i
625 1212 26 21 de
666 1212 63 21 flesta
743 1211 149 29 kulturländer,
906 1211 35 21 för
954 1214 34 19 att

171 1239 66 21 under
251 1239 42 22 alla
307 1239 176 28 omständigheter
497 1241 35 20 väl
547 1241 69 20 kunna
630 1240 52 28 fylla
703 1241 32 20 sin
749 1241 91 20 mission.
869 1241 31 20 Åt
914 1240 72 28 hvarje

171 1267 212 28 afdelningsdirektör
406 1268 65 21 borde
496 1268 113 22 öfverlåtas
631 1268 134 28 ansvarighet
791 1269 33 20 för
845 1268 52 21 hans
919 1269 67 20 afdel-

171 1297 50 27 ning
239 1296 40 21 och
297 1296 21 21 åt
333 1296 76 21 chefen
423 1299 33 18 att
469 1297 47 20 från
531 1305 25 13 en
570 1305 120 20 gemensam
705 1297 106 28 synpunkt
825 1297 48 21 leda
888 1297 36 20 det
939 1297 47 21 hela

170 1324 40 22 och
232 1324 143 29 upprätthålla
396 1325 41 20 den
455 1325 76 28 riktiga
549 1325 114 28 jemvikten
681 1325 89 21 emellan
787 1325 27 21 de
834 1325 69 21 skilda
920 1325 68 21 afdel-

170 1353 106 27 ningarne,
297 1359 47 14 men
364 1353 110 27 opinionen
489 1353 34 20 för
537 1354 73 27 dagen,
624 1353 80 21 hvarpå
718 1353 122 22 Utskottets
854 1353 133 22 betänkande

171 1380 40 21 och
225 1380 119 29 Kejserliga
358 1380 102 21 Senatens
475 1381 64 21 ofvan
553 1381 88 21 anförda
652 1381 90 21 ledande
752 1382 82 27 princip
842 1383 74 26 utgöra
923 1381 65 26 bevis,

170 1409 38 28 går
221 1409 8 20 i
245 1416 26 13 en
285 1415 67 15 annan
366 1408 92 29 riktning
474 1409 40 21 och
528 1409 48 22 icke
591 1413 32 18 att
637 1409 42 22 alla
692 1410 81 28 vigtiga
785 1409 71 29 frågor
865 1411 56 20 inom
932 1410 55 28 jern-

170 1437 247 29 vägsadministrationen
438 1437 59 22 skola
518 1438 83 29 afgöras
624 1438 112 29 kollegialt.
765 1438 115 29 Sjelffallet
901 1438 34 21 får
952 1439 37 28 jag

170 1466 133 22 underordna
319 1467 44 20 min
382 1466 30 21 äsigt
456 1467 68 22 denna
545 1469 90 27 opinion,
649 1475 48 14 men
711 1467 67 22 mäste
792 1468 8 21 i
815 1467 71 30 hvarje
901 1467 39 22 fall
955 1467 33 22 af-

172 1495 72 30 styrka
258 1495 127 29 antagandet
398 1491 27 39 af
436 1495 121 23 Utskottets
571 1497 79 28 förslag
665 1497 67 21 såsom
747 1497 34 21 för
794 1497 131 22 närvarande
938 1497 49 21 full-

171 1524 89 30 komligt
274 1524 119 29 obehöfligt.
