1098 1803
198 140 56 21 1676
446 146 25 17 R.
483 150 18 13 0.
512 146 23 17 A.
548 146 54 17 1897.
627 147 23 16 31
662 146 48 20 Maj.

444 216 31 17 att
489 213 26 20 R.
530 221 18 13 o.
563 213 27 21 A.
605 216 55 18 samt
674 212 180 29 Borgareständet
870 212 47 21 med
930 213 58 21 frän-

376 241 82 27 gäende
480 241 22 21 af
519 242 37 20 sitt
571 241 70 21 beslut
655 242 89 21 rörande
760 241 140 22 omförmälda
915 241 76 28 tillägg

375 269 32 21 till
419 269 242 28 författningsförslaget
671 270 49 21 ville
731 269 114 29 godkänna
856 271 12 20 2
880 271 12 26 $
904 270 26 21 15
941 270 50 28 kap.

375 297 201 28 rättegängsbalken
591 299 67 27 enligt
673 298 122 22 Utskottets
811 298 140 21 betänkande.

424 354 31 21 Pä
470 355 162 27 Lagutskottets
648 357 88 25 vägnar:

471 413 83 21 Jaakko
568 413 117 21 Forsman.

697 469 99 23 William
811 472 112 20 Forsman.

239 526 32 22 Pä
286 526 93 29 begäran
395 528 107 21 lemnades
518 528 62 21 ordet
594 529 22 21 ät

240 586 34 20 Hr
293 585 19 21 J.
331 585 184 27 Grotenfelt,
534 593 45 13 som
596 585 94 29 yttrade:
720 585 26 21 Jag
776 586 79 21 tilläter
870 586 44 27 mig
929 585 64 22 vörd-

171 616 55 20 samt
240 614 80 21 föreslå
342 617 31 18 att
391 614 25 21 R.
432 622 18 14 o.
465 615 27 20 A.
508 614 56 26 ville,
580 614 46 22 med
643 593 131 49 frångående
790 614 23 22 af
828 616 36 20 sitt
879 614 90 28 tidigare
984 615 8 21 i

171 642 89 22 ärendet
274 642 83 22 fattade
374 643 74 26 beslut,
465 643 72 21 bifalla
553 643 31 21 till
600 642 160 28 inbjudningen.
790 642 28 22 Sä
834 650 65 21 gerna
914 644 35 27 jag
964 644 28 20 än

172 672 34 20 för
228 672 42 20 min
293 671 35 21 del
349 671 51 27 såge
421 675 31 17 att
470 672 93 27 qvinnan
580 672 71 20 blefve
667 672 143 28 uttryckligen
826 672 119 27 berättigad
961 674 33 18 att

172 700 104 28 uppträda
292 699 71 22 såsom
377 700 209 27 rättegångsombud,
602 700 41 21 kan
658 701 36 26 jag
708 700 56 21 dock
779 701 47 21 icke
842 700 34 21 för
890 701 43 26 mig
948 700 45 22 för-

172 728 56 29 dölja
251 731 32 18 att
302 728 76 28 frågan
398 728 73 21 härom
489 730 22 19 är
531 728 22 21 af
570 729 82 20 mindre
671 729 97 27 praktisk
784 729 109 27 betydelse
908 730 27 19 än
951 728 42 22 den

172 757 76 26 fördel,
268 764 45 14 som
331 757 69 20 skulle
418 758 74 19 vinnas
508 757 122 27 derigenom
646 759 31 18 att
692 756 76 22 endast
783 757 147 28 rättskunniga
946 765 48 20 per-

173 793 63 14 soner
255 785 55 28 finge
325 785 77 22 anlitas
417 785 69 21 såsom
503 785 79 22 ombud
597 785 36 21 vid
650 785 154 22 öfverrätterne
820 786 40 21 och
874 787 7 19 i
896 785 100 22 Justitie-

173 814 175 29 departementet.
378 813 51 22 Man
445 821 62 21 synes
523 815 48 20 icke
587 814 50 21 böra
648 814 138 21 underskatta
798 814 124 28 betydelsen
932 814 63 21 deraf

173 846 32 17 att
220 843 83 27 menige
318 850 49 13 man
383 842 132 28 småningom
531 843 73 28 vänjer
620 844 32 27 sig
667 843 37 20 vid
720 845 31 18 att
766 843 65 21 anlita
845 843 149 28 rättskunniga

173 879 101 21 personer
295 871 70 22 såsom
387 871 78 21 ombud
487 871 41 21 och
547 872 101 27 derjemte
664 871 34 21 må
712 872 48 20 icke
775 871 66 22 heller
856 871 92 22 förbises
964 875 32 18 att

173 900 162 21 underrätterne
353 907 75 20 genom
445 900 40 21 den
501 900 143 28 formulering,
660 907 45 14 som
720 900 123 22 Utskottets
859 900 137 22 betänkande

174 928 122 27 innehåller,
316 928 71 21 blefve
403 929 6 20 i
424 929 83 20 tillfälle
523 932 31 17 att
570 928 26 29 på
612 932 31 17 ett
657 936 57 13 mera
729 928 99 22 effektivt
842 931 48 24 sätt,
905 931 27 19 än
947 929 49 21 här-

173 957 67 22 intills
255 958 55 20 varit
321 957 66 26 fallet,
400 957 76 28 pröfva
486 957 150 28 lämpligheten
648 957 40 21 och
698 957 156 28 skickligheten
864 958 39 21 hos
914 957 81 22 sådana

174 993 107 21 personer,
298 985 74 22 hvilka
387 986 83 21 anmäla
485 987 33 26 sig
533 985 69 22 såsom
618 985 79 22 ombud
713 986 36 21 vid
765 986 168 21 underrätterna.
962 986 34 22 På

174 1015 64 21 dessa
248 1015 34 23 af
304 1015 43 26 mig
369 1015 7 20 i
399 1014 84 21 korthet
504 1014 90 21 anförda
614 1015 46 20 skäl
682 1015 94 21 anhåller
790 1015 35 28 jag
840 1015 109 20 vördsamt
964 1018 32 18 att

173 1043 26 21 R.
214 1051 19 13 o.
248 1043 27 20 A.
291 1043 50 21 ville
356 1043 114 27 godkänna
485 1043 159 28 inbjudningen.

242 1100 34 22 Hr
292 1100 25 21 A.
334 1099 194 29 Gripenberg:
559 1100 56 22 Utan
632 1102 31 18 att
679 1100 50 28 vilja
744 1102 101 19 motsätta
860 1100 43 27 mig
917 1099 78 29 sjelfva

174 1130 73 25 saken,
261 1128 68 22 måste
344 1129 35 27 jag
395 1129 93 20 erkänna
503 1131 31 19 att
548 1129 36 27 jag
598 1128 48 21 icke
661 1130 42 19 rätt
718 1128 79 21 förstår
808 1128 187 28 nödvändigheten

174 1158 23 21 af
211 1157 164 28 Lagutskottets
390 1156 131 29 inbjudning.
550 1157 26 21 R.
591 1164 18 14 o.
620 1157 32 25 A.,
662 1157 85 21 Preste-
758 1156 40 22 och
809 1156 186 28 Borgareständen

173 1186 66 21 hafva
262 1186 81 27 antagit
361 1185 249 28 författningsförslaget.
639 1185 26 21 R.
681 1193 18 13 o.
715 1186 27 20 A.
757 1185 40 21 och
813 1185 182 28 Borgareständet

173 1214 67 22 hafva
255 1214 68 21 deruti
339 1214 109 21 dessutom
463 1214 56 27 gjort
535 1217 31 17 ett
580 1214 79 27 tillägg.
688 1214 34 21 Då
737 1222 29 13 nu
781 1217 32 18 tre
829 1214 79 21 Ständs
924 1214 71 21 beslut

174 1243 48 21 icke
240 1243 67 20 finnes
327 1242 35 21 för
377 1242 58 21 detta
451 1242 79 28 tillägg,
543 1250 62 20 synes
621 1242 37 20 det
672 1243 44 26 mig
730 1250 50 14 vara
796 1243 102 27 naturligt
912 1245 31 18 att
958 1242 38 21 det

173 1271 103 25 förfaller,
298 1278 47 14 men
369 1270 34 21 för
424 1270 248 28 författningsförslaget,
692 1270 77 22 sädant
790 1270 36 22 det
845 1271 23 21 af
882 1270 113 22 Utskottet

173 1300 123 25 framstälts,
312 1299 39 21 bör
364 1306 77 20 genom
456 1302 33 18 tre
504 1298 80 22 Ständs
600 1299 70 21 beslut
684 1299 67 21 finnas
767 1298 65 29 nödig
847 1300 112 27 majoritet.

243 1356 34 20 Hr
295 1356 20 20 J.
338 1355 177 21 Grotenfelt:
545 1354 13 21 I
580 1354 115 28 anledning
717 1355 23 20 af
762 1354 42 22 den
827 1357 84 19 senaste
931 1354 65 22 ärade

173 1384 93 21 talarens
286 1384 139 26 anmärkning
444 1383 38 21 ber
499 1384 35 26 jag
556 1382 23 22 få
594 1385 76 19 nämna
686 1386 31 18 att
731 1390 29 14 nu
776 1383 162 27 ifrågavarande
953 1383 44 21 till-

173 1412 50 28 lägg
245 1412 31 21 till
299 1411 244 29 författningsförslaget
564 1411 68 21 mäste
652 1419 61 14 anses
734 1419 51 14 vara
806 1411 23 21 af
847 1410 149 29 integrerande

175 1441 109 28 betydelse
300 1441 33 20 för
343 1440 122 26 detsamma,
475 1440 69 21 säsom
558 1440 66 21 ocksä
635 1440 67 21 delvis
713 1440 111 21 framhölls
834 1441 68 20 under
912 1440 85 21 diskus-

174 1471 75 20 sionen
267 1469 129 22 ätminstone
418 1470 6 20 i
440 1469 59 21 detta
518 1469 74 26 Ständ,
607 1469 88 22 hvarför
709 1469 195 29 ständerpluralitet
919 1470 18 28 ej
953 1469 43 22 kan

174 1506 62 14 anses
251 1499 112 28 föreligga,
378 1498 71 21 derest
464 1497 48 22 icke
528 1502 31 17 ett
574 1497 132 29 frängäende
721 1498 23 22 af
756 1498 37 22 det
802 1498 91 29 tidigare
904 1498 94 22 beslutet

174 1528 48 21 från
237 1527 26 22 R.
279 1535 18 14 o.
312 1528 39 21 A:s
367 1527 39 22 och
421 1527 192 28 Borgareständets
629 1527 47 21 sida
692 1527 67 22 ernäs.
