1103 1789
230 164 12 19 2

199 226 144 24 författningen
364 227 90 17 närmare
472 225 95 24 angifvits
586 224 44 19 dels
648 225 7 18 i
671 225 11 18 2
698 230 59 13 mom.
772 225 20 18 af
807 225 13 18 4
836 223 18 27 8,
869 225 36 19 där
919 225 34 19 det

199 254 56 19 heter
273 255 30 18 att
319 253 33 20 vid
367 253 157 20 bestämmandet
538 253 20 19 af
572 253 24 19 de
611 253 84 24 afgifter,
711 253 67 19 hvilka
792 253 31 19 för
835 253 118 19 industriela

199 283 133 24 inrättningar
354 282 112 19 »äfvensom
489 281 20 19 af
532 281 168 20 landthandlande
725 281 37 19 och
788 287 93 19 personer
903 283 48 18 utan

201 311 38 19 fast
262 311 98 25 egendom
383 310 45 19 böra
450 310 106 25 erläggas»,
577 309 94 20 afseende
693 309 49 20 skall
761 309 71 20 »fästas
851 309 11 20 å
878 309 75 20 sådana

200 339 133 25 inrättningar
353 339 38 19 och
409 345 95 18 personer
519 338 81 26 päförda
614 338 126 19 kommunala
755 338 118 25 utskylder,»
888 338 43 19 dels
946 338 6 19 i

201 369 25 19 10
251 369 17 24 S,
291 374 43 13 som
357 367 126 20 föreskrifver
503 369 29 18 att
555 367 160 26 päskpenningar
730 373 25 13 m.
771 367 19 19 fl.
807 367 29 18 till
855 367 97 25 beloppen

201 397 98 19 växlande
322 397 80 24 afgifter
424 396 55 19 skola
501 396 81 25 utbytas
605 397 53 18 emot
679 395 101 20 bestämda
802 395 103 26 personela
920 397 32 18 ut-

201 425 87 25 skylder,
303 425 110 20 »fördelade
428 424 25 26 pä
468 425 188 24 fastighetsegarene
671 424 36 19 och
722 424 154 25 församlingens
891 424 62 25 öfriga

200 453 99 25 invånare,
323 459 42 14 som
388 455 71 18 sexton
482 453 32 20 års
537 453 55 19 ålder
612 452 91 25 uppnått,
718 452 63 25 jemnt
796 452 47 21 eller
858 453 49 19 efter
922 453 30 19 in-

201 483 81 24 delning
303 483 6 18 i
331 482 95 24 klasser»;
440 482 83 19 hvarvid
539 481 150 24 författningens
703 481 85 20 ledande
803 481 149 26 grundprincip,

201 511 201 25 aflöningsbeloppets
424 510 137 19 bibehållande
584 509 33 20 vid
638 511 64 18 status
721 516 44 19 qvo,
780 509 115 26 ytterligare
910 509 42 20 häf-

201 539 35 19 das
259 539 75 20 medels
357 539 151 24 bestämningen
533 540 29 18 att
582 539 60 18 dessa
662 538 54 19 äldre
738 539 80 24 afgifter
842 538 55 19 skola
921 539 31 18 ut-

201 568 71 19 räknas
301 568 60 19 »efter
389 567 158 25 medelbeloppet
572 567 36 19 och
633 566 68 19 värdet
727 567 28 19 för
780 567 24 20 de
825 568 78 18 senaste
926 565 27 20 tio

201 595 62 20 åren.»

269 635 43 19 Den
338 635 6 18 i
367 634 140 25 författningen
532 633 117 21 föreskrifna
672 634 124 25 jemnvikten
818 635 84 19 emellan
928 635 25 19 de

201 663 113 20 dåvarande
337 663 36 20 och
394 663 24 19 de
440 663 99 19 blifvande
560 663 194 25 aflöningsbeloppen
776 664 72 19 rubbas
870 663 43 20 icke
934 663 20 19 af

201 693 39 19 den
261 691 128 26 särställning
406 691 102 25 bergverk,
524 691 50 20 bruk
589 691 37 20 och
641 691 60 20 andra
717 691 116 21 industriela
848 692 105 19 inrättnin-

201 728 35 18 gar
255 721 74 19 erhöllo
351 720 6 19 i
379 721 10 18 1
405 726 58 13 mom.
479 720 19 19 af
513 720 12 19 4
542 721 18 24 $,
575 720 114 25 ytterligare
705 720 84 20 betonad
804 721 7 19 i
826 722 28 18 ett
869 721 19 18 af
902 720 51 19 Eck-

201 749 245 26 lesiastik-Expeditionen
466 749 38 19 den
524 749 26 19 24
572 749 84 19 februari
678 749 53 20 1887
750 749 6 20 i
772 751 66 18 ämnet
853 749 100 20 utfärdadt

201 778 136 24 cirkulärbref;
356 779 23 23 ty
393 777 24 20 de
432 777 44 19 från
492 777 46 20 dem
553 777 63 20 delvis
631 777 60 20 redan
706 778 20 19 af
740 777 56 20 ålder
811 777 98 26 utgående
925 778 27 19 af-

201 807 86 25 gifterna
309 806 65 19 skulle
393 806 6 19 i
419 805 207 26 jemförelsekalkylen
648 806 89 20 hvarken
758 806 11 20 &
790 807 37 19 den
849 813 36 13 ena
905 807 48 19 eller

201 836 61 19 andra
283 835 57 19 sidan
359 836 56 23 tagas
437 835 5 18 i
463 835 151 24 konsideration,
633 834 66 20 säsom
720 835 44 20 icke
782 835 86 20 varande
883 841 26 14 en
924 835 31 20 för

201 864 39 19 alla
263 863 51 20 tider
337 863 59 20 säker
417 863 93 19 inkomst.
546 863 89 20 Fastmer
660 863 85 25 framgår
770 864 64 19 denna
858 864 96 25 jemnvikt

202 893 45 18 med
262 894 25 17 än
304 893 62 18 större
381 891 64 25 logisk
460 891 146 26 nödvändighet
621 898 25 13 ur
660 891 34 20 det
709 892 97 19 särskilda
816 892 138 25 pointerandet

201 921 20 20 af
241 921 56 19 detta
315 920 51 20 enda
387 921 107 24 undantag,
509 921 5 18 i
529 920 116 25 jemnbredd
660 920 95 20 hvarmed
770 921 24 19 de
810 921 100 19 blifvande
925 921 28 19 af-

201 950 86 25 gifterna
305 949 20 20 af
339 949 168 20 landthandlande
522 949 36 19 och
573 949 154 25 enkannerligen
742 955 95 20 personer
852 951 47 18 utan
914 949 39 20 fast

201 978 98 25 egendom
322 990 27 2 —
371 984 45 13 vare
438 978 30 25 sig
487 978 100 19 desamma
606 978 83 25 utginge
709 979 44 18 med
767 978 39 20 lika
823 979 71 25 belopp
910 984 43 13 som

201 1007 29 20 för
253 1007 200 25 fastighetsegarenes
474 1013 100 19 personer,
594 1007 48 20 eller
661 1007 110 20 fördelades
790 1007 6 20 i
814 1007 75 20 klasser
904 1007 50 20 efter

201 1036 141 26 proportionen
361 1035 19 20 af
397 1035 24 20 de
442 1035 126 20 kommunala
583 1035 129 25 utskylderna
730 1047 24 3 —
770 1035 64 20 måste
848 1042 59 13 anses
922 1042 30 13 re-

202 1066 116 25 presentera
339 1071 24 13 en
385 1064 25 25 pä
431 1065 64 24 grund
510 1065 20 19 af
544 1065 151 24 folkmängdens
710 1065 98 25 naturliga
824 1065 78 19 tillväxt
917 1065 36 19 och

203 1093 123 19 välständets
346 1093 113 19 successiva
478 1093 76 19 ökande
576 1093 57 19 säker
651 1093 37 19 och
707 1093 121 19 åtminstone
848 1095 41 17 mot
904 1093 47 19 kon-

203 1123 54 18 stant
272 1121 114 25 minskning
401 1122 91 24 skyddad
507 1122 93 19 inkomst.

270 1168 46 19 Men
337 1168 53 18 huru
409 1167 35 19 har
465 1168 65 19 denna
550 1168 19 18 af
587 1168 123 24 lagstiftaren
726 1168 123 24 oförtydbart
864 1168 89 19 uttalade

202 1196 225 26 regleringsgrundsats,
449 1196 64 19 denna
530 1196 77 25 princip
628 1196 19 19 af
661 1196 83 20 rättvisa
764 1196 22 20 sä
802 1196 20 20 ät
837 1196 116 25 församling

202 1231 42 13 som
268 1224 21 20 ät
310 1226 61 24 prest,
393 1224 64 20 funnit
480 1225 81 25 uttryck
579 1225 6 19 i
606 1225 38 19 den
661 1224 12 20 å
689 1225 111 25 Kejserliga
815 1224 85 20 Senaten
915 1225 38 19 och

202 1256 89 17 närmast
305 1254 46 19 dess
367 1253 260 25 HEcklesiastik-Expedition
642 1253 144 20 ankommande
801 1253 152 25 tillämpningen

201 1283 19 19 af
235 1283 66 19 denna
315 1282 76 25 viktiga
406 1282 125 25 författning?

270 1323 37 19 Det
329 1322 128 24 fullständiga
481 1325 66 17 svaret
569 1322 25 24 pä
616 1323 64 18 denna
701 1322 55 24 fräga
771 1324 22 17 är
808 1323 31 17 väl
854 1322 97 19 förbehäl-

202 1350 26 19 let
251 1356 25 13 en
299 1350 84 24 framtid,
399 1349 47 20 eller
468 1350 37 18 den
528 1350 100 25 tidpunkt,
650 1349 25 20 dä
690 1350 17 24 ej
723 1350 84 19 allenast
822 1350 38 19 alla
874 1350 78 19 landets

202 1379 137 23 församlingar
359 1378 107 24 undergätt
486 1378 64 19 denna
568 1378 101 25 procedur,
685 1380 49 17 utan
750 1378 59 19 äfven
825 1378 68 26 sjelfva
909 1384 42 19 reg-

201 1406 112 26 leringarna
341 1413 72 19 genom
440 1406 24 20 de
491 1406 54 20 äldre
571 1407 281 25 presttjenstinnehafvarenes
879 1407 74 25 afgäng

201 1436 89 18 öfverallt
312 1435 83 19 kommit
417 1435 30 19 till
470 1435 149 25 verkställighet
642 1448 26 1 —
690 1442 25 12 en
738 1436 93 25 tidpunkt
853 1436 44 19 med
923 1437 29 18 ett

202 1464 41 25 ord,
263 1464 24 20 dä
303 1470 25 14 en
344 1466 42 18 stor
401 1464 31 19 del
446 1464 20 19 af
481 1464 38 19 den
534 1470 28 13 nu
576 1464 92 20 lefvande
683 1464 142 26 generationen
840 1464 113 20 försvunnit
