1086 1786
316 139 254 22 Jernvägsbyggnaderna
581 141 7 16 i
600 141 76 16 landet.
820 137 54 20 1077

85 205 52 21 Men
160 206 7 20 i
182 206 41 21 och
239 206 47 22 med
302 206 117 22 detsamma
434 208 35 27 jag
485 207 103 22 erkänner
602 210 32 19 att
650 208 108 28 Uleåborg
773 208 83 22 komme
872 212 32 19 att

86 234 67 21 blifva
175 234 125 22 utförselort
322 235 34 21 för
378 235 69 21 denna
467 236 107 21 landsdels
592 236 137 28 tjärindustri,
745 237 24 22 så
787 237 66 21 håller
868 239 19 27 ja

85 262 66 21 också
172 263 47 20 före
242 266 31 18 att
293 263 65 21 Kemi
378 263 66 21 härad
464 266 23 19 är
508 264 90 28 mäktigt
618 264 24 21 af
656 265 123 28 utveckling
795 266 66 20 också
876 274 27 20 på

84 290 65 21 andra
171 290 107 22 områden.
307 292 43 20 Till
365 291 69 22 denna
449 292 56 27 äsigt
520 292 37 21 har
571 294 35 26 jag
621 293 89 20 kommit
725 294 54 20 efter
794 294 41 20 den
851 294 52 21 kän-

85 318 77 21 nedom
178 319 34 28 jag
227 319 114 21 förskaffat
355 320 42 27 mig
413 327 34 14 om
463 320 62 21 dessa
540 321 86 25 trakter,
642 328 26 13 en
683 321 102 26 landsdel,
794 321 38 21 der
847 321 55 22 bäde

84 347 128 21 äkerbruket
228 347 40 22 och
282 348 194 28 husdjursskötseln
497 349 42 20 kan
552 349 86 28 mycket
648 349 109 22 utvecklas
769 350 40 21 och
819 351 83 27 mejeri-

83 375 157 29 handteringen
255 376 68 22 blifva
338 384 25 13 en
379 377 58 20 stark
453 377 99 28 häfstäng
567 377 31 21 till
607 377 73 22 vidare
691 378 130 28 utveckling.
835 379 67 21 Detta

83 405 29 20 tal
136 412 34 13 om
193 407 32 18 att
247 405 143 28 inbyggarene
411 406 6 20 i
440 405 85 28 Kajana
546 406 66 21 härad
636 414 52 13 vore
711 407 146 28 exploiterade
879 407 23 22 af

84 433 121 28 Uleäborgs
221 433 91 28 köpmän
328 433 67 21 häller
409 434 35 27 jag
459 434 34 21 för
507 435 43 20 min
566 434 35 21 del
616 435 35 20 för
666 437 31 18 att
712 442 50 14 vara
777 438 32 18 ett
819 435 82 28 ganska

83 461 92 22 fävitskt
189 462 35 20 tal.
253 462 52 21 Men
321 462 13 21 å
349 461 65 22 andra
429 462 61 21 sidan
505 463 42 21 kan
562 463 35 28 jag
612 463 47 21 icke
674 463 66 21 heller
754 471 25 13 ur
794 465 42 20 min
852 471 49 21 syn-

83 490 68 28 punkt
173 490 71 28 undgä
263 493 32 18 att
316 490 53 21 söka
390 490 103 22 förskaffa
515 491 143 28 inbyggarene
681 492 7 20 i
703 491 62 22 dessa
781 492 120 21 landsdelar

83 518 110 28 möjlighet
214 521 32 18 att
268 519 78 20 afsätta
367 519 46 20 sina
435 519 115 28 produkter
569 520 64 21 äfven
649 519 23 21 ät
686 523 65 18 annat
765 520 50 26 häll,
829 520 72 22 sävidt

83 546 34 21 för
132 547 48 20 dem
196 555 62 20 synes
274 547 169 28 fördelaktigast,
458 548 41 21 och
513 548 68 21 mäste
595 549 35 27 jag
646 548 72 21 derför
732 549 61 20 ställa
809 549 34 21 för
858 550 43 27 mig

82 575 87 28 frägan:
191 577 23 19 är
235 575 37 22 det
293 575 35 22 för
348 576 85 28 Kajana
455 576 65 21 härad
536 577 36 21 det
586 577 160 27 förmänligaste
761 580 37 23 att,
813 577 65 21 äfven
893 579 8 19 i

83 603 102 21 afseende
208 604 13 20 ä
236 604 32 20 sin
290 604 170 28 mejeriindustri,
475 604 65 22 hafva
555 605 134 21 uteslutande
704 605 111 28 Uleåborg
829 606 70 21 såsom

83 632 33 21 sin
132 632 165 28 utförselpunkt.
328 632 74 22 Såsom
418 633 67 21 också
499 633 34 21 Hr
547 633 103 21 Sanmark
666 633 105 27 framhöll,
786 636 36 19 äro
838 634 62 21 dessa

82 660 132 22 landsdelars
235 661 116 28 inbyggare
373 661 24 21 så
417 661 84 28 fattiga,
524 664 30 19 att
572 662 27 21 de
614 662 67 21 måste
696 662 58 21 lefva
769 662 28 28 på
806 662 94 22 förskot-

81 692 39 24 ter,
141 690 40 20 och
203 697 25 13 ur
250 689 69 21 denna
340 690 108 28 synpunkt
469 690 40 21 kan
532 698 47 14 man
597 691 35 21 väl
647 690 43 21 tala
705 698 34 14 om
754 691 146 28 exploitation.

82 717 52 21 Men
157 726 34 12 om
213 726 29 12 nu
264 718 23 21 åt
308 718 63 21 dessa
385 718 131 21 landsdelars
532 719 115 28 inbyggare
662 718 113 22 förskaffas
791 720 110 28 möjlighet

82 749 32 18 att
128 746 79 21 afsätta
222 747 46 20 sina
284 746 115 28 produkter
414 747 65 21 äfven
494 747 22 21 åt
531 750 64 18 annat
609 747 49 25 håll,
672 748 63 27 jemte
751 748 37 20 det
802 748 34 20 för
851 748 48 21 dem

83 774 44 22 står
148 776 65 27 öppet
228 778 32 18 att
274 775 66 21 forsla
355 774 47 22 dem
418 775 23 21 åt
455 783 54 19 norr,
525 776 23 20 så
563 776 37 21 har
616 784 48 12 man
681 776 19 20 ju
715 776 64 28 gifvit
794 776 47 21 dem
857 776 42 21 den

82 802 61 22 bästa
165 803 161 29 handräckning
348 807 31 17 att
400 804 72 28 undgå
496 805 137 27 exploitation
656 804 47 21 från
725 807 30 19 ett
776 804 55 22 enda
850 804 49 22 håll.

83 831 76 22 Också
180 832 63 28 hyser
262 833 36 27 jag
325 832 41 21 den
391 832 56 22 fasta
462 832 149 29 öfvertygelse,
625 832 117 22 förskaftad
758 840 76 21 genom
851 840 48 22 per-

82 868 62 13 soner
166 860 28 28 pä
213 860 62 22 dessa
298 864 58 18 orter
379 863 36 24 att,
441 861 65 21 äfven
529 869 33 14 om
585 861 221 29 Vaala—Uleåborgs
829 862 70 21 banan

82 888 40 21 blir
138 889 62 28 bygd,
216 890 94 20 kommer
322 890 66 27 tjäran
402 890 57 21 dock
469 890 54 26 icke,
535 890 128 21 åtminstone
675 890 48 21 icke
733 891 6 20 i
753 890 69 28 någon
831 892 68 20 större

81 917 56 27 mån,
152 917 73 22 vidare
240 919 27 20 än
282 918 102 28 möjligen
399 918 68 21 under
482 919 113 26 hösttiden,
610 921 32 18 att
656 919 97 28 begagna
767 920 33 27 sig
810 919 23 20 af
843 919 56 28 jern-

81 947 75 27 vägen,
178 950 50 17 utan
243 947 38 20 har
296 947 68 28 tjäran
380 947 83 28 engång
478 947 88 21 kommit
581 947 61 21 öfver
656 947 57 22 Uleå
728 948 59 21 träsk
801 947 32 21 till
848 948 51 27 tjär-

81 975 80 22 hofven
183 975 37 22 vid
246 975 76 27 Vaala,
350 975 23 22 så
394 983 43 20 nog
459 975 110 22 fortsätter
590 976 43 21 den
652 975 60 28 långs
728 976 72 21 elfven
815 976 41 21 och
871 976 28 21 då

82 1003 94 22 kommer
190 1005 115 27 jernvägen
320 1004 48 21 icke
383 1004 66 28 enligt
464 1005 48 20 mitt
526 1004 138 21 förmenande
680 1007 31 18 att
725 1005 7 20 i
745 1005 70 27 någon
825 1006 74 19 nämn-

82 1032 51 21 värd
149 1032 48 21 mån
213 1033 79 20 skörda
307 1033 57 20 vinst
379 1033 22 20 af
411 1033 151 28 tjärindustrin.
587 1033 83 21 Vidare
682 1033 68 21 skulle
761 1033 66 28 enligt
836 1033 63 22 Jern-

81 1061 169 27 vägsutskottets
264 1061 80 28 förslag
352 1061 41 21 den
401 1061 122 28 föreslagna
529 1062 115 27 jernvägen
656 1061 28 28 gå
694 1061 60 28 längs
765 1069 61 13 norra
837 1061 61 22 sidan

81 1089 24 20 af
129 1089 77 22 elfven.
236 1089 63 21 Efter
319 1089 27 21 de
368 1089 153 29 upplysningar
542 1091 36 27 jag
599 1090 39 21 har
659 1090 55 21 varit
735 1091 6 20 i
763 1090 84 21 tillfälle
867 1092 32 19 att

81 1117 78 21 erhålla
176 1118 40 21 och
232 1119 66 26 enligt
312 1117 56 22 hvad
384 1119 35 27 jag
434 1118 49 28 sjelf
498 1119 54 20 varit
566 1119 6 20 i
588 1118 84 21 tillfälle
687 1120 31 19 att
733 1125 29 19 se,
775 1120 36 19 äro
826 1118 73 21 lands-

82 1145 86 22 delarna
183 1146 63 21 söder
260 1154 34 13 om
309 1146 56 22 Uleä
381 1147 29 20 elf
426 1147 116 21 emellertid
558 1147 105 28 betydligt
672 1147 140 26 fruktbarare,
823 1147 76 21 betyd-

80 1174 40 28 ligt
142 1175 123 26 folkrikare,
280 1175 41 21 och
336 1175 41 21 kan
392 1175 35 28 jag
441 1175 29 28 pä
485 1183 79 13 samma
578 1175 70 27 grund
662 1175 48 21 icke
725 1175 114 27 godkänna
865 1177 34 19 för-

80 1203 69 27 slaget
171 1211 33 13 om
228 1203 40 21 den
292 1211 28 13 nu
342 1203 125 28 ifrägasatta
488 1204 68 20 banan
579 1203 49 21 frän
650 1203 70 22 Vaala
735 1204 32 20 till
782 1203 116 28 Uleäborg.

79 1231 42 28 Jag
136 1232 37 21 vill
188 1232 86 21 härmed
290 1232 48 21 icke
352 1232 66 21 hafva
433 1234 48 25 sagt
495 1235 31 18 att
541 1232 47 21 icke
602 1232 7 20 i
625 1239 26 13 en
666 1232 86 20 framtid
769 1240 26 13 en
809 1233 89 26 jernväg

80 1259 27 28 pä
129 1260 69 21 denna
222 1260 84 21 sträcka
321 1260 66 21 också
401 1259 68 22 måste
484 1260 84 21 komma
582 1260 32 21 till
630 1260 74 26 stånd;
718 1261 98 20 tvärtom.
845 1260 53 21 Men

79 1287 28 22 dä
129 1289 35 27 jag
186 1296 28 13 nu
237 1288 66 21 häller
317 1289 46 20 före
379 1291 30 18 att
425 1288 36 21 det
476 1288 124 29 obetingadt
615 1288 37 21 vid
668 1295 26 14 en
709 1290 96 19 närmare
821 1288 77 21 under-

79 1316 92 29 sökning
193 1317 55 20 skall
269 1317 94 21 befinnas
384 1317 121 28 lämpligast
523 1320 31 18 att
568 1317 47 20 föra
631 1317 69 21 banan
715 1317 27 28 pä
757 1317 64 20 södra
835 1316 63 21 sidan

79 1345 23 20 af
124 1345 78 26 elfven,
224 1345 23 21 sä
262 1345 42 21 kan
326 1346 35 27 jag
383 1345 66 21 redan
470 1345 72 21 derför
556 1345 48 21 icke
619 1345 34 20 för
668 1345 131 21 närvarande
815 1345 83 21 biträda

78 1373 222 28 Jernvägsutskottets
310 1374 85 27 förslag.
417 1373 76 21 Denna
505 1373 82 28 bandel,
607 1369 118 37 Uleäborg—
738 1373 76 26 Vaala,
826 1373 72 21 blefve

79 1401 34 21 väl
136 1402 63 21 äfven
221 1402 44 20 förr
285 1402 49 21 ellet
349 1409 74 14 senare
439 1409 25 13 en
480 1402 49 20 länk
544 1403 31 20 uti
590 1409 26 13 en
632 1401 266 27 sammanbindningsbana

78 1428 48 21 från
142 1430 56 19 östra
213 1429 92 21 Finland
320 1429 33 20 till
370 1428 194 28 Uleäborgsbanan,
573 1429 42 20 Om
628 1429 41 20 den
680 1429 60 26 bana,
751 1436 45 13 som
806 1429 92 20 Utskot-

78 1459 31 19 tet
123 1457 96 25 föreslär,
234 1457 58 21 ledes
311 1464 49 13 norr
375 1464 33 13 om
425 1457 77 25 elfven,
517 1457 24 20 sä
556 1458 22 19 är
593 1457 42 20 den
650 1457 122 27 derigenom
787 1457 110 27 predispo-

78 1485 66 21 nerad
159 1488 32 18 att
205 1485 111 21 fortsättas
331 1493 50 13 norr
395 1492 34 14 om
444 1485 57 21 Uleä
515 1485 58 21 träsk
589 1485 40 21 och
640 1485 97 28 möjligen
748 1485 33 20 till
791 1484 106 22 Karelska

79 1514 76 22 banan.
184 1514 46 21 Går
250 1514 41 22 den
306 1514 63 21 söder
384 1521 34 14 om
434 1514 77 26 elfven,
527 1513 23 22 sä
565 1513 37 21 har
617 1521 48 13 man
680 1514 109 28 möjlighet
803 1516 32 18 att
849 1513 49 21 leda
