1086 1792
337 134 103 18 Judarnes
451 136 98 20 rättsliga
562 136 106 20 ställning.
829 131 55 19 1385

95 207 109 28 praktiska
220 207 105 33 åtgärder,
339 208 110 22 hvaremot
463 208 37 22 det
515 209 127 21 åtminstone
657 210 23 20 är
695 210 80 27 möjligt
790 211 31 19 att
836 212 31 18 ett
877 209 36 21 be-

95 236 48 26 slut,
166 243 44 13 som
226 237 126 20 inskränker
367 238 33 26 sig
414 237 32 21 till
461 237 42 25 det,
519 245 43 13 som
579 238 87 27 begäres
682 238 7 20 i
704 237 67 21 första
786 238 126 20 reservatio-

94 271 47 19 nen,
156 264 71 21 kunde
243 264 48 21 leda
306 265 33 20 till
354 268 30 18 ett
398 265 51 21 reelt
464 265 47 21 mål.

162 320 57 22 Frih.
241 328 51 14 von
315 321 130 21 Alfthan:
475 321 41 27 Jag
538 322 37 20 vill
597 321 75 22 beröra
687 321 64 28 några
766 321 58 21 delar
840 321 22 21 af
877 321 36 21 det

93 349 105 28 yttrande,
220 356 45 14 som
287 349 40 21 den
347 352 83 18 senaste
445 350 63 20 ärade
523 350 80 21 talaren
618 350 63 20 fälde.
711 350 50 20 Han
776 350 91 20 nämnde
882 352 31 18 att

94 377 88 29 judarne
198 378 6 20 i
220 378 57 20 vissa
292 377 38 21 fall
345 378 63 20 hafva
423 378 72 20 blifvit
510 386 25 13 en
551 378 106 27 besvärlig
672 378 34 21 del
722 378 22 21 af
756 378 157 28 befolkningen.

94 406 41 27 Jag
156 408 44 18 tror
222 408 31 19 att
275 414 48 13 man
344 406 47 21 icke
415 406 103 21 behöfver
532 406 73 22 forska
620 406 34 21 för
669 407 84 27 mycket
768 407 7 20 i
790 407 47 21 värt
852 406 60 22 lands

94 434 148 21 förhållanden
257 435 32 20 för
305 437 31 18 att
350 435 56 21 finna
421 438 30 18 att
467 436 21 20 vi
503 443 41 19 nog
559 435 39 21 här
612 434 65 22 hafva
694 442 65 20 »egna
774 435 81 28 judar»,
867 442 45 14 som

94 463 51 21 falla
160 464 57 20 vissa
233 463 59 21 delar
307 463 22 21 af
345 463 150 28 befolkningen
510 464 31 20 till
556 464 83 20 besvär.
663 463 41 29 Jag
719 467 36 17 vet
765 464 54 25 icke,
829 471 34 13 om
872 463 41 21 den

95 491 63 21 ärade
180 492 81 20 talaren
277 491 68 29 syftar
360 492 27 28 pä
401 495 124 25 procentare
541 492 39 21 och
596 492 78 28 dylika.
703 492 49 28 Nog
768 492 108 21 bedrifves
892 492 21 28 ju

95 521 141 28 procenteriet
256 521 31 20 uti
307 523 49 25 eget
370 520 49 21 land
435 520 22 22 af
472 520 52 27 folk,
540 528 43 14 som
601 520 68 28 aldrig
682 520 62 22 tänkt
758 520 28 29 pä
800 523 32 18 att
846 520 68 22 blifva

95 549 61 28 judar
178 549 41 21 och
239 549 27 27 gä
281 549 6 21 i
302 556 129 21 synagogan,
446 549 39 21 och
501 550 35 27 jag
550 549 76 21 tänker
640 552 31 18 att
686 549 227 21 landthandelsförhäl-

94 577 91 22 landena
207 578 6 20 i
237 579 56 19 östra
317 578 99 25 Karelen,
438 585 44 14 som
503 578 47 21 icke
567 579 50 20 böra
633 586 50 13 vara
698 578 41 20 den
754 578 64 20 ärade
834 578 79 20 talaren

96 606 87 21 alldeles
204 606 112 26 obekanta,
338 609 98 25 nogsamt
457 608 51 24 visa,
533 610 31 18 att
586 609 48 25 eget
656 606 48 21 land
730 606 41 21 kan
797 606 117 28 producera

97 635 73 28 dylikt,
186 634 40 22 och
241 642 34 14 om
289 634 89 29 judarne
393 636 6 20 i
415 643 26 13 en
456 634 34 22 del
506 635 74 21 länder
595 642 87 21 operera
697 635 27 28 pä
735 635 61 21 dessa
808 634 106 26 omräden,

96 664 24 20 sä
135 665 23 19 är
172 663 37 21 det
223 663 187 28 hufvudsakligast
425 663 72 21 derför
512 667 30 17 att
557 664 66 20 andra
639 664 99 20 omräden
755 664 55 20 varit
824 663 91 28 stängda

95 692 35 21 för
148 692 53 21 dem.
231 692 87 20 Onskar
332 700 48 12 man
396 692 73 27 bringa
484 692 161 21 förhällandena
659 693 6 19 i
682 692 93 21 normala
790 694 86 25 gängor,
891 692 24 20 sä

96 720 66 21 mäste
184 728 49 13 man
255 722 71 26 öppna
341 720 34 21 för
389 720 88 28 judarne
493 721 92 20 normala
601 720 40 21 och
656 720 68 21 sunda
738 720 176 28 förvärfsgrenar.

95 748 138 22 Beträffande
255 756 28 13 nu
307 748 40 21 den
371 750 67 20 större
461 749 50 21 eller
533 749 81 21 mindre
637 749 96 27 sympati,
748 756 45 13 som
809 756 47 13 man
872 748 41 22 kan

95 777 65 21 hafva
176 777 34 21 för
223 777 96 28 judarne,
334 777 24 21 sä
372 778 24 20 är
410 777 59 21 detta
484 785 25 13 en
525 777 127 28 smakfräga.
680 777 42 27 Jag
737 777 37 21 vill
784 777 73 21 derför
867 777 47 21 icke

95 806 83 20 bemöta
201 806 63 20 detta.
295 806 41 20 Om
359 805 80 21 talaren
461 806 66 21 finner
549 806 48 20 dem
615 805 149 29 osympatiska,
780 806 23 20 sä
818 807 23 19 är
856 806 59 20 detta

95 834 48 22 icke
158 834 65 28 nägot
238 834 101 21 särskildt
353 834 85 21 talande
453 834 52 26 skäl,
520 834 39 21 och
575 834 47 21 icke
638 834 62 21 värdt
715 837 30 18 att
760 834 90 26 bemöta,
859 841 56 13 eme-

96 862 41 22 dan
162 870 47 13 man
232 863 6 20 i
259 862 114 21 allmänhet
396 862 47 22 icke
465 862 41 21 kan
523 863 121 27 öfvertygas
660 863 6 20 i
682 862 138 27 smakfrägor.
849 862 66 21 Hvad

96 890 99 22 beträffar
217 893 31 18 att
271 891 91 21 beslutet
384 891 68 20 skulle
473 891 24 20 fä
512 899 25 13 en
554 894 60 17 »rent
629 891 152 20 demonstrativ
797 890 118 26 karaktär»,

96 927 33 14 om
145 919 25 22 R.
186 927 18 13 o.
220 920 27 20 A.
263 919 101 21 omfattar
378 919 65 21 andra
459 920 163 21 reservationen,
638 919 23 21 sä
676 919 66 21 måste
757 920 35 27 jag
803 919 55 21 hålla
869 919 46 20 före

96 951 31 18 att
142 948 36 21 det
193 947 54 22 hade
263 955 26 13 en
305 948 85 27 mycket
400 955 56 14 mera
467 948 96 27 vägande
573 947 99 21 karaktär
682 949 26 19 än
721 955 24 13 en
756 948 159 25 demonstrativ,

96 977 105 27 nämligen
223 984 26 13 en
271 976 124 28 principiell,
410 976 88 21 sälunda
513 979 31 18 att
558 977 26 20 R.
599 984 18 13 o.
633 977 26 20 A.
674 976 96 28 gvarstär
786 976 35 20 vid
838 983 25 14 en
880 976 35 21 be-

96 1005 69 21 stämd
180 1004 178 27 rättsäskädning.
390 1005 41 25 Det
445 1012 38 20 ger
498 1005 36 20 vid
549 1005 83 20 handen
649 1007 31 18 att
694 1005 26 20 R.
733 1012 18 13 o.
761 1005 27 20 A.
799 1004 46 21 icke
854 1011 61 14 anser

97 1033 68 21 denna
188 1033 61 27 fräga
271 1040 51 13 vara
345 1033 47 26 löst,
414 1033 64 20 innan
501 1033 58 21 detta
575 1033 90 20 element
680 1033 6 20 i
702 1033 71 20 landet
788 1033 88 20 försatts
892 1040 24 13 ur

96 1062 70 20 denna
188 1061 100 28 ställning
311 1061 22 21 af
355 1061 260 28 undantagslagstiftning,
638 1061 35 20 för
694 1061 85 21 hvilken
799 1061 117 20 detsamma

95 1097 77 20 genom
195 1091 36 20 sitt
249 1089 156 28 handlingssätt
420 1090 47 21 icke
483 1090 64 27 gifvit
562 1090 65 27 något
642 1089 52 22 skäl.
723 1089 44 21 Det
782 1089 88 28 betyder
885 1092 31 18 att

95 1119 26 20 R.
144 1126 18 13 o.
183 1119 27 20 A.
231 1119 47 20 icke
301 1118 38 21 vill
357 1118 60 28 gifva
440 1119 32 26 sig
494 1118 96 26 tillfreds,
605 1119 64 20 innan
686 1118 57 21 detta
758 1118 100 21 abnorma
873 1117 42 21 för-

96 1147 99 21 hällande
210 1149 23 18 är
249 1147 105 21 definitivt
368 1146 124 28 aflägsnadt,
507 1147 38 21 och
560 1147 36 28 jag
611 1147 41 20 kan
668 1147 96 20 försäkra
776 1146 42 21 den
831 1149 84 18 senaste

95 1175 63 22 ärade
180 1176 87 25 talaren,
290 1178 32 18 att
343 1175 72 28 hvarje
439 1175 89 28 lösning,
546 1183 44 13 som
606 1175 48 21 icke
669 1175 38 28 går
722 1175 79 20 derhän
816 1178 31 17 att
862 1183 53 20 upp-

95 1204 65 21 häfva
183 1204 62 21 dessa
267 1203 269 28 undantagsförhällanden
551 1203 41 22 och
606 1203 130 21 tillförsäkra
751 1203 58 21 detta
825 1203 90 21 element

95 1233 49 20 fullt
166 1232 169 28 medborgerliga
355 1232 129 27 rättigheter,
499 1233 47 20 icke
562 1233 56 20 löser
632 1231 80 28 frägan,
727 1235 49 18 utan
792 1231 41 21 den
849 1231 66 28 dyker

97 1261 94 21 ständigt
206 1269 50 20 upp,
271 1261 31 20 till
318 1260 48 21 dess
382 1260 41 21 den
439 1261 55 20 löses
509 1260 28 28 pä
552 1260 69 21 denna
636 1260 44 21 bas.
700 1260 75 21 Under
785 1259 79 22 sädana
872 1260 43 20 för-

95 1289 113 21 hällanden
223 1296 63 21 synes
302 1289 36 21 det
354 1289 42 28 mig
410 1289 99 27 riktigast
523 1292 31 17 att
565 1289 27 20 R.
602 1296 18 13 o.
632 1289 32 24 A.,
681 1288 27 21 dä
719 1288 90 21 Ständet
816 1288 56 21 först
880 1288 36 21 be-

95 1317 89 21 handlar
199 1317 72 26 saken,
286 1317 72 21 ställer
372 1318 32 27 sig
419 1317 28 28 pä
462 1317 69 21 denna
546 1317 55 21 enda
611 1317 78 27 riktiga
699 1317 131 28 principiella
840 1316 75 28 grund.

96 1346 42 21 Om
153 1346 76 27 frägan
244 1346 7 20 i
266 1347 32 20 sin
314 1345 72 21 helhet
402 1345 42 21 kan
460 1345 55 21 lösas
531 1345 89 22 sälunda
634 1345 38 21 vid
687 1345 144 21 innevarande
846 1345 69 20 landt-

96 1374 41 28 dag
160 1376 23 19 är
205 1382 27 13 en
250 1381 69 14 annan
335 1374 43 21 sak.
408 1374 35 21 Då
457 1373 38 21 har
510 1374 127 21 åtminstone
652 1374 26 20 R.
693 1381 19 14 o.
726 1374 26 20 A.
767 1374 56 27 gjort
837 1373 57 21 hvad
908 1374 8 20 i

96 1403 49 21 dess
160 1403 96 27 förmäga
271 1403 52 20 stätt
337 1403 34 20 för
386 1405 32 18 att
432 1402 59 27 gifva
506 1402 76 28 frägan
598 1410 26 13 en
634 1402 125 27 fullständig
769 1402 40 21 och
819 1401 97 22 rationell

95 1431 90 28 lösning.

164 1487 34 22 Hr
219 1487 81 22 Arthur
318 1487 29 22 af
364 1487 161 22 Forselles:
554 1487 12 21 1
589 1486 67 22 likhet
678 1486 47 22 med
748 1486 33 21 Hr
801 1486 54 21 Rein
879 1485 37 22 ber

96 1516 66 22 också
184 1517 35 28 jag
242 1519 31 19 att
294 1515 23 22 få
332 1515 87 22 förorda
434 1515 128 29 antagandet
577 1515 23 22 af
614 1515 42 22 den
671 1515 67 22 första
752 1515 164 27 reservationen,
