1089 1789
311 138 254 23 Jernvägsbyggnaderna
577 141 7 16 i
596 141 76 17 landet.
816 137 54 20 1059

77 210 32 19 att
129 207 49 22 icke
200 207 63 22 dessa
284 207 81 22 trakter
383 216 87 13 numera
492 209 61 22 stode
569 209 28 29 på
612 217 26 14 en
653 209 25 22 så
692 217 49 21 pass
757 210 43 28 hög
815 211 81 21 kultur-

77 236 140 28 ståndpunkt,
235 239 31 18 att
280 237 58 21 tiden
354 245 29 12 nu
398 237 47 21 icke
461 245 50 13 vore
527 238 49 21 inne
591 237 34 21 för
639 237 48 22 dem
703 241 32 18 att
749 240 66 19 sättas
831 240 6 20 i
853 239 43 21 för-

77 264 96 22 bindelse
194 264 49 22 med
257 265 84 21 landets
355 266 144 27 jernvägsnät,
512 268 52 19 utan
579 265 75 29 frågan
670 268 23 19 är
708 267 75 20 endast
798 267 48 26 den,
862 275 34 14 om

77 293 42 21 den
141 293 134 21 Savolakska
297 293 126 22 stambanan
445 294 54 21 skall
521 297 76 18 stanna
619 295 6 20 i
640 295 88 28 Kuopio
743 295 71 21 såsom
830 295 67 22 sådan

77 321 41 22 och
141 321 94 22 derifrän
251 323 51 26 utgå
316 322 33 21 till
364 321 80 22 Iisalmi
460 323 76 20 endast
551 323 69 21 såsom
637 330 26 14 en
678 323 127 28 smalspårig
818 324 78 21 tillför-

77 350 94 26 selbana,
192 350 51 21 eller
264 350 70 21 såsom
356 351 112 20 stambana
490 351 101 28 utdragas
613 351 32 21 till
660 352 80 21 Iisalmi
755 352 41 21 och
811 353 85 28 Kajana

76 378 35 21 för
126 381 31 18 att
172 379 7 20 i
194 378 112 29 Uleäborg
321 379 85 21 förenas
421 379 48 21 med
486 379 40 22 den
542 383 72 18 vestra
629 379 131 22 stambanan.

145 412 44 22 För
203 415 31 18 att
248 414 42 20 rätt
305 413 71 21 kunna
392 412 90 22 bedöma
497 413 70 22 denna
577 413 68 28 fräga,
657 415 24 20 är
695 413 37 22 det
747 414 46 21 skäl
805 417 32 18 att
847 418 49 25 taga

77 442 7 20 i
99 441 141 21 betraktande
256 448 25 15 en
297 449 71 13 annan
384 441 61 26 bana,
455 449 45 13 som
511 442 141 21 konkurrerar
662 442 47 21 med
721 443 175 22 Savolaksbanan

77 477 34 14 om
131 469 112 22 förmänen
266 473 31 18 att
317 469 67 22 blifva
399 469 104 29 utdragen
518 470 70 22 säsom
603 471 116 21 stambana.
749 471 77 22 Denna
843 472 54 21 bana

77 500 23 19 är
121 498 42 21 den
183 498 112 22 Karelska.
325 499 44 21 Det
384 498 77 22 blifver
477 499 116 22 emellertid
609 499 59 22 svärt
682 500 35 20 för
731 499 120 22 Ständerna
866 503 31 18 att

76 527 111 28 tillbörligt
208 527 109 28 grundligt
339 527 41 22 och
402 527 105 28 opartiskt
529 528 89 21 anställa
641 535 25 14 en
688 528 65 21 sådan
775 529 121 28 jemförelse

77 556 63 21 dessa
163 556 67 21 banor
245 556 96 26 emellan,
359 555 28 21 dä
400 555 96 22 hvarken
511 556 85 22 teknisk
612 556 52 21 eller
679 557 124 21 ekonomisk
819 557 78 22 under-

78 584 91 28 sökning
183 584 24 21 af
221 584 42 21 den
278 585 106 20 Karelska
399 584 119 28 föreligger,
531 592 47 14 men
589 585 96 21 deremot
697 593 26 13 en
734 586 85 21 teknisk
831 586 65 21 sädan

77 613 23 21 af
117 612 41 21 den
174 613 134 21 Savolakska
323 613 69 21 banan
407 613 115 22 verkstälts
538 613 40 22 och
593 613 67 28 derpä
675 614 110 28 uppgjorts
801 617 31 18 ett
846 614 50 21 full-

77 641 96 28 ständigt
193 641 80 28 förslag
297 644 55 18 samt
371 641 63 21 äfven
456 641 80 22 banans
559 642 137 21 ekonomiska
718 642 127 28 betingelser
860 643 37 20 be-

77 669 69 22 dömts
163 670 22 21 af
200 677 26 14 en
242 670 143 25 kommission,
406 669 66 22 ehuru
494 670 37 21 det
552 670 55 21 först
628 677 46 14 som
698 671 39 20 sist
752 671 41 20 kan
810 671 85 21 anföras

77 701 32 18 att
123 698 70 21 denna
208 698 114 28 utredning
337 701 23 18 är
370 698 23 21 af
403 699 18 27 ej
433 698 51 21 fullt
495 698 196 21 tillfredsställande
702 699 71 26 värde,
780 700 20 27 ja
811 707 85 14 snarare

77 727 76 21 verkar
174 727 7 21 i
199 729 88 19 motsatt
308 727 95 27 riktning
425 728 26 19 än
472 734 45 13 som
539 727 86 21 dermed
646 727 82 27 afsetts,
750 727 89 22 emedan
855 728 42 21 den

77 763 63 20 synes
155 756 44 27 mig
213 763 52 14 vara
279 755 88 22 affattad
383 755 72 21 alltför
470 755 91 28 ensidigt
577 755 40 22 och
632 756 92 28 partiskt
739 756 40 21 och
787 757 35 20 för
832 757 65 28 öfrigt

77 783 118 22 innehåller
209 784 115 28 uppgifter,
339 791 45 14 som
400 784 18 27 ej
435 783 56 22 hålla
506 786 77 20 sträck.

145 818 77 22 Under
237 818 79 22 sådana
331 818 181 28 omständigheter
526 819 38 21 har
578 818 64 22 äfven
658 818 80 22 hälften
748 819 23 20 af
779 819 117 28 Jernvägs-

77 847 116 21 utskottets
214 847 116 22 ledamöter
348 849 69 19 ansett
433 848 33 27 sig
481 847 34 21 för
530 847 131 22 närvarande
677 847 48 21 icke
740 855 51 14 vara
805 848 91 21 försatta

77 877 8 19 i
99 875 84 22 tillfälle
203 878 36 24 att,
255 875 70 22 såsom
340 877 77 20 sakens
433 877 46 26 vigt
493 875 106 27 fordrade,
614 875 100 22 inbördes
729 876 89 28 jemföra
834 876 62 21 dessa

77 904 78 21 banors
177 904 123 22 företräden
315 904 70 21 såsom
401 905 121 20 stambanor
537 905 40 21 och
592 903 90 22 sålunda
697 904 64 21 äfven
777 907 71 19 ansett
863 906 33 27 sig

77 933 48 21 icke
140 933 72 21 kunna
227 933 122 27 bestämma,
364 933 139 21 hvilkendera
518 933 23 20 af
555 933 49 21 dem
611 940 47 13 som
669 932 56 21 först
735 933 66 21 borde
812 933 84 21 komma

76 962 32 20 till
123 961 120 27 utförande,
258 961 87 22 hvarför
361 961 64 22 äfven
442 961 69 21 såsom
527 969 26 13 en
569 961 92 28 naturlig
675 961 53 28 följd
745 961 63 21 häraf
824 961 72 22 blifvit

77 993 32 18 att
123 990 64 22 dessa
202 990 117 21 ledamöter
333 991 8 19 i
355 989 119 26 Utskottet,
489 997 45 14 som
548 997 77 20 genom
640 990 92 27 lottning
743 989 72 22 blifvit
827 989 69 22 stälda

77 1018 70 22 såsom
170 1021 139 24 reservanter,
329 1018 48 21 icke
398 1019 82 20 kunnat
501 1018 75 21 förena
597 1019 34 27 sig
646 1025 34 14 om
697 1021 32 18 att
743 1018 153 21 Iisalmibanan

77 1055 28 13 nu
122 1047 79 29 bygges
223 1047 70 22 såsom
309 1047 116 21 stambana.
455 1047 52 21 Men
529 1046 116 22 emellertid
667 1046 65 21 hafva
747 1047 63 21 dessa
825 1054 69 14 reser-

77 1079 75 19 vanter
173 1076 49 21 sökt
237 1079 32 18 att
283 1076 23 21 af
320 1075 213 22 förhandenvarande
549 1075 180 28 omständigheter
745 1075 58 22 bilda
817 1077 34 27 sig
866 1078 32 18 ett

77 1104 98 22 omdöme
197 1112 34 14 om
254 1104 41 21 den
316 1104 106 21 Karelska
441 1104 80 21 banans
537 1104 152 28 trafikutsigter
704 1104 40 21 och
759 1104 96 28 förmåga
866 1107 31 18 att

76 1133 53 29 fylla
151 1133 42 22 den
229 1133 40 21 plats
285 1133 41 21 den
341 1132 69 22 skulle
425 1134 72 26 intaga
513 1132 54 22 både
583 1132 69 22 såsom
669 1140 26 14 en
707 1133 111 21 stambana
832 1133 7 20 i
854 1132 42 22 den

77 1162 112 21 nordöstra
210 1141 61 42 delen
294 1162 23 20 af
339 1161 73 22 landet
434 1161 41 21 och
497 1162 70 20 såsom
582 1160 127 22 förmedlare
724 1161 23 21 af
761 1169 27 13 en
802 1161 96 22 tilltänkt

78 1190 156 22 internationell
249 1190 61 22 trafik
326 1190 89 22 emellan
431 1190 71 28 Norge
517 1190 42 22 och
573 1190 114 28 Ryssland.

146 1225 43 21 Det
204 1226 23 20 är
242 1225 38 21 här
295 1224 89 28 onödigt
399 1227 31 18 att
444 1232 95 20 upprepa
548 1224 26 21 de
585 1224 188 21 sakförhållanden
784 1224 113 22 Utskottet

79 1254 40 21 och
141 1256 161 19 reservanterne
324 1253 121 27 framhållit,
467 1260 48 14 men
538 1252 61 22 deraf
620 1252 61 21 torde
696 1253 57 20 klart
766 1252 42 22 och
819 1253 79 27 tydligt

77 1282 84 28 framgå
500 1294 3 2 i

146 1318 32 19 att
194 1316 84 28 Kajana
293 1315 76 21 härads
385 1316 115 20 förnämsta
515 1314 149 28 importbehof,
679 1315 51 20 eller
745 1314 96 28 spanmä]
856 1314 41 22 och

78 1344 56 29 mjöl,
157 1344 160 28 otvifvelaktigt
337 1344 68 21 mäste
427 1343 92 28 billigast
538 1344 71 20 kunna
623 1342 125 28 tillgodoses
763 1350 77 20 genom
855 1344 43 27 sjö-

77 1376 109 26 transport
208 1372 61 22 öfver
291 1372 88 28 Ladoga
394 1372 48 21 frän
457 1371 95 27 Sermak,
567 1371 38 21 der
619 1371 28 21 ali
663 1371 41 21 den
719 1371 34 21 för
768 1371 82 21 norden
864 1372 33 21 af-

78 1402 66 22 sedda
167 1401 124 22 spanmälen
313 1401 41 21 och
375 1401 73 27 mjölet
469 1400 48 21 frän
539 1400 36 22 det
594 1400 45 21 inre
655 1400 23 20 af
691 1400 108 28 Ryssland
815 1400 83 26 samlas,

79 1431 32 20 till
129 1430 117 21 Sordavala
261 1430 41 20 och
317 1429 94 21 derifrän
427 1436 38 20 per
479 1429 88 26 jernväg
582 1428 60 27 längs
658 1428 42 20 den
715 1428 122 27 föreslagna
851 1428 46 20 Ka-

78 1458 70 21 relska
164 1458 79 25 banan;

147 1494 31 18 att
193 1492 85 28 Kajana
293 1490 76 22 härads
384 1490 116 21 förnämsta
518 1489 157 29 exportartikel,
685 1490 52 27 tjära
747 1489 40 21 och
797 1490 102 26 trävaror,

79 1521 68 28 aldrig
169 1520 61 22 torde
245 1520 72 21 kunna
331 1522 50 25 taga
397 1520 68 26 vägen
481 1518 92 26 söderut,
587 1518 96 22 hvarken
698 1517 49 22 med
763 1518 69 21 denna
848 1518 51 21 eller
