1092 1809
372 139 24 17 R.
409 144 17 12 0.
439 140 21 16 A.
474 140 54 18 1897.
552 142 26 16 25
590 141 48 21 Maj.
837 136 54 21 1487

233 234 141 35 Tisdagen
392 236 55 27 den
466 236 36 27 25
520 237 55 35 Maj
594 237 39 27 KI.
645 238 54 28 '/27
717 246 22 18 e.
756 246 35 18 m.

169 302 199 30 Protokollsutdrag
379 304 62 22 öfver
451 305 25 21 R.
487 312 18 14 o.
516 306 38 20 A:s
565 306 36 20 vid
611 305 119 29 gärdagens
741 307 86 27 plenum
837 307 83 21 fattade

101 330 71 22 beslut
187 332 109 28 upplästes
311 332 33 21 till
357 333 103 28 justering
476 333 40 22 och
531 334 130 28 godkändes.

366 477 146 28 Landtdagens
528 478 125 22 afslutande.

168 533 34 21 Hr
224 533 206 23 Landtmarskalken
452 534 125 22 meddelade
600 538 31 19 att
645 535 28 22 H.
689 536 52 22 Exc.
756 539 14 18 t.
787 536 14 22 f.
817 536 103 22 General-

101 564 133 26 guvernören
255 564 31 20 uti
309 563 113 21 skrifvelse
446 564 22 20 af
490 564 70 21 denna
583 564 41 28 dag
641 564 133 22 underrättat
788 565 35 21 Hr
837 565 82 21 Landt-

102 591 134 21 marskalken
252 594 30 18 att
298 600 28 12 nu
334 592 111 28 pägäende
453 592 102 29 landtdag
565 594 82 27 jemlikt
657 593 65 29 nädig
734 594 116 28 befallning
860 594 59 21 kom-

100 627 33 13 me
149 622 31 18 att
195 620 89 21 afslutas
300 620 40 22 den
358 622 11 20 1
384 621 144 21 instundande
542 622 57 21 Juni.

397 758 220 30 Afskedsdeputation.

167 815 33 21 Pä
218 816 34 20 Hr
267 816 218 22 Landtmarskalkens
501 817 81 28 förslag
597 817 73 29 utsägs
685 818 52 20 härä
751 818 32 21 till
799 821 31 18 att
845 818 74 22 anföra

100 844 41 21 den
164 844 130 28 deputation,
317 852 45 14 som
384 845 68 21 skulle
475 846 33 20 till
529 846 140 21 medständen
689 846 102 22 framföra
805 847 26 21 R.
847 854 18 14 o.
880 848 39 20 A:s

100 873 216 29 afskedshelsningar,
336 873 58 21 Frih.
409 874 27 21 O.
452 875 26 20 A.
490 874 98 22 Wrede
604 877 55 19 samt
673 875 45 21 Hrr
732 876 56 27 Aug.
804 875 115 29 Ramsay

100 902 40 21 och
155 902 74 26 Rein,
245 902 22 22 af
282 902 72 22 hvilka
370 902 34 22 Hr
415 902 116 30 Ramsay
546 904 68 21 skulle
630 903 74 22 anföra
719 904 152 29 deputationen
886 905 33 22 till

99 930 167 27 Presteständet,
280 931 58 21 Frih.
354 931 90 22 Wrede
459 932 33 21 till
507 932 182 28 Borgareständet
703 933 41 21 och
759 933 34 21 Hr
807 934 64 20 Rein
886 934 33 21 till

99 959 168 22 Bondeständet.

339 1090 143 30 Underdäniga
498 1093 179 28 lyckönskningar.

167 1149 31 21 På
219 1149 158 29 framställning
398 1150 22 20 af
434 1150 34 21 Hr
483 1150 206 22 Landtmarskalken
705 1150 69 22 beslöt
788 1151 26 21 R.
829 1158 19 14 o.
864 1151 32 27 A.
911 1152 7 21 i

99 1178 93 28 enlighet
207 1178 48 21 med
270 1178 256 22 Talmanskonferensens
541 1179 86 27 förslag,
642 1182 31 18 att
688 1180 7 20 i
711 1179 114 28 anledning
840 1180 23 20 af
876 1180 41 21 den

98 1208 7 19 i
120 1214 88 20 morgon
224 1206 118 22 infallande
358 1207 103 27 årsdagen
474 1208 23 20 af
513 1208 69 21 Deras
593 1208 135 28 Majestäters
739 1208 91 28 kröning
840 1216 77 20 genom

98 1235 62 21 Hans
175 1235 113 21 Excellens
304 1238 14 18 t.
334 1235 14 21 f.
364 1235 227 29 Generalguvernören
606 1236 105 21 frambära
726 1236 32 21 till
769 1236 68 22 Deras
849 1236 69 28 Maje-

99 1266 67 19 stäter
181 1264 101 21 Ståndets
298 1264 40 21 och
354 1264 36 21 det
404 1264 68 21 finska
487 1264 79 22 folkets
576 1264 146 29 underdåniga
732 1265 185 28 lyckönskningar.

166 1402 34 21 Hr
214 1401 207 22 Landtmarskalken
436 1402 126 22 meddelade
577 1405 32 19 att
625 1403 66 27 enligt
701 1402 216 22 Talmanskonferen-

98 1438 50 12 sens
171 1430 71 20 beslut
261 1430 62 27 plena
339 1430 83 20 komme
438 1433 31 17 att
484 1438 38 19 ega
537 1439 46 12 rum
598 1431 176 20 nästkommande
789 1431 85 27 Fredag
889 1432 27 20 kl.

98 1459 12 20 6
126 1465 18 14 e.
154 1466 26 13 m.
196 1460 55 19 samt
266 1457 159 29 derpäföljande
440 1458 86 28 Lördag
541 1459 28 20 kl.
581 1459 25 20 12
620 1458 27 29 på
663 1458 68 28 dagen
747 1458 40 22 och
800 1458 27 21 kl.
839 1460 12 19 8
863 1466 16 14 e.
890 1466 27 15 m.
