1092 1792
233 141 54 21 1012
490 146 26 16 R.
528 150 17 12 o.
558 146 23 16 A.
593 146 55 16 1897.
673 146 24 16 10
709 145 48 20 Maj.

273 214 26 21 R.
317 221 19 14 o.
356 214 26 21 A.
403 213 54 21 hade
477 213 32 21 till
524 212 53 30 följd
593 213 61 21 häraf
669 212 87 22 beslutit
771 213 31 21 till
818 213 121 21 återremiss
954 213 23 21 af
992 214 34 26 8:n

205 243 7 20 i
232 242 40 22 och
294 242 34 21 för
349 242 113 21 införande
484 242 44 21 deri
549 242 23 21 af
587 242 74 28 tillägg
675 242 7 20 i
697 242 56 28 syfte
769 242 18 28 ej
804 241 81 22 mindre
901 244 31 18 att
946 242 81 22 reviso-

204 278 62 14 rerne
293 270 67 23 borde
389 270 81 29 åtnjuta
502 270 77 29 skäligt
609 270 86 26 arvode,
726 278 46 14 som
802 270 225 22 kommunalstämman

206 299 54 28 egde
284 299 87 26 utfästa,
390 300 26 19 än
435 299 65 22 äfven
518 302 31 18 att
570 298 73 29 hvarje
665 298 24 22 är
706 299 55 21 efter
781 298 107 23 bokslutet
909 299 41 21 och
972 300 55 20 revi-

206 329 74 20 sionen
295 328 87 29 uppgift
397 335 34 14 om
446 328 139 21 kommunens
599 328 118 21 inkomster
733 328 41 21 och
789 328 88 27 utgifter
892 327 54 22 skall
957 329 71 20 insän-

206 357 39 21 das
260 357 32 21 till
307 357 155 28 länestyrelsen
477 357 7 20 i
500 357 40 21 och
555 357 34 21 för
603 356 114 22 statistiskt
733 355 104 23 ändamäl.

274 414 30 29 $$
321 414 91 21 96—98
426 413 125 28 godkändes
565 416 51 19 utan
632 413 128 22 diskussion.

275 473 14 25 $
307 472 36 21 99.

275 529 35 20 Hr
330 529 28 20 A.
380 528 25 21 L.
426 535 51 14 von
500 527 145 28 Knorring
663 528 85 28 yttrade
768 536 35 13 om
818 528 69 21 denna
904 529 23 26 8:
957 528 71 22 Sedan

207 557 26 22 R.
249 565 18 13 o.
280 558 26 20 A.
321 557 89 21 beslutit
424 559 32 18 att
470 557 100 21 förändra
584 556 140 22 redaktionen
739 557 24 21 af
773 558 12 27 8
797 557 33 26 84,
841 557 62 21 torde
913 557 38 21 det
962 557 68 22 blifva

208 585 133 28 nödvändigt
355 588 31 19 att
401 585 74 28 bringa
491 587 12 26 &
520 586 25 20 99
561 587 6 20 i
583 585 221 22 öfverensstämmelse
820 585 48 21 med
884 586 59 21 detta
954 586 76 25 beslut,

208 614 90 22 sålunda
320 617 32 18 att
374 613 66 22 orden
456 615 7 20 i
478 614 65 21 slutet
564 614 23 21 af
609 615 126 28 paragrafen
760 614 123 21 väfvensom
907 614 28 21 dä
953 615 75 27 frågan

208 643 66 28 gäller
300 642 202 29 pröfningsnämnds
525 642 71 22 beslut
616 642 47 21 från
685 642 70 29 dagen
778 643 35 21 för
828 642 49 22 dess
893 643 137 28 afsägande>,

208 671 67 22 borde
290 670 57 29 utgå.

277 728 34 21 Hr
332 727 25 22 T.
381 727 139 22 Aminoff:
549 728 42 28 Jag
611 727 74 22 tänkte
706 729 52 26 göra
781 735 79 14 samma
875 728 156 29 framställning

209 764 46 14 som
276 756 34 21 Hr
332 763 44 15 von
398 756 116 28 Knorring,
536 757 41 20 och
599 756 148 25 öfverlemnar,
761 763 34 14 om
812 756 47 22 icke
875 756 90 21 Ständet
980 757 51 21 ville

210 785 82 22 besluta
314 788 32 18 att
383 785 13 20 pä
414 785 42 21 alla
472 785 26 20 de
514 785 81 27 ställen,
611 785 38 22 der
663 785 61 21 ordet
741 785 216 28 »pröfningsnämnd>
974 785 56 22 före-

209 814 101 26 kommer,
320 816 93 19 utesluta
428 813 124 22 detsamma.

277 871 35 21 Hr
334 872 26 20 A.
384 871 24 21 L.
431 878 53 15 von
506 871 149 27 Knorring:
685 871 41 27 Jag
747 870 38 22 ber
804 871 23 21 fä
842 871 141 28 komplettera
997 871 34 22 Hr

210 899 106 21 Aminoffs
330 899 96 28 yrkande
442 898 48 22 med
506 902 30 18 att
551 899 48 21 icke
615 899 62 21 ordet
693 899 214 28 »pröfningsnämnd>
924 903 51 18 utan
991 900 40 21 alla

210 931 74 24 satser,
302 935 45 14 som
364 928 34 21 stä
416 929 3 19 i
435 928 152 27 sammanhang
602 928 48 21 med
666 928 59 21 detta
739 928 46 25 ord,
799 928 68 21 skuile
883 928 148 28 omredigeras.

209 957 75 21 Afven
298 957 8 21 i
328 958 6 20 2
349 963 63 14 mom.
427 956 95 22 kommer
537 956 138 22 redaktionen
691 959 31 18 att
737 956 68 22 blifva
820 957 45 21 helt
879 964 76 15 annan.

278 1014 26 21 R.
320 1021 18 13 o.
354 1014 27 21 A.
396 1013 70 21 beslöt
480 1013 51 21 härä
546 1016 32 18 att
592 1013 153 22 återremittera
760 1013 13 29 &
789 1014 26 20 99
831 1014 32 21 till
876 1014 112 21 Utskottet
997 1014 34 21 för

210 1042 156 28 omredigering
388 1042 87 26 derhän,
490 1045 32 17 att
536 1042 41 21 alla
592 1042 133 28 stadganden
739 1042 92 21 rörande
845 1042 186 28 pröfningsnämn-

211 1071 41 21 den
268 1070 68 22 skulle
351 1070 49 22 från
416 1072 34 26 S:n
465 1070 108 22 uteslutas.

278 1128 16 27 $
309 1128 45 21 100
368 1127 193 22 äterremitterades
577 1127 31 21 till
621 1127 112 23 Utskottet
744 1128 7 21 i
761 1135 80 15 samma
851 1128 57 29 syfte
918 1136 45 14 som
975 1128 12 28 $
998 1129 33 21 99.

279 1185 30 28 $$
324 1186 114 20 101—108
452 1185 125 27 godkändes
593 1188 50 18 utan
659 1185 128 22 diskussion.

278 1243 139 22 Beträffande
431 1245 15 25 $
460 1245 44 20 109
518 1244 84 28 yttrade

279 1300 34 22 Hr
322 1300 27 22 A.
361 1300 24 22 L.
396 1308 48 14 von
455 1300 140 29 Knorring:
618 1301 11 21 I
645 1300 102 22 afseende
757 1301 13 21 å
777 1296 10 37 $
805 1302 40 20 109
856 1301 79 21 tillåter
943 1301 36 27 jag
989 1301 42 27 mig

210 1330 52 25 göra
276 1329 127 20 hemställan
418 1329 79 24 derom,
513 1332 31 18 att
558 1330 126 26 paragrafen
701 1330 68 20 skulle
785 1330 142 26 omredigeras
938 1330 7 18 i
955 1329 76 20 sädant

211 1356 58 28 syfte
284 1359 31 18 att
330 1356 37 20 det
382 1356 68 21 skulle
465 1356 69 22 blifva
548 1356 61 28 klart,
619 1356 64 22 hvem
693 1364 45 14 som
749 1358 23 20 är
781 1357 118 27 mälsegare
908 1358 8 19 i
926 1356 61 21 fråga
997 1364 35 14 om

211 1384 263 28 kommunalfullmäktige.
504 1385 43 21 Det
566 1392 63 22 synes
647 1385 36 21 väl
700 1385 82 28 ganska
797 1385 101 28 naturligt
912 1387 31 19 att
974 1388 21 18 det
1009 1386 23 20 är

211 1413 226 22 kommunalstämman
458 1412 71 23 såsom
550 1413 139 22 kommunens
704 1414 77 28 högsta
795 1414 130 29 myndighet,
941 1421 47 14 men
1004 1413 28 22 dä

211 1442 71 21 denna
304 1442 36 28 lag
362 1442 56 22 afser
441 1444 31 19 att
495 1442 66 22 blifva
583 1443 110 28 tillämpad
715 1443 28 29 pä
761 1443 154 28 landsbygden,
930 1442 39 22 der
983 1450 49 14 man

212 1471 46 20 ofta
272 1470 48 22 icke
336 1471 38 21 har
389 1471 24 21 sä
428 1471 58 21 klara
501 1471 93 29 begrepp
610 1480 34 13 om
659 1472 72 28 dylika
746 1472 69 26 saker,
829 1472 23 21 sä
863 1472 122 21 hemställer
996 1473 35 27 jag

212 1507 34 13 om
268 1499 65 22 sädan
356 1499 116 22 förändrad
494 1500 81 28 lydelse
593 1501 23 20 af
630 1501 128 28 paragrafen
773 1504 31 18 att
819 1502 6 20 i
840 1501 114 28 meningen
971 1500 60 22 »frän

212 1528 117 22 utöfvande
345 1528 23 22 af
384 1529 120 28 befattning
519 1529 90 22 afhälla»
627 1529 55 22 efter
697 1529 60 22 ordet
774 1529 104 22 »afhälla»
895 1529 69 22 skulle
979 1529 52 29 följa
