1086 1786
209 134 55 20 1354
443 139 24 17 R.
480 143 17 12 o.
510 139 22 16 A.
546 139 56 17 1897.
626 139 23 16 21
662 139 47 20 Maj.

178 207 81 21 tanken
281 210 31 17 att
334 207 7 20 i
364 207 69 20 denna
454 207 61 26 fräga
537 206 104 22 mähända
660 206 47 21 icke
723 206 37 21 allt
774 206 73 21 blifvit
862 205 77 29 gjordt,
953 213 46 14 som

178 236 82 20 kunnat
283 235 40 21 och
347 235 47 21 bort
410 237 62 25 göras
488 235 33 20 för
537 235 135 21 bevakandet
686 234 22 21 af
723 234 83 21 landets
820 236 42 19 rätt
878 235 40 20 och
932 234 67 27 bästa,

178 264 53 21 eller
252 263 49 22 med
323 263 66 22 andra
412 263 45 26 ord,
478 266 31 19 att
525 263 26 22 de
565 263 121 28 fordringar
700 263 73 21 landet
788 264 5 20 i
810 263 72 28 dylika
897 262 101 29 ömtäliga

176 292 75 28 frågor
273 292 38 21 har
332 293 42 19 rätt
397 295 31 18 att
442 292 61 20 ställa
518 293 28 27 pä
560 293 46 20 sina
621 292 76 28 högsta
711 292 137 24 embetsmän,
862 292 48 20 icke
926 291 73 21 blifvit

178 321 31 20 till
231 320 53 21 fullo
303 320 109 28 uppfylda.
441 320 41 28 Jag
498 320 37 21 vill
550 320 47 22 icke
612 322 96 19 närmare
723 320 50 28 ingå
788 320 28 28 på
831 320 69 21 denna
915 319 46 22 sida
976 320 23 20 af

176 349 83 28 frågan,
274 352 51 18 utan
341 349 99 28 öfvergår
454 356 28 14 nu
497 349 33 21 till
544 348 77 29 sjelfva
635 349 71 21 saken.

246 377 66 21 Hvad
329 377 98 21 beträffar
442 377 161 28 Lagutskottets
618 377 38 21 här
666 377 146 28 föreliggande
824 376 140 27 betänkande,
975 377 24 21 så

179 406 104 21 behöfver
297 407 36 27 jag
347 406 35 20 väl
397 406 105 28 knappast
517 408 50 26 säga
582 408 31 19 att
628 406 34 28 jag
676 406 8 21 i
698 406 112 21 Utskottet
822 406 48 21 icke
881 407 55 20 varit
948 413 50 13 ense

178 442 34 14 om
235 434 41 22 alla
299 435 26 21 de
345 434 87 28 förslag,
446 442 45 13 som
507 435 151 28 Lagutskottet
672 435 38 21 här
725 435 132 21 framställer.
886 434 44 22 För
945 442 53 20 egen

176 463 38 21 del
236 463 44 21 står
301 464 36 27 jag
359 463 128 28 fullkomligt
509 464 28 28 på
558 470 79 14 samma
655 463 131 29 ståndpunkt
801 471 44 13 som
862 463 36 21 vid
913 466 85 18 senaste

178 492 108 28 landtdag,
302 492 40 22 och
365 500 61 13 anser
449 495 31 18 att
495 492 46 21 skäl
555 492 55 21 hade
625 493 55 20 varit
695 495 31 18 att
740 492 52 21 söka
808 492 74 28 bringa
898 491 99 22 straffbe-

176 522 161 26 stämningarna
352 520 65 22 också
431 522 7 20 i
453 521 66 21 andra
534 521 64 26 delar,
613 522 27 19 än
655 522 6 19 i
677 520 143 22 betänkandet
836 521 62 25 skett,
913 522 6 19 i
931 522 66 20 större

177 549 223 21 öfverensstämmelse
415 549 48 21 med
478 550 97 27 gällande
591 549 195 28 strafflagstiftning
798 549 40 21 och
848 548 151 29 rättsuppfatt-

178 578 51 27 ning
244 579 7 19 i
265 578 48 21 vårt
329 578 56 25 land,
400 578 40 21 och
454 578 35 27 jag
504 578 37 21 vill
556 578 93 27 tillägga,
664 581 31 18 att
710 578 66 27 enligt
791 578 42 20 min
844 578 63 20 tanke
918 578 79 27 Lagut-

176 606 82 21 skottet
279 605 71 22 dertill
371 605 55 22 hade
448 606 47 21 haft
512 607 24 20 så
551 607 84 28 mycket
650 608 67 19 större
733 607 51 25 skäl,
799 613 46 14 som
860 606 66 28 enligt
941 605 56 22 hvad

176 635 36 28 jag
234 634 65 22 redan
315 634 97 26 nämnde,
428 634 55 22 ifrån
499 635 36 21 det
550 642 154 20 gemensamma
719 635 155 21 riksintressets
890 635 108 28 synpunkt

178 663 66 27 några
267 663 164 28 anmärkningar
455 666 44 18 mot
523 664 63 21 dessa
608 663 225 28 straffbestämningar
855 664 48 21 icke
926 664 72 21 blifvit

177 692 81 28 gjorda.
287 692 52 20 Men
356 692 88 21 oaktadt
457 692 44 21 min
517 692 132 28 ståndpunkt
663 694 23 19 är
701 692 71 26 sådan,
788 692 37 21 vill
835 693 35 27 jag
880 692 56 21 dock
949 692 48 22 icke

176 718 81 23 föreslå
278 721 66 27 några
359 720 147 28 förändringar
520 722 6 19 i
542 720 150 28 betänkandet,
707 721 58 21 detta
780 721 23 21 af
818 721 63 21 orsak
896 723 31 18 att
941 720 57 28 Lag-

178 748 105 22 utskottet
305 752 70 18 ansett
397 749 37 21 det
455 756 51 14 vara
529 749 47 21 med
599 749 102 21 afseende
716 749 13 21 å
744 749 86 28 frågans
847 749 150 21 beskaffenhet

177 777 114 29 lyckligast
313 781 31 17 att
359 777 144 22 betänkandet
518 778 68 21 skulle
601 778 115 21 framträda
731 780 49 18 utan
796 778 160 21 reservationer.
985 777 12 21 I

177 781 102 58 händelse
301 806 41 22 den
363 807 86 27 mening
467 807 35 28 jag
516 815 28 13 nu
559 807 92 27 angifvit
666 807 68 21 såsom
750 808 43 20 min
808 806 55 22 hade
878 807 72 21 funnit
964 810 33 18 ut-

176 834 63 29 tryck
262 836 6 20 i
291 842 26 14 en
339 836 137 26 reservation,
494 835 24 21 så
533 835 53 21 hade
602 835 66 21 också
683 843 26 13 en
724 843 69 13 annan
809 836 91 26 mening,
915 836 82 27 gående

176 866 25 18 ut
219 863 28 29 på
263 866 30 18 ett
308 863 120 28 antagande
443 864 23 20 af
482 865 159 27 propositionen
658 863 127 22 oförändrad
800 864 113 20 framträdt
928 871 69 14 reser-

176 893 125 25 vationsvis,
323 892 40 20 och
386 892 26 20 då
434 892 55 21 hade
511 893 21 20 vi
554 892 104 21 måhända
679 892 42 21 fått
738 892 102 28 upplefva
857 899 80 14 samma
953 892 45 21 led-

176 927 81 14 samma
283 919 129 28 behandling
433 920 22 21 af
477 920 65 21 saken
565 928 46 13 som
628 920 38 21 vid
681 923 83 18 senaste
780 920 102 28 landtdag
897 924 54 18 samt
965 924 32 17 ut-

176 948 84 28 gången
276 950 55 19 varit
346 948 141 29 oberäknelig.
517 949 41 28 Jag
573 949 39 21 har
626 951 70 19 ansett
710 950 43 27 mig
768 949 84 28 skyldig
867 952 31 18 att
912 949 35 21 för
961 949 36 22 det

177 977 123 28 Höglofliga
316 977 91 21 Ståndet
421 977 103 28 redogöra
539 978 32 21 för
586 977 70 21 denna
671 978 43 20 min
729 977 138 29 ståndpunkt.

245 1033 34 22 Då
301 1035 64 27 ingen
388 1033 74 22 vidare
484 1035 95 20 önskade
600 1037 57 26 yttra
676 1035 33 27 sig
729 1042 33 13 om
778 1035 145 21 betänkandet
937 1036 7 19 i
959 1035 36 20 all-

176 1062 93 26 mänhet,
290 1063 112 27 öfvergick
423 1063 26 20 R.
471 1071 18 13 o.
512 1063 27 21 A.
559 1063 32 21 till
606 1063 196 28 detaljgranskning
816 1063 24 21 af
854 1063 143 28 lagförslaget,

176 1090 91 23 hvarvid
281 1094 52 18 utan
348 1091 121 22 diskussion
483 1091 55 22 först
552 1091 125 29 godkändes
692 1092 112 27 ingressen
819 1092 39 21 och
874 1093 15 26 $
904 1093 16 20 1.

244 1147 48 23 Vid
307 1147 177 29 föredragningen
500 1148 23 21 af
537 1151 15 24 $
568 1150 15 19 2
597 1149 83 26 yttrade

245 1204 58 22 Frih.
319 1212 51 14 von
386 1204 89 22 Born:
508 1204 44 23 Vid
567 1205 36 21 det
617 1205 53 27 läge,
685 1206 59 20 hvari
759 1205 76 28 frågan
850 1206 94 21 befinner
959 1206 38 27 sig,

175 1233 43 21 och
234 1232 28 22 dä
277 1233 41 21 den
334 1236 84 18 senaste
433 1233 63 21 ärade
511 1233 79 22 talaren
607 1234 55 21 varit
676 1234 109 28 förmögen
801 1234 23 21 af
839 1242 26 14 en
876 1234 121 28 sjelföfver-

178 1262 95 27 vinning,
293 1269 45 13 som
356 1262 21 28 ju
393 1262 66 21 mäste
478 1262 106 21 betraktas
600 1262 71 21 säsom
685 1262 85 28 mycket
785 1263 91 28 ovanlig,
891 1263 24 21 sä
931 1262 65 22 borde

177 1290 35 22 väl
233 1298 26 13 en
275 1290 40 21 och
331 1290 53 22 hvar
398 1290 81 21 förfara
494 1290 27 29 pä
536 1298 80 14 samma
630 1293 48 19 sätt.
707 1291 41 28 Jag
762 1292 38 20 har
816 1291 65 22 ocksä
896 1292 48 20 med
959 1291 38 21 nä-

175 1326 44 20 gon
234 1318 113 27 framgäng
361 1319 56 27 gjort
432 1319 73 20 försök
520 1320 7 19 i
542 1319 70 21 denna
626 1320 103 26 riktning;
744 1328 48 12 men
808 1320 34 26 jag
853 1320 41 20 kan
904 1320 48 20 icke
963 1320 34 19 för

177 1346 43 21 min
241 1346 34 20 del
290 1346 115 21 medverka
419 1346 33 21 till
467 1349 31 17 att
513 1346 36 22 det
564 1347 51 21 sista
626 1346 44 21 lilla
681 1348 107 20 moment
778 1342 13 37 i
797 1346 69 22 denna
878 1348 18 26 &,
904 1355 45 13 som
965 1348 32 20 in-

177 1374 95 21 nehäller
294 1374 65 21 orden
384 1374 85 21 »försök
491 1376 24 19 är
536 1374 134 26 straffbart»,
692 1375 65 21 också
779 1375 68 21 skulle
866 1376 89 21 omfatta
970 1375 26 21 de

176 1402 107 22 förmenta
304 1402 143 30 förbrytelser,
462 1411 45 13 som
524 1403 114 22 behandlas
657 1404 32 21 uti
705 1405 43 27 8:ns
765 1405 11 20 1
792 1411 62 15 mom.
869 1404 40 22 och
924 1404 73 23 hvilka

176 1431 145 29 förbrytelser,
342 1431 100 22 särskildt
461 1432 105 22 försävidt
588 1433 37 21 det
647 1433 67 27 gäller
734 1436 125 19 momentets
879 1434 57 21 förra
956 1433 41 28 del,

177 1461 66 21 finnas
259 1461 28 28 pä
301 1463 31 19 ett
346 1461 86 28 mycket
446 1461 98 22 målande
559 1463 42 20 sätt
616 1461 131 22 illustrerade
762 1462 13 21 å
790 1462 40 22 sid.
846 1464 12 20 3
874 1463 22 21 af
906 1462 91 23 Utskot-

176 1492 43 18 tets
241 1489 141 27 betänkande,
404 1489 37 22 der
459 1497 48 14 man
522 1490 67 21 finner
604 1498 25 14 en
644 1491 89 21 relation
748 1498 34 14 om
798 1491 58 21 hvad
871 1491 48 21 med
935 1491 62 22 dessa

176 1518 134 28 stadganden
325 1526 79 18 menas,
419 1518 51 22 eller
484 1520 77 20 rättare
576 1518 63 29 sagdt
653 1518 54 22 huru
722 1519 59 29 långt
796 1520 26 22 de
838 1520 7 20 i
860 1520 76 28 sjelfva
948 1528 49 14 ver-
