1086 1792
309 138 79 21 Anslag
400 138 32 18 för
444 139 68 17 finska
524 140 93 16 teaterns
629 139 46 17 hus.
817 134 54 20 1173

80 206 97 26 konsten,
192 214 44 13 som
253 214 25 13 en
295 207 87 21 stående
397 209 69 19 teater
480 208 44 25 har,
538 208 28 20 då
580 208 34 20 för
630 214 26 14 en
671 210 78 18 teaters
763 208 61 21 säkra
836 208 63 21 verk-

79 235 82 21 samhet
172 237 30 18 ett
213 235 77 27 vigtigt
303 238 93 18 moment
410 235 67 28 ligger
492 236 44 21 deri
552 238 31 19 att
598 235 76 29 sjelfva
689 236 130 21 teaterhuset
833 237 66 21 befin-

79 270 38 14 ner
133 264 32 26 sig
180 264 7 19 i
202 263 53 27 godt
271 264 39 20 och
325 264 111 27 tidsenligt
450 264 62 21 skick
528 264 39 21 och
583 264 40 21 kan
639 263 67 21 hållas
722 265 6 19 i
741 264 76 21 sådant
832 265 67 26 skick,

79 291 24 21 så
118 299 63 21 synes
200 291 37 21 det
259 292 42 27 mig
325 295 32 17 att
370 292 113 21 Utskottet
497 292 77 28 jemväl
589 293 6 19 i
612 292 57 21 detta
685 292 152 28 sammanhang
852 293 48 21 bort

78 320 64 21 hafva
167 319 115 28 anledning
299 322 30 19 att
344 323 49 25 taga
407 320 69 21 under
490 320 136 29 ompröfning
641 320 40 21 den
697 321 93 21 svenska
805 324 93 18 teaterns

78 348 67 21 behof
166 350 7 19 i
196 348 77 21 sådant
295 348 95 21 afsende.
420 348 44 21 Det
486 349 38 21 har
539 356 45 14 som
601 349 78 21 bekant
693 350 81 26 utgjort
789 352 30 18 ett
834 350 65 20 önsk-

78 377 106 27 ningsmål
206 376 66 21 redan
288 377 68 21 under
370 377 63 27 långa
448 376 54 22 tider
518 380 30 18 att
563 377 71 21 kunna
649 378 6 20 i
671 376 58 22 detta
744 378 108 21 teaterhus
867 379 33 20 in-

78 405 47 21 föra
148 413 27 13 eu
193 405 68 21 bättre
277 406 124 20 ventilation
418 406 39 21 och
474 405 68 21 bättre
557 405 118 28 belysning,
690 413 47 13 men
754 406 37 20 det
805 406 38 21 har
857 406 42 21 hit-

78 434 43 21 tills
144 434 56 21 varit
222 434 96 28 omöjligt
340 437 31 17 att
393 434 71 21 kunna
487 434 70 21 utföra
580 434 63 21 dessa
662 434 92 26 arbeten,
769 434 88 22 oaktadt
873 435 26 21 de

78 462 142 28 fördelaktiga
243 462 40 21 och
306 462 32 21 till
358 465 44 19 stor
416 462 35 22 del
465 463 103 21 räntefria
583 462 35 21 lån
633 462 117 22 detsamma
765 462 48 22 från
829 466 70 18 staten

79 490 90 30 åtnjutit.
200 491 35 21 Då
256 499 29 13 nu
309 490 40 22 den
372 491 68 21 finska
461 495 82 18 teatern
565 499 77 20 genom
663 494 30 18 att
708 492 22 20 få
746 494 30 18 ett
790 492 53 27 godt
859 492 40 21 och

79 520 98 21 modernt
198 520 41 21 och
260 520 27 28 på
310 520 38 20 allt
362 522 43 19 sätt
420 520 109 28 tidsenligt
544 520 39 21 hus
599 520 68 21 skulle
682 520 83 21 komma
781 521 7 20 i
804 523 30 18 ett
849 528 49 21 syn-

78 548 78 28 nerligt
177 548 114 29 glädjande
307 548 40 21 och
362 552 97 24 gynsamt
475 549 53 28 läge,
543 548 23 22 så
581 556 63 20 synes
660 548 36 22 det
711 550 43 26 mig
769 556 50 14 vara
837 550 62 20 moti-

78 577 76 21 veradt
176 580 31 18 att
221 577 69 21 tillika
306 576 77 22 bereda
398 577 42 21 den
455 578 92 20 svenska
561 580 81 18 teatern
658 577 70 28 någon
744 578 109 27 möjlighet
868 580 32 18 att

79 606 132 20 beträffande
237 606 48 21 dess
308 605 80 21 lokaler
409 606 47 21 icke
480 606 66 21 blifva
568 606 86 21 alldeles
671 606 54 21 efter
740 606 33 21 sin
788 606 38 20 tid.
855 606 44 21 Det

80 634 67 21 skulle
163 634 72 21 derför
250 634 98 21 förefalla
363 636 43 26 mig
420 634 70 21 såsom
506 642 26 14 en
547 634 62 21 enkel
623 634 52 28 gärd
691 635 23 20 af
729 635 94 26 rättvisa,
838 635 7 20 i
861 634 36 22 fall

78 662 113 22 Utskottet
206 663 109 27 samtidigt
331 663 67 21 skulle
414 663 111 28 föreslagit
536 665 29 19 att
575 663 78 27 jemväl
665 663 69 21 denna
744 666 78 18 teaters
834 663 65 21 behof

79 691 35 21 vid
139 691 77 21 sådant
239 691 132 22 förhållande
387 692 67 20 skulle
472 691 125 28 tillgodoses
613 692 109 20 eventuelt
736 699 76 20 genom
829 699 26 13 en
866 692 33 20 af-

79 720 105 27 skrifning
208 720 22 20 af
253 720 26 21 de
295 728 28 13 nu
343 720 129 28 förefintliga
488 720 114 22 statslånen
618 720 32 20 till
666 723 30 18 ett
712 720 77 28 belopp
805 723 94 19 motsva-

77 748 66 22 rande
165 748 41 21 den
228 748 82 22 direkta
326 749 134 25 subvention,
476 756 46 14 som
536 749 33 21 för
585 748 36 21 det
637 748 65 22 andra
722 748 119 22 ändamålet
856 749 43 21 kan

78 777 159 29 ifrägakomma.
267 777 43 21 För
331 780 30 18 att
386 785 28 13 nu
437 777 79 21 erhålla
538 778 69 21 denna
630 777 114 28 utredning
763 777 40 22 och
819 777 34 21 för
868 780 31 18 att

79 806 112 22 Utskottet
213 806 78 28 jemväl
313 806 64 21 mätte
392 808 50 26 taga
457 806 67 21 under
540 806 135 28 ompröfning
690 806 41 21 den
747 806 92 22 svenska
854 809 45 18 tea-

78 839 59 17 terns
153 834 66 21 behof
235 836 5 20 i
257 835 76 21 sådant
349 834 61 30 syfte,
426 835 68 21 skulle
508 836 35 27 jag
558 834 108 22 vördsamt
681 835 68 21 tillåta
765 836 43 27 mig
820 835 80 21 föreslå

79 866 31 19 att
126 864 144 20 betänkandet
292 864 68 21 skulle
376 863 66 22 blifva
458 864 31 20 till
505 864 112 21 Utskottet
632 864 6 20 i
654 863 66 21 sädan
736 864 94 28 riktning
845 863 54 21 äter-

80 892 132 22 remitteradt
236 892 67 21 under
325 892 40 22 den
389 892 110 21 bestämda
513 892 144 29 förhoppning
673 895 31 18 att
719 892 112 22 Utskottet
846 892 55 21 skall

78 922 55 21 finna
156 921 30 21 tid
210 924 32 17 att
257 923 56 19 ännu
336 922 106 21 inkomma
457 921 48 21 med
521 924 47 25 nytt
585 921 139 22 betänkande.
753 921 42 28 Jag
809 924 44 19 tror
868 924 31 18 att

78 950 37 21 det
129 950 48 21 icke
192 950 54 21 skall
261 953 49 24 taga
325 950 34 21 för
374 949 113 22 Utskottet
502 957 43 14 mer
561 952 25 19 än
602 957 38 21 par
655 949 75 28 dagars
745 950 32 21 tid
786 953 31 18 att
827 950 72 21 ästad-

78 979 84 20 komma
178 981 30 18 ett
228 978 74 28 dylikt,
318 978 28 21 dä
361 979 21 28 ju
399 978 111 22 Utskottet
525 978 27 29 pä
567 978 89 21 förhand
673 981 43 18 satt
730 979 33 26 sig
777 979 22 20 in
815 979 5 20 i
837 979 62 21 dessa

78 1007 75 22 siffror.
182 1007 42 21 Om
247 1007 36 28 jag
306 1007 47 21 icke
377 1007 68 21 skulle
468 1014 51 14 vara
541 1007 125 28 öfvertygad
691 1015 33 12 om
740 1010 31 18 att
788 1007 111 22 Utskottet

77 1036 53 27 godt
146 1036 54 21 skall
216 1035 113 22 medhinna
345 1035 63 26 detta,
424 1035 24 22 sä
463 1036 68 21 skulle
545 1037 36 27 jag
595 1043 51 14 vara
662 1035 49 28 böjd
727 1038 31 19 att
768 1036 132 21 omedelbart

78 1066 57 19 rösta
151 1065 33 20 för
203 1064 158 28 godkännande
376 1064 23 21 af
414 1064 122 22 Utskottets
552 1073 28 12 nt
595 1064 148 29 föreliggande
759 1064 140 22 betänkande.

145 1121 57 21 Frih.
218 1129 54 14 von
288 1121 195 22 Willebrand:
513 1121 41 28 Jag
569 1122 37 21 vill
622 1121 47 21 icke
685 1121 62 28 påstå
762 1124 31 18 att
811 1121 88 22 Utskot-

78 1153 31 18 tet
131 1151 99 27 möjligen
253 1150 48 21 icke
323 1150 68 21 skulle
413 1150 66 21 hafva
502 1150 31 21 tid
554 1153 31 18 att
597 1150 108 21 omarbeta
720 1149 76 28 frågan
812 1151 41 20 och
868 1151 31 20 in-

78 1179 85 20 komma
185 1179 47 20 med
257 1181 46 25 nytt
328 1178 140 27 betänkande,
486 1186 47 13 men
549 1179 65 27 vågar
629 1178 128 21 åtminstone
772 1179 81 21 förutse
869 1181 31 18 att

78 1207 25 21 R.
119 1215 18 13 o.
153 1208 26 20 A.
194 1208 48 21 icke
267 1207 55 20 skall
345 1207 152 21 återremittera
521 1207 143 21 betänkandet
686 1207 28 28 på
737 1207 26 20 de
785 1207 53 26 skäl,
854 1215 45 13 som

78 1235 57 21 Frih.
150 1243 42 14 von
208 1236 90 21 Alfthan
320 1243 28 13 nu
367 1235 38 21 här
431 1235 44 28 lagt
498 1236 44 27 vigt
557 1236 62 27 uppå.
649 1235 33 28 Ty
697 1235 36 21 det
748 1237 23 18 är
786 1236 114 21 otänkbart

78 1266 31 18 att
124 1264 113 21 Utskottet
257 1264 68 21 skulle
346 1264 65 20 hafva
435 1264 81 21 kunnat
531 1264 114 27 förknippa
660 1265 37 20 sitt
712 1264 81 27 förslag
808 1265 7 19 i
830 1264 70 21 denna

78 1291 61 28 fråga
155 1292 47 21 med
219 1295 30 18 ett
263 1291 95 29 yrkande
374 1292 27 27 på
416 1292 116 21 understöd
547 1293 22 20 åt
584 1292 92 21 svenska
691 1295 90 18 teatern.

147 1320 74 21 Såsom
243 1321 57 20 Frih.
320 1328 41 13 von
382 1320 92 21 Alfthan
491 1320 92 21 erkände
598 1320 41 21 och
654 1320 27 21 de
696 1321 61 20 flesta
772 1320 61 21 torde
848 1327 52 14 vara

79 1355 50 15 ense
149 1356 39 18 om,
205 1348 62 28 utgär
283 1349 59 21 detta
357 1349 182 28 petitionsförslag
553 1349 28 28 pä
597 1357 26 12 en
639 1349 75 27 ätgärd
730 1349 22 21 af
767 1349 81 27 ganska
863 1356 36 13 en-

79 1377 35 21 kel
129 1377 40 21 och
185 1377 68 28 tydlig
268 1378 94 27 rättvisa,
378 1377 28 28 pä
420 1381 32 17 att
466 1377 63 26 hvad,
540 1385 44 14 som
594 1377 75 28 gifvits
680 1377 22 21 ät
712 1377 91 21 svenska
813 1380 88 24 teatern,

78 1405 66 22 mätte
159 1405 71 28 gifvas
251 1406 22 21 ät
294 1406 67 21 finska
382 1409 82 18 teatern
482 1406 39 21 och
537 1407 83 20 komma
633 1405 41 21 den
690 1406 67 21 finska
773 1406 128 21 dramatiska

79 1434 89 21 konsten
184 1434 33 20 till
231 1434 62 27 godo.
323 1433 57 22 Frih.
397 1441 41 13 von
453 1433 90 21 Alfthan
559 1433 109 21 anmärkte
684 1436 31 17 att
731 1433 112 21 Utskottet
852 1433 48 21 icke

79 1461 97 28 angifvit,
190 1461 57 21 hvad
263 1469 46 14 som
325 1463 6 20 i
347 1462 181 27 subventionsväg
548 1461 46 22 frän
611 1464 80 17 statens
708 1461 46 21 sida
770 1462 88 20 kommit
873 1461 26 20 de

79 1489 93 23 svenska
193 1491 119 20 intressena
335 1489 40 22 och
399 1489 100 22 särskildt
521 1489 130 22 teaterhuset
672 1489 30 21 till
719 1489 40 22 del.
789 1489 113 22 Utskottet

79 1519 54 21 hade
147 1519 136 28 naturligtvis
297 1519 48 22 ieke
360 1518 114 22 underlätit
482 1522 32 18 att
522 1517 125 23 införskaffa
663 1518 62 21 dessa
740 1519 110 28 uppgifter
861 1518 40 21 och
