<?xml version="1.0" encoding="UTF-8"?>
<alto xmlns="http://www.loc.gov/standards/alto/ns-v3#" xmlns:xlink="http://www.w3.org/1999/xlink" xmlns:xsi="http://www.w3.org/2001/XMLSchema-instance" xsi:schemaLocation="http://www.loc.gov/standards/alto/ns-v3# http://www.loc.gov/alto/v3/alto-3-0.xsd">
	<Description>
		<MeasurementUnit>pixel</MeasurementUnit>
		<sourceImageInformation>
			<fileName>/tmp/tess_6bk5oa96_input.PNG</fileName>
		</sourceImageInformation>
		<OCRProcessing ID="OCR_0">
			<ocrProcessingStep>
				<processingSoftware>
					<softwareName>tesseract 5.3.4</softwareName>
				</processingSoftware>
			</ocrProcessingStep>
		</OCRProcessing>
	</Description>
	<Layout>
		<Page WIDTH="1061" HEIGHT="1756" PHYSICAL_IMG_NR="0" ID="page_0">
			<PrintSpace HPOS="0" VPOS="0" WIDTH="1061" HEIGHT="1756">
				<ComposedBlock ID="cblock_0" HPOS="230" VPOS="209" WIDTH="751" HEIGHT="589">
					<TextBlock ID="block_0" HPOS="231" VPOS="209" WIDTH="746" HEIGHT="227">
						<TextLine ID="line_0" HPOS="231" VPOS="209" WIDTH="745" HEIGHT="24">
							<String ID="string_0" HPOS="231" VPOS="209" WIDTH="29" HEIGHT="18" WC="0.95" CONTENT="att"/><SP WIDTH="18" VPOS="209" HPOS="260"/>
							<String ID="string_1" HPOS="278" VPOS="209" WIDTH="119" HEIGHT="23" WC="0.96" CONTENT="fotografens"/><SP WIDTH="17" VPOS="209" HPOS="397"/>
							<String ID="string_2" HPOS="414" VPOS="209" WIDTH="72" HEIGHT="22" WC="0.93" CONTENT="arbete,"/><SP WIDTH="19" VPOS="209" HPOS="486"/>
							<String ID="string_3" HPOS="505" VPOS="219" WIDTH="21" HEIGHT="3" WC="0.92" CONTENT="—"/><SP WIDTH="18" VPOS="219" HPOS="526"/>
							<String ID="string_4" HPOS="544" VPOS="210" WIDTH="37" HEIGHT="17" WC="0.96" CONTENT="den"/><SP WIDTH="17" VPOS="210" HPOS="581"/>
							<String ID="string_5" HPOS="598" VPOS="209" WIDTH="22" HEIGHT="17" WC="0.96" CONTENT="af"/><SP WIDTH="14" VPOS="209" HPOS="620"/>
							<String ID="string_6" HPOS="634" VPOS="209" WIDTH="70" HEIGHT="18" WC="0.94" CONTENT="honom"/><SP WIDTH="17" VPOS="209" HPOS="704"/>
							<String ID="string_7" HPOS="721" VPOS="209" WIDTH="46" HEIGHT="24" WC="0.94" CONTENT="sjelf"/><SP WIDTH="14" VPOS="209" HPOS="767"/>
							<String ID="string_8" HPOS="781" VPOS="209" WIDTH="79" HEIGHT="18" WC="0.96" CONTENT="utförda"/><SP WIDTH="11" VPOS="209" HPOS="860"/>
							<String ID="string_9" HPOS="871" VPOS="209" WIDTH="69" HEIGHT="22" WC="0.93" CONTENT="bilden,"/><SP WIDTH="15" VPOS="209" HPOS="940"/>
							<String ID="string_10" HPOS="955" VPOS="219" WIDTH="21" HEIGHT="3" WC="0.91" CONTENT="—"/>
						</TextLine>
						<TextLine ID="line_1" HPOS="231" VPOS="238" WIDTH="745" HEIGHT="24">
							<String ID="string_11" HPOS="231" VPOS="239" WIDTH="114" HEIGHT="23" WC="0.94" CONTENT="visserligen"/><SP WIDTH="12" VPOS="239" HPOS="345"/>
							<String ID="string_12" HPOS="357" VPOS="239" WIDTH="61" HEIGHT="18" WC="0.96" CONTENT="under"/><SP WIDTH="14" VPOS="239" HPOS="418"/>
							<String ID="string_13" HPOS="432" VPOS="243" WIDTH="24" HEIGHT="13" WC="0.96" CONTENT="en"/><SP WIDTH="12" VPOS="243" HPOS="456"/>
							<String ID="string_14" HPOS="468" VPOS="239" WIDTH="29" HEIGHT="18" WC="0.96" CONTENT="tid"/><SP WIDTH="12" VPOS="239" HPOS="497"/>
							<String ID="string_15" HPOS="509" VPOS="239" WIDTH="23" HEIGHT="17" WC="0.96" CONTENT="af"/><SP WIDTH="10" VPOS="239" HPOS="532"/>
							<String ID="string_16" HPOS="542" VPOS="240" WIDTH="10" HEIGHT="17" WC="0.96" CONTENT="5"/><SP WIDTH="13" VPOS="240" HPOS="552"/>
							<String ID="string_17" HPOS="565" VPOS="239" WIDTH="23" HEIGHT="17" WC="0.95" CONTENT="år"/><SP WIDTH="8" VPOS="239" HPOS="588"/>
							<String ID="string_18" HPOS="596" VPOS="238" WIDTH="43" HEIGHT="18" WC="0.95" CONTENT="icke"/><SP WIDTH="8" VPOS="238" HPOS="639"/>
							<String ID="string_19" HPOS="647" VPOS="238" WIDTH="32" HEIGHT="18" WC="0.96" CONTENT="må"/><SP WIDTH="9" VPOS="238" HPOS="679"/>
							<String ID="string_20" HPOS="688" VPOS="239" WIDTH="23" HEIGHT="17" WC="0.96" CONTENT="af"/><SP WIDTH="6" VPOS="239" HPOS="711"/>
							<String ID="string_21" HPOS="717" VPOS="243" WIDTH="64" HEIGHT="13" WC="0.95" CONTENT="annan"/><SP WIDTH="8" VPOS="243" HPOS="781"/>
							<String ID="string_22" HPOS="789" VPOS="238" WIDTH="27" HEIGHT="24" WC="0.96" CONTENT="på"/><SP WIDTH="8" VPOS="238" HPOS="816"/>
							<String ID="string_23" HPOS="824" VPOS="239" WIDTH="152" HEIGHT="23" WC="0.95" CONTENT="fotografisk"/>
						</TextLine>
						<TextLine ID="line_2" HPOS="231" VPOS="268" WIDTH="746" HEIGHT="25">
							<String ID="string_24" HPOS="231" VPOS="268" WIDTH="40" HEIGHT="23" WC="0.95" CONTENT="väg"/><SP WIDTH="16" VPOS="268" HPOS="271"/>
							<String ID="string_25" HPOS="287" VPOS="269" WIDTH="28" HEIGHT="18" WC="0.96" CONTENT="till"/><SP WIDTH="16" VPOS="269" HPOS="315"/>
							<String ID="string_26" HPOS="331" VPOS="268" WIDTH="116" HEIGHT="25" WC="0.93" CONTENT="försäljning"/><SP WIDTH="17" VPOS="268" HPOS="447"/>
							<String ID="string_27" HPOS="464" VPOS="268" WIDTH="112" HEIGHT="23" WC="0.92" CONTENT="eftergöras,"/><SP WIDTH="14" VPOS="268" HPOS="576"/>
							<String ID="string_28" HPOS="590" VPOS="273" WIDTH="44" HEIGHT="13" WC="0.96" CONTENT="men"/><SP WIDTH="12" VPOS="273" HPOS="634"/>
							<String ID="string_29" HPOS="646" VPOS="269" WIDTH="40" HEIGHT="17" WC="0.96" CONTENT="mot"/><SP WIDTH="12" VPOS="269" HPOS="686"/>
							<String ID="string_30" HPOS="698" VPOS="268" WIDTH="39" HEIGHT="19" WC="0.96" CONTENT="alla"/><SP WIDTH="12" VPOS="268" HPOS="737"/>
							<String ID="string_31" HPOS="749" VPOS="268" WIDTH="62" HEIGHT="18" WC="0.93" CONTENT="andra"/><SP WIDTH="12" VPOS="268" HPOS="811"/>
							<String ID="string_32" HPOS="823" VPOS="268" WIDTH="154" HEIGHT="24" WC="0.91" CONTENT="efterbildnings-"/>
						</TextLine>
						<TextLine ID="line_3" HPOS="232" VPOS="298" WIDTH="744" HEIGHT="23">
							<String ID="string_33" HPOS="232" VPOS="298" WIDTH="40" HEIGHT="18" WC="0.96" CONTENT="sätt"/><SP WIDTH="18" VPOS="298" HPOS="272"/>
							<String ID="string_34" HPOS="290" VPOS="299" WIDTH="42" HEIGHT="17" WC="0.96" CONTENT="står"/><SP WIDTH="17" VPOS="299" HPOS="332"/>
							<String ID="string_35" HPOS="349" VPOS="298" WIDTH="108" HEIGHT="23" WC="0.96" CONTENT="fotografen"/><SP WIDTH="17" VPOS="298" HPOS="457"/>
							<String ID="string_36" HPOS="474" VPOS="298" WIDTH="58" HEIGHT="18" WC="0.96" CONTENT="äfven"/><SP WIDTH="16" VPOS="298" HPOS="532"/>
							<String ID="string_37" HPOS="548" VPOS="298" WIDTH="62" HEIGHT="18" WC="0.96" CONTENT="under"/><SP WIDTH="16" VPOS="298" HPOS="610"/>
							<String ID="string_38" HPOS="626" VPOS="298" WIDTH="59" HEIGHT="18" WC="0.96" CONTENT="dessa"/><SP WIDTH="17" VPOS="298" HPOS="685"/>
							<String ID="string_39" HPOS="702" VPOS="300" WIDTH="10" HEIGHT="16" WC="0.96" CONTENT="5"/><SP WIDTH="13" VPOS="300" HPOS="712"/>
							<String ID="string_40" HPOS="725" VPOS="298" WIDTH="23" HEIGHT="18" WC="0.96" CONTENT="år"/><SP WIDTH="16" VPOS="298" HPOS="748"/>
							<String ID="string_41" HPOS="764" VPOS="298" WIDTH="116" HEIGHT="23" WC="0.91" CONTENT="fullkomligt"/><SP WIDTH="11" VPOS="298" HPOS="880"/>
							<String ID="string_42" HPOS="891" VPOS="298" WIDTH="85" HEIGHT="19" WC="0.93" CONTENT="rättslös."/>
						</TextLine>
						<TextLine ID="line_4" HPOS="232" VPOS="327" WIDTH="745" HEIGHT="24">
							<String ID="string_43" HPOS="232" VPOS="328" WIDTH="26" HEIGHT="18" WC="0.93" CONTENT="Så"/><SP WIDTH="18" VPOS="328" HPOS="258"/>
							<String ID="string_44" HPOS="276" VPOS="328" WIDTH="13" HEIGHT="18" WC="0.88" CONTENT="t."/><SP WIDTH="14" VPOS="328" HPOS="289"/>
							<String ID="string_45" HPOS="303" VPOS="334" WIDTH="29" HEIGHT="12" WC="0.95" CONTENT="ex."/><SP WIDTH="14" VPOS="334" HPOS="332"/>
							<String ID="string_46" HPOS="346" VPOS="328" WIDTH="100" HEIGHT="18" WC="0.96" CONTENT="användes"/><SP WIDTH="12" VPOS="328" HPOS="446"/>
							<String ID="string_47" HPOS="458" VPOS="333" WIDTH="80" HEIGHT="13" WC="0.96" CONTENT="numera"/><SP WIDTH="13" VPOS="333" HPOS="538"/>
							<String ID="string_48" HPOS="551" VPOS="328" WIDTH="89" HEIGHT="22" WC="0.96" CONTENT="fotografi"/><SP WIDTH="14" VPOS="328" HPOS="640"/>
							<String ID="string_49" HPOS="654" VPOS="328" WIDTH="64" HEIGHT="18" WC="0.96" CONTENT="såsom"/><SP WIDTH="13" VPOS="328" HPOS="718"/>
							<String ID="string_50" HPOS="731" VPOS="328" WIDTH="95" HEIGHT="23" WC="0.96" CONTENT="grundval"/><SP WIDTH="10" VPOS="328" HPOS="826"/>
							<String ID="string_51" HPOS="836" VPOS="327" WIDTH="30" HEIGHT="19" WC="0.96" CONTENT="för"/><SP WIDTH="9" VPOS="327" HPOS="866"/>
							<String ID="string_52" HPOS="875" VPOS="328" WIDTH="102" HEIGHT="19" WC="0.96" CONTENT="allehanda"/>
						</TextLine>
						<TextLine ID="line_5" HPOS="233" VPOS="358" WIDTH="744" HEIGHT="24">
							<String ID="string_53" HPOS="233" VPOS="358" WIDTH="192" HEIGHT="23" WC="0.92" CONTENT="reproduktionssätt,"/><SP WIDTH="13" VPOS="358" HPOS="425"/>
							<String ID="string_54" HPOS="438" VPOS="363" WIDTH="44" HEIGHT="13" WC="0.96" CONTENT="men"/><SP WIDTH="13" VPOS="363" HPOS="482"/>
							<String ID="string_55" HPOS="495" VPOS="358" WIDTH="68" HEIGHT="18" WC="0.96" CONTENT="därvid"/><SP WIDTH="12" VPOS="358" HPOS="563"/>
							<String ID="string_56" HPOS="575" VPOS="358" WIDTH="38" HEIGHT="18" WC="0.96" CONTENT="kan"/><SP WIDTH="13" VPOS="358" HPOS="613"/>
							<String ID="string_57" HPOS="626" VPOS="358" WIDTH="109" HEIGHT="22" WC="0.96" CONTENT="fotografen"/><SP WIDTH="14" VPOS="358" HPOS="735"/>
							<String ID="string_58" HPOS="749" VPOS="358" WIDTH="16" HEIGHT="24" WC="0.97" CONTENT="ej"/><SP WIDTH="14" VPOS="358" HPOS="765"/>
							<String ID="string_59" HPOS="779" VPOS="358" WIDTH="86" HEIGHT="23" WC="0.96" CONTENT="lagligen"/><SP WIDTH="11" VPOS="358" HPOS="865"/>
							<String ID="string_60" HPOS="876" VPOS="358" WIDTH="101" HEIGHT="18" WC="0.96" CONTENT="förhindra"/>
						</TextLine>
						<TextLine ID="line_6" HPOS="233" VPOS="387" WIDTH="744" HEIGHT="23">
							<String ID="string_61" HPOS="233" VPOS="388" WIDTH="70" HEIGHT="22" WC="0.96" CONTENT="någon,"/><SP WIDTH="16" VPOS="388" HPOS="303"/>
							<String ID="string_62" HPOS="319" VPOS="387" WIDTH="30" HEIGHT="19" WC="0.96" CONTENT="att"/><SP WIDTH="15" VPOS="387" HPOS="349"/>
							<String ID="string_63" HPOS="364" VPOS="387" WIDTH="129" HEIGHT="23" WC="0.96" CONTENT="reproducera"/><SP WIDTH="16" VPOS="387" HPOS="493"/>
							<String ID="string_64" HPOS="509" VPOS="387" WIDTH="49" HEIGHT="18" WC="0.96" CONTENT="hans"/><SP WIDTH="17" VPOS="387" HPOS="558"/>
							<String ID="string_65" HPOS="575" VPOS="387" WIDTH="81" HEIGHT="19" WC="0.96" CONTENT="arbeten"/><SP WIDTH="17" VPOS="387" HPOS="656"/>
							<String ID="string_66" HPOS="673" VPOS="387" WIDTH="35" HEIGHT="19" WC="0.96" CONTENT="och"/><SP WIDTH="13" VPOS="387" HPOS="708"/>
							<String ID="string_67" HPOS="721" VPOS="388" WIDTH="83" HEIGHT="18" WC="0.93" CONTENT="sålunda"/><SP WIDTH="11" VPOS="388" HPOS="804"/>
							<String ID="string_68" HPOS="815" VPOS="387" WIDTH="81" HEIGHT="19" WC="0.91" CONTENT="beröfva"/><SP WIDTH="12" VPOS="387" HPOS="896"/>
							<String ID="string_69" HPOS="908" VPOS="388" WIDTH="69" HEIGHT="18" WC="0.96" CONTENT="honom"/>
						</TextLine>
						<TextLine ID="line_7" HPOS="233" VPOS="417" WIDTH="482" HEIGHT="19">
							<String ID="string_70" HPOS="233" VPOS="417" WIDTH="56" HEIGHT="19" WC="0.96" CONTENT="lönen"/><SP WIDTH="13" VPOS="417" HPOS="289"/>
							<String ID="string_71" HPOS="302" VPOS="417" WIDTH="29" HEIGHT="19" WC="0.95" CONTENT="för"/><SP WIDTH="12" VPOS="417" HPOS="331"/>
							<String ID="string_72" HPOS="343" VPOS="418" WIDTH="50" HEIGHT="18" WC="0.93" CONTENT="hans"/><SP WIDTH="11" VPOS="418" HPOS="393"/>
							<String ID="string_73" HPOS="404" VPOS="417" WIDTH="61" HEIGHT="19" WC="0.92" CONTENT="hafda"/><SP WIDTH="12" VPOS="417" HPOS="465"/>
							<String ID="string_74" HPOS="477" VPOS="417" WIDTH="67" HEIGHT="19" WC="0.92" CONTENT="mödor"/><SP WIDTH="12" VPOS="417" HPOS="544"/>
							<String ID="string_75" HPOS="556" VPOS="418" WIDTH="37" HEIGHT="18" WC="0.96" CONTENT="och"/><SP WIDTH="11" VPOS="418" HPOS="593"/>
							<String ID="string_76" HPOS="604" VPOS="417" WIDTH="111" HEIGHT="19" WC="0.96" CONTENT="kostnader."/>
						</TextLine>
					</TextBlock>
					<TextBlock ID="block_1" HPOS="230" VPOS="447" WIDTH="751" HEIGHT="351">
						<TextLine ID="line_8" HPOS="303" VPOS="447" WIDTH="675" HEIGHT="23">
							<String ID="string_77" HPOS="303" VPOS="447" WIDTH="65" HEIGHT="18" WC="0.96" CONTENT="Under"/><SP WIDTH="17" VPOS="447" HPOS="368"/>
							<String ID="string_78" HPOS="385" VPOS="447" WIDTH="74" HEIGHT="18" WC="0.96" CONTENT="sådana"/><SP WIDTH="13" VPOS="447" HPOS="459"/>
							<String ID="string_79" HPOS="472" VPOS="447" WIDTH="134" HEIGHT="18" WC="0.95" CONTENT="förhållanden"/><SP WIDTH="13" VPOS="447" HPOS="606"/>
							<String ID="string_80" HPOS="619" VPOS="447" WIDTH="23" HEIGHT="17" WC="0.96" CONTENT="är"/><SP WIDTH="13" VPOS="447" HPOS="642"/>
							<String ID="string_81" HPOS="655" VPOS="452" WIDTH="25" HEIGHT="13" WC="0.96" CONTENT="nu"/><SP WIDTH="13" VPOS="452" HPOS="680"/>
							<String ID="string_82" HPOS="693" VPOS="447" WIDTH="116" HEIGHT="23" WC="0.93" CONTENT="fotografen,"/><SP WIDTH="13" VPOS="447" HPOS="809"/>
							<String ID="string_83" HPOS="822" VPOS="447" WIDTH="17" HEIGHT="18" WC="0.92" CONTENT="d."/><SP WIDTH="13" VPOS="447" HPOS="839"/>
							<String ID="string_84" HPOS="852" VPOS="452" WIDTH="18" HEIGHT="13" WC="0.92" CONTENT="v."/><SP WIDTH="14" VPOS="452" HPOS="870"/>
							<String ID="string_85" HPOS="884" VPOS="453" WIDTH="15" HEIGHT="12" WC="0.91" CONTENT="s."/><SP WIDTH="13" VPOS="453" HPOS="899"/>
							<String ID="string_86" HPOS="912" VPOS="448" WIDTH="66" HEIGHT="22" WC="0.91" CONTENT="yrkes-"/>
						</TextLine>
						<TextLine ID="line_9" HPOS="232" VPOS="477" WIDTH="745" HEIGHT="23">
							<String ID="string_87" HPOS="232" VPOS="478" WIDTH="114" HEIGHT="22" WC="0.96" CONTENT="fotografen,"/><SP WIDTH="17" VPOS="478" HPOS="346"/>
							<String ID="string_88" HPOS="363" VPOS="482" WIDTH="41" HEIGHT="13" WC="0.93" CONTENT="som"/><SP WIDTH="17" VPOS="482" HPOS="404"/>
							<String ID="string_89" HPOS="421" VPOS="477" WIDTH="59" HEIGHT="18" WC="0.92" CONTENT="lifnär"/><SP WIDTH="15" VPOS="477" HPOS="480"/>
							<String ID="string_90" HPOS="495" VPOS="478" WIDTH="32" HEIGHT="22" WC="0.96" CONTENT="sig"/><SP WIDTH="15" VPOS="478" HPOS="527"/>
							<String ID="string_91" HPOS="542" VPOS="477" WIDTH="44" HEIGHT="18" WC="0.95" CONTENT="med"/><SP WIDTH="16" VPOS="477" HPOS="586"/>
							<String ID="string_92" HPOS="602" VPOS="477" WIDTH="35" HEIGHT="18" WC="0.95" CONTENT="sitt"/><SP WIDTH="13" VPOS="477" HPOS="637"/>
							<String ID="string_93" HPOS="650" VPOS="477" WIDTH="71" HEIGHT="22" WC="0.96" CONTENT="arbete,"/><SP WIDTH="14" VPOS="477" HPOS="721"/>
							<String ID="string_94" HPOS="735" VPOS="477" WIDTH="65" HEIGHT="18" WC="0.93" CONTENT="sämre"/><SP WIDTH="12" VPOS="477" HPOS="800"/>
							<String ID="string_95" HPOS="812" VPOS="477" WIDTH="52" HEIGHT="18" WC="0.92" CONTENT="stäld"/><SP WIDTH="12" VPOS="477" HPOS="864"/>
							<String ID="string_96" HPOS="876" VPOS="477" WIDTH="25" HEIGHT="18" WC="0.96" CONTENT="än"/><SP WIDTH="12" VPOS="477" HPOS="901"/>
							<String ID="string_97" HPOS="913" VPOS="477" WIDTH="64" HEIGHT="23" WC="0.96" CONTENT="någon"/>
						</TextLine>
						<TextLine ID="line_10" HPOS="232" VPOS="506" WIDTH="745" HEIGHT="23">
							<String ID="string_98" HPOS="232" VPOS="511" WIDTH="64" HEIGHT="14" WC="0.96" CONTENT="annan"/><SP WIDTH="18" VPOS="511" HPOS="296"/>
							<String ID="string_99" HPOS="314" VPOS="507" WIDTH="6" HEIGHT="18" WC="0.96" CONTENT="i"/><SP WIDTH="15" VPOS="507" HPOS="320"/>
							<String ID="string_100" HPOS="335" VPOS="507" WIDTH="55" HEIGHT="18" WC="0.96" CONTENT="detta"/><SP WIDTH="15" VPOS="507" HPOS="390"/>
							<String ID="string_101" HPOS="405" VPOS="507" WIDTH="51" HEIGHT="21" WC="0.96" CONTENT="land,"/><SP WIDTH="17" VPOS="507" HPOS="456"/>
							<String ID="string_102" HPOS="473" VPOS="506" WIDTH="80" HEIGHT="19" WC="0.96" CONTENT="hvarför"/><SP WIDTH="17" VPOS="506" HPOS="553"/>
							<String ID="string_103" HPOS="570" VPOS="512" WIDTH="23" HEIGHT="13" WC="0.96" CONTENT="en"/><SP WIDTH="17" VPOS="512" HPOS="593"/>
							<String ID="string_104" HPOS="610" VPOS="511" WIDTH="47" HEIGHT="14" WC="0.96" CONTENT="snar"/><SP WIDTH="12" VPOS="511" HPOS="657"/>
							<String ID="string_105" HPOS="669" VPOS="506" WIDTH="114" HEIGHT="23" WC="0.96" CONTENT="förändring"/><SP WIDTH="12" VPOS="506" HPOS="783"/>
							<String ID="string_106" HPOS="795" VPOS="507" WIDTH="23" HEIGHT="18" WC="0.96" CONTENT="af"/><SP WIDTH="10" VPOS="507" HPOS="818"/>
							<String ID="string_107" HPOS="828" VPOS="507" WIDTH="53" HEIGHT="18" WC="0.93" CONTENT="detta"/><SP WIDTH="12" VPOS="507" HPOS="881"/>
							<String ID="string_108" HPOS="893" VPOS="506" WIDTH="84" HEIGHT="19" WC="0.91" CONTENT="missför-"/>
						</TextLine>
						<TextLine ID="line_11" HPOS="233" VPOS="536" WIDTH="745" HEIGHT="24">
							<String ID="string_109" HPOS="233" VPOS="537" WIDTH="90" HEIGHT="18" WC="0.95" CONTENT="hållande"/><SP WIDTH="16" VPOS="537" HPOS="323"/>
							<String ID="string_110" HPOS="339" VPOS="537" WIDTH="27" HEIGHT="21" WC="0.96" CONTENT="är,"/><SP WIDTH="18" VPOS="537" HPOS="366"/>
							<String ID="string_111" HPOS="384" VPOS="537" WIDTH="65" HEIGHT="18" WC="0.96" CONTENT="såsom"/><SP WIDTH="17" VPOS="537" HPOS="449"/>
							<String ID="string_112" HPOS="466" VPOS="537" WIDTH="23" HEIGHT="18" WC="0.93" CONTENT="af"/><SP WIDTH="10" VPOS="537" HPOS="489"/>
							<String ID="string_113" HPOS="499" VPOS="537" WIDTH="140" HEIGHT="18" WC="0.91" CONTENT="ofvanstående"/><SP WIDTH="13" VPOS="537" HPOS="639"/>
							<String ID="string_114" HPOS="652" VPOS="536" WIDTH="91" HEIGHT="23" WC="0.96" CONTENT="framgår,"/><SP WIDTH="14" VPOS="536" HPOS="743"/>
							<String ID="string_115" HPOS="757" VPOS="536" WIDTH="98" HEIGHT="19" WC="0.96" CONTENT="önskvärd"/><SP WIDTH="13" VPOS="536" HPOS="855"/>
							<String ID="string_116" HPOS="868" VPOS="537" WIDTH="36" HEIGHT="18" WC="0.96" CONTENT="och"/><SP WIDTH="12" VPOS="537" HPOS="904"/>
							<String ID="string_117" HPOS="916" VPOS="537" WIDTH="62" HEIGHT="23" WC="0.96" CONTENT="vågar"/>
						</TextLine>
						<TextLine ID="line_12" HPOS="230" VPOS="565" WIDTH="747" HEIGHT="26">
							<String ID="string_118" HPOS="230" VPOS="567" WIDTH="36" HEIGHT="24" WC="0.96" CONTENT="jag"/><SP WIDTH="11" VPOS="567" HPOS="266"/>
							<String ID="string_119" HPOS="277" VPOS="571" WIDTH="27" HEIGHT="14" WC="0.96" CONTENT="nu"/><SP WIDTH="12" VPOS="571" HPOS="304"/>
							<String ID="string_120" HPOS="316" VPOS="565" WIDTH="110" HEIGHT="26" WC="0.95" CONTENT="ödmjukast"/><SP WIDTH="12" VPOS="565" HPOS="426"/>
							<String ID="string_121" HPOS="438" VPOS="566" WIDTH="80" HEIGHT="19" WC="0.95" CONTENT="anhålla"/><SP WIDTH="12" VPOS="566" HPOS="518"/>
							<String ID="string_122" HPOS="530" VPOS="571" WIDTH="31" HEIGHT="14" WC="0.97" CONTENT="om"/><SP WIDTH="9" VPOS="571" HPOS="561"/>
							<String ID="string_123" HPOS="570" VPOS="567" WIDTH="53" HEIGHT="17" WC="0.93" CONTENT="detta"/><SP WIDTH="9" VPOS="567" HPOS="623"/>
							<String ID="string_124" HPOS="632" VPOS="566" WIDTH="200" HEIGHT="23" WC="0.91" CONTENT="petitionsmemorials"/><SP WIDTH="8" VPOS="566" HPOS="832"/>
							<String ID="string_125" HPOS="840" VPOS="566" WIDTH="137" HEIGHT="19" WC="0.96" CONTENT="remitterande"/>
						</TextLine>
						<TextLine ID="line_13" HPOS="232" VPOS="595" WIDTH="749" HEIGHT="24">
							<String ID="string_126" HPOS="232" VPOS="597" WIDTH="28" HEIGHT="17" WC="0.95" CONTENT="till"/><SP WIDTH="19" VPOS="597" HPOS="260"/>
							<String ID="string_127" HPOS="279" VPOS="595" WIDTH="119" HEIGHT="24" WC="0.95" CONTENT="behandling"/><SP WIDTH="18" VPOS="595" HPOS="398"/>
							<String ID="string_128" HPOS="416" VPOS="597" WIDTH="6" HEIGHT="17" WC="0.96" CONTENT="i"/><SP WIDTH="19" VPOS="597" HPOS="422"/>
							<String ID="string_129" HPOS="441" VPOS="596" WIDTH="130" HEIGHT="23" WC="0.95" CONTENT="vederbörligt"/><SP WIDTH="16" VPOS="596" HPOS="571"/>
							<String ID="string_130" HPOS="587" VPOS="597" WIDTH="74" HEIGHT="17" WC="0.96" CONTENT="utskott"/><SP WIDTH="17" VPOS="597" HPOS="661"/>
							<String ID="string_131" HPOS="678" VPOS="596" WIDTH="29" HEIGHT="18" WC="0.96" CONTENT="för"/><SP WIDTH="19" VPOS="596" HPOS="707"/>
							<String ID="string_132" HPOS="726" VPOS="597" WIDTH="29" HEIGHT="17" WC="0.96" CONTENT="att"/><SP WIDTH="12" VPOS="597" HPOS="755"/>
							<String ID="string_133" HPOS="767" VPOS="596" WIDTH="66" HEIGHT="22" WC="0.96" CONTENT="sedan,"/><SP WIDTH="13" VPOS="596" HPOS="833"/>
							<String ID="string_134" HPOS="846" VPOS="596" WIDTH="43" HEIGHT="18" WC="0.96" CONTENT="med"/><SP WIDTH="13" VPOS="596" HPOS="889"/>
							<String ID="string_135" HPOS="902" VPOS="595" WIDTH="43" HEIGHT="19" WC="0.96" CONTENT="stöd"/><SP WIDTH="13" VPOS="595" HPOS="945"/>
							<String ID="string_136" HPOS="958" VPOS="596" WIDTH="23" HEIGHT="19" WC="0.96" CONTENT="af"/>
						</TextLine>
						<TextLine ID="line_14" HPOS="234" VPOS="625" WIDTH="744" HEIGHT="24">
							<String ID="string_137" HPOS="234" VPOS="625" WIDTH="44" HEIGHT="19" WC="0.96" CONTENT="dess"/><SP WIDTH="17" VPOS="625" HPOS="278"/>
							<String ID="string_138" HPOS="295" VPOS="625" WIDTH="106" HEIGHT="22" WC="0.96" CONTENT="utlåtande,"/><SP WIDTH="17" VPOS="625" HPOS="401"/>
							<String ID="string_139" HPOS="418" VPOS="626" WIDTH="35" HEIGHT="18" WC="0.93" CONTENT="hos"/><SP WIDTH="17" VPOS="626" HPOS="453"/>
							<String ID="string_140" HPOS="470" VPOS="625" WIDTH="107" HEIGHT="24" WC="0.92" CONTENT="Höglofliga"/><SP WIDTH="18" VPOS="625" HPOS="577"/>
							<String ID="string_141" HPOS="595" VPOS="625" WIDTH="140" HEIGHT="24" WC="0.91" CONTENT="Ridderskapet"/><SP WIDTH="18" VPOS="625" HPOS="735"/>
							<String ID="string_142" HPOS="753" VPOS="626" WIDTH="37" HEIGHT="18" WC="0.91" CONTENT="och"/><SP WIDTH="16" VPOS="626" HPOS="790"/>
							<String ID="string_143" HPOS="806" VPOS="626" WIDTH="62" HEIGHT="18" WC="0.91" CONTENT="Adeln"/><SP WIDTH="13" VPOS="626" HPOS="868"/>
							<String ID="string_144" HPOS="881" VPOS="625" WIDTH="97" HEIGHT="19" WC="0.91" CONTENT="vördsam-"/>
						</TextLine>
						<TextLine ID="line_15" HPOS="232" VPOS="655" WIDTH="747" HEIGHT="24">
							<String ID="string_145" HPOS="232" VPOS="656" WIDTH="51" HEIGHT="17" WC="0.93" CONTENT="mast"/><SP WIDTH="18" VPOS="656" HPOS="283"/>
							<String ID="string_146" HPOS="301" VPOS="655" WIDTH="108" HEIGHT="22" WC="0.91" CONTENT="hemställa,"/><SP WIDTH="13" VPOS="655" HPOS="409"/>
							<String ID="string_147" HPOS="422" VPOS="656" WIDTH="97" HEIGHT="18" WC="0.96" CONTENT="huruvida"/><SP WIDTH="15" VPOS="656" HPOS="519"/>
							<String ID="string_148" HPOS="534" VPOS="656" WIDTH="43" HEIGHT="18" WC="0.93" CONTENT="icke"/><SP WIDTH="17" VPOS="656" HPOS="577"/>
							<String ID="string_149" HPOS="594" VPOS="655" WIDTH="83" HEIGHT="18" WC="0.92" CONTENT="Ståndet"/><SP WIDTH="16" VPOS="655" HPOS="677"/>
							<String ID="string_150" HPOS="693" VPOS="656" WIDTH="44" HEIGHT="17" WC="0.96" CONTENT="ville"/><SP WIDTH="18" VPOS="656" HPOS="737"/>
							<String ID="string_151" HPOS="755" VPOS="656" WIDTH="43" HEIGHT="18" WC="0.96" CONTENT="med"/><SP WIDTH="17" VPOS="656" HPOS="798"/>
							<String ID="string_152" HPOS="815" VPOS="657" WIDTH="40" HEIGHT="22" WC="0.96" CONTENT="mig"/><SP WIDTH="12" VPOS="657" HPOS="855"/>
							<String ID="string_153" HPOS="867" VPOS="656" WIDTH="67" HEIGHT="18" WC="0.96" CONTENT="förena"/><SP WIDTH="13" VPOS="656" HPOS="934"/>
							<String ID="string_154" HPOS="947" VPOS="657" WIDTH="32" HEIGHT="22" WC="0.96" CONTENT="sig"/>
						</TextLine>
						<TextLine ID="line_16" HPOS="233" VPOS="685" WIDTH="746" HEIGHT="24">
							<String ID="string_155" HPOS="233" VPOS="685" WIDTH="100" HEIGHT="18" WC="0.96" CONTENT="äfvensom"/><SP WIDTH="19" VPOS="685" HPOS="333"/>
							<String ID="string_156" HPOS="352" VPOS="686" WIDTH="79" HEIGHT="23" WC="0.93" CONTENT="inbjuda"/><SP WIDTH="12" VPOS="686" HPOS="431"/>
							<String ID="string_157" HPOS="443" VPOS="685" WIDTH="127" HEIGHT="19" WC="0.91" CONTENT="medstånden"/><SP WIDTH="12" VPOS="685" HPOS="570"/>
							<String ID="string_158" HPOS="582" VPOS="686" WIDTH="29" HEIGHT="17" WC="0.93" CONTENT="till"/><SP WIDTH="12" VPOS="686" HPOS="611"/>
							<String ID="string_159" HPOS="623" VPOS="686" WIDTH="131" HEIGHT="18" WC="0.91" CONTENT="inlemnandet"/><SP WIDTH="12" VPOS="686" HPOS="754"/>
							<String ID="string_160" HPOS="766" VPOS="687" WIDTH="23" HEIGHT="17" WC="0.93" CONTENT="af"/><SP WIDTH="10" VPOS="687" HPOS="789"/>
							<String ID="string_161" HPOS="799" VPOS="686" WIDTH="121" HEIGHT="23" WC="0.92" CONTENT="underdånig"/><SP WIDTH="11" VPOS="686" HPOS="920"/>
							<String ID="string_162" HPOS="931" VPOS="687" WIDTH="48" HEIGHT="22" WC="0.92" CONTENT="peti-"/>
						</TextLine>
						<TextLine ID="line_17" HPOS="232" VPOS="714" WIDTH="746" HEIGHT="25">
							<String ID="string_163" HPOS="232" VPOS="715" WIDTH="45" HEIGHT="22" WC="0.96" CONTENT="tion,"/><SP WIDTH="13" VPOS="715" HPOS="277"/>
							<String ID="string_164" HPOS="290" VPOS="715" WIDTH="92" HEIGHT="19" WC="0.93" CONTENT="afseende"/><SP WIDTH="12" VPOS="715" HPOS="382"/>
							<String ID="string_165" HPOS="394" VPOS="715" WIDTH="133" HEIGHT="24" WC="0.91" CONTENT="afhjelpandet"/><SP WIDTH="12" VPOS="715" HPOS="527"/>
							<String ID="string_166" HPOS="539" VPOS="715" WIDTH="22" HEIGHT="19" WC="0.96" CONTENT="af"/><SP WIDTH="11" VPOS="715" HPOS="561"/>
							<String ID="string_167" HPOS="572" VPOS="715" WIDTH="53" HEIGHT="18" WC="0.96" CONTENT="detta"/><SP WIDTH="13" VPOS="715" HPOS="625"/>
							<String ID="string_168" HPOS="638" VPOS="714" WIDTH="30" HEIGHT="19" WC="0.96" CONTENT="för"/><SP WIDTH="13" VPOS="714" HPOS="668"/>
							<String ID="string_169" HPOS="681" VPOS="716" WIDTH="109" HEIGHT="23" WC="0.93" CONTENT="fotografen"/><SP WIDTH="10" VPOS="716" HPOS="790"/>
							<String ID="string_170" HPOS="800" VPOS="721" WIDTH="125" HEIGHT="18" WC="0.91" CONTENT="ogynsamma"/><SP WIDTH="9" VPOS="721" HPOS="925"/>
							<String ID="string_171" HPOS="934" VPOS="717" WIDTH="44" HEIGHT="22" WC="0.96" CONTENT="läge"/>
						</TextLine>
						<TextLine ID="line_18" HPOS="232" VPOS="745" WIDTH="746" HEIGHT="24">
							<String ID="string_172" HPOS="232" VPOS="750" WIDTH="69" HEIGHT="18" WC="0.93" CONTENT="genom"/><SP WIDTH="16" VPOS="750" HPOS="301"/>
							<String ID="string_173" HPOS="317" VPOS="745" WIDTH="123" HEIGHT="19" WC="0.88" CONTENT="likställande"/><SP WIDTH="19" VPOS="745" HPOS="440"/>
							<String ID="string_174" HPOS="459" VPOS="745" WIDTH="23" HEIGHT="19" WC="0.96" CONTENT="af"/><SP WIDTH="15" VPOS="745" HPOS="482"/>
							<String ID="string_175" HPOS="497" VPOS="745" WIDTH="72" HEIGHT="19" WC="0.96" CONTENT="dennes"/><SP WIDTH="17" VPOS="745" HPOS="569"/>
							<String ID="string_176" HPOS="586" VPOS="745" WIDTH="80" HEIGHT="18" WC="0.96" CONTENT="arbeten"/><SP WIDTH="16" VPOS="745" HPOS="666"/>
							<String ID="string_177" HPOS="682" VPOS="745" WIDTH="43" HEIGHT="19" WC="0.96" CONTENT="med"/><SP WIDTH="17" VPOS="745" HPOS="725"/>
							<String ID="string_178" HPOS="742" VPOS="745" WIDTH="62" HEIGHT="19" WC="0.96" CONTENT="andra"/><SP WIDTH="16" VPOS="745" HPOS="804"/>
							<String ID="string_179" HPOS="820" VPOS="746" WIDTH="86" HEIGHT="23" WC="0.96" CONTENT="grafiska"/><SP WIDTH="12" VPOS="746" HPOS="906"/>
							<String ID="string_180" HPOS="918" VPOS="747" WIDTH="60" HEIGHT="18" WC="0.96" CONTENT="alster"/>
						</TextLine>
						<TextLine ID="line_19" HPOS="233" VPOS="775" WIDTH="745" HEIGHT="23">
							<String ID="string_181" HPOS="233" VPOS="775" WIDTH="35" HEIGHT="18" WC="0.91" CONTENT="och"/><SP WIDTH="18" VPOS="775" HPOS="268"/>
							<String ID="string_182" HPOS="286" VPOS="775" WIDTH="157" HEIGHT="18" WC="0.91" CONTENT="tillförsäkrande"/><SP WIDTH="19" VPOS="775" HPOS="443"/>
							<String ID="string_183" HPOS="462" VPOS="776" WIDTH="20" HEIGHT="18" WC="0.96" CONTENT="åt"/><SP WIDTH="13" VPOS="776" HPOS="482"/>
							<String ID="string_184" HPOS="495" VPOS="775" WIDTH="42" HEIGHT="19" WC="0.96" CONTENT="dem"/><SP WIDTH="13" VPOS="775" HPOS="537"/>
							<String ID="string_185" HPOS="550" VPOS="775" WIDTH="102" HEIGHT="19" WC="0.96" CONTENT="enahanda"/><SP WIDTH="12" VPOS="775" HPOS="652"/>
							<String ID="string_186" HPOS="664" VPOS="775" WIDTH="62" HEIGHT="23" WC="0.96" CONTENT="skydd"/><SP WIDTH="13" VPOS="775" HPOS="726"/>
							<String ID="string_187" HPOS="739" VPOS="775" WIDTH="5" HEIGHT="18" WC="0.96" CONTENT="i"/><SP WIDTH="13" VPOS="775" HPOS="744"/>
							<String ID="string_188" HPOS="757" VPOS="775" WIDTH="87" HEIGHT="23" WC="0.96" CONTENT="rättsligt"/><SP WIDTH="18" VPOS="775" HPOS="844"/>
							<String ID="string_189" HPOS="862" VPOS="776" WIDTH="116" HEIGHT="18" WC="0.96" CONTENT="hänseende."/>
						</TextLine>
					</TextBlock>
				</ComposedBlock>
				<ComposedBlock ID="cblock_1" HPOS="303" VPOS="836" WIDTH="369" HEIGHT="23">
					<TextBlock ID="block_2" HPOS="303" VPOS="836" WIDTH="369" HEIGHT="23">
						<TextLine ID="line_20" HPOS="303" VPOS="836" WIDTH="369" HEIGHT="23">
							<String ID="string_190" HPOS="303" VPOS="836" WIDTH="125" HEIGHT="23" WC="0.96" CONTENT="Helsingfors,"/><SP WIDTH="13" VPOS="836" HPOS="428"/>
							<String ID="string_191" HPOS="441" VPOS="836" WIDTH="37" HEIGHT="18" WC="0.96" CONTENT="den"/><SP WIDTH="14" VPOS="836" HPOS="478"/>
							<String ID="string_192" HPOS="492" VPOS="836" WIDTH="11" HEIGHT="18" WC="0.97" CONTENT="8"/><SP WIDTH="12" VPOS="836" HPOS="503"/>
							<String ID="string_193" HPOS="515" VPOS="836" WIDTH="92" HEIGHT="18" WC="0.96" CONTENT="Februari"/><SP WIDTH="14" VPOS="836" HPOS="607"/>
							<String ID="string_194" HPOS="621" VPOS="837" WIDTH="51" HEIGHT="18" WC="0.96" CONTENT="1897."/>
						</TextLine>
					</TextBlock>
				</ComposedBlock>
				<ComposedBlock ID="cblock_2" HPOS="491" VPOS="979" WIDTH="227" HEIGHT="27">
					<TextBlock ID="block_3" HPOS="491" VPOS="979" WIDTH="227" HEIGHT="27">
						<TextLine ID="line_21" HPOS="491" VPOS="979" WIDTH="227" HEIGHT="27">
							<String ID="string_195" HPOS="491" VPOS="979" WIDTH="63" HEIGHT="22" WC="0.93" CONTENT="Alfred"/><SP WIDTH="17" VPOS="979" HPOS="554"/>
							<String ID="string_196" HPOS="571" VPOS="979" WIDTH="147" HEIGHT="27" WC="0.89" CONTENT="Rosenbröijer."/>
						</TextLine>
					</TextBlock>
				</ComposedBlock>
				<GraphicalElement ID="cblock_3" HPOS="234" VPOS="1460" WIDTH="745" HEIGHT="7"></GraphicalElement >
				<ComposedBlock ID="cblock_4" HPOS="339" VPOS="1478" WIDTH="534" HEIGHT="19">
					<TextBlock ID="block_4" HPOS="339" VPOS="1478" WIDTH="534" HEIGHT="19">
						<TextLine ID="line_22" HPOS="339" VPOS="1478" WIDTH="534" HEIGHT="19">
							<String ID="string_197" HPOS="339" VPOS="1478" WIDTH="109" HEIGHT="18" WC="0.93" CONTENT="Helsingfors,"/><SP WIDTH="9" VPOS="1478" HPOS="448"/>
							<String ID="string_198" HPOS="457" VPOS="1478" WIDTH="103" HEIGHT="18" WC="0.92" CONTENT="Osakeyhtiö"/><SP WIDTH="9" VPOS="1478" HPOS="560"/>
							<String ID="string_199" HPOS="569" VPOS="1479" WIDTH="62" HEIGHT="14" WC="0.89" CONTENT="Weilin"/><SP WIDTH="10" VPOS="1479" HPOS="631"/>
							<String ID="string_200" HPOS="641" VPOS="1480" WIDTH="13" HEIGHT="13" WC="0.92" CONTENT="&amp;"/><SP WIDTH="9" VPOS="1480" HPOS="654"/>
							<String ID="string_201" HPOS="663" VPOS="1479" WIDTH="43" HEIGHT="14" WC="0.91" CONTENT="Göös"/><SP WIDTH="10" VPOS="1479" HPOS="706"/>
							<String ID="string_202" HPOS="716" VPOS="1478" WIDTH="108" HEIGHT="19" WC="0.96" CONTENT="Aktiebolag,"/><SP WIDTH="9" VPOS="1478" HPOS="824"/>
							<String ID="string_203" HPOS="833" VPOS="1480" WIDTH="40" HEIGHT="13" WC="0.96" CONTENT="1897."/>
						</TextLine>
					</TextBlock>
				</ComposedBlock>
			</PrintSpace>
		</Page>
	</Layout>
</alto>
