1067 1792
234 176 12 19 2

206 240 9 18 I
230 239 39 19 den
286 238 48 20 mån
351 238 137 26 möjligheten
504 239 30 18 att
548 238 21 20 få
585 238 146 26 privilegierna
746 237 90 21 sålunda
850 239 107 25 transpor-

205 268 71 19 terade
297 274 76 20 genom
388 268 50 19 häfd
453 267 102 25 stadgade
571 267 39 25 sig,
626 267 68 20 blefvo
710 268 25 19 de
750 267 57 19 äldre
823 274 16 12 s.
856 267 19 19 k.
892 270 64 16 stam-

206 296 129 26 apothekens
351 296 117 25 privilegier
483 296 122 19 betraktade
620 295 72 20 såsom
707 296 199 23 realkoncessioner,
917 296 41 19 och

207 325 67 19 blefvo
296 324 72 20 såsom
391 324 79 20 sådana
488 324 97 25 säljbara.
616 325 31 18 De
662 324 38 19 allt
714 324 66 27 högre
796 325 97 25 stigande
909 325 48 25 pris,

205 354 32 19 till
252 353 72 20 hvilka
341 353 249 26 apotheksprivilegierna
606 353 158 25 öfverflyttades
777 353 40 20 och
829 353 72 20 hvilka
911 353 46 20 icke

206 383 61 19 stodo
287 383 7 18 i
313 381 64 26 något
392 381 130 20 förhållande
538 381 31 20 till
584 381 26 20 de
626 382 5 18 i
648 382 62 25 köpet
725 381 104 26 ingående
844 382 114 25 apotheks-

207 411 177 25 inrättningarnes
406 410 39 20 och
468 409 107 20 förrådens
597 410 70 23 värde,
689 409 79 27 ådrogo
786 411 34 25 sig
835 411 62 25 tidigt
912 413 46 24 sty-

206 439 80 20 relsens
301 439 185 26 uppmärksamhet
501 438 40 21 och
556 439 136 19 framkallade
703 439 134 20 sträfvanden
846 438 44 21 från
900 446 57 19 rege-

206 468 87 26 ringens
314 468 47 19 sida
384 469 30 18 att
430 467 115 20 förminska
560 467 40 20 och
615 467 106 20 förhindra
736 468 186 25 öfverflyttningen
938 469 22 18 af

206 496 250 27 apotheksprivilegierna
478 497 54 18 samt
554 497 51 25 göra
627 496 108 20 desamma
757 497 133 25 fullständigt
912 503 46 20 per-

206 525 89 26 sonliga.
313 526 7 18 I
336 523 75 21 sådant
427 525 56 26 syfte
498 525 103 26 föreslogs
616 525 64 19 redan
695 523 23 21 år
736 525 52 20 1836
804 526 23 19 af
840 525 118 20 dåvarande

206 554 205 25 generaldirektören
429 554 31 19 för
476 553 183 20 medicinalverket
675 553 47 20 Carl
738 554 74 19 Daniel
827 561 40 13 von
883 554 75 20 Haart-

207 589 55 17 man,
275 584 31 18 att
320 583 26 18 de
362 581 118 20 dåvarande
495 582 173 26 stamapotheken
684 583 69 19 skulle
768 583 23 19 af
800 584 68 19 staten
878 583 80 20 inlösas

208 613 54 17 samt
277 611 128 25 rättigheten
420 612 30 18 att
465 612 72 18 utöfva
552 611 165 26 apotheksyrket
730 612 64 25 göras
809 611 24 20 så
846 612 112 25 personlig,

207 641 31 18 att
253 639 154 26 apothekarena
422 639 6 19 i
444 639 76 26 sjelfva
530 640 72 19 verket
612 639 68 20 skulle
694 640 66 19 blifvit
769 641 189 24 statstjenstemän.

207 668 62 19 Detta
289 668 79 25 förslag
391 668 111 19 straudade
524 668 54 19 dock
599 667 63 26 derpå
683 670 31 17 att
728 668 184 26 inlösningspriset
927 669 32 19 för

207 696 173 26 stamapotheken
403 695 79 27 ansågs
502 697 86 19 komma
610 697 30 18 att
662 697 115 25 öfverstiga
798 698 80 18 statens
894 696 64 20 dåva-

207 725 64 19 rande
293 724 119 26 tillgångar.
442 725 10 18 I
470 725 71 19 stället
559 725 91 26 begynte
668 731 49 13 man
732 725 47 25 (den
794 725 28 20 23
838 725 40 26 Maj
898 725 60 24 1837,

207 752 27 21 då
246 753 141 29 apothekaren
402 753 25 19 A.
444 753 24 20 G.
484 753 117 20 Arvidsson
616 753 67 20 tilläts
697 754 78 19 inrätta
790 755 29 18 elt
832 755 66 25 tredje
908 760 50 20 apo-

208 782 50 19 thek
280 783 6 18 i
306 782 47 19 Åbo
369 781 61 26 stad,)
446 783 31 18 att
492 783 52 18 söka
559 783 51 24 göra
626 782 145 26 privilegierna
787 783 119 26 personliga
921 789 37 20 ge-

207 817 50 13 nom
272 812 30 18 att
317 810 141 27 uttryckligen
474 810 114 20 inskränka
604 811 47 19 dem
666 810 32 20 till
714 811 38 19 den
769 811 189 20 koncessionerade

207 845 102 20 personen
332 839 40 20 och
394 839 53 19 hans
469 839 71 23 lifstid,
555 839 48 20 med
619 839 113 24 uttalande,
748 841 30 18 alt
794 841 22 18 af
829 839 73 27 nådigt
917 841 41 18 för-

207 868 107 20 ordnande
329 868 83 19 komme
428 869 31 18 att
473 869 55 22 bero,
543 867 103 20 huruvida
656 868 117 26 privilegiet
783 869 56 25 finge
849 869 32 19 till
892 869 65 20 sterb-

206 896 167 26 husdelegarene
388 896 118 19 utsträckas
519 896 51 20 eller
584 896 32 19 till
631 902 69 14 annan
716 903 48 13 man
780 896 112 21 öfverlätas
908 898 51 19 oller

208 925 83 19 komme
307 926 30 18 att
352 926 50 18 utan
418 925 116 25 ersättning
549 925 106 25 indragas.
681 924 44 21 Den
742 925 24 20 31
784 926 55 19 Mars
857 926 53 20 1857
926 926 32 19 in-

207 953 69 19 fördes
299 954 101 24 derjemte
422 952 67 26 ärliga
511 954 83 25 afgifter
613 954 31 18 till
659 954 79 19 kronan
754 954 31 19 för
800 955 26 18 de
841 955 117 25 personella

208 982 124 26 apotheken.
363 982 44 19 Den
424 981 12 19 9
460 982 90 19 Oktober
568 981 52 21 1883
636 982 92 20 infördes
744 983 5 19 i
766 983 192 25 privilegiebrefven

208 1011 40 19 den
271 1017 42 19 nya
335 1010 159 26 bestämningen
518 1012 30 18 att
569 1010 116 26 privilegiet
708 1011 69 19 skulle
797 1012 57 25 gälla
872 1012 31 19 för
918 1012 40 19 den

208 1039 163 26 privilegierade,
388 1038 23 20 sä
426 1039 64 25 länge
497 1039 42 19 han
548 1039 150 19 vidmakthölle
706 1040 252 26 apotheksinrättningen,

208 1074 48 14 men
278 1068 19 25 ej
320 1068 8 19 i
350 1066 64 27 nägot
436 1068 36 19 fall
487 1068 72 25 längre
575 1069 26 19 än
617 1068 53 19 intill
690 1068 57 20 1925.
778 1068 46 20 Den
839 1069 11 19 9
867 1069 92 20 Oktober

211 1096 52 20 1893
279 1096 83 20 tillades
378 1097 108 19 dessutom
502 1097 39 19 den
556 1097 80 25 vigtiga
651 1097 140 25 bestämning,
802 1099 30 18 att
842 1098 117 26 privilegiet

208 1126 46 19 icke
269 1124 31 20 får
315 1126 23 18 af
351 1125 40 19 den
407 1125 157 26 privilegierade
580 1125 12 20 å
607 1132 68 13 annan
687 1132 47 13 man
748 1127 137 25 öfverflyttas.
906 1127 52 19 Sist-

208 1154 92 20 nämnda
321 1154 134 25 bestämning
477 1154 67 26 gäller
559 1155 31 19 för
605 1154 95 26 apothek,
717 1161 45 13 som
778 1154 83 21 erhällit
876 1156 83 25 privile-

209 1184 57 24 gium
282 1182 44 20 frän
342 1182 40 20 och
405 1183 47 19 med
469 1183 38 19 den
524 1182 12 20 9
552 1183 92 19 Oktober
662 1183 52 20 1883
730 1184 40 19 och
785 1184 22 18 af
820 1184 40 20 den
876 1184 26 20 dä
918 1186 41 24 pri-

209 1212 126 25 vilegierade
357 1212 6 18 i
386 1212 66 18 första
468 1211 54 19 hand
539 1212 65 24 egdes
620 1212 39 18 den
675 1212 12 19 9
704 1212 91 20 Oktober
812 1212 59 24 1893,
887 1214 71 19 äfven-

208 1246 47 13 som
270 1240 31 19 för
316 1240 42 19 alla
373 1240 88 19 derefter
476 1240 90 26 anlagda
582 1240 116 26 personella
714 1241 96 25 apothek.

277 1268 31 19 De
326 1268 88 19 sålunda
435 1268 100 26 vidtagna
550 1268 85 26 skärpta
650 1269 185 25 bestämningarne
850 1269 109 26 angående

209 1296 157 26 privilegiernas
387 1296 119 26 personliga
527 1297 106 25 egenskap
648 1304 49 12 voro
712 1298 123 19 föranledda
850 1298 63 24 deraf,
929 1301 30 17 att

208 1325 26 19 de
250 1326 57 18 äldre
323 1325 115 24 personella
454 1325 152 25 privilegierna,
622 1325 32 19 till
666 1326 51 24 följd
728 1326 23 18 af
761 1327 77 17 sakens
849 1329 61 17 natur
920 1328 39 18 och

209 1352 186 26 behjärtansvärda
417 1351 150 24 förhållanden,
587 1353 7 18 i
609 1352 77 26 sjelfva
700 1354 72 18 verket
787 1354 54 19 hade
856 1354 103 26 öfvergått

208 1380 32 20 till
264 1381 52 19 eller
340 1380 127 20 åtminstone
492 1381 67 19 blifvit
588 1381 107 19 likställda
721 1382 47 18 med
790 1382 168 26 realprivilegier.

208 1409 71 20 Redan
301 1410 40 19 den
365 1408 24 21 15
408 1409 42 19 Juli
468 1409 52 20 1845
536 1410 127 20 öfverfördes
679 1410 34 20 det
728 1409 23 21 år
768 1411 53 20 1837
837 1412 123 20 meddelade

208 1438 65 20 första
288 1438 117 27 personella
420 1438 117 26 privilegiet
549 1439 55 28 efter
619 1439 153 26 apothekarens
788 1440 40 20 död
844 1440 26 26 på
880 1442 79 20 dennes

209 1468 52 19 enka
285 1469 31 19 för
339 1468 79 19 hennes
441 1468 71 19 lifstid.
543 1469 30 18 Ar
596 1468 51 20 1859
663 1468 43 20 blef
717 1469 34 19 det
766 1470 64 18 andra
846 1470 113 25 apotheks-
