1086 1789
196 127 54 20 1352
437 133 24 17 R.
475 137 17 14 0.
506 133 21 17 A.
539 134 55 17 1897.
617 134 23 17 21
652 134 48 20 Maj.

238 200 42 21 Om
296 200 124 21 Utskottets
435 201 59 21 kläm
506 201 33 28 pä
552 201 55 22 sidd.
626 201 90 21 33—34
729 200 85 29 yttrade

236 257 57 21 Frih.
304 265 50 14 von
365 257 79 22 Born:
457 258 65 21 Utom
536 257 40 22 den
584 259 104 20 allmänna
696 257 139 27 tacksamhet,
843 257 49 22 med
900 258 87 21 hvilken

167 293 49 14 man
240 287 111 27 emottagit
371 285 59 22 detta
451 286 139 26 betänkande,
605 287 103 28 förtjenar
722 287 55 20 efter
792 287 42 20 min
850 287 138 28 uppfattning

170 314 112 22 Utskottet
305 317 31 18 ett
358 314 101 22 särskildt
481 315 137 21 erkännande
636 315 34 21 för
684 315 59 21 detta
758 315 86 28 förslag.
869 291 45 56 Jag
928 315 59 21 hem-

168 343 73 21 ställer
260 343 63 26 dock,
336 343 105 21 huruvida
457 343 36 22 det
508 343 47 22 icke
571 351 51 14 vore
638 343 46 22 skäl
700 346 31 18 att
745 343 28 29 på
788 343 27 22 de
830 344 52 21 sista
897 343 91 22 raderna

167 373 8 20 i
197 371 71 28 någon
288 371 49 22 mån
353 371 108 22 modifiera
475 372 109 27 förslaget,
599 372 51 21 eller
664 373 78 20 rättare
757 372 63 28 sagdt
835 372 101 21 utveckla
951 371 39 22 det

168 407 77 21 genom
268 402 31 19 ett
321 400 118 21 alternativ.
469 400 111 22 Utskottet
600 400 90 22 föreslår
705 403 32 18 att
751 401 163 28 ifrågavarande
929 401 59 21 kost-

168 429 68 21 nader
257 428 65 22 måtte
344 429 69 21 under
435 429 26 21 de
483 430 31 20 tio
537 429 67 21 första
627 429 50 21 åren
701 429 103 21 bestridas
820 429 47 21 med
883 430 105 20 allmänna

169 457 75 21 medel.
272 457 50 21 Mot
344 458 77 28 sjelfva
438 458 79 21 tanken
532 458 38 21 har
584 458 36 28 jag
634 458 111 28 ingenting
760 461 31 18 att
807 458 74 27 erinra,
897 466 47 13 men
960 457 28 22 då

168 493 49 14 man
232 489 61 25 tager
308 487 8 20 i
331 486 139 22 betraktande
486 489 31 19 att
527 486 72 29 dylika
610 486 233 29 samfällighetsskogar
852 486 68 22 under
930 488 58 20 vissa

168 514 150 22 förhållanden
334 515 71 21 kunna
420 515 90 27 gestalta
525 516 32 27 sig
572 516 135 28 synnerligen
724 515 139 29 inbringande
880 529 26 2 —
922 515 67 29 derpå

169 544 67 20 finnas
247 544 96 28 exempel
353 544 47 21 från
411 544 106 21 Norrland
528 545 7 20 i
545 544 88 28 Sverige
642 558 34 12 —,
683 544 24 22 sä
716 544 141 28 inbringande
868 547 31 18 att
906 544 84 21 inkom-

169 574 72 19 sterna
263 573 72 21 kunna
349 572 77 22 räknas
442 573 6 21 i
463 573 103 28 miljoner,
581 573 41 21 och
637 573 28 21 dä
680 581 47 13 man
742 573 48 21 icke
806 573 41 21 kan
863 580 50 14 vara
929 573 59 21 blind

169 600 35 22 för
219 604 31 18 att
264 601 123 22 nuvarande
403 602 41 21 och
459 601 107 21 redan'en
581 601 31 21 tid
628 602 94 21 rådande
737 602 187 28 träkonjunkturer
939 602 50 21 icke

170 630 92 21 utesluta
277 630 136 28 möjligheten
429 630 24 21 af
467 630 134 28 synnerligen
617 630 125 28 förmänliga
758 631 153 27 konjunkturer
924 631 66 21 äfven

170 666 34 14 om
219 660 31 19 tio
265 658 23 22 är
304 658 40 22 och
360 659 80 21 kanske
455 659 7 21 i
477 661 56 19 ännu
548 659 64 28 högre
628 659 52 27 grad
696 659 66 21 under
777 660 59 20 tiden
853 659 99 26 derefter,
966 659 25 21 sä

170 687 122 21 hemställer
314 688 40 28 jag,
369 687 106 22 huruvida
489 688 48 20 icke
552 688 70 21 denna
637 688 32 20 till
684 688 136 28 Regeringen
835 688 95 21 uttalade
945 688 45 21 för-

170 716 110 28 hoppning
303 715 71 22 kunde
397 716 22 21 fä
442 724 26 13 en
491 716 67 21 sädan
580 716 144 28 formulering,
745 719 31 18 att
796 716 63 22 dessa
874 716 117 22 kostnader

170 744 66 22 mätte
259 744 67 22 under
348 744 27 21 de
397 746 30 20 tio
450 745 67 21 första
539 745 50 22 ären
614 746 57 20 »dels
690 746 111 26 bestridas,
816 746 45 21 dels
876 746 115 27 räntefritt

169 774 121 27 förskjutas
304 780 29 15 ur
347 774 117 20 allmänna
479 774 87 26 medel»,
582 774 40 21 och
637 774 55 27 finge
704 774 37 21 det
753 774 26 21 dä
792 775 134 27 naturligtvis
939 774 53 21 bero

171 801 58 29 uppä
253 802 136 28 Regeringen
414 805 32 18 att
471 803 7 20 i
499 803 68 20 sinom
590 802 31 21 tid
644 803 80 27 pröfva,
740 802 139 22 hvilkendera
902 802 90 28 formen,

173 838 45 14 som
234 830 38 21 bör
287 831 85 21 komma
387 830 32 21 till
434 830 137 29 användning
585 832 7 20 i
607 831 74 28 hvarje
696 831 43 21 fall.
762 831 67 21 Detta
841 832 81 26 förslag
932 832 60 20 inne-

171 859 66 21 fattar
257 867 29 13 nu
308 867 46 13 som
369 859 63 27 sagdt
447 860 47 20 icke
509 859 70 28 nägon
596 859 68 28 saklig
679 860 125 27 förändring
819 860 40 21 och
875 860 117 21 allraminst

171 887 66 29 nägot
252 887 57 22 band
324 888 29 28 pä
367 888 140 28 Regeringen,
522 896 48 13 men
586 888 36 21 det
637 888 88 21 innebär
740 896 26 14 en
778 888 54 21 efter
842 890 43 20 min
897 888 96 29 uppfatt-

171 917 52 27 ning
238 916 66 28 nödig
318 917 113 27 anvisning
443 920 32 17 att
486 924 48 14 man
547 917 41 21 kan
601 917 65 20 tänka
678 918 32 26 sig
723 916 66 22 ocksä
801 924 26 14 en
840 924 70 14 annan
920 916 72 22 metod

172 946 27 20 än
215 948 30 18 ett
259 946 79 26 gratuit
353 944 142 22 bestridande.

240 1001 34 21 Hr
288 1001 25 22 L.
328 1001 156 22 Mechelin:
501 1002 41 28 Jag
554 1002 42 21 kan
610 1003 48 20 icke
671 1005 65 18 annat
747 1003 57 21 finna
817 1004 26 19 än
856 1005 31 18 att
899 1003 93 26 afsigten

172 1029 48 22 med
244 1030 41 21 den
307 1029 162 29 framställning,
492 1031 113 22 Utskottet
620 1031 37 21 här
672 1031 38 20 har
724 1031 117 28 föreslagit,
857 1031 40 21 blir
911 1032 7 20 i
934 1033 58 19 ännu

171 1065 59 14 mera
242 1058 131 21 omfattande
384 1058 53 29 grad
449 1059 149 22 motsvarande
611 1060 37 20 sitt
660 1059 104 26 ändamäl,
778 1067 33 14 om
825 1059 37 22 det
874 1060 118 25 alternativ,

173 1094 45 15 som
232 1087 58 22 Frih.
306 1094 41 14 von
363 1087 57 22 Born
436 1087 118 29 föreslagit,
568 1089 89 26 intages,
672 1088 40 21 och
727 1088 35 21 fär
775 1089 36 28 jag
823 1087 70 22 derför
904 1087 89 22 förorda

173 1115 121 22 detsamma.

439 1173 283 29 Omröstningsproposition
728 1183 4 12 :

242 1230 55 27 Den,
322 1237 44 14 som
390 1230 125 28 godkänner
539 1231 123 22 Utskottets
680 1231 80 28 förslag
779 1231 33 22 till
831 1231 163 28 ifrägavarande

176 1258 62 27 kläm,
253 1261 69 19 röstar
335 1259 31 27 ja;

242 1316 76 21 vinner
342 1316 40 27 nej,
399 1316 99 21 omfattar
513 1317 26 20 R.
554 1324 18 13 o.
587 1317 27 20 A.
630 1316 37 21 det
681 1317 182 27 ändringsförslag
878 1317 57 20 Frih.
951 1325 42 13 von

173 1343 60 21 Born
248 1343 112 21 framstält.

242 1399 164 29 Propositionen
429 1399 129 22 besvarades
579 1400 48 22 med
646 1401 159 28 öfvervägande
823 1402 44 28 nej;
883 1401 39 21 och
938 1401 56 22 hade

173 1429 91 21 sälunda
277 1429 26 22 R.
319 1437 19 14 o.
354 1429 25 21 A.
391 1429 87 21 beslutit
489 1429 113 28 godkänna
615 1429 66 22 sädan
694 1430 80 21 ändrad
787 1430 81 29 lydelse
881 1429 34 22 för
927 1430 67 22 kläm-

173 1465 49 14 men
237 1457 29 29 pä
285 1458 55 21 sidd.
356 1459 89 26 33—34,
460 1461 32 18 att
507 1458 44 21 deri
565 1459 93 21 nämnda
673 1459 116 22 kostnader
803 1459 66 22 mätte
884 1459 68 22 under
967 1459 28 22 de

175 1488 25 21 10
208 1487 16 50 E
252 1488 31 21 k
300 1487 50 22 ären
366 1487 45 21 dels
427 1487 110 27 bestridas,
550 1487 44 22 dels
607 1487 107 22 räntefritt
725 1488 116 29 förskjutas
853 1497 25 13 ur
889 1488 105 22 allmänna

173 1516 75 21 medel.
