1086 1789
234 128 126 17 Storskiftet
372 128 7 17 i
390 128 112 22 Kuusamo,
511 128 119 17 Kemiträsk
638 128 39 17 och
686 127 127 21 Kuolajärvi.
845 121 54 21 1351

109 195 61 22 detta
192 195 188 29 ändringsförslag,
400 197 133 27 naturligtvis
548 197 7 20 i
570 195 56 30 syfte
641 198 31 19 att
687 195 36 22 det
737 195 35 21 mä
786 195 113 22 ankomma
913 195 14 20 &

111 224 112 21 Utskottet
237 227 32 18 att
283 225 76 28 pröfva
374 224 172 28 formuleringen.

177 280 34 21 Hr
226 287 50 14 von
293 280 140 22 Schoultz:
449 281 34 20 Då
499 289 25 13 en
540 281 56 27 gång
611 282 12 26 8
628 275 14 38 3
661 279 73 22 blifvit
743 280 120 21 bibehållen
874 281 7 20 i
892 280 36 21 det

107 308 63 21 skick
195 308 112 22 Utskottet
329 309 110 21 föreslagit
461 309 48 26 den,
531 309 24 21 sä
570 309 42 21 kan
626 309 36 28 jag
677 309 48 20 icke
739 308 131 21 understöda
885 308 42 21 den

109 339 84 19 senaste
208 337 63 21 ärade
287 337 87 22 talaren.
417 345 27 20 Jag
459 340 78 19 motser
552 340 30 18 att
597 337 164 21 intressenterne
772 337 6 21 i
790 337 63 21 dessa
865 337 62 21 sock-

108 373 39 14 nar
168 365 85 22 komma
268 369 31 18 att
313 367 63 20 mista
392 373 25 14 en
432 367 35 20 hel
483 366 34 21 del
532 367 22 20 af
569 367 46 20 sina
630 367 71 26 ängar.
731 365 45 22 Vid
792 365 76 22 sädant
882 365 45 21 för-

109 394 98 21 hällande
227 394 50 21 böra
293 394 27 21 de
337 394 116 21 bibehällas
468 395 24 20 sä
506 395 62 28 länge
583 402 46 14 som
644 389 83 58 möjligt
739 395 31 20 uti
786 393 141 27 häfderätten,

107 423 42 20 och
172 423 36 28 jag
231 430 62 14 anser
315 425 32 19 att
368 423 140 21 minimitiden
524 423 66 21 borde
604 430 52 14 vara
686 430 47 14 dessa
747 423 75 21 femtio
837 422 29 27 år,
882 430 45 13 som

107 453 38 19 äro
160 451 127 28 föreslagna.
315 451 43 28 Jag
372 451 68 22 skulle
456 451 73 22 derför
542 452 34 21 för
591 452 42 21 min
649 451 34 21 del
699 459 50 13 anse
762 454 31 18 att
803 451 122 22 Utskottets

107 479 81 28 förslag
208 480 66 21 borde
289 480 125 28 godkännas
429 480 48 21 med
493 480 42 21 den
550 479 173 28 omformulering
738 479 56 22 Frih.
810 487 43 14 von
868 480 58 21 Born

108 509 90 21 föreslår
213 509 7 20 i
235 509 64 21 slutet
315 509 23 21 af
349 509 132 28 paragrafen.

175 566 56 21 Frih.
254 567 25 20 R.
302 567 27 21 A.
345 567 107 21 Wrede:
467 566 43 29 Jag
525 568 23 19 är
562 567 31 21 till
609 566 41 21 alla
666 566 58 21 delar
739 573 50 14 ense
804 566 48 21 med
868 565 58 22 Frih.

108 602 42 13 von
174 595 58 21 Born
255 595 41 22 och
319 596 38 21 ber
375 598 31 19 att
421 595 22 21 fä
458 595 130 22 understöda
602 595 53 21 hans
671 595 85 28 förslag.
785 595 42 27 Jag
842 595 38 20 ber
895 597 32 18 att

107 627 45 17 mot
167 623 34 22 Hr
212 631 43 14 von
271 624 100 21 Schoultz
386 624 22 21 fä
418 625 100 20 anmärka
529 627 30 18 att
569 624 65 21 ocksä
644 624 65 28 enligt
719 623 121 22 Utskottets
852 624 74 20 betän-

106 651 70 22 kande
199 652 37 21 det
255 653 22 28 ju
297 653 48 22 icke
361 655 22 19 är
397 653 62 28 fråga
474 660 34 14 om
523 655 31 18 att
568 653 82 21 tilldela
665 653 62 20 dessa
741 653 98 20 hemman
855 652 70 28 någon

104 681 127 28 eganderätt
247 682 50 21 eller
312 682 118 28 perpetuell
445 682 169 27 besittningsrätt
628 681 32 21 till
675 681 163 28 ifrägavarande
854 683 71 24 ängar,

97 712 59 19 "utan
172 709 77 22 endast
264 710 115 21 bestämma
395 718 26 14 en
437 711 43 20 viss
495 710 38 27 tid,
545 711 67 21 under
623 710 88 22 hvilken
722 710 26 21 de
758 710 64 27 högst
831 710 23 21 få
865 709 59 22 bibe-

104 737 68 22 hällas
187 739 37 21 vid
239 739 135 22 häfderätten
389 739 31 21 till
436 739 61 21 dessa
510 741 70 26 ängar.

359 825 315 28 Omröstningspropositioner:

173 882 41 27 1:o)
229 882 55 25 Den,
300 890 46 13 som
361 882 126 29 godkänner
502 882 122 22 Utskottets
640 881 81 28 förslag
735 883 31 19 att
782 882 26 21 50
824 881 23 21 är
862 881 61 22 skola

102 917 52 16 vara
169 911 118 21 maximitid
302 911 35 21 för
352 911 40 22 den
408 912 7 19 i
431 912 33 26 8n
481 911 90 21 berörda
585 910 142 28 häfderätten,
741 911 69 20 röstar
824 911 30 27 ja;

171 969 76 20 vinner
268 969 40 27 nej,
332 968 99 21 omfattar
452 968 26 21 R.
501 975 18 14 o.
540 969 26 20 A.
581 967 58 22 Frih.
654 975 42 14 von
711 968 69 21 Borns
796 967 81 28 förslag
892 970 31 18 att

102 996 71 21 denna
187 996 32 21 tid
234 997 126 21 inskränkes
375 997 33 20 till
423 997 26 21 30
465 996 28 21 &r.

170 1052 26 22 R.
212 1060 17 14 o.
246 1053 26 21 A.
287 1053 117 21 besvarade
420 1053 69 21 denna
505 1053 274 28 omröstningsproposition
792 1053 48 21 med
851 1053 72 22 öfver-

102 1081 98 28 vägande
216 1082 40 27 nej.

171 1139 39 25 2:0)
234 1138 54 27 Den,
310 1146 46 14 som
370 1138 124 28 godkänner
508 1139 122 21 Utskottets
650 1138 137 28 formulering
799 1138 34 21 för
848 1138 72 28 öfrigt,

102 1164 59 36 röstar
176 1168 30 28 ja;

172 1225 75 21 vinner
269 1225 41 28 nej,
333 1224 101 22 omfattar
449 1225 25 21 R.
490 1232 17 14 o.
523 1226 25 20 A.
562 1224 37 22 det
614 1224 22 21 af
651 1224 58 22 Frih.
724 1232 42 14 von
782 1224 58 22 Born
855 1224 66 22 fram-

103 1253 72 21 stälda
189 1253 104 28 förslaget
307 1254 32 20 till
354 1253 112 21 redaktion
482 1254 22 21 af
517 1254 39 27 &:n.

170 1310 35 20 Dä
227 1310 65 21 äfven
314 1310 70 21 denna
400 1310 275 28 omröstningsproposition
694 1309 23 21 af
735 1309 101 22 Ständets
852 1309 68 21 flertal

101 1338 130 22 besvarades
243 1338 104 26 nekande,
358 1338 53 21 hade
424 1338 25 21 R.
465 1346 19 13 o.
495 1339 27 21 A.
531 1338 87 22 beslutit
625 1341 78 25 antaga
712 1338 11 27 $
732 1339 13 20 4
753 1337 48 22 med
810 1338 67 20 sådan
885 1339 36 19 än-

103 1366 63 28 dring
178 1369 32 18 att
218 1366 206 29 tidsbestämningen
434 1366 85 22 »femtio
528 1367 34 21 år»
572 1366 104 22 ändrades
684 1366 32 21 till
724 1367 84 20 >trettio
816 1366 43 26 är»,
867 1369 54 18 samt

100 1398 33 18 att
148 1394 65 22 orden
230 1402 63 14 »vare
309 1396 33 26 sig
357 1398 30 18 att
406 1395 174 28 odlingskostnad
596 1395 12 21 ä
623 1394 48 22 dem
686 1394 97 28 nedlagts
798 1394 51 22 eller
858 1394 60 22 icke»

102 1423 142 27 nedflyttades
259 1423 32 21 till
307 1424 51 20 sista
372 1424 113 26 meningen
501 1424 54 20 efter
570 1424 66 20 orden
654 1423 170 27 »löseskillingen
840 1423 58 20 bör»,

169 1479 15 28 $
207 1480 15 20 5
243 1478 113 22 äfvensom
378 1478 122 23 Utskottets
515 1479 114 22 uttalande
641 1479 32 28 pä
688 1479 41 22 sid.
747 1480 32 20 27
793 1478 126 29 godkändes

101 1511 51 19 uton
168 1508 144 29 anmärkning.
