1092 1795
196 132 55 20 1480
443 137 24 17 R.
479 142 18 11 o.
509 138 23 16 A.
544 137 55 17 1897.
622 138 28 16 24
661 137 46 20 Maj.

167 205 70 21 säsom
259 205 6 21 i
288 204 144 22 betänkandet
454 204 107 29 upplyses,
583 204 182 28 undersökningar
787 204 72 20 blifvit
880 203 83 29 gjorda;
982 204 8 20 i

167 233 239 21 utskottsbetänkandet
428 234 100 27 upplyses
551 232 47 22 icke
620 232 66 21 heller
706 240 34 14 om
756 235 32 18 att
802 232 96 21 definitiv
914 232 74 28 åtgärd

167 263 48 20 icke
239 262 67 21 skulle
328 262 104 28 vidtagas.
461 262 53 20 Man
536 262 68 20 finner
625 262 99 20 fastmera
746 264 31 18 att
795 261 74 27 frågan
885 262 23 20 är
923 260 69 22 under

168 290 136 28 behandling.
334 290 82 21 Vidare
432 292 23 19 är
469 293 32 18 att
517 290 75 21 beakta
607 292 31 18 att
653 289 75 28 frågan
744 297 33 14 om
793 289 62 21 dessa
870 289 121 21 trafikleder

168 320 97 27 uppstätt
287 319 55 21 först
359 318 65 22 sedan
448 326 47 14 man
517 318 28 28 pä
567 319 70 27 privat
652 318 42 21 häll
709 319 56 21 visat
779 321 32 18 att
825 317 80 22 sädana
920 318 70 21 trafik-

168 348 59 21 leder
241 348 72 21 kunna
327 347 84 28 uppstä,
423 347 107 21 sannolikt
541 347 49 21 icke
599 347 33 21 till
644 354 99 20 egarenes
754 347 82 21 förlust.
848 359 26 3 —
885 346 59 26 Men,
955 347 37 27 jag

169 376 38 21 vill
222 376 47 22 icke
285 379 94 25 upptaga
394 375 58 21 tiden
468 375 46 21 med
531 375 65 29 något
610 376 73 27 längre
698 375 141 28 andragande.
863 375 42 27 Jag
920 375 71 21 anslu-

166 407 33 18 ter
213 406 44 27 mig
271 405 8 20 i
293 404 124 22 hufvudsak
439 404 31 21 till
493 404 27 21 de
542 405 66 20 motiv
631 404 34 21 Hr
686 404 152 28 Björkenkeim
861 404 72 20 anfört
950 404 41 20 och

169 433 86 21 förenar
273 434 44 27 mig
333 434 6 19 i
354 432 53 21 hans
423 432 107 25 slutkläm,
546 435 32 18 att
591 434 118 27 petitionen
724 433 48 20 icke
788 432 64 21 mätte
867 432 32 21 till
915 432 74 28 ätgärd

166 461 116 22 föranleda.

236 529 33 22 Hr
292 529 26 22 G.
333 529 204 28 Björkenheim:
566 529 42 29 Jag
622 529 38 22 har
675 530 47 21 icke
738 530 81 21 kunnat
833 529 112 22 underlåta
960 533 32 18 att

167 558 85 21 anhälla
267 566 34 13 om
317 559 61 20 ordet
392 558 34 21 för
438 561 31 18 att
479 559 83 20 bemöta
571 558 127 21 ätminstone
707 561 31 18 ett
746 559 23 20 af
776 558 34 21 Hr
818 566 42 13 von
869 558 122 27 Knorrings

166 587 120 28 yttranden.
315 587 50 21 Han
388 587 106 28 päbördar
511 587 44 28 mig
570 590 31 18 att
615 587 66 21 hafva
695 587 103 28 uppträdt
812 587 32 20 till
859 587 84 21 försvar
958 587 35 21 för

167 615 143 22 statskassans
332 616 96 21 intresse.
457 615 41 28 Jag
519 616 39 21 har
580 616 31 21 till
633 615 84 22 försvar
734 615 35 21 för
791 615 131 22 statskassan
943 615 48 22 icke

166 646 74 19 nämnt
256 647 30 18 ett
302 644 54 21 enda
372 644 44 25 ord,
431 651 48 13 men
495 645 34 20 väl
544 644 38 21 har
592 644 34 21 Hr
635 651 43 14 von
688 644 110 28 Knorring
808 645 55 26 gjort
874 643 43 26 det,
925 644 65 21 ehuru

167 673 42 20 han
231 672 74 21 härvid
330 672 85 21 bedömt
438 672 58 21 detta
517 673 89 20 intresse
630 672 98 28 ensidigt.
762 673 34 20 Hr
817 679 42 14 von
882 672 110 28 Knorring

167 700 105 21 beräknar
293 703 32 18 att
346 709 25 12 ur
385 700 174 28 kronoskogarna
574 701 71 21 kunde
660 701 31 20 till
706 701 102 28 Päijänne
826 704 78 25 system
920 701 72 21 öfver-

166 729 59 21 föras
248 730 89 25 105,000
358 732 99 17 stammar
480 737 37 20 per
532 729 28 21 är.
590 730 85 26 Antaga
691 730 21 20 vi
728 732 32 17 att
774 729 112 21 skilnaden
901 730 90 20 emellan

167 758 71 27 prisen
261 758 6 20 i
290 757 102 28 Päijänne
407 757 41 21 och
463 757 71 22 Saima
549 760 152 26 vattensystem
716 757 16 22 f.
747 765 20 14 n.
782 765 52 14 vore
848 759 12 20 2
876 758 60 21 mark
952 758 40 21 och

166 788 32 18 att
213 785 142 21 kostnaderna
371 786 34 20 för
423 785 70 21 denna
509 786 71 21 stocks
596 786 133 28 öfverföring
744 786 31 21 till
790 786 102 28 Päijänne
909 789 83 18 vatten-

166 818 81 24 system
269 814 68 21 skulle
353 815 75 27 utgöra
448 815 11 19 1
476 814 65 27 mark,
556 815 24 21 sä
595 815 84 21 komma
694 816 21 20 vi
731 815 32 20 till
778 822 25 14 en
820 814 124 28 behällning
958 815 35 21 för

166 843 82 21 kronan
271 843 22 21 af
316 843 11 20 1
351 842 59 21 mark
425 850 38 20 per
478 846 59 24 stam,
552 843 82 21 hvilket
649 843 33 21 för
698 844 89 26 105,000
803 846 100 18 stammar
917 844 75 27 gjorde

168 872 89 25 105,000
272 871 65 21 mark.
367 873 46 19 Men
429 871 14 21 ä
457 871 66 21 andra
538 872 60 21 sidan
614 872 83 21 komme
712 873 22 27 ju
749 872 141 27 sägegarenes
902 874 7 19 i
921 872 71 21 Saima

166 899 88 22 distrikt
265 899 129 29 produktion
415 899 40 21 och
477 900 134 28 följaktligen
633 900 64 21 äfven
716 903 80 18 statens
812 900 117 22 inkomster
943 901 48 20 frän

167 927 72 22 Saima
254 927 63 22 kanal
332 931 31 18 att
378 929 168 27 proportionsvis
562 929 134 21 förminskas.
726 929 90 26 100,000
827 931 100 19 stammar
937 932 54 18 mot-

166 964 63 13 svara
251 957 58 20 cirka
331 957 62 24 4,000
416 957 102 26 standert,
538 958 32 21 för
592 957 73 21 hvilka
680 957 208 22 kanalinkomsterna
904 959 13 20 &
931 965 32 14 c:a
979 959 12 20 6

166 985 61 21 mark
249 992 38 21 per
309 985 96 21 standert
427 987 74 26 utgöra
519 993 32 14 c:a
567 987 75 25 24,000
658 986 64 21 mark.
752 986 52 21 Men
819 986 172 29 transportleden

167 1015 23 20 är
204 1015 23 26 ju
245 1013 106 22 beräknad
367 1013 35 21 för
417 1014 88 25 300,000
521 1017 106 24 stammar,
642 1014 41 21 och
696 1015 118 20 tillkomme
830 1015 89 21 sålunda
934 1017 57 18 ännu

167 1050 26 13 en
212 1043 12 20 4
240 1041 80 29 gänger
335 1044 67 19 större
417 1043 123 28 minskning
554 1044 7 20 i
577 1043 209 21 kanalinkomsterna
801 1043 51 22 eller
867 1051 32 14 c:a
915 1044 75 25 96,000

166 1071 66 21 mark.
262 1070 145 22 Statsverkets
429 1071 75 22 förlust
520 1071 71 22 blefve
606 1071 90 22 sålunda
710 1071 154 29 sammanlagdt
879 1073 65 21 minst
959 1080 32 13 c:a

168 1100 89 26 120,000
273 1100 59 21 mark
347 1102 44 18 mot
407 1107 25 14 en
448 1101 57 20 vinst
520 1100 23 21 af
558 1108 32 14 c:a
607 1101 88 26 105,000
710 1101 66 20 mark.

441 1197 283 29 Omröstningsproposition
731 1206 4 13 :

237 1266 54 26 Den,
306 1273 45 14 som
366 1266 125 27 godkänner
507 1266 121 22 Utskottets
645 1266 141 26 betänkande,
801 1268 67 19 röstar
882 1267 31 27 ja;

237 1336 75 18 vinner
326 1335 40 27 nej,
382 1335 95 19 förfaller
492 1335 210 26 petitionsförslaget.

234 1401 32 21 Pä
281 1402 92 27 begäran
390 1400 106 22 anstäldes
512 1401 70 21 sluten
597 1402 140 28 omröstning;
750 1401 40 21 och
806 1400 28 22 dä
845 1401 70 21 denna
927 1401 64 22 utföll

166 1430 48 22 med
229 1432 27 20 41
271 1431 21 28 ja
307 1430 40 22 och
364 1431 25 21 11
405 1430 40 28 nej,
457 1430 54 21 hade
526 1430 26 21 R.
568 1437 19 14 o.
601 1431 27 20 A.
642 1430 97 27 godkänt
752 1430 149 22 betänkandet.
