1117 1792
389 133 24 18 R.
426 138 17 14 o.
455 135 22 16 A.
490 136 55 16 1897.
568 136 23 16 31
603 136 48 21 Maj.
844 131 54 20 1677

178 201 34 21 Hr
227 201 24 21 L.
266 202 154 22 Mechelin:
443 202 44 22 Det
501 204 79 27 tillägg,
595 204 88 21 hvarom
697 204 38 21 här
750 206 23 19 är
788 204 66 28 fräga,
868 206 59 19 näm-

109 229 57 27 ligen
182 237 34 13 om
230 232 42 18 rätt
287 230 34 21 för
335 232 79 26 gvinna
429 234 31 18 att
474 232 108 20 användas
593 233 70 20 säsom
672 232 208 28 rättegängsombud,
890 240 38 13 var

110 257 23 21 af
146 257 26 21 R.
188 265 18 13 o.
221 258 27 20 A.
263 258 47 21 icke
325 262 87 24 antaget
427 259 69 21 säsom
512 263 30 17 ett
556 260 117 21 fristäende
683 264 93 17 moment
785 262 32 19 för
827 261 38 27 sig,
876 264 51 18 utan

109 285 69 21 skulle
200 286 58 20 detta
281 286 118 28 stadgande
418 287 57 21 bilda
491 296 25 12 en
532 288 147 28 integrerande
695 288 34 21 del
744 289 23 20 af
781 291 72 18 texten
869 290 7 19 i
891 289 37 21 det

109 313 88 28 lagrum,
216 314 88 21 hvarom
324 315 60 27 fråga
399 317 28 19 är.
456 316 47 21 Vid
518 316 75 21 sådant
608 316 132 21 förhållande
755 324 63 21 synes
833 316 37 22 det
884 318 44 26 mig

108 345 32 17 att
154 342 152 28 Lagutskottet
320 344 86 21 förfarit
420 344 80 28 riktigt,
510 344 40 22 och
565 345 62 21 utber
640 346 36 27 jag
685 346 43 27 mig
738 345 22 21 fä
770 345 86 21 förorda
867 346 60 20 bifall

108 370 32 22 till
155 370 41 22 den
212 372 75 28 gjorda
301 372 188 28 framställningen.

176 428 63 21 Efter
254 429 93 21 afslutad
363 430 121 21 diskussion
496 430 125 22 framstälde
631 431 35 21 Hr
675 430 207 22 Landtmarskalken
894 431 33 21 till

107 456 26 22 R.
149 464 18 14 o.
183 458 39 20 A:s
238 458 132 20 besvarande
385 458 94 28 följande

370 538 293 29 Omröstningsproposition:

176 600 54 27 Den,
241 608 45 14 som
299 601 84 21 bifaller
392 601 161 28 Lagutskottets
562 602 157 22 ofvanberörda
726 602 87 28 förslag,
820 604 68 20 röstar
895 603 30 28 ja;

175 659 76 21 vinner
265 659 40 28 nej,
320 658 80 22 vidblir
414 659 26 21 R.
455 666 18 14 o.
488 660 27 20 A.
530 660 37 20 sitt
582 659 58 21 förut
654 659 82 21 fattade
752 660 69 21 beslut
836 660 7 20 i
854 659 72 21 saken.

176 715 84 22 Genom
275 716 69 21 denna
355 717 288 28 omröstningspropositions
655 716 132 22 besvarande
797 716 47 22 med
855 717 72 21 öfver-

106 745 98 28 vägande
225 746 21 27 ja
268 745 55 21 hade
346 745 26 21 R.
387 752 18 14 o.
421 746 27 21 A.
465 745 86 21 beslutit
568 746 72 20 bifalla
654 746 33 20 till
703 745 122 22 Utskottets
839 746 87 28 förslag.

174 882 57 21 Frän
251 882 163 21 Statsutskottet
429 882 54 21 hade
499 883 68 28 ingätt
582 890 26 13 en
623 882 113 22 skrifvelse
751 882 34 21 för
801 882 69 21 denna
886 882 41 28 dag

106 911 23 21 af
143 910 95 29 följande
253 910 90 29 lydelse:

264 969 43 21 Till
321 969 126 28 Höglofliga
463 969 159 28 Ridderskapet
637 968 40 22 och
692 968 77 21 Adeln.

176 1025 164 21 Statsutskottet
361 1025 39 21 har
414 1025 87 21 härmed
516 1028 49 19 äran
581 1025 122 22 underrätta
719 1028 31 18 att
771 1025 157 21 ständerbeslut

110 1053 114 28 föreligger
239 1055 7 19 i
261 1053 102 22 afseende
379 1055 12 20 å
405 1054 95 28 följande
515 1055 24 20 af
552 1054 113 21 Utskottet
675 1054 82 27 afgifna
769 1053 158 22 betänkanden:

178 1110 42 21 N:o
237 1111 19 25 1,
269 1111 6 20 i
285 1110 116 28 anledning
413 1111 23 20 af
446 1110 328 29 Postsparbanksstyrelsens
786 1110 142 27 berättelse,

108 1139 83 22 hvilket
206 1139 139 21 oförändradt
358 1139 113 28 godkänts.

178 1196 43 21 N:o
244 1197 18 25 2,
284 1197 7 20 i
314 1196 115 28 anledning
444 1196 23 21 af
481 1196 278 28 Finansexpeditionens
774 1196 102 22 relation
888 1201 41 17 om

108 1225 159 22 statsverkets
283 1225 124 27 tillstånd,
423 1225 83 21 hvilket
521 1225 23 21 af
559 1225 97 27 samtliga
671 1224 96 21 Stånden
781 1224 112 28 godkänts.

178 1282 44 21 N:o
244 1283 18 25 3,
281 1283 8 20 i
307 1281 115 29 anledning
436 1282 23 21 af
475 1281 104 22 särskilda
593 1281 183 29 petitionsförslag
791 1289 34 13 om
840 1281 88 22 skatte-

108 1310 152 28 förmedling
274 1311 57 20 inom
346 1311 114 28 Egentliga
475 1310 102 21 Finlands
593 1311 106 20 kustorter
709 1310 41 21 och
761 1309 168 22 Muonionniska

109 1339 80 21 socken
205 1339 23 20 af
243 1339 160 28 Lappmarkens
417 1339 73 26 härad,
505 1339 82 21 hvilket
600 1339 106 28 godkänts
722 1338 47 21 med
783 1338 83 21 anmäld
876 1338 53 21 änd-

109 1368 47 25 ring
171 1367 23 21 af
208 1370 74 19 trenne
297 1368 172 28 sifferuppgifter.

179 1424 43 20 N:o
237 1425 20 24 4,
272 1425 6 19 i
293 1425 115 26 anledning
424 1424 23 20 af
461 1424 62 21 Hans
538 1424 121 27 Kejserliga
671 1423 112 27 Majestäts
793 1423 77 27 nådiga
880 1429 48 21 pro-

125 1452 79 21 osition
226 1451 41 21 N:o
290 1453 27 20 20
339 1451 111 28 angående
473 1451 164 22 kostnaderna
651 1451 42 21 för
706 1451 83 21 finska
803 1451 127 21 militären

123 1485 45 17 ren
190 1480 158 28 1898—1900,
368 1480 82 21 hvilket
464 1479 78 29 jemväl
556 1479 112 28 godkänts,
682 1479 48 21 med
746 1487 27 14 en
787 1478 81 22 mindre
883 1481 46 19 ute-

109 1508 95 29 slutning
218 1509 48 21 från
281 1509 160 28 motiveringen.
