1084 1795
208 149 55 20 1132
457 154 24 17 R.
494 158 17 13 0.
523 154 22 16 A.
559 153 55 18 1897.
639 154 23 16 14
674 153 47 20 Maj.

180 221 76 22 endast
270 222 7 20 i
292 221 108 21 trakterna
413 224 93 18 närmast
516 221 26 21 de
552 221 90 21 militära
654 220 163 22 ständorterna?
836 221 43 21 Det
891 222 24 19 är
927 223 74 26 antag-

179 250 57 28 ligen
256 250 63 21 dessa
333 250 86 26 trakter,
434 249 38 22 der
486 249 101 22 hästarna
602 249 66 22 blifva
684 249 57 28 dyra.
771 249 12 22 I
798 249 203 22 militärförvaltnin-

179 286 53 21 gens
254 281 49 26 eget
324 279 89 21 intresse
436 280 24 19 är
481 278 36 21 det
539 278 35 22 väl
597 278 45 21 skäl
657 281 32 18 att
703 278 108 21 utsträcka
827 278 127 25 värfningen
969 278 33 21 till

180 307 74 21 vidare
268 307 87 26 trakter;
370 307 127 21 åtminstone
512 307 66 21 finnes
594 307 73 21 härför
677 307 48 21 icke
737 307 66 28 något
812 307 80 21 hinder.
912 307 91 21 Utskot-

179 339 32 18 tet
226 335 66 22 finner
305 335 41 22 den
361 335 38 22 här
414 336 104 21 förmenta
534 336 138 27 olägenheten
688 335 66 22 också
769 343 51 14 vara
835 336 68 27 egnad
916 339 32 18 att
959 335 44 22 för-

180 364 76 22 anleda
279 364 41 22 den
340 365 145 28 prisstegring,
500 372 46 14 som
561 365 95 20 starkare
672 364 131 28 efterfrågan
819 365 66 20 måste
901 365 102 26 medföra,

180 401 48 14 men
251 393 39 22 har
311 393 91 28 tidigare
422 394 5 20 i
444 393 36 21 sitt
495 393 135 22 betänkande
646 393 75 21 erkänt
735 396 32 18 att
781 393 90 28 tillgång
885 393 42 22 och
942 394 62 20 efter-

181 422 75 28 frågan
271 422 81 27 reglera
367 423 71 25 priset.
460 422 96 21 Landets
572 422 110 21 häststock
697 421 90 22 förlorar
802 422 47 21 icke
865 429 44 14 mer
924 424 26 19 än
962 421 42 22 den

181 451 6 19 i
203 450 74 28 hvarje
292 450 38 21 fall
344 450 66 21 måste
423 450 85 26 förlora,
520 450 40 22 och
571 450 234 22 kommunikationerna
817 452 36 20 äro
863 450 66 22 redan
940 450 25 22 så
971 453 34 18 ut-

181 479 110 26 vecklade,
300 482 30 18 att
343 478 103 22 behofvet
456 479 28 29 på
492 487 27 13 en
527 482 34 18 ort
568 479 82 28 ganska
658 478 79 28 hastigt
745 478 43 22 kan
795 479 124 28 tillgodoses
928 486 76 20 genom

181 508 76 21 relativ
279 508 160 28 öfverflyttning
460 507 47 22 från
523 515 26 14 en
568 515 68 14 annan
653 511 38 23 ort,
707 515 33 13 om
755 508 36 28 jag
806 508 40 21 ock
861 510 24 18 är
900 508 60 28 villig
974 510 32 19 att

182 536 93 22 erkänna
290 537 56 21 hvad
358 544 45 14 som
406 532 13 37 i
436 537 77 28 sjelfva
525 536 76 22 verket
612 539 45 18 mot
668 536 47 22 hela
729 536 69 22 denna
810 536 35 28 lag
859 537 41 21 kan
913 537 92 26 anföras,

182 565 52 21 eller
249 568 32 18 att
304 573 48 13 man
376 565 38 21 här
429 566 7 20 i
451 566 73 20 landet
543 568 78 26 ytterst
642 565 66 21 sällan
731 565 68 21 håller
819 573 57 14 mera
891 565 73 22 hästar
979 567 26 19 än

182 601 48 14 man
246 593 113 27 behöfver;
380 602 48 13 men
451 594 70 22 denna
551 594 144 28 anmärkning,
715 594 72 21 träffar
803 595 6 21 i
825 594 43 22 lika
883 594 66 22 måtto
966 594 41 22 alla

182 622 114 28 förslagen.
311 622 113 22 Utskottet
438 625 62 26 säger
514 622 73 22 vidare
603 625 30 19 att
645 622 26 21 de
682 624 6 19 i
699 622 68 28 fjerde
778 624 160 20 reservationen
950 624 56 21 före-

182 651 76 27 slagna
280 652 135 28 preliminära
430 651 103 29 frivilliga
548 651 80 21 aftalen
645 651 89 21 emellan
750 652 81 21 kronan
847 651 41 22 och
903 652 102 22 tusentals

184 680 97 21 enskilda
300 687 102 22 personer
416 680 48 21 icke
480 680 98 29 erbjuder
592 680 112 21 Utskottet
720 680 65 28 något
800 680 125 22 tilltalande.
954 681 51 22 Men

184 710 23 19 är
222 708 36 22 det
273 716 28 14 nu
316 716 58 14 mera
389 708 117 22 tilltalande
522 711 32 19 att
568 709 62 28 lägga
647 716 26 14 en
688 716 29 21 ny
732 708 66 22 börda
813 708 28 30 på
856 709 151 22 kommunerna

182 737 42 22 och
239 737 62 22 deras
316 736 153 30 myndigheter.
490 737 52 22 Man
558 738 35 21 må
608 737 47 21 icke
670 740 51 26 säga
736 740 31 19 att
782 738 81 21 kronan
879 738 48 22 icke
938 738 69 22 skulle

183 766 66 21 hafva
263 766 148 28 myndigheter
426 766 40 21 och
482 767 130 21 embetsmän
627 766 33 21 till
675 766 138 28 uppgörande
828 766 41 22 och
882 766 92 22 kontroll
985 767 23 22 af

183 794 65 22 dessa
261 794 107 22 kontrakt.
392 794 79 29 Dylika
486 795 70 21 lokala
571 794 146 29 myndigheter
727 794 38 22 har
775 795 82 21 kronan
869 796 6 20 i
886 795 121 22 vidsträckt

184 824 132 27 omfattning,
332 824 40 20 och
387 823 37 21 det
438 825 23 19 är
476 823 88 22 alldeles
579 825 7 20 i
601 824 33 20 sin
650 823 91 28 ordning
756 826 31 18 att
802 824 69 20 denna
887 832 41 20 nya
941 824 66 22 börda

184 852 73 28 lägges
279 852 29 28 på
330 852 91 21 kronans
444 860 53 20 egna
512 853 131 27 tjenstemän.
673 852 41 28 Jag
730 852 103 21 behöfver
848 852 76 21 endast
940 854 67 20 erinra

184 888 35 13 om
234 880 145 27 länsmännen,
395 880 34 21 för
444 884 31 17 att
490 881 48 20 icke
553 881 44 21 tala
611 888 35 13 om
658 881 140 28 landtpoliser
810 880 41 22 och
863 880 145 29 kronofogdar

184 916 28 13 m.
226 909 20 20 fl.
276 909 48 21 Den
344 912 85 18 senaste
447 909 63 21 ärade
526 909 80 21 talaren
621 909 39 21 har
675 909 71 21 funnit
761 909 36 21 det
812 917 51 14 vara
878 917 27 14 en
921 910 86 27 olägen-

185 937 37 21 het
244 938 7 20 i
271 937 69 28 fjerde
362 939 160 20 reservationen
537 940 32 19 att
582 938 81 21 kronan
679 937 67 22 skulle
761 938 24 21 få
799 938 68 21 betala
882 938 35 21 för
931 938 54 29 dyrt,
1001 940 6 20 i

185 965 102 22 händelse
309 966 82 21 kronan
414 966 70 21 direkt
506 966 161 21 kontraherade.
693 966 41 29 Jag
756 966 38 21 har
804 967 121 21 erfarenhet
940 967 23 21 af
977 970 32 19 att

186 994 37 21 det
244 996 24 19 är
289 995 7 20 i
326 995 44 21 viss
392 994 48 21 mån
460 1002 80 14 samma
562 995 39 21 fall
623 995 48 21 med
694 995 135 21 kommunala
854 995 154 28 myndigheter,

185 1023 29 21 då
240 1023 63 22 dessa
330 1023 132 22 kontrahera.
500 1023 43 22 Det
569 1024 67 21 finnes
661 1023 77 29 många
766 1024 59 21 bevis
845 1024 29 29 på
894 1027 31 18 att
946 1025 63 21 dessa

186 1051 148 29 myndigheter
355 1052 48 21 icke
426 1051 72 29 undgå
512 1060 81 13 samma
608 1052 118 28 olägenhet.
756 1053 43 21 Det
814 1054 23 20 är
852 1053 76 21 endast
942 1054 67 27 jemn-

186 1080 90 29 bördiga
290 1080 54 21 aftal
358 1081 77 20 mellan
450 1083 78 19 tvänne
544 1081 112 26 individer,
671 1088 45 14 som
732 1081 125 28 möjliggöra
871 1084 30 19 ett
913 1081 96 29 billigare

186 1110 50 27 pris.
265 1109 44 21 Det
323 1109 39 21 har
376 1112 58 25 sagts
450 1112 31 18 att
496 1109 53 22 aftal
563 1110 49 21 med
627 1109 137 22 kommunala
779 1110 147 28 myndigheter
941 1110 68 21 skulle

186 1138 102 22 innebära
303 1140 67 19 större
384 1139 83 27 garanti
483 1138 34 22 för
532 1142 31 18 att
575 1138 139 28 hästegarene
730 1138 111 28 verkligen
857 1139 94 21 leverera
964 1140 46 21 sina

186 1166 78 27 hästar,
284 1168 27 20 än
334 1174 34 14 om
390 1167 108 21 desamma
520 1168 69 20 skulle
604 1167 89 21 afslutas
708 1167 77 21 mellan
801 1167 80 21 kronan
897 1168 40 21 och
952 1168 58 21 häst-

187 1202 96 20 egarene.
312 1195 66 21 Detta
397 1196 171 21 betraktelsesätt
589 1203 62 21 synes
666 1196 44 28 mig
724 1196 43 21 fela
783 1196 51 26 deri,
851 1198 31 19 att
896 1196 38 22 det
948 1196 63 22 utgår

187 1223 49 22 från
251 1224 41 21 den
308 1224 138 28 uppfattning
458 1226 31 19 att
501 1225 144 28 hästegarene,
655 1226 84 26 privata
748 1232 107 21 personer,
865 1225 69 21 skulle
945 1224 65 22 hafva

187 1254 69 20 större
270 1253 93 28 respekt,
378 1253 34 21 för
426 1256 32 18 att
472 1254 48 20 icke
535 1255 51 25 säga
601 1253 93 27 fruktan,
708 1253 35 21 för
757 1253 141 22 kommunens
913 1254 98 28 myndig-

187 1280 61 22 heter
269 1283 27 20 än
316 1281 34 21 för
364 1281 56 29 höga
435 1282 88 21 kronan.
557 1282 42 21 Till
615 1282 58 21 detta
688 1282 132 28 vanvördiga
839 1282 172 22 betraktelsesätt

188 1309 42 21 kan
240 1311 36 27 jag
292 1310 48 22 icke
348 1310 83 22 ansluta
440 1311 47 27 mig.
508 1311 102 21 Tvärtom
620 1310 39 21 har
669 1318 48 14 man
731 1311 27 28 på
767 1310 148 29 landsbygden
926 1311 85 27 mycket

188 1340 45 18 stor
254 1339 87 27 respekt
361 1338 35 20 för
418 1341 31 17 att
464 1346 51 13 vara
530 1346 77 19 genom
623 1339 101 20 kontrakt
739 1339 85 20 bunden
840 1339 37 20 vid
892 1339 55 27 höga
962 1339 49 20 kro-

188 1372 49 21 nan,
252 1373 49 14 men
316 1379 27 2 —
358 1367 20 26 jag
408 1366 103 21 erkänner
526 1367 69 26 villigt
610 1379 27 2 —
653 1365 45 22 deri
709 1366 67 28 ligger
786 1367 21 27 ju
819 1366 66 21 också
895 1369 30 18 ett
936 1373 76 21 vapen,

188 1400 46 15 som
249 1394 42 22 kan
307 1369 109 58 användas
432 1397 57 18 emot
503 1394 68 28 fjerde
586 1395 164 20 reservationen.
775 1395 47 21 Min
838 1395 137 28 uppfattning
989 1396 23 20 är

189 1423 116 22 emellertid
330 1425 31 19 att
383 1430 26 14 en
431 1423 24 20 så
477 1423 68 28 vigtig
563 1423 66 28 fråga,
644 1430 45 14 som
704 1424 98 27 garantin
817 1423 34 22 för
866 1426 32 19 att
912 1423 99 22 hästarne

189 1453 110 28 verkligen
315 1451 60 22 skola
390 1451 39 27 fås,
444 1451 28 22 då
487 1451 27 22 de
529 1451 110 27 behöfvas,
655 1451 54 22 löses
725 1452 74 26 bättre,
815 1460 34 14 om
864 1452 82 22 kronan
958 1452 53 21 kon-

188 1481 100 27 traherar,
304 1483 25 20 än
346 1488 33 14 om
395 1480 27 22 de
437 1480 134 22 kommunala
585 1480 174 29 myndigheterna
775 1483 51 26 göra
839 1481 42 22 det.
907 1481 53 21 Man
974 1481 39 22 har

189 1509 74 23 vidare
278 1512 48 27 sagt
341 1512 31 19 att
387 1509 36 22 det
435 1517 51 14 vore
498 1509 65 26 svårt,
571 1509 101 22 särskildt
683 1509 45 22 ifall
739 1509 126 22 kontrakten
882 1510 129 29 uppgjordes

190 1539 70 22 direkt
281 1539 49 22 med
352 1539 88 27 kronan,
462 1541 32 19 att
515 1538 75 22 hindra
608 1538 99 22 hästarna
725 1538 48 22 från
786 1541 32 19 att
832 1539 103 28 försäljas.
965 1539 47 28 Mig
