1084 1795
209 135 54 20 1312
464 140 24 17 R.
501 145 17 12 o.
530 140 22 17 A.
566 140 54 17 1897.
645 139 22 17 19
679 139 47 21 Maj.

180 209 37 19 äro
238 209 7 19 i
260 207 66 28 fråga,
355 208 41 27 Jag
410 208 83 21 förenar
508 209 42 26 mig
565 207 73 21 derför
652 207 48 21 med
716 207 54 27 dem,
786 214 44 14 som
845 206 103 28 tillstyrkt
963 206 35 21 de-

181 236 168 28 taljgranskning
364 237 23 20 af
402 236 245 28 författningsförslaget.
677 235 101 22 Derefter
793 235 53 21 skall
860 234 36 21 det
906 235 35 21 väl
952 235 47 21 visa

180 265 39 27 sig,
234 272 34 13 om
283 265 25 21 R.
324 272 18 14 o.
357 266 27 20 A.
399 265 141 28 tilläfventyrs
556 264 83 22 ändock
655 264 67 21 skulle
739 267 75 18 stanna
830 263 36 22 vid
879 266 31 18 att
922 263 77 28 begära

181 301 28 20 ny
224 294 133 27 proposition
371 295 6 19 i
393 295 77 19 ämnet.

448 379 281 28 Omröstningsproposition
738 387 4 13 :

249 441 55 26 Den,
326 449 44 13 som
391 442 36 21 vill
442 441 50 28 ingå
507 443 6 19 i
530 441 196 29 detaljoranskning
741 441 22 21 af
778 441 122 21 Utskottets
916 441 84 21 föreva-

180 470 65 21 rande
262 470 139 26 betänkande,
415 472 67 19 röstar
497 471 31 27 ja;

250 534 75 20 vinner
343 534 40 27 nej,
399 534 98 21 omfattar
512 534 25 20 R.
553 541 18 13 o.
586 534 26 20 A.
628 533 41 21 den
685 533 60 28 äsigt,
761 540 44 14 som
822 534 76 20 uttalas
914 534 6 20 i
936 532 65 22 andra

180 562 165 21 reservationen.

249 624 163 28 Propositionen
436 624 127 22 besvarades
585 624 36 22 vid
638 624 109 21 verkstäld
762 625 98 27 votering
875 624 47 21 med
939 625 26 20 39
980 624 21 29 ja

181 652 41 21 och
245 654 26 20 20
287 653 43 27 nej;
346 653 31 20 till
392 653 52 27 följd
460 653 76 21 hvaraf
551 653 25 21 R.
591 660 18 14 o.
626 654 26 20 A.
668 653 111 28 öfvergick
794 653 32 21 till
841 652 160 29 detaljbehand-

181 681 44 28 ling
241 682 22 20 af
277 680 246 30 författningsförslaget.

249 744 81 22 Dervid
352 744 73 21 blefvo
446 745 104 29 rubriken
572 745 40 21 och
631 745 110 27 ingressen
765 747 54 19 samt
834 745 29 27 $$
877 746 56 20 1—5
948 744 53 28 god-

181 773 71 22 kända
268 776 51 18 utan
334 773 127 21 diskussion.

249 836 137 22 Beträffande
401 837 15 27 $
433 838 13 20 6
460 837 83 27 yttrade

250 894 33 20 Hr
297 894 177 27 Furuhjelm:
505 894 74 27 Enligt
594 895 12 26 $
622 894 12 19 6
646 894 67 20 skulle
724 894 36 21 det
769 894 117 21 tillkomma
896 896 106 25 guvernör

181 924 36 24 att,
235 923 19 20 »i
267 922 38 21 fall
328 921 96 28 vägande
440 922 45 21 skäl
500 923 139 24 förekomma,
654 921 86 28 vidtaga
756 922 78 21 sådana
850 922 97 21 rättelser
961 922 40 21 och

181 950 114 28 ändringar
309 951 8 20 i
332 951 51 21 eller
397 951 115 20 afvikelser
527 951 55 21 ifrän
598 951 138 20 kommunens
752 951 86 28 förslag,
854 958 44 13 som
910 953 91 18 omstän-

181 979 124 28 digheterna
327 979 103 28 påkalla».
463 979 81 28 Frågan
562 980 66 28 gäller
643 979 37 21 här
695 979 163 22 kommunernas
873 979 80 28 förslag
967 981 34 19 rö-

179 1007 67 22 rande
268 1008 148 27 helsovärden,
439 1008 69 27 polis-,
531 1008 128 28 byggnads-,
681 1008 77 21 brand-
780 1008 40 21 och
838 1008 164 21 hamnväsende.

181 1037 77 20 Denna
281 1037 133 28 bestämning
429 1044 62 21 synes
507 1038 43 27 mig
565 1037 100 21 innebära
681 1039 31 18 ett
726 1037 81 28 ganska
822 1040 54 18 stort
890 1037 89 28 ingrepp
995 1037 7 20 i

181 1065 162 22 kommunernas
366 1067 41 20 rätt
430 1069 31 18 att
478 1066 77 28 sjelfva
570 1065 122 22 handhafva
708 1066 46 20 sina
770 1065 113 28 ordnings-
898 1065 39 22 och
953 1066 49 21 hus-

180 1094 290 28 hällningsangelägenheter.
490 1095 74 20 Ehuru
575 1095 37 20 det
623 1095 18 27 ej
653 1096 22 19 är
686 1095 43 26 mig
740 1094 93 21 obekant
843 1097 31 18 att
885 1094 100 22 särskildt
995 1095 6 20 i

180 1123 61 27 fräga
263 1130 34 14 om
318 1123 110 21 städernas
444 1123 205 29 byggnadsväsende
665 1123 121 27 Kejserliga
802 1123 93 21 Senaten
910 1123 92 28 vidtagit

179 1152 115 27 ändringar
309 1152 31 20 uti
355 1152 23 20 af
393 1152 152 21 kommunerna
560 1152 118 28 uppgjorda
693 1152 81 27 förslag
783 1152 32 20 till
827 1152 71 28 dylika
911 1152 91 28 stadgar,

180 1180 24 20 sä
227 1187 62 21 synes
312 1180 37 20 det
371 1182 43 26 mig
436 1180 55 22 dock
514 1180 69 21 säsom
607 1188 33 13 om
662 1188 27 13 nu
705 1180 163 27 ifrägavarande
884 1180 117 28 stadgande

179 1208 69 21 skulle
271 1208 33 21 stä
326 1209 6 20 i
355 1209 53 20 strid
427 1209 48 21 med
491 1211 11 19 7
518 1210 12 26 8
545 1210 6 20 i
567 1208 98 28 gällande
680 1208 125 28 förordning
821 1216 33 14 om
871 1209 131 21 kommunal-

180 1236 159 28 förvaltningen
359 1238 8 20 i
382 1237 52 25 stad,
450 1238 37 20 der
502 1236 37 22 det
557 1237 64 25 heter,
636 1240 31 18 att
682 1237 76 26 beslut,
773 1244 45 14 som
834 1238 46 20 afse
896 1238 107 20 allmänna

179 1265 136 21 föreskrifter
329 1266 32 20 till
377 1265 144 29 befrämjande
537 1266 23 20 af
575 1266 105 27 sedlighet
695 1266 40 20 och
750 1266 77 20 allmän
838 1266 91 28 ordning
939 1274 26 13 m.
976 1274 25 12 m.

180 1294 57 20 inom
259 1294 158 26 kommunerna,
440 1294 51 22 böra
506 1296 116 26 guvernörs
638 1294 100 28 pröfning
753 1294 141 22 underställas
910 1295 40 21 och
967 1295 35 21 be-

180 1322 68 20 sluten
273 1323 100 26 antingen
389 1323 22 20 af
426 1326 134 23 guvernören
575 1323 115 20 fastställas
706 1322 143 22 oförändrade
864 1323 52 21 eller
930 1323 72 21 afsläs.

179 1349 45 20 Det
239 1351 22 18 är
276 1350 28 27 pä
319 1349 62 21 dessa
397 1351 6 19 i
418 1350 85 21 korthet
518 1350 91 21 anförda
623 1350 46 20 skäl
684 1351 35 26 jag
734 1351 66 27 vågar
815 1350 84 27 föreslå,
915 1353 31 18 att
961 1351 12 27 &
989 1351 12 20 6

179 1377 69 21 skulle
263 1377 163 22 äterremitteras
441 1378 33 21 till
489 1378 236 21 Kommunalutskottet
739 1379 6 20 i
762 1378 76 21 sädant
852 1379 56 26 syfte
921 1381 31 18 att
965 1386 36 21 pa-

179 1405 98 28 ragrafen
293 1406 79 21 erhölle
388 1406 90 28 ungefär
492 1406 95 28 följande
602 1405 89 29 lydelse:

250 1435 78 20 »Hvad
351 1435 22 20 af
396 1435 211 21 kommunalstämma
628 1435 93 21 beslutes
745 1437 7 19 i
774 1435 84 27 ärende,
878 1443 45 14 som
938 1437 7 20 i
961 1437 12 26 8
989 1437 12 20 5

179 1462 142 27 omförmäles,
343 1463 59 27 skall,
425 1463 55 22 efter
502 1464 36 21 det
555 1463 157 28 närgränsande
728 1464 100 21 kommun
844 1464 40 21 och
899 1464 102 22 vederbö-

179 1491 66 22 rande
259 1492 147 28 myndigheter
422 1492 71 21 blifvit
508 1493 7 20 i
530 1493 65 21 saken
611 1492 71 26 hörda,
701 1493 140 21 underställas
857 1495 144 26 guvernörens

179 1520 107 29 pröfning,
308 1521 40 21 och
371 1521 52 21 skall
439 1521 76 21 sådant
531 1521 69 22 beslut
615 1521 101 28 antingen
731 1521 117 22 fastställas
864 1522 138 21 oförändradt
