1098 1800
210 503 158 36 Måndagen
386 505 55 27 den
459 506 32 27 10
509 506 55 35 Maj
582 506 40 27 kl.
640 506 17 27 6
675 514 21 19 e.
714 514 35 19 m.

133 584 200 30 Protokollsutdrag
353 585 61 23 öfver
433 586 26 22 R.
479 595 18 13 o.
512 587 38 22 A:s
566 587 37 22 vid
618 587 86 29 plenum
718 587 42 22 den
776 588 12 20 8
804 586 80 23 dennes

66 613 82 22 fattade
164 613 70 22 beslut
249 614 109 29 upplästes
373 615 32 21 till
419 616 103 28 justering
537 616 40 23 och
592 616 130 28 godkändes.

133 757 57 22 Frän
211 758 57 28 Lag-
289 758 41 22 och
348 759 212 22 Ekonomiutskottet
575 759 55 22 hade
645 760 69 27 ingätt
730 767 26 14 en
772 760 112 22 skrifvelse

66 785 47 22 med
134 787 98 20 anmälan
252 790 30 18 att
298 787 194 28 ständerpluralitet
507 789 86 21 vunnits
608 789 35 21 för
657 789 103 28 förslaget
774 789 110 28 angäende

65 814 167 22 kleresifriheter
256 815 33 22 för
314 816 37 21 det
376 817 180 28 grekisk-ryska
580 817 194 29 presterskapets
796 818 10 22 i
830 818 54 22 Fin-

65 843 58 23 land
138 844 130 23 bostäilen.

128 989 35 22 Val
179 989 26 22 af
217 989 182 29 bankfullmäktige
414 991 40 21 och
470 991 106 22 revisorer
590 991 35 22 för
641 990 95 23 Finlands
752 990 63 23 Bank.

132 1052 56 21 Från
211 1053 169 21 Bankutskottet
400 1053 55 21 hade
475 1053 32 21 till
530 1053 25 22 R.
578 1061 18 14 o.
611 1053 26 22 A.
652 1053 112 22 inkommit
779 1061 26 14 en
820 1053 64 22 skrif-

64 1081 58 21 velse
137 1081 35 21 för
187 1081 42 21 den
245 1083 12 20 8
273 1081 80 22 dennes
369 1081 23 22 af
406 1081 93 29 följande
514 1082 93 27 lydelse:

221 1178 41 21 Till
278 1178 123 29 Höglofliga
416 1179 159 30 Ridderskapet
590 1180 40 21 och
645 1179 78 22 Adeln.

133 1242 75 28 Enligt
223 1243 11 26 $
251 1243 26 20 68
293 1243 6 20 i
315 1242 243 29 Landtdagsordningen
574 1250 40 20 ega
629 1242 120 21 Ständerna
764 1241 35 22 vid
811 1242 72 28 hvarje

63 1271 87 27 lagtima
165 1271 103 27 landtdag
284 1271 55 28 välja
354 1271 139 27 fullmäktige,
508 1271 32 21 till
555 1271 43 21 lika
614 1271 57 21 antal
686 1271 34 20 för
730 1271 73 27 hvarje
814 1270 68 26 ständ,

64 1302 32 17 att
117 1300 7 20 i
147 1299 94 28 enlighet
263 1299 48 21 med
334 1299 135 26 instruktion,
484 1307 45 14 som
545 1299 23 22 af
582 1299 120 21 Ständerna
717 1300 110 27 upprättas
843 1299 41 21 och

63 1327 123 28 fastställes,
201 1327 76 22 utöfva
292 1327 102 22 inseende
409 1328 62 21 öfver
485 1328 158 27 förvaltningen
659 1327 23 21 af
696 1327 26 21 de
738 1327 68 22 under
821 1327 62 22 Stän-

63 1356 76 21 dernas
162 1357 83 26 garanti
267 1356 41 21 och
330 1355 54 22 vård
406 1356 69 21 stälda
496 1356 77 22 fonder
590 1357 8 20 i
615 1356 103 21 Finlands
732 1355 69 22 Bank.
830 1355 53 22 Med

64 1384 115 28 anledning
201 1385 23 20 af
246 1384 58 21 detta
326 1383 117 29 stadgande
466 1387 54 19 samt
540 1385 26 21 de
582 1385 5 20 i
604 1392 80 14 samma
699 1385 12 27 $
727 1384 105 28 ingående
847 1384 37 21 be-

62 1414 130 26 stämningar
217 1413 110 27 angående
348 1413 35 21 val
398 1413 23 20 af
435 1413 162 22 bankrevisorer
612 1413 110 21 äfvensom
737 1413 75 26 nödigt
827 1413 57 20 antal

63 1441 137 28 suppleanter
222 1441 34 20 för
278 1441 133 26 fullmäktige
434 1441 40 20 och
496 1441 137 25 revisorerne,
655 1440 35 21 får
704 1439 119 27 Utskottet,
838 1447 46 14 som

63 1469 48 21 icke
136 1469 72 20 funnit
232 1469 115 27 anledning
371 1468 80 21 föreslå
473 1469 71 28 någon
566 1468 90 28 ändring
670 1469 8 19 i
693 1468 41 21 den
749 1468 135 26 instruktion,

63 1504 46 15 som
131 1497 35 21 för
188 1496 192 29 bankfullmäktige
402 1496 72 22 blifvit
496 1496 36 22 vid
553 1499 83 19 senaste
656 1495 103 30 landtdag
778 1496 106 28 faststäld,

64 1524 110 24 vördsamt
188 1525 78 22 föreslå
282 1529 31 18 att
328 1525 119 23 Ständerna
462 1526 49 21 ville
528 1525 93 22 besluta:

761 1565 25 22 61
796 1566 18 21 a)
