1084 1792
209 134 54 21 1162
449 140 24 17 R.
486 143 17 13 0.
517 139 21 17 A.
551 139 56 17 1897.
630 138 24 16 14
666 138 47 20 Maj.

179 208 68 28 ligger
269 207 115 27 onekligen
409 209 112 25 systemets
550 209 99 25 svagaste
678 206 74 28 punkt.
785 204 75 22 Såsom
886 205 35 28 jag
943 204 55 22 hade

178 238 52 19 äran
253 235 84 29 antyda,
359 237 24 19 är
405 236 184 28 expropriationen
612 234 56 22 dock
690 235 7 19 i
720 235 59 20 detta
800 233 38 21 fall
859 233 22 21 af
902 233 37 21 det
959 233 40 21 lin-

178 264 94 29 drigaste
287 264 52 28 slag.
368 264 51 22 Men
435 264 35 28 jag
484 264 68 21 häller
566 263 109 22 dessutom
690 262 46 22 före
752 266 32 19 att
796 260 203 31 tvängsutskrifnin-

177 301 42 20 gen
242 293 95 22 kommer
357 296 32 18 att
410 293 67 21 finnas
500 293 32 21 till
554 300 45 14 mer
620 292 29 29 pä
670 295 90 25 pappret
782 293 27 20 än
823 292 7 20 i
845 291 153 28 verkligheten.

177 322 77 28 Enligt
274 323 159 26 propositionen
457 321 69 22 skulle
549 321 102 22 behofvet
674 320 22 21 af
730 322 57 20 hästar
802 320 107 28 nämligen
924 320 75 21 främst

176 351 66 28 fyllas
257 349 96 27 sälunda,
373 353 32 18 att
424 350 43 28 köp
482 350 68 21 skulle
566 350 38 21 ske
620 349 23 22 af
657 349 27 22 de
700 349 77 28 hästar,
792 356 45 14 som
853 348 99 29 frivilligt
967 355 31 14 er-

178 379 83 28 bjudas.
290 379 44 20 Det
349 379 38 20 bör
402 378 145 28 ihägkommas
562 381 32 18 att
608 378 80 21 antalet
703 378 23 21 af
741 377 27 22 de
783 377 77 28 hästar,
875 385 45 14 som
932 377 66 21 erfor-

179 407 56 27 dras,
250 409 63 26 utgör
327 407 76 22 endast
417 415 45 20 par,
481 410 32 19 tre
536 409 89 26 procent
647 407 23 21 af
684 406 47 21 hela
752 405 144 22 häststocken.
925 406 36 21 Nu
977 407 22 20 är

177 436 39 21 det
237 437 23 28 ju
281 439 31 18 ett
334 435 67 22 kändt
421 435 133 22 förhällande
576 438 32 18 att
622 435 141 21 hästhandeln
778 435 48 21 icke
841 436 24 19 är
879 434 71 28 nägon
965 434 34 21 för

177 465 84 22 landets
276 465 111 27 hästegare
403 465 153 28 motbjudande
571 464 57 21 affär.
651 464 103 21 Tvärtom
769 463 42 22 kan
826 463 41 22 den
883 463 116 22 betecknas

179 493 71 22 såsom
266 501 27 14 en
302 493 101 28 temligen
415 493 103 28 gouterad
529 495 65 27 sport.
615 493 41 28 Jag
666 496 44 18 tror
721 495 31 18 att
762 500 48 13 man
821 492 72 22 derför
902 492 48 22 icke
963 492 36 21 be-

177 522 78 22 höfver
268 523 53 28 hysa
336 522 79 22 tvifvel
430 521 79 29 derom,
523 525 32 18 att
570 521 42 22 den
627 522 51 21 allra
688 523 78 20 största
777 521 62 22 delen
850 521 23 21 af
883 521 26 21 de
921 521 78 26 hästar,

177 558 47 14 som
242 551 84 21 komma
347 553 31 18 att
394 551 109 26 behöfvas,
519 551 60 21 skola
594 551 85 20 komma
693 553 33 18 att
740 550 98 28 frivilligt
853 549 106 29 erbjudas,
975 549 24 22 så

177 582 32 19 att
224 579 37 22 det
275 581 7 20 i
297 579 146 28 verkligheten
459 579 54 22 skall
529 580 56 28 gälla
600 582 31 18 att
646 579 76 22 endast
736 579 7 21 i
759 579 65 28 något
838 578 160 29 undantagsfall

176 608 98 22 anskaffa
296 609 72 20 hästar
390 615 77 21 genom
490 609 127 28 tvängsköp.
646 608 87 21 Erhälla
749 615 29 14 nu
793 615 90 20 egarene
898 607 23 21 af
936 607 62 22 dessa

177 637 78 26 hästar,
270 637 70 21 säsom
355 637 27 21 de
397 638 22 27 ju
435 637 50 21 böra
500 637 29 26 fä,
550 637 39 21 full
606 637 107 28 betalning
734 636 34 21 för
783 636 57 22 hvad
855 636 27 21 de
897 636 102 27 leverera,

177 665 25 22 sä
218 666 40 21 blir
270 665 42 22 den
327 665 72 27 börda,
421 673 45 14 som
488 673 77 20 genom
588 666 63 27 lagen
673 665 84 22 komme
780 667 31 19 att
825 665 102 28 päläggas
942 665 57 21 häst-

178 701 97 22 egarene,
289 695 7 20 i
312 694 77 29 sjelfva
403 695 76 20 verket
493 694 23 21 af
532 695 85 28 mycket
632 694 78 27 lindrig
725 693 152 22 beskaffenhet.

245 723 42 27 Jag
301 722 96 21 anhåller
410 723 27 28 pä
452 723 69 27 grund
537 723 23 21 af
575 723 36 21 det
626 723 89 20 anförda
730 725 31 18 att
776 722 23 21 få
817 723 74 20 förena
905 722 44 27 mig
964 729 33 14 om

178 751 38 22 det
231 751 23 21 af
268 748 35 24 Hr
317 751 121 22 Schauman
453 751 125 22 framstälda
592 751 40 22 och
648 751 22 20 af
685 751 34 21 Hr
734 750 107 22 Mechelin
852 750 146 22 understödda

176 780 112 28 förslaget,
303 783 31 18 att
347 779 27 22 R.
389 787 18 14 o.
423 781 26 20 A.
465 780 50 21 ville
537 781 7 20 i
564 779 124 23 hufvudsak
710 783 77 24 antaga
808 779 47 22 näd.
875 787 60 20 prop.
958 779 41 21 och

177 809 154 21 återremittera
351 808 88 22 ärendet
453 809 32 21 till
503 809 111 22 Utskottet
628 808 35 22 för
685 812 31 18 att
740 808 118 22 omarbetas
882 807 27 29 pä
932 807 65 22 basen

177 838 25 21 af
217 837 58 21 detta
290 838 81 27 förslag
385 837 48 21 med
449 838 109 22 eventuelt
576 838 138 21 utlemnande
733 838 23 20 af
773 837 68 28 fjerde
859 837 90 29 kapitlet
964 844 34 14 om

177 866 172 28 hästräkningen.

244 923 59 21 Frih.
317 924 26 20 R.
365 924 26 20 A.
415 923 120 22 Wrede:
565 923 41 28 Jag
628 923 67 21 måste
717 924 33 20 till
768 931 25 13 en
813 923 74 29 början
903 923 93 22 erkänna

176 954 32 19 att
225 952 37 21 det
276 953 24 20 är
315 952 48 20 med
379 954 44 18 stor
438 952 78 21 tvekan
532 952 36 28 jag
582 960 28 12 nu
626 951 36 23 vid
678 952 65 21 slutet
758 952 22 21 af
796 952 148 21 diskussionen
961 952 35 21 be-

176 981 60 21 slutit
258 982 32 19 att
311 980 77 28 begära
403 980 62 21 ordet
479 982 6 19 i
501 980 71 22 denna
586 980 67 28 fräga,
669 982 50 19 enär
733 982 35 26 jag
783 981 38 21 har
835 980 59 22 svärt
909 983 31 19 att
954 982 42 19 rätt

176 1009 72 21 kunna
266 1009 97 27 intränga
379 1010 6 20 i
401 1008 41 22 och
463 1008 90 22 bedöma
568 1008 27 22 de
610 1009 105 21 särskilda
730 1009 85 21 sidorna
831 1008 22 22 af
867 1009 129 21 densamma.

176 1037 53 21 Men
251 1036 28 22 dä
296 1037 51 21 flere
368 1036 63 22 ärade
446 1038 66 21 talare
527 1037 97 21 förordat
638 1038 120 27 antagande
773 1038 23 21 af
810 1038 42 20 den
867 1038 48 21 näd.
931 1045 66 21 prop.,

177 1073 35 14 om
227 1065 66 22 ocksä
307 1065 49 21 med
371 1067 58 20 vissa
443 1066 155 28 förändringar,
614 1066 24 21 sä
653 1066 37 21 ber
704 1066 35 28 jag
754 1069 32 18 att
800 1066 23 21 fä
838 1067 6 20 i
860 1066 85 22 korthet
960 1074 37 12 an-

176 1094 62 28 gifva
258 1094 27 21 de
304 1094 51 26 skäl,
372 1095 27 27 pä
413 1094 73 22 hvilka
501 1095 35 28 jag
551 1095 47 21 icke
614 1094 41 22 kan
671 1095 74 21 förena
761 1096 43 27 mig
819 1102 34 14 om
869 1096 128 27 propositio-

176 1130 54 14 nens
244 1122 163 29 godkännande.
435 1123 71 21 Bland
521 1124 27 20 de
564 1124 169 27 anmärkningar,
748 1131 46 14 som
808 1124 67 28 gjorts
890 1126 45 19 mot
949 1130 48 22 pro-

176 1152 133 28 positionens
331 1151 88 29 förslag,
440 1159 39 13 var
496 1152 21 28 ju
533 1152 125 28 visserligen
674 1152 47 26 den,
736 1160 46 14 som
797 1152 104 22 hänförde
916 1153 33 27 sig
963 1152 34 22 till

180 1180 41 21 den
244 1180 67 21 under
329 1180 90 21 fredstid
443 1180 181 26 förekommande,
639 1181 152 28 obligatoriska
806 1181 40 21 och
861 1181 64 27 högst
940 1182 57 20 kost-

178 1216 80 14 samma
273 1208 165 28 hästräkningen
455 1209 40 21 och
510 1210 145 27 mönstringen
678 1217 26 13 en
720 1209 23 21 af
758 1209 26 21 de
800 1210 120 28 vigtigaste.
945 1210 52 21 Men

177 1237 28 21 dä
226 1237 36 21 det
276 1244 87 14 numera
378 1237 114 21 förklarats
515 1238 22 20 af
557 1245 27 14 en
598 1238 51 20 ärad
664 1237 91 22 medlem
770 1239 57 20 inom
843 1238 96 26 Ständet,
951 1246 46 14 som

177 1266 67 20 mäste
267 1272 61 15 anses
352 1265 77 21 besitta
451 1265 40 21 full
510 1266 126 29 kompetens
655 1266 28 28 pä
698 1266 59 21 detta
774 1266 92 25 omräde,
881 1269 31 18 att
927 1266 70 22 denna

176 1294 138 28 hästräkning
335 1294 41 20 och
391 1295 117 27 mönstring
523 1295 47 21 icke
586 1296 62 26 utgör
662 1295 71 27 någon
748 1295 66 21 sådan
830 1295 35 21 del
882 1295 23 21 af
920 1302 77 21 propo-

176 1323 99 25 sitionen,
297 1330 46 13 som
365 1322 48 21 icke
435 1323 68 20 skulle
527 1323 72 21 kunna
618 1323 94 21 derifrän
735 1323 78 28 skiljas,
829 1324 40 21 och
885 1323 28 21 dä
928 1323 69 22 denne

178 1349 90 22 medlem
291 1350 22 21 af
335 1349 91 22 Ständet
447 1351 113 27 föreslagit
582 1353 30 18 ett
634 1351 68 27 dylikt
725 1351 128 28 afskiljande
869 1354 55 18 samt
939 1351 58 22 detta

176 1378 82 27 förslag
269 1378 76 21 vunnit
359 1378 123 25 understöd,
497 1379 24 20 sä
536 1379 96 20 förfaller
646 1380 23 27 ju
684 1379 70 21 denna
770 1380 145 27 anmärkning.
944 1379 52 22 Men

176 1406 38 23 det
228 1406 89 22 oaktadt
331 1406 87 28 gvarstä
433 1407 124 28 tillräckligt
573 1407 75 28 många
657 1407 132 29 stadganden
801 1409 7 20 i
819 1408 42 21 den
872 1407 48 22 nåd.
931 1415 66 22 prop.,

176 1443 46 14 som
238 1435 47 22 icke
301 1435 72 22 kunna
387 1436 66 20 vinna
467 1435 162 29 godkännande.

246 1464 75 29 Enligt
332 1465 171 28 propositionens
514 1464 119 28 affattning,
644 1465 76 22 främst
738 1467 10 20 1
762 1466 12 27 $
784 1465 41 22 och
835 1466 66 22 sedan
902 1460 11 39 i
925 1465 72 22 deföl-

177 1493 71 29 jande,
262 1493 117 29 uppställes
394 1493 48 22 icke
452 1493 70 28 nägon
537 1496 64 25 gräns
613 1472 38 43 för
666 1494 36 22 det
717 1495 59 21 antal
785 1495 78 27 hästar,
873 1503 45 14 som
929 1495 68 22 skulle

178 1523 72 21 kunna
258 1523 4 20 i
271 1523 38 20 fall
321 1523 23 20 af
353 1521 66 22 behof
426 1522 123 22 utskrifvas.
572 1523 49 21 Den
628 1525 72 26 tunga,
710 1531 46 14 som
766 1523 71 22 landet
849 1531 77 21 genom
937 1527 62 18 anta-
