1106 1789
437 133 89 17 Influtna
537 133 81 21 plikter.
854 127 53 20 1687

116 200 93 27 aktning
228 199 35 22 för
282 199 38 22 det
340 200 141 22 Hedervärda
495 201 167 22 Bondeståndet.
693 201 64 21 Olika
772 200 165 22 lefnadsförhål-

119 228 78 21 landen
209 229 66 20 alstra
284 228 39 21 hos
334 229 104 21 särskilda
448 229 107 22 individer
565 229 40 22 och
616 229 181 22 samhällsklasser
807 237 26 13 en
844 230 7 20 i
861 229 77 28 många

118 256 117 21 afseenden
253 256 57 21 olika
326 264 38 20 syn
380 257 28 28 på
421 258 79 27 tingen.
529 257 50 21 Och
593 259 21 26 ju
629 258 64 20 friare
708 257 38 21 det
759 257 102 28 politiska
875 257 63 21 lifvet

120 284 110 21 utvecklar
249 285 38 26 sig,
308 285 60 21 desto
388 285 131 22 bestämdare
537 285 68 22 måste
620 286 27 21 de
662 285 56 21 olika
733 285 107 28 åsigterna
855 286 60 20 träda
930 286 6 20 i

117 313 77 27 dagen.
224 313 52 21 Man
297 313 39 21 har
355 313 72 22 derför
445 314 63 27 ingen
533 314 114 28 anledning
669 316 31 18 att
715 314 47 21 med
779 313 71 22 alltför
865 313 72 28 dyster

120 341 57 22 blick
200 341 98 22 betrakta
320 341 63 22 dessa
405 341 38 22 hos
459 349 34 14 oss
509 341 211 22 förhandenvarande
736 342 201 27 meningsolikheter

118 369 43 22 och
176 371 8 20 i
199 369 49 22 dem
263 370 57 21 finna
336 378 25 13 en
377 370 115 29 anledning
505 372 33 20 till
553 372 131 20 misströstan
700 378 33 13 om
749 371 83 21 landets
844 370 93 21 framtid.

187 398 127 22 Förvissadt
329 406 34 13 om
378 402 31 18 att
423 399 141 22 Hedervärda
579 399 162 22 Bondeständet
756 399 12 21 å
783 400 32 21 sin
826 399 47 21 sidä
882 399 55 21 skall

118 427 83 21 skänka
215 427 26 21 R.
257 435 17 13 o.
290 428 27 20 A.
332 427 150 25 erkännandet,
498 431 31 18 att
543 428 26 21 R.
584 435 19 14 o.
619 431 31 22 A.,
665 427 64 22 äfven
745 427 38 22 der
798 428 48 21 dess
856 428 80 22 menin-

119 463 38 20 gar
179 455 77 21 afvikit
277 455 48 21 från
345 456 179 27 Bondeständets,
546 457 18 28 ej
582 456 85 28 äsyftat
689 459 64 19 annat
771 458 26 19 än
808 459 31 19 ett
853 456 85 21 älskadt

119 484 161 22 fäderneslands
303 484 66 27 bästa,
392 485 61 21 utber
474 486 33 27 sig
528 486 25 20 R.
574 492 18 14 o.
612 486 27 20 A.
657 488 31 18 att
702 485 132 21 fortfarande
849 484 22 21 få
887 492 50 14 vara

119 512 115 22 inneslutet
250 514 6 19 i
266 512 177 30 Välförständige
453 513 34 21 Hr
497 514 142 21 Talmannens
650 514 40 21 och
700 513 141 21 Hedervärda
852 513 86 21 Bonde-

120 541 95 21 ständets
232 541 108 28 välvilliga
355 542 118 28 hägkomst.

187 684 34 22 Hr
242 684 204 22 Landtmarskalken
469 685 123 21 "meddelade
610 685 52 21 härä
680 688 32 18 att
726 686 7 20 i
747 686 138 27 sparbössan,
901 685 38 21 der

119 714 26 20 de
161 713 66 21 under
241 713 129 29 landtdagen
380 714 90 21 influtna
479 714 106 28 plikterna
594 714 136 28 uppsamlats,
739 714 81 21 influtit
831 715 38 20 121
879 714 60 21 mark

117 745 56 18 samt
186 742 123 26 hemstälde,
324 750 33 13 om
373 742 47 21 icke
435 742 62 22 dessa
511 742 74 26 medel,
600 744 8 20 i
622 742 67 22 likhet
704 742 49 22 med
767 742 57 22 hvad
838 743 37 21 vid
889 742 50 21 tidi-

117 771 60 27 gare”
189 770 126 29 landtdagar
337 770 63 27 skett,
421 771 70 21 kunde
513 771 33 21 till
566 771 79 29 Adliga
659 771 195 29 Jungfrustiftelsen
869 770 70 22 öfver-

119 800 85 20 lemnas.

187 856 80 21 Härtill
282 856 61 21 biföll
359 856 25 21 R.
399 864 17 13 o.
431 856 27 21 A.

188 1029 43 21 Till
253 1028 137 22 medlemmar
412 1028 21 22 af
455 1028 41 22 den
511 1029 128 27 deputation,
654 1036 43 14 som
713 1030 64 27 jemte
792 1029 87 21 främste
894 1031 47 19 när-

119 1057 95 22 varande
229 1057 125 21 ledamoten:
363 1057 66 21 skulle
443 1058 33 20 till
490 1057 29 21 H.
534 1057 52 21 Exc.
601 1061 15 18 t.
626 1058 15 20 f.
657 1057 220 29 Generalouvernören
888 1058 54 21 äter-

121 1086 62 22 ställa
204 1085 257 27 landtmarskalkstafven,
481 1086 84 28 utsägos
586 1086 29 29 pä
634 1086 124 21 hemställan
777 1086 22 21 af
813 1086 35 21 Hr
862 1086 80 22 Landt-

119 1114 145 22 marskalken:
289 1114 73 21 Frihh.
377 1114 190 28 -Gripenberg
590 1115 39 21 och
651 1122 51 14 von
723 1115 145 27 Knorring
888 1118 55 18 samt

121 1143 45 21 Hrr
188 1142 46 29 Hj.
258 1142 175 28 Lagerborg,
454 1143 27 21 A.
504 1143 189 29 Gripenberg,
711 1143 26 21 A.
752 1144 25 20 L.
792 1152 51 13 von
858 1144 85 20 Knor-

121 1173 60 27 ring
195 1172 40 20 och
250 1173 28 20 A.
291 1179 52 13 von
359 1171 110 27 Collan,
483 1172 72 28 junior.

190 1320 57 20 Från
278 1321 161 21 nedannämnda
469 1321 88 21 Utskott
581 1320 55 22 hade
658 1320 69 28 ingått
749 1320 124 22 skrifvelser
895 1320 48 21 med

120 1348 106 26 anmälan,
243 1349 107 28 nämligen
366 1349 46 21 frän

192 1404 161 27 Lagutskottet:
383 1408 30 18 att
432 1406 37 20 vid
485 1405 151 27 föredragning
651 1406 5 19 i
673 1405 95 21 Ständen
783 1405 24 20 af
823 1405 121 21 Utskottets

124 1432 66 20 andra
212 1432 81 28 förslag
313 1433 33 20 till
362 1434 203 26 sammanjemkning
580 1432 23 21 af
617 1432 107 21 Ständens
740 1432 68 21 delvis
823 1432 122 28 skiljaktiga

124 1460 72 21 beslut
214 1460 37 21 vid
267 1460 158 28 behandlingen
440 1461 23 21 af
479 1460 121 22 Utskottets
616 1460 134 21 betänkande
765 1460 42 21 N:o
823 1462 12 19 8
850 1461 6 19 i
873 1460 72 21 anled-

126 1489 52 27 ning
200 1488 23 22 af
246 1491 30 19 ett
290 1490 57 20 inom
363 1489 181 28 Borgareständet
558 1489 65 21 väckt
638 1488 183 29 petitionsförslag
835 1488 110 28 angående

124 1518 129 22 ordnande
278 1518 28 22 af
324 1518 118 29 judarnes
461 1519 9 21 i
485 1518 84 22 landet
585 1518 114 28 rättsliga
715 1518 120 28 ställning
845 1536 2 2 .
855 1516 91 23 Ridder-
