1086 1798
426 121 146 32 Språkfrågan.
824 122 54 20 1339

92 196 100 29 punkten,
212 204 45 14 som
279 199 34 19 rör
334 197 212 22 embetsskrifvelsers
568 196 134 29 delgifvande
718 196 21 21 åt
753 196 155 26 kommunerna,

92 225 47 21 icke
162 227 23 19 är
207 225 92 22 affattad
320 225 29 29 på
369 229 32 18 ett
422 225 49 22 fullt
492 225 23 22 så
535 225 77 29 tydligt
631 227 48 24 sätt,
693 228 32 17 att
739 233 48 12 man
801 225 42 20 kan
857 232 51 13 vara

92 253 92 29 tryggad
198 253 34 22 för
246 257 32 18 att
292 253 146 22 missförstånd
452 254 48 27 icke
515 253 59 22 skola
587 253 82 29 uppstå.
698 253 41 33 Jag
751 253 102 20 erkänner
861 253 47 20 der-

93 283 63 26 jemte
179 285 31 18 att
232 282 37 21 det
290 284 24 19 är
328 282 57 21 svårt
399 285 32 18 att
446 282 23 21 så
483 283 38 20 här
535 282 27 28 på
576 282 86 21 stående
677 282 33 21 fot
723 281 113 21 formulera
850 281 59 21 detta

93 311 52 20 sista
159 313 92 18 moment
265 311 28 28 på
308 314 31 17 ett
353 318 44 13 mer
412 311 142 21 uttömmande
570 313 50 24 sätt;
635 311 40 20 och
690 310 28 21 då
731 311 6 26 jag
775 311 8 20 i
793 310 68 21 denna
871 309 37 21 sak

93 339 55 21 dock
170 339 76 21 främst
267 339 77 21 önskar
365 341 32 19 att
416 346 26 13 en
457 339 127 21 formulerad
598 339 118 20 återremiss
730 341 65 18 måtte
811 338 97 26 beslutas,

93 367 24 21 så
131 371 44 18 tror
188 368 35 27 jag
238 371 32 18 att
283 375 50 14 man
347 367 37 22 vid
398 367 75 22 sådant
488 367 130 22 förhållande
633 367 66 21 måste
714 367 70 28 åtnöja
801 367 44 28 mig
860 366 49 21 med

93 396 41 21 den
153 396 22 21 af
189 396 35 21 Hr
238 396 54 21 Rein
307 396 118 29 föreslagna
440 396 104 21 allmänna
558 397 120 27 petitionen.
707 395 41 28 Jag
762 397 39 27 gör
815 395 36 21 det
866 397 43 19 sär-

93 425 66 21 skildt
173 425 67 21 under
254 425 118 21 beaktande
387 425 66 24 deraf,
468 428 32 18 att
515 425 63 28 enligt
592 425 58 21 hvad
663 425 35 28 jag
712 424 79 27 erfarit,
806 427 31 18 ett
846 426 63 19 annat

94 453 68 22 Stånd
177 453 64 22 också
255 453 60 22 torde
330 453 121 22 formulerat
466 455 37 20 sitt
517 453 68 22 beslut
600 455 7 19 i
622 453 73 28 frågan
706 453 27 28 på
744 452 108 22 enahanda
862 454 47 19 sätt.

94 482 109 21 Måhända
217 482 41 21 kan
273 482 29 29 på
316 482 69 21 denna
398 482 38 21 bas
451 482 83 21 ändock
547 482 63 28 något
624 482 87 21 resultat
724 483 80 20 vinnas.

165 539 34 21 Hr
218 539 175 28 Furuhjelm:
414 539 43 22 För
475 540 44 21 min
539 539 95 22 enskilda
648 539 35 22 del
697 539 38 21 har
749 539 35 28 jag
799 539 70 26 redan,
883 538 28 21 då

93 569 118 28 petitionen
232 568 93 26 väcktes,
344 569 55 20 varit
413 569 7 20 i
441 568 83 21 tillfälle
544 571 32 18 att
590 568 68 21 såsom
672 569 43 20 min
730 567 55 28 åsigt
799 567 66 21 uttala
879 570 32 18 att

95 597 51 28 inga
168 597 22 20 af
211 596 249 29 tidsomständigheterna
481 597 107 27 grundade
603 597 45 20 skäl
663 597 34 20 för
716 596 48 21 dess
778 595 132 22 inlemnande

95 625 99 28 förelågo.
224 625 40 21 Att
286 625 22 21 så
331 627 23 19 är
373 625 61 21 fallet
454 626 57 20 visar
525 627 31 26 sig
570 625 64 21 bland
650 628 63 18 annat
727 625 63 20 äfven
805 624 60 21 deraf
880 627 32 18 att

95 654 63 27 ingen
173 653 85 28 enighet
272 653 94 21 Stånden
380 653 77 21 mellan
471 653 79 22 kunnat
564 655 8 19 i
586 653 59 21 detta
655 653 98 21 afseende
764 652 87 29 uppnås.
876 652 36 21 Då

96 689 29 14 nu
139 682 71 21 härtill
224 681 96 22 kommer
334 685 37 23 att,
386 682 65 27 enligt
465 682 57 21 hvad
536 683 34 27 jag
585 684 23 19 är
620 681 125 28 öfvertygad
761 689 40 18 om,
818 681 94 21 hvarken

97 711 34 20 Hr
145 711 118 21 Mechelins
279 711 51 20 eller
344 711 34 20 Hr
392 711 65 21 Reins
472 711 79 28 förslag
565 711 39 20 har
617 711 91 28 ringaste
723 711 66 27 utsigt
798 713 31 17 att
839 709 22 21 af
871 709 41 21 alla

95 739 68 21 Stånd
178 742 92 25 antagas,
284 739 81 28 nödgas
379 739 35 28 jag
428 739 108 22 vördsamt
549 739 53 28 yrka
616 739 28 28 på
659 739 70 21 enkelt
744 738 135 21 förkastande
889 737 23 21 af

96 767 122 22 Utskottets
233 767 294 29 sammanjemkningsförslag.

164 825 34 21 Hr
213 825 25 21 L.
252 825 145 21 Mechelin:
413 825 44 21 För
467 825 113 22 ernäendet
592 825 22 21 af
626 826 77 19 största
712 824 86 28 möjliga
808 831 103 14 samman-

95 854 109 27 jemkning
226 855 7 19 i
252 854 70 21 denna
344 853 60 29 fråga
419 853 68 22 skulle
502 855 35 28 jag
551 853 85 29 mycket
651 861 64 20 gerna
730 853 57 21 afstä
801 852 48 21 från
865 853 47 20 mitt

94 883 81 27 förslag
193 883 32 21 till
245 882 119 22 återremiss
385 882 40 22 och
445 883 89 21 omfatta
552 883 37 21 det
610 882 69 22 såsom
695 889 56 14 mera
766 882 95 28 generelt
875 881 37 21 be-

94 911 112 26 tecknade,
222 912 22 20 af
259 912 35 20 Hr
308 912 54 20 Rein
378 912 124 20 framstälda
516 912 108 27 förslaget.
653 911 49 21 Men
717 912 34 26 jag
761 910 78 21 tillstår
848 912 64 26 öppet

95 943 31 18 att
147 941 35 27 jag
196 940 48 21 icke
262 940 40 21 kan
322 940 61 26 finna,
398 940 54 21 huru
467 940 114 21 aflåtandet
596 940 22 20 af
634 947 26 13 en
675 939 66 21 sådan
756 940 89 27 petition
861 946 51 13 vore

94 969 79 27 rimligt
195 969 50 21 eller
267 968 87 29 möjligt.
383 968 34 22 Hr
441 968 66 22 Reins
530 969 80 27 förslag
624 968 70 28 börjar
708 968 47 20 med
771 976 26 12 en
813 971 50 22 sats,
878 974 32 14 om

95 997 86 21 hvilken
197 997 41 21 alla
252 998 52 27 vilja
318 998 74 20 förena
407 998 32 27 sig
455 997 68 21 såsom
539 997 111 28 grundval,
664 996 41 21 den
721 999 71 19 satsen
807 996 105 28 nämligen

96 1029 30 18 att
150 1029 31 18 ett
202 1026 117 28 lagförslag
341 1026 65 21 borde
429 1026 72 21 aflåtas
524 1026 66 28 bygdt
606 1026 27 28 på
647 1025 176 28 likställighetens
838 1024 74 28 grund,

94 1062 47 14 men
165 1054 24 22 så
208 1055 98 28 tillägges
329 1056 7 20 i
352 1062 73 14 senare
441 1055 60 21 delen
519 1056 22 20 af
555 1055 116 21 klämmen:
687 1054 36 21 vid
738 1054 82 21 hvilket
834 1053 79 28 lagför-

95 1084 56 27 slags
173 1083 140 21 utarbetande
336 1083 67 21 skulle
424 1083 87 21 beaktas
534 1084 26 20 de
583 1083 56 21 olika
662 1082 136 29 synpunkter,
816 1089 45 14 som
876 1081 36 21 vid

95 1112 99 21 ärendets
218 1112 129 28 behandling
368 1112 68 21 under
458 1112 142 22 innevarande
619 1111 103 28 landtdag
736 1111 23 21 af
775 1111 26 21 de
817 1110 96 22 enskilda

97 1140 95 22 Stånden
208 1142 92 20 uttalats.
330 1141 70 21 Alltså
415 1140 54 22 skall
484 1142 116 27 petitionen
616 1140 106 21 innehålla
737 1142 30 18 ett
779 1139 135 28 fullständigt

95 1170 81 20 referat
191 1170 22 20 af
228 1169 73 28 hvarje
323 1169 66 21 skildt
404 1169 79 21 Stånds
499 1170 69 20 beslut
582 1170 7 20 i
604 1168 68 28 fråga,
686 1172 23 24 ty
724 1168 61 28 eljest
799 1168 115 27 föreligger

95 1198 48 22 icke
166 1198 65 28 något
253 1198 89 21 officielt
363 1198 118 28 aktstycke,
503 1199 65 27 enligt
588 1197 84 22 hvilket
693 1197 27 21 de
735 1197 56 21 olika
806 1196 107 28 åsigterna

95 1226 65 22 borde
176 1226 92 22 beaktas.

164 1255 125 22 Emellertid
312 1255 83 22 fordrar
409 1262 48 14 man
473 1263 26 13 en
514 1256 86 21 utöfver
614 1254 72 29 hvarje
702 1254 109 28 möjlighet
825 1252 87 23 stäende

95 1284 81 27 ätgärd,
192 1284 27 21 dä
234 1291 48 14 man
301 1284 37 21 vill
353 1287 30 18 att
398 1284 41 21 alla
455 1284 61 21 dessa
531 1284 57 21 olika
602 1283 132 28 synpunkter
744 1283 61 20 skola
819 1283 94 20 beaktas.

96 1312 45 21 Det
156 1320 50 13 vore
222 1313 28 20 dä
266 1313 68 20 bättre
350 1315 30 19 att
395 1313 6 20 i
417 1313 155 27 motiveringen
587 1312 32 21 till
634 1312 117 28 petitionen
761 1311 111 21 framhälla
882 1313 31 18 att

95 1341 38 21 här
157 1341 82 21 funnits
262 1341 24 21 sä
308 1341 128 28 skiljaktliga
457 1341 78 28 äsigter
556 1341 7 21 i
586 1341 69 20 denna
670 1339 67 28 fräga,
752 1343 31 18 att
797 1339 117 28 nägonting

96 1369 45 22 helt
166 1370 48 21 icke
236 1369 72 22 blifvit
327 1370 28 26 af,
377 1377 47 14 men
441 1369 129 22 öfverlemna
585 1370 22 21 vi
622 1376 35 14 oss
672 1376 65 20 gerna
752 1368 22 21 ät
788 1368 80 28 hoppet
883 1371 31 17 att

96 1398 63 21 Hans
182 1398 102 28 Majestät
306 1398 54 21 skall
378 1398 71 21 kunna
464 1406 25 13 ur
503 1399 70 20 denna
588 1397 92 29 labyrint
694 1397 55 21 finna
764 1397 54 20 fram
833 1396 81 28 nägon-

95 1427 47 26 ting
157 1427 108 26 enhetligt,
281 1434 45 13 som
342 1427 67 20 skulle
425 1427 70 19 kunna
505 1427 129 26 förverkliga
648 1425 266 27 likställighetsprincipen.

95 1453 12 21 I
129 1455 64 26 ingen
216 1454 108 27 händelse,
350 1455 56 19 mina
427 1453 85 26 Herrar,
527 1456 23 18 är
565 1453 37 21 det
616 1453 82 28 möjligt
712 1456 31 17 att
758 1453 69 20 såsom
843 1452 71 27 slutlig

96 1482 57 21 kläm
168 1483 7 20 i
190 1483 117 28 petitionen
322 1482 77 28 begära
420 1481 65 28 nädig
500 1482 132 28 proposition
647 1481 27 28 pä
688 1480 132 29 grundvalen
836 1481 23 20 af
873 1480 41 21 lik-

96 1511 108 28 ställighet
228 1511 40 22 och
282 1511 69 21 tillika
369 1511 77 28 begära
461 1510 129 21 beaktandet
605 1510 23 21 af
642 1509 26 22 de
684 1509 57 22 olika
755 1509 137 21 uttalandena
906 1509 6 20 i
