1086 1792
374 125 236 33 Expropriationslagen.
825 128 54 20 1299

157 205 34 21 Hr
213 206 19 21 J.
256 206 180 22 Grotenfelt:
465 206 11 21 I
499 207 114 27 anledning
636 206 22 22 af
676 207 33 21 Hr
723 206 183 28 Standertskjölds

88 234 139 28 anmärkning
250 234 37 21 ber
309 236 35 26 jag
358 234 23 21 få
395 236 76 20 nämna
487 238 31 18 att
532 235 74 27 frågan
622 242 40 18 om,
677 235 85 21 hvilken
779 236 128 26 tjensteman

88 262 66 21 borde
179 263 88 20 aflemna
290 263 26 21 de
336 263 161 27 ifrägavarande
513 263 141 27 uppgifterna,
669 264 64 20 äfven
748 264 56 20 varit
819 263 87 21 föremäl

88 291 34 20 för
137 290 163 28 öfverläggning
315 292 56 20 inom
389 291 117 21 Utskottet.
535 292 43 20 Det
593 291 38 21 har
646 299 42 20 nog
703 292 128 27 ifrägasatts,
844 292 64 20 huru-

87 318 51 22 vida
160 319 198 21 häradsskrifvaren
380 319 47 21 icke
448 320 69 20 skulle
532 327 50 13 vara
598 320 41 20 den
654 320 132 27 lämpligaste
802 327 105 20 personen

87 350 31 18 att
133 347 84 27 afgifva
233 348 116 20 desamma:
365 356 48 13 men
429 348 27 20 dä
471 356 48 13 man
533 351 60 24 tager
608 349 6 19 i
630 348 139 21 betraktande
782 351 31 18 att
821 348 86 21 härads-

87 375 131 21 skrifvarens
234 376 167 21 embetsomräde
417 378 23 18 är
455 376 23 21 sä
494 384 48 20 pass
558 376 122 26 vidsträckt,
692 379 30 18 att
737 384 48 13 man
801 376 48 21 icke
859 376 49 21 med

87 404 46 21 skäl
149 404 41 21 kan
206 404 72 22 fordra
293 407 31 18 att
338 404 41 22 han
395 404 68 22 skulle
476 412 39 21 ega
530 405 118 21 kännedom
664 405 101 21 särskildt
780 413 34 13 om
829 406 79 27 nyttjo-

87 432 215 22 rättsförhällandena
317 434 56 20 inom
389 434 46 21 hela
451 434 93 26 häradet,
559 434 38 21 har
612 434 37 21 det
664 436 58 26 synts
739 434 122 28 lämpligare
877 436 31 18 att

87 462 131 21 öfverlemna
240 462 57 21 detta
318 462 113 28 äliggande
453 462 22 21 åt
498 462 204 22 kronolänsmannen
722 462 39 22 och
778 462 130 22 kommunal-

87 490 240 28 nämndsordföranden,
342 491 72 21 hvilka
429 491 67 21 mäste
512 492 124 20 förutsättas
652 499 39 20 ega
706 491 50 21 vida
765 493 66 20 större
840 491 68 21 förut-

87 521 119 26 sättningar
228 519 34 21 för
284 522 30 18 att
337 520 71 21 kunna
430 520 48 20 med
501 521 80 20 mindre
597 520 115 28 omgängar
727 519 125 22 införskaffa
868 520 39 20 och

87 548 84 28 afgifva
193 548 62 21 dessa
277 548 114 29 uppgifter.
422 548 51 21 Med
497 548 101 22 afseende
614 548 51 22 derä
680 552 30 18 att
725 549 182 27 nyttjorättsinne-

86 576 118 22 hafvarene
226 577 65 27 enligt
306 577 137 28 lagförslaget
458 577 60 21 skola
533 577 67 21 undfä
615 578 31 20 sin
663 578 117 26 ersättning
795 578 23 20 af
833 577 74 21 tillträ-

87 605 63 21 daren
167 605 40 21 och
222 605 82 21 säledes
320 606 18 27 ej
355 606 64 21 hafva
435 606 68 27 nägon
515 606 55 20 talan
582 609 56 17 emot
649 606 129 28 jordegaren,
790 606 44 21 ifall
846 605 61 21 deras

87 634 91 28 anspräk
201 634 35 20 vid
252 635 185 27 expropriationen
453 635 17 27 ej
489 634 107 25 bevakats,
611 634 67 28 ligger
693 634 36 21 det
744 635 45 26 vigt
805 634 57 28 uppä
877 637 31 17 att

87 662 24 21 sä
125 662 138 28 fullständiga
279 662 108 28 uppgifter
402 670 45 14 som
462 663 81 27 möjligt
557 662 142 22 införskaffas.
729 663 40 21 Att
779 670 48 13 man
839 665 69 18 ansett

88 693 57 18 utom
161 690 205 22 kronolänsmannen
383 691 64 21 äfven
462 690 238 22 kommunalnämndens
717 690 128 22 ordförande
857 691 50 21 böra

87 718 88 29 bidraga
190 720 75 25 härtill,
280 720 63 20 beror
358 719 65 29 derpä
433 722 31 19 att
474 719 355 21 kommunalnämndsordföranden
840 720 67 20 mäste

87 747 124 22 förutsättas
234 748 65 21 hafva
322 748 48 21 bäst
392 748 50 21 reda
464 748 28 28 pä
507 748 210 22 ortsförhällandena.
747 748 108 28 Derjemte
871 748 37 21 har

87 776 37 21 det
147 779 81 19 ansetts
250 784 52 14 vara
317 776 106 29 sjelffallet
437 779 36 24 att,
489 776 27 22 dä
531 778 5 19 i
552 776 137 28 lagförslaget
704 778 109 27 upptagits
829 784 26 13 en
873 777 35 21 be-

87 806 106 26 stämning
215 812 33 14 om
271 808 30 18 att
323 805 137 29 uppgifterna
481 806 6 20 i
510 805 60 28 fräga
593 805 59 21 skola
676 805 79 21 lemnas
778 805 23 21 af
816 805 92 21 nämnda

87 834 133 27 tjenstemän,
238 833 72 21 hvilka
325 834 65 20 hafva
405 834 89 28 tillgång
509 834 32 20 till
555 834 141 20 kommunens
712 834 140 28 debiterings-
868 834 40 20 och

88 862 203 28 uppbördslängder,
307 862 205 21 kronolänsmannen
529 863 39 21 och
583 862 325 21 kommunalnämndsordföran-

87 890 41 21 den
150 890 47 21 icke
220 891 72 20 kunna
314 891 138 28 undandraga
474 892 33 27 sig
526 894 30 17 att
571 891 69 21 lemna
656 890 62 21 dessa
733 891 113 28 uppgifter.
876 891 32 20 På

87 919 90 21 anförda
191 920 46 20 skäl
253 919 37 21 ber
304 920 35 27 jag
354 919 23 21 få
391 919 86 22 förorda
494 919 59 22 bifall
568 920 32 20 till
615 919 122 22 Utskottets
753 919 86 28 förslag.

156 976 34 21 Hr
212 976 24 21 C.
258 975 26 22 G.
299 976 239 28 Standertskjöld:
566 976 43 27 Jag
624 983 62 14 anser
700 979 30 18 att
747 977 160 26 bestämningen

88 1007 31 18 att
141 1005 47 25 den,
203 1012 45 13 som
264 1005 64 27 begär
344 1005 163 28 expropriation,
522 1005 53 21 skall
590 1005 165 28 skyldigkännas
771 1008 31 17 att
817 1005 91 20 inlemna

87 1034 113 27 uppgifter,
218 1033 111 21 utfärdade
352 1034 22 20 af
389 1033 162 22 kronolänsman
567 1033 40 22 och
623 1033 285 21 kommunalnämndsordfö-

87 1062 66 21 rande
176 1062 62 21 öfver
258 1062 42 21 alla
314 1063 132 27 nyttjorätts-
462 1062 39 21 och
517 1062 281 28 eganderättsförhällanden
811 1063 58 20 inom
885 1062 24 21 sä

89 1091 132 21 vidsträckta
236 1090 106 27 områden,
358 1098 43 14 som
418 1091 36 20 det
469 1091 71 28 gäller,
555 1091 27 20 dä
597 1091 60 28 fråga
673 1092 23 19 är
712 1098 33 13 om
761 1098 25 13 en
799 1091 109 28 jernvägs-

89 1119 105 28 byggnad,
209 1121 23 19 är
246 1119 101 28 temligen
363 1119 109 27 onaturlig.
501 1120 39 20 Mä
555 1119 72 28 hvarje
642 1119 110 28 jordegare
769 1119 51 21 eller
830 1120 78 27 nyttjo-

88 1149 116 26 rättsegare
224 1147 73 22 dervid
314 1155 50 13 vara
379 1148 114 28 päpasslig,
509 1148 27 21 dä
549 1148 22 27 ju
587 1150 31 19 ett
632 1148 84 27 företag
730 1147 77 21 sädant
821 1155 45 14 som
882 1155 26 13 en

87 1176 200 28 jernvägsbyggnad
302 1176 48 21 icke
366 1177 49 20 sker
430 1176 23 21 sä
468 1177 7 19 i
490 1177 86 27 tysthet,
591 1179 31 18 att
637 1176 36 21 det
690 1176 47 21 icke
748 1183 51 14 vore
811 1175 26 29 pä
849 1178 59 18 orten

89 1205 50 20 vida
154 1204 84 26 bekant,
254 1207 37 18 när
307 1212 25 13 en
348 1205 158 28 expropriering
521 1205 33 21 för
565 1204 69 28 dylikt
644 1205 97 20 ändamål
752 1205 38 20 der
797 1204 112 27 försiggår.

89 1233 34 21 Dä
147 1233 66 27 enligt
227 1233 153 28 författningen
395 1233 72 21 derom
483 1234 53 20 skall
551 1234 106 26 kungöras
673 1233 37 20 tvä
724 1233 81 28 gänger
819 1234 7 20 i
842 1233 66 27 kyrka

89 1265 54 18 samt
157 1261 71 22 ansläs
244 1262 6 20 i
265 1262 190 27 kommunalstuga,
465 1261 24 21 sä
505 1262 38 21 bör
557 1262 37 21 det
608 1269 50 13 vara
669 1261 124 28 tillräckligt
803 1262 33 20 för
847 1261 62 21 dessa

89 1297 101 21 personer
210 1293 31 17 att
264 1290 78 21 erhålla
365 1290 119 21 kännedom
507 1297 40 19 om,
570 1291 37 20 när
628 1297 25 13 en
669 1289 65 22 sädan
751 1290 158 28 expropriering

88 1318 111 28 försiggär.
230 1318 48 21 Den
293 1318 82 28 fortgär
389 1319 108 20 dessutom
513 1319 67 20 under
595 1318 23 21 sä
633 1318 50 28 läng
697 1318 31 21 tid
744 1321 31 18 att
791 1318 76 21 endast
883 1317 26 21 de

89 1354 106 21 personer,
210 1347 83 21 hvilkas
308 1347 123 27 lägenheter
446 1348 184 27 expropriationen
645 1347 61 20 berör
722 1346 67 21 under
803 1347 26 20 de
841 1346 68 21 första

89 1375 93 28 dagarne
205 1375 23 21 af
249 1375 160 28 förrättningen,
427 1375 99 28 möjligen
542 1375 70 22 kunde
628 1375 76 21 tänkas
720 1376 83 20 komma
819 1377 31 19 att
865 1375 43 20 för-

89 1411 82 14 summa
189 1404 98 26 tillfället,
303 1412 47 13 men
365 1404 37 21 det
416 1404 66 21 finnes
498 1405 22 26 ju
536 1404 55 21 dock
606 1403 59 21 alltid
681 1403 105 22 tillstädes
803 1411 106 19 personer,

89 1439 46 14 som
148 1433 82 20 bevaka
244 1432 149 27 jordegarenes
408 1434 42 18 rätt
465 1432 40 20 och
520 1439 42 20 nog
577 1431 60 21 skola
651 1431 56 21 fästa
722 1431 117 20 nämndens
855 1438 53 21 upp-

89 1460 143 21 märksamhet
252 1460 36 21 vid
310 1460 27 21 de
352 1459 153 26 förhällanden,
520 1467 44 13 som
581 1460 50 20 böra
646 1459 93 25 beaktas,
755 1459 41 21 och
812 1459 27 21 dä
855 1459 55 21 skall

89 1489 36 21 väl
140 1488 104 21 nämnden
260 1488 48 21 icke
323 1487 110 22 underläta
448 1491 36 23 att,
499 1487 63 22 äfven
578 1495 34 14 om
625 1495 89 20 egarene
727 1487 77 29 sjelfva
814 1487 47 22 icke
873 1489 36 19 äro

90 1517 138 27 närvarande,
243 1520 93 25 upptaga
352 1516 105 22 desamma
467 1517 7 20 i
485 1516 303 29 expropriationsprotokollet.
810 1516 52 21 Men
872 1515 37 23 vill
