1092 1792
401 145 212 33 Hästutskrifningen.
828 148 54 20 1143

164 219 62 22 Huru
247 227 49 14 man
314 221 26 20 än
356 227 34 14 ser
405 220 72 26 saken,
493 220 38 21 bör
544 228 48 14 man
608 220 66 27 enligt
688 221 44 21 min
747 222 85 26 mening
847 221 65 27 finna,

95 250 31 20 att
142 247 122 23 Utskottets
272 248 81 28 förslag
361 250 22 20 är
394 248 105 28 betydligt
506 248 136 29 underlägset
650 249 41 21 den
699 249 48 21 nåd.
757 257 65 21 prop.,
830 250 40 20 och
878 251 35 27 jag

94 277 42 21 kan
159 276 109 29 verkligen
288 278 49 20 icke
358 276 96 22 förklara
475 277 58 21 detta
551 278 91 27 förslags
657 277 103 22 tillkomst
775 278 137 27 annorlunda,

95 306 25 20 än
138 308 38 18 att
195 305 72 21 herrar
289 305 236 26 utskottsmedlemmar,
539 306 6 20 i
561 306 139 21 betraktande
716 306 23 21 af
754 308 81 19 ämnets
850 307 63 20 främ-

94 333 77 22 mande
193 336 68 24 natur,
281 334 48 22 icke
344 336 43 19 satt
408 335 17 20 sig
461 336 95 20 närmare
571 335 20 20 in
608 335 6 20 i
630 334 82 28 frågan,
726 338 50 18 utan
792 336 65 27 gripit
871 335 42 21 fatt

94 363 32 21 uti
141 369 27 15 en
183 362 100 22 utkastad
298 363 71 26 tanke,
384 362 86 22 hvilken
486 363 26 21 de
528 363 65 21 sedan
609 364 70 20 envist
693 363 61 22 hållit
768 365 33 26 sig
816 364 43 21 vid.

162 390 43 22 Till
225 391 85 22 försvar
330 392 23 20 af
368 391 123 22 Utskottets
507 392 79 28 förslag
604 392 54 21 skall
672 392 88 28 troligen
777 392 92 26 anföras,
882 395 31 19 att

95 420 116 21 detsamma
226 421 111 28 möjliggör
352 428 25 14 en
392 420 107 28 hastigare
514 421 145 27 mobilisering
674 421 40 21 och
730 420 65 22 redan
806 421 72 21 derför
888 429 25 13 ur

95 448 78 22 militär
191 449 109 28 synpunkt
325 448 64 22 borde
411 448 130 28 föredragas.
571 449 43 21 Det
629 451 23 19 är
666 452 54 23 sant,
735 452 31 18 att
781 450 133 21 förfarandet

95 476 36 22 vid
152 477 158 28 utskrifningen
333 479 23 19 är
370 477 65 28 något
452 477 90 27 enklare,
556 480 9 18 ty
596 478 147 28 besigtningen
759 478 28 28 på
802 478 111 28 lottnings-

95 505 125 22 områdenas
228 506 178 28 samlingsställen
413 506 64 28 jemte
488 506 70 21 dermed
584 506 101 21 förenade
696 506 145 28 lottdragning
851 508 62 26 göres

96 534 111 28 obehöflig,
223 535 40 21 och
278 534 70 28 någon
364 534 101 22 tidsvinst
481 534 94 22 erhålles.
604 534 52 22 Men
672 534 76 22 månne
764 535 36 21 det
815 542 28 14 nu
859 535 53 21 skall

95 563 71 21 kunna
188 570 62 14 anses
266 571 51 13 vara
332 562 103 22 Finlands
451 562 101 22 Ständers
567 563 38 21 sak
621 566 31 18 att
667 563 64 21 hafva
746 563 67 21 sådan
829 571 85 21 omsorg

95 599 34 13 om
152 599 26 14 en
201 592 106 28 möjligast
329 592 69 28 hastig
413 591 150 29 mobilisering,
578 594 32 19 att
624 592 34 26 de,
673 592 48 21 med
737 592 139 22 förkastande
890 592 24 22 af

95 620 37 22 det
146 620 121 29 lagförslag,
283 628 44 14 som
343 621 30 21 uti
385 620 76 22 sådant
471 620 55 28 syfte
538 621 70 21 blifvit
619 621 122 21 utarbetadt
752 621 41 21 och
803 621 111 27 godkändt

96 650 22 20 af
140 650 91 21 militära
253 650 199 28 fackmyndigheter
470 652 54 18 samt
543 650 65 21 sedan
622 649 120 28 återgifvits
761 650 31 21 uti
807 650 41 21 den
864 650 48 21 nåd.

95 685 66 21 prop.,
175 678 24 22 af
213 678 69 22 denna
297 678 63 22 orsak
375 678 108 21 utarbetat
498 681 30 18 ett
543 681 48 25 eget
606 678 85 28 förslag.

164 706 43 22 Det
227 707 35 28 jag
281 714 28 14 nu
332 707 47 21 haft
401 708 50 20 äran
476 706 111 22 framhålla
602 707 66 27 gäller
683 707 26 21 de
725 707 55 21 båda
795 707 118 28 förslagens

96 736 104 20 allmänna
216 736 57 27 drag.
302 736 44 20 Det
361 735 90 21 återstår
465 735 34 21 för
511 736 42 27 mig
564 737 56 19 ännu
631 742 26 14 en
668 735 131 28 granskning
809 736 28 26 af,
848 736 65 20 huru-

95 764 51 21 vida
161 763 124 22 Utskottets
296 764 81 27 förslag
385 764 116 21 innesluter
510 764 125 27 tillräckliga
644 765 108 26 garantier
764 764 34 20 för
808 764 106 21 ernående

96 793 23 20 af
138 792 37 22 det
190 792 48 21 med
254 792 138 28 lagförslaget
406 791 90 22 afsedda
511 792 120 21 ändamålet
646 792 40 22 och
700 792 105 22 huruvida
820 792 37 22 det
872 793 41 21 kan

96 828 62 14 anses
185 828 50 14 vara
258 820 135 28 acceptabelt
414 820 27 29 på
463 820 38 22 det
515 820 47 27 håll,
579 820 37 21 der
631 820 41 22 den
688 821 52 21 sista
754 821 159 28 granskningen

95 849 96 21 kommer
216 852 31 18 att
268 849 103 29 försiggå,
393 850 63 20 innan
480 849 61 27 lagen
564 849 128 21 framställes
719 849 31 21 till
773 849 65 28 nådig
860 850 53 20 fast-

96 877 97 22 ställelse.

164 906 41 29 Jag
219 906 80 22 tillåter
314 907 43 28 mig
372 907 27 21 då
411 909 31 19 att
457 906 74 22 främst
546 906 83 29 påpeka
644 907 26 20 de
687 907 30 21 uti
734 907 120 22 Utskottets
870 907 45 28 lag-

96 935 89 29 förslags
210 937 11 20 1
244 936 13 27 $
277 935 128 29 förefintliga
427 936 170 27 motsägelserna.
627 937 45 26 $:ns
695 935 80 29 lydelse
795 937 31 20 är:
858 936 56 21 >För

96 964 95 29 fyllande
213 965 24 20 af
258 964 26 21 de
306 964 69 21 finska
397 964 41 21 och
459 965 8 20 i
489 963 91 22 Finland
596 963 97 28 förlagda
707 964 64 28 ryska
786 967 127 26 truppernas

96 993 67 21 behof
177 993 23 21 af
214 993 77 26 hästar,
307 993 27 21 då
349 993 27 21 de
391 993 72 21 ställas
480 993 28 28 på
523 993 158 28 krigsfot,samt
690 993 34 20 för
732 995 31 19 att
770 993 68 21 under
846 993 68 28 krigs-

95 1021 32 22 tid
143 1021 106 22 bibehålla
264 1021 27 21 de
306 1023 7 19 i
328 1021 73 22 landet
415 1021 130 28 opererande
560 1025 114 24 trupperna
691 1021 35 21 vid
742 1021 40 21 full
793 1021 121 22 hästnume-

96 1051 40 24 rär,
164 1052 36 19 äro
215 1050 151 21 kommunerna
381 1051 7 20 i
403 1049 78 27 landet,
496 1049 47 22 med
559 1050 26 21 de
601 1051 6 20 i
623 1051 12 26 &
652 1051 12 19 6
680 1049 103 28 stadgade
798 1051 116 26 undantag,

96 1078 89 28 pligtiga
203 1081 32 19 att
250 1086 90 13 ansvara
354 1079 35 20 för
403 1078 106 21 aflätande
524 1078 22 21 af
560 1079 72 20 hästar
646 1078 32 21 till
695 1081 31 18 ett
740 1078 57 21 antal
812 1079 24 20 af
850 1079 63 27 högst

97 1108 60 25 6,600
172 1107 35 28 för
221 1107 48 21 hela
284 1107 93 21 landet».
882 1112 2 2 N

164 1136 21 21 Ä
207 1143 40 14 ena
269 1135 60 22 sidan
352 1136 34 21 för
407 1136 100 28 fyllande
522 1136 28 27 af
562 1136 65 28 behof
639 1136 37 21 vid
692 1136 145 27 mobilisering
852 1135 40 22 och
908 1137 6 19 i

96 1164 90 28 krigstid
202 1164 41 21 och
258 1164 12 21 å
285 1165 65 20 andra
366 1165 60 20 sidan
443 1164 62 28 högst
521 1165 66 26 6,600.

165 1193 62 22 Huru
250 1193 60 22 skola
332 1193 61 22 dessa
409 1193 158 28 bestämningar
586 1193 71 22 kunna
672 1193 98 21 förenas?
800 1193 38 22 Uti
854 1194 61 20 moti-

96 1229 66 14 verna
185 1221 106 22 förklaras
306 1225 32 18 att
352 1223 61 26 6,600
429 1224 23 19 är
467 1221 36 22 det
517 1223 36 26 för
568 1222 125 28 krigsbehof
705 1222 119 21 beräknade
839 1221 76 28 högsta

97 1251 80 21 antalet
191 1251 76 21 hästar.
290 1251 63 21 Huru
364 1251 37 21 har
409 1251 113 22 Utskottet
530 1251 102 21 beräknat
640 1251 58 21 detta
707 1250 137 28 krigsbehof?
858 1250 57 21 Tän-

97 1279 38 21 ker
143 1279 112 22 Utskottet
263 1282 31 18 att
301 1281 98 20 staterna
407 1280 36 27 för
450 1279 93 28 krigstid
550 1280 47 21 icke
605 1279 76 22 endast
689 1279 37 21 vid
735 1279 41 21 den
785 1279 67 21 finska
861 1279 54 21 mili-

96 1309 66 26 tären,
184 1312 51 17 utan
255 1308 65 21 äfven
336 1308 35 21 vid
387 1309 26 20 de
429 1309 6 20 i
451 1307 72 22 landet
538 1308 96 27 förlagda
650 1308 63 27 ryska
728 1310 115 26 trupperna
856 1308 59 20 skola

96 1337 63 26 göras
175 1336 106 21 beroende
296 1337 22 20 af
334 1336 122 21 Utskottets
473 1337 130 27 begränsade
619 1344 58 13 norm
695 1337 60 25 6,000
771 1336 51 21 eller
832 1338 32 19 att
873 1335 41 21 den

96 1365 64 21 ryska
175 1365 116 21 militärens
307 1365 128 21 dislokation
451 1365 5 20 i
473 1365 89 20 fredstid
578 1365 54 21 skall
647 1366 62 26 göras
723 1363 62 22 deraf
796 1363 119 22 beroende?

97 1389 75 32 Enligt
181 1393 159 28 propositionen
351 1395 24 19 är
386 1393 119 21 ändamålet
517 1393 47 21 med
576 1394 70 20 denna
657 1393 35 27 lag
702 1395 32 18 att
744 1392 52 28 fylla
807 1392 107 21 behofvet.

96 1420 195 28 Krigsministeriet
314 1421 40 20 kan
378 1421 67 27 aldrig
466 1422 109 26 samtycka
595 1422 32 19 till
647 1428 26 13 en
689 1427 69 14 annan
773 1421 142 26 begränsning

97 1448 41 22 och
154 1447 71 22 derför
240 1450 23 20 är
279 1451 30 18 ett
323 1448 125 28 stadgande,
463 1455 45 14 som
525 1449 126 21 bestämmer
666 1451 30 18 ett
711 1449 54 20 visst
780 1449 63 25 antal,
858 1455 54 14 oan-

98 1477 82 28 tagligt.

165 1505 42 29 Jag
222 1505 37 22 vill
274 1505 87 22 härmed
376 1505 48 21 icke
439 1507 51 26 säga
506 1508 31 19 att
551 1505 37 21 det
602 1505 94 21 faktiska
708 1505 102 21 behofvet
820 1505 95 21 kommer

98 1537 31 18 att
144 1534 133 22 öfverskrida
292 1534 92 21 nämnda
399 1533 64 22 siffra.
491 1534 42 29 Jag
547 1536 23 19 är
579 1535 92 21 tvärtom
682 1533 127 29 öfvertygad
818 1541 32 14 om
863 1536 53 18 mot-
