1084 1789
308 128 224 21 Folkskoleväsendets
544 129 145 22 befrämjande.
825 125 54 20 1257

89 197 93 22 kielinen
192 197 30 21 tai
232 197 182 26 ruotsinkielinen,
424 199 58 19 tässä
492 197 110 23 suhteessa
610 200 132 19 muntettava
750 198 158 29 yhtäpitäväksi

88 227 69 20 toisen
180 225 84 22 kanssa.
299 225 28 22 Ja
345 225 68 22 koska
428 227 56 20 minä
500 226 118 27 puolestani
634 226 48 21 olen
697 227 63 21 aivan
776 227 40 20 sitä
831 226 79 26 mieltä,

88 254 52 21 kuin
155 257 62 18 useat
230 257 61 18 muut
306 253 96 22 edelliset
416 254 96 29 puhujat,
526 256 44 19 että
583 262 27 13 on
621 255 147 28 kaikinpuolin
778 254 131 29 tarpeellista

88 283 21 28 ja
128 283 164 21 välttämätöntä
311 284 44 19 että
370 282 263 29 kansakouluntarkastaja
647 283 95 27 yleisesti
756 283 21 28 ja
791 283 49 21 aina
854 285 57 19 otet-

89 312 71 20 taisiin
187 311 82 26 avuksi,
291 311 45 20 kun
358 311 75 21 kerran
457 317 27 14 on
506 311 87 21 tehtävä
615 311 44 21 niin
681 311 74 21 tärkeä
775 312 60 20 toimi
857 311 52 21 kuin

89 339 101 22 kaikkien
205 339 209 28 kansakoulupiirien
430 340 154 21 määrääminen
600 339 153 22 tulevaisuutta
768 342 81 24 varten,
864 340 46 21 niin

90 368 102 22 tahtoisin
217 368 119 29 puolustaa,
360 369 43 20 että
427 369 57 20 tämä
506 368 59 21 lause
586 367 179 30 hyväksyttäisiin
788 368 122 21 armollisen

90 397 109 28 esityksen
222 396 178 22 suomenkielisen
423 396 104 22 laitoksen
549 398 92 20 mukaan
661 397 21 28 ja
700 398 45 20 että
777 397 63 28 pykälä
855 397 55 21 siinä

90 425 111 22 suhteessa
216 425 47 22 olisi
278 425 130 22 lähetettävä
422 425 93 22 takaisin
532 425 161 23 Valiokuntaan
704 425 206 22 muodostettavaksi

89 455 21 28 ja
125 455 49 21 olisi
187 453 198 30 yhdenmukaisesti
400 461 38 14 sen
452 454 79 21 kanssa
546 454 176 22 ruotsinkielinen
733 454 179 22 sanamuodostus

90 483 61 22 oleva
173 490 64 21 »eger
256 485 32 19 att
308 482 89 22 tillkalla
412 482 162 22 vederbörande
589 483 238 28 folkskoleinspektor»,
842 483 70 21 koska

90 512 105 22 tarkoitus
211 512 53 28 juuri
281 519 27 13 on
325 512 44 20 että
382 511 42 22 hän
440 512 48 21 aina
502 512 20 27 ja
538 512 134 20 välttämättä
686 512 48 21 olisi
748 512 64 21 läsnä.

159 585 34 21 Hr
217 585 25 21 L.
264 585 25 21 E.
313 592 50 14 von
385 584 175 23 Haariman:
583 586 41 27 Jag
639 586 41 21 kan
696 586 48 22 icke
759 586 57 21 finna
830 593 38 14 ens
884 593 28 14 en

92 614 110 28 möjlighet
222 614 34 21 för
276 613 111 29 inspektor
406 616 32 19 att
455 614 79 22 infinna
549 615 33 28 sig
597 614 28 29 pä
639 614 164 22 kommunernas
819 614 93 36 begäran

92 643 34 21 för
141 645 32 19 att
187 642 87 22 utstaka
289 643 34 21 för
338 642 49 21 dem
401 642 92 22 distrikt.
522 643 115 21 Dessutom
653 643 42 21 kan
710 643 42 21 han
768 643 48 21 icke
831 651 29 21 pä
870 643 42 21 den

92 671 61 22 korta
172 671 38 26 tid,
231 678 44 14 som
293 671 43 21 han
351 670 42 22 kan
408 671 82 22 skänka
504 672 60 21 detta
579 671 79 27 arbete,
673 673 55 20 sätta
740 673 33 27 sig
788 672 125 28 tillräckligt

92 701 23 20 in
137 700 8 21 i
167 700 76 28 frägan
265 699 91 22 rörande
377 700 155 28 fördelningen.
567 700 66 21 Detta
651 700 40 21 kan
706 702 63 26 göras
785 700 47 22 bäst
846 700 24 21 af
884 700 31 28 pä

93 731 60 19 orten
177 728 84 22 bosatta
282 728 41 22 och
340 728 49 21 med
405 728 49 22 dess
469 728 147 22 förhållanden
632 729 35 21 väl
681 729 110 28 förtrogna
805 736 108 20 personer.

92 756 65 22 Hvad
173 756 46 22 äter
234 756 67 29 angär
315 756 28 22 de
357 757 8 20 i
380 758 158 20 reservationen
554 757 127 28 förefintliga
695 758 101 27 tilläggen
810 757 30 21 till
852 765 60 21 para-

92 786 82 28 grafen,
197 785 67 21 sädan
284 785 42 22 den
341 786 6 20 i
363 784 144 22 betänkandet
521 786 66 28 lyder,
602 786 24 20 sä
641 786 41 20 kan
697 786 19 28 jag
746 786 49 21 icke
810 786 56 20 finna
881 788 34 18 att

94 814 26 22 de
143 814 69 21 skulle
235 814 66 21 hafva
320 813 47 22 skäl
385 813 35 21 för
434 814 37 28 sig.
501 814 43 22 Om
560 814 65 22 ocksä
640 814 37 21 det
690 793 66 43 sedan
771 814 67 21 finnes
854 814 60 21 kom-

95 850 80 18 muner,
190 842 56 22 dock
261 842 48 22 icke
324 842 73 22 alltför
411 842 82 28 många,
508 842 38 22 der
561 842 234 28 distriktsindelningen
810 842 66 22 redan
891 844 25 20 är

94 870 79 27 införd,
194 870 24 22 så
239 872 23 20 är
277 871 37 21 det
328 872 21 27 ju
365 870 47 22 icke
427 871 69 27 sagdt,
510 874 32 18 att
556 872 63 21 dessa
633 871 135 29 indelningar
782 872 48 20 icke
845 871 69 21 skulle

93 908 52 13 vara
168 899 115 21 behäftade
303 899 48 21 med
366 899 156 28 felaktigheter,
537 900 41 22 och
593 900 63 21 dessa
672 900 64 21 borde
752 900 28 21 då
794 900 121 28 korrigeras

95 929 7 20 i
125 928 38 22 tid.
200 928 44 21 Det
266 928 121 28 föreslagna
401 928 98 28 tillägget
514 930 62 27 säger
590 929 22 28 ju
627 928 64 21 äfven
706 931 37 24 att,
758 936 34 14 om
808 928 107 22 distrikts-

95 957 138 27 indelningen
246 956 48 22 icke
309 956 133 29 väsentligen
458 957 85 21 afviker
554 957 47 21 från
612 956 120 29 grunderna
742 958 7 20 i
759 957 154 27 förordningen

94 986 81 26 härför,
200 984 24 22 så
249 984 66 22 borde
341 985 41 21 den
405 986 122 21 fastställas.
556 986 11 20 I
590 985 114 22 allmänhet
718 988 45 19 tror
776 986 36 28 jag
826 988 38 23 att,
879 992 35 14 om

94 1014 130 22 kommunen
239 1015 23 19 är
277 1014 35 21 väl
327 1014 91 28 indelad,
434 1014 24 21 så
472 1014 95 22 kommer
581 1014 42 22 den
638 1014 128 28 förefintliga
776 1014 140 28 indelningen

94 1046 31 18 att
139 1043 132 28 godkännas,
286 1044 23 20 är
324 1042 42 22 den
381 1042 36 22 det
432 1042 54 26 icke,
501 1043 24 21 så
540 1045 23 19 är
577 1042 37 22 det
625 1044 21 28 ju
657 1043 68 21 bättre
736 1046 32 18 att
778 1042 59 22 detta
847 1043 69 21 korri-

94 1079 68 21 geras,
185 1071 56 22 dock
263 1072 48 20 icke
332 1078 77 21 genom
432 1074 145 26 guvernörens
598 1072 76 26 beslut,
692 1074 23 26 ty
736 1079 44 21 nog
794 1072 71 20 känna
879 1071 36 21 väl

96 1100 151 22 kommunerna
262 1100 69 21 bättre
346 1100 46 21 sina
408 1107 54 21 egna
477 1100 148 22 förhållanden
641 1100 40 22 och
696 1100 72 21 kunna
780 1100 68 21 bättre
858 1102 57 19 sätta

96 1129 32 28 sig
148 1130 22 20 in
189 1130 7 20 i
211 1128 106 28 frågorna.
347 1128 42 29 Jag
403 1129 69 21 skulle
487 1128 72 22 derför
574 1129 131 29 fullkomligt
718 1129 75 21 förena
808 1130 43 27 mig
866 1128 48 22 med

94 1157 34 22 Hr
142 1157 110 22 Mechelin
267 1158 41 20 och
323 1157 37 21 det
374 1158 110 21 uttalande
498 1157 42 21 han
555 1158 75 28 gjorde
645 1166 33 13 om
694 1157 129 28 antagandet
833 1157 23 21 af
870 1158 15 28 &
896 1158 20 26 2,

97 1186 67 21 sådan
189 1186 42 22 den
253 1185 143 22 förekommer
418 1187 7 20 i
449 1186 124 22 Utskottets
595 1186 134 22 betänkande
751 1186 41 21 och
810 1186 48 21 med
874 1186 42 22 den

96 1214 96 29 ändring,
207 1222 45 14 som
262 1214 29 30 pä
300 1214 71 29 grund
379 1214 23 22 af
412 1214 101 22 Ständets
525 1215 69 21 beslut
603 1214 131 22 beträffande
746 1215 12 27 8
770 1216 11 20 1
792 1214 42 22 blir
843 1214 73 29 nödig.

164 1284 35 21 Hr
220 1284 27 21 A.
269 1284 24 21 L.
314 1290 49 15 von
381 1283 168 28 Knorring:
571 1283 42 28 Jag
627 1285 24 19 är
665 1283 48 21 med
727 1282 58 22 Frih.
800 1290 42 14 von
858 1283 58 21 Born

97 1312 50 22 fullt
169 1320 51 14 ense
243 1312 72 21 derom
337 1314 32 19 att
385 1312 59 21 detta
459 1315 93 19 moment
566 1313 8 20 i
589 1312 127 28 paragrafen
731 1314 23 19 är
769 1311 23 21 af
807 1311 41 21 den
864 1311 52 21 allra

97 1342 78 20 största
199 1340 116 28 betydelse,
336 1343 29 26 ty,
385 1340 69 22 säsom
473 1340 113 22 Friherren
606 1340 66 22 redan
687 1340 95 26 anförde,
798 1340 67 28 ligger
880 1339 38 22 det

97 1373 45 18 stor
163 1370 46 20 fara
230 1370 34 20 för
279 1372 31 18 att
325 1369 139 21 ekonomiska
478 1370 105 28 rifningar
598 1369 41 21 och
654 1368 137 28 olägenheter
806 1368 22 21 af
842 1368 75 28 hvarje

98 1398 30 22 slag
156 1398 72 21 kunna
238 1398 135 28 uppkomma,
384 1397 72 21 derest
466 1398 130 25 kommuner,
606 1397 72 21 hvilka
689 1397 48 21 med
747 1396 171 22 förtänksamhet

97 1434 66 13 redan
179 1426 78 21 ordnat
271 1427 38 19 sitt
323 1426 203 20 folkskoleväsende
541 1426 28 27 pä
583 1425 247 27 distriktsindelningens
841 1424 77 28 grund,

100 1454 66 22 blifva
178 1456 80 18 utsatta
268 1454 35 20 för
313 1452 188 28 nödvändigheten
512 1456 31 18 att
552 1454 51 27 göra
613 1453 60 21 detta
682 1452 62 28 änyo.
768 1453 44 21 Det
822 1452 96 21 kommer

98 1482 126 28 visserligen
239 1484 30 18 att
286 1482 38 21 ske
339 1481 77 22 endast
430 1482 6 20 i
450 1481 28 21 de
490 1481 44 27 fall,
546 1482 27 21 dä
584 1481 59 28 dylik
654 1480 110 29 indelning
774 1481 47 21 icke
832 1482 87 22 väsent-

98 1512 56 28 ligen
177 1511 201 21 öfverensstämmer
398 1509 48 22 med
464 1510 121 28 grunderna
603 1510 7 21 i
631 1509 37 22 det
682 1509 142 23 förevarande
839 1508 80 29 lagför-
