1089 1789
211 139 155 21 Befrämjandet
378 139 23 17 af
411 141 157 20 sparsamheten
580 141 39 16 hos
631 140 134 22 tjenstehjon.
816 135 55 21 1043

81 235 5 4 N
147 206 47 23 Vid
209 207 110 22 verkstäld
333 208 98 28 votering
447 208 128 22 besvarades
587 208 71 22 denna
667 209 133 28 proposition
811 208 49 23 med
870 210 27 21 18

87 242 13 14 ja
114 235 41 22 och
171 236 26 20 16
212 236 41 27 nej,
267 236 33 21 till
315 235 53 29 följd
383 236 76 21 hvaraf
473 236 92 23 Ständet
578 237 96 28 godkänt
688 239 64 20 äfven
772 237 42 22 den
832 237 66 22 andra

94 263 90 22 lämmen
199 264 8 20 i
221 263 125 22 Utskottets
361 265 141 21 betänkande.

148 320 105 29 Slutligen
268 321 125 28 godkändes
405 324 52 19 utan
472 322 139 28 anmärkning
626 322 124 22 Utskottets
762 323 139 22 resolutions-

79 348 81 29 förslag
175 350 12 21 &
202 349 156 22 betänkandets
373 349 40 22 sid.
429 351 32 20 56.

147 526 121 29 Föredrogs

148 584 223 22 Ekonomiutskottets
391 584 134 21 betänkande
545 585 41 21 N:o
606 585 26 21 16
654 584 7 21 i
681 584 114 28 anledning
811 584 23 21 af
849 585 52 21 etti

81 612 162 22 Presteständet
262 612 122 22 framstäldt
404 613 182 29 petitionsförslag
604 612 111 28 angäende
730 612 122 29 skyldighet
866 613 36 21 för

79 642 151 28 tjenstehjon
251 642 36 22 att
302 642 91 22 insätta
407 647 31 17 en
454 641 40 23 del
509 641 27 23 af
549 642 38 22 sin
601 641 111 23 mänads-
727 642 62 22 eller
804 642 97 22 ärsaflö-

79 670 61 28 ning
154 670 10 22 i
179 670 122 28 sparbank
316 670 51 22 eller
381 677 70 14 annan
466 670 172 28 sparinrättning.

148 726 35 22 Hr
201 727 27 21 A.
249 726 25 22 E.
293 734 55 14 von
369 726 78 22 Julin
467 726 72 22 anhöll
554 734 34 14 om
603 726 62 22 ordet
679 726 41 22 och
733 727 95 27 yttrade:
858 726 43 28 Jag

80 756 68 21 skulle
167 756 26 20 be
212 763 34 14 om
261 758 33 18 att
307 756 25 20 fä
347 756 81 20 anmäla
444 757 31 19 att
490 755 33 21 Hr
537 756 57 20 Axel
609 763 42 13 von
666 755 110 28 Knorring
790 755 90 28 deltagit
894 756 7 20 i

81 784 158 28 behandlingen
262 784 23 21 af
306 784 163 27 ifrägavarande
485 784 188 28 petitionsförslag,
688 784 65 21 ehuru
769 784 53 21 hans
837 791 64 13 namn

81 813 23 21 af
125 812 136 23 förbiseende
282 814 48 20 icke
349 812 78 22 influtit
445 812 65 22 bland
525 813 26 21 de
567 812 23 22 af
604 812 223 22 Ekonomiutskottets
842 812 60 22 med-

80 842 104 26 lemmars,
199 849 46 13 som
260 842 108 28 upptagits
383 842 72 20 såsom
469 841 132 22 närvarande
617 841 37 22 vid
670 841 162 29 behandlingen.

149 898 151 22 Betänkandet
314 898 125 28 godkändes
454 898 51 21 härä
520 902 51 18 utan
586 898 96 28 ändring.

121 1065 79 23 Förbud
216 1065 57 22 emot
288 1063 150 29 minderäriges
454 1064 131 23 anställando
600 1062 13 24 ä
628 1063 234 28 utskänkningsställen.

149 1122 122 28 Föredrogs

149 1179 225 22 Ekonomiutskottets
389 1178 134 21 betänkande
538 1179 41 20 N:o
596 1179 26 20 18
637 1179 7 20 i
660 1178 115 28 anledning
790 1177 23 22 af
827 1180 32 19 tre
869 1178 33 21 till

81 1209 26 21 R.
122 1215 19 14 o.
156 1209 27 20 A.
198 1210 55 19 samt
267 1208 105 27 Borgare-
386 1207 41 22 och
441 1207 167 21 Bondeständen
624 1207 82 27 ingifna
718 1206 183 29 petitionsförslag

81 1237 111 28 angäende
211 1237 63 20 barns
289 1236 42 22 och
345 1235 116 28 omyndiga
475 1243 111 20 personers
601 1235 132 21 anställande
749 1235 70 21 säsom
835 1235 68 28 betje-

81 1266 52 28 ning
148 1265 13 21 &
175 1266 166 20 restaurationer
357 1264 40 21 och
411 1263 240 28 utskänkningsställen.

150 1321 138 22 Diskussion:

150 1378 35 21 Hr
200 1385 54 14 von
268 1377 125 28 Wright:
423 1376 35 21 Dä
472 1377 35 28 jag
521 1376 68 21 finner
603 1375 27 22 de
645 1375 53 26 skäl,
713 1382 46 14 som
774 1375 82 21 anförts
871 1375 33 21 till

81 1406 84 22 förmän
188 1407 34 20 för
242 1405 66 21 andra
329 1407 165 23 reservationen,
510 1412 51 13 vara
575 1405 50 20 fullt
640 1403 160 28 öfvertygande,
816 1404 38 20 ber
868 1404 36 27 jag

83 1437 30 18 att
132 1433 24 22 få
173 1433 106 28 tillstyrka
295 1433 49 21 dess
360 1432 125 28 antagande.
514 1433 11 20 I
540 1432 67 21 likhet
621 1431 49 21 med
685 1434 160 18 reservanterne
860 1431 43 20 kan

81 1463 36 28 jag
137 1462 49 22 icke
202 1464 65 19 annat
281 1461 62 27 finna,
359 1463 26 18 än
401 1463 31 18 att
447 1460 26 21 de
489 1460 81 27 sedliga
585 1459 73 26 vädor,
673 1466 45 14 som
733 1459 50 21 hota
799 1459 106 28 betjenin-

82 1499 42 21 gen
143 1491 14 21 &
174 1491 111 26 värdshus,
305 1491 49 20 icke
373 1489 85 22 sträcka
473 1490 32 27 sig
519 1489 32 20 till
566 1488 27 21 de
607 1495 108 22 personer,
730 1495 46 14 som
790 1488 48 21 icke
854 1490 50 25 taga

83 1520 71 29 nägon
168 1519 123 28 befattning
305 1518 49 22 med
370 1518 143 27 serveringen.
