<?xml version="1.0" encoding="UTF-8"?>
<alto xmlns="http://www.loc.gov/standards/alto/ns-v3#" xmlns:xlink="http://www.w3.org/1999/xlink" xmlns:xsi="http://www.w3.org/2001/XMLSchema-instance" xsi:schemaLocation="http://www.loc.gov/standards/alto/ns-v3# http://www.loc.gov/alto/v3/alto-3-0.xsd">
	<Description>
		<MeasurementUnit>pixel</MeasurementUnit>
		<sourceImageInformation>
			<fileName>/tmp/tess_7mif2y6c_input.PNG</fileName>
		</sourceImageInformation>
		<OCRProcessing ID="OCR_0">
			<ocrProcessingStep>
				<processingSoftware>
					<softwareName>tesseract 5.3.4</softwareName>
				</processingSoftware>
			</ocrProcessingStep>
		</OCRProcessing>
	</Description>
	<Layout>
		<Page WIDTH="1095" HEIGHT="1798" PHYSICAL_IMG_NR="0" ID="page_0">
			<PrintSpace HPOS="0" VPOS="0" WIDTH="1095" HEIGHT="1798">
				<ComposedBlock ID="cblock_0" HPOS="228" VPOS="143" WIDTH="502" HEIGHT="25">
					<TextBlock ID="block_0" HPOS="228" VPOS="143" WIDTH="502" HEIGHT="25">
						<TextLine ID="line_0" HPOS="228" VPOS="143" WIDTH="502" HEIGHT="25">
							<String ID="string_0" HPOS="228" VPOS="143" WIDTH="40" HEIGHT="20" WC="0.96" CONTENT="992"/><SP WIDTH="199" VPOS="143" HPOS="268"/>
							<String ID="string_1" HPOS="467" VPOS="149" WIDTH="23" HEIGHT="16" WC="0.95" CONTENT="R."/><SP WIDTH="14" VPOS="149" HPOS="490"/>
							<String ID="string_2" HPOS="504" VPOS="153" WIDTH="17" HEIGHT="12" WC="0.80" CONTENT="o."/><SP WIDTH="12" VPOS="153" HPOS="521"/>
							<String ID="string_3" HPOS="533" VPOS="148" WIDTH="22" HEIGHT="17" WC="0.95" CONTENT="A."/><SP WIDTH="13" VPOS="148" HPOS="555"/>
							<String ID="string_4" HPOS="568" VPOS="148" WIDTH="56" HEIGHT="17" WC="0.93" CONTENT="1897."/><SP WIDTH="23" VPOS="148" HPOS="624"/>
							<String ID="string_5" HPOS="647" VPOS="148" WIDTH="24" HEIGHT="17" WC="0.96" CONTENT="10"/><SP WIDTH="12" VPOS="148" HPOS="671"/>
							<String ID="string_6" HPOS="683" VPOS="148" WIDTH="47" HEIGHT="20" WC="0.96" CONTENT="Maj."/>
						</TextLine>
					</TextBlock>
				</ComposedBlock>
				<GraphicalElement ID="cblock_1" HPOS="199" VPOS="175" WIDTH="816" HEIGHT="6"></GraphicalElement >
				<ComposedBlock ID="cblock_2" HPOS="199" VPOS="214" WIDTH="821" HEIGHT="458">
					<TextBlock ID="block_1" HPOS="199" VPOS="214" WIDTH="821" HEIGHT="458">
						<TextLine ID="line_1" HPOS="200" VPOS="214" WIDTH="817" HEIGHT="29">
							<String ID="string_7" HPOS="200" VPOS="215" WIDTH="50" HEIGHT="22" WC="0.92" CONTENT="dera"/><SP WIDTH="15" VPOS="215" HPOS="250"/>
							<String ID="string_8" HPOS="265" VPOS="215" WIDTH="72" HEIGHT="21" WC="0.91" CONTENT="blifvit"/><SP WIDTH="15" VPOS="215" HPOS="337"/>
							<String ID="string_9" HPOS="352" VPOS="215" WIDTH="150" HEIGHT="27" WC="0.92" CONTENT="understödda,"/><SP WIDTH="17" VPOS="215" HPOS="502"/>
							<String ID="string_10" HPOS="519" VPOS="215" WIDTH="37" HEIGHT="21" WC="0.97" CONTENT="ber"/><SP WIDTH="14" VPOS="215" HPOS="556"/>
							<String ID="string_11" HPOS="570" VPOS="216" WIDTH="36" HEIGHT="27" WC="0.93" CONTENT="jag"/><SP WIDTH="14" VPOS="216" HPOS="606"/>
							<String ID="string_12" HPOS="620" VPOS="218" WIDTH="44" HEIGHT="17" WC="0.93" CONTENT="mot"/><SP WIDTH="11" VPOS="218" HPOS="664"/>
							<String ID="string_13" HPOS="675" VPOS="215" WIDTH="105" HEIGHT="21" WC="0.93" CONTENT="hvardera"/><SP WIDTH="10" VPOS="215" HPOS="780"/>
							<String ID="string_14" HPOS="790" VPOS="214" WIDTH="23" HEIGHT="21" WC="0.91" CONTENT="fä"/><SP WIDTH="10" VPOS="214" HPOS="813"/>
							<String ID="string_15" HPOS="823" VPOS="216" WIDTH="50" HEIGHT="26" WC="0.97" CONTENT="göra"/><SP WIDTH="10" VPOS="216" HPOS="873"/>
							<String ID="string_16" HPOS="883" VPOS="222" WIDTH="27" HEIGHT="13" WC="0.93" CONTENT="en"/><SP WIDTH="10" VPOS="222" HPOS="910"/>
							<String ID="string_17" HPOS="920" VPOS="215" WIDTH="97" HEIGHT="20" WC="0.93" CONTENT="anmärk-"/>
						</TextLine>
						<TextLine ID="line_2" HPOS="200" VPOS="241" WIDTH="816" HEIGHT="30">
							<String ID="string_18" HPOS="200" VPOS="245" WIDTH="52" HEIGHT="26" WC="0.92" CONTENT="ning"/><SP WIDTH="22" VPOS="245" HPOS="252"/>
							<String ID="string_19" HPOS="274" VPOS="245" WIDTH="7" HEIGHT="20" WC="0.92" CONTENT="i"/><SP WIDTH="22" VPOS="245" HPOS="281"/>
							<String ID="string_20" HPOS="303" VPOS="251" WIDTH="80" HEIGHT="14" WC="0.93" CONTENT="samma"/><SP WIDTH="19" VPOS="251" HPOS="383"/>
							<String ID="string_21" HPOS="402" VPOS="243" WIDTH="100" HEIGHT="28" WC="0.92" CONTENT="riktning,"/><SP WIDTH="20" VPOS="243" HPOS="502"/>
							<String ID="string_22" HPOS="522" VPOS="251" WIDTH="44" HEIGHT="14" WC="0.96" CONTENT="som"/><SP WIDTH="22" VPOS="251" HPOS="566"/>
							<String ID="string_23" HPOS="588" VPOS="241" WIDTH="34" HEIGHT="23" WC="0.95" CONTENT="Hr"/><SP WIDTH="19" VPOS="241" HPOS="622"/>
							<String ID="string_24" HPOS="641" VPOS="243" WIDTH="119" HEIGHT="22" WC="0.95" CONTENT="Valdemar"/><SP WIDTH="15" VPOS="243" HPOS="760"/>
							<String ID="string_25" HPOS="775" VPOS="242" WIDTH="125" HEIGHT="27" WC="0.96" CONTENT="Schauman,"/><SP WIDTH="15" VPOS="242" HPOS="900"/>
							<String ID="string_26" HPOS="915" VPOS="250" WIDTH="48" HEIGHT="14" WC="0.93" CONTENT="men"/><SP WIDTH="15" VPOS="250" HPOS="963"/>
							<String ID="string_27" HPOS="978" VPOS="243" WIDTH="38" HEIGHT="21" WC="0.93" CONTENT="alls"/>
						</TextLine>
						<TextLine ID="line_3" HPOS="199" VPOS="271" WIDTH="818" HEIGHT="29">
							<String ID="string_28" HPOS="199" VPOS="272" WIDTH="48" HEIGHT="21" WC="0.96" CONTENT="icke"/><SP WIDTH="16" VPOS="272" HPOS="247"/>
							<String ID="string_29" HPOS="263" VPOS="272" WIDTH="27" HEIGHT="28" WC="0.96" CONTENT="pä"/><SP WIDTH="11" VPOS="272" HPOS="290"/>
							<String ID="string_30" HPOS="301" VPOS="279" WIDTH="79" HEIGHT="14" WC="0.96" CONTENT="samma"/><SP WIDTH="11" VPOS="279" HPOS="380"/>
							<String ID="string_31" HPOS="391" VPOS="274" WIDTH="42" HEIGHT="19" WC="0.93" CONTENT="sätt"/><SP WIDTH="10" VPOS="274" HPOS="433"/>
							<String ID="string_32" HPOS="443" VPOS="272" WIDTH="123" HEIGHT="21" WC="0.95" CONTENT="motiverad."/><SP WIDTH="22" VPOS="272" HPOS="566"/>
							<String ID="string_33" HPOS="588" VPOS="272" WIDTH="44" HEIGHT="21" WC="0.96" CONTENT="Det"/><SP WIDTH="10" VPOS="272" HPOS="632"/>
							<String ID="string_34" HPOS="642" VPOS="272" WIDTH="66" HEIGHT="27" WC="0.96" CONTENT="gäller"/><SP WIDTH="11" VPOS="272" HPOS="708"/>
							<String ID="string_35" HPOS="719" VPOS="279" WIDTH="74" HEIGHT="14" WC="0.93" CONTENT="senare"/><SP WIDTH="11" VPOS="279" HPOS="793"/>
							<String ID="string_36" HPOS="804" VPOS="271" WIDTH="95" HEIGHT="28" WC="0.96" CONTENT="punkten"/><SP WIDTH="10" VPOS="271" HPOS="899"/>
							<String ID="string_37" HPOS="909" VPOS="273" WIDTH="6" HEIGHT="20" WC="0.96" CONTENT="i"/><SP WIDTH="11" VPOS="273" HPOS="915"/>
							<String ID="string_38" HPOS="926" VPOS="279" WIDTH="61" HEIGHT="14" WC="0.96" CONTENT="mom."/><SP WIDTH="11" VPOS="279" HPOS="987"/>
							<String ID="string_39" HPOS="998" VPOS="279" WIDTH="19" HEIGHT="13" WC="0.95" CONTENT="a."/>
						</TextLine>
						<TextLine ID="line_4" HPOS="200" VPOS="300" WIDTH="818" HEIGHT="28">
							<String ID="string_40" HPOS="200" VPOS="301" WIDTH="45" HEIGHT="20" WC="0.92" CONTENT="Det"/><SP WIDTH="20" VPOS="301" HPOS="245"/>
							<String ID="string_41" HPOS="265" VPOS="301" WIDTH="110" HEIGHT="21" WC="0.96" CONTENT="förefaller"/><SP WIDTH="21" VPOS="301" HPOS="375"/>
							<String ID="string_42" HPOS="396" VPOS="301" WIDTH="43" HEIGHT="27" WC="0.93" CONTENT="mig"/><SP WIDTH="22" VPOS="301" HPOS="439"/>
							<String ID="string_43" HPOS="461" VPOS="301" WIDTH="69" HEIGHT="21" WC="0.96" CONTENT="såsom"/><SP WIDTH="16" VPOS="301" HPOS="530"/>
							<String ID="string_44" HPOS="546" VPOS="308" WIDTH="34" HEIGHT="14" WC="0.93" CONTENT="om"/><SP WIDTH="15" VPOS="308" HPOS="580"/>
							<String ID="string_45" HPOS="595" VPOS="300" WIDTH="57" HEIGHT="21" WC="0.80" CONTENT="Frih."/><SP WIDTH="15" VPOS="300" HPOS="652"/>
							<String ID="string_46" HPOS="667" VPOS="300" WIDTH="80" HEIGHT="21" WC="0.93" CONTENT="Wrede"/><SP WIDTH="15" VPOS="300" HPOS="747"/>
							<String ID="string_47" HPOS="762" VPOS="300" WIDTH="48" HEIGHT="21" WC="0.94" CONTENT="icke"/><SP WIDTH="14" VPOS="300" HPOS="810"/>
							<String ID="string_48" HPOS="824" VPOS="300" WIDTH="124" HEIGHT="28" WC="0.84" CONTENT="tillräckligt"/><SP WIDTH="14" VPOS="300" HPOS="948"/>
							<String ID="string_49" HPOS="962" VPOS="307" WIDTH="56" HEIGHT="21" WC="0.96" CONTENT="noga"/>
						</TextLine>
						<TextLine ID="line_5" HPOS="202" VPOS="329" WIDTH="816" HEIGHT="28">
							<String ID="string_50" HPOS="202" VPOS="329" WIDTH="84" HEIGHT="21" WC="0.92" CONTENT="jemfört"/><SP WIDTH="25" VPOS="329" HPOS="286"/>
							<String ID="string_51" HPOS="311" VPOS="329" WIDTH="70" HEIGHT="21" WC="0.92" CONTENT="denna"/><SP WIDTH="22" VPOS="329" HPOS="381"/>
							<String ID="string_52" HPOS="403" VPOS="329" WIDTH="68" HEIGHT="28" WC="0.92" CONTENT="punkt"/><SP WIDTH="21" VPOS="329" HPOS="471"/>
							<String ID="string_53" HPOS="492" VPOS="329" WIDTH="49" HEIGHT="21" WC="0.96" CONTENT="med"/><SP WIDTH="22" VPOS="329" HPOS="541"/>
							<String ID="string_54" HPOS="563" VPOS="336" WIDTH="62" HEIGHT="14" WC="0.96" CONTENT="mom."/><SP WIDTH="21" VPOS="336" HPOS="625"/>
							<String ID="string_55" HPOS="646" VPOS="329" WIDTH="19" HEIGHT="21" WC="0.93" CONTENT="b."/><SP WIDTH="30" VPOS="329" HPOS="665"/>
							<String ID="string_56" HPOS="695" VPOS="329" WIDTH="54" HEIGHT="21" WC="0.92" CONTENT="Utaf"/><SP WIDTH="20" VPOS="329" HPOS="749"/>
							<String ID="string_57" HPOS="769" VPOS="336" WIDTH="61" HEIGHT="14" WC="0.96" CONTENT="mom."/><SP WIDTH="15" VPOS="336" HPOS="830"/>
							<String ID="string_58" HPOS="845" VPOS="329" WIDTH="14" HEIGHT="20" WC="0.93" CONTENT="b"/><SP WIDTH="14" VPOS="329" HPOS="859"/>
							<String ID="string_59" HPOS="873" VPOS="329" WIDTH="99" HEIGHT="28" WC="0.91" CONTENT="framgär,"/><SP WIDTH="15" VPOS="329" HPOS="972"/>
							<String ID="string_60" HPOS="987" VPOS="332" WIDTH="31" HEIGHT="17" WC="0.97" CONTENT="att"/>
						</TextLine>
						<TextLine ID="line_6" HPOS="215" VPOS="357" WIDTH="802" HEIGHT="28">
							<String ID="string_61" HPOS="215" VPOS="365" WIDTH="39" HEIGHT="14" WC="0.94" CONTENT="var"/><SP WIDTH="22" VPOS="365" HPOS="254"/>
							<String ID="string_62" HPOS="276" VPOS="357" WIDTH="40" HEIGHT="22" WC="0.94" CONTENT="och"/><SP WIDTH="23" VPOS="357" HPOS="316"/>
							<String ID="string_63" HPOS="339" VPOS="365" WIDTH="26" HEIGHT="14" WC="0.96" CONTENT="en"/><SP WIDTH="24" VPOS="365" HPOS="365"/>
							<String ID="string_64" HPOS="389" VPOS="357" WIDTH="54" HEIGHT="22" WC="0.93" CONTENT="skall"/><SP WIDTH="23" VPOS="357" HPOS="443"/>
							<String ID="string_65" HPOS="466" VPOS="358" WIDTH="69" HEIGHT="21" WC="0.93" CONTENT="skatta"/><SP WIDTH="22" VPOS="358" HPOS="535"/>
							<String ID="string_66" HPOS="557" VPOS="358" WIDTH="35" HEIGHT="21" WC="0.96" CONTENT="för"/><SP WIDTH="20" VPOS="358" HPOS="592"/>
							<String ID="string_67" HPOS="612" VPOS="357" WIDTH="41" HEIGHT="21" WC="0.93" CONTENT="den"/><SP WIDTH="20" VPOS="357" HPOS="653"/>
							<String ID="string_68" HPOS="673" VPOS="357" WIDTH="94" HEIGHT="22" WC="0.92" CONTENT="inkomst"/><SP WIDTH="17" VPOS="357" HPOS="767"/>
							<String ID="string_69" HPOS="784" VPOS="357" WIDTH="41" HEIGHT="21" WC="0.93" CONTENT="han"/><SP WIDTH="16" VPOS="357" HPOS="825"/>
							<String ID="string_70" HPOS="841" VPOS="357" WIDTH="93" HEIGHT="28" WC="0.93" CONTENT="ätnjuter"/><SP WIDTH="14" VPOS="357" HPOS="934"/>
							<String ID="string_71" HPOS="948" VPOS="357" WIDTH="23" HEIGHT="22" WC="0.96" CONTENT="af"/><SP WIDTH="14" VPOS="357" HPOS="971"/>
							<String ID="string_72" HPOS="985" VPOS="358" WIDTH="32" HEIGHT="21" WC="0.96" CONTENT="sin"/>
						</TextLine>
						<TextLine ID="line_7" HPOS="202" VPOS="385" WIDTH="817" HEIGHT="29">
							<String ID="string_73" HPOS="202" VPOS="386" WIDTH="212" HEIGHT="21" WC="0.89" CONTENT="arbetsverksamhet."/><SP WIDTH="31" VPOS="386" HPOS="414"/>
							<String ID="string_74" HPOS="445" VPOS="385" WIDTH="88" HEIGHT="22" WC="0.89" CONTENT="Säledes"/><SP WIDTH="19" VPOS="385" HPOS="533"/>
							<String ID="string_75" HPOS="552" VPOS="386" WIDTH="67" HEIGHT="21" WC="0.92" CONTENT="mäste"/><SP WIDTH="21" VPOS="386" HPOS="619"/>
							<String ID="string_76" HPOS="640" VPOS="385" WIDTH="65" HEIGHT="22" WC="0.91" CONTENT="ocksä"/><SP WIDTH="18" VPOS="385" HPOS="705"/>
							<String ID="string_77" HPOS="723" VPOS="385" WIDTH="41" HEIGHT="22" WC="0.93" CONTENT="den"/><SP WIDTH="15" VPOS="385" HPOS="764"/>
							<String ID="string_78" HPOS="779" VPOS="385" WIDTH="116" HEIGHT="29" WC="0.92" CONTENT="jordegare,"/><SP WIDTH="15" VPOS="385" HPOS="895"/>
							<String ID="string_79" HPOS="910" VPOS="393" WIDTH="46" HEIGHT="14" WC="0.93" CONTENT="som"/><SP WIDTH="14" VPOS="393" HPOS="956"/>
							<String ID="string_80" HPOS="970" VPOS="386" WIDTH="49" HEIGHT="27" WC="0.92" CONTENT="sjelf"/>
						</TextLine>
						<TextLine ID="line_8" HPOS="202" VPOS="414" WIDTH="816" HEIGHT="29">
							<String ID="string_81" HPOS="202" VPOS="415" WIDTH="78" HEIGHT="21" WC="0.91" CONTENT="brukar"/><SP WIDTH="22" VPOS="415" HPOS="280"/>
							<String ID="string_82" HPOS="302" VPOS="416" WIDTH="33" HEIGHT="20" WC="0.96" CONTENT="sin"/><SP WIDTH="22" VPOS="416" HPOS="335"/>
							<String ID="string_83" HPOS="357" VPOS="414" WIDTH="45" HEIGHT="22" WC="0.96" CONTENT="jord"/><SP WIDTH="19" VPOS="414" HPOS="402"/>
							<String ID="string_84" HPOS="421" VPOS="415" WIDTH="40" HEIGHT="21" WC="0.92" CONTENT="och"/><SP WIDTH="21" VPOS="415" HPOS="461"/>
							<String ID="string_85" HPOS="482" VPOS="415" WIDTH="135" HEIGHT="28" WC="0.92" CONTENT="personligen"/><SP WIDTH="17" VPOS="415" HPOS="617"/>
							<String ID="string_86" HPOS="634" VPOS="415" WIDTH="64" HEIGHT="26" WC="0.92" CONTENT="jemte"/><SP WIDTH="15" VPOS="415" HPOS="698"/>
							<String ID="string_87" HPOS="713" VPOS="415" WIDTH="32" HEIGHT="20" WC="0.96" CONTENT="sin"/><SP WIDTH="16" VPOS="415" HPOS="745"/>
							<String ID="string_88" HPOS="761" VPOS="414" WIDTH="74" HEIGHT="21" WC="0.96" CONTENT="hustru"/><SP WIDTH="16" VPOS="414" HPOS="835"/>
							<String ID="string_89" HPOS="851" VPOS="414" WIDTH="40" HEIGHT="21" WC="0.97" CONTENT="och"/><SP WIDTH="15" VPOS="414" HPOS="891"/>
							<String ID="string_90" HPOS="906" VPOS="415" WIDTH="45" HEIGHT="20" WC="0.97" CONTENT="sina"/><SP WIDTH="16" VPOS="415" HPOS="951"/>
							<String ID="string_91" HPOS="967" VPOS="414" WIDTH="51" HEIGHT="22" WC="0.96" CONTENT="barn"/>
						</TextLine>
						<TextLine ID="line_9" HPOS="201" VPOS="443" WIDTH="819" HEIGHT="28">
							<String ID="string_92" HPOS="201" VPOS="443" WIDTH="115" HEIGHT="28" WC="0.92" CONTENT="nedlägger"/><SP WIDTH="15" VPOS="443" HPOS="316"/>
							<String ID="string_93" HPOS="331" VPOS="446" WIDTH="73" HEIGHT="19" WC="0.96" CONTENT="arbete"/><SP WIDTH="15" VPOS="446" HPOS="404"/>
							<String ID="string_94" HPOS="419" VPOS="443" WIDTH="28" HEIGHT="28" WC="0.96" CONTENT="pä"/><SP WIDTH="15" VPOS="443" HPOS="447"/>
							<String ID="string_95" HPOS="462" VPOS="443" WIDTH="75" HEIGHT="27" WC="0.93" CONTENT="denna,"/><SP WIDTH="14" VPOS="443" HPOS="537"/>
							<String ID="string_96" HPOS="551" VPOS="443" WIDTH="86" HEIGHT="22" WC="0.92" CONTENT="utöfver"/><SP WIDTH="15" VPOS="443" HPOS="637"/>
							<String ID="string_97" HPOS="652" VPOS="443" WIDTH="41" HEIGHT="21" WC="0.93" CONTENT="den"/><SP WIDTH="11" VPOS="443" HPOS="693"/>
							<String ID="string_98" HPOS="704" VPOS="443" WIDTH="91" HEIGHT="21" WC="0.93" CONTENT="fixerade"/><SP WIDTH="10" VPOS="443" HPOS="795"/>
							<String ID="string_99" HPOS="805" VPOS="443" WIDTH="138" HEIGHT="28" WC="0.93" CONTENT="jordskatten,"/><SP WIDTH="11" VPOS="443" HPOS="943"/>
							<String ID="string_100" HPOS="954" VPOS="443" WIDTH="66" HEIGHT="22" WC="0.89" CONTENT="ocksä"/>
						</TextLine>
						<TextLine ID="line_10" HPOS="202" VPOS="471" WIDTH="818" HEIGHT="28">
							<String ID="string_101" HPOS="202" VPOS="472" WIDTH="70" HEIGHT="21" WC="0.90" CONTENT="skatta"/><SP WIDTH="22" VPOS="472" HPOS="272"/>
							<String ID="string_102" HPOS="294" VPOS="472" WIDTH="34" HEIGHT="21" WC="0.96" CONTENT="för"/><SP WIDTH="22" VPOS="472" HPOS="328"/>
							<String ID="string_103" HPOS="350" VPOS="472" WIDTH="41" HEIGHT="21" WC="0.93" CONTENT="den"/><SP WIDTH="22" VPOS="472" HPOS="391"/>
							<String ID="string_104" HPOS="413" VPOS="472" WIDTH="93" HEIGHT="21" WC="0.91" CONTENT="inkomst"/><SP WIDTH="15" VPOS="472" HPOS="506"/>
							<String ID="string_105" HPOS="521" VPOS="472" WIDTH="41" HEIGHT="21" WC="0.93" CONTENT="han"/><SP WIDTH="16" VPOS="472" HPOS="562"/>
							<String ID="string_106" HPOS="578" VPOS="472" WIDTH="75" HEIGHT="27" WC="0.92" CONTENT="drager"/><SP WIDTH="15" VPOS="472" HPOS="653"/>
							<String ID="string_107" HPOS="668" VPOS="479" WIDTH="77" HEIGHT="20" WC="0.96" CONTENT="genom"/><SP WIDTH="16" VPOS="479" HPOS="745"/>
							<String ID="string_108" HPOS="761" VPOS="473" WIDTH="31" HEIGHT="20" WC="0.93" CONTENT="sin"/><SP WIDTH="16" VPOS="473" HPOS="792"/>
							<String ID="string_109" HPOS="808" VPOS="471" WIDTH="212" HEIGHT="26" WC="0.91" CONTENT="arbetsverksamhet,"/>
						</TextLine>
						<TextLine ID="line_11" HPOS="202" VPOS="500" WIDTH="818" HEIGHT="28">
							<String ID="string_110" HPOS="202" VPOS="508" WIDTH="76" HEIGHT="20" WC="0.96" CONTENT="genom"/><SP WIDTH="15" VPOS="508" HPOS="278"/>
							<String ID="string_111" HPOS="293" VPOS="503" WIDTH="32" HEIGHT="19" WC="0.96" CONTENT="att"/><SP WIDTH="14" VPOS="503" HPOS="325"/>
							<String ID="string_112" HPOS="339" VPOS="508" WIDTH="51" HEIGHT="14" WC="0.96" CONTENT="vara"/><SP WIDTH="15" VPOS="508" HPOS="390"/>
							<String ID="string_113" HPOS="405" VPOS="501" WIDTH="33" HEIGHT="20" WC="0.96" CONTENT="sin"/><SP WIDTH="16" VPOS="501" HPOS="438"/>
							<String ID="string_114" HPOS="454" VPOS="508" WIDTH="53" HEIGHT="20" WC="0.93" CONTENT="egen"/><SP WIDTH="15" VPOS="508" HPOS="507"/>
							<String ID="string_115" HPOS="522" VPOS="501" WIDTH="86" HEIGHT="27" WC="0.96" CONTENT="tjenare."/><SP WIDTH="29" VPOS="501" HPOS="608"/>
							<String ID="string_116" HPOS="637" VPOS="500" WIDTH="51" HEIGHT="21" WC="0.92" CONTENT="Icke"/><SP WIDTH="15" VPOS="500" HPOS="688"/>
							<String ID="string_117" HPOS="703" VPOS="500" WIDTH="67" HEIGHT="21" WC="0.96" CONTENT="heller"/><SP WIDTH="14" VPOS="500" HPOS="770"/>
							<String ID="string_118" HPOS="784" VPOS="501" WIDTH="35" HEIGHT="27" WC="0.96" CONTENT="jag"/><SP WIDTH="15" VPOS="501" HPOS="819"/>
							<String ID="string_119" HPOS="834" VPOS="507" WIDTH="62" HEIGHT="14" WC="0.97" CONTENT="anser"/><SP WIDTH="13" VPOS="507" HPOS="896"/>
							<String ID="string_120" HPOS="909" VPOS="503" WIDTH="31" HEIGHT="18" WC="0.93" CONTENT="att"/><SP WIDTH="10" VPOS="503" HPOS="940"/>
							<String ID="string_121" HPOS="950" VPOS="500" WIDTH="70" HEIGHT="22" WC="0.47" CONTENT="affatt-"/>
						</TextLine>
						<TextLine ID="line_12" HPOS="202" VPOS="529" WIDTH="818" HEIGHT="28">
							<String ID="string_122" HPOS="202" VPOS="530" WIDTH="78" HEIGHT="27" WC="0.95" CONTENT="ningen"/><SP WIDTH="23" VPOS="530" HPOS="280"/>
							<String ID="string_123" HPOS="303" VPOS="529" WIDTH="23" HEIGHT="21" WC="0.96" CONTENT="af"/><SP WIDTH="19" VPOS="529" HPOS="326"/>
							<String ID="string_124" HPOS="345" VPOS="529" WIDTH="41" HEIGHT="21" WC="0.96" CONTENT="den"/><SP WIDTH="15" VPOS="529" HPOS="386"/>
							<String ID="string_125" HPOS="401" VPOS="529" WIDTH="23" HEIGHT="21" WC="0.93" CONTENT="af"/><SP WIDTH="15" VPOS="529" HPOS="424"/>
							<String ID="string_126" HPOS="439" VPOS="529" WIDTH="57" HEIGHT="21" WC="0.83" CONTENT="Frih."/><SP WIDTH="15" VPOS="529" HPOS="496"/>
							<String ID="string_127" HPOS="511" VPOS="529" WIDTH="79" HEIGHT="22" WC="0.93" CONTENT="Wrede"/><SP WIDTH="16" VPOS="529" HPOS="590"/>
							<String ID="string_128" HPOS="606" VPOS="530" WIDTH="101" HEIGHT="27" WC="0.96" CONTENT="angripna"/><SP WIDTH="16" VPOS="530" HPOS="707"/>
							<String ID="string_129" HPOS="723" VPOS="529" WIDTH="95" HEIGHT="28" WC="0.96" CONTENT="punkten"/><SP WIDTH="16" VPOS="529" HPOS="818"/>
							<String ID="string_130" HPOS="834" VPOS="530" WIDTH="23" HEIGHT="20" WC="0.93" CONTENT="är"/><SP WIDTH="14" VPOS="530" HPOS="857"/>
							<String ID="string_131" HPOS="871" VPOS="529" WIDTH="85" HEIGHT="28" WC="0.96" CONTENT="lycklig,"/><SP WIDTH="16" VPOS="529" HPOS="956"/>
							<String ID="string_132" HPOS="972" VPOS="537" WIDTH="48" HEIGHT="13" WC="0.96" CONTENT="men"/>
						</TextLine>
						<TextLine ID="line_13" HPOS="202" VPOS="557" WIDTH="818" HEIGHT="29">
							<String ID="string_133" HPOS="202" VPOS="558" WIDTH="28" HEIGHT="21" WC="0.95" CONTENT="dä"/><SP WIDTH="16" VPOS="558" HPOS="230"/>
							<String ID="string_134" HPOS="246" VPOS="566" WIDTH="48" HEIGHT="13" WC="0.93" CONTENT="man"/><SP WIDTH="16" VPOS="566" HPOS="294"/>
							<String ID="string_135" HPOS="310" VPOS="557" WIDTH="84" HEIGHT="28" WC="0.92" CONTENT="engäng"/><SP WIDTH="15" VPOS="557" HPOS="394"/>
							<String ID="string_136" HPOS="409" VPOS="561" WIDTH="70" HEIGHT="18" WC="0.92" CONTENT="ansett"/><SP WIDTH="15" VPOS="561" HPOS="479"/>
							<String ID="string_137" HPOS="494" VPOS="559" WIDTH="33" HEIGHT="27" WC="0.93" CONTENT="sig"/><SP WIDTH="16" VPOS="559" HPOS="527"/>
							<String ID="string_138" HPOS="543" VPOS="558" WIDTH="50" HEIGHT="21" WC="0.92" CONTENT="böra"/><SP WIDTH="15" VPOS="558" HPOS="593"/>
							<String ID="string_139" HPOS="608" VPOS="561" WIDTH="94" HEIGHT="25" WC="0.92" CONTENT="upptaga"/><SP WIDTH="13" VPOS="561" HPOS="702"/>
							<String ID="string_140" HPOS="715" VPOS="565" WIDTH="25" HEIGHT="14" WC="0.93" CONTENT="en"/><SP WIDTH="14" VPOS="565" HPOS="740"/>
							<String ID="string_141" HPOS="754" VPOS="557" WIDTH="66" HEIGHT="22" WC="0.92" CONTENT="sädan"/><SP WIDTH="13" VPOS="557" HPOS="820"/>
							<String ID="string_142" HPOS="833" VPOS="558" WIDTH="74" HEIGHT="27" WC="0.92" CONTENT="punkt,"/><SP WIDTH="12" VPOS="558" HPOS="907"/>
							<String ID="string_143" HPOS="919" VPOS="557" WIDTH="23" HEIGHT="22" WC="0.93" CONTENT="sä"/><SP WIDTH="11" VPOS="557" HPOS="942"/>
							<String ID="string_144" HPOS="953" VPOS="557" WIDTH="67" HEIGHT="22" WC="0.93" CONTENT="mäste"/>
						</TextLine>
						<TextLine ID="line_14" HPOS="202" VPOS="586" WIDTH="818" HEIGHT="29">
							<String ID="string_145" HPOS="202" VPOS="587" WIDTH="38" HEIGHT="20" WC="0.93" CONTENT="det"/><SP WIDTH="14" VPOS="587" HPOS="240"/>
							<String ID="string_146" HPOS="254" VPOS="589" WIDTH="61" HEIGHT="25" WC="0.92" CONTENT="göras"/><SP WIDTH="16" VPOS="589" HPOS="315"/>
							<String ID="string_147" HPOS="331" VPOS="587" WIDTH="56" HEIGHT="20" WC="0.96" CONTENT="klart"/><SP WIDTH="14" VPOS="587" HPOS="387"/>
							<String ID="string_148" HPOS="401" VPOS="589" WIDTH="32" HEIGHT="18" WC="0.93" CONTENT="att"/><SP WIDTH="14" VPOS="589" HPOS="433"/>
							<String ID="string_149" HPOS="447" VPOS="587" WIDTH="124" HEIGHT="28" WC="0.92" CONTENT="jordegaren"/><SP WIDTH="16" VPOS="587" HPOS="571"/>
							<String ID="string_150" HPOS="587" VPOS="587" WIDTH="47" HEIGHT="20" WC="0.91" CONTENT="icke"/><SP WIDTH="16" VPOS="587" HPOS="634"/>
							<String ID="string_151" HPOS="650" VPOS="593" WIDTH="49" HEIGHT="21" WC="0.92" CONTENT="eger"/><SP WIDTH="14" VPOS="593" HPOS="699"/>
							<String ID="string_152" HPOS="713" VPOS="588" WIDTH="53" HEIGHT="25" WC="0.93" CONTENT="göra"/><SP WIDTH="14" VPOS="588" HPOS="766"/>
							<String ID="string_153" HPOS="780" VPOS="586" WIDTH="91" HEIGHT="28" WC="0.93" CONTENT="anspräk"/><SP WIDTH="16" VPOS="586" HPOS="871"/>
							<String ID="string_154" HPOS="887" VPOS="586" WIDTH="28" HEIGHT="28" WC="0.94" CONTENT="pä"/><SP WIDTH="10" VPOS="586" HPOS="915"/>
							<String ID="string_155" HPOS="925" VPOS="589" WIDTH="31" HEIGHT="18" WC="0.94" CONTENT="att"/><SP WIDTH="11" VPOS="589" HPOS="956"/>
							<String ID="string_156" HPOS="967" VPOS="587" WIDTH="53" HEIGHT="20" WC="0.97" CONTENT="hans"/>
						</TextLine>
						<TextLine ID="line_15" HPOS="203" VPOS="615" WIDTH="816" HEIGHT="28">
							<String ID="string_157" HPOS="203" VPOS="615" WIDTH="93" HEIGHT="21" WC="0.96" CONTENT="inkomst"/><SP WIDTH="22" VPOS="615" HPOS="296"/>
							<String ID="string_158" HPOS="318" VPOS="615" WIDTH="23" HEIGHT="21" WC="0.96" CONTENT="af"/><SP WIDTH="22" VPOS="615" HPOS="341"/>
							<String ID="string_159" HPOS="363" VPOS="618" WIDTH="48" HEIGHT="25" WC="0.96" CONTENT="eget"/><SP WIDTH="16" VPOS="618" HPOS="411"/>
							<String ID="string_160" HPOS="427" VPOS="615" WIDTH="71" HEIGHT="21" WC="0.96" CONTENT="arbete"/><SP WIDTH="16" VPOS="615" HPOS="498"/>
							<String ID="string_161" HPOS="514" VPOS="615" WIDTH="34" HEIGHT="21" WC="0.93" CONTENT="mä"/><SP WIDTH="16" VPOS="615" HPOS="548"/>
							<String ID="string_162" HPOS="564" VPOS="615" WIDTH="67" HEIGHT="21" WC="0.96" CONTENT="blifva"/><SP WIDTH="15" VPOS="615" HPOS="631"/>
							<String ID="string_163" HPOS="646" VPOS="615" WIDTH="105" HEIGHT="26" WC="0.96" CONTENT="skattefri,"/><SP WIDTH="14" VPOS="615" HPOS="751"/>
							<String ID="string_164" HPOS="765" VPOS="615" WIDTH="43" HEIGHT="20" WC="0.96" CONTENT="lika"/><SP WIDTH="15" VPOS="615" HPOS="808"/>
							<String ID="string_165" HPOS="823" VPOS="615" WIDTH="47" HEIGHT="21" WC="0.96" CONTENT="litet"/><SP WIDTH="15" VPOS="615" HPOS="870"/>
							<String ID="string_166" HPOS="885" VPOS="622" WIDTH="45" HEIGHT="13" WC="0.93" CONTENT="som"/><SP WIDTH="15" VPOS="622" HPOS="930"/>
							<String ID="string_167" HPOS="945" VPOS="617" WIDTH="74" HEIGHT="19" WC="0.96" CONTENT="räntan"/>
						</TextLine>
						<TextLine ID="line_16" HPOS="204" VPOS="643" WIDTH="229" HEIGHT="29">
							<String ID="string_168" HPOS="204" VPOS="644" WIDTH="26" HEIGHT="28" WC="0.92" CONTENT="pä"/><SP WIDTH="15" VPOS="644" HPOS="230"/>
							<String ID="string_169" HPOS="245" VPOS="643" WIDTH="188" HEIGHT="29" WC="0.92" CONTENT="rörelsekapitalet."/>
						</TextLine>
					</TextBlock>
				</ComposedBlock>
				<ComposedBlock ID="cblock_3" HPOS="202" VPOS="701" WIDTH="820" HEIGHT="516">
					<TextBlock ID="block_2" HPOS="203" VPOS="701" WIDTH="817" HEIGHT="137">
						<TextLine ID="line_17" HPOS="272" VPOS="701" WIDTH="748" HEIGHT="28">
							<String ID="string_170" HPOS="272" VPOS="702" WIDTH="34" HEIGHT="21" WC="0.93" CONTENT="Hr"/><SP WIDTH="21" VPOS="702" HPOS="306"/>
							<String ID="string_171" HPOS="327" VPOS="701" WIDTH="206" HEIGHT="22" WC="0.90" CONTENT="Landtmarskalken"/><SP WIDTH="19" VPOS="701" HPOS="533"/>
							<String ID="string_172" HPOS="552" VPOS="701" WIDTH="109" HEIGHT="22" WC="0.92" CONTENT="anmärkte"/><SP WIDTH="21" VPOS="701" HPOS="661"/>
							<String ID="string_173" HPOS="682" VPOS="701" WIDTH="38" HEIGHT="21" WC="0.96" CONTENT="här"/><SP WIDTH="20" VPOS="701" HPOS="720"/>
							<String ID="string_174" HPOS="740" VPOS="703" WIDTH="32" HEIGHT="18" WC="0.93" CONTENT="att"/><SP WIDTH="20" VPOS="703" HPOS="772"/>
							<String ID="string_175" HPOS="792" VPOS="701" WIDTH="65" HEIGHT="28" WC="0.92" CONTENT="nägot"/><SP WIDTH="14" VPOS="701" HPOS="857"/>
							<String ID="string_176" HPOS="871" VPOS="701" WIDTH="77" HEIGHT="21" WC="0.92" CONTENT="sädant"/><SP WIDTH="14" VPOS="701" HPOS="948"/>
							<String ID="string_177" HPOS="962" VPOS="701" WIDTH="58" HEIGHT="21" WC="0.92" CONTENT="stad-"/>
						</TextLine>
						<TextLine ID="line_18" HPOS="203" VPOS="729" WIDTH="817" HEIGHT="29">
							<String ID="string_178" HPOS="203" VPOS="730" WIDTH="70" HEIGHT="28" WC="0.96" CONTENT="gande"/><SP WIDTH="21" VPOS="730" HPOS="273"/>
							<String ID="string_179" HPOS="294" VPOS="738" WIDTH="44" HEIGHT="13" WC="0.96" CONTENT="som"/><SP WIDTH="22" VPOS="738" HPOS="338"/>
							<String ID="string_180" HPOS="360" VPOS="730" WIDTH="36" HEIGHT="21" WC="0.24" CONTENT="det"/><SP WIDTH="15" VPOS="730" HPOS="396"/>
							<String ID="string_181" HPOS="411" VPOS="731" WIDTH="6" HEIGHT="20" WC="0.96" CONTENT="i"/><SP WIDTH="17" VPOS="731" HPOS="417"/>
							<String ID="string_182" HPOS="434" VPOS="731" WIDTH="12" HEIGHT="20" WC="0.96" CONTENT="2"/><SP WIDTH="22" VPOS="731" HPOS="446"/>
							<String ID="string_183" HPOS="468" VPOS="737" WIDTH="60" HEIGHT="14" WC="0.65" CONTENT="mom."/><SP WIDTH="16" VPOS="737" HPOS="528"/>
							<String ID="string_184" HPOS="544" VPOS="730" WIDTH="22" HEIGHT="21" WC="0.65" CONTENT="af"/><SP WIDTH="15" VPOS="730" HPOS="566"/>
							<String ID="string_185" HPOS="581" VPOS="730" WIDTH="68" HEIGHT="28" WC="0.96" CONTENT="punkt"/><SP WIDTH="14" VPOS="730" HPOS="649"/>
							<String ID="string_186" HPOS="663" VPOS="737" WIDTH="12" HEIGHT="14" WC="0.96" CONTENT="a"/><SP WIDTH="15" VPOS="737" HPOS="675"/>
							<String ID="string_187" HPOS="690" VPOS="730" WIDTH="7" HEIGHT="21" WC="0.96" CONTENT="i"/><SP WIDTH="15" VPOS="730" HPOS="697"/>
							<String ID="string_188" HPOS="712" VPOS="729" WIDTH="67" HEIGHT="22" WC="0.93" CONTENT="andra"/><SP WIDTH="15" VPOS="729" HPOS="779"/>
							<String ID="string_189" HPOS="794" VPOS="730" WIDTH="156" HEIGHT="21" WC="0.96" CONTENT="reservationen"/><SP WIDTH="23" VPOS="730" HPOS="950"/>
							<String ID="string_190" HPOS="973" VPOS="729" WIDTH="47" HEIGHT="22" WC="0.95" CONTENT="icke"/>
						</TextLine>
						<TextLine ID="line_19" HPOS="203" VPOS="758" WIDTH="817" HEIGHT="29">
							<String ID="string_191" HPOS="203" VPOS="759" WIDTH="72" HEIGHT="28" WC="0.93" CONTENT="ingick"/><SP WIDTH="15" VPOS="759" HPOS="275"/>
							<String ID="string_192" HPOS="290" VPOS="760" WIDTH="29" HEIGHT="20" WC="0.96" CONTENT="uti"/><SP WIDTH="16" VPOS="760" HPOS="319"/>
							<String ID="string_193" HPOS="335" VPOS="759" WIDTH="34" HEIGHT="21" WC="0.96" CONTENT="Hr"/><SP WIDTH="15" VPOS="759" HPOS="369"/>
							<String ID="string_194" HPOS="384" VPOS="759" WIDTH="24" HEIGHT="22" WC="0.93" CONTENT="L."/><SP WIDTH="15" VPOS="759" HPOS="408"/>
							<String ID="string_195" HPOS="423" VPOS="759" WIDTH="119" HEIGHT="21" WC="0.90" CONTENT="Mechelins"/><SP WIDTH="10" VPOS="759" HPOS="542"/>
							<String ID="string_196" HPOS="552" VPOS="759" WIDTH="85" HEIGHT="27" WC="0.93" CONTENT="förslag,"/><SP WIDTH="16" VPOS="759" HPOS="637"/>
							<String ID="string_197" HPOS="653" VPOS="758" WIDTH="84" HEIGHT="22" WC="0.92" CONTENT="hvartill"/><SP WIDTH="16" VPOS="758" HPOS="737"/>
							<String ID="string_198" HPOS="753" VPOS="758" WIDTH="56" HEIGHT="21" WC="0.90" CONTENT="Frih."/><SP WIDTH="15" VPOS="758" HPOS="809"/>
							<String ID="string_199" HPOS="824" VPOS="766" WIDTH="53" HEIGHT="13" WC="0.96" CONTENT="von"/><SP WIDTH="10" VPOS="766" HPOS="877"/>
							<String ID="string_200" HPOS="887" VPOS="759" WIDTH="72" HEIGHT="21" WC="0.93" CONTENT="Born"/><SP WIDTH="10" VPOS="759" HPOS="959"/>
							<String ID="string_201" HPOS="969" VPOS="766" WIDTH="51" HEIGHT="20" WC="0.92" CONTENT="gen-"/>
						</TextLine>
						<TextLine ID="line_20" HPOS="204" VPOS="787" WIDTH="816" HEIGHT="26">
							<String ID="string_202" HPOS="204" VPOS="788" WIDTH="75" HEIGHT="24" WC="0.92" CONTENT="mälde,"/><SP WIDTH="19" VPOS="788" HPOS="279"/>
							<String ID="string_203" HPOS="298" VPOS="788" WIDTH="37" HEIGHT="21" WC="0.96" CONTENT="det"/><SP WIDTH="20" VPOS="788" HPOS="335"/>
							<String ID="string_204" HPOS="355" VPOS="787" WIDTH="67" HEIGHT="22" WC="0.93" CONTENT="andra"/><SP WIDTH="21" VPOS="787" HPOS="422"/>
							<String ID="string_205" HPOS="443" VPOS="788" WIDTH="159" HEIGHT="21" WC="0.91" CONTENT="reservationen"/><SP WIDTH="22" VPOS="788" HPOS="602"/>
							<String ID="string_206" HPOS="624" VPOS="787" WIDTH="55" HEIGHT="21" WC="0.93" CONTENT="dock"/><SP WIDTH="21" VPOS="787" HPOS="679"/>
							<String ID="string_207" HPOS="700" VPOS="787" WIDTH="65" HEIGHT="22" WC="0.92" CONTENT="äfven"/><SP WIDTH="22" VPOS="787" HPOS="765"/>
							<String ID="string_208" HPOS="787" VPOS="787" WIDTH="72" HEIGHT="21" WC="0.91" CONTENT="blifvit"/><SP WIDTH="21" VPOS="787" HPOS="859"/>
							<String ID="string_209" HPOS="880" VPOS="787" WIDTH="140" HEIGHT="26" WC="0.90" CONTENT="understödd;"/>
						</TextLine>
						<TextLine ID="line_21" HPOS="204" VPOS="817" WIDTH="291" HEIGHT="21">
							<String ID="string_210" HPOS="204" VPOS="817" WIDTH="51" HEIGHT="21" WC="0.89" CONTENT="derä"/><SP WIDTH="14" VPOS="817" HPOS="255"/>
							<String ID="string_211" HPOS="269" VPOS="817" WIDTH="113" HEIGHT="21" WC="0.89" CONTENT="Friherren"/><SP WIDTH="15" VPOS="817" HPOS="382"/>
							<String ID="string_212" HPOS="397" VPOS="817" WIDTH="98" HEIGHT="21" WC="0.92" CONTENT="forsatte:"/>
						</TextLine>
					</TextBlock>
					<TextBlock ID="block_3" HPOS="202" VPOS="845" WIDTH="820" HEIGHT="372">
						<TextLine ID="line_22" HPOS="272" VPOS="845" WIDTH="748" HEIGHT="28">
							<String ID="string_213" HPOS="272" VPOS="845" WIDTH="42" HEIGHT="28" WC="0.92" CONTENT="Jag"/><SP WIDTH="22" VPOS="845" HPOS="314"/>
							<String ID="string_214" HPOS="336" VPOS="845" WIDTH="89" HEIGHT="21" WC="0.96" CONTENT="ämnade"/><SP WIDTH="19" VPOS="845" HPOS="425"/>
							<String ID="string_215" HPOS="444" VPOS="846" WIDTH="43" HEIGHT="27" WC="0.93" CONTENT="just"/><SP WIDTH="15" VPOS="846" HPOS="487"/>
							<String ID="string_216" HPOS="502" VPOS="845" WIDTH="76" HEIGHT="22" WC="0.93" CONTENT="afsluta"/><SP WIDTH="15" VPOS="845" HPOS="578"/>
							<String ID="string_217" HPOS="593" VPOS="847" WIDTH="42" HEIGHT="19" WC="0.93" CONTENT="min"/><SP WIDTH="16" VPOS="847" HPOS="635"/>
							<String ID="string_218" HPOS="651" VPOS="845" WIDTH="132" HEIGHT="28" WC="0.96" CONTENT="bevisföring"/><SP WIDTH="15" VPOS="845" HPOS="783"/>
							<String ID="string_219" HPOS="798" VPOS="845" WIDTH="48" HEIGHT="21" WC="0.96" CONTENT="med"/><SP WIDTH="15" VPOS="845" HPOS="846"/>
							<String ID="string_220" HPOS="861" VPOS="847" WIDTH="32" HEIGHT="19" WC="0.96" CONTENT="att"/><SP WIDTH="13" VPOS="847" HPOS="893"/>
							<String ID="string_221" HPOS="906" VPOS="845" WIDTH="35" HEIGHT="28" WC="0.93" CONTENT="jag"/><SP WIDTH="15" VPOS="845" HPOS="941"/>
							<String ID="string_222" HPOS="956" VPOS="845" WIDTH="64" HEIGHT="21" WC="0.96" CONTENT="äfven"/>
						</TextLine>
						<TextLine ID="line_23" HPOS="204" VPOS="873" WIDTH="816" HEIGHT="29">
							<String ID="string_223" HPOS="204" VPOS="875" WIDTH="5" HEIGHT="20" WC="0.96" CONTENT="i"/><SP WIDTH="24" VPOS="875" HPOS="209"/>
							<String ID="string_224" HPOS="233" VPOS="874" WIDTH="69" HEIGHT="21" WC="0.92" CONTENT="denna"/><SP WIDTH="21" VPOS="874" HPOS="302"/>
							<String ID="string_225" HPOS="323" VPOS="874" WIDTH="156" HEIGHT="28" WC="0.96" CONTENT="omständighet"/><SP WIDTH="22" VPOS="874" HPOS="479"/>
							<String ID="string_226" HPOS="501" VPOS="874" WIDTH="67" HEIGHT="21" WC="0.95" CONTENT="finner"/><SP WIDTH="20" VPOS="874" HPOS="568"/>
							<String ID="string_227" HPOS="588" VPOS="881" WIDTH="27" HEIGHT="14" WC="0.90" CONTENT="en"/><SP WIDTH="22" VPOS="881" HPOS="615"/>
							<String ID="string_228" HPOS="637" VPOS="873" WIDTH="68" HEIGHT="22" WC="0.96" CONTENT="fördel"/><SP WIDTH="19" VPOS="873" HPOS="705"/>
							<String ID="string_229" HPOS="724" VPOS="875" WIDTH="3" HEIGHT="20" WC="0.96" CONTENT="i"/><SP WIDTH="16" VPOS="875" HPOS="727"/>
							<String ID="string_230" HPOS="743" VPOS="873" WIDTH="34" HEIGHT="22" WC="0.93" CONTENT="Hr"/><SP WIDTH="21" VPOS="873" HPOS="777"/>
							<String ID="string_231" HPOS="798" VPOS="873" WIDTH="119" HEIGHT="22" WC="0.91" CONTENT="Mechelins"/><SP WIDTH="18" VPOS="873" HPOS="917"/>
							<String ID="string_232" HPOS="935" VPOS="874" WIDTH="85" HEIGHT="28" WC="0.96" CONTENT="förslag."/>
						</TextLine>
						<TextLine ID="line_24" HPOS="206" VPOS="902" WIDTH="816" HEIGHT="29">
							<String ID="string_233" HPOS="206" VPOS="903" WIDTH="147" HEIGHT="28" WC="0.96" CONTENT="Anmärkning"/><SP WIDTH="23" VPOS="903" HPOS="353"/>
							<String ID="string_234" HPOS="376" VPOS="906" WIDTH="56" HEIGHT="18" WC="0.96" CONTENT="emot"/><SP WIDTH="22" VPOS="906" HPOS="432"/>
							<String ID="string_235" HPOS="454" VPOS="902" WIDTH="70" HEIGHT="22" WC="0.93" CONTENT="denna"/><SP WIDTH="18" VPOS="902" HPOS="524"/>
							<String ID="string_236" HPOS="542" VPOS="903" WIDTH="68" HEIGHT="28" WC="0.96" CONTENT="punkt"/><SP WIDTH="19" VPOS="903" HPOS="610"/>
							<String ID="string_237" HPOS="629" VPOS="910" WIDTH="38" HEIGHT="14" WC="0.0" CONTENT="var"/><SP WIDTH="12" VPOS="910" HPOS="667"/>
							<String ID="string_238" HPOS="679" VPOS="902" WIDTH="24" HEIGHT="22" WC="0.0" CONTENT="sä"/><SP WIDTH="15" VPOS="902" HPOS="703"/>
							<String ID="string_239" HPOS="718" VPOS="903" WIDTH="84" HEIGHT="28" WC="0.93" CONTENT="mycket"/><SP WIDTH="15" VPOS="903" HPOS="802"/>
							<String ID="string_240" HPOS="817" VPOS="902" WIDTH="158" HEIGHT="28" WC="0.92" CONTENT="nödvändigare"/><SP WIDTH="15" VPOS="902" HPOS="975"/>
							<String ID="string_241" HPOS="990" VPOS="906" WIDTH="32" HEIGHT="18" WC="0.96" CONTENT="att"/>
						</TextLine>
						<TextLine ID="line_25" HPOS="204" VPOS="931" WIDTH="816" HEIGHT="28">
							<String ID="string_242" HPOS="204" VPOS="932" WIDTH="123" HEIGHT="26" WC="0.95" CONTENT="framställa,"/><SP WIDTH="21" VPOS="932" HPOS="327"/>
							<String ID="string_243" HPOS="348" VPOS="939" WIDTH="46" HEIGHT="13" WC="0.96" CONTENT="som"/><SP WIDTH="22" VPOS="939" HPOS="394"/>
							<String ID="string_244" HPOS="416" VPOS="932" WIDTH="37" HEIGHT="20" WC="0.93" CONTENT="det"/><SP WIDTH="21" VPOS="932" HPOS="453"/>
							<String ID="string_245" HPOS="474" VPOS="932" WIDTH="44" HEIGHT="20" WC="0.96" CONTENT="står"/><SP WIDTH="19" VPOS="932" HPOS="518"/>
							<String ID="string_246" HPOS="537" VPOS="932" WIDTH="7" HEIGHT="20" WC="0.96" CONTENT="i"/><SP WIDTH="20" VPOS="932" HPOS="544"/>
							<String ID="string_247" HPOS="564" VPOS="931" WIDTH="48" HEIGHT="22" WC="0.96" CONTENT="dess"/><SP WIDTH="20" VPOS="931" HPOS="612"/>
							<String ID="string_248" HPOS="632" VPOS="932" WIDTH="52" HEIGHT="20" WC="0.96" CONTENT="sista"/><SP WIDTH="15" VPOS="932" HPOS="684"/>
							<String ID="string_249" HPOS="699" VPOS="932" WIDTH="97" HEIGHT="27" WC="0.93" CONTENT="mening:"/><SP WIDTH="19" VPOS="932" HPOS="796"/>
							<String ID="string_250" HPOS="815" VPOS="931" WIDTH="46" HEIGHT="28" WC="0.91" CONTENT="»lag"/><SP WIDTH="15" VPOS="931" HPOS="861"/>
							<String ID="string_251" HPOS="876" VPOS="939" WIDTH="79" HEIGHT="13" WC="0.93" CONTENT="samma"/><SP WIDTH="16" VPOS="939" HPOS="955"/>
							<String ID="string_252" HPOS="971" VPOS="939" WIDTH="49" HEIGHT="13" WC="0.93" CONTENT="vare"/>
						</TextLine>
						<TextLine ID="line_26" HPOS="205" VPOS="960" WIDTH="816" HEIGHT="28">
							<String ID="string_253" HPOS="205" VPOS="968" WIDTH="34" HEIGHT="14" WC="0.95" CONTENT="om"/><SP WIDTH="23" VPOS="968" HPOS="239"/>
							<String ID="string_254" HPOS="262" VPOS="960" WIDTH="47" HEIGHT="26" WC="0.96" CONTENT="den,"/><SP WIDTH="22" VPOS="960" HPOS="309"/>
							<String ID="string_255" HPOS="331" VPOS="968" WIDTH="45" HEIGHT="13" WC="0.92" CONTENT="som"/><SP WIDTH="15" VPOS="968" HPOS="376"/>
							<String ID="string_256" HPOS="391" VPOS="960" WIDTH="13" HEIGHT="21" WC="0.83" CONTENT="å"/><SP WIDTH="14" VPOS="960" HPOS="404"/>
							<String ID="string_257" HPOS="418" VPOS="960" WIDTH="47" HEIGHT="28" WC="0.93" CONTENT="lega"/><SP WIDTH="17" VPOS="960" HPOS="465"/>
							<String ID="string_258" HPOS="482" VPOS="960" WIDTH="104" HEIGHT="21" WC="0.93" CONTENT="bebrukar"/><SP WIDTH="15" VPOS="960" HPOS="586"/>
							<String ID="string_259" HPOS="601" VPOS="968" WIDTH="80" HEIGHT="13" WC="0.96" CONTENT="annans"/><SP WIDTH="14" VPOS="968" HPOS="681"/>
							<String ID="string_260" HPOS="695" VPOS="960" WIDTH="68" HEIGHT="28" WC="0.85" CONTENT="jord»."/><SP WIDTH="29" VPOS="960" HPOS="763"/>
							<String ID="string_261" HPOS="792" VPOS="960" WIDTH="72" HEIGHT="22" WC="0.91" CONTENT="Skulle"/><SP WIDTH="17" VPOS="960" HPOS="864"/>
							<String ID="string_262" HPOS="881" VPOS="960" WIDTH="58" HEIGHT="21" WC="0.93" CONTENT="detta"/><SP WIDTH="15" VPOS="960" HPOS="939"/>
							<String ID="string_263" HPOS="954" VPOS="960" WIDTH="67" HEIGHT="22" WC="0.96" CONTENT="blifva"/>
						</TextLine>
						<TextLine ID="line_27" HPOS="205" VPOS="988" WIDTH="815" HEIGHT="29">
							<String ID="string_264" HPOS="205" VPOS="989" WIDTH="41" HEIGHT="28" WC="0.96" CONTENT="lag,"/><SP WIDTH="15" VPOS="989" HPOS="246"/>
							<String ID="string_265" HPOS="261" VPOS="989" WIDTH="24" HEIGHT="21" WC="0.93" CONTENT="sä"/><SP WIDTH="15" VPOS="989" HPOS="285"/>
							<String ID="string_266" HPOS="300" VPOS="996" WIDTH="51" HEIGHT="14" WC="0.91" CONTENT="vore"/><SP WIDTH="16" VPOS="996" HPOS="351"/>
							<String ID="string_267" HPOS="367" VPOS="988" WIDTH="36" HEIGHT="22" WC="0.96" CONTENT="det"/><SP WIDTH="11" VPOS="988" HPOS="403"/>
							<String ID="string_268" HPOS="414" VPOS="989" WIDTH="95" HEIGHT="28" WC="0.96" CONTENT="omöjligt"/><SP WIDTH="10" VPOS="989" HPOS="509"/>
							<String ID="string_269" HPOS="519" VPOS="992" WIDTH="31" HEIGHT="18" WC="0.93" CONTENT="att"/><SP WIDTH="12" VPOS="992" HPOS="550"/>
							<String ID="string_270" HPOS="562" VPOS="989" WIDTH="97" HEIGHT="21" WC="0.93" CONTENT="beskatta"/><SP WIDTH="11" VPOS="989" HPOS="659"/>
							<String ID="string_271" HPOS="670" VPOS="988" WIDTH="99" HEIGHT="27" WC="0.93" CONTENT="landbon,"/><SP WIDTH="10" VPOS="988" HPOS="769"/>
							<String ID="string_272" HPOS="779" VPOS="991" WIDTH="23" HEIGHT="26" WC="0.93" CONTENT="ty"/><SP WIDTH="9" VPOS="991" HPOS="802"/>
							<String ID="string_273" HPOS="811" VPOS="988" WIDTH="131" HEIGHT="29" WC="0.92" CONTENT="jordskatten"/><SP WIDTH="12" VPOS="988" HPOS="942"/>
							<String ID="string_274" HPOS="954" VPOS="990" WIDTH="66" HEIGHT="20" WC="0.92" CONTENT="mäste"/>
						</TextLine>
						<TextLine ID="line_28" HPOS="206" VPOS="1017" WIDTH="816" HEIGHT="29">
							<String ID="string_275" HPOS="206" VPOS="1018" WIDTH="21" HEIGHT="28" WC="0.93" CONTENT="ju"/><SP WIDTH="23" VPOS="1018" HPOS="227"/>
							<String ID="string_276" HPOS="250" VPOS="1018" WIDTH="80" HEIGHT="21" WC="0.91" CONTENT="drabba"/><SP WIDTH="19" VPOS="1018" HPOS="330"/>
							<String ID="string_277" HPOS="349" VPOS="1018" WIDTH="132" HEIGHT="26" WC="0.93" CONTENT="husbonden,"/><SP WIDTH="19" VPOS="1018" HPOS="481"/>
							<String ID="string_278" HPOS="500" VPOS="1018" WIDTH="130" HEIGHT="28" WC="0.91" CONTENT="jordegaren,"/><SP WIDTH="22" VPOS="1018" HPOS="630"/>
							<String ID="string_279" HPOS="652" VPOS="1017" WIDTH="40" HEIGHT="21" WC="0.93" CONTENT="och"/><SP WIDTH="15" VPOS="1017" HPOS="692"/>
							<String ID="string_280" HPOS="707" VPOS="1017" WIDTH="101" HEIGHT="24" WC="0.93" CONTENT="landbon,"/><SP WIDTH="15" VPOS="1017" HPOS="808"/>
							<String ID="string_281" HPOS="823" VPOS="1025" WIDTH="45" HEIGHT="14" WC="0.96" CONTENT="som"/><SP WIDTH="16" VPOS="1025" HPOS="868"/>
							<String ID="string_282" HPOS="884" VPOS="1018" WIDTH="45" HEIGHT="20" WC="0.93" CONTENT="ofta"/><SP WIDTH="15" VPOS="1018" HPOS="929"/>
							<String ID="string_283" HPOS="944" VPOS="1018" WIDTH="78" HEIGHT="21" WC="0.93" CONTENT="brukar"/>
						</TextLine>
						<TextLine ID="line_29" HPOS="203" VPOS="1046" WIDTH="818" HEIGHT="28">
							<String ID="string_284" HPOS="203" VPOS="1046" WIDTH="126" HEIGHT="28" WC="0.92" CONTENT="lägenheten"/><SP WIDTH="21" VPOS="1046" HPOS="329"/>
							<String ID="string_285" HPOS="350" VPOS="1046" WIDTH="48" HEIGHT="21" WC="0.96" CONTENT="med"/><SP WIDTH="18" VPOS="1046" HPOS="398"/>
							<String ID="string_286" HPOS="416" VPOS="1054" WIDTH="54" HEIGHT="20" WC="0.96" CONTENT="egna"/><SP WIDTH="16" VPOS="1054" HPOS="470"/>
							<String ID="string_287" HPOS="486" VPOS="1046" WIDTH="40" HEIGHT="22" WC="0.96" CONTENT="och"/><SP WIDTH="15" VPOS="1046" HPOS="526"/>
							<String ID="string_288" HPOS="541" VPOS="1047" WIDTH="33" HEIGHT="21" WC="0.93" CONTENT="sin"/><SP WIDTH="15" VPOS="1047" HPOS="574"/>
							<String ID="string_289" HPOS="589" VPOS="1046" WIDTH="78" HEIGHT="28" WC="0.92" CONTENT="familjs"/><SP WIDTH="16" VPOS="1046" HPOS="667"/>
							<String ID="string_290" HPOS="683" VPOS="1046" WIDTH="86" HEIGHT="26" WC="0.92" CONTENT="krafter,"/><SP WIDTH="15" VPOS="1046" HPOS="769"/>
							<String ID="string_291" HPOS="784" VPOS="1046" WIDTH="67" HEIGHT="22" WC="0.93" CONTENT="skulle"/><SP WIDTH="16" VPOS="1046" HPOS="851"/>
							<String ID="string_292" HPOS="867" VPOS="1046" WIDTH="28" HEIGHT="28" WC="0.93" CONTENT="gä"/><SP WIDTH="14" VPOS="1046" HPOS="895"/>
							<String ID="string_293" HPOS="909" VPOS="1047" WIDTH="7" HEIGHT="20" WC="0.93" CONTENT="i"/><SP WIDTH="15" VPOS="1047" HPOS="916"/>
							<String ID="string_294" HPOS="931" VPOS="1046" WIDTH="41" HEIGHT="22" WC="0.91" CONTENT="allo"/><SP WIDTH="15" VPOS="1046" HPOS="972"/>
							<String ID="string_295" HPOS="987" VPOS="1047" WIDTH="34" HEIGHT="21" WC="0.92" CONTENT="fri."/>
						</TextLine>
						<TextLine ID="line_30" HPOS="202" VPOS="1075" WIDTH="819" HEIGHT="28">
							<String ID="string_296" HPOS="202" VPOS="1075" WIDTH="42" HEIGHT="28" WC="0.96" CONTENT="Jag"/><SP WIDTH="21" VPOS="1075" HPOS="244"/>
							<String ID="string_297" HPOS="265" VPOS="1075" WIDTH="53" HEIGHT="21" WC="0.93" CONTENT="skall"/><SP WIDTH="16" VPOS="1075" HPOS="318"/>
							<String ID="string_298" HPOS="334" VPOS="1075" WIDTH="73" HEIGHT="21" WC="0.93" CONTENT="derför"/><SP WIDTH="14" VPOS="1075" HPOS="407"/>
							<String ID="string_299" HPOS="421" VPOS="1075" WIDTH="115" HEIGHT="21" WC="0.91" CONTENT="inskränka"/><SP WIDTH="14" VPOS="1075" HPOS="536"/>
							<String ID="string_300" HPOS="550" VPOS="1076" WIDTH="43" HEIGHT="27" WC="0.96" CONTENT="mig"/><SP WIDTH="15" VPOS="1076" HPOS="593"/>
							<String ID="string_301" HPOS="608" VPOS="1075" WIDTH="31" HEIGHT="20" WC="0.96" CONTENT="till"/><SP WIDTH="16" VPOS="1075" HPOS="639"/>
							<String ID="string_302" HPOS="655" VPOS="1078" WIDTH="31" HEIGHT="18" WC="0.96" CONTENT="att"/><SP WIDTH="15" VPOS="1078" HPOS="686"/>
							<String ID="string_303" HPOS="701" VPOS="1075" WIDTH="76" HEIGHT="21" WC="0.93" CONTENT="endast"/><SP WIDTH="13" VPOS="1075" HPOS="777"/>
							<String ID="string_304" HPOS="790" VPOS="1075" WIDTH="57" HEIGHT="21" WC="0.92" CONTENT="fästa"/><SP WIDTH="14" VPOS="1075" HPOS="847"/>
							<String ID="string_305" HPOS="861" VPOS="1075" WIDTH="160" HEIGHT="28" WC="0.91" CONTENT="uppmärksam-"/>
						</TextLine>
						<TextLine ID="line_31" HPOS="205" VPOS="1103" WIDTH="816" HEIGHT="29">
							<String ID="string_306" HPOS="205" VPOS="1104" WIDTH="63" HEIGHT="20" WC="0.92" CONTENT="heten"/><SP WIDTH="23" VPOS="1104" HPOS="268"/>
							<String ID="string_307" HPOS="291" VPOS="1103" WIDTH="36" HEIGHT="21" WC="0.96" CONTENT="vid"/><SP WIDTH="16" VPOS="1103" HPOS="327"/>
							<String ID="string_308" HPOS="343" VPOS="1106" WIDTH="31" HEIGHT="18" WC="0.96" CONTENT="att"/><SP WIDTH="15" VPOS="1106" HPOS="374"/>
							<String ID="string_309" HPOS="389" VPOS="1104" WIDTH="69" HEIGHT="20" WC="0.93" CONTENT="denna"/><SP WIDTH="15" VPOS="1104" HPOS="458"/>
							<String ID="string_310" HPOS="473" VPOS="1104" WIDTH="68" HEIGHT="28" WC="0.92" CONTENT="punkt"/><SP WIDTH="19" VPOS="1104" HPOS="541"/>
							<String ID="string_311" HPOS="560" VPOS="1103" WIDTH="71" HEIGHT="21" WC="0.93" CONTENT="kunde"/><SP WIDTH="17" VPOS="1103" HPOS="631"/>
							<String ID="string_312" HPOS="648" VPOS="1103" WIDTH="114" HEIGHT="28" WC="0.92" CONTENT="begränsas"/><SP WIDTH="15" VPOS="1103" HPOS="762"/>
							<String ID="string_313" HPOS="777" VPOS="1104" WIDTH="32" HEIGHT="20" WC="0.96" CONTENT="till"/><SP WIDTH="16" VPOS="1104" HPOS="809"/>
							<String ID="string_314" HPOS="825" VPOS="1111" WIDTH="25" HEIGHT="14" WC="0.93" CONTENT="en"/><SP WIDTH="15" VPOS="1111" HPOS="850"/>
							<String ID="string_315" HPOS="865" VPOS="1104" WIDTH="111" HEIGHT="20" WC="0.93" CONTENT="föreskrift"/><SP WIDTH="14" VPOS="1104" HPOS="976"/>
							<String ID="string_316" HPOS="990" VPOS="1107" WIDTH="31" HEIGHT="17" WC="0.97" CONTENT="att"/>
						</TextLine>
						<TextLine ID="line_32" HPOS="204" VPOS="1132" WIDTH="817" HEIGHT="28">
							<String ID="string_317" HPOS="204" VPOS="1132" WIDTH="65" HEIGHT="21" WC="0.96" CONTENT="också"/><SP WIDTH="15" VPOS="1132" HPOS="269"/>
							<String ID="string_318" HPOS="284" VPOS="1132" WIDTH="93" HEIGHT="21" WC="0.96" CONTENT="inkomst"/><SP WIDTH="12" VPOS="1132" HPOS="377"/>
							<String ID="string_319" HPOS="389" VPOS="1132" WIDTH="23" HEIGHT="21" WC="0.93" CONTENT="af"/><SP WIDTH="9" VPOS="1132" HPOS="412"/>
							<String ID="string_320" HPOS="421" VPOS="1132" WIDTH="159" HEIGHT="28" WC="0.87" CONTENT="rörelsekapital"/><SP WIDTH="12" VPOS="1132" HPOS="580"/>
							<String ID="string_321" HPOS="592" VPOS="1132" WIDTH="37" HEIGHT="21" WC="0.93" CONTENT="bör"/><SP WIDTH="16" VPOS="1132" HPOS="629"/>
							<String ID="string_322" HPOS="645" VPOS="1132" WIDTH="115" HEIGHT="26" WC="0.96" CONTENT="beskattas,"/><SP WIDTH="15" VPOS="1132" HPOS="760"/>
							<String ID="string_323" HPOS="775" VPOS="1132" WIDTH="109" HEIGHT="21" WC="0.96" CONTENT="hvaremot"/><SP WIDTH="15" VPOS="1132" HPOS="884"/>
							<String ID="string_324" HPOS="899" VPOS="1132" WIDTH="74" HEIGHT="28" WC="0.96" CONTENT="frågan"/><SP WIDTH="13" VPOS="1132" HPOS="973"/>
							<String ID="string_325" HPOS="986" VPOS="1140" WIDTH="35" HEIGHT="13" WC="0.96" CONTENT="om"/>
						</TextLine>
						<TextLine ID="line_33" HPOS="203" VPOS="1160" WIDTH="818" HEIGHT="29">
							<String ID="string_326" HPOS="203" VPOS="1161" WIDTH="94" HEIGHT="21" WC="0.95" CONTENT="inkomst"/><SP WIDTH="18" VPOS="1161" HPOS="297"/>
							<String ID="string_327" HPOS="315" VPOS="1160" WIDTH="23" HEIGHT="22" WC="0.92" CONTENT="af"/><SP WIDTH="18" VPOS="1160" HPOS="338"/>
							<String ID="string_328" HPOS="356" VPOS="1160" WIDTH="212" HEIGHT="27" WC="0.92" CONTENT="arbetsverksamhet,"/><SP WIDTH="15" VPOS="1160" HPOS="568"/>
							<String ID="string_329" HPOS="583" VPOS="1168" WIDTH="50" HEIGHT="14" WC="0.96" CONTENT="vare"/><SP WIDTH="15" VPOS="1168" HPOS="633"/>
							<String ID="string_330" HPOS="648" VPOS="1161" WIDTH="33" HEIGHT="27" WC="0.96" CONTENT="sig"/><SP WIDTH="15" VPOS="1161" HPOS="681"/>
							<String ID="string_331" HPOS="696" VPOS="1160" WIDTH="27" HEIGHT="29" WC="0.96" CONTENT="på"/><SP WIDTH="16" VPOS="1160" HPOS="723"/>
							<String ID="string_332" HPOS="739" VPOS="1168" WIDTH="53" HEIGHT="20" WC="0.96" CONTENT="egen"/><SP WIDTH="16" VPOS="1168" HPOS="792"/>
							<String ID="string_333" HPOS="808" VPOS="1161" WIDTH="50" HEIGHT="21" WC="0.96" CONTENT="eller"/><SP WIDTH="15" VPOS="1161" HPOS="858"/>
							<String ID="string_334" HPOS="873" VPOS="1168" WIDTH="80" HEIGHT="14" WC="0.96" CONTENT="annans"/><SP WIDTH="15" VPOS="1168" HPOS="953"/>
							<String ID="string_335" HPOS="968" VPOS="1160" WIDTH="53" HEIGHT="29" WC="0.96" CONTENT="jord,"/>
						</TextLine>
						<TextLine ID="line_34" HPOS="203" VPOS="1189" WIDTH="202" HEIGHT="28">
							<String ID="string_336" HPOS="203" VPOS="1189" WIDTH="39" HEIGHT="21" WC="0.90" CONTENT="hör"/><SP WIDTH="14" VPOS="1189" HPOS="242"/>
							<String ID="string_337" HPOS="256" VPOS="1189" WIDTH="32" HEIGHT="21" WC="0.96" CONTENT="till"/><SP WIDTH="15" VPOS="1189" HPOS="288"/>
							<String ID="string_338" HPOS="303" VPOS="1189" WIDTH="68" HEIGHT="28" WC="0.93" CONTENT="punkt"/><SP WIDTH="16" VPOS="1189" HPOS="371"/>
							<String ID="string_339" HPOS="387" VPOS="1189" WIDTH="18" HEIGHT="21" WC="0.88" CONTENT="b."/>
						</TextLine>
					</TextBlock>
				</ComposedBlock>
				<ComposedBlock ID="cblock_4" HPOS="203" VPOS="1245" WIDTH="818" HEIGHT="314">
					<TextBlock ID="block_4" HPOS="203" VPOS="1245" WIDTH="818" HEIGHT="314">
						<TextLine ID="line_35" HPOS="271" VPOS="1245" WIDTH="750" HEIGHT="29">
							<String ID="string_340" HPOS="271" VPOS="1245" WIDTH="35" HEIGHT="22" WC="0.96" CONTENT="Hr"/><SP WIDTH="11" VPOS="1245" HPOS="306"/>
							<String ID="string_341" HPOS="317" VPOS="1245" WIDTH="122" HEIGHT="22" WC="0.96" CONTENT="Alexander"/><SP WIDTH="15" VPOS="1245" HPOS="439"/>
							<String ID="string_342" HPOS="454" VPOS="1246" WIDTH="144" HEIGHT="21" WC="0.52" CONTENT="Aminoff:"/><SP WIDTH="25" VPOS="1246" HPOS="598"/>
							<String ID="string_343" HPOS="623" VPOS="1245" WIDTH="43" HEIGHT="22" WC="0.96" CONTENT="För"/><SP WIDTH="15" VPOS="1245" HPOS="666"/>
							<String ID="string_344" HPOS="681" VPOS="1246" WIDTH="42" HEIGHT="21" WC="0.96" CONTENT="min"/><SP WIDTH="16" VPOS="1246" HPOS="723"/>
							<String ID="string_345" HPOS="739" VPOS="1246" WIDTH="35" HEIGHT="21" WC="0.96" CONTENT="del"/><SP WIDTH="16" VPOS="1246" HPOS="774"/>
							<String ID="string_346" HPOS="790" VPOS="1245" WIDTH="37" HEIGHT="22" WC="0.96" CONTENT="ber"/><SP WIDTH="13" VPOS="1245" HPOS="827"/>
							<String ID="string_347" HPOS="840" VPOS="1246" WIDTH="35" HEIGHT="28" WC="0.96" CONTENT="jag"/><SP WIDTH="11" VPOS="1246" HPOS="875"/>
							<String ID="string_348" HPOS="886" VPOS="1248" WIDTH="36" HEIGHT="23" WC="0.93" CONTENT="att,"/><SP WIDTH="11" VPOS="1248" HPOS="922"/>
							<String ID="string_349" HPOS="933" VPOS="1245" WIDTH="88" HEIGHT="22" WC="0.92" CONTENT="oaktadt"/>
						</TextLine>
						<TextLine ID="line_36" HPOS="204" VPOS="1274" WIDTH="817" HEIGHT="29">
							<String ID="string_350" HPOS="204" VPOS="1274" WIDTH="24" HEIGHT="21" WC="0.93" CONTENT="sä"/><SP WIDTH="15" VPOS="1274" HPOS="228"/>
							<String ID="string_351" HPOS="243" VPOS="1274" WIDTH="76" HEIGHT="27" WC="0.96" CONTENT="många"/><SP WIDTH="14" VPOS="1274" HPOS="319"/>
							<String ID="string_352" HPOS="333" VPOS="1274" WIDTH="66" HEIGHT="21" WC="0.96" CONTENT="talare"/><SP WIDTH="15" VPOS="1274" HPOS="399"/>
							<String ID="string_353" HPOS="414" VPOS="1274" WIDTH="38" HEIGHT="21" WC="0.93" CONTENT="här"/><SP WIDTH="15" VPOS="1274" HPOS="452"/>
							<String ID="string_354" HPOS="467" VPOS="1275" WIDTH="101" HEIGHT="28" WC="0.92" CONTENT="uppträdt"/><SP WIDTH="15" VPOS="1275" HPOS="568"/>
							<String ID="string_355" HPOS="583" VPOS="1275" WIDTH="34" HEIGHT="20" WC="0.96" CONTENT="för"/><SP WIDTH="14" VPOS="1275" HPOS="617"/>
							<String ID="string_356" HPOS="631" VPOS="1274" WIDTH="41" HEIGHT="21" WC="0.96" CONTENT="den"/><SP WIDTH="16" VPOS="1274" HPOS="672"/>
							<String ID="string_357" HPOS="688" VPOS="1274" WIDTH="66" HEIGHT="21" WC="0.93" CONTENT="andra"/><SP WIDTH="14" VPOS="1274" HPOS="754"/>
							<String ID="string_358" HPOS="768" VPOS="1275" WIDTH="158" HEIGHT="20" WC="0.96" CONTENT="reservationen"/><SP WIDTH="11" VPOS="1275" HPOS="926"/>
							<String ID="string_359" HPOS="937" VPOS="1274" WIDTH="40" HEIGHT="21" WC="0.96" CONTENT="och"/><SP WIDTH="10" VPOS="1274" HPOS="977"/>
							<String ID="string_360" HPOS="987" VPOS="1274" WIDTH="34" HEIGHT="21" WC="0.96" CONTENT="för"/>
						</TextLine>
						<TextLine ID="line_37" HPOS="204" VPOS="1302" WIDTH="817" HEIGHT="29">
							<String ID="string_361" HPOS="204" VPOS="1302" WIDTH="34" HEIGHT="21" WC="0.93" CONTENT="Hr"/><SP WIDTH="14" VPOS="1302" HPOS="238"/>
							<String ID="string_362" HPOS="252" VPOS="1302" WIDTH="120" HEIGHT="21" WC="0.86" CONTENT="Mechelins"/><SP WIDTH="15" VPOS="1302" HPOS="372"/>
							<String ID="string_363" HPOS="387" VPOS="1302" WIDTH="86" HEIGHT="29" WC="0.96" CONTENT="förslag,"/><SP WIDTH="15" VPOS="1302" HPOS="473"/>
							<String ID="string_364" HPOS="488" VPOS="1305" WIDTH="56" HEIGHT="19" WC="0.93" CONTENT="ännu"/><SP WIDTH="16" VPOS="1305" HPOS="544"/>
							<String ID="string_365" HPOS="560" VPOS="1303" WIDTH="23" HEIGHT="21" WC="0.96" CONTENT="få"/><SP WIDTH="15" VPOS="1303" HPOS="583"/>
							<String ID="string_366" HPOS="598" VPOS="1303" WIDTH="56" HEIGHT="20" WC="0.93" CONTENT="fästa"/><SP WIDTH="15" VPOS="1303" HPOS="654"/>
							<String ID="string_367" HPOS="669" VPOS="1302" WIDTH="102" HEIGHT="22" WC="0.93" CONTENT="Ständets"/><SP WIDTH="15" VPOS="1302" HPOS="771"/>
							<String ID="string_368" HPOS="786" VPOS="1303" WIDTH="186" HEIGHT="28" WC="0.96" CONTENT="uppmärksamhet"/><SP WIDTH="12" VPOS="1303" HPOS="972"/>
							<String ID="string_369" HPOS="984" VPOS="1303" WIDTH="37" HEIGHT="20" WC="0.96" CONTENT="vid"/>
						</TextLine>
						<TextLine ID="line_38" HPOS="204" VPOS="1331" WIDTH="817" HEIGHT="20">
							<String ID="string_370" HPOS="204" VPOS="1331" WIDTH="41" HEIGHT="20" WC="0.96" CONTENT="den"/><SP WIDTH="22" VPOS="1331" HPOS="245"/>
							<String ID="string_371" HPOS="267" VPOS="1331" WIDTH="66" HEIGHT="20" WC="0.93" CONTENT="femte"/><SP WIDTH="21" VPOS="1331" HPOS="333"/>
							<String ID="string_372" HPOS="354" VPOS="1332" WIDTH="159" HEIGHT="19" WC="0.92" CONTENT="reservationen"/><SP WIDTH="22" VPOS="1332" HPOS="513"/>
							<String ID="string_373" HPOS="535" VPOS="1331" WIDTH="40" HEIGHT="20" WC="0.95" CONTENT="och"/><SP WIDTH="19" VPOS="1331" HPOS="575"/>
							<String ID="string_374" HPOS="594" VPOS="1331" WIDTH="33" HEIGHT="20" WC="0.96" CONTENT="för"/><SP WIDTH="14" VPOS="1331" HPOS="627"/>
							<String ID="string_375" HPOS="641" VPOS="1332" WIDTH="43" HEIGHT="19" WC="0.96" CONTENT="min"/><SP WIDTH="16" VPOS="1332" HPOS="684"/>
							<String ID="string_376" HPOS="700" VPOS="1331" WIDTH="35" HEIGHT="20" WC="0.93" CONTENT="del"/><SP WIDTH="15" VPOS="1331" HPOS="735"/>
							<String ID="string_377" HPOS="750" VPOS="1331" WIDTH="129" HEIGHT="20" WC="0.91" CONTENT="understöda"/><SP WIDTH="14" VPOS="1331" HPOS="879"/>
							<String ID="string_378" HPOS="893" VPOS="1331" WIDTH="128" HEIGHT="20" WC="0.91" CONTENT="densamma."/>
						</TextLine>
						<TextLine ID="line_39" HPOS="204" VPOS="1358" WIDTH="817" HEIGHT="28">
							<String ID="string_379" HPOS="204" VPOS="1358" WIDTH="77" HEIGHT="21" WC="0.95" CONTENT="Denna"/><SP WIDTH="20" VPOS="1358" HPOS="281"/>
							<String ID="string_380" HPOS="301" VPOS="1359" WIDTH="130" HEIGHT="20" WC="0.96" CONTENT="reservation"/><SP WIDTH="22" VPOS="1359" HPOS="431"/>
							<String ID="string_381" HPOS="453" VPOS="1358" WIDTH="73" HEIGHT="28" WC="0.96" CONTENT="skiljer"/><SP WIDTH="20" VPOS="1358" HPOS="526"/>
							<String ID="string_382" HPOS="546" VPOS="1359" WIDTH="32" HEIGHT="26" WC="0.93" CONTENT="sig"/><SP WIDTH="15" VPOS="1359" HPOS="578"/>
							<String ID="string_383" HPOS="593" VPOS="1358" WIDTH="48" HEIGHT="21" WC="0.93" CONTENT="frän"/><SP WIDTH="17" VPOS="1358" HPOS="641"/>
							<String ID="string_384" HPOS="658" VPOS="1358" WIDTH="121" HEIGHT="21" WC="0.92" CONTENT="Utskottets"/><SP WIDTH="15" VPOS="1358" HPOS="779"/>
							<String ID="string_385" HPOS="794" VPOS="1358" WIDTH="135" HEIGHT="21" WC="0.92" CONTENT="betänkande"/><SP WIDTH="16" VPOS="1358" HPOS="929"/>
							<String ID="string_386" HPOS="945" VPOS="1358" WIDTH="76" HEIGHT="21" WC="0.96" CONTENT="endast"/>
						</TextLine>
						<TextLine ID="line_40" HPOS="205" VPOS="1385" WIDTH="816" HEIGHT="30">
							<String ID="string_387" HPOS="205" VPOS="1385" WIDTH="134" HEIGHT="27" WC="0.92" CONTENT="derutinnan,"/><SP WIDTH="19" VPOS="1385" HPOS="339"/>
							<String ID="string_388" HPOS="358" VPOS="1389" WIDTH="37" HEIGHT="22" WC="0.96" CONTENT="att,"/><SP WIDTH="15" VPOS="1389" HPOS="395"/>
							<String ID="string_389" HPOS="410" VPOS="1386" WIDTH="76" HEIGHT="21" WC="0.96" CONTENT="medan"/><SP WIDTH="16" VPOS="1386" HPOS="486"/>
							<String ID="string_390" HPOS="502" VPOS="1387" WIDTH="66" HEIGHT="28" WC="0.93" CONTENT="enligt"/><SP WIDTH="14" VPOS="1387" HPOS="568"/>
							<String ID="string_391" HPOS="582" VPOS="1386" WIDTH="123" HEIGHT="21" WC="0.93" CONTENT="Utskottets"/><SP WIDTH="15" VPOS="1386" HPOS="705"/>
							<String ID="string_392" HPOS="720" VPOS="1387" WIDTH="81" HEIGHT="28" WC="0.93" CONTENT="förslag"/><SP WIDTH="14" VPOS="1387" HPOS="801"/>
							<String ID="string_393" HPOS="815" VPOS="1386" WIDTH="48" HEIGHT="21" WC="0.93" CONTENT="frän"/><SP WIDTH="16" VPOS="1386" HPOS="863"/>
							<String ID="string_394" HPOS="879" VPOS="1387" WIDTH="142" HEIGHT="28" WC="0.91" CONTENT="skattskyldig"/>
						</TextLine>
						<TextLine ID="line_41" HPOS="203" VPOS="1415" WIDTH="818" HEIGHT="28">
							<String ID="string_395" HPOS="203" VPOS="1415" WIDTH="94" HEIGHT="21" WC="0.92" CONTENT="inkomst"/><SP WIDTH="20" VPOS="1415" HPOS="297"/>
							<String ID="string_396" HPOS="317" VPOS="1415" WIDTH="49" HEIGHT="21" WC="0.91" CONTENT="icke"/><SP WIDTH="22" VPOS="1415" HPOS="366"/>
							<String ID="string_397" HPOS="388" VPOS="1415" WIDTH="33" HEIGHT="21" WC="0.92" CONTENT="fär"/><SP WIDTH="16" VPOS="1415" HPOS="421"/>
							<String ID="string_398" HPOS="437" VPOS="1415" WIDTH="99" HEIGHT="28" WC="0.92" CONTENT="afdragas"/><SP WIDTH="21" VPOS="1415" HPOS="536"/>
							<String ID="string_399" HPOS="557" VPOS="1417" WIDTH="61" HEIGHT="19" WC="0.92" CONTENT="ränta"/><SP WIDTH="15" VPOS="1417" HPOS="618"/>
							<String ID="string_400" HPOS="633" VPOS="1415" WIDTH="13" HEIGHT="20" WC="0.91" CONTENT="ä"/><SP WIDTH="15" VPOS="1415" HPOS="646"/>
							<String ID="string_401" HPOS="661" VPOS="1415" WIDTH="115" HEIGHT="22" WC="0.91" CONTENT="intecknad"/><SP WIDTH="20" VPOS="1415" HPOS="776"/>
							<String ID="string_402" HPOS="796" VPOS="1415" WIDTH="62" HEIGHT="22" WC="0.95" CONTENT="skuld"/><SP WIDTH="16" VPOS="1415" HPOS="858"/>
							<String ID="string_403" HPOS="874" VPOS="1415" WIDTH="40" HEIGHT="21" WC="0.93" CONTENT="och"/><SP WIDTH="16" VPOS="1415" HPOS="914"/>
							<String ID="string_404" HPOS="930" VPOS="1416" WIDTH="91" HEIGHT="27" WC="0.92" CONTENT="sytning,"/>
						</TextLine>
						<TextLine ID="line_42" HPOS="204" VPOS="1443" WIDTH="816" HEIGHT="29">
							<String ID="string_405" HPOS="204" VPOS="1443" WIDTH="67" HEIGHT="28" WC="0.96" CONTENT="enligt"/><SP WIDTH="21" VPOS="1443" HPOS="271"/>
							<String ID="string_406" HPOS="292" VPOS="1443" WIDTH="65" HEIGHT="22" WC="0.93" CONTENT="femte"/><SP WIDTH="21" VPOS="1443" HPOS="357"/>
							<String ID="string_407" HPOS="378" VPOS="1445" WIDTH="159" HEIGHT="20" WC="0.92" CONTENT="reservationen"/><SP WIDTH="20" VPOS="1445" HPOS="537"/>
							<String ID="string_408" HPOS="557" VPOS="1443" WIDTH="76" HEIGHT="22" WC="0.90" CONTENT="sädant"/><SP WIDTH="15" VPOS="1443" HPOS="633"/>
							<String ID="string_409" HPOS="648" VPOS="1443" WIDTH="95" HEIGHT="22" WC="0.92" CONTENT="deremot"/><SP WIDTH="15" VPOS="1443" HPOS="743"/>
							<String ID="string_410" HPOS="758" VPOS="1444" WIDTH="34" HEIGHT="21" WC="0.92" CONTENT="fär"/><SP WIDTH="14" VPOS="1444" HPOS="792"/>
							<String ID="string_411" HPOS="806" VPOS="1444" WIDTH="44" HEIGHT="21" WC="0.92" CONTENT="ske."/><SP WIDTH="29" VPOS="1444" HPOS="850"/>
							<String ID="string_412" HPOS="879" VPOS="1444" WIDTH="42" HEIGHT="28" WC="0.96" CONTENT="Jag"/><SP WIDTH="14" VPOS="1444" HPOS="921"/>
							<String ID="string_413" HPOS="935" VPOS="1444" WIDTH="42" HEIGHT="21" WC="0.96" CONTENT="kan"/><SP WIDTH="15" VPOS="1444" HPOS="977"/>
							<String ID="string_414" HPOS="992" VPOS="1452" WIDTH="28" HEIGHT="13" WC="0.96" CONTENT="nu"/>
						</TextLine>
						<TextLine ID="line_43" HPOS="204" VPOS="1472" WIDTH="816" HEIGHT="36">
							<String ID="string_415" HPOS="204" VPOS="1472" WIDTH="96" HEIGHT="29" WC="0.93" CONTENT="omöjligt"/><SP WIDTH="14" VPOS="1472" HPOS="300"/>
							<String ID="string_416" HPOS="314" VPOS="1480" WIDTH="51" HEIGHT="13" WC="0.96" CONTENT="anse"/><SP WIDTH="16" VPOS="1480" HPOS="365"/>
							<String ID="string_417" HPOS="381" VPOS="1472" WIDTH="36" HEIGHT="21" WC="0.97" CONTENT="det"/><SP WIDTH="15" VPOS="1472" HPOS="417"/>
							<String ID="string_418" HPOS="432" VPOS="1480" WIDTH="50" HEIGHT="13" WC="0.93" CONTENT="vara"/><SP WIDTH="15" VPOS="1480" HPOS="482"/>
							<String ID="string_419" HPOS="497" VPOS="1473" WIDTH="85" HEIGHT="21" WC="0.96" CONTENT="rättvist"/><SP WIDTH="15" VPOS="1473" HPOS="582"/>
							<String ID="string_420" HPOS="597" VPOS="1475" WIDTH="31" HEIGHT="18" WC="0.96" CONTENT="att"/><SP WIDTH="10" VPOS="1475" HPOS="628"/>
							<String ID="string_421" HPOS="638" VPOS="1472" WIDTH="36" HEIGHT="21" WC="0.93" CONTENT="det"/><SP WIDTH="10" VPOS="1472" HPOS="674"/>
							<String ID="string_422" HPOS="684" VPOS="1472" WIDTH="48" HEIGHT="22" WC="0.92" CONTENT="belo"/><SP WIDTH="15" VPOS="1472" HPOS="732"/>
							<String ID="string_423" HPOS="747" VPOS="1481" WIDTH="21" HEIGHT="27" WC="0.77" CONTENT="p,"/><SP WIDTH="11" VPOS="1481" HPOS="768"/>
							<String ID="string_424" HPOS="779" VPOS="1480" WIDTH="44" HEIGHT="14" WC="0.90" CONTENT="som"/><SP WIDTH="10" VPOS="1480" HPOS="823"/>
							<String ID="string_425" HPOS="833" VPOS="1473" WIDTH="187" HEIGHT="28" WC="0.54" CONTENT="hemmansegaren"/>
						</TextLine>
						<TextLine ID="line_44" HPOS="205" VPOS="1481" WIDTH="816" HEIGHT="48">
							<String ID="string_426" HPOS="205" VPOS="1501" WIDTH="51" HEIGHT="21" WC="0.93" CONTENT="eller"/><SP WIDTH="14" VPOS="1501" HPOS="256"/>
							<String ID="string_427" HPOS="270" VPOS="1504" WIDTH="99" HEIGHT="25" WC="0.95" CONTENT="torparen"/><SP WIDTH="16" VPOS="1504" HPOS="369"/>
							<String ID="string_428" HPOS="385" VPOS="1501" WIDTH="96" HEIGHT="21" WC="0.38" CONTENT="betalar"/><SP WIDTH="-10" VPOS="1501" HPOS="481"/>
							<String ID="string_429" HPOS="471" VPOS="1496" WIDTH="15" HEIGHT="37" WC="0.93" CONTENT="i"/><SP WIDTH="6" VPOS="1496" HPOS="486"/>
							<String ID="string_430" HPOS="492" VPOS="1502" WIDTH="92" HEIGHT="27" WC="0.92" CONTENT="sytning,"/><SP WIDTH="15" VPOS="1502" HPOS="584"/>
							<String ID="string_431" HPOS="599" VPOS="1501" WIDTH="47" HEIGHT="21" WC="0.96" CONTENT="icke"/><SP WIDTH="10" VPOS="1501" HPOS="646"/>
							<String ID="string_432" HPOS="656" VPOS="1501" WIDTH="68" HEIGHT="22" WC="0.97" CONTENT="skulle"/><SP WIDTH="9" VPOS="1501" HPOS="724"/>
							<String ID="string_433" HPOS="733" VPOS="1481" WIDTH="25" HEIGHT="41" WC="0.49" CONTENT="="/><SP WIDTH="9" VPOS="1481" HPOS="758"/>
							<String ID="string_434" HPOS="767" VPOS="1501" WIDTH="149" HEIGHT="28" WC="0.91" CONTENT="undandragas"/><SP WIDTH="11" VPOS="1501" HPOS="916"/>
							<String ID="string_435" HPOS="927" VPOS="1501" WIDTH="94" HEIGHT="28" WC="0.93" CONTENT="beskatt-"/>
						</TextLine>
						<TextLine ID="line_45" HPOS="204" VPOS="1529" WIDTH="817" HEIGHT="30">
							<String ID="string_436" HPOS="204" VPOS="1530" WIDTH="58" HEIGHT="27" WC="0.96" CONTENT="ning,"/><SP WIDTH="14" VPOS="1530" HPOS="262"/>
							<String ID="string_437" HPOS="276" VPOS="1529" WIDTH="28" HEIGHT="22" WC="0.93" CONTENT="då"/><SP WIDTH="15" VPOS="1529" HPOS="304"/>
							<String ID="string_438" HPOS="319" VPOS="1531" WIDTH="184" HEIGHT="27" WC="0.93" CONTENT="sytningstagaren"/><SP WIDTH="15" VPOS="1531" HPOS="503"/>
							<String ID="string_439" HPOS="518" VPOS="1530" WIDTH="133" HEIGHT="28" WC="0.96" CONTENT="naturligtvis"/><SP WIDTH="17" VPOS="1530" HPOS="651"/>
							<String ID="string_440" HPOS="668" VPOS="1530" WIDTH="80" HEIGHT="21" WC="0.96" CONTENT="betalar"/><SP WIDTH="14" VPOS="1530" HPOS="748"/>
							<String ID="string_441" HPOS="762" VPOS="1530" WIDTH="34" HEIGHT="21" WC="0.96" CONTENT="för"/><SP WIDTH="15" VPOS="1530" HPOS="796"/>
							<String ID="string_442" HPOS="811" VPOS="1530" WIDTH="58" HEIGHT="21" WC="0.96" CONTENT="detta"/><SP WIDTH="16" VPOS="1530" HPOS="869"/>
							<String ID="string_443" HPOS="885" VPOS="1531" WIDTH="82" HEIGHT="28" WC="0.96" CONTENT="belopp."/><SP WIDTH="21" VPOS="1531" HPOS="967"/>
							<String ID="string_444" HPOS="988" VPOS="1531" WIDTH="33" HEIGHT="21" WC="0.94" CONTENT="Är"/>
						</TextLine>
					</TextBlock>
				</ComposedBlock>
			</PrintSpace>
		</Page>
	</Layout>
</alto>
