1103 1800
221 165 12 19 K

260 226 33 19 En
307 226 92 25 naturlig
413 226 52 25 följd
480 227 23 19 af
516 226 57 20 detta
588 226 113 25 stadgande
717 225 37 20 och
770 225 39 20 den
824 225 119 25 anslutning

193 262 51 19 nyss
259 255 87 19 berörda
361 254 62 26 bolag
442 255 82 20 erhållit
538 255 38 19 har
590 254 75 24 blifvit,
682 256 31 18 att
728 255 39 19 den
782 254 12 20 &
810 255 12 18 4
837 254 39 20 och
891 254 12 20 5
919 254 23 26 $$

192 284 8 19 i
222 284 115 26 åberopade
359 283 84 26 Kapitel
466 284 38 19 och
525 284 54 19 Balk
594 283 106 26 grundade
715 282 158 26 ansvarigheten
888 283 55 19 inom

193 312 25 20 de
233 313 109 19 häradsvis
356 312 111 20 bestäende
481 312 146 26 föreningarna
641 312 90 20 fördelar
746 312 32 26 sig
793 312 27 26 pä
830 314 30 17 ett
870 311 73 25 betyd-

192 341 39 26 ligt
253 341 80 20 mindre
355 340 57 20 antal
433 341 100 20 hemman.
562 341 64 20 Detta
648 341 86 19 innebär
754 348 25 12 en
793 340 45 20 fara
853 340 38 20 och
906 340 37 19 har

189 370 79 25 jemväl
283 370 7 19 i
305 370 49 20 flere
369 369 37 21 fall
420 370 54 19 visat
489 370 32 26 sig
535 370 83 26 mycket
633 370 124 25 ödesdigert.
780 369 44 20 Och
839 368 105 26 sjelfklart

193 402 23 16 är
230 402 32 17 att
276 399 57 19 detta
347 398 179 21 missförhällande
542 399 88 20 erhäller
645 401 65 17 större
726 398 124 26 omfattning
860 398 39 20 och
908 398 35 20 be-

192 428 81 25 tydelse
288 428 7 19 i
311 435 77 12 samma
402 428 46 19 män
464 434 25 13 en
508 428 87 25 lifligare
610 428 120 25 anslutning
744 428 34 19 till
792 428 36 19 det
842 427 101 20 allmänna

192 456 209 26 Drandstodsbolaget
423 456 31 20 för
476 457 70 19 landet
569 464 47 18 eger
638 464 50 12 rum.
719 456 71 20 Säsom
810 456 62 20 häraf
884 456 59 20 torde

192 485 80 26 framgä
287 486 37 18 har
340 486 35 19 det
389 485 94 20 lofvärda
498 486 115 20 ändamälet
628 486 46 19 med
688 485 143 25 ifrägakomna
846 485 97 25 stadgan-

193 514 40 20 den
248 514 7 19 i
273 514 53 20 1734
342 515 33 19 års
390 514 35 26 lag
434 520 72 19 genom
518 514 177 20 samfundslifvets
706 514 120 26 utveckling
837 514 38 19 och
885 514 60 19 deraf

193 543 110 26 betingade
318 542 124 20 förändrade
456 542 143 21 förhållanden
613 544 46 24 gått
673 542 107 24 förloradt,
791 542 83 20 hvarför
885 542 59 20 deras

193 572 152 25 upphäfvande,
368 572 80 19 hvilket
470 572 26 24 på
518 573 74 25 många
614 572 43 19 häll
675 574 61 23 utgör
750 572 107 19 föremålet
871 571 32 19 för
919 578 25 12 en

193 600 52 26 liflig
260 600 102 21 åstundan
377 600 37 20 hos
430 600 52 24 dem,
498 607 44 13 som
560 600 63 21 saken
638 602 91 18 närmast
744 603 40 21 rör,
799 600 97 20 framstår
912 601 31 18 så-

193 636 43 13 som
251 629 7 19 i
273 629 41 26 hög
329 629 51 26 grad
396 629 96 25 önskligt.

262 658 56 20 Enär
340 659 30 18 ett
390 657 177 26 tillmötesgående
582 658 22 19 af
618 658 91 25 antydda
724 657 79 20 önskan
818 664 63 19 synes
895 665 50 12 vara

193 693 12 12 af
238 687 96 19 omtanke
356 686 38 19 och
414 686 95 26 billighet
523 686 138 20 förestafvadt
677 689 53 17 samt
744 687 68 25 någon
826 687 119 26 kränkning

193 715 24 20 af
229 715 82 20 enskild
326 717 42 18 rätt
383 715 73 20 härvid
471 715 45 20 icke
536 715 41 20 kan
592 715 154 26 ifrågakomma,
762 715 77 20 dristar
851 715 37 27 jag
902 715 43 26 mig

193 743 82 25 föreslå,
291 747 32 17 att
337 744 81 19 landets
434 744 94 24 Ständer,
543 745 46 19 med
605 745 134 25 begagnande
754 744 23 19 af
790 745 40 19 den
844 745 46 19 dem
901 744 42 20 till-

193 773 122 20 kommande
330 773 163 23 motionsrätten,
514 773 32 19 för
561 773 32 19 sin
608 773 33 20 del
656 773 80 20 besluta
751 773 33 19 till
798 773 146 26 upphäfvande

194 809 12 12 af
231 802 19 23 4,
267 802 11 19 5
294 802 37 19 och
349 802 10 19 6
376 801 23 26 $$
415 802 26 19 24
456 802 47 25 kap.
518 802 25 19 B.
559 802 25 19 B.

261 830 43 26 Jag
318 830 119 20 hemställer
451 830 55 26 förty
520 831 106 19 vördsamt
641 833 31 16 att
687 830 117 27 Höglofliga
818 831 126 20 Ridderska-

193 861 35 24 pet
244 859 37 20 och
296 859 68 20 Adeln
378 860 63 19 måtte
456 859 32 20 till
503 859 215 20 Ekonomiutskottets
730 860 154 25 handläggning
894 860 49 20 hän-

193 888 70 26 skjuta
277 888 154 20 nedanstående

399 945 83 26 Förslag
505 945 30 20 till
555 946 118 25 förordning,
697 947 95 25 angående
811 947 133 25 upphäfvande

329 975 26 24 af
366 975 19 24 4,
403 975 14 19 5
429 975 33 20 och
478 975 13 19 6
504 976 29 23 $$
547 975 29 20 24
590 975 44 25 kap.
650 975 25 20 B.
691 975 25 20 B.

399 1033 88 20 Härmed
501 1033 78 25 stadgas
594 1035 28 18 att
636 1033 18 24 4,
672 1033 13 20 5
699 1033 33 20 och
748 1035 12 18 6
774 1035 28 23 $$
816 1034 30 19 24
860 1034 43 25 kap.
916 1035 25 19 B.

329 1062 26 19 B.
372 1063 35 18 äro
421 1062 105 24 upphäfda.

261 1119 131 26 Helsingfors
408 1119 39 20 den
463 1120 11 19 5
490 1119 99 20 Februari
606 1120 60 20 1897.

649 1171 20 22 A
685 1171 19 22 L.
720 1177 36 16 von
773 1171 101 28 Knorring.

298 1474 102 16 Helsingfors,
409 1474 81 16 'Tidnings-
499 1474 12 12 &
520 1474 187 16 Tryckeri-aktiebolagets
717 1475 69 16 tryckeri,
797 1476 33 12 1897
