1095 1814
428 131 213 33 Hästutskrifningen.
860 133 53 21 1607

123 207 120 26 traktande,
265 215 48 13 men
334 208 35 27 jag
388 207 37 22 ber
440 207 55 22 dock
511 207 143 29 uttryckligen
669 207 24 22 få
707 209 76 20 nämna
799 210 31 19 att
843 208 37 28 jag
895 207 47 22 icke

124 236 81 29 bygger
219 236 28 28 på
262 235 41 22 den
318 236 70 21 såsom
404 236 137 21 hufvudskäl.

191 265 43 27 Jag
252 265 68 21 skulle
338 264 28 29 på
384 264 62 22 dessa
465 265 93 28 grunder
572 265 74 21 förena
661 265 42 28 mig
718 273 34 14 om
768 265 37 21 det
819 265 48 25 slut,
882 265 60 21 hvari

122 293 59 22 Frih.
201 293 80 22 Wrede
302 296 90 19 stannat.
420 293 43 28 Jag
482 294 103 21 erkänner
600 297 31 18 att
645 294 60 21 detta
720 295 43 20 slut
778 293 107 22 såtillvida
901 293 41 21 kan

123 329 63 14 anses
202 321 216 26 otillfredsställande,
434 325 31 18 att
480 322 42 25 det,
533 323 53 20 efter
601 322 56 22 hvad
673 322 37 21 det
725 330 62 21 synes
804 323 48 27 mig,
863 323 80 20 lemnar

122 351 115 28 oafgjordt,
252 351 104 21 huruvida
372 358 48 14 man
436 351 38 21 här
489 351 37 21 vill
542 351 64 21 häfda
622 351 59 21 detta
697 351 79 22 Stånds
786 353 42 19 rätt
840 351 28 28 på
877 351 65 21 basen

123 379 23 22 af
168 381 12 26 $
201 381 12 20 2
234 379 25 22 RB.
282 379 23 22 F.
324 380 51 21 eller
395 379 26 29 på
442 380 65 21 basen
523 379 23 22 af
561 381 12 27 &
589 381 27 20 45
630 380 26 21 R.
671 379 31 28 F.,
717 380 108 22 eventuelt
840 380 102 21 förstärkt

123 409 88 21 utskott.
240 408 41 28 Jag
304 409 103 21 erkänner
429 411 36 23 att,
488 416 34 14 om
546 408 37 23 det
602 409 67 28 gäller
691 412 31 18 att
744 409 106 28 precisera
869 408 74 22 stånd-

123 438 96 27 punkten
241 438 7 20 i
271 437 131 22 närvarande
424 437 71 27 stund,
516 438 34 28 jag
572 437 67 22 skulle
659 437 65 22 häfda
739 438 42 21 den
797 437 27 29 på
838 438 67 21 basen
920 437 23 21 af

121 467 14 27 S
152 468 18 25 2,
185 474 49 13 men
249 466 105 21 måhända
373 466 60 21 torde
448 466 36 21 det
500 467 47 21 icke
562 474 52 14 vara
629 466 133 29 nödvändigt
776 469 32 18 att
823 466 72 22 skrida
910 466 32 21 till

121 498 32 18 ett
175 495 76 21 sådant
272 495 159 28 preciserande;
454 495 40 21 och
516 495 89 22 föreslår
627 495 35 28 jag
685 495 71 21 derför
778 496 7 20 i
808 495 67 21 likhet
893 495 49 21 med

120 523 59 22 Frih.
193 523 80 22 Wrede
289 526 31 19 att
334 523 213 22 Ekonomiutskottet
562 524 65 21 måtte
642 523 134 22 underrättas
791 527 32 18 att
837 524 26 21 R.
879 531 18 14 o.
911 524 32 21 A.

124 553 47 20 icke
194 552 67 21 finner
283 552 157 22 ständerbeslut
462 552 110 29 föreligga,
592 552 40 21 och
653 552 55 29 finge
728 552 37 21 det
785 552 28 21 dä
829 553 112 20 ankumma

124 581 28 28 pä
173 581 211 22 Ekonomiutskottet
406 584 32 19 att
460 581 87 28 vidtaga
571 581 39 22 och
633 581 80 22 föreslå
733 581 27 22 de
775 581 104 28 åtgärder,
895 588 45 14 som

121 610 63 21 häraf
197 610 73 21 kunna
285 610 102 29 päkallas.

188 667 57 21 Frih.
267 667 25 22 R.
314 667 27 21 A.
363 667 110 22 Wrede:
503 667 69 22 Jemte
595 667 36 21 det
653 668 35 27 jag
707 667 85 21 förenar
807 669 43 26 mig
865 675 33 13 om
914 667 27 22 de

119 696 53 25 skäl,
187 703 45 14 som
247 696 57 21 Frih.
319 703 42 14 von
377 697 57 20 Born
451 696 71 21 anfört
536 697 32 20 till
582 695 48 22 stöd
646 697 35 20 för
695 696 41 21 den
752 697 23 20 af
789 697 42 27 mig
847 696 93 21 uttalade

120 725 142 28 uppfattning,
278 725 36 21 ber
328 725 36 28 jag
379 728 31 18 att
424 727 56 18 ännu
496 725 22 21 få
533 727 51 26 göra
599 727 30 19 ett
645 725 45 21 litet
700 725 79 28 tillägg.
805 725 41 28 Jag
856 725 86 26 lemnar,

119 753 66 22 också
199 754 41 28 jag,
255 753 74 22 härvid
346 754 60 21 åsido
422 755 12 26 $
448 755 28 20 45
492 755 7 20 i
514 754 25 21 R.
554 754 24 21 F.
594 753 39 22 och
643 755 39 26 gör
692 754 36 21 det
741 754 24 21 sä
776 754 84 27 mycket
870 753 72 27 hellre,

118 790 46 14 som
187 782 41 22 den
251 783 66 21 första
340 783 64 21 ärade
426 783 81 22 talaren
523 784 6 20 i
545 783 69 21 denna
635 782 60 29 fräga
716 782 91 28 grundat
822 783 33 21 sin
871 782 69 22 bevis-

118 812 72 27 föring
205 811 179 29 hufvudsakligen
400 811 27 29 pä
442 819 27 13 en
484 812 98 27 tolkning
597 812 23 21 af
634 813 12 20 2
663 813 18 26 &.
713 811 53 22 Man
781 812 42 21 kan
831 813 28 27 ju,
870 811 70 22 såsom

118 840 59 21 Frih.
197 848 40 14 von
259 840 56 21 Born
336 840 80 29 antydt,
438 841 56 28 hylla
515 841 57 21 olika
595 840 79 28 äsigter
696 840 79 26 derom,
790 839 105 22 huruvida
909 841 33 20 in-

118 869 101 22 förandet
234 869 22 21 af
271 870 157 28 expropriation
444 869 23 21 af
482 873 30 18 ett
527 869 51 22 eller
592 873 65 18 annat
672 869 51 28 slag,
739 869 73 22 dervid
829 870 6 20 i
849 869 41 21 alla
902 869 38 21 fall

117 898 40 21 full
173 899 119 27 ersättning
305 898 34 22 för
354 899 41 21 den
411 898 162 29 exproprierade
589 898 130 29 egendomen
731 902 110 25 presteras,
852 898 89 21 innebär

118 927 105 22 afvikelse
245 927 48 22 från
315 928 70 21 denna
408 928 12 20 2
440 928 11 27 $
473 927 51 22 eller
544 927 53 27 icke,
615 927 40 22 och
671 928 6 20 i
692 927 78 28 sjelfva
786 927 73 21 verket
874 927 65 22 hafva

119 956 55 21 bäda
196 957 107 27 äsigterna
324 957 39 21 hos
385 956 120 21 Ständerna
526 956 94 26 uttalats,
639 956 56 21 dock
710 959 37 23 att,
762 955 71 22 sävidt
847 956 36 29 jag
898 956 41 21 kan

119 985 100 28 påminna
241 986 48 27 mig,
311 985 41 22 den
375 985 56 28 äsigt
452 988 30 18 att
502 985 69 21 häruti
591 985 115 28 föreligger
721 993 26 13 en
763 985 104 22 afvikelse
883 992 57 14 mera

117 1014 57 28 gjort
196 1015 33 27 sig
250 1014 104 28 gällande.
384 1014 106 21 Särskildt
510 1022 37 13 var
568 1014 58 21 detta
646 1013 60 22 fallet
721 1015 6 20 i
743 1013 76 28 frägan
838 1022 34 13 om
888 1014 52 21 fäst-

118 1043 194 28 ningsesplanader,
330 1043 38 21 der
387 1043 151 28 Lagutskottet
556 1043 54 21 hade
629 1042 76 21 uttalat
720 1051 26 12 en
762 1042 65 21 sädan
843 1042 96 29 uppfatt-

118 1072 57 27 ning,
194 1071 85 22 hvilken
295 1071 71 22 sävidt
380 1072 35 27 jag
432 1075 37 18 vet
484 1072 48 21 icke
546 1074 60 19 rönte
622 1071 127 28 motsägelse
764 1072 7 20 i
786 1071 65 28 något
866 1071 74 21 Stånd.

118 1100 52 21 Men
193 1101 87 20 hvilken
302 1101 55 27 åsigt
379 1108 47 13 man
450 1102 25 19 än
496 1101 64 27 hyser
577 1101 80 24 härom,
671 1099 24 22 så
709 1100 101 27 gestaltar
825 1101 33 26 sig
873 1100 66 21 saken

118 1129 138 26 annorlunda,
271 1129 28 21 då
314 1129 36 21 det
365 1129 40 21 blir
420 1129 60 28 fråga
496 1137 33 13 om
545 1132 31 19 ett
586 1128 112 22 afstående
709 1129 23 20 af
743 1128 109 29 egendom,
865 1127 74 22 dervid

117 1158 41 21 full
173 1159 118 27 ersättning
306 1158 47 21 icke
368 1159 24 19 är
406 1157 126 29 garanterad
547 1159 34 20 för
596 1165 83 20 egaren.
701 1157 74 21 Skulle
786 1165 49 13 man
846 1157 94 21 erkänna

118 1189 31 19 att
170 1187 59 20 detta
248 1187 48 22 icke
316 1187 103 21 innebure
440 1189 65 18 annat
520 1188 26 20 än
562 1187 71 27 vanlig
649 1187 164 28 expropriation,
829 1186 24 21 så
869 1185 70 22 kunde

118 1223 49 14 man
190 1215 27 28 på
238 1223 80 14 samma
339 1215 47 21 skäl
409 1216 84 21 komma
516 1215 76 27 dertill,
611 1218 31 18 att
663 1215 64 21 äfven
744 1217 31 18 ett
789 1214 112 22 afstäende
916 1214 23 21 af

119 1244 104 28 egendom
246 1247 50 18 utan
319 1244 28 21 all
370 1245 117 27 ersättning
510 1245 68 20 skulle
601 1244 72 21 kunna
695 1243 107 22 betraktas
817 1243 28 29 på
860 1251 80 14 samma

118 1275 49 19 sätt.
197 1273 44 20 Det
261 1275 23 19 är
305 1273 49 21 med
374 1273 82 28 hänsyn
478 1273 75 26 dertill,
568 1280 46 14 som
629 1273 40 27 jag,
686 1273 6 20 i
708 1272 95 28 enlighet
817 1271 50 22 med
881 1271 57 22 hvad

117 1302 36 27 jag
175 1301 58 20 förut
253 1304 73 26 yttrat,
348 1309 62 14 anser
432 1301 76 28 frågan
530 1309 34 13 om
586 1301 144 27 ersättningen
752 1308 51 13 vara
817 1301 24 20 af
855 1300 25 21 så
895 1303 45 18 stor

120 1329 116 28 betydelse,
259 1331 26 27 ja,
305 1330 34 21 för
362 1329 143 22 bedömandet
527 1329 23 22 af
571 1329 86 28 frågans
680 1329 151 28 statsrättsliga
853 1328 47 21 sida
916 1329 22 20 af

119 1358 52 21 allra
187 1359 77 20 största
280 1358 115 28 betydelse.

189 1386 64 21 Hvad
276 1386 100 22 beträffar
399 1387 37 20 det
459 1387 74 24 beslut,
556 1394 45 13 som
623 1386 26 21 R.
672 1393 18 14 o.
711 1386 26 21 A.
756 1393 29 14 nu
801 1385 66 22 borde
881 1385 58 21 fatta

120 1416 58 19 vore
193 1415 35 27 jag
247 1415 34 20 för
301 1415 43 20 min
359 1415 122 28 personliga
496 1415 34 21 del
546 1414 79 21 beredd
641 1417 32 18 att
687 1414 142 28 komplettera
843 1413 37 21 det
895 1414 43 20 för-

120 1443 47 26 slag
181 1443 34 26 jag
229 1443 75 27 gjorde
319 1443 79 20 derhän
414 1446 31 17 att
460 1443 25 20 R.
500 1451 19 12 o.
535 1444 32 24 A.,
582 1443 88 20 emedan
685 1442 129 27 stadgandet
828 1441 110 27 angående

120 1470 112 21 afstående
252 1471 23 20 af
295 1470 71 21 hästar
387 1471 68 26 enligt
474 1471 26 20 de
520 1469 99 28 grunder,
640 1477 45 14 som
703 1470 160 27 propositionen
879 1469 59 21 inne-

120 1498 73 26 håller,
215 1499 89 21 innebär
322 1506 27 14 en
368 1498 105 23 afvikelse
493 1499 46 20 från
560 1499 12 20 2
589 1499 12 26 $
616 1498 25 21 R.
657 1497 30 27 F.,
702 1505 63 14 anser
779 1500 32 19 att
825 1497 75 28 frågan
915 1499 24 19 är

121 1535 26 14 en
168 1527 178 29 grundlagsfråga
363 1527 40 22 och
421 1527 83 22 således
523 1527 48 22 icke
589 1528 23 20 är
627 1526 83 29 afgjord
725 1534 78 21 genom
819 1526 26 22 de
861 1526 77 22 ofrälse
