1095 1795
294 134 274 21 Kommunalförvaltningen
581 134 27 21 på
619 136 76 16 landet.
833 129 40 21 999

86 201 112 26 nämnden,
209 209 44 15 som
265 202 47 21 med
323 202 88 28 ledning
421 202 61 22 deraf
491 204 83 27 uppgör
584 202 140 28 debiterings-
734 202 39 22 och
784 202 119 30 uppbörds-

86 230 98 28 längden.
194 230 60 21 Härå
262 231 79 21 lemnas
351 231 58 21 såväl
417 232 117 27 taxerings-
542 238 44 14 som
592 231 139 29 debiterings-
738 232 40 21 och
785 231 118 29 uppbörds-

86 259 115 28 längderna
216 259 22 21 åt
254 259 142 21 ordföranden
411 260 7 20 i
433 260 231 26 kommunalstämman,
679 267 46 14 som
735 267 76 21 genom
822 260 81 27 kungö-

84 288 55 21 relse
155 289 7 19 i
177 288 68 28 kyrka
260 290 89 19 utsätter
365 296 26 13 en
405 288 32 21 tid
447 288 23 21 af
480 288 79 28 fjorton
570 288 71 28 dagar,
651 288 68 21 under
729 288 73 21 hvilka
814 288 89 21 berörda

85 316 88 28 längder
185 316 23 20 få
225 317 102 27 granskas
337 316 23 21 af
370 316 72 29 hvarje
451 316 217 26 kommunalmedlem,
678 324 45 13 som
734 316 76 21 sådant
820 317 83 21 önskar.

84 345 64 21 Efter
163 344 69 22 denna
247 345 32 21 tid
294 345 22 21 af
330 345 80 27 fjorton
425 345 66 28 dagar
506 345 119 28 föreläggas
641 345 116 27 längderna
771 345 31 21 till
818 346 85 20 allmän

82 374 140 28 granskning
236 374 13 20 &
265 374 216 25 kommunalstämma,
496 374 74 21 dervid
586 374 72 28 hvarje
670 374 141 28 skattskyldig
822 373 79 22 lemnas

85 402 82 22 tillfälle
190 406 31 17 att
242 406 44 17 mot
309 402 48 21 dem
375 404 51 26 göra
448 402 26 21 de
497 403 169 27 anmärkningar,
680 403 32 21 till
727 402 73 21 hvilka
814 402 41 21 han
870 402 32 28 sig

85 431 92 28 befogad
201 432 71 20 finner.
303 431 41 20 Om
361 432 161 27 anmärkningar
537 434 61 25 göras
615 434 43 18 mot
673 431 121 28 längderna,
810 430 92 22 besluter

84 461 103 20 stämman
210 459 111 28 angående
344 459 47 22 dem
412 462 55 19 samt
482 460 52 21 låter
548 461 55 20 rätta
619 459 112 26 desamma,
746 459 38 22 der
798 461 103 20 stämman

82 488 126 27 godkänner
230 489 196 28 anmärkningarna,
448 488 50 21 eller
520 490 75 27 vägrar
617 491 31 18 att
662 490 60 25 rätta,
737 488 46 21 ifall
798 490 103 19 stämman

83 517 67 22 finner
172 517 189 28 anmärkningarna
385 517 124 28 obefogade,
531 518 6 21 i
553 517 85 22 hvilken
655 525 73 13 senare
743 517 100 22 händelse
859 517 42 21 den

84 546 115 27 missnöjde
215 546 47 27 (enl.
278 548 12 25 $
306 547 34 25 65)
356 553 49 20 eger
419 548 42 19 rätt
476 549 32 18 att
524 546 87 22 besvära
624 547 39 27 sig.

151 575 70 21 Häraf
236 575 91 27 framgår
343 575 159 28 obestridligen:

153 607 31 17 att
198 604 73 27 hvarje
287 604 142 28 skattskyldig
444 606 23 19 är
481 603 138 22 oförhindrad
635 606 30 18 att
680 605 52 26 göra
747 603 86 22 hvilken
843 603 58 28 slags

82 633 150 27 anmärkning
251 639 46 14 som
313 633 54 20 helst
382 636 43 17 mot
439 633 207 27 taxeringslängden,
661 633 99 27 antingen
777 632 9 21 %
799 633 47 20 dess
856 632 44 21 hel-

82 661 41 25 het,
146 661 50 21 eller
217 661 40 21 ock
280 661 130 21 beträffande
426 662 56 20 vissa
498 662 60 21 delar
573 661 22 21 af
610 661 128 26 densamma,
753 668 49 14 vare
817 662 32 26 sig
864 661 36 20 det

81 690 67 27 gäller
163 690 127 27 taxeringen
305 690 9 20 i
329 691 121 20 allmänhet
464 690 50 21 eller
529 691 59 20 vissa
597 697 104 21 personer
713 690 50 21 eller
773 689 75 22 endast
859 689 40 21 den

81 718 156 28 skattskyldige
252 719 60 28 sjelf;
327 722 54 18 samt

151 750 30 18 att
203 747 226 21 kommunalstämman
452 749 22 19 är
497 747 119 28 berättigad
639 750 31 17 att
691 747 76 28 pröfva
782 747 117 27 taxerings-

81 775 91 26 längden
194 776 10 20 %
221 776 49 20 hela
284 776 47 21 dess
346 776 51 20 vidd
412 776 40 20 och
467 776 9 20 i
491 776 74 27 hvarje
580 775 71 27 detalj,
666 775 47 21 med
729 775 65 21 andra
810 774 43 26 ord,
868 778 32 17 att

80 804 114 27 godkänna
209 804 42 20 den
266 804 50 21 eller
331 804 64 28 ogilla
410 804 128 26 densamma,
550 804 100 27 antingen
661 804 44 20 helt
715 804 40 21 och
766 803 70 25 hället,
849 803 50 21 eller

82 833 7 19 i
105 833 57 20 vissa
183 832 99 28 detaljer;
298 833 35 21 vid
349 832 82 22 hvilket
445 832 139 27 förhållande,
600 832 40 21 och
655 832 33 25 dä,
704 832 69 21 såsom
790 832 66 20 kändt
870 834 29 23 är,

81 861 77 21 besvär
172 861 24 21 få
211 868 39 21 ega
264 869 46 13 rum
326 861 62 21 öfver
402 862 222 20 kommunalstämmas
639 861 70 21 beslut
724 860 59 22 såväl
795 868 33 14 om
839 863 60 18 anta-

81 890 30 21 let
132 889 90 28 påförda
238 890 114 25 skattören,
367 898 44 13 som
428 898 34 13 om
476 891 125 26 taxeringen
617 890 5 19 i
638 890 65 27 öfrigt
719 890 34 26 (—
769 888 69 28 något,
853 896 45 13 som

80 919 19 28 ej
115 920 23 19 är
153 919 60 20 fallet
227 919 6 20 i
250 918 54 26 stad)
320 919 223 21 kommunalstämman
559 920 23 19 är
598 921 30 18 ett
643 917 104 22 dömande
763 925 70 20 organ,
844 917 54 21 hvil-

81 947 36 21 ket
137 947 47 25 kan,
204 947 69 21 såsom
292 947 71 28 hvarje
379 955 68 13 annan
464 947 96 26 dornstol,
575 950 76 25 genast
665 949 54 18 rätta
736 946 109 28 begångna
861 953 37 14 en-

79 975 70 22 skilda
172 975 30 21 fel
225 976 51 21 eller
297 976 40 21 ock
352 976 126 21 äterförvisa
493 975 184 28 taxeringsfrågan
692 977 7 19 i
715 975 48 20 dess
779 975 71 20 helhet
866 975 33 20 för

80 1004 86 22 rättelse
189 1004 22 21 af
232 1005 123 27 taxeringen
379 1005 6 20 i
408 1005 120 21 allmänhet.
558 1004 121 22 Utskottets
700 1004 13 21 å
728 1003 39 22 sid.
781 1004 27 21 47
823 1003 75 28 gjorda

80 1033 122 28 påstående,
218 1036 30 18 att
264 1035 109 23 stämman,
389 1033 37 21 der
441 1033 40 21 den
500 1033 152 28 skattskyldige
667 1033 56 28 finge
737 1034 52 26 göra
801 1031 96 22 anmärk-

79 1063 51 26 ning
145 1062 64 21 äfven
225 1065 44 18 mot
284 1061 66 22 andra
365 1061 144 29 öfvergångea
525 1062 102 27 taxering,
642 1061 67 21 skulle
721 1061 67 21 blifva
798 1064 31 18 ett
838 1064 59 17 taxe-

77 1090 67 21 rande
166 1098 72 20 organ,
260 1092 24 19 är
305 1091 56 28 förty
383 1091 118 28 uppenbart
518 1094 51 18 utan
585 1090 27 21 all
629 1090 108 28 betydelse
752 1090 88 21 likasom
856 1089 41 21 ock

81 1119 120 22 Utskottets
217 1119 63 21 derur
295 1119 80 28 dragna
390 1120 162 27 konseqvenser.

147 1147 65 22 Detta
226 1148 131 21 förhållande
373 1148 36 21 vill
426 1148 112 21 Utskottet
551 1148 45 21 helt
611 1147 40 22 och
666 1147 65 21 hållet
745 1147 100 21 förändra
859 1154 38 21 ge-

78 1183 48 14 nom
143 1177 26 20 de
186 1178 4 19 i
208 1177 27 27 $$
250 1178 27 19 84
292 1177 40 20 och
347 1178 26 20 91
390 1177 119 28 föreslagna
525 1177 189 26 bestämningarna.

146 1205 33 28 Ty
202 1206 66 27 enligt
290 1207 12 26 $
317 1206 28 21 84
361 1207 6 20 i
388 1205 122 23 Utskottets
525 1205 81 28 förslag
621 1213 49 20 eger
685 1205 41 20 den
742 1204 35 22 vid
794 1207 101 18 stämman

79 1233 131 22 närvarande
232 1236 42 19 rätt
296 1238 31 17 att
347 1235 100 20 anmärka
463 1235 74 20 endast
552 1242 33 13 om
602 1234 40 21 den
657 1233 79 22 honom
751 1233 145 28 öfvergångna

77 1263 124 27 taxeringen
217 1263 40 20 och
272 1263 66 27 enligt
354 1265 12 26 $
382 1264 25 20 91
419 1265 22 19 är
457 1263 37 21 kom
501 1263 180 24 munalstämman,
691 1262 69 21 såsom
773 1261 23 22 af
806 1262 90 21 Utskot-

77 1294 32 18 tet
119 1291 63 21 äfven
194 1291 129 28 medgifvits,
345 1291 47 22 icke
415 1292 76 21 tillätet
512 1295 31 18 att
558 1291 32 21 till
605 1291 100 28 pröfning
720 1293 93 26 upptaga
825 1298 70 13 annan

77 1321 26 19 än
120 1327 25 14 en
162 1319 66 22 sädan
244 1320 144 27 anmärkning,
403 1321 75 21 hvaraf
497 1320 68 28 följer:

147 1349 31 20 1:0
195 1351 36 23 att,
246 1356 34 13 om
296 1349 143 27 skattskyldig
453 1349 97 26 medlem,
564 1356 45 13 som
625 1348 112 28 uteglömts
757 1348 50 20 eller
821 1348 22 20 af
858 1356 37 13 an-

77 1384 40 13 nan
135 1377 62 20 orsak
214 1377 136 21 bortlemnats
362 1378 36 20 vid
411 1378 129 26 taxeringen,
552 1376 99 22 deröfver
660 1376 128 21 framställer
798 1376 97 21 anmärk-

77 1405 57 27 ning,
156 1405 70 21 denna
246 1406 48 20 icke
316 1406 33 20 får
371 1406 22 20 af
415 1408 103 18 stämman
540 1405 32 21 till
593 1405 100 28 pröfning
714 1407 109 25 upptagas,
839 1412 56 14 eme-

76 1432 42 21 dan
139 1433 138 26 anmärkning
299 1433 34 21 får
354 1435 61 25 göras
439 1434 59 22 blott,
513 1434 45 20 ifall
574 1434 97 25 taxering
691 1432 107 27 öfvergätt
813 1435 82 18 anmär-

77 1460 72 26 karen,
170 1461 40 20 och
226 1460 27 21 då
268 1460 69 21 denne
360 1461 48 21 icke
428 1463 100 24 taxerats,
542 1460 38 28 går
594 1461 41 20 han
651 1460 82 21 således
749 1460 98 27 förlustig
861 1461 33 20 sin

76 1490 97 26 rösträtt;
188 1493 54 17 samt
