1089 1792
296 138 218 18 Folkskolelärarenes
526 139 155 17 löneförmäner.
820 134 54 21 1029

83 205 151 28 sammanhang
254 206 76 28 antydt
351 208 32 19 att
404 206 37 22 det
459 207 65 21 borde
542 214 50 14 vara
608 208 34 26 sä;
658 215 47 13 men
721 207 37 22 det
773 210 23 19 är
810 208 47 22 icke
873 208 29 28 sä,

83 233 40 21 och
148 233 151 22 kommunerna
319 234 72 21 kunna
415 235 48 21 icke
487 236 84 27 tvingas
595 235 76 21 dertill.
705 236 44 21 Det
773 236 61 21 sades
860 238 44 26 mig

82 262 73 20 härom
180 262 68 28 dagen
270 262 24 21 af
308 270 26 14 en
350 263 95 27 praktisk
460 271 47 13 man
523 264 6 20 i
545 266 31 19 ett
590 266 65 19 annat
669 264 74 26 Ständ,
758 267 31 18 att
804 264 36 22 det
855 265 48 21 icke

82 290 38 28 går
135 290 70 28 någon
220 290 42 21 nöd
278 290 28 29 pä
321 291 62 21 dessa
398 291 54 28 gifta
467 292 73 26 lärare,
556 295 35 25 »ty
606 300 48 13 man
669 292 82 22 hemtar
765 300 42 20 nog
822 292 22 22 ät
854 293 48 21 dem

83 318 54 22 både
162 321 31 19 ett
215 318 40 22 och
277 322 85 18 annat»
390 319 52 22 Men
468 322 23 18 är
512 320 36 22 det
570 328 28 14 nu
619 320 109 28 verkligen
744 322 112 27 meningen
872 324 31 18 att

82 347 94 21 lärarene
202 347 59 22 skola
284 350 65 19 sättas
371 348 7 21 i
394 348 105 22 beroende
514 349 23 21 af
551 349 63 21 dessa
629 356 44 14 mer
688 349 51 21 eller
753 350 81 21 mindre
849 350 53 28 god-

83 376 72 28 villiga
175 376 78 28 gäfvor
274 376 24 22 af
312 377 139 21 kommunens
466 378 101 21 invänare
582 378 23 21 af
622 378 57 21 olika
696 378 207 29 samhällsställning,

83 404 40 22 och
144 404 64 22 äfven
230 412 34 14 om
289 405 60 21 detta
371 413 51 14 vore
443 407 118 27 meningen,
583 406 24 22 sä
629 406 72 28 frågar
724 407 44 28 jag:
784 409 24 19 är
822 407 36 21 det
873 415 29 13 nu

82 433 90 29 lyckligt
192 436 32 18 att
245 434 27 28 pä
293 434 59 21 detta
372 434 86 22 omräde
472 435 112 21 framkalla
599 442 80 14 samma
694 410 114 58 ledsarama
823 436 79 21 förhål-

82 462 84 26 landen,
188 470 45 14 som
253 463 32 21 till
300 470 26 14 en
342 466 45 18 stor
402 463 34 21 del
452 464 6 20 i
473 464 60 21 tiden
547 464 45 28 lagt
606 464 95 28 grunden
717 464 33 22 till
765 464 27 22 de
807 464 95 22 missför-

82 490 120 26 hållanden,
217 491 72 22 hvilka
304 492 56 21 varit
374 492 94 21 rådande
484 492 130 22 beträffande
623 493 169 28 presterskapets
803 493 99 28 aflöning,

83 519 40 21 och
137 520 77 21 hvaraf
229 520 21 21 vi
266 522 56 19 ännu
337 520 65 22 hafva
418 520 93 28 känning
525 521 41 21 och
581 528 26 14 en
618 522 86 27 mycket
713 521 54 29 dryg
777 522 125 21 ekonomisk

82 548 94 50 kögning
203 562 23 2 —
249 551 23 26 ty
294 549 57 21 hvad
374 556 45 14 som
442 557 38 13 var
499 550 70 28 gåfva,
585 549 37 22 det
642 550 45 21 blef
701 550 56 21 inom
773 550 48 21 kort
835 550 67 28 tvång

83 584 25 14 och
138 577 40 27 lag.

149 605 42 28 Jag
206 605 68 22 skulle
291 606 25 21 be
332 608 31 19 att
377 606 23 21 få
415 606 117 27 hemställa,
547 609 31 19 att
593 606 59 22 detta
667 607 80 28 förslag
762 615 29 13 nu
805 607 96 28 godkän-

81 641 38 14 nes
142 634 40 21 och
204 637 50 19 utan
276 634 72 22 vidare
363 636 119 20 remitteras
497 636 31 20 till
544 635 174 22 Statsutskottets
734 636 116 21 finansiella
866 636 36 21 be-

81 662 108 29 handling.
218 663 41 28 Jag
274 671 62 13 anser
351 664 43 28 mig
409 664 85 28 skyldig
509 667 31 18 att
555 667 56 19 emot
626 664 41 21 den
683 664 23 21 af
720 664 34 21 Hr
766 664 136 29 Gripenberg

81 692 90 21 anförda
192 691 71 22 siffran
286 692 106 26 anmärka,
414 695 32 19 att
465 694 35 27 jag
517 693 47 21 icke
580 693 41 21 kan
637 700 50 14 anse
704 692 41 22 den
761 701 50 13 vara
826 693 74 28 riktig:

82 720 36 22 det
138 722 23 19 är
175 720 48 22 icke
238 720 62 28 fråga
315 728 34 14 om
364 722 41 20 800
421 721 73 21 lärare.
523 722 52 21 Man
591 721 42 21 kan
647 722 23 27 ju
685 721 48 21 icke
748 730 51 13 vara
813 722 88 21 försedd

81 749 49 21 med
151 749 41 21 alla
215 748 75 27 siffror,
312 756 48 14 men
382 750 35 28 jag
440 750 37 20 ber
499 750 22 20 få
542 758 24 13 ur
589 751 81 20 minnet
685 752 76 19 nämna
776 753 31 18 att
822 750 80 22 antalet

81 778 120 20 folkskolor
221 778 35 20 vid
273 778 65 21 slutet
352 778 23 20 af
391 779 139 21 1895—1896
546 778 97 28 utgjorde
660 780 66 25 1,273,
743 779 40 21 och
798 786 51 14 vore
864 787 38 13 an-

81 806 52 21 talet
155 806 118 21 folkskolor
294 814 28 13 nu
338 806 97 28 omkring
451 808 66 24 1,400,
533 807 23 21 så
571 809 23 19 är
609 807 42 26 det,
666 807 68 21 under
748 807 153 28 förutsättning

81 836 32 19 att
127 834 66 27 några
208 834 121 22 folkskolor
344 834 65 22 hafva
424 835 79 21 dubbel
513 835 196 28 lärarebesättning,
720 835 47 21 icke
779 836 123 27 oantagligt,

81 865 31 19 att
131 862 300 29 folkskolelärarepersonalen
447 863 82 29 uppgår
544 864 31 20 till
591 864 90 20 emellan
697 864 60 27 1,500
773 864 41 21 och
830 864 71 26 1,600;

81 891 40 22 och
143 891 27 21 då
190 891 42 21 den
257 892 91 27 manliga
370 892 62 21 delen
454 892 83 28 uppgår
559 892 33 21 till
613 892 91 28 ungefär
718 892 82 21 hälften
815 893 23 20 af
852 892 49 22 hela

81 920 80 21 antalet
174 920 74 26 lärare,
262 920 24 21 så
301 920 68 21 skulle
386 920 122 22 densamma
523 921 72 21 kunna
610 921 125 28 uppskattas
750 921 32 21 till
797 922 47 25 800,
860 921 41 21 och

81 948 28 21 då
126 948 122 21 hemställer
262 949 40 28 jag,
317 949 105 21 huruvida
438 957 47 13 man
501 949 38 21 har
554 949 46 22 skäl
611 952 31 18 att
652 952 77 25 antaga
739 952 32 19 att
781 950 41 21 alla
832 950 68 21 skulle

81 985 50 14 vara
152 977 47 22 icke
220 977 76 22 endast
310 977 54 28 gifta
380 981 49 18 utan
446 978 64 21 äfven
525 978 65 21 hafva
605 978 91 28 familjer
711 978 40 21 och
767 986 38 20 ega
820 979 33 20 sin
868 978 34 22 fa-

80 1007 43 27 milj
146 1007 6 20 i
169 1006 76 21 behåll.
273 1006 43 28 Jag
330 1006 62 28 utgår
407 1006 89 21 sålunda
511 1007 47 21 från
575 1014 25 14 en
615 1007 58 28 lägre
688 1006 59 22 siffra
761 1008 27 20 än
803 1007 33 21 Hr
852 1006 50 22 Gri-

81 1035 101 28 penberg,
198 1035 39 21 och
252 1037 45 19 tror
311 1037 32 19 att
357 1035 38 21 här
410 1035 41 21 kan
467 1035 68 22 blifva
549 1035 60 28 fråga
624 1043 34 13 om
667 1035 65 28 något
739 1035 63 22 öfver
811 1037 89 25 100,000

81 1064 60 21 mark
161 1065 7 20 i
189 1063 71 22 stället
274 1064 35 21 för
324 1065 12 20 2
352 1065 12 20 4
380 1065 96 26 300,000,
490 1072 45 13 som
551 1064 164 22 Statsutskottet
730 1064 90 29 tidigare
836 1072 64 14 even-

81 1093 54 20 tuelt
149 1093 55 20 hade
221 1093 108 20 beräknat.

151 1160 33 21 Då
206 1161 63 27 ingen
290 1169 70 12 annan
375 1161 23 20 af
412 1161 26 21 R.
454 1169 18 12 o.
487 1161 37 21 A:s
540 1161 137 21 medlemmar
691 1161 74 22 vidare
780 1161 71 21 anhöll
866 1168 34 14 om

82 1188 67 27 ordet,
170 1189 123 22 framstälde
316 1189 34 21 Hr
371 1189 206 22 Landtmarskalken
599 1190 32 21 till
650 1189 101 22 Ständets
767 1189 132 22 besvarande

81 1217 94 29 följande

345 1292 282 29 Omröstningsproposition
633 1301 5 13 :

149 1365 55 26 Den,
219 1373 44 14 som
278 1369 77 25 genast
369 1366 38 21 vill
422 1366 50 27 ingä
486 1367 7 20 i
508 1367 72 27 slutlig
594 1367 101 28 pröfning
711 1367 23 20 af
748 1366 153 28 Borgarestän-

81 1393 47 21 dets
143 1393 141 22 förevarande
300 1394 132 29 inbjudning,
446 1397 69 19 röstar
529 1396 30 27 ja;

149 1461 76 20 vinner
247 1462 39 27 nej,
309 1462 118 20 remitteras
448 1461 88 21 ärendet
550 1461 32 21 till
598 1461 163 22 Statsutskottet
776 1463 7 19 i
798 1461 102 22 afseende

81 1487 11 22 3
108 1488 151 23 inkommande
274 1489 49 22 med
339 1489 109 22 utlåtande
461 1489 50 22 deri.
