1098 1798
380 133 70 17 Sundå
462 135 199 17 arbetarebostäder.
845 127 54 21 1643

112 200 74 27 hvarje
201 200 68 22 Stånd
286 200 38 22 och
340 203 148 26 representant
502 202 84 28 skyldig
601 205 32 18 att
647 203 51 27 göra
713 202 33 27 sig
760 201 51 22 reda
826 201 34 21 för
874 201 54 21 huru

111 228 76 29 frågan
202 229 40 21 bör
256 229 122 22 behandlas.
406 229 43 28 Jag
463 230 42 21 kan
520 230 48 21 icke
583 238 51 14 vara
649 237 49 14 ense
713 230 48 21 med
776 229 35 22 Hr
819 229 109 22 Mechelin

110 257 81 28 derom,
212 260 32 18 att
261 257 36 21 det
316 265 52 14 vore
383 265 26 14 en
424 257 70 22 fördel
510 261 32 18 att
557 258 23 21 få
594 259 75 27 frågan
684 258 110 28 angående
809 257 42 22 den
866 260 63 19 stats-

110 285 98 28 rättsliga
224 285 61 21 delen
308 286 23 21 af
346 286 59 21 detta
420 287 78 20 ärende
513 286 156 29 undanskjuten
690 293 77 20 genom
782 289 31 18 att
827 286 26 21 R.
868 293 19 14 o.
903 287 25 19 A.

110 321 30 13 nu
155 314 6 20 i
184 313 38 22 sak
241 313 68 22 skulle
324 314 76 21 förena
414 315 33 28 sig
461 315 48 20 med
526 314 26 21 de
568 315 78 21 ofrälse
661 314 106 22 Ståndens
783 314 75 21 beslut.
887 314 42 28 Jag

108 344 46 19 tror
178 345 31 18 att
234 342 36 21 det
294 342 54 21 både
369 342 35 21 för
421 342 69 22 denna
508 343 57 28 gång
580 343 40 22 och
635 345 56 19 ännu
706 350 45 14 mer
764 343 35 20 för
813 342 115 21 framtiden

109 377 53 14 vore
176 371 33 20 till
224 370 75 27 fördel,
315 374 31 18 att
360 379 48 13 man
424 371 69 21 skulle
505 371 27 28 gå
542 371 75 28 frågan
626 371 28 28 på
664 371 62 21 lifvet
738 371 41 21 och
789 371 48 21 icke
846 370 83 22 undan-

109 398 72 29 skjuta
196 399 130 27 densamma,
340 402 23 26 ty
377 400 22 27 ju
414 407 44 14 mer
473 408 48 13 man
534 400 155 28 undanskjuter
698 399 81 22 sådana
791 399 138 28 svårigheter,

108 427 63 22 desto
193 428 76 21 lättare
287 428 130 21 återkomma
436 428 27 21 de
485 437 26 12 en
534 436 69 14 annan
624 428 63 28 gång.
716 428 52 21 Med
792 427 101 22 afseende
915 427 13 21 å

109 456 57 22 hvad
188 457 37 28 jag
249 464 29 14 nu
300 459 71 26 yttrat,
392 457 40 21 och
454 457 28 21 då
504 458 35 27 jag
559 458 67 20 måste
645 465 50 13 anse
714 459 31 19 att
760 456 69 21 denna
843 455 85 29 inbjud-

109 485 52 28 ning
176 485 33 21 till
223 485 27 21 R.
265 493 18 14 o.
298 485 27 22 A.
340 487 24 19 är
379 485 87 22 alldeles
481 487 7 20 i
504 486 44 21 otid
563 486 71 27 väckt,
649 485 24 22 så
685 486 41 21 kan
736 486 35 27 jag
783 484 70 22 såsom
865 484 63 29 sagdt

111 513 35 22 för
167 515 43 20 min
232 513 34 22 del
287 514 47 21 icke
355 514 106 29 tillstyrka
483 514 65 27 bifall,
570 518 50 18 utan
641 514 67 22 måste
722 514 54 29 yrka
791 516 31 19 att
837 513 91 22 Ståndet

110 542 50 22 ville
176 542 106 22 vidblifva
298 544 37 20 sitt
349 543 58 21 förut
421 544 7 20 i
443 543 66 21 saken
525 543 82 21 fattade
623 542 74 22 beslut.

178 599 35 21 Hr
230 598 26 22 L.
270 599 160 21 Mechelin:
461 599 74 22 Såsom
551 600 74 27 tillägg
639 600 32 20 till
686 599 57 21 hvad
758 599 35 28 jag
808 599 58 21 förut
880 598 48 21 haft

108 629 50 19 äran
182 627 81 27 anföra,
286 628 37 21 ber
344 628 36 28 jag
401 628 75 21 endast
490 627 23 22 få
527 628 82 28 påpeka
625 630 31 19 att
671 627 145 29 perspektivet
831 627 23 21 af
869 626 58 21 detta

107 656 89 21 ärendes
223 656 117 21 återkomst
360 656 32 22 till
417 658 60 19 nästa
500 656 103 28 landtdag
625 656 47 22 icke
695 663 62 21 synes
781 657 44 26 mig
847 662 50 15 vara
920 656 7 20 i

106 684 69 21 sådan
189 684 52 28 grad
256 684 124 27 tilltalande,
396 688 30 18 att
441 692 47 14 man
504 686 48 20 icke
567 684 72 22 kunde
657 692 48 14 vara
720 684 50 28 böjd
784 684 35 24 för
835 686 30 19 ett
875 683 52 22 slut-

107 713 91 21 förande
218 714 22 20 af
255 714 71 20 denna
340 713 221 29 lagstiftningsåtgärd
576 713 86 27 derhän,
677 716 31 18 att
723 712 41 22 den
780 713 83 21 komme
878 712 48 21 från

106 741 168 29 dagordningen.

370 828 282 28 Omröstningsproposition
659 836 4 12 :

182 885 55 26 Den,
252 892 45 14 som
312 884 126 29 godkänner
452 884 123 23 Utskottets
590 884 132 29 inbjudning,
737 886 68 20 röstar
819 884 30 28 ja;

183 942 75 21 vinner
272 941 41 28 nej,
328 941 104 22 vidhäller
446 941 26 22 R.
488 949 18 14 o.
521 942 26 21 A.
563 942 38 21 sitt
615 942 58 21 förut
687 941 81 22 fattade
785 941 74 21 beslut.

183 1000 33 20 Pä
238 999 93 28 begäran
352 999 107 22 anstäldes
475 1000 69 21 sluten
560 1000 107 27 votering;
682 999 40 22 och
738 999 27 21 dä
780 999 69 21 denna
865 999 63 21 utföll

111 1028 49 22 med
185 1030 27 20 32
234 1028 21 28 ja
278 1028 40 22 och
339 1030 27 20 22
382 1029 40 28 nej,
438 1028 54 22 hade
506 1028 26 22 R.
547 1036 19 14 o.
581 1029 27 21 A.
623 1028 82 22 säledes
721 1028 88 22 beslutit
823 1031 31 18 att
875 1027 54 29 god-

109 1057 71 21 känna
195 1057 222 21 Ekonomiutskottets
433 1057 131 29 inbjudning.

178 1250 120 29 Föredrogs
314 1251 40 21 och
368 1251 124 28 godkändes
508 1254 51 18 utan
574 1250 120 22 diskussion

178 1308 175 21 Statsutskottets
373 1308 116 27 bordlagda
506 1307 133 22 betänkande
654 1308 40 20 N:o
711 1308 26 20 14
752 1308 7 20 i
775 1307 114 28 anledning
903 1308 23 20 af

108 1339 32 19 ett
160 1337 8 20 i
186 1336 181 28 Borgareständet
381 1336 121 21 framstäldt
516 1336 182 29 petitionsförslag
713 1343 33 13 om
761 1335 127 28 utgifvande
903 1336 23 21 af

108 1364 36 22 Jän
158 1372 26 14 ur
198 1364 124 22 statsmedel
337 1365 34 21 för
386 1364 133 29 uppförande
534 1365 24 21 af
573 1364 78 22 sunda
666 1364 233 22 arbetarebostäder.
