1084 1792
402 132 198 22 Folkhögskolorna.
824 127 54 21 1213

92 206 101 22 personer
207 198 48 22 med
270 199 42 28 hög
329 199 101 28 bildning,
444 200 68 20 måste
527 200 94 22 erkänna
635 203 32 18 att
678 200 65 22 äfven
761 201 79 21 sådana
858 200 53 22 kun-

90 228 84 28 skaper,
189 235 46 13 som
250 228 48 21 icke
313 228 72 21 kunna
400 227 70 22 direkt
484 228 153 28 tillgodogöras
648 230 7 19 i
667 228 36 22 det
718 229 109 28 praktiska
843 229 68 25 lifvet,

91 258 37 19 äro
149 256 24 21 af
194 256 109 28 betydelse
321 256 35 21 för
376 256 41 22 den
434 256 105 22 allmänna
555 257 129 27 bildningen.
728 257 52 21 Men
796 258 36 20 det
847 264 63 22 synes

89 292 47 14 som
151 292 34 13 om
201 284 27 21 de
243 284 68 21 skulle
326 285 66 20 tänka
407 287 31 19 att
452 284 35 21 för
501 285 170 28 folkbildningen
694 285 72 28 dylika
789 286 121 27 kunskaper

91 313 47 21 icke
153 313 66 21 hafva
234 313 71 28 någon
318 313 115 28 betydelse.
463 313 41 21 Om
522 313 59 22 detta
595 315 24 20 är
633 313 66 26 fallet,
714 313 24 22 så
754 313 66 22 måste
835 315 35 27 jag
883 313 27 29 på

92 341 38 22 det
145 341 144 22 bestämdaste
312 344 117 25 protestera
444 344 44 18 mot
504 349 25 14 en
545 342 66 21 sådan
627 342 143 29 uppfattning.
799 343 113 21 Erkänner

91 377 49 14 man
156 377 25 14 en
197 369 58 29 gång
270 372 31 19 att
316 369 80 22 sådana
411 370 127 28 kunskaper,
547 378 44 14 som
608 373 36 19 äro
661 370 80 28 egnade
757 374 31 18 att
803 371 54 28 lyfta
868 372 43 21 sin-

91 402 37 18 net
143 399 62 21 öfver
226 398 37 21 det
284 399 144 28 hvardagliga,
444 399 62 21 öfver
521 399 102 22 stundens
639 399 54 22 äflan
710 399 34 22 för
760 399 82 28 dagligt
858 399 53 22 bröd

90 427 42 22 och
155 427 104 22 materielt
281 427 88 26 förvärf,
385 431 30 18 att
437 427 80 22 sådana
540 428 122 29 kunskaper
684 430 36 19 äro
740 436 25 13 en
787 429 124 28 nödvändig

92 456 137 22 beståndsdel
255 455 22 22 af
299 456 42 21 den
361 456 65 28 högre
442 456 131 29 bildningen,
588 457 23 21 så
627 457 66 21 måste
709 464 47 14 man
772 457 35 21 väl
823 457 40 21 ock
879 465 32 13 er-

91 485 70 20 känna
176 488 31 18 att
222 485 26 21 de
264 486 36 20 äro
316 485 158 28 oundgängliga
493 485 34 20 för
542 485 41 21 den
599 485 65 28 högre
679 485 176 28 folkbildningen,
870 485 41 22 och

92 513 104 21 erkänner
216 521 48 14 man
288 513 65 28 detta,
369 513 24 22 så
408 513 66 22 borde
489 521 49 14 man
553 513 66 22 också
633 514 61 27 finna,
710 513 53 22 buru
778 514 134 27 nödvändigt

91 541 37 22 det
149 543 24 20 är
191 545 31 18 att
243 542 26 21 de
285 542 149 28 anspråkslösa
450 543 128 20 elementära
593 543 97 27 grunder,
706 550 44 14 som
766 543 7 20 i
788 543 121 20 folkskolan

95 570 72 28 läggas
183 571 33 20 till
232 571 80 21 sådana
327 571 127 28 kunskaper,
469 571 65 20 måtte
550 571 23 20 få
588 571 73 21 vidare
677 571 115 22 utvecklas.

160 599 41 28 Jag
216 599 38 21 har
268 599 66 21 redan
349 599 36 21 vid
402 602 30 18 ett
447 599 128 28 föregående
592 599 82 21 tillfälle
686 599 99 29 påpekat,
797 599 114 21 buruledes

94 627 41 21 den
151 627 128 28 utveckling
298 627 27 29 på
348 627 100 26 bredden,
471 635 45 13 som
539 628 39 21 vär
592 627 107 22 folkskola
715 636 29 13 nu
760 629 22 19 är
797 629 6 19 i
820 628 93 27 begrepp

93 658 32 19 att
140 656 101 28 undergå,
257 658 38 26 gör
311 655 36 22 det
362 656 100 21 särskildt
478 656 133 28 nödvändigt
626 659 31 18 att
672 656 78 21 bereda
760 656 110 28 möjlighet
879 657 35 20 för

92 684 117 21 ernåendet
231 685 23 20 af
276 692 25 14 en
325 684 64 28 högre
412 685 97 27 bildning
527 685 23 21 åt
565 684 48 21 dem
629 685 22 20 af
667 685 115 28 allmogens
794 686 63 19 söner
872 684 40 21 och

95 713 87 26 döttrar,
194 721 45 13 som
255 713 64 22 hafva
334 713 43 21 lust
392 713 40 21 och
447 713 84 22 tillfälle
547 715 30 20 att
591 713 87 28 tillegna
694 715 32 26 sig
741 721 25 14 en
778 713 72 22 sådan.
872 713 41 28 Jag

92 745 45 18 tror
152 742 65 21 också
232 745 31 18 att
278 742 23 21 af
318 742 41 21 alla
374 742 76 25 beslut,
460 749 44 14 som
516 741 119 22 Ständerna
652 742 36 21 vid
699 742 129 28 landtdagen
843 742 70 26 fattat,

93 771 33 26 de,
141 770 74 21 hvilka
237 771 46 21 afse
305 770 101 29 höjandet
428 771 22 20 af
470 771 79 21 folkets
572 770 164 28 bildningsnivå,
758 773 36 19 äro
817 770 26 21 de
858 774 55 17 mest

93 799 253 28 välsignelsebringande,
368 799 76 21 liksom
464 799 66 21 också
550 802 31 19 att
602 799 23 21 af
639 799 41 21 alla
694 799 80 28 anslag,
789 807 45 13 som
850 799 63 21 Stän-

91 828 67 21 derna
174 827 93 28 beviljat,
280 828 32 26 de,
323 827 72 22 hvilka
410 827 46 22 afse
473 828 115 21 ernåendet
603 828 23 20 af
641 827 58 21 detta
714 828 104 25 ändamål,
834 829 36 19 äro
886 827 26 21 de

93 859 54 18 mest
170 856 135 27 produktiva.
335 856 106 21 Särskildt
455 857 7 20 i
478 856 58 21 detta
555 857 38 20 fall
612 863 61 14 anser
688 857 34 27 jag
738 859 32 18 att
785 859 31 18 ett
831 856 82 28 behjer-

92 884 113 22 tansvärdt
220 885 65 21 behof
300 885 114 28 föreligger
429 885 40 21 och
485 887 30 19 att
530 885 37 21 det
582 892 51 14 vore
649 885 85 27 mycket
746 885 122 28 beklagligt,
878 891 34 15 om

94 913 165 27 folkhögskolan
275 914 65 20 äfven
355 913 114 21 framdeles
480 913 70 21 säsom
566 913 81 26 hittills,
662 914 34 20 för
710 916 32 18 att
757 913 78 21 erhälla
850 916 64 18 stats-

93 942 123 26 understöd,
238 949 51 14 vore
312 945 94 25 tvungen
426 945 32 17 att
472 950 44 13 mer
532 942 51 21 eller
597 942 81 21 mindre
694 942 82 21 ansluta
792 943 32 26 sig
839 941 31 21 till
886 941 26 21 de

94 971 123 27 visserligen
243 970 85 28 mycket
343 971 83 28 nyttiga
441 970 41 22 och
496 970 135 28 respektabla
647 970 147 21 landtmanna-
809 970 38 21 och
863 970 50 21 hus-

94 999 192 26 modersskolorna,
308 1006 48 14 men
371 998 73 22 hvilka
460 999 72 21 skolor
547 999 56 21 dock
619 998 66 28 enligt
700 999 76 21 sakens
792 1002 62 18 natur
869 998 45 22 mä-

95 1031 32 18 ste
143 1028 92 28 fullfölja
251 1031 30 17 ett
296 1028 65 27 något
379 1030 65 19 annat
458 1035 103 21 program.
591 1028 44 20 Det
650 1029 23 19 är
688 1028 27 27 pä
729 1027 68 28 grund
814 1028 22 20 af
851 1027 63 21 dessa

95 1057 138 27 synpunkter,
257 1064 46 13 som
325 1057 35 27 jag
380 1057 66 27 vägar
467 1056 67 21 uttala
553 1056 40 22 den
609 1056 143 28 förhoppning
767 1059 32 18 att
813 1056 25 21 R.
854 1064 18 13 o.
888 1056 25 20 A.

95 1085 54 21 skall
163 1086 114 27 godkänna
293 1085 122 21 Utskottets
431 1085 81 28 förslag
528 1086 6 20 i
550 1085 59 21 detta
623 1084 108 22 afseende.

162 1142 35 20 Hr
222 1142 178 28 Furuhjelm:
430 1142 43 20 För
498 1143 44 20 min
563 1142 34 21 del
618 1144 44 18 tror
686 1143 35 27 jag
745 1144 31 18 att
804 1149 110 13 reservan-

94 1173 60 18 terne
178 1170 65 22 hafva
265 1172 42 19 rätt
330 1170 69 21 deruti
422 1173 32 18 att
476 1177 26 14 en
526 1170 34 21 del
581 1170 161 28 folkhögskolor
757 1170 105 20 mähända
877 1169 36 21 vid

94 1198 180 28 undervisningen
294 1199 87 27 inslagit
397 1206 25 14 en
438 1199 72 21 alltför
532 1199 102 21 teoretisk
652 1199 100 27 riktning.
782 1198 63 21 Dock
872 1198 41 21 kan

94 1228 36 28 jag
153 1228 48 20 icke
227 1228 75 21 förena
327 1228 43 27 mig
395 1228 47 20 med
464 1230 167 22 reservanterne,
657 1226 180 28 hufvudsakligen
859 1234 55 14 eme-

95 1256 42 21 dan
153 1256 67 28 enligt
241 1256 60 21 deras
317 1256 79 27 förslag
410 1256 101 28 frägorna
526 1264 33 13 om
576 1256 74 27 anslag
665 1256 32 20 för
712 1255 145 21 landtmanna-
874 1255 40 21 och

94 1284 188 22 husmoderskolor
303 1284 40 21 och
364 1292 34 13 om
413 1284 189 28 subventionering
617 1284 22 21 af
654 1284 162 28 folkhögskolor
831 1284 83 20 komme

94 1315 32 19 att
156 1313 191 29 sammankopplas,
369 1313 40 21 och
432 1312 161 29 anslagsfrägan
616 1315 31 19 att
669 1313 57 27 ligga
750 1312 134 22 uteslutande
908 1313 6 19 i

94 1341 147 28 Regeringens
257 1341 86 27 händer,
357 1341 111 21 hvaremot
484 1342 65 28 enligt
564 1341 123 22 Utskottets
703 1340 134 22 betänkande
853 1340 61 21 Stän-

95 1370 66 21 derna
176 1370 54 28 egde
245 1370 60 22 anslä
319 1370 89 21 medlen.
430 1370 42 28 Jag
487 1371 60 20 torde
563 1371 5 19 i
583 1370 58 20 detta
652 1370 151 27 sammanhang
813 1369 23 21 fä
847 1370 68 20 erinra

95 1406 34 14 om
145 1398 42 21 den
203 1400 92 26 opinion,
310 1406 45 14 som
371 1398 46 21 frän
434 1399 54 21 visst
503 1399 43 21 häll
561 1399 56 20 varit
631 1398 93 21 rädande
739 1400 107 26 gentemot
858 1398 56 20 folk-

95 1427 152 26 högskoleid6n
269 1428 40 20 och
325 1434 46 14 som
386 1426 103 21 härfluten
511 1434 24 13 ur
556 1434 26 14 en
605 1426 146 26 längtdrifven
770 1426 145 26 skuggrädsla,

96 1454 106 21 betraktat
222 1454 165 28 folkhögskolan
410 1454 48 21 med
481 1454 26 21 de
530 1457 53 18 mest
603 1454 71 20 oblida
696 1456 61 25 ögon.
787 1453 43 21 Det
848 1453 67 27 ligger

96 1484 56 20 ännu
175 1483 6 20 i
204 1483 69 21 färskt
295 1484 77 25 minne,
393 1482 113 22 huruledes
526 1490 49 14 man
590 1482 48 21 frän
653 1482 58 21 detta
726 1482 43 21 häll
784 1482 50 21 ville
850 1483 66 26 vägra

94 1514 33 19 ett
149 1511 57 22 antal
230 1512 137 22 akademiska
389 1511 67 22 lärare
478 1514 31 19 att
528 1513 6 20 i
557 1511 157 22 universitetets
736 1511 102 22 lärosalar
859 1510 57 21 hålla
