1095 1803
335 132 126 18 Folkskolan
473 134 69 18 såsom
553 135 137 17 bottenskola.
839 131 54 21 1561

105 199 69 22 kärsii.
196 200 93 22 Joitakin
311 202 153 27 toimenpiteitä
481 203 58 21 asian
560 203 172 28 parantamiseksi
753 212 26 13 on
793 205 49 21 näin
865 205 55 21 ollen

104 228 120 22 katsottava
238 230 120 21 suotaviksi.
379 230 61 21 Tällä
452 231 92 21 hetkellä
555 232 19 20 ei
583 232 127 21 kuitenkaan
718 236 59 18 saata
784 233 41 21 olla
835 233 86 21 valitta-

104 264 54 14 vana
178 260 73 18 muuta
271 258 48 21 kuin
343 266 22 13 se
387 258 93 27 ehdotus,
494 259 49 28 joka
557 260 164 21 vastalauseessa
735 262 95 27 esiintyy.
859 261 62 21 Minä

104 285 115 21 sentähden
240 286 105 21 kannatan
365 288 54 20 siinä
441 288 72 28 tehtyä
536 288 114 21 ehdotusta.
687 288 102 28 Lyhyesti
810 290 37 20 siis
871 290 51 21 vain

104 313 105 22 kannatan
223 314 155 22 vastalausetta.

369 399 276 30 Omröstningsproposition
652 410 4 12 :

170 455 54 27 Den,
239 463 44 14 som
298 456 121 28 godkänner
434 457 120 22 Utskottets
569 458 138 27 betänkande,
723 461 68 19 röstar
808 460 33 27 ja;

170 513 74 20 vinner
257 513 40 28 nej,
311 513 100 22 omfattar
425 514 26 21 R.
466 521 17 14 o.
498 514 29 21 A.
542 515 160 21 reservationen.

170 570 158 28 Propositionen
352 571 126 22 besvarades
502 572 48 21 med
574 572 155 29 öfvervägande
750 574 30 27 ja;
801 573 39 21 och
865 573 56 22 hade

103 598 25 22 R.
143 606 17 14 0.
176 599 26 21 A.
218 598 80 22 således
313 600 86 21 beslutit
413 600 111 28 godkänna
539 600 120 23 Utskottets
674 601 138 22 betänkande.

329 743 121 23 Folkskolan
466 741 72 26 såsom
555 744 139 23 hottenskola.

170 799 119 30 Föredrogs

168 857 112 22 Allmänna
301 858 214 22 Petitionsutskottets
538 859 132 21 betänkande
685 859 40 21 N:o
741 860 27 20 24
783 860 8 20 i
805 860 116 27 anledning

101 885 22 21 af
138 888 30 19 ett
182 886 33 21 till
235 886 158 21 Bondeständet
412 887 115 22 inlemnadt
548 888 206 28 petitionsmemorial
772 896 34 13 om
823 896 24 13 en
863 896 57 13 reor-

100 915 117 27 ganisation
232 915 22 20 af
268 915 148 22 skolväsendet
430 916 84 26 derhän,
524 919 31 18 att
569 916 119 21 folkskolan
703 916 82 22 komme
801 920 33 18 att
845 919 76 26 utgöra

101 950 25 14 en
136 943 76 21 allmän
227 943 132 22 bottenskola
373 944 34 21 för
421 944 82 22 landets
517 945 64 28 högre
596 945 266 28 undervisningsanstalter.

167 1001 138 21 Beträffande
321 1001 59 21 detta
393 1001 134 22 betänkande
541 1002 83 29 yttrade

167 1057 35 21 Hr
224 1058 24 20 L
269 1058 155 22 Mechelin:
453 1058 13 21 I
486 1059 59 21 detta
566 1059 76 21 ärende
663 1061 35 19 äro
719 1060 22 20 vi
756 1059 66 21 stälda
840 1060 7 20 i
862 1060 59 20 valet

99 1086 77 21 mellan
190 1085 38 22 det
242 1086 83 29 förslag,
340 1086 60 22 hvari
414 1087 143 22 betänkandet
571 1091 115 24 utmynnar,
701 1087 108 22 äfvensom
825 1087 41 22 den
877 1087 43 22 för-

99 1117 32 18 sta
154 1115 159 26 reservationen,
334 1115 39 21 och
389 1115 41 21 den
445 1115 64 22 andra
529 1117 160 20 reservationen.
718 1115 42 29 Jag
786 1116 37 21 ber
844 1119 32 18 att
897 1116 23 21 få

101 1146 67 18 straxt
183 1143 82 21 anmäla
279 1147 31 17 att
325 1144 34 28 jag
371 1143 33 21 för
418 1145 44 20 min
477 1144 33 21 del
525 1145 68 20 finner
608 1144 54 21 bäde
674 1144 41 21 den
725 1144 66 21 första
803 1145 41 20 och
854 1145 66 21 andra

101 1172 155 21 reservationen
276 1172 65 21 hafva
363 1172 105 21 företräde
483 1173 88 21 framför
586 1173 152 21 betänkandets
753 1173 84 28 förslag.
867 1173 52 21 Men

101 1202 38 19 när
159 1201 35 27 jag
215 1200 46 21 äter
280 1201 76 27 jemför
377 1201 41 20 den
440 1201 67 21 första
521 1202 154 21 reservationen
690 1201 48 21 med
753 1201 41 21 den
810 1201 71 27 andra,
896 1201 24 22 sä

101 1236 61 21 synes
183 1229 37 20 det
240 1230 44 27 mig
298 1232 31 18 att
344 1229 40 21 den
399 1229 67 22 första
480 1229 38 22 har
533 1232 29 19 ett
576 1229 105 22 företräde
696 1229 40 22 och
751 1229 41 22 den
808 1230 65 21 andra
889 1233 32 18 ett

102 1261 62 17 annat
186 1257 111 22 företräde.
326 1257 41 28 Jag
389 1257 41 22 kan
448 1259 18 27 ej
484 1259 108 20 underlåta
613 1261 31 18 att
658 1266 55 19 anse,
728 1261 32 18 att
774 1266 26 13 en
814 1259 43 21 viss
872 1266 48 14 var-

102 1286 81 21 samhet
204 1286 40 21 och
265 1285 132 22 mättfullhet
413 1286 47 21 från
475 1286 127 22 Ständernas
617 1287 46 20 sida
677 1287 65 21 borde
757 1287 110 28 iakttagas,
882 1289 38 18 när

102 1314 36 21 det
152 1314 66 28 gäller
232 1317 32 18 att
278 1315 66 20 uttala
359 1318 31 17 ett
404 1315 96 21 omdöme
515 1323 33 13 om
563 1316 166 27 organisationen
740 1315 22 21 af
771 1315 82 22 landets
864 1315 56 21 skol-

102 1343 96 20 väsende.
218 1342 13 21 I
246 1343 40 21 den
301 1343 67 21 första
381 1344 154 21 reservationen
550 1344 104 27 iakttages
669 1343 69 22 denna
751 1344 88 28 princip,
850 1344 70 21 sävidt

101 1371 38 21 det
155 1371 65 28 gäller
235 1375 31 17 att
280 1372 67 21 uttala
367 1373 32 26 sig
416 1379 34 14 om
465 1372 128 21 folkskolans
609 1371 131 22 förhällande
754 1372 34 21 till
805 1373 40 20 den
860 1372 60 21 lärda

102 1399 78 26 skolan,
194 1402 24 25 ty
232 1399 40 21 den
288 1400 66 21 första
368 1401 165 20 reservationens
547 1400 165 21 undertecknare
727 1400 86 21 förorda
829 1408 24 13 en
865 1401 54 28 peti-

101 1428 44 19 tion
160 1428 78 25 derom,
253 1431 31 17 att
299 1429 131 26 Regeringen
445 1429 65 19 mätte
525 1430 66 26 taga
583 1424 9 36 i
602 1429 162 26 öfvervägande,
778 1429 7 19 i
800 1429 57 19 hvad
871 1429 49 19 män

102 1454 141 29 öfvergången
263 1455 47 21 från
341 1455 109 21 folkskolan
471 1456 33 20 till
526 1456 41 20 den
588 1455 59 21 lärda
669 1455 83 21 skolans
774 1456 67 20 första
863 1456 56 20 klass

102 1483 70 21 kunde
186 1483 135 27 underlättas,
339 1486 50 18 utan
407 1486 32 18 att
460 1483 118 29 någondera
592 1483 69 21 skolas
676 1483 145 29 sjelfständiga
835 1484 85 28 uppgift

102 1511 119 29 derigenom
237 1512 129 21 äsidosättes.
395 1512 51 21 Men
461 1512 92 21 derefter
567 1512 73 21 förena
655 1512 31 28 sig
701 1516 155 18 reservanterne
868 1513 53 28 jem-
