1092 1803
208 136 54 20 1452
463 142 25 17 R.
500 146 18 12 0.
529 143 23 15 A.
565 142 55 17 1897,
643 142 27 16 24
681 141 48 21 Maj.

248 208 57 21 Frih.
327 217 51 13 von
400 209 84 21 Born:
513 209 36 21 Då
569 210 35 27 jag
625 208 141 22 understödde
788 208 58 21 Frih.
859 208 87 26 Wrede,
961 215 38 14 var

179 236 37 21 det
230 237 66 21 under
311 237 149 29 förutsättning
474 241 32 18 att
520 237 57 22 Frih.
592 237 79 23 Wrede
687 237 92 22 önskade
794 237 77 21 mellan
884 237 23 27 $$
921 237 26 20 13
957 236 40 21 och

180 266 27 20 14
228 268 93 26 upptaga
343 273 26 14 en
391 266 11 27 $
421 266 22 21 af
458 266 41 21 den
513 266 85 29 lydelse,
613 274 44 14 som
672 266 68 21 finnes
754 267 9 20 i
776 265 35 22 Hr
825 273 41 14 von
880 265 118 28 Knorrings

178 295 136 26 reservation,
336 295 40 20 och
399 298 55 18 emot
475 295 68 22 denna
565 295 11 28 &
598 295 49 21 med
662 295 47 21 dess
724 296 125 20 intressanta
863 293 137 28 formulering

179 322 39 21 har
231 323 36 28 jag
280 323 35 21 för
328 324 44 20 min
387 323 34 21 del
435 324 108 28 ingenting
558 327 31 18 att
604 323 105 22 anmärka.

248 380 57 21 Frih.
320 380 27 21 O.
362 388 50 14 von
428 380 131 22 Hellens:
588 380 13 21 TI
616 381 92 28 enlighet
721 380 49 22 med
785 380 57 21 hvad
856 381 20 27 jag
906 380 37 21 vid
956 380 43 21 dis-

179 409 112 21 kussionen
305 408 23 22 af
343 410 12 26 &
372 410 26 20 10
413 409 55 22 hade
483 411 50 19 äran
547 409 79 27 anföra,
640 409 39 22 ber
692 410 35 27 jag
742 410 64 21 äfven
820 409 38 21 här
883 416 13 13 fä
910 408 90 29 päpeka,

180 440 32 19 att
233 438 61 21 ordet
315 437 207 29 besigtningsnämnd
545 439 65 27 enligt
631 439 43 20 min
694 438 54 28 äsigt
762 438 66 22 borde
842 438 85 28 utbytas
943 440 57 18 emot

180 466 221 29 utskrifningsnämnd.

249 524 151 21 Diskussionen
423 524 114 22 afslutades
559 524 93 26 härmed,
674 524 40 21 och
730 524 64 21 sedan
809 524 25 21 R.
850 532 17 13 o.
882 523 27 22 A.
924 524 29 28 pä
966 524 35 20 Hr

180 552 215 22 Landtmarskalkens
417 552 154 29 framställning
593 553 86 21 beslutit
697 552 153 22 äterremittera
864 552 138 29 lagförslaget

179 581 78 28 jemväl
280 582 8 20 i
313 581 68 21 denna
405 581 35 21 del
461 582 33 20 till
516 581 111 22 Utskottet
648 581 34 21 för
703 581 110 21 införande
828 581 22 21 af
865 581 138 29 stadganden,

181 610 71 28 bygda
271 610 27 28 pä
321 610 26 20 de
368 611 7 19 i
395 611 164 21 reservationens
582 611 10 28 &
615 611 27 20 14
656 614 108 25 upptagna
777 610 113 29 principer,
905 610 97 28 afgäfvos

180 638 134 22 beträffande
339 640 11 24 $
374 640 27 20 14
425 639 7 20 i
455 639 121 22 Utskottets
598 638 132 23 betänkande
754 639 54 21 efter
829 639 118 21 hvarandra
968 640 33 20 till

180 667 27 21 R.
222 675 18 14 o.
255 668 38 20 A:s
307 668 131 21 besvarande
453 668 92 28 följande

433 760 309 37 Omröstningspropositioner
747 773 4 12 :

251 840 38 26 1:0)
303 839 55 27 Den,
373 846 44 14 som
432 839 122 28 godkänner
564 839 121 22 Utskottets
695 839 80 28 förslag
784 839 78 27 derom,
872 842 32 19 att
915 839 87 22 utskrif-

181 868 176 28 ningsnämndens
372 868 125 21 ordförande
512 871 57 18 utses
584 868 64 21 bland
665 867 82 22 »dertill
762 868 103 29 skicklige
880 871 49 18 män
945 869 57 20 inom

181 896 77 27 länet»,
272 898 68 19 röstar
353 897 30 28 ja;

250 954 74 21 vinner
338 954 40 27 nej,
393 953 38 21 har
445 954 26 21 R.
486 961 17 14 o.
518 954 27 21 A.
560 953 22 22 åt
590 953 108 28 uttrycket
708 953 64 28 gifvit
780 954 94 28 lydelsen
886 954 116 28 »skicklige

182 981 40 21 och
237 982 72 27 villige
323 984 49 19 män
386 983 56 20 inom
457 983 75 20 länet».

250 1039 67 21 Detta
332 1039 220 29 omröstningsförslag
565 1039 127 22 besvarades
706 1040 49 21 med
771 1039 155 29 öfvervägande
941 1040 26 27 ja.

251 1096 39 26 2:0)
311 1096 56 26 Den,
385 1103 45 14 som
444 1096 121 29 godkänner
580 1096 36 22 det
630 1096 23 22 af
667 1096 113 22 Utskottet
794 1097 97 21 använda
905 1096 99 29 utrycket

185 1124 69 21 »finsk
269 1124 96 27 officer»,
380 1126 67 20 röstar
461 1126 30 27 ja;

251 1182 73 20 vinner
338 1183 40 27 nej,
392 1182 84 28 utbytes
491 1183 108 27 uttrycket
613 1182 31 21 till
663 1182 88 22 »officer
765 1183 37 21 vid
817 1183 57 21 finsk
890 1186 85 25 trupp».

250 1233 72 27 Äfven
337 1238 69 22 denna
419 1240 131 27 proposition
564 1239 126 22 besvarades
704 1240 49 21 med
768 1240 156 28 öfvervägande
938 1240 27 28 ja.

251 1296 38 26 3:0)
311 1295 55 27 Den,
385 1304 44 13 som
451 1296 121 28 godkänner
586 1298 51 20 sista
651 1304 62 14 mom.
727 1297 9 20 i
751 1297 33 27 8:n
800 1296 65 29 enligt
879 1296 124 22 Utskottets

181 1324 84 28 förslag,
280 1326 68 20 röstar
361 1325 32 27 ja;

249 1380 74 20 vinner
337 1380 40 28 nej,
392 1380 99 20 uteslutes
507 1380 47 20 från
568 1381 65 27 sagda
647 1388 61 14 mom.
723 1380 66 22 orden
803 1380 64 22 >eller
876 1388 69 14 annan
955 1381 47 21 sak-

180 1408 81 28 kunnig
274 1416 95 20 person».

249 1465 36 21 Då
305 1465 78 29 jemväl
405 1466 58 21 detta
485 1467 218 28 omröstningsförslag
723 1467 126 23 besvarades
867 1468 50 21 med
932 1468 71 22 öfver-

180 1490 96 58 vägande
290 1495 27 28 ja,
332 1503 38 14 var
384 1496 13 25 &
413 1496 26 20 14
454 1495 7 21 i
477 1496 31 20 sin
523 1495 72 22 helhet
608 1495 100 29 godkänd
722 1496 66 29 enligt
797 1497 122 22 Utskottets
929 1497 73 22 betän-

196 1525 59 21 ande.
