1092 1803
198 140 55 21 1556
446 145 24 16 R.
483 149 18 13 o.
514 145 22 16 A.
549 144 55 17 1897.
628 145 28 16 28
667 144 48 21 Maj.

171 213 66 21 deraf
251 215 32 18 att
298 219 25 14 en
339 213 35 20 del
389 212 22 21 af
425 212 27 21 de
467 212 102 29 ätgärder,
584 219 44 14 som
643 211 65 22 borde
722 211 104 29 vidtagas,
840 211 112 22 ankomma
966 211 27 28 pä

173 241 130 26 Ständerna;
325 241 40 22 och
385 241 35 20 för
441 244 32 18 att
495 240 86 22 sälunda
602 240 140 29 komplettera
766 241 154 20 reservationen
944 239 49 22 med

173 269 125 22 Utskottets
313 269 132 22 betänkande
461 269 39 22 och
514 269 236 22 utskottsbetänkandet
767 269 49 21 med
826 268 34 22 Hr
870 268 123 22 Stjernvalls

173 299 80 28 tillägg,
267 298 38 21 ber
319 299 35 48 jag
372 301 32 18 att
418 297 23 22 fä
455 298 81 21 ansluta
550 298 44 28 mig
607 297 33 22 till
655 297 34 21 Hr
704 297 124 29 Stjernvalls
849 273 86 57 förslag,
949 305 44 13 som

173 334 62 21 synes
249 327 44 28 mig
307 326 133 29 fullständigt
454 327 104 28 ätergifva
572 326 57 22 hvad
643 326 39 21 här
696 328 22 19 är
732 326 60 29 fräga
806 333 41 14 om.

243 383 35 22 Hr
291 384 38 28 Hj.
344 383 125 22 Schildt:
497 383 37 21 Dä
547 383 34 21 Hr
596 383 124 29 Stjernvalls
734 383 80 28 förslag
829 385 22 19 är
866 386 31 18 ett
911 382 82 22 förfull-

171 412 140 28 ständigande
331 412 23 22 af
374 412 37 21 det
431 414 35 27 jag
480 412 111 27 framstält,
612 412 24 21 sä
657 412 39 21 har
715 413 35 27 jag
770 412 107 28 ingenting
892 415 57 18 emot
963 415 31 18 att

171 441 86 22 biträda
271 441 38 22 det
323 441 74 28 tillägg
410 441 42 21 han
466 442 55 27 gjort
534 441 33 21 till
580 442 49 20 mitt
644 440 84 29 förslag.

435 516 285 29 Omröstningsproposition:

242 573 55 27 Den,
317 581 44 14 som
381 573 122 29 godkänner
520 573 122 22 Utskottets
661 572 133 23 betänkande
809 573 40 21 och
864 572 130 22 redaktions-

171 602 88 29 förslag,
273 604 68 20 röstar
354 603 30 27 ja;

243 661 74 20 vinner
331 660 40 27 nej,
387 659 100 22 omfattar
501 660 27 21 R.
542 667 18 14 o.
575 660 27 21 A.
611 660 156 21 reservationen
778 659 50 22 med
839 659 75 22 sådant
923 659 74 29 tillägg

171 688 36 21 Hr
223 688 114 29 Stjernvall
352 688 114 28 föreslagit.

242 745 161 28 Propositionen
425 744 125 22 besvarades
572 744 49 22 med
643 744 155 28 öfvervägande
820 745 46 28 nej;
887 744 40 22 och
941 744 56 22 hade

172 774 26 20 R.
223 781 19 14 o.
263 773 27 21 A.
313 773 82 21 således
417 773 87 22 beslutit
524 776 32 18 att
577 773 48 21 med
646 773 176 22 underkännande
837 773 23 21 af
874 773 122 22 Utskottets

171 798 23 36 res
195 802 185 28 olutionsförslag
398 802 89 21 omfatta
508 805 31 18 ett
557 802 179 28 petitionsförslag
756 802 23 21 af
798 802 93 28 följande
906 802 89 28 lydelse:

247 862 32 18 att
301 858 29 22 H.
349 859 30 21 K.
401 858 30 22 M.
453 859 82 21 täcktes
554 858 22 22 ät
597 867 25 13 en
641 859 34 21 för
695 858 119 23 ändamålet
829 859 76 22 tillsatt
919 859 78 21 komit6

177 887 109 29 uppdraga
308 891 33 18 att
361 887 114 22 verkställa
498 895 25 14 en
545 888 84 28 allsidig
649 887 161 29 undersökning,
832 888 103 22 huruvida
957 888 40 21 och

177 916 74 22 hvilka
265 916 98 28 ätgärder
377 916 46 21 frän
439 916 36 22 det
489 917 115 21 allmännas
622 916 47 21 sida
683 924 49 14 vore
748 920 32 18 att
794 916 87 29 vidtaga
895 917 34 21 för
943 920 32 18 att
989 917 8 21 i

175 945 118 28 möjligaste
308 945 49 21 män
371 944 103 28 befrämja
487 945 41 21 och
543 948 75 26 trygga
631 945 42 21 den
682 945 46 21 lösa
737 945 160 29 befolkningens
904 945 92 22 lefnads-

175 974 76 26 vilkor,
275 973 108 22 äfvensom
403 976 32 18 att
452 973 28 21 H.
500 974 53 20 M.i
568 975 66 20 sinom
654 973 33 21 tid
702 974 50 21 ville
766 974 98 21 meddela
879 974 118 21 Ständerna

173 1002 113 22 resultatet
307 1002 23 22 af
352 1002 68 21 denna
441 1002 156 29 undersökning
617 1003 64 28 jemte
703 1002 79 29 förslag
804 1002 33 22 till
852 1003 27 21 de
894 1002 103 29 ätgärder,

172 1031 85 22 hvartill
272 1030 206 29 omständigheterna
491 1031 70 21 kunna
575 1031 115 21 föranleda.

399 1215 36 22 Val
451 1214 26 23 af
488 1214 106 23 förstärkt
608 1214 148 24 Statsutskott.

244 1271 31 22 Pä
295 1271 34 21 Hr
349 1271 215 22 Landtmarskalkens
585 1273 128 27 uppmaning
728 1272 63 21 skred
805 1273 26 20 R.
847 1280 18 13 o.
880 1272 26 21 A.
921 1280 28 13 nu
963 1273 32 20 till

175 1299 35 22 val
232 1300 23 21 af
277 1301 25 20 11
326 1299 116 22 ledamöter
463 1300 39 21 och
517 1301 14 20 4
546 1301 134 28 suppleanter
694 1301 8 20 i
716 1301 37 21 det
773 1300 115 22 förstärkta
903 1300 92 22 Statsut-

172 1328 64 26 skott,
250 1328 82 21 hvilket
355 1329 64 26 enligt
441 1328 100 21 Ständets
565 1330 7 20 i
594 1329 42 27 dag
656 1329 82 21 fattade
753 1329 70 22 beslut
837 1329 66 22 skulle
918 1329 75 22 tillsät-

173 1359 33 17 tas
221 1356 34 21 för
269 1355 114 22 afgörande
399 1355 22 22 af
431 1351 77 57 frågan
523 1364 34 13 om
572 1357 72 28 anslag
656 1357 34 20 för
704 1364 26 13 en
741 1357 87 28 jernväg
837 1357 47 21 från
893 1357 100 28 Helsing-

173 1383 43 22 fors
231 1384 32 21 till
277 1359 153 56 Hangöbanan,
445 1391 24 14 och
499 1384 72 22 blefvo
586 1385 74 21 dervid
674 1385 98 21 utsedde:

238 1441 43 22 Till
296 1441 124 22 ledamöter:

239 1498 58 23 Frih.
311 1507 53 13 von
377 1498 185 23 Willebrand
571 1499 40 22 och
627 1494 30 39 Hr
671 1499 38 22 Th.
720 1499 235 30 Tigerstedt,
910 1494 40 39 med
965 1502 26 21 53

169 1529 74 26 röster,
257 1527 72 22 Frihh.
339 1528 25 21 R.
386 1523 23 38 A.
404 1527 103 22 Wrede
517 1528 40 22 och
573 1535 45 15 von
624 1528 137 27 Born,
720 1523 44 38 Hrr
772 1529 68 22 Adolf
851 1529 140 28 Aminoff,
