1086 1789
213 143 54 22 1086
416 159 2 2 +
466 147 25 16 R.
504 152 17 11 0.
534 147 21 16 A.
569 147 56 17 1897.
649 147 22 16 12
684 147 46 20 Maj.

184 215 109 28 uppgifter
307 215 34 26 jag
357 214 27 21 dä
394 214 66 26 erhöll
470 214 113 21 förefinnes
595 215 63 26 ingen
668 213 143 28 regelbunden
820 213 182 20 kommunikation

184 243 77 20 mellan
282 243 82 20 Ishafs-
387 242 40 21 och
443 242 218 27 Ostersjöhamnarna,
685 245 50 23 utan
750 241 106 28 försiggär
870 241 48 21 hela
933 241 71 20 denna

185 271 148 28 fisktransport
355 270 94 26 sålunda,
464 273 32 18 att
509 270 169 21 fiskerifirmorna
693 271 6 19 i
715 269 214 28 Ostersjöhamnarna
940 269 64 28 tidigt

184 307 35 13 om
241 299 65 21 våren
327 299 74 20 skicka
416 298 71 28 fartyg
502 298 81 21 lastade
598 297 49 22 med
662 298 102 27 spanmäl,
778 297 72 26 tobak,
865 298 58 27 sprit,
936 305 26 13 m.
976 305 28 13 m.

185 335 44 20 upp
245 327 31 21 till
292 327 80 21 Ofoten
388 327 35 20 för
438 330 30 17 att
484 327 37 20 der
536 326 50 21 idka
601 326 146 28 byteshandel.
776 326 70 21 Dessa
858 326 71 28 fartyg
941 333 62 20 gvar-

184 359 77 18 stanna
283 355 109 21 derstädes
414 355 48 21 hela
483 363 117 13 sommaren
615 355 40 20 och
670 355 55 20 först
739 355 7 20 i
761 355 65 20 slutet
841 354 23 21 af
878 354 127 28 September

188 384 51 21 eller
254 384 73 27 början
343 383 22 22 af
380 383 98 22 Oktober
493 383 116 22 återvända
624 383 27 21 de
667 383 48 20 med
730 383 46 21 sina
791 383 70 26 laster,
876 390 48 13 men
937 382 68 21 under

184 413 48 20 hela
255 412 137 21 mellantiden
415 419 49 20 eger
486 413 63 26 ingen
571 414 108 25 transport
693 411 38 21 alls
746 419 52 13 rum.
827 411 80 21 Fisken
923 411 83 21 betalas

184 441 94 29 deruppe
294 441 47 21 med
358 442 26 20 35
400 441 70 28 kopek
485 441 72 28 pudet,
571 440 77 21 medan
670 447 75 21 engros
761 441 71 27 priset,
848 440 28 21 dä
890 439 42 22 den
944 439 62 22 kom-

184 477 46 14 mer
251 470 32 20 till
305 470 135 27 Petersburg,
454 471 63 26 utgör
537 470 12 20 2
572 469 60 21 rubel
655 469 71 28 pudet,
742 469 83 21 säledes
841 476 26 14 en
883 468 83 22 skilnad
981 468 24 21 af

186 500 11 19 1
221 498 60 21 rubel
304 499 26 20 65
353 498 70 28 kopek
439 498 71 28 pudet.
539 498 74 27 Enligt
628 497 27 21 de
671 498 108 27 uppgifter
793 497 212 27 Jernvägsutskottet

185 527 84 27 lemnat,
290 526 68 22 skulle
372 526 184 28 jernvägsfrakten
572 526 56 21 ifrän
643 526 82 21 Ofoten
740 526 32 21 till
788 525 130 28 Petersburg
933 524 72 29 uppgä

184 555 33 21 till
239 556 27 20 28
286 555 80 28 kopek;
382 555 71 27 lägges
469 555 71 20 härtill
560 554 116 28 sjöfrakten
691 554 48 21 frän
754 554 98 22 Ishafvet
867 554 33 21 till
914 553 89 27 Ofoten,

186 585 26 19 12
228 583 76 49 opel
320 586 54 18 samt
388 584 78 20 fiskens
481 583 127 28 inköpspris,
623 582 24 22 så
662 583 68 21 skulle
746 583 48 21 hela
809 582 118 22 kostnaden
943 582 61 21 ställa

186 613 34 27 sig
234 612 23 20 till
281 612 97 28 omkring
394 613 25 19 75
436 612 70 28 kopek
522 612 71 28 pudet,
608 611 40 21 och
664 619 26 13 en
708 611 123 28 behållning
848 611 23 21 af
882 612 39 20 125
933 610 71 28 kopek

186 640 82 21 således
284 640 84 21 återstå.
397 640 52 21 Man
466 641 41 20 kan
518 640 89 21 sålunda
617 640 68 21 förstå
697 643 31 18 att
738 640 108 28 betydliga
856 639 150 28 förändringar

185 670 6 20 i
207 669 208 28 försäljningspriset,
431 669 75 21 liksom
522 668 40 22 ock
577 668 122 28 förhöjning
715 670 7 19 i
736 668 144 28 inköpspriset
890 668 35 20 för
936 668 67 20 fisken

186 699 56 19 ännu
262 698 72 21 kunna
357 705 38 20 ega
416 705 52 17 rum,
490 697 40 21 och
552 700 31 18 att
605 697 36 21 det
656 697 56 21 dock
726 697 53 28 godt
794 697 54 21 skall
863 697 48 21 löna
926 697 33 28 sig
973 698 32 19 att

186 726 115 22 verkställa
321 729 134 25 transporten
478 726 22 21 af
522 726 69 21 denna
611 733 52 14 vara
685 734 37 20 per
744 726 93 28 jernväg.
866 726 71 27 Tager
956 732 49 15 man

187 754 109 22 dessutom
318 756 7 19 i
347 754 140 22 betraktande
502 757 36 23 att,
553 754 69 22 såsom
638 757 135 26 transporten
788 762 28 13 nu
831 754 112 28 försiggår,
957 754 48 20 hela

186 783 70 21 denna
271 790 69 14 massa
355 783 39 21 fisk
409 783 101 21 anländer
525 783 76 21 endast
616 791 26 13 en
657 783 58 28 gäng
726 791 34 13 om
770 783 52 26 äret,
832 783 19 21 d.
864 791 20 13 v.
896 790 15 14 s.
922 784 7 19 i
940 782 66 22 slutet

186 812 22 20 af
223 812 125 28 September
362 812 32 20 till
409 812 134 27 Petersburg,
558 812 76 20 medan
651 812 122 20 densamma
788 819 37 21 per
838 812 88 28 jernväg
936 811 68 21 skulle

185 840 71 21 kunna
272 840 92 21 fördelas
380 840 26 28 pä
422 842 66 19 större
504 840 61 21 delen
581 840 22 21 af
613 840 51 26 äret,
674 840 175 28 undantagandes
861 840 26 20 de
900 842 106 19 varmaste

186 868 219 22 sommarmänaderna
427 868 41 21 och
486 876 25 13 en
528 868 51 21 eller
592 868 38 22 tvä
645 868 176 26 vintermänader,
836 868 24 21 sä
874 868 67 21 mäste
956 875 48 13 man

186 896 56 22 dock
264 897 56 21 finna
341 900 31 18 att
393 896 37 21 det
451 897 47 21 icke
521 898 22 19 är
561 897 123 28 obetydliga
705 898 128 26 gvantiteter
855 896 151 28 transitogods,

189 932 45 14 som
250 925 88 21 sälunda
353 925 72 21 kunde
440 925 105 28 päräknas
560 926 34 20 för
609 932 26 14 en
650 926 88 27 jernväg
753 924 251 28 Torneä—Uleäborg—

185 953 94 29 Kuopio.
309 954 43 20 Det
373 954 67 27 gäller
462 954 34 20 för
511 961 34 13 oss
561 954 55 20 blott
631 956 31 18 att
676 961 52 14 vara
742 954 122 28 päpassliga
880 953 40 22 och
935 960 22 14 se
972 953 32 21 till

186 984 31 19 att
244 983 21 21 vi
292 982 64 21 hafva
378 982 39 21 vär
438 982 88 28 jernväg
546 982 76 28 färdig,
644 982 28 21 dä
693 982 153 21 Ofotenbanan
867 982 40 21 blir
929 981 76 28 färdig.

185 1010 93 21 Komma
300 1011 22 21 vi
344 1010 34 21 för
400 1014 53 22 sent,
476 1011 50 20 eller
548 1011 66 21 sedan
637 1010 153 22 Ofotenbanan
805 1011 67 21 redan
886 1010 119 21 trafikerats

185 1038 65 28 något
270 1039 29 25 är,
322 1039 23 21 sä
368 1040 23 19 är
412 1039 36 21 det
470 1039 63 28 högst
553 1039 108 21 sannolikt
683 1042 31 18 att
734 1039 70 21 denna
818 1040 62 20 trafik
895 1039 63 21 söker
973 1040 32 26 sig

186 1067 66 21 andra
266 1069 66 26 vägar
347 1068 27 27 pä
390 1067 26 21 de
432 1068 92 20 svenska
538 1068 139 28 jernvägarne
695 1068 41 21 och
751 1068 28 20 dä
794 1068 40 21 blir
850 1068 36 21 det
901 1067 59 21 svärt
974 1070 32 18 att

186 1096 118 20 sedermera
320 1096 71 20 kunna
406 1096 66 27 draga
486 1097 22 19 in
524 1096 40 21 den
581 1096 61 21 öfver
657 1096 47 21 värt
720 1096 54 21 land.

254 1124 69 21 Dessa
337 1124 110 28 uppgifter
462 1124 38 21 har
514 1125 35 27 jag
563 1125 58 21 velat
635 1124 70 21 lemna
719 1124 35 21 för
764 1127 30 19 att
804 1124 60 28 gifva
875 1132 26 14 en
911 1124 94 28 antydan

185 1160 41 18 om,
240 1152 54 21 huru
309 1152 95 28 betydlig
419 1160 26 13 en
460 1153 151 21 transitotrafik
626 1153 41 20 kan
685 1153 72 21 blifva.
787 1153 49 21 Den
851 1153 94 25 fruktan,
959 1160 46 14 som

184 1180 24 21 af
223 1188 26 13 en
264 1180 51 21 ärad
329 1180 66 21 talare
410 1180 40 21 här
464 1181 72 21 blifvit
545 1181 88 26 uttalad,
643 1182 35 20 för
688 1182 169 20 internationella
868 1180 138 28 svärigheter,

185 1216 34 14 om
242 1210 22 20 vi
286 1209 68 21 skulle
375 1208 24 21 fä
414 1216 26 14 en
456 1211 66 19 större
537 1210 157 26 transitotrafik,
709 1210 42 20 kan
766 1210 35 28 jag
816 1210 48 20 icke
879 1210 53 20 dela.
961 1209 45 20 Det

184 1239 24 19 är
229 1238 23 26 ju
273 1237 82 28 möjligt
376 1240 32 18 att
430 1237 141 28 pätryckning
593 1238 84 20 komme
699 1240 31 19 att
744 1240 62 26 göras
822 1238 34 21 för
870 1240 32 19 att
916 1237 23 21 få
954 1237 51 21 våra

184 1265 126 21 fraktsatser
325 1266 65 27 nägot
404 1266 136 27 reducerade,
555 1274 48 13 men
618 1266 48 21 icke
682 1267 70 20 kunna
769 1267 22 21 vi
806 1267 76 21 isolera
894 1274 35 13 oss
940 1266 24 20 sä
973 1268 33 18 att

185 1295 21 21 vi
224 1294 48 21 icke
288 1294 67 21 skulle
371 1294 50 28 vilja
436 1294 65 21 hafva
516 1294 118 28 nägonting
649 1297 31 19 att
694 1296 51 26 göra
759 1295 49 21 med
824 1295 41 21 den
880 1294 124 22 internatio-

186 1322 56 20 nella
263 1322 94 20 trafiken.
386 1322 51 20 Icke
453 1323 51 20 böra
519 1324 22 20 vi
557 1324 70 26 bygga
642 1324 108 19 kinesiska
766 1331 70 12 murar
851 1324 98 26 omkring
964 1330 40 17 oss,

184 1352 51 18 utan
257 1352 92 18 tvärtom
369 1350 87 20 försöka
477 1352 31 18 att
529 1350 23 21 fä
572 1350 89 21 trafiken
677 1350 24 21 sä
716 1350 46 22 vidt
777 1351 82 27 möjligt
874 1352 20 19 in
911 1350 27 28 pä
953 1350 51 21 vära

185 1378 71 20 banor.
286 1378 41 27 Jag
349 1378 86 27 medger
457 1385 65 21 gerna
543 1381 31 18 att
591 1379 22 21 vi
629 1379 115 27 ingalunda
758 1379 35 21 mä
809 1379 69 28 bygga
893 1380 112 27 jernvägar

185 1406 135 22 uteslutande
341 1406 33 21 för
390 1407 50 21 eller
456 1407 54 21 blott
524 1407 49 21 med
589 1407 117 28 beräkning
722 1410 30 18 att
767 1408 23 20 fä
806 1415 26 14 en
847 1407 157 26 transitotrafik,

184 1438 52 19 utan
252 1435 50 21 böra
317 1435 75 21 främst
406 1435 53 21 söka
474 1436 112 27 tillgodose
602 1436 26 21 de
644 1436 70 21 lokala
728 1438 119 20 intressena
862 1438 7 20 i
885 1439 48 25 eget
948 1436 56 26 land,

184 1471 49 14 men
248 1464 72 21 kunna
335 1464 22 22 vi
372 1464 124 22 derutöfver
511 1464 23 21 fä
549 1472 26 14 en
590 1465 158 27 transitotrafik,
759 1466 23 20 sä
797 1465 126 29 visserligen
939 1465 65 21 borde

184 1493 22 22 vi
228 1493 35 21 väl
278 1500 51 14 vara
345 1493 84 21 belåtna
444 1493 93 27 härmed,
551 1496 23 26 ty
590 1494 36 21 det
641 1501 51 14 vore
707 1497 31 18 ett
753 1497 54 19 stort
822 1495 46 28 plus
884 1496 7 19 i
907 1494 50 22 våra
972 1495 32 19 in-

185 1521 100 27 komster,
296 1522 39 21 och
351 1523 66 20 större
432 1522 110 28 möjlighet
557 1522 28 22 dä
600 1522 114 24 förefinnas
730 1526 30 18 att
776 1523 22 21 fä
811 1523 47 23 värt
868 1524 137 28 jernvägsnät
