1086 1798
315 128 151 22 Polytekniska
478 131 117 18 institutets
607 131 106 18 bibliotek.
832 125 54 21 1417

96 197 54 22 hade
170 197 81 22 således
266 198 28 21 all
307 199 114 28 anledning
436 203 32 18 att
482 199 67 22 såsom
565 207 25 14 en
605 199 120 22 hufvudsak
740 203 94 26 upptaga
849 199 64 27 detta,

95 234 46 13 som
156 226 74 21 endast
244 227 71 27 ingick
329 228 8 19 i
352 229 151 27 motiveringen
517 229 33 20 till
564 228 251 29 petitionsbetänkandet,
827 228 40 21 och
879 229 35 27 jag

96 257 23 18 är
139 255 148 21 tillfredsstäld
309 255 61 22 öfver
390 259 32 18 att
442 256 34 21 Hr
495 256 118 21 Schauman
633 256 124 22 åtminstone
773 257 7 20 i
795 256 68 21 denna
878 256 35 21 del

96 283 49 22 icke
159 283 36 22 vill
212 283 129 29 fullkomligt
355 284 95 21 förkasta
464 285 121 21 Utskottets
601 285 78 21 arbete.

163 311 67 22 Hvad
245 312 64 21 sedan
324 312 104 22 beträffar
442 313 41 20 den
498 313 77 29 kalkyl,
590 321 45 14 som
649 315 94 20 närmare
758 313 115 21 förefinnes
886 313 28 28 på

97 341 38 21 sid.
147 341 20 26 3,
177 340 40 22 och
230 340 86 23 hvilken
327 341 34 22 Hr
373 341 120 22 Schauman
504 342 47 22 icke
564 343 84 28 tycktes
661 342 85 27 skänka,
758 355 27 3 —
798 341 70 22 såvidt
879 342 35 28 jag

96 369 48 22 icke
158 369 100 22 misshört
270 383 26 2 —
309 370 67 29 någon
389 377 44 14 som
445 370 55 23 helst
509 371 72 27 tilltro,
593 371 24 21 så
626 373 23 19 är
658 371 40 21 den
710 371 88 21 baserad
807 371 28 28 på
845 371 68 28 reqvi-

97 398 133 21 sitionslistor
252 399 45 21 utaf
317 399 151 29 Polytekniska
487 401 114 20 institutets
622 399 111 28 lärarekår,
747 399 87 22 hvilken
848 399 66 21 under

97 427 49 22 hela
157 427 127 28 föregående
296 429 83 20 vintern
390 428 83 21 arbetat
485 429 49 22 med
545 429 69 21 denna
624 428 43 21 sak.
690 428 35 21 De
736 428 64 21 hafva
809 427 104 29 nämligen

96 456 66 21 redan
182 457 8 20 i
211 456 48 21 höst
277 456 62 22 hållit
353 458 167 21 sammanträden
535 457 38 22 och
590 460 62 26 egnat
666 457 74 28 frågan
755 465 25 13 en
796 456 118 29 mångsidig

97 484 144 29 ompröfning;
255 485 53 21 hvar
329 485 39 22 och
383 493 25 13 en
423 486 60 21 sökte
498 487 56 20 inom
569 487 31 20 sin
615 486 92 21 branche
722 485 22 22 få
759 485 50 21 reda
818 485 29 29 på
856 485 58 22 hvad

97 513 150 29 oundgängligt
270 521 50 14 vore
344 514 106 21 nödvändigt
498 515 34 20 för
555 518 32 17 att
608 514 125 21 biblioteket
755 514 66 21 skulle
843 514 71 21 kunna

97 545 105 18 motsvara
217 542 119 21 ändamålet
351 542 40 21 och
406 543 7 20 i
428 543 92 28 enlighet
535 543 86 21 härmed
635 543 65 21 hafva
714 543 26 20 de
755 543 98 27 uppgjort
869 543 45 20 sina

97 570 64 21 listor.
194 571 69 20 Dessa
281 571 59 20 listor
353 571 89 21 hänföra
456 573 33 27 sig
503 571 54 22 dock
573 571 149 22 företrädesvis
737 571 74 21 endast
825 571 33 20 till
872 571 41 21 den

97 599 67 21 första
186 599 111 21 kolumnen
312 599 27 29 pä
357 599 38 22 sid.
410 601 19 26 3,
448 600 20 21 d.
483 609 19 13 v.
517 608 15 13 s.
547 600 34 21 för
595 599 135 23 bibliotekets
746 599 168 29 komplettering,

96 627 40 22 och
151 628 75 21 endast
240 628 32 21 till
288 635 26 14 en
328 628 80 22 mindre
424 629 35 21 del
473 629 32 21 till
520 629 72 28 frägan
608 636 34 14 om
658 629 62 28 ärligt
734 628 180 28 tillskottsanslag,

96 657 76 21 medan
190 657 26 21 de
232 664 71 14 senare
318 657 126 29 uppgjordes
458 658 28 29 pä
501 658 85 29 speciell
601 657 97 22 anhällan
713 657 46 21 utaf
773 665 26 13 en
813 657 101 21 utskotts-

95 685 97 22 medlem.
229 685 71 22 Sedan
321 686 61 21 dessa
401 687 65 24 listor,
482 687 73 21 hvilka
569 687 113 21 Utskottet
695 686 47 21 haft
757 687 7 20 i
779 686 88 29 original
881 686 33 21 till

95 713 111 30 päseende,
233 714 72 22 blifvit
328 715 122 29 uppgjorda,
474 715 54 22 hölls
551 716 46 21 utaf
621 715 166 28 lärarekollegiet
812 715 103 21 särskilda

96 743 176 27 sammanträden,
287 743 38 22 der
340 743 116 22 detsamma
471 744 76 21 enades
562 752 34 13 om
608 744 57 21 hvad
677 751 43 14 som
733 743 98 29 möjligen
843 743 70 21 kunde

96 773 83 28 strykas
199 772 35 21 för
253 775 32 18 att
304 772 48 22 icke
367 773 85 21 komma
466 773 32 21 till
514 773 36 21 det
565 777 56 18 stora
636 773 77 28 anslag,
728 780 45 13 som
787 774 61 27 utgör
863 772 51 21 slut-

96 808 93 14 summan
212 801 8 20 i
242 801 67 21 första
330 801 117 26 kolumnen,
468 801 83 22 hvilket
568 801 96 29 utgjorde
683 801 56 22 hvad
758 801 53 21 hvar
829 801 40 21 och
888 808 26 13 en

96 830 65 28 ansåg
181 837 52 14 vara
254 829 33 22 för
309 831 32 28 sig
361 830 131 22 nödvändigt
514 831 39 20 och
573 831 27 21 dä
619 831 49 20 kom
682 830 100 28 kollegiet
795 829 119 22 underfund

95 859 50 20 med
171 861 31 18 att
233 866 33 13 om
286 859 26 21 de
339 859 66 21 skulle
429 835 72 57 stryka
528 867 24 14 en
573 859 34 21 hel
629 859 35 21 del
685 858 40 22 och
746 858 114 22 inskränka
881 859 33 27 sig

96 887 32 22 till
147 887 57 22 hvad
220 895 44 13 som
279 887 66 23 måste
361 895 59 14 anses
436 887 82 22 absolut
532 888 136 28 nödvändigt,
682 895 48 13 man
745 887 70 22 kunde
830 887 85 21 komma

95 916 33 22 till
149 918 55 20 rätta
222 916 48 21 med
285 920 31 18 ett
331 917 71 29 anslag
417 917 23 21 af
455 918 74 26 10,000
544 917 60 22 mark
618 918 8 20 i
642 920 30 18 ett
686 916 34 21 för
735 916 42 22 allt.
806 916 108 29 Kalkylen

96 946 31 21 uti
148 945 40 22 den
210 946 66 20 andra
294 946 110 21 kolumnen
422 946 76 21 hänför
513 948 31 27 sig
558 946 132 22 uteslutande
705 945 32 21 till
753 946 36 21 det
803 945 111 21 tillskotts-

96 974 71 26 behof,
188 982 45 14 som
253 974 34 22 för
308 975 129 21 närvarande
458 974 114 22 förefinnes
592 974 28 30 pä
640 975 60 21 detta
722 974 90 27 område,
833 974 28 21 dä
878 974 36 21 det

96 1004 78 28 anslag,
194 1011 45 14 som
254 1003 34 22 för
309 1004 129 22 närvarande
457 1004 67 29 utgär,
538 1007 23 19 är
575 1004 49 21 fullt
638 1004 135 28 disponeradt
788 1003 33 21 för
836 1003 78 21 sädana

96 1032 124 27 tidskrifter,
235 1040 44 14 som
295 1033 150 28 Polytekniska
459 1034 105 20 institutet
576 1033 63 21 redan
652 1032 44 27 har,
706 1032 87 22 hvarför
802 1032 113 22 Utskottet

96 1061 103 22 beräknat
221 1064 32 18 att
275 1062 37 21 det
334 1061 65 29 ärliga
420 1061 95 29 anslaget
534 1062 35 20 för
583 1061 135 22 bibliotekets
733 1060 181 29 kompletterande

97 1090 65 22 borde
177 1090 60 28 höjas
263 1090 49 22 med
337 1091 60 26 6,000
420 1091 65 21 mark.
520 1090 54 22 MHäri
595 1092 36 19 äro
653 1090 48 21 icke
716 1090 119 21 beräknade
850 1089 64 27 några

97 1118 254 28 inbindningskostnader,
380 1119 47 21 icke
452 1119 67 21 heller
544 1118 286 22 förvaltningskostnaderna.
871 1118 43 20 För

97 1147 130 21 närvarande
249 1148 60 20 torde
331 1147 161 22 bibliotekarien
514 1148 63 21 hafva
599 1154 26 14 en
646 1122 93 58 aflöning
760 1146 23 22 af
798 1147 41 21 800
854 1146 60 21 mark

98 1176 39 21 och
153 1176 7 20 i
175 1176 59 21 detta
249 1176 100 22 afseende
363 1176 65 21 hafva
442 1177 48 21 icke
504 1176 65 28 några
583 1177 141 27 pretentioner
735 1176 64 28 gjorts
811 1175 103 28 gällande,

97 1204 28 22 då
139 1204 38 22 det
191 1204 117 22 betraktats
323 1204 69 22 såsom
407 1212 25 14 en
447 1208 77 26 ytterst
534 1204 121 29 nödvändig
666 1204 38 22 sak
716 1208 32 18 att
757 1204 23 21 få
789 1204 125 21 biblioteket

97 1234 7 20 i
119 1233 56 21 helst
188 1234 64 28 något
267 1233 23 21 så
304 1236 37 18 när
355 1233 52 29 godt
421 1234 66 21 skick.

166 1262 66 22 Hvad
252 1262 64 21 sedan
334 1262 103 22 beträffar
452 1263 39 21 den
508 1262 180 28 omständigheten
703 1265 32 18 att
749 1261 166 28 lärarekollegiet

98 1291 47 20 icke
161 1291 68 21 vände
244 1292 32 27 sig
291 1291 70 21 direkt
375 1291 32 21 till
422 1291 131 28 Regeringen
567 1291 50 20 med
632 1291 96 21 anhållan
743 1298 32 13 om
789 1290 125 28 förbättring

98 1320 8 20 i
121 1319 61 22 dessa
196 1319 152 27 förhållanden,
362 1319 24 22 så
397 1320 101 21 erkänner
509 1321 35 27 jag
555 1323 32 18 att
598 1320 8 19 i
618 1319 70 22 denna
699 1319 137 27 anmärkning
848 1319 67 28 ligger

99 1351 31 18 ett
152 1348 129 28 berättigadt
303 1348 93 27 klander,
418 1349 87 20 emedan
526 1349 37 20 här
583 1348 158 28 otvifvelaktigt
759 1347 113 28 föreligger
889 1354 26 14 en

98 1376 146 22 försummelse
259 1377 47 20 från
321 1377 141 21 lärarekärens
477 1377 51 20 sida.
554 1376 51 21 Men
618 1379 38 18 när
665 1376 64 21 saken
739 1383 26 14 en
775 1375 55 29 gång
840 1375 75 22 väckts

98 1404 40 21 och
153 1405 92 21 initiativ
259 1406 70 26 tagits,
344 1405 23 21 så
378 1413 61 20 synes
452 1405 36 21 det
499 1406 43 26 mig
553 1412 51 14 vara
616 1412 26 14 en
654 1405 43 20 lika
709 1408 43 17 stor
763 1403 151 27 försummelse,

98 1439 34 14 om
148 1432 123 26 Ständerna,
285 1433 35 20 för
335 1436 31 17 att
380 1433 58 27 gifva
453 1433 130 20 lärarekåren
598 1439 26 14 en
638 1432 129 27 pedagogisk
782 1432 53 25 lexa,
847 1432 67 20 skulle

98 1460 70 21 lemna
182 1460 68 21 denna
265 1461 80 27 vigtiga
356 1460 152 28 angelägenhet
519 1460 95 27 oafgjord
626 1460 50 20 eller
688 1459 93 28 afgjorde
794 1460 121 20 densamma

98 1489 8 21 i
121 1489 93 28 riktning
228 1488 22 21 af
265 1492 31 17 ett
311 1488 72 29 afslag.
412 1488 66 21 Hvad
492 1488 35 21 för
541 1489 64 27 öfrigt
620 1487 103 22 beträffar
737 1487 42 22 den
793 1487 122 26 ansökning,

99 1525 44 14 som
163 1525 48 14 man
231 1525 60 13 anser
311 1521 32 18 att
357 1517 131 22 lärarekären
502 1517 53 21 hade
572 1517 48 21 bort
634 1516 121 27 framställa,
771 1516 22 21 sä
808 1517 38 20 har
859 1516 40 21 doc
