1086 1795
203 132 55 21 1418
415 140 1 14 |
441 137 25 16 R.
479 141 17 12 o.
508 137 23 16 A.
544 137 54 16 1897.
623 137 26 16 22
661 136 47 21 Maj.

175 213 27 14 en
220 205 64 22 sådan
304 205 153 28 framställning
471 204 89 29 tidigare
576 207 35 25 egt
625 211 51 14 rum.
704 203 36 22 Då
754 204 105 21 institutet
874 203 78 22 stäldes
966 201 28 29 pä

175 242 28 20 ny
218 234 38 24 fot,
270 233 24 22 sä
309 237 91 25 upptogs
414 234 7 20 i
436 233 101 28 förslaget
550 233 34 21 till
598 241 28 20 ny
642 235 42 19 stat
698 235 31 18 ett
741 232 72 29 anslag
824 232 33 21 för
869 230 125 23 biblioteket

175 266 54 18 stort
243 263 62 26 4,000
320 261 66 22 mark.
414 262 51 21 Men
481 261 93 23 härifrän
589 261 59 22 strök
663 261 130 28 Regeringen
809 261 60 27 1,000
882 261 59 21 mark
953 259 39 22 och

175 292 35 28 jag
224 295 45 18 tror
283 291 37 21 det
332 293 23 19 är
369 298 26 13 en
410 291 160 28 omständighet,
585 298 44 13 som
644 291 54 28 gjort
712 293 32 18 att
758 290 115 21 institutets
888 288 106 23 lärarekär

176 320 47 21 icke
239 323 69 18 ansett
323 321 32 27 sig
368 319 65 22 hafva
448 320 104 28 synnerlig
567 322 44 19 stor
625 315 142 32 förhoppning
797 318 12 22 pä
823 322 32 18 att
865 326 26 13 en
901 317 92 23 ansökan

176 350 7 20 i
205 349 60 21 detta
285 348 56 29 syfte
359 348 67 21 skulle
446 348 85 21 komma
546 351 32 18 att
592 347 90 22 bifallas.
711 347 41 29 Jag
767 347 54 21 skall
834 347 70 22 tillika
918 347 26 22 be
959 353 33 14 om

176 380 33 19 att
222 377 23 22 fä
259 378 100 28 päminna
370 385 34 13 om
417 377 36 21 det
465 377 46 27 öde,
521 385 44 13 som
574 377 8 21 i
592 376 76 22 sädant
678 376 99 21 afseende
787 376 92 21 träffade
890 375 104 22 särskilda

176 406 140 28 ansökningar
337 405 47 22 från
405 406 154 22 universitetets
579 405 46 22 sida
645 414 34 13 om
700 405 95 28 förhöjdt
812 405 73 29 anslag
899 405 34 21 för
948 404 45 22 uni-

177 435 228 24 versitetsbiblioteket,
420 434 72 21 hvilka
507 435 7 20 i
528 435 71 27 regeln
612 434 72 21 blefvo
697 434 95 27 afslagna
803 434 51 20 eller
863 434 130 27 väsentligen

177 463 134 28 afknappade
326 463 54 20 ända
394 463 33 20 till
442 463 48 21 dess
504 462 32 21 frågan
591 462 87 21 väcktes
693 463 8 19 i
712 463 141 27 petitionsväg
864 461 55 22 inför
931 461 61 22 Stän-

176 492 71 25 derna,
261 491 90 22 hvarvid
366 491 116 21 Ständerna
498 466 69 58 enade.
578 492 32 27 sig
624 498 34 13 om
670 490 108 29 betydliga
789 490 204 29 förhöjningsanslag

176 521 35 20 för
224 519 264 28 universitetsbiblioteket,
504 520 39 21 och
558 520 61 21 dessa
634 519 72 28 anslag
720 519 63 22 äfven
798 519 71 21 blefvo
882 519 110 28 beviljade.

176 549 45 21 Det
243 549 107 21 förefaller
371 549 43 27 mig
435 556 45 13 som
502 556 34 13 om
556 548 99 29 möjligen
674 547 63 22 också
756 548 69 21 denna
838 548 87 21 historia
939 548 8 20 1
962 548 31 21 sin

177 578 48 21 mån
249 577 125 22 medverkat
398 576 78 22 derhän
500 580 32 19 att
550 578 162 28 petitionärerne
732 577 61 28 tyckt
814 577 32 28 sig
864 576 65 22 hafva
947 576 46 22 skäl

177 610 33 18 att
224 607 74 28 bringa
313 606 72 28 frågan
400 606 56 21 inför
470 606 122 21 Ständerna.

245 635 66 22 Hvad
333 636 38 20 sist
393 635 38 21 och
454 635 97 28 slutligen
571 635 40 21 den
627 634 122 29 ifrågasatta
763 643 50 13 rena
827 635 167 28 petitionslusten

177 663 110 27 beträffar,
309 663 24 22 så
354 671 61 20 synes
438 665 43 26 mig
502 667 31 18 att
551 665 172 27 petitionärernes
743 671 105 21 personer,
863 663 41 21 den
919 671 39 13 ena
972 665 24 19 är

179 693 58 21 äldre
258 693 67 21 lärare
347 692 37 21 vid
404 692 160 28 Polyteknikum
585 693 7 20 i
611 692 195 29 jernvägsbyggnad
821 692 40 21 och
876 692 40 21 den
931 692 65 21 andra

179 721 47 22 vårt
249 721 60 22 lands
331 721 87 21 främste
438 721 195 28 jernvägsbyggare,
648 724 32 18 att
694 721 61 22 dessa
768 728 99 21 personer
881 722 75 28 utgöra
970 728 26 14 en

179 751 80 28 borgen
283 750 34 21 för
339 753 31 18 att
392 750 37 21 det
451 751 23 19 är
496 753 30 18 ett
547 750 120 21 allvarsamt
686 750 61 28 syfte,
765 757 43 14 som
824 749 37 22 har
875 749 122 22 framkallat

178 780 122 27 petitionen,
315 779 24 21 så
353 782 31 17 att
399 779 37 20 det
450 786 60 20 synes
525 779 44 28 mig
583 782 32 18 att
629 778 37 21 det
680 778 123 29 antagande,
817 786 45 13 som
874 778 23 21 af
908 786 26 13 en
946 778 51 21 ärad

178 808 66 21 talare
266 807 89 29 gjordes,
376 807 47 21 icke
446 807 37 21 har
503 807 63 29 något
587 807 115 29 synnerligt
722 807 37 28 fog
777 807 34 21 för
829 808 37 27 sig.
899 807 43 22 Sist
957 807 38 22 och

179 837 96 28 slutligen
291 837 69 20 kunde
375 844 48 13 man
438 839 56 18 emot
508 836 143 22 betänkandet
666 836 73 21 anföra
753 839 38 24 att,
805 839 38 18 när
857 836 112 21 Utskottet
984 835 13 22 å

179 873 39 14 ena
237 865 59 22 sidan
314 866 136 28 petitionerar
468 873 33 13 om
516 865 134 22 bibliotekets
666 865 129 28 ombildning
809 865 33 21 till
857 868 31 18 ett
902 865 95 21 tekniskt

179 894 188 27 centralbibliotek,
382 893 24 22 så
420 894 69 21 kunde
505 894 111 22 Utskottet
628 893 64 23 hafva
705 894 113 21 underlåtit
829 897 32 18 att
871 895 126 27 petitionera

179 931 34 14 om
228 923 78 28 anslag,
320 923 72 22 hvilka
408 923 118 28 antagligen
541 923 84 21 komma
640 926 31 18 att
683 923 67 22 blifva
762 923 72 21 alltför
845 923 91 28 knappa,
949 930 48 14 men

179 952 96 21 häremot
295 952 43 21 kan
360 953 101 20 invändas
484 955 31 18 att
538 952 35 21 det
595 952 70 26 behof,
682 951 86 22 hvarom
787 951 60 29 fråga
862 953 60 26 varit,
936 954 24 19 är
974 951 23 22 så

179 980 116 29 trängande
307 981 40 21 och
357 981 78 21 bristen
450 980 28 29 på
492 981 86 28 lämplig
585 981 110 26 litteratur,
707 981 100 21 särskildt
818 981 29 28 på
856 980 141 29 planschverk

179 1009 41 22 och
241 1009 65 22 andra
328 1009 91 29 dyrbara
441 1010 85 21 arbeten
545 1009 22 22 så
587 1009 110 26 kännbart,
716 1013 31 18 att
766 1009 175 28 undervisningen
961 1009 37 21 vid

179 1039 106 20 institutet
305 1038 67 21 måste
394 1045 60 14 anses
476 1038 60 21 deraf
557 1038 129 28 väsentligen
706 1038 43 21 lida
770 1037 40 22 och
828 1041 32 18 att
877 1038 37 21 det
928 1038 68 21 finnes

179 1066 49 22 icke
245 1067 64 28 något
327 1066 51 27 skäl,
392 1066 86 21 hvarför
493 1075 48 12 man
557 1067 53 21 skall
626 1069 78 19 utsätta
718 1067 121 28 ytterligare
854 1066 108 22 årskurser
976 1066 22 21 af

180 1096 116 21 institutets
311 1095 69 22 elever
394 1095 34 20 för
443 1098 31 18 att
489 1095 72 22 arbeta
575 1095 49 21 med
639 1098 31 18 ett
684 1095 24 21 så
722 1095 67 28 dåligt
803 1095 138 22 bokmaterial
954 1103 44 14 som

180 1124 43 26 det,
243 1124 82 21 hvilket
339 1132 27 13 nu
381 1123 74 22 finnes.
484 1124 44 21 Det
542 1124 39 21 har
596 1123 71 22 derför
682 1127 57 24 synts
754 1123 123 22 Utskottets
891 1124 107 28 pluralitet

180 1153 68 21 såsom
269 1161 34 13 om
325 1153 101 21 behofvet
443 1160 49 14 vore
508 1153 23 20 så
544 1153 122 28 trängande,
680 1155 32 18 att
726 1153 37 21 det
777 1153 131 21 omedelbart
922 1152 76 22 åtmin-

180 1185 60 18 stone
262 1182 7 20 i
291 1181 69 21 denna
382 1181 53 21 form
458 1181 64 21 borde
542 1181 128 28 tillgodoses,
687 1181 38 21 och
745 1184 32 18 att
794 1189 48 13 man
859 1181 66 21 under
939 1181 60 21 tiden

181 1210 42 21 kan
244 1210 96 21 utarbeta
363 1209 76 29 planen
461 1210 32 21 till
514 1213 30 18 ett
559 1210 133 28 fullständigt
706 1209 95 22 tekniskt
816 1209 182 22 centralbibliotek

181 1239 40 20 och
243 1238 109 28 samtidigt
374 1240 51 26 göra
448 1238 36 21 det
504 1246 28 13 nu
554 1238 111 28 befintliga
682 1238 125 21 biblioteket
824 1238 128 29 tillgängligt
966 1238 34 21 för

180 1267 43 21 den
245 1269 66 19 större
333 1267 141 21 allmänheten
494 1267 22 21 af
534 1267 86 25 teknici,
636 1274 45 13 som
696 1266 60 21 deraf
771 1267 69 21 kunde
855 1267 65 21 hafva
935 1270 65 25 nytta.

181 1295 42 28 Jag
245 1295 38 21 ber
301 1295 81 21 således
397 1298 31 18 att
443 1295 23 21 få
480 1295 85 22 förorda
579 1299 32 18 att
626 1295 122 22 Utskottets
763 1295 80 28 förslag
857 1296 7 20 i
879 1295 68 21 denna
962 1295 38 21 sak

181 1323 67 21 skulle
263 1323 68 22 blifva
345 1323 23 21 af
382 1323 37 22 det
432 1323 125 27 Höglofliga
572 1323 90 22 Ståndet
676 1323 137 21 oförändradt
827 1327 90 23 antaget.

250 1378 34 21 Hr
298 1378 157 28 Furuhjelm:
484 1378 42 29 Jag
540 1379 125 28 uppskattar
680 1378 128 29 fullkomligt
823 1378 40 21 den
881 1378 120 22 nuvarande

181 1407 126 29 petitionens
323 1407 62 29 syfte,
399 1415 48 13 men
461 1407 35 28 jag
511 1407 66 21 måste
591 1409 73 26 tyvärr
679 1407 92 22 erkänna
785 1411 32 18 att
831 1407 48 22 icke
895 1415 35 14 ens
944 1407 57 22 Frih.

181 1443 41 14 von
237 1435 101 22 Alfthans
353 1435 115 22 förevisning
494 1436 23 21 af
527 1436 104 21 särskilda
640 1436 112 21 utländska
762 1436 150 29 bokkataloger
922 1436 80 22 kunnat

182 1465 113 28 öfvertyga
309 1466 44 27 mig
367 1472 33 14 om
416 1464 157 29 behöfligheten
588 1465 22 21 af
620 1464 159 23 ifrågavarande
789 1465 95 29 petition.
912 1465 13 22 I
935 1465 67 22 likhet

181 1494 50 21 med
245 1473 34 42 Hr
300 1493 98 22 Aminoff
417 1501 61 14 anser
491 1495 35 27 jag
540 1494 104 29 nämligen
669 1493 60 29 frägor
743 1494 46 21 utaf
803 1494 23 22 sä
841 1494 85 29 speciell
941 1498 62 17 natur
