1098 1800
245 149 41 21 974
487 154 25 17 R.
525 159 17 12 o.
554 154 22 18 A,
590 154 55 18 1897.
666 154 25 17 10
702 154 48 20 Maj.

488 225 31 18 att
534 222 36 21 vid
580 221 144 22 innevarande
733 221 103 28 landtdag
850 221 56 28 välja
913 221 47 28 fyra
968 220 67 22 bank-

421 250 139 28 fullmäktige,
583 258 25 14 en
631 251 34 21 för
686 250 73 28 hvarje
774 250 69 26 ständ,
858 249 111 22 äfvensom
984 257 49 21 sup-

420 280 96 27 pleanter
537 279 35 21 för
595 279 47 21 dem
663 279 33 21 till
711 281 31 19 ett
756 278 58 22 antal
829 278 22 22 af
865 281 33 18 tre
912 278 34 21 för
961 278 73 28 hvarje

421 307 62 21 ständ
499 310 31 18 att
545 308 7 20 i
568 308 93 27 enlighet
675 307 48 21 med
739 307 40 21 den
795 306 36 22 vid
848 307 55 21 1894
918 307 34 21 ärs
965 306 70 22 landt-

420 336 41 27 dag
483 336 113 21 faststälda
616 335 128 22 instruktion
766 335 75 22 utöfva
855 335 103 21 inseende
973 335 62 22 öfver

419 364 158 28 förvaltningen
593 364 22 21 af
630 364 102 22 Finlands
748 364 72 26 Bank;
1035 380 3 3 s

488 396 31 18 att
534 394 55 27 välja
603 393 48 28 fyra
665 394 111 25 revisorer,
791 400 26 14 en
832 393 35 21 för
881 392 73 28 hvarje
965 392 70 26 ständ,

421 424 30 18 att
466 421 90 22 förrätta
570 421 42 22 den
626 422 100 25 revision,
735 421 125 21 förberörda
869 420 78 22 fonder
954 421 80 27 ärligen

420 450 60 21 skola
500 449 101 29 undergä,
620 452 55 19 samt
694 449 135 29 suppleanter
844 449 34 21 för
893 449 48 21 dem
956 449 31 21 till
1005 452 30 18 ett

419 479 57 21 antal
492 479 23 21 af
529 481 31 19 tre
575 479 34 21 för
623 479 73 21 hvarje
712 478 73 27 ständ;
801 481 54 19 samt

487 510 31 19 att
538 507 38 22 hos
598 507 61 22 Hans
674 486 122 49 Kejserliga
810 507 102 28 Majestät
927 514 34 14 om
977 506 58 22 valet

418 537 7 20 i
441 536 169 29 underdänighet
625 537 87 20 anmäla.

460 594 32 22 På
507 594 177 22 Bankutskottets
700 595 90 27 vägnar:

538 652 36 22 Th.
596 652 112 28 Wegelius.

756 709 52 17 Artur
819 708 146 18 Hammarström.

279 790 32 22 På
332 790 35 22 Hr
382 790 217 22 Landtmarskalkens
614 790 80 28 förslag
710 790 68 22 beslöt
792 790 27 22 R.
834 798 18 13 o.
868 791 26 20 A.
911 789 71 21 bifalla
998 790 33 20 till

212 819 42 22 den
271 819 75 29 gjorda
361 819 191 29 framställningen;
566 819 57 22 dock
638 819 68 21 skulle
720 819 59 21 tiden
795 819 34 21 för
844 819 57 22 valet
915 818 116 22 framdeles

212 850 95 20 utsättas.

419 991 269 29 Kommunalförvaltningen
705 990 26 30 pä
746 991 76 23 landet.

278 1055 119 21 Fortsattes
412 1055 49 21 med
476 1054 41 22 den
533 1055 35 21 vid
584 1054 128 29 föregäende
728 1054 85 29 plenum
824 1054 100 22 afbrutna
936 1054 93 22 behand-

210 1084 71 28 lingen
296 1083 22 22 af

277 1141 246 22 Kommunalutskottets
546 1140 134 22 betänkande
701 1141 41 21 N:o
763 1142 11 20 1
791 1142 6 20 i
813 1140 114 28 anledning
942 1141 24 21 af
981 1140 48 23 nåd.

209 1177 59 21 prop.
290 1170 43 21 N:o
356 1171 11 20 6
391 1170 110 27 angäende
524 1169 126 28 förordning
672 1177 33 13 om
728 1170 255 28 kommunalförvaltning
1001 1170 28 28 pä

208 1199 82 26 landet;
306 1198 41 21 och
362 1198 111 28 föredrogs
489 1206 28 13 nu
532 1199 7 20 i
554 1198 156 28 ordningsföljd
725 1198 255 28 författningsförslagets

276 1256 15 27 $
308 1256 37 21 82.

277 1312 139 21 Diskussion:

276 1367 57 22 Frih.
358 1367 55 21 Edv.
437 1367 151 27 Hisinger:
629 1367 11 21 I
665 1368 158 21 reservationen
848 1367 42 21 N:o
914 1367 24 21 II
963 1367 66 22 hafva

208 1396 81 22 Herrar
310 1396 28 22 O.
360 1395 166 28 Nordenskiöld,
540 1396 26 20 A.
582 1395 118 28 Holmberg
716 1396 40 21 och
770 1396 26 21 R.
811 1396 137 20 Hermanson
963 1396 66 20 fram-

207 1426 45 26 lagt
266 1432 27 14 en
307 1424 98 29 ypperlig
419 1423 114 29 affattning
547 1424 24 21 af
586 1426 12 26 $
614 1426 32 20 82.
666 1424 41 28 Jag
721 1424 67 22 beder
802 1427 31 19 att
847 1424 24 22 få
886 1424 84 22 ansluta
984 1425 45 27 mig

207 1454 33 21 till
262 1454 128 26 densamma,
411 1453 130 21 understöda
556 1452 58 22 detta
633 1453 106 21 utmärkta
764 1452 82 29 förslag
860 1453 33 22 till
908 1453 92 22 nämnda
1015 1454 13 27 &

208 1482 40 22 och
268 1482 53 29 yrka
343 1482 61 21 bifall
426 1482 31 21 tili
480 1482 70 22 denna
572 1483 137 21 reservation.
738 1482 108 29 Derjemte
869 1482 42 21 kan
929 1483 35 28 jag
979 1482 48 22 icke

208 1511 111 22 underläta
342 1513 32 19 att
388 1510 38 22 här
440 1510 67 22 uttala
521 1512 43 20 min
580 1511 80 28 fägnad
675 1510 61 22 öfver
751 1513 32 19 att
798 1511 26 21 de
843 1511 45 21 deri
902 1510 126 23 framstälda

207 1540 121 28 grunderna
343 1539 35 22 för
392 1539 123 29 fastighets-
530 1539 41 22 och
585 1539 257 29 inkomstbeskattningen
858 1540 24 22 sä
892 1541 52 21 nära
954 1540 74 23 öfver-
