1128 1795
358 127 224 19 Folkskoleväsendets
594 129 146 20 befrämjande.
875 123 54 20 1281

138 197 61 19 nämä
220 195 153 22 Valiokunnan
395 196 165 29 talonpoikaiset
580 197 82 27 jäsenet
683 197 58 20 eivät
762 197 86 25 tietäisi,
869 198 44 19 että
930 203 27 14 on

137 223 126 22 todellisesti
285 223 78 29 köyhiä
390 224 80 26 kuntia,
492 226 44 19 että
558 225 81 20 kunnat
660 225 85 28 yleensä
768 227 50 19 ovat
838 225 78 28 köyhiä
937 225 21 27 ja

137 252 97 28 myöskin
250 254 44 19 että
309 252 81 21 kunnat
405 253 107 20 liiaksikin
528 253 69 28 paljon
609 255 89 19 sanovat
708 253 51 20 ettei
769 253 63 20 heillä
842 253 33 21 ole
886 253 72 28 varoja

137 280 73 28 hyviin
225 280 119 28 yrityksiin,
358 289 54 12 vaan
429 283 66 26 syynä
510 289 27 13 on
553 288 69 14 ennen
634 281 91 21 kaikkea
735 288 29 19 se,
775 281 56 20 ett'ei
842 281 116 21 ehdotetun

136 309 181 27 lakimääräyksen
333 309 75 20 kautta
423 309 33 21 ole
470 309 134 21 mahdollista
620 309 64 21 saada
698 310 92 19 toimeen
806 309 152 21 oikeudenmu-

137 337 69 21 kaista
226 337 63 28 jakoa
310 337 77 21 näiden
410 337 138 28 raha-apujen
568 338 143 20 antamisessa.
739 337 52 21 Niin
807 337 84 21 kauvan
906 337 52 21 kuin

136 365 261 22 oikeudenmukaisuuden
425 365 175 22 noudattaminen
626 373 27 14 on
680 365 93 22 valtiolle
797 365 101 22 kalliimpi
913 366 45 21 vel-

135 395 104 21 vollisuus
255 395 50 20 kuin
323 394 152 29 »köyhyyden»
492 395 136 26 auttaminen,
645 401 26 14 on
687 393 271 29 Talonpoikaissäädynkin

135 423 96 28 jäsenten
247 423 138 28 mielipiteille
400 424 57 20 tässä
472 424 80 20 asiassa
567 423 65 28 jotain
648 429 63 15 arvoa
727 425 97 26 pantava.

203 473 57 22 Frih.
276 481 53 13 von
345 473 84 22 Born:
458 474 46 21 Mot
518 474 34 21 Hr
567 481 41 14 von
624 474 118 21 Haartman
757 474 68 21 mäste
839 474 36 28 jag
890 474 68 21 erinra

135 505 31 18 att
189 505 31 18 ett
242 502 134 22 skolomräde
398 502 29 29 pä
450 503 60 25 1,000
531 510 101 21 personer
647 502 116 22 innehäller
779 502 54 22 bäde
848 503 110 21 fullvuxne

135 531 42 21 och
199 531 58 21 barn.
287 531 43 21 Om
352 538 26 14 en
402 531 66 28 familj
491 534 14 18 t.
528 539 32 13 ex.
575 534 84 25 utgöres
672 530 23 22 af
709 539 48 13 man
773 531 40 21 och
828 531 74 21 hustru
918 532 40 20 och

135 560 48 28 fyra
198 560 58 25 barn,
272 560 23 21 sä
310 560 66 21 hafva
391 561 21 20 vi
428 559 38 21 här
480 560 65 21 redan
561 567 37 14 sex
613 567 106 21 personer,
735 559 39 22 och
787 560 36 21 det
839 560 39 21 blir
893 559 27 22 dä
931 561 27 21 30

135 588 66 26 mark,
222 588 47 22 icke
290 590 11 20 5
318 588 65 22 mark.
399 602 27 2 —
441 588 41 28 Jag
499 588 91 29 begärde
606 588 60 22 ordet
681 589 34 20 för
729 591 31 18 att
775 588 55 22 fästa
845 589 25 21 R.
886 597 18 13 o.
919 589 39 21 A:s

136 617 188 29 uppmärksamhet
346 617 28 29 pä
395 620 31 18 att
449 617 69 21 denna
538 617 99 29 paragraf
652 617 67 21 måste
734 618 55 20 läsas
804 617 48 21 med
869 618 89 27 begrun-

136 646 70 21 dande
222 646 22 21 af
260 646 26 21 de
303 646 170 21 beaktansvärda
488 646 65 21 orden
569 646 6 21 i
597 647 5 27 $
624 648 6 19 2
644 653 32 13 om
696 646 125 28 befolkning
831 646 47 21 med
894 649 64 18 annat

135 674 128 22 modersmål
290 676 26 20 än
353 675 91 25 Hertalets,
466 682 46 14 som
534 674 142 22 förekommer
699 676 7 19 i
731 674 73 28 spridd
830 675 128 27 bosättning.

137 703 75 22 Ocksä
227 703 70 21 denna
312 703 100 29 paragraf
427 704 40 20 kan
484 703 75 22 härvid
573 704 58 28 tjena
646 702 70 22 säsom
729 703 107 28 regulator
845 706 45 18 mot
900 706 58 19 stun-

136 732 69 21 dande
222 732 128 28 bekymmer.

400 784 294 28 Omröstningsproposition:

206 836 54 25 Den,
282 843 45 13 som
349 835 125 28 godkänner
496 835 102 28 förslaget
618 838 31 18 att
670 836 32 20 till
717 835 242 29 författningsförslaget

137 864 65 21 måtte
225 864 63 27 fogas
310 871 26 15 en
358 864 187 28 tilläggsparagraf
566 864 67 21 sådan
656 871 45 14 som
717 865 12 27 $
745 865 12 20 6
772 865 7 20 i
793 866 165 25 reservationen,

137 895 68 19 röstar
219 894 31 27 ja;

206 945 75 21 vinner
296 945 41 28 nej,
353 944 98 21 förfaller
465 943 103 29 förslaget
583 944 77 21 derom.

207 995 58 22 Enär
287 995 71 22 denna
381 996 131 28 proposition
532 995 37 22 vid
585 996 71 21 derom
672 995 82 22 anstäld
770 997 98 27 votering
884 996 74 21 besva-

139 1024 62 21 rades
217 1025 48 20 med
282 1025 26 20 35
323 1025 21 28 ja
359 1025 40 20 och
415 1025 26 20 23
457 1025 40 27 nej,
512 1024 54 21 hade
581 1025 25 21 R.
622 1032 18 13 o.
655 1025 26 20 A.
697 1024 87 21 beslutit
794 1032 34 14 om
838 1025 121 21 införandet

139 1054 6 19 i
161 1053 243 28 författningsförslaget
418 1053 24 20 af
456 1053 42 21 den
513 1054 6 19 i
536 1053 12 28 $
564 1054 12 20 6
592 1053 22 21 af
629 1054 157 20 reservationen
801 1053 105 28 ingäende
922 1054 36 21 be-

139 1082 140 27 stämningen.

207 1127 35 21 Då
257 1127 34 21 Hr
306 1127 205 22 Landtmarskalken
527 1127 50 22 härä
592 1129 5 20 i
614 1127 113 28 anledning
742 1127 23 22 af
773 1127 26 22 R.
811 1136 18 13 o.
839 1128 38 21 A:s
888 1131 71 18 senast

139 1156 83 21 fattade
245 1156 69 21 beslut
332 1156 110 28 tillsporde
458 1156 94 26 Ständet,
568 1156 104 21 huruvida
687 1156 116 21 detsamma
818 1156 94 22 önskade
927 1164 33 14 re-

140 1185 84 21 mittera
239 1184 89 22 ärendet
342 1185 32 21 till
390 1184 168 27 Statsutskottet,
574 1185 70 21 anhöll
660 1184 33 22 Hr
707 1184 25 22 L.
746 1184 130 22 Mechelin
891 1188 31 18 att
936 1185 23 21 fä

139 1213 87 21 förorda
240 1213 66 21 sädan
321 1214 80 20 remiss.

207 1264 34 21 Hr
264 1264 123 21 Alexander
403 1264 127 21 Aminoff
544 1264 121 26 hemstälde,
681 1264 105 21 huruvida
801 1264 47 21 icke
863 1264 49 21 med
926 1272 33 13 re-

139 1293 79 21 missen
239 1293 33 20 till
293 1292 163 22 Statsutskottet
477 1293 71 21 kunde
564 1293 66 26 anstä,
644 1293 32 20 till
691 1292 48 22 dess
759 1292 153 22 underrättelse
928 1300 31 14 er-

139 1321 71 21 hällits
226 1328 34 14 om
276 1321 86 28 frägans
378 1321 80 28 utgäng
474 1322 6 20 i
495 1321 69 28 öfriga
579 1321 73 21 Ständ.

209 1371 69 22 Sedan
301 1371 57 22 Frih.
380 1380 53 13 von
454 1372 73 21 Born
550 1373 83 20 förenat
653 1373 32 27 sig
700 1373 48 20 med
764 1372 34 21 Hr
812 1373 25 20 L.
852 1372 107 21 Mechelin

140 1400 110 28 angäende
270 1401 74 20 remiss
359 1401 32 21 till
406 1400 169 27 Statsutskottet,
591 1401 68 21 beslöt
673 1401 25 21 R.
714 1408 18 13 o.
747 1401 26 21 A.
788 1401 28 27 pä
831 1401 34 20 Hr
880 1400 80 21 Landt-

139 1429 146 20 marskalkens
301 1428 155 27 framställning
471 1431 31 18 att
515 1429 113 26 hänskjuta
641 1429 88 20 ärendet
739 1429 33 20 till
786 1429 67 26 sagda
865 1428 95 21 Utskott.

210 1479 57 21 Utan
288 1479 140 28 anmärkning
449 1479 123 28 godkändes
588 1479 128 21 klämmarne
731 1479 13 21 ä
759 1478 54 22 sidd.
829 1480 26 20 23
871 1478 40 22 och
926 1479 34 21 24.

846 1553 21 17 81
