1128 1795
307 133 118 17 Samhällen
437 135 45 15 med
494 134 167 21 sammanträngd
672 134 126 21 befolkning.
876 129 53 20 1311

140 204 32 18 ett
191 201 162 28 specialutskott
372 202 40 21 och
434 202 65 21 redan
523 202 94 28 fullgjort
636 203 38 21 sitt
688 202 53 26 värf,
756 203 69 20 skulle
840 202 64 21 hafva
922 203 35 21 be-

140 230 87 28 hjelplig
238 230 32 21 tid
285 233 32 18 att
332 233 48 25 taga
395 231 74 27 frågan
486 231 67 21 under
567 231 123 28 ytterligare
705 231 138 28 behandling;
859 239 46 13 men
921 232 37 27 jag

139 258 71 21 tviflar
224 266 44 13 som
281 259 63 27 sagdt
359 259 28 28 på
401 260 48 20 icke
465 260 90 20 allenast
571 259 123 21 Utskottets
707 259 130 28 kompetens,
848 262 50 18 utan
909 260 47 21 hela

139 287 136 28 möjligheten
296 287 23 21 af
339 295 26 13 en
381 287 65 22 sådan
460 288 123 28 ytterligare
598 288 119 27 utredning,
732 288 110 21 hvaremot
857 288 35 28 jag
906 289 50 20 icke

139 315 38 22 har
193 315 64 28 något
272 319 56 18 emot
343 316 118 21 återremiss
477 316 23 21 af
515 316 95 21 enskilda
626 317 58 20 delar
700 317 6 20 i
722 316 149 25 betänkandet,
884 317 69 20 såsom

139 344 57 21 Frih.
214 344 76 21 Wrede
305 352 50 20 nyss
371 345 99 27 antydde.

207 373 34 20 Då
264 380 48 13 man
334 376 61 25 tager
416 374 7 19 i
444 373 139 22 betraktande
598 376 31 18 att
645 373 68 21 denna
728 373 49 22 nåd,
793 381 58 20 prop.
867 373 90 21 innebär

138 401 48 21 från
209 401 146 28 Regeringens
378 401 46 22 sida
447 405 30 18 ett
497 403 63 20 snabt
583 401 127 22 villfarande
734 402 22 21 af
771 401 131 22 Ständernas
918 403 37 20 vid

140 431 54 20 1894
210 430 33 20 års
259 430 102 27 landtdag
376 430 93 21 uttalade
485 431 82 20 önskan
582 431 40 20 och
638 431 95 27 petition,
748 431 24 20 så
787 438 63 19 synes
867 431 35 20 det
913 431 43 26 mig

139 465 50 14 vara
211 459 81 26 ganska
314 462 54 23 eget,
383 466 34 13 om
440 458 118 22 Ständerna
578 466 28 13 nu
622 459 67 20 skulle
706 459 69 20 afvisa
791 459 167 27 propositionen,

139 487 40 20 och
194 489 56 18 ännu
267 487 176 28 egendomligare,
458 495 34 13 om
508 487 120 21 Ständerna
644 487 68 21 skulle
722 488 63 19 minst
797 488 26 20 10
834 487 66 28 dagar
910 487 46 21 före

138 515 141 28 landtdagens
303 515 119 22 eventuella
445 516 122 21 afslutande
587 517 57 20 finna
667 517 32 26 sig
722 516 47 21 icke
792 515 63 22 hafva
879 515 30 22 tid
925 518 32 18 att

139 544 76 27 pröfva
231 547 30 18 ett
277 544 139 26 betänkande,
431 552 46 13 som
492 545 129 21 åtminstone
637 545 47 20 icke
701 545 6 20 i
723 544 101 21 afseende
835 544 12 21 å
858 545 98 27 volymen

138 573 24 20 är
176 573 153 20 skrämmande.

208 601 43 21 Det
270 603 23 18 är
313 601 48 21 med
377 601 100 21 afseende
493 601 12 21 å
521 601 62 21 dessa
597 602 132 27 synpunkter
743 601 42 21 och
800 601 26 21 de
841 602 7 19 i
866 601 88 21 Utskot-

138 632 42 19 tets
196 629 133 22 betänkande
344 629 110 28 ingående,
470 637 46 14 som
525 631 34 26 jag
570 630 68 21 skulle
649 629 85 22 förorda
745 629 211 28 specialdiskussion,

139 658 40 21 och
194 658 37 21 ber
246 658 23 20 få
284 661 77 18 nämna
376 661 31 18 att
421 659 34 27 jag
470 659 47 20 icke
533 659 66 20 finner
614 659 36 20 det
665 658 27 28 på
707 657 66 28 något
787 660 42 19 sätt
845 666 24 12 ur
879 660 77 26 vägen,

138 694 34 13 om
190 687 53 20 efter
259 687 68 20 slutad
343 687 211 27 specialgranskning
569 687 25 20 R.
610 695 18 12 o.
643 687 26 20 A.
684 687 68 20 skulle
767 687 57 20 finna
839 687 116 26 anledning

138 716 48 20 att
183 711 12 36 i
202 715 151 27 sammanhang
368 715 49 21 med
433 718 71 17 svaret
519 715 27 28 pä
561 715 48 21 nåd.
624 722 58 21 prop.
698 715 66 20 uttala
779 722 25 13 en
820 715 135 27 underdänig

137 743 144 28 förhoppning
302 747 31 17 att
356 743 61 22 Hans
439 743 100 28 Majestät
554 744 49 21 ville
619 743 24 22 sä
657 743 43 21 fort
715 750 44 14 som
776 744 81 27 möjligt
870 743 41 21 och
927 743 27 28 pä

137 773 43 20 sätt
201 772 121 29 lämpligast
344 772 53 21 läter
419 773 32 27 sig
471 774 57 25 göra,
547 772 28 28 pä
591 773 63 20 basen
671 772 22 21 af
708 772 41 21 den
765 772 127 25 erfarenhet,
907 779 48 14 som

137 801 95 21 kommer
253 804 31 17 att
307 802 74 20 vinnas
405 801 27 28 pä
451 800 59 21 detta
533 801 92 26 omräde,
647 801 117 27 framlägga
784 801 81 27 förslag
879 801 31 20 till
928 800 26 21 de

137 830 148 27 förändringar
300 830 40 21 och
354 830 74 28 tillägg
443 831 6 19 i
464 829 71 22 denna
551 830 40 27 lag,
607 837 45 14 som
667 829 32 21 till
712 829 109 28 äfventyrs
833 830 72 20 kunna
919 829 36 22 be-

136 859 66 20 finnas
218 859 84 27 nödiga.

203 915 34 21 Hr
252 916 23 20 L.
291 915 154 21 Mechelin:
476 915 29 21 Sä
519 915 118 21 tilltalande
653 914 37 22 det
706 914 66 22 ocksä
787 922 62 21 synes
863 922 49 14 vara
924 917 30 19 att

134 947 50 25 taga
199 945 6 20 i
222 944 138 21 betraktande
379 944 42 21 den
437 944 155 28 arbetsmängd,
607 952 45 13 som
667 944 67 27 ligger
748 944 62 20 öfver
825 943 129 28 landtdagen

134 974 6 20 i
156 973 50 21 dess
220 974 53 20 sista
287 972 61 26 tider,
363 973 41 21 och
419 973 52 21 söka
487 972 70 28 undgä
573 976 30 17 att
618 973 53 21 fatta
688 972 68 21 beslut
766 968 30 37 uti
803 972 151 28 föreliggande

135 1001 84 26 ärende,
241 1001 24 21 sä
287 1002 66 20 måste
375 1002 35 27 jag
432 1001 55 21 dock
509 1002 7 20 i
532 1002 66 20 likhet
613 1001 47 21 med
675 1000 71 22 Frihh.
763 1000 78 21 Wrede
857 1000 40 21 och
912 1008 42 14 von

134 1030 58 21 Born
208 1030 56 21 fästa
279 1030 55 21 ändä
349 1032 67 19 större
431 1030 102 21 afseende
548 1030 81 26 dervid,
639 1032 31 18 att
680 1032 30 18 ett
721 1029 92 27 verkligt
824 1029 65 21 behof
898 1029 56 21 före-

134 1058 67 29 ligger
222 1058 22 21 af
259 1058 174 28 lagstadganden,
449 1059 66 27 enligt
530 1058 71 21 hvilka
618 1066 47 13 man
680 1058 34 20 mä
729 1058 71 20 kunna
817 1058 73 28 bringa
906 1058 48 20 ord-

135 1088 51 27 ning
202 1088 39 20 och
256 1087 51 21 reda
322 1088 6 20 i
344 1088 27 20 de
386 1087 117 21 olikartade
514 1087 121 26 samhällen,
645 1094 45 14 som
701 1086 59 21 detta
767 1086 118 28 lagförslag
893 1086 63 21 afser.

135 1116 75 21 Säsom
225 1116 74 28 tillägg
313 1116 32 20 till
361 1116 56 21 hvad
433 1116 63 21 redan
513 1116 22 20 af
550 1116 27 21 de
591 1115 129 28 föregäende
736 1114 63 22 ärade
814 1115 92 21 talarene
918 1122 37 14 an-

134 1144 55 22 förts
205 1144 78 26 derom,
298 1147 31 19 att
344 1152 48 14 man
408 1144 74 22 endast
499 1144 54 21 efter
567 1145 37 21 det
614 1144 153 27 författningen
779 1144 68 27 nägon
858 1144 32 20 tid
900 1144 55 20 varit

134 1173 115 29 tillämpad,
269 1174 40 20 kan
325 1174 49 20 med
389 1174 66 20 större
471 1173 81 21 visshet
568 1173 95 25 bedöma,
677 1173 54 21 huru
746 1180 26 13 en
788 1172 96 21 definitiv
899 1172 35 28 lag
948 1173 7 20 i

135 1203 71 20 ämnet
220 1202 110 28 lämpligast
355 1202 35 21 mä
404 1202 107 27 gestaltas,
527 1202 60 20 utber
601 1202 36 27 jag
651 1202 43 27 mig
710 1201 75 21 endast
799 1200 24 21 fä
833 1200 83 29 päpeka
924 1204 32 17 att

135 1230 36 21 det
194 1230 55 22 dock
264 1230 66 21 finnes
346 1233 30 18 ett
391 1230 160 28 genomgående
567 1230 52 28 drag
634 1231 7 20 i
656 1230 58 20 detta
730 1229 224 28 författningsförslag,

134 1258 83 22 hvilket
237 1259 60 21 alltid
319 1260 7 19 i
349 1259 58 21 detta
429 1260 61 20 ämne
506 1258 53 22 skall
574 1261 51 25 göra
641 1259 32 27 sig
687 1258 98 28 gällande
801 1258 69 20 säsom
886 1258 69 28 grund

135 1288 33 20 för
189 1288 166 27 lagstiftningen,
378 1288 106 27 nämligen
505 1290 31 18 att
554 1295 25 13 en
595 1286 126 28 lagstadgad
736 1286 127 22 samverkan
878 1286 76 21 mellan

134 1316 152 20 kommunerna
306 1323 40 14 och
362 1316 27 20 de
404 1315 168 21 administrativa
587 1315 174 29 myndigheterna
777 1317 23 19 är
815 1314 91 21 vilkoret
920 1314 36 20 för

135 1344 189 21 ästadkommande
344 1344 22 21 af
382 1344 90 27 ordning
487 1345 7 20 i
509 1344 62 21 dessa
587 1344 45 21 smä
647 1343 119 21 samhällen.
796 1343 114 21 Huruvida
926 1350 28 13 nu

135 1372 27 21 de
182 1372 167 22 administrativa
367 1372 184 29 myndigheternas
567 1371 167 22 beslutanderätt
748 1372 6 20 i
770 1370 185 29 författningsför-

135 1401 68 28 slaget
217 1401 72 21 blifvit
303 1401 34 21 för
351 1401 60 28 långt
426 1401 110 26 utsträckt,
551 1403 23 18 är
589 1409 26 13 en
630 1400 67 27 fråga,
712 1400 89 21 hvarom
815 1399 84 22 tillfälle
915 1399 39 21 blir

135 1432 31 18 att
181 1430 66 19 uttala
262 1431 33 25 sig
310 1429 36 21 vid
362 1429 229 28 detaljgranskningen,
606 1435 48 14 men
669 1429 35 26 jag
714 1431 44 17 tror
768 1428 56 20 dock
832 1430 31 17 att
872 1429 81 18 ämnets

135 1456 148 22 beskaffenhet
297 1459 23 18 är
335 1457 72 26 sådan,
422 1460 31 17 att
467 1464 49 13 man
531 1457 47 20 icke
593 1457 42 20 kan
651 1455 75 21 endast
736 1455 22 20 af
768 1455 41 21 den
820 1455 134 21 kommunala

135 1485 164 29 sjelfstyrelsens
323 1492 65 21 organ
409 1485 40 21 och
471 1485 61 21 deras
556 1485 68 20 beslut
639 1483 41 22 och
695 1483 99 28 ätgärder
809 1483 98 21 förvänta
922 1483 32 27 sig

135 1517 32 18 ett
188 1513 176 29 ändamälsenligt
386 1513 109 22 ordnande
517 1513 23 22 af
554 1513 25 21 sä
593 1512 117 22 olikartade
727 1512 114 29 uppgifter,
857 1519 44 14 som
916 1511 41 22 här
