1092 1806
205 135 55 20 1488
468 140 24 16 R.
506 144 17 12 o.
536 140 21 16 A.
571 141 56 16 1897.
651 140 25 16 25
689 140 48 20 Maj.

366 224 142 28 Expeditions-
523 225 40 21 och
579 224 230 27 Justeringsutskotten.

243 281 58 22 Frän
324 281 164 22 Statsutskottet
510 281 54 22 hade
580 281 111 21 inkommit
706 281 40 21 och
762 280 111 28 föredrogs
890 288 25 13 en
931 280 64 22 skrif-

175 311 65 27 velse,
257 310 137 28 dagtecknad
409 310 41 21 den
466 311 27 20 24
508 310 144 21 innevarande
667 310 51 28 Maj,
729 310 23 21 af
767 310 94 27 följande
876 309 90 29 lydelse:

334 408 43 22 Till
392 408 124 28 Höglofliga
530 408 159 28 Ridderskapet
705 408 40 21 och
760 407 77 21 Adeln.

244 466 89 22 Jemlikt
357 466 164 21 Statsutskottet
543 465 112 29 äliggande
671 465 122 29 skyldighet
807 468 32 18 att
853 465 32 21 till
901 465 94 21 Ständen

176 495 107 21 inkomma
302 494 48 22 med
365 494 81 28 förslag
462 494 109 29 angäende
587 494 26 22 de
629 494 100 26 arvoden,
745 494 72 21 hvilka
832 494 164 21 medlemmarna

176 525 5 19 i
204 524 152 28 Expeditions-
372 523 39 21 och
426 524 231 28 Justeringsutskotten
673 524 55 20 efter
743 522 140 28 landtdagens
899 523 43 21 slut
957 530 39 20 ega

175 553 102 28 uppbära,
292 553 34 21 får
342 552 113 22 Utskottet
470 552 48 21 med
534 552 154 21 framhällande
704 552 23 21 af
742 554 31 18 att
788 552 90 27 ungefär
892 552 103 20 likartade

176 581 154 25 förhällanden,
352 588 45 14 som
420 581 36 21 vid
479 584 84 18 senaste
586 580 108 29 landtdag,
715 582 6 20 i
745 580 58 22 detta
819 580 100 22 afseende
935 580 60 21 torde

176 612 52 26 göra
242 611 33 27 sig
289 610 105 28 gällande,
410 610 109 21 vördsamt
533 610 88 21 föreslä:

245 670 31 18 att
298 667 36 21 för
355 666 256 30 Expeditionsutskottets
635 666 136 22 medlemmar
792 669 31 19 ett
837 666 79 22 arvode
931 666 23 22 af
970 668 26 20 14

179 696 58 21 mark
260 704 34 13 om
317 695 68 28 dagen
408 696 34 20 för
465 696 98 26 ledamot,
583 703 44 13 som
644 698 23 18 är
682 696 7 20 i
704 695 137 28 Helsingfors
857 696 47 20 stad
920 696 76 25 bosatt,

176 728 56 18 samt
252 726 27 20 20
300 724 59 21 mark
382 732 34 13 om
439 724 68 28 dagen
530 724 34 21 för
578 724 98 26 ledamot,
692 732 44 12 som
753 724 138 21 annorstädes
907 724 38 21 har
960 725 37 20 sitt

177 753 97 26 hemvist,
295 753 66 21 mätte
383 753 116 21 fastställas
522 756 31 18 att
574 753 52 28 utgä
647 752 68 22 under
737 752 41 22 den
797 753 31 21 tid
843 753 153 28 Expeditions-

176 782 105 21 utskottet
296 783 23 19 är
334 782 6 21 i
356 782 144 26 verksamhet;
516 782 110 21 äfvensom

245 813 31 18 att
297 810 237 28 Justeringsutskottets
557 812 5 20 i
586 810 75 22 staden
685 810 84 21 bosatta
792 810 117 21 ledamöter
931 810 65 21 måtte

176 839 98 27 tilläggas
297 841 31 19 ett
350 839 78 21 arvode
444 839 23 21 af
482 840 26 20 20
524 840 59 20 mark
599 839 34 21 för
647 838 73 29 hvarje
736 838 48 29 dag,
799 839 28 21 dä
843 838 153 22 sammanträde

178 875 49 20 eger
247 875 52 19 rum,
320 868 110 20 hvaremot
446 868 5 20 i
468 868 75 20 staden
558 868 47 21 icke
622 867 83 21 bosatta
721 867 138 21 medlemmar
874 867 54 28 egde
943 875 54 20 upp-

178 896 50 21 bära
243 904 79 13 samma
338 896 79 21 arvode
432 896 34 21 för
480 896 48 22 hela
543 897 41 21 den
599 896 31 21 tid
647 896 26 21 de
684 896 111 21 härstädes
806 896 67 21 mäste
884 896 113 28 uppehälla

178 926 39 26 sig,
240 924 56 22 dock
318 924 90 22 sälunda
430 928 36 23 att,
489 925 70 21 derest
573 925 59 21 tiden
649 925 89 20 emellan
755 924 122 22 Utskottets
893 932 104 14 samman-

176 954 76 20 träden
275 954 48 21 icke
346 953 128 29 öfverstiger
496 955 26 20 14
543 954 72 28 dagar,
636 953 89 21 arvodet
747 954 84 21 komme
847 956 30 18 att
893 954 104 21 beräknas

178 982 64 21 äfven
259 982 34 22 för
308 982 143 29 nyssnämnda
466 983 115 27 mellantid,
596 983 110 21 hvaremot
722 982 123 23 Utskottets
856 982 141 27 medlemmar,

178 1019 32 13 om
235 1011 27 21 de
286 1012 66 20 under
375 1011 137 21 mellantiden
533 1012 101 26 hemresa,
653 1011 65 21 måtte
734 1011 81 29 åtnjuta
831 1012 117 28 ersättning
963 1012 34 20 för

177 1040 139 22 resekostnad
340 1040 40 21 och
402 1040 183 28 dagtraktamente
601 1040 67 21 under
683 1040 142 28 resedagarna
840 1040 66 28 enligt
921 1040 26 21 de
963 1040 33 21 för

178 1070 42 20 6:te
236 1068 85 22 klassen
336 1069 7 19 i
358 1069 98 27 gällande
470 1070 177 27 resereglemente
662 1068 113 22 faststälda
791 1069 162 27 bestämningar.

246 1125 137 22 Beträffande
399 1125 119 22 ordnandet
532 1127 21 20 af
568 1126 69 27 öfriga
653 1126 6 19 i
675 1125 152 28 sammanhang
837 1125 48 21 med
896 1125 100 22 Ständer-

178 1162 38 13 nas
234 1154 155 22 sammanträde
405 1155 87 20 stående
508 1154 137 21 ekonomiska
661 1154 183 28 angelägenheter,
859 1154 33 21 får
906 1154 91 21 Utskot-

177 1186 36 23 tet,
233 1184 1 20 i
251 1183 221 21 öfverensstämmelse
488 1183 48 21 med
549 1183 37 20 det
597 1183 77 28 jemväl
685 1183 35 20 vid
731 1182 129 29 föregående
871 1183 126 28 landtdagar

178 1212 110 27 iakttagna
303 1211 139 27 förfarandet,
458 1211 107 22 vördsamt
580 1211 87 21 föreslå:

247 1271 31 19 att
294 1269 22 20 åt
330 1268 251 29 Expeditionsutskottet
595 1268 66 21 måtte
675 1269 122 28 uppdragas
813 1271 31 18 att
858 1269 55 21 efter
928 1269 69 21 landt-

178 1298 80 27 dagens
274 1297 120 21 afslutande
409 1298 48 21 icke
472 1297 55 22 blott
542 1297 77 28 pröfva
634 1297 40 22 och
689 1277 105 41 fastställa
811 1297 26 21 de
852 1297 93 22 arvoden
957 1297 40 21 och

178 1327 92 26 utgifter,
286 1334 45 13 som
346 1326 23 21 af
383 1326 153 28 Expeditions-
550 1326 41 21 och
605 1326 242 27 Justeringsutskottens
863 1326 134 21 verksamhet

178 1356 36 19 äro
231 1354 119 27 betingade,
365 1357 50 18 utan
431 1355 64 19 äfven
510 1355 91 26 granska
617 1355 40 20 och
672 1354 115 27 godkänna
801 1355 99 26 möjligen
915 1354 82 21 inkom-

178 1382 77 21 mande
271 1381 66 21 andra
352 1382 120 27 räkningar,
487 1389 45 13 som
547 1382 52 21 böra
614 1382 81 21 betalas
711 1381 47 22 med
775 1381 36 21 det
826 1383 32 20 till
874 1381 123 28 landtdags-

178 1409 155 22 kostnadernas
356 1409 135 22 bestridande
512 1410 100 21 anvisade
628 1411 79 27 anslag,
723 1413 54 18 samt
792 1410 35 21 för
841 1410 77 21 sådant
933 1411 65 20 ända-

178 1439 42 21 mål
234 1439 109 28 reqvirera
358 1439 93 21 förskott
465 1441 45 18 mot
524 1439 280 28 redovisningsskyldighet;

246 1470 31 18 att
292 1467 66 22 sedan
367 1467 247 29 Expeditionsutskottet
626 1468 89 21 afslutat
725 1469 46 20 sina
782 1468 93 26 arbeten,
886 1467 36 22 det
932 1467 65 22 måtte

178 1496 131 21 öfverlemna
330 1496 22 21 åt
372 1496 41 21 den
429 1503 84 22 person,
528 1504 44 14 som
589 1496 92 22 nämnda
697 1496 91 22 Utskott
803 1497 71 21 dertill
888 1499 64 24 utser,
967 1500 31 17 att

178 1525 91 28 granska
291 1525 40 22 och
351 1525 115 28 godkänna
481 1525 27 21 de
523 1525 114 28 räkningar
652 1525 35 22 för
701 1525 114 29 tryckning
830 1526 23 21 af
868 1525 129 22 Ständernas
