1084 1795
210 138 56 21 1166
451 144 25 16 R.
488 147 18 13 0.
518 143 22 17 A.
554 142 55 18 1897.
633 142 24 16 14
669 142 46 20 Maj.

432 209 311 29 Omröstningspropositioner
749 217 5 13 :

253 268 46 26 1:0).
328 266 55 27 Den,
405 274 45 14 som
472 266 38 22 vill
523 267 34 21 till
572 266 209 28 kontraproposition
797 268 58 19 emot
869 266 138 29 upptagande

183 296 33 21 till
236 295 196 29 detaljeranskning
450 295 22 21 af
489 295 124 22 Utskottets
631 294 142 22 förevarande
783 294 135 22 betänkande
929 297 78 27 antaga

183 324 35 22 Hr
233 324 131 22 Schaumans
380 324 80 28 förslag
476 332 34 14 om
525 324 119 21 återremiss
659 323 34 21 till
707 323 120 29 Utskottet,
842 325 69 20 röstar
925 324 31 28 ja;

253 382 76 21 vinner
351 382 41 28 nej,
414 384 87 25 antages
523 382 33 20 till
571 381 209 28 kontraproposition
796 382 7 20 i
819 380 122 23 förberördt
955 381 53 22 hän-

185 410 79 22 seende
279 410 103 28 förslaget
396 411 7 20 i
417 410 158 22 reservationen
590 409 42 23 N:o
647 411 19 20 4.

253 467 164 29 Propositionen
433 467 129 22 besvarades
577 466 37 22 vid
629 467 52 21 härå
695 467 109 21 verkstäld
820 468 105 27 votering,
939 467 68 22 sedan

185 495 42 22 den
239 496 87 28 aflagda
340 496 74 21 sedeln
429 497 97 27 öppnats,
541 497 48 20 med
605 496 27 21 46
647 496 21 28 ja
683 495 41 22 och
739 497 27 20 45
781 496 41 28 nej.

253 553 47 26 2:0).
329 553 55 26 Den,
405 560 45 14 som
472 553 38 21 vill
531 553 50 28 ingå
603 553 7 21 i
633 552 197 29 detaljgranskning
845 553 23 21 af
884 553 123 22 Utskottets

185 581 143 27 betänkande,
341 583 69 20 röstar
424 582 32 28 ja;

253 639 77 21 vinner
350 639 40 27 nej,
405 638 164 22 återremitteras
584 638 89 22 ärendet
687 638 32 21 till
736 638 112 22 Utskottet
862 639 7 21 i
885 639 36 21 det
936 639 23 21 af
973 638 35 22 Hr

185 667 121 22 Schauman
321 667 121 28 föreslagna
458 667 71 28 syftet.

254 725 78 21 Denna
346 725 132 28 proposition
494 724 128 22 besvarades
637 723 37 22 vid
689 724 111 28 företagen
811 725 98 27 votering
921 724 49 22 med
980 725 28 21 32

185 754 21 28 ja
221 753 41 22 och
278 754 26 21 53
315 754 44 27 nej;
374 753 40 22 och
429 753 55 21 hade
499 753 26 22 R.
540 761 19 13 o.
574 753 27 21 A.
616 752 84 22 således
715 753 88 21 beslutit
813 755 32 19 att
855 753 155 22 återremittera

187 781 148 29 föreliggande
350 782 62 27 fråga
426 782 33 20 till
473 781 114 22 Utskottet
601 782 8 20 i
624 781 41 22 och
679 781 35 21 för
723 781 156 22 betänkandets
890 782 118 28 omredige-

187 812 49 26 ring
250 811 8 20 1
272 810 155 28 hufvudsaklig
442 810 221 21 öfverensstämmelse
679 810 49 21 med
743 810 49 21 nåd.
807 817 66 21 prop.,
887 810 58 21 dock
959 810 50 22 med

192 838 133 28 uteslutning
340 838 24 21 af
378 838 204 28 bestämningarne
576 834 13 37 i
597 840 13 19 4
629 839 55 27 Kap.
703 838 90 22 rörande
814 838 139 29 hästräkning
969 838 41 23 och

186 868 123 27 besigtning
337 870 55 18 samt
419 867 62 21 dessa
502 867 168 28 bestämningars
691 867 120 21 ersättande
833 867 48 21 med
896 867 113 22 föreskrif-

187 898 61 19 terna
263 896 73 21 härom
352 896 7 20 i
374 903 28 13 nu
418 895 146 28 föreliggande
579 895 141 22 betänkande.

257 1026 122 29 Föredrogs
396 1026 40 23 och
450 1027 126 28 godkändes
591 1029 51 19 utan
653 1027 122 22 diskussion

255 1083 179 22 Bankutskottets
450 1083 80 29 förslag
545 1084 32 21 till
589 1084 204 28 sammanjemkning
804 1085 23 21 af
836 1084 106 23 Ståndens
951 1085 60 29 skilj-

188 1111 72 29 aktiga
281 1112 69 21 beslut
365 1112 36 21 vid
418 1112 157 29 behandlingen
590 1112 23 21 af
629 1113 122 21 Utskottets
767 1113 134 22 betänkande
915 1114 43 21 N:o
974 1115 11 20 1
1001 1115 9 20 i

188 1141 116 27 anledning
326 1141 23 21 af
370 1141 49 21 näd.
434 1148 60 21 prop.
508 1141 43 22 N:o
567 1142 26 21 10
609 1141 111 28 angäende
735 1141 82 22 ändrad
831 1141 82 30 lydelse
927 1142 24 22 af
965 1144 43 20 sär-

188 1169 70 22 skilda
280 1170 26 27 $$
326 1171 7 20 i
348 1169 152 29 förordningen
516 1169 23 22 af
553 1169 42 22 den
611 1171 26 20 10
653 1171 40 28 Maj
710 1171 55 20 1886
781 1170 111 29 angående
907 1171 105 23 bankrö-

188 1198 72 28 relse,
276 1203 52 17 som
343 1197 29 24 af
384 1199 72 26 bolag
470 1199 79 22 idkas.

256 1329 80 20 Likasä
373 1329 109 20 godkändes
505 1333 51 17 utan
576 1331 244 27 meningsskiljaktighet
835 1331 175 21 Statsutskottets

188 1356 136 22 betänkande
347 1337 41 40 No
409 1358 26 19 10
451 1358 7 19 i
473 1357 115 28 anledning
603 1358 23 20 af
641 1361 31 17 ett
686 1359 58 20 inom
759 1358 162 22 Bondeständet
937 1359 74 21 inlem-

187 1384 53 22 nadt
262 1384 190 29 petitionsförslag,
474 1385 111 28 angäende
606 1388 43 18 rätt
670 1386 35 21 för
723 1386 133 22 landbönder
871 1387 41 21 och
926 1389 85 27 torpare

187 1413 29 29 pä
238 1413 87 29 Anjala
350 1413 106 28 majorat
478 1416 30 18 att
530 1414 68 21 inlösa
620 1414 23 22 af
665 1414 47 22 dem
736 1414 123 23 hbebrukade
881 1415 88 22 andelar
989 1415 24 22 af

190 1442 123 22 detsamma.
