1086 1792
192 132 56 21 1324
448 138 24 16 R.
484 142 18 12 o.
514 138 22 17 A.
549 138 56 16 1897.
629 138 24 16 19
664 138 48 20 Maj.

164 204 52 22 barn
238 204 47 22 frän
309 205 72 27 oloflig
402 205 136 27 gatuhandel,
559 206 6 20 i
589 205 85 21 svärare
689 205 37 21 fall
743 204 73 28 skiljas
831 204 48 22 frän
895 205 33 20 sin
943 206 42 19 rätt

164 236 32 18 att
210 234 112 28 uppfostra
338 234 80 26 barnet,
432 234 82 21 hvilket
529 234 28 20 dä
571 233 80 21 lemnas
664 233 33 21 till
707 240 68 14 annan
787 233 135 28 uppfostrare
933 232 53 22 eller

163 262 32 21 till
218 261 232 30 uppfostringsanstalt.
478 262 42 29 Jag
538 264 44 19 tror
597 264 31 19 att
643 269 47 14 man
707 262 47 21 med
769 262 63 21 dessa
847 261 68 22 medel
931 261 53 22 skall

164 291 85 21 komma
270 291 32 21 till
324 293 61 19 rätta.
414 291 34 21 De
464 291 83 21 komma
561 291 36 21 väl
611 291 48 21 icke
675 293 31 18 att
721 291 46 21 ofta
781 291 113 28 tillämpas,
908 290 78 21 ätmin-

164 322 61 19 stone
248 320 47 21 icke
317 319 151 28 fräntagandet
490 320 23 21 af
528 319 230 29 uppfostranderätten,
773 327 48 13 men
834 319 154 21 medvetandet

164 351 32 18 att
218 348 174 28 myndigheterna
412 348 72 21 kunna
504 349 59 28 gripa
577 348 33 21 till
625 348 62 21 dessa
703 348 68 21 medel
787 348 53 21 skall
855 348 44 21 helt
914 348 72 21 säkert

164 376 69 22 skaffa
247 377 83 28 polisen
342 377 71 28 gehör.
435 377 111 21 Utskottet
555 377 38 21 har
603 377 73 21 vidare
688 376 63 22 bland
762 377 118 20 motiverna
893 376 94 28 aftryckt

165 413 27 13 en
214 405 85 28 nyligen
324 405 112 21 emeanerad
459 406 78 21 svensk
558 405 126 28 förordning
710 409 55 17 samt
779 408 70 18 ansett
864 404 122 22 densamma

165 434 72 21 kunna
257 435 58 27 tjena
337 441 45 14 som
405 433 90 22 förebild
514 434 34 21 för
567 434 41 21 den
623 434 135 27 lagstiftning
773 435 7 20 i
796 435 76 24 ämnet,
887 441 45 13 som
948 433 40 21 hos

165 470 35 13 oss
224 462 66 21 borde
313 462 85 21 komma
412 463 32 20 till
460 463 68 20 ständ.
557 462 66 21 Hvad
639 470 28 13 nu
683 462 69 21 denna
767 462 126 27 förordning
908 462 79 21 beträf-

165 491 39 26 far,
220 490 25 21 sä
257 491 41 20 kan
313 491 36 28 jag
363 491 47 21 icke
426 491 56 21 finna
493 493 31 19 att
535 491 40 21 den
586 498 51 14 vore
647 494 32 18 att
688 491 114 28 föredraga
812 491 90 20 framför
911 491 78 20 motio-

165 527 54 13 nens
235 519 62 21 kläm.
326 519 162 28 Förordningen
504 519 57 22 afser
576 519 76 22 endast
666 519 77 21 handel
760 519 47 21 frän
823 519 28 21 kl.
866 521 13 19 8
894 518 28 29 pä
932 519 56 20 afto-

165 555 42 14 nen
227 548 32 20 till
276 548 28 21 kl.
319 549 13 20 8
343 548 27 28 pä
385 555 116 20 morgonen
518 548 39 21 och
572 547 87 22 dermed
675 555 50 14 vore
745 548 48 21 icke
816 548 47 20 hela
883 547 37 21 det
939 547 49 21 med

165 577 110 20 motionen
297 576 88 21 afsedda
407 576 66 28 syftet
488 575 143 28 tillsodosedt,
647 580 22 24 ty
684 577 40 20 den
741 576 84 24 handel,
839 583 47 14 som
901 575 89 22 stadens

166 605 204 28 polismyndigheter
385 605 101 21 särskildt
500 613 63 20 synas
579 605 51 28 vilja
646 605 66 21 hafva
726 604 103 29 reglerad,
845 606 22 19 är
883 605 41 20 den
940 604 47 21 med

167 633 111 21 allehanda
299 633 105 21 smäkram
427 633 13 21 &
463 634 86 21 stadens
564 637 48 24 torg
627 633 40 21 och
682 636 62 25 gator
758 634 69 21 under
842 633 75 28 dagen,
932 633 57 28 isyn-

167 662 75 21 nerhet
256 661 114 28 torgtiden.
400 662 102 21 Deremot
516 664 24 19 är
553 663 35 27 jag
603 669 50 14 ense
669 669 34 14 om
719 665 31 18 att
765 662 70 21 säsom
850 663 6 20 i
873 661 41 22 den
926 669 62 13 sven-

167 691 39 20 ska
233 690 152 28 förordningen
411 691 204 27 reglementerandet
636 691 76 20 endast
734 691 66 20 borde
823 690 89 21 omfatta
938 690 50 21 barn

167 719 68 21 under
256 720 26 20 15
298 719 29 26 är,
342 719 47 21 icke
404 719 51 21 barn
472 720 39 21 och
528 719 113 28 omyndiga
656 727 101 20 personer
772 719 152 26 öfverhufvud,
939 721 52 19 enär

167 747 59 22 detta
241 749 43 26 min
300 748 66 27 enligt
380 748 65 21 tanke
460 748 104 21 mähända
577 748 55 21 dock
648 755 51 14 vore
714 751 31 18 att
759 748 28 27 gä
802 748 33 21 för
850 747 64 28 längt.

237 775 135 29 Ofvertygad
388 784 34 13 om
438 779 31 18 att
483 778 107 20 motionen
606 777 83 20 komme
705 780 30 17 att
747 776 70 21 lemna
828 776 162 28 ordningsmak-

167 807 43 24 ten,
224 805 101 21 särskildt
341 806 6 20 i
362 805 84 21 landets
462 805 139 26 hufvudstad,
617 808 30 18 ett
662 805 90 28 kraftigt
767 805 49 21 stöd
831 805 30 21 uti
877 808 31 18 att
923 804 67 22 ordna

169 833 40 21 den
232 834 136 28 gatuhandel,
390 842 45 13 som
458 834 33 20 till
514 837 44 18 stor
580 834 35 21 del
633 834 36 20 för
683 834 132 21 närvarande
831 835 22 19 är
868 834 76 20 endast
959 836 31 18 ett

168 862 122 21 maskeradt
311 863 76 27 tiggeri
410 862 41 22 och
473 862 136 28 dagdrifveri,
633 866 55 18 samt
703 866 30 17 att
747 862 111 21 förhindra
873 862 41 21 den
931 862 59 26 osed,

169 898 45 13 som
237 890 95 22 alltmera
355 898 63 20 synes
440 892 59 27 gripa
519 891 96 28 omkring
630 892 38 27 sig,
684 892 106 27 nämligen
805 894 32 18 att
852 890 52 22 barn
919 891 70 21 säsom

168 919 111 21 blomster-
289 920 40 20 och
339 919 206 29 tidningsförsäljare
556 920 59 27 längt
626 921 21 19 in
656 919 28 29 pä
692 922 97 19 nätterna
798 922 83 19 svärma
892 920 98 27 omkring

168 948 28 28 pä
220 948 86 21 stadens
331 952 61 24 gator
413 948 41 22 och
473 948 64 22 bland
552 948 102 29 publiken
669 948 28 28 pä
712 948 137 26 värdshusen,
861 948 79 21 tilläter
954 948 36 28 jag

169 977 43 27 mig
227 976 80 22 föreslä
321 980 32 18 att
368 976 36 22 det
418 977 122 28 Höglofliga
555 977 91 21 Ständet
656 977 48 21 med
717 977 138 21 förkastande
865 977 23 21 af
897 976 93 22 Utskot-

169 1008 41 18 tets
226 1006 57 20 kläm
297 1006 50 21 ville
363 1008 77 26 antaga
455 1006 124 25 motionens,
595 1006 56 21 dock
661 1005 90 22 sälunda
761 1008 31 19 att
804 1006 186 21 bestämningarna

169 1034 38 21 der
222 1034 76 22 endast
313 1034 67 21 skulle
396 1034 57 28 gälla
469 1035 51 21 barn
536 1034 67 22 under
619 1036 25 20 15
661 1035 28 21 är.
712 1034 104 28 Slutligen
832 1035 37 21 vill
879 1035 35 27 jag
923 1013 66 42 fram-

168 1062 57 22 hålla
248 1066 31 18 att
300 1062 123 22 Utskottets
446 1063 86 27 förslag,
552 1064 87 24 hvilket,
661 1070 46 14 som
728 1063 94 26 nämndt,
837 1063 57 21 afser
908 1070 81 14 samma

169 1091 57 29 syfte
247 1098 45 14 som
312 1092 114 24 motionen,
442 1092 46 20 icke
504 1092 68 20 skulle
587 1092 96 20 medföra
699 1092 70 27 någon
785 1092 95 27 vinning,
895 1098 48 14 men
958 1094 33 18 att

168 1119 75 27 frågan
266 1120 122 27 derigenom
411 1120 83 20 komme
517 1123 31 18 att
569 1120 126 28 uppskjutas
718 1120 50 21 flere
789 1119 24 21 år
827 1120 83 24 framåt,
932 1120 58 28 isyn-

169 1148 74 21 nerhet
265 1156 47 13 söm
334 1148 41 21 den
398 1149 121 27 antagligen
535 1149 68 21 skulle
617 1151 61 25 tagas
693 1156 43 20 upp
752 1150 7 19 i
775 1149 151 27 sammanhang
941 1148 49 21 med

170 1176 62 22 dessa
255 1184 56 14 mera
334 1177 131 21 omfattande
488 1177 98 27 åtgärder
605 1177 34 21 för
659 1177 132 28 ungdomens
806 1177 134 28 uppfostran,
955 1184 34 14 om

169 1204 73 22 hvilka
257 1213 50 20 nyss
318 1206 60 20 'varit
392 1205 60 28 fråga
468 1206 39 20 och
522 1206 73 21 hvilka
610 1205 44 21 helt
669 1206 72 20 säkert
759 1206 83 20 komma
853 1208 32 18 att
895 1205 95 21 erfordra

168 1233 87 28 rundlig
269 1234 31 21 tid
317 1234 34 20 för
365 1237 33 18 att
412 1234 47 20 leda
474 1234 32 21 till
521 1235 94 21 resultat.

238 1290 56 22 Frih.
315 1298 49 13 von
379 1290 121 22 Alfthan:
530 1291 43 21 Det
588 1298 63 22 synes
667 1292 43 26 mig
725 1294 31 18 att
771 1291 41 21 den
827 1294 84 18 senaste
927 1290 63 21 ärade

168 1320 81 20 talaren
272 1326 85 14 snarare
378 1320 65 26 gifvit
458 1320 52 24 skäl,
525 1319 86 21 hvarför
627 1327 46 13 man
690 1320 68 21 skulle
773 1320 116 27 uppskjuta
903 1317 87 29 frågans

168 1347 130 26 behandling
313 1347 43 21 tills
372 1355 56 13 mera
443 1348 114 27 utredning
571 1347 120 27 föreligger,
700 1347 33 26 då,
741 1347 70 22 såsom
821 1347 41 21 han
873 1346 119 29 påpekade,

169 1376 107 20 motionen
299 1376 6 19 i
328 1375 101 21 afseende
452 1375 12 20 å
485 1375 239 28 åldersbegränsningen
747 1376 48 20 icke
816 1376 117 21 innehåller
953 1375 38 20 nå-

168 1411 38 20 gra
229 1403 70 22 skilda
321 1403 163 28 bestämningar,
499 1403 40 22 och
554 1403 70 22 denna
639 1403 214 29 åldersbegränsning
868 1404 65 21 borde
952 1411 40 13 un-

169 1432 110 21 derkastas
300 1439 110 21 noggrann
426 1433 143 27 ompröfning.
598 1432 116 21 Dessutom
729 1433 66 27 gäller
810 1433 37 21 det
861 1433 38 21 här
914 1435 30 19 ett
959 1433 33 20 in-

168 1468 67 21 grepp
254 1461 6 20 i
275 1461 185 28 näringsfriheten,
476 1461 81 21 hvilket
571 1461 59 21 alltid
647 1461 38 21 bör
700 1461 48 21 med
764 1469 83 14 varsam
862 1461 57 22 hand
935 1461 57 21 före-

169 1493 60 24 tagas
253 1489 40 22 och
313 1490 32 21 till
360 1490 46 21 sina
421 1490 158 28 konseqvenser
594 1489 92 22 utredas.
715 1490 42 28 Jag
773 1490 36 21 ber
824 1493 31 19 att
870 1490 23 21 få
907 1490 84 29 påpeka

169 1521 31 18 att
222 1518 37 21 det
281 1519 66 21 finnes
370 1521 31 18 ett
423 1518 86 22 område
527 1519 34 21 för
575 1519 77 21 handel
668 1519 27 28 på
711 1519 86 22 stadens
812 1522 67 25 gator,
894 1527 46 14 som
955 1519 37 21 det
