1086 1792
219 135 55 21 1072
476 140 23 16 R.
513 144 17 12 o.
542 140 22 16 A.
577 140 56 17 1897.
658 140 23 16 12
692 140 48 20 Maj.

259 207 71 21 Sedan
346 208 40 20 den
403 208 106 20 allmänna
524 207 149 22 diskussionen
688 207 87 21 härmed
786 207 114 21 förklarats
910 206 100 26 afslutad,

191 236 113 28 Ofvergick
318 236 26 21 R.
360 244 18 13 o.
393 236 26 20 A.
435 236 32 21 till
482 236 131 28 granskning
628 236 23 20 af
666 235 121 21 Utskottets
804 235 103 21 särskilda
922 235 87 28 förslag,

190 264 91 22 hvarvid
296 264 56 22 först
365 264 32 21 till
413 264 128 28 behandling
556 264 96 21 förekom
667 264 76 28 frågan
759 272 33 13 om
809 264 121 28 byggandet
945 264 23 21 af
983 271 27 13 en

189 294 89 27 jernväg
292 293 49 21 från
362 293 106 27 Uleåborg
483 293 32 21 till
532 293 88 21 Torneå.

259 350 53 21 Med
328 349 114 29 anledning
457 350 62 20 häraf
533 349 65 22 utbad
614 350 32 27 sig

260 407 34 22 Hr
309 407 24 21 L.
349 407 178 27 Gripenberg
542 407 60 21 ordet
617 406 39 21 och
672 406 94 28 yttrade:
788 406 222 28 Jernvägsutskottets

190 436 81 28 förslag
294 435 130 21 beträffande
447 435 223 28 Uleåborg—Torneå
689 434 68 22 banan
773 434 89 22 innebär
877 437 30 19 ett
922 435 87 28 tillstyr-

192 464 70 22 kande
278 464 22 22 af
315 464 56 21 hvad
388 464 47 21 nåd.
451 472 58 20 prop.
525 465 5 20 i
546 464 59 21 detta
620 464 101 21 afseende
736 464 116 27 föreslagit,
867 463 65 22 sedan
948 463 63 21 Stän-

193 494 66 20 derna
278 492 35 22 vid
330 492 103 22 särskilda
449 492 128 28 föregående
593 492 125 28 landtdagar
733 492 94 26 anhållit,
842 494 31 19 att
888 492 48 21 nåd.
952 500 60 20 prop.

192 529 34 13 om
242 521 70 21 denna
326 521 200 28 jernvägsbyggnad
541 521 66 21 måtte
623 520 118 22 Ständerna
757 520 127 28 föreläggas.
906 520 44 22 Det
961 528 50 14 vore

192 550 72 21 derför
280 549 87 22 alldeles
383 550 88 27 onödigt
487 550 22 20 af
524 550 43 28 mig
582 552 31 19 att
628 549 50 27 ingå
692 549 28 29 på
735 557 25 13 en
772 549 125 28 utläggning
908 549 24 21 af
942 549 69 21 denna

193 580 65 20 banas
273 578 110 28 betydelse
399 578 39 21 och
455 578 150 28 berättigande.
634 578 123 21 Utskottets
770 578 81 28 förslag
861 578 84 21 afviker
956 578 56 22 dock

192 608 7 20 i
222 614 26 14 en
269 607 67 28 punkt
352 606 47 21 från
414 606 57 22 hvad
486 608 7 19 i
508 606 48 22 nåd.
571 614 59 21 prop.
645 606 128 28 föreslagits,
788 609 50 18 utan
855 609 31 18 att
900 607 7 20 i
922 608 89 20 motive-

191 636 74 27 ringen
289 635 98 28 afgifvits
409 634 67 28 något
493 637 95 19 närmare
604 635 45 21 skäl
664 635 34 21 för
714 634 69 22 denna
798 634 110 27 afvikelse,
924 634 86 22 hvilken

192 664 47 21 icke
256 671 37 14 ens
308 664 67 20 finnes
385 664 7 20 i
404 664 155 28 motiveringen
570 663 82 22 berörd.
674 663 41 29 Jag
725 663 57 21 afser
792 663 87 21 bärmed
887 663 37 21 det
932 664 80 28 anslag,

192 700 46 14 som
253 693 69 20 under
336 692 143 22 instundande
489 692 142 28 treårsperiod
641 692 35 21 för
686 692 121 21 ändamålet
817 692 68 21 skulle
897 692 115 22 användas.

192 721 12 21 I
219 720 49 22 nåd.
283 728 59 21 prop.
356 720 55 22 hade
426 722 7 20 i
449 720 76 22 sådant
540 721 102 21 afseende
656 721 121 27 föreslagits
793 724 31 18 ett
839 720 77 29 belopp
928 720 22 22 af
963 722 49 27 21/,

192 750 73 28 miljon
288 750 69 25 mark;
388 749 112 22 Utskottet
519 750 39 21 har
572 750 45 28 höjt
634 749 70 21 denna
722 757 81 14 summa
820 749 32 21 till
869 750 47 27 4!/,
933 750 79 28 miljon.

192 778 44 21 För
257 778 43 21 min
320 778 34 21 del
376 778 67 21 måste
465 779 35 27 jag
521 786 49 14 anse
593 781 31 18 att
646 778 72 21 siffran
740 779 47 25 41/,
809 778 73 28 miljon
904 778 48 22 icke
974 778 38 22 har

192 807 48 21 skäl
260 806 34 21 för
315 808 37 26 sig.
382 806 53 22 Med
451 806 26 22 de
493 810 55 18 stora
563 807 158 26 konstarbeten,
736 807 101 21 särskildt
852 807 159 28 brobyggnads-

192 835 94 26 arbeten,
310 843 46 13 som
378 835 27 28 på
421 835 71 21 denna
505 835 85 21 sträcka
604 836 137 26 förekomma,
751 835 60 21 torde
824 843 48 13 man
883 836 47 20 icke
940 836 72 21 kunna

192 866 78 26 antaga
293 866 31 18 att
339 864 70 20 banan
424 864 68 21 skulle
507 864 71 21 kunna
594 864 100 21 slutföras
710 864 67 21 under
792 864 84 21 kortare
891 864 31 20 tid
938 866 27 19 än
980 867 32 19 tre

192 892 29 21 år.
250 892 41 21 Att
312 892 109 21 utsträcka
445 892 170 29 byggnadstiden
630 893 79 27 längre,
723 892 71 22 dertill
809 893 66 21 finnes
891 893 67 28 enligt
969 894 43 21 min

192 921 139 28 uppfattning
353 921 46 20 åter
415 921 48 21 icke
479 922 52 21 skäl.
560 921 75 22 Såsom
650 921 68 28 grund
733 921 34 21 för
782 921 49 21 nåd.
845 929 71 21 prop:s
932 922 80 28 förslag

192 957 34 13 om
243 952 30 18 ett
288 949 74 28 anslag
376 949 35 21 för
425 949 143 22 instundande
583 950 73 28 period
673 950 22 21 af
713 951 45 26 2!/,
779 950 72 28 miljon
870 950 59 21 mark
945 951 67 27 ligger

192 977 181 29 förutsättningen
396 981 31 18 att
451 979 68 20 banan
543 979 67 21 skulle
627 979 99 28 beläggas
742 979 48 20 med
806 979 73 21 arbete
894 979 68 21 under
976 979 37 21 det

192 1007 53 20 sista
266 1007 46 20 året
333 1007 23 20 af
370 1007 170 27 finansperioden
556 1007 40 22 och
611 1007 83 22 således
711 1007 76 22 endast
802 1010 31 18 ett
847 1007 24 22 år
885 1007 62 22 deraf
961 1015 51 14 vara

192 1035 69 21 under
275 1035 78 21 arbete.
378 1035 43 21 För
440 1035 36 21 det
493 1035 67 22 första
575 1036 55 21 årets
651 1036 65 21 behof
735 1036 65 21 borde
811 1036 62 21 dessa
884 1037 44 26 2!/,
939 1037 73 28 miljon

194 1063 59 22 mark
274 1065 7 20 i
304 1063 133 22 förhållande
451 1064 33 21 till
499 1065 48 20 hela
562 1065 125 27 kostnaden,
703 1065 26 21 10
745 1065 102 28 miljoner,
862 1065 72 21 förslä.
964 1066 48 27 41,

193 1092 73 28 miljon
289 1093 59 20 mark
370 1099 51 14 vore
442 1093 95 22 deremot
559 1093 66 28 enligt
645 1095 43 20 min
703 1093 138 29 uppfattning
857 1101 44 14 mer
916 1096 25 19 än
955 1094 57 21 hvad

193 1128 46 14 som
254 1121 97 28 lämpligt
366 1121 41 21 kan
423 1121 67 22 under
505 1122 37 21 det
556 1122 68 21 första
639 1122 46 21 äret
699 1122 28 28 pä
743 1122 68 21 banan
827 1122 122 28 nedläggas,
964 1130 47 13 men

193 1149 59 22 detta
269 1149 77 28 belopp
361 1152 24 19 är
400 1150 66 28 enligt
481 1151 58 20 hvad
552 1152 35 27 jag
602 1154 44 18 tror
656 1150 87 22 alldeles
755 1151 34 21 för
798 1151 47 21 litet
855 1151 34 21 för
901 1154 31 18 att
941 1152 72 21 kunna

194 1177 68 22 under
276 1178 38 21 tvä
328 1178 24 21 är
367 1178 98 21 bedrifva
477 1179 87 26 arbetet,
574 1187 35 14 om
619 1179 92 28 afsigten
722 1187 51 13 vore
784 1182 31 19 att
827 1179 90 28 tidigare
926 1180 87 28 päbörja

193 1206 94 27 dermed,
302 1207 52 20 eller
368 1207 64 21 redan
449 1207 23 21 är
488 1209 60 20 1898.
578 1208 58 21 Skall
652 1208 69 21 banan
736 1208 68 21 under
818 1208 38 21 tvä
869 1209 24 20 är
902 1208 24 21 af
935 1209 77 20 finans-

194 1234 101 29 perioden
311 1242 51 14 vara
378 1235 76 28 belagd
469 1236 47 21 med
533 1236 77 26 arbete,
626 1236 24 21 sä
665 1236 106 21 erfordras
787 1237 66 26 enligt
862 1237 43 20 min
916 1237 96 28 uppfatt-

193 1263 52 28 ning
267 1263 128 22 åtminstone
418 1265 12 20 6
453 1266 12 19 a
489 1266 10 19 7
523 1265 96 28 miljoner
642 1265 65 21 mark.
736 1265 35 21 Då
793 1266 35 27 jag
842 1265 49 21 icke
906 1265 47 21 från
970 1267 42 20 min

193 1291 135 29 ständpunkt
342 1292 38 21 har
395 1292 115 29 anledning
524 1293 53 28 yrka
592 1293 27 28 pä
634 1296 32 18 att
681 1293 36 22 det
731 1293 80 28 anslag,
827 1301 44 14 som
885 1293 128 28 ifrägasatts,

193 1320 69 21 skulle
285 1321 132 26 väsentligen
439 1321 66 27 höjas,
527 1321 123 28 isynnerhet
672 1323 47 20 icke
740 1322 62 20 öfver
824 1321 57 22 hvad
901 1322 112 21 Utskottet

192 1348 64 27 gjort,
274 1347 29 21 då
317 1349 36 26 jag
367 1348 48 21 icke
430 1348 42 21 kan
487 1349 57 20 finna
558 1352 32 17 att
604 1349 103 20 behofvet
722 1349 23 20 af
761 1349 70 21 denna
845 1350 89 27 jernväg
944 1349 69 22 skulle

194 1382 52 14 vara
260 1375 24 21 så
298 1376 123 27 trängande,
437 1379 31 18 att
483 1377 36 20 det
534 1384 51 14 vore
600 1378 23 20 af
638 1377 90 21 särskild
743 1378 47 27 vigt
800 1377 40 22 och
853 1377 114 29 betydelse,
979 1385 33 14 om

194 1403 41 22 den
251 1403 126 30 påbörjades
393 1405 40 21 och
449 1405 117 22 afslutades
582 1409 31 18 ett
627 1405 24 21 år
666 1405 44 22 förr
725 1406 50 21 eller
791 1413 80 20 senare,
891 1406 39 22 och
941 1406 28 21 då
978 1407 20 28 ja

194 1433 67 21 måste
280 1433 57 21 hålla
358 1433 45 21 före
415 1436 41 23 att,
471 1441 33 14 om
520 1434 68 21 ökade
604 1435 74 27 anslag
693 1435 72 21 kunna
779 1435 92 26 anvisas,
887 1435 62 22 dessa
964 1443 33 14 me

194 1463 68 19 större
278 1461 69 22 fördel
362 1462 41 21 och
418 1463 46 20 skäl
479 1463 71 21 kunde
566 1463 95 28 placeras
677 1463 27 28 på
719 1464 69 27 någon
805 1471 69 14 annan
890 1465 21 20 af
921 1463 27 22 de
957 1465 55 27 jern-

194 1491 71 26 vägar,
282 1497 45 14 som
348 1490 120 29 föreslagits
485 1491 40 21 och
539 1499 45 14 som
598 1492 28 21 då
640 1491 72 22 kunde
728 1493 84 27 bringas
828 1492 31 21 till
875 1492 137 22 fulländande

194 1518 68 22 under
281 1519 107 28 perioden,
411 1519 24 22 så
456 1519 66 28 vågar
542 1521 36 28 jag
600 1519 108 22 vördsamt
731 1521 85 26 föreslå,
839 1523 30 19 att
891 1521 121 28 Höglofliga
