1084 1789
311 137 254 22 Jernvägsbyggnaderna
577 138 7 17 i
596 137 76 18 landet.
819 133 54 20 1109

149 204 12 21 I
176 205 115 28 anledning
310 206 23 21 af
347 205 124 22 Utskottets
486 206 80 27 förslag
581 206 27 29 på
624 206 38 21 sid.
678 207 26 20 30
720 206 109 28 angående
845 213 55 14 sam-

81 233 231 28 manbindningsbanor
334 235 76 20 mellan
430 234 85 28 Hangö
531 234 46 23 och
592 235 164 28 Björneborgs
768 235 133 28 jernvägar

81 261 93 29 uppstod
190 261 94 29 följande
300 262 133 22 diskussion:

149 318 34 21 Hr
198 318 27 22 G.
240 318 26 21 E.
281 319 25 21 af
324 319 167 21 Hällström:
521 319 109 28 Pyytäisin
653 319 137 22 huomauttaa
804 319 98 22 Korkea-

81 347 93 21 arvoista
197 347 78 28 Säätyä
298 348 48 21 siitä
368 348 157 27 anomuksesta,
544 349 49 27 joka
608 348 86 21 minulla
709 350 56 19 tästä
780 349 77 20 asiasta
873 349 28 20 oli

82 376 78 21 kunnia
182 375 65 22 tehdä
267 377 152 27 valtiopäivien
442 377 70 21 alussa
526 377 22 28 ja
561 377 50 28 joka
627 384 87 14 anomus
730 377 84 21 ainakin
830 377 71 21 osaksi

82 412 27 13 on
125 405 59 21 esillä
200 405 74 21 olevan
297 405 154 22 Valiokunnan
467 405 132 22 ehdotuksen
615 406 161 28 perustuksena.
804 405 97 22 Minusta

81 433 47 21 olisi
142 433 193 29 johdonmukaista,
355 435 42 19 että
412 435 114 27 pantaisiin
541 435 92 21 toimeen
649 434 133 21 koneellinen
798 435 19 27 ja
832 435 69 20 talou-

82 462 91 21 dellinen
196 463 102 20 tutkimus
322 462 96 28 myöskin
438 463 93 27 Hangon
546 463 66 21 radan
626 463 20 28 ja
662 463 64 21 Porin
741 463 65 20 radan
823 463 77 25 välillä,

82 490 67 22 koska
171 491 75 20 kerran
268 498 27 14 on
311 493 95 26 päätetty
426 499 71 20 panna
519 493 91 20 toimeen
633 492 143 20 samanlainen
796 491 104 21 tutkimus

82 515 144 37 Seinäjoelta
239 515 61 37 Porin
319 519 85 21 radalle.
429 519 52 21 Sillä
496 522 62 26 tapaa
573 521 169 20 saavutettaisiin
757 520 55 27 juuri
825 527 22 14 se
858 523 43 17 tar-

81 547 78 27 koitus,
181 547 49 28 joka
252 548 87 21 minulla
361 548 28 21 oli
412 549 120 27 pääasiana,
554 549 107 20 saataisiin
684 549 135 26 selviämään,
834 548 67 21 mitkä

81 577 74 26 paikat
170 579 50 18 ovat
236 577 135 27 otollisimpia
387 577 99 20 vastaisia
498 577 232 20 rautatierakennuksia
742 579 73 18 varten
827 577 75 20 maini-

80 605 52 20 tulla
148 605 124 26 välimaalla,
287 605 107 28 olkoonpa
409 605 82 20 niinkin
504 607 43 19 että
560 606 59 20 sinne
629 605 164 21 rakennettavat
802 606 100 19 rautatiet

80 633 97 21 tulisivat
198 633 117 28 yksityisiä.
345 633 75 21 Minun
444 633 140 22 ehdotukseni
607 633 47 22 olisi
670 635 43 24 siis,
728 635 44 19 että
787 634 115 27 hyväksyt-

82 662 69 21 täisiin
163 662 161 21 ensimmäisenä
334 665 93 24 pontena
440 661 150 22 Valiokuonan
599 662 115 21 mietinnön
723 663 60 26 ponsi
792 663 20 27 ja
820 663 82 20 toisena

82 690 108 29 alkupuoli
206 691 48 20 siitä
269 693 110 25 ponnesta,
393 691 50 28 joka
459 697 26 14 on
501 692 72 19 minun
588 690 271 21 anomusehdotuksessani.

149 747 34 21 Hr
197 747 128 28 Ramsay:
345 747 42 28 Jag
403 747 36 21 ber
455 747 75 22 endast
545 751 31 18 att
590 748 6 20 i
608 749 78 20 största
696 747 85 22 korthet
791 747 23 21 fä
824 747 77 21 under-

82 776 60 21 stöda
158 776 34 21 Hr
208 776 22 21 af
244 776 129 21 Hällströms
388 776 81 27 förslag
485 776 71 22 derom
572 779 31 18 att
618 777 62 28 jemte
696 776 41 21 den
753 776 23 21 af
789 776 112 21 Utskottet

82 805 121 27 föreslagna
226 805 104 21 klämmen
352 805 27 28 pä
401 805 38 20 sid.
460 806 27 20 30
503 805 64 21 mätte
582 805 124 28 godkännas
722 806 40 20 den
778 805 62 25 kläm,
856 811 45 14 som

81 834 61 27 ingär
157 834 6 20 i
196 833 216 21 petitionsmemorialet
433 833 41 22 N:o
497 835 26 20 18
544 834 50 21 eller
609 833 37 22 det
660 833 22 21 af
697 833 34 21 Hr
746 833 23 21 af
783 833 117 21 Hällström

81 862 120 21 inlemnade
217 862 238 27 petitionsmemorialet.

150 918 57 22 Frih.
230 926 48 14 von
300 919 83 21 Born:
413 919 42 28 Jag
475 919 95 22 deremot
592 919 41 21 kan
656 919 47 21 icke
724 919 58 21 finna
800 919 36 20 det
851 926 51 14 vara

82 947 96 29 lämpligt
198 947 50 22 eller
267 947 61 22 klokt
343 951 31 18 att
388 947 86 22 förorda
490 948 182 21 statssubvention
687 947 35 22 för
736 947 167 29 jernvägslinier,

82 984 45 14 som
144 978 55 20 ännu
215 976 47 21 icke
278 978 36 20 äro
329 977 7 20 i
351 976 66 28 nägot
427 977 101 21 afseende
540 977 135 25 undersökta,
688 977 106 27 knappast
805 976 26 28 pä
842 976 61 21 karta

83 1005 110 26 affattade;
210 1006 18 27 ej
244 1005 66 22 heller
325 1005 42 21 kan
381 1006 36 27 jag
431 1005 56 21 finna
503 1005 36 21 det
554 1013 51 14 vara
620 1006 6 20 i
642 1006 32 20 sin
690 1005 90 28 ordning
791 1008 30 17 att
831 1005 70 21 öfver-

83 1034 69 21 lemna
168 1034 100 27 beloppet
283 1034 22 21 af
321 1034 155 21 subventionen
492 1034 40 21 och
548 1034 68 27 öfriga
627 1033 157 28 bestämningar
795 1033 34 21 för
839 1033 63 22 dessa

84 1063 66 21 banor
172 1062 22 21 åt
216 1063 135 28 Regeringen
367 1069 78 20 ensam,
461 1062 28 21 dä
503 1070 48 13 man
568 1063 60 28 eljest
644 1065 70 18 ansett
728 1063 33 26 sig
776 1061 65 22 hafva
856 1062 46 21 skäl

84 1094 30 18 att
129 1091 119 21 förbehålla
263 1091 64 21 äfven
343 1091 119 21 Ständerna
477 1094 30 18 ett
523 1091 37 21 ord
576 1091 47 21 med
638 1091 7 20 i
661 1091 62 27 laget.
746 1091 103 27 Slutligen
861 1091 41 20 kan

82 1120 36 27 jag
133 1120 48 20 icke
197 1120 66 20 heller
277 1120 55 20 finna
349 1119 36 21 det
399 1127 52 13 vara
465 1120 85 26 logiskt,
565 1127 33 13 om
611 1127 48 13 man
671 1126 25 14 en
707 1119 56 27 gång
775 1126 62 14 anser
847 1120 56 19 före-

84 1150 58 25 taget
163 1155 51 14 vara
229 1148 23 20 af
269 1151 65 25 nytta,
350 1150 36 23 att,
401 1148 70 20 såsom
486 1148 112 21 Utskottet
613 1148 61 27 gjort,
690 1148 116 20 bestämma
821 1150 30 18 att
867 1146 36 22 det

84 1176 54 22 skall
160 1176 84 21 komma
266 1177 31 20 till
320 1176 63 21 stånd
405 1176 46 21 före
471 1178 60 20 nästa
553 1176 108 28 landtdag,
681 1176 83 21 hvilket
778 1176 124 27 visserligen

82 1205 90 21 innebär
194 1204 41 22 den
255 1205 97 21 fördelen
367 1207 31 19 att
413 1212 48 13 man
477 1205 41 21 kan
533 1205 82 28 hoppas
631 1205 68 28 slippa
714 1204 47 21 från
777 1204 57 21 detta
849 1204 53 21 löfte

83 1235 43 19 rätt
148 1236 64 23 snart,
234 1240 47 14 men
297 1233 13 21 ä
325 1233 65 21 andra
412 1233 61 22 sidan
496 1234 41 21 kan
560 1241 48 13 man
630 1233 128 28 loyalement
775 1233 47 21 icke
837 1240 66 20 gerna

82 1262 72 28 undgå
177 1265 32 17 att
232 1262 73 28 förnya
329 1262 62 21 löftet
413 1262 36 21 vid
472 1264 60 19 nästa
555 1261 107 21 landtdag.
691 1261 52 21 Med
769 1261 101 21 afseende
890 1260 13 22 å

84 1290 62 22 dessa
162 1290 76 21 endast
256 1290 95 28 antydda
365 1290 52 26 skäl,
433 1290 40 21 och
488 1290 27 22 då
530 1291 38 21 här
583 1292 23 19 är
620 1290 62 28 fråga
697 1298 33 12 om
746 1290 85 27 mycket
845 1292 58 18 stora

84 1326 98 18 summor,
204 1318 65 22 ehuru
292 1318 112 22 Utskottet
426 1319 47 21 icke
496 1321 87 19 nämner
603 1318 54 27 dem,
672 1318 72 21 hvilka
760 1325 91 14 summor
866 1319 37 19 äro

83 1348 52 20 lätta
158 1350 31 18 att
210 1348 90 20 uträkna
322 1348 35 20 för
377 1348 52 20 hvar
445 1347 39 21 och
500 1355 32 18 en,
548 1354 44 14 som
608 1347 42 21 kan
666 1349 55 19 mäta
735 1354 45 21 upp
795 1346 108 21 afståndet

83 1376 29 28 på
126 1383 26 14 en
168 1376 66 26 karta,
249 1376 24 21 så
288 1376 67 20 måste
369 1376 36 28 jag
417 1376 106 28 allvarligt
533 1375 80 29 påyrka
624 1378 31 18 att
665 1376 25 20 R.
702 1383 18 13 o.
730 1376 27 20 A.
768 1376 49 20 icke
828 1374 75 22 inlåter

83 1405 33 26 sig
138 1404 28 27 på
188 1404 70 21 denna
278 1404 83 26 hasard,
377 1408 49 16 utan
443 1403 66 22 afslår
524 1404 144 21 betänkandet
682 1405 7 19 i
705 1404 70 20 denna
790 1404 40 20 del.
860 1402 44 22 Det

83 1439 63 21 synes
161 1432 43 27 mig
219 1432 47 20 icke
282 1439 51 13 vara
349 1439 25 13 en
388 1432 79 27 lycklig
477 1432 76 27 politik
563 1434 31 18 att
604 1438 112 21 uppamma
726 1431 83 25 hasard,
819 1430 84 21 svindel

84 1460 40 21 och
139 1459 158 28 spekulationer
311 1460 39 20 hos
367 1459 96 21 enskilda
478 1460 124 20 kommuner
617 1459 40 21 och
673 1459 97 20 enskilda
785 1459 62 27 bolag
863 1458 40 21 och

84 1488 122 28 derigenom
228 1488 81 21 kanske
331 1487 48 22 leda
397 1487 47 21 dem
463 1488 8 20 i
488 1487 88 21 förderf.
604 1486 40 22 Ett
658 1488 54 20 visst
726 1486 177 29 förmynderskap

83 1517 42 21 kan
141 1516 35 22 väl
191 1516 139 22 statsmakten
345 1516 117 21 förbehålla
478 1517 32 27 sig
525 1516 5 20 i
546 1516 58 20 detta
620 1515 106 21 afseende.
