1084 1798
200 129 57 27 1230
449 138 24 17 R.
486 142 17 13 o.
515 138 23 16 A.
552 137 55 17 1897.
632 136 23 17 17
666 136 48 21 Maj.

293 264 158 33 Måndagen
469 263 56 26 den
543 263 29 26 17
590 262 55 35 Maj
664 261 39 26 kl.
721 262 27 27 '/
760 261 16 26 7
795 268 22 19 e.
833 268 37 19 m.

241 332 162 28 Tillkännagafs
427 334 32 19 att
483 332 75 27 pollett
580 330 72 21 blifvit
672 329 102 22 äterstäld
796 329 34 21 för
852 329 71 28 adliga
937 330 58 20 ätten

171 363 42 21 N:o
236 363 48 24 247,
300 361 150 26 Hackman,
469 361 21 20 af
507 360 34 21 Hr
560 358 78 23 Alfred
653 358 97 29 Leopold
765 357 151 28 Hackman,
930 357 67 22 Filos.

172 391 111 28 Magister.

242 533 201 28 Protokollsutdrag
458 532 61 21 öfver
534 532 26 22 R.
575 539 19 14 o.
610 532 38 21 A:s
663 531 37 22 vid
715 531 86 28 plenum
817 531 42 21 den
875 531 26 20 15
916 530 82 22 dennes

173 563 83 21 fattade
272 562 69 22 beslut
356 562 109 28 upplästes
482 561 30 21 till
527 561 103 29 justering
646 560 41 22 och
702 559 129 30 godkändes.

481 692 216 29 Stämpelskatten.

243 751 42 21 Till
301 751 59 21 detta
375 750 86 29 plenum
476 749 55 22 hade
547 750 109 27 bordlagts
672 749 41 22 och
727 749 112 28 föredrogs

243 807 250 29 Bevillningsutskottets
515 807 135 22 betänkande
670 807 42 22 N:o
730 808 13 21 2
759 807 7 21 i
782 806 116 29 anledning
912 807 23 21 af
949 807 50 22 näd.

174 845 60 21 prop.
249 837 41 21 N:o
307 838 25 20 15
348 836 110 29 angående
473 836 214 29 stämpelbevillning.

243 894 70 21 Innan
337 893 196 29 detaljoranskning
554 893 22 22 af
599 893 59 22 detta
680 893 134 22 betänkande
835 893 81 29 vidtog,
931 893 67 22 utbad

176 924 33 28 sig
224 922 215 22 utskottsledamoten

244 980 34 22 Hr
292 980 44 21 Th.
351 980 162 28 Tigerstedt
528 979 62 22 ordet
604 980 41 21 och
659 979 97 29 yttrade:
780 979 137 22 Beträffande
932 979 66 28 några

176 1009 47 21 utaf
233 1009 26 21 de
269 1008 155 29 förändringar,
435 1016 46 14 som
491 1008 114 22 Utskottet
614 1008 96 26 föreslär,
722 1008 66 22 hafva
796 1008 137 28 meningarna
941 1008 57 21 inom

175 1038 112 22 Utskottet
303 1038 56 21 varit
374 1036 81 22 delade.
484 1038 138 20 Minoriteten
638 1037 38 21 har
686 1036 85 22 likvissi
782 1036 47 22 icke
840 1039 71 19 ansett
920 1036 77 28 nödigt

176 1069 32 19 att
218 1073 108 15 reservera
341 1066 38 27 sig,
395 1065 28 21 dä
439 1066 20 20 ju
474 1066 63 21 dessa
552 1065 149 29 förändringar
716 1066 135 27 naturligtvis
865 1065 85 21 komme
968 1067 31 19 att

176 1095 68 21 blifva
254 1094 89 22 föremål
367 1096 24 19 för
400 1094 123 22 diskussion
538 1096 57 20 inom
610 1094 98 21 Ständet.
723 1093 106 22 Särskildt
839 1096 24 19 är
872 1094 37 21 det
919 1094 81 21 beträf-

175 1123 66 21 fande
263 1123 267 29 lysnings-skatteafgiften
553 1130 45 14 som
622 1130 26 14 en
670 1125 45 19 stor
735 1124 108 20 minoritet
857 1122 56 22 hade
928 1130 70 14 annan

177 1152 62 28 äsigt;
254 1152 48 21 icke
317 1152 7 20 i
339 1151 104 22 afseende
458 1152 13 20 &
485 1151 149 28 önskligheten
654 1151 22 21 af
696 1154 31 18 att
742 1151 42 21 den
799 1151 72 22 blefve
886 1150 114 27 afskaffad,

176 1188 48 13 men
247 1180 27 21 de
294 1180 53 26 skäl,
362 1188 44 13 som
425 1180 114 21 Utskottet
554 1180 95 26 anförde,
664 1180 92 27 ansägos
771 1180 48 21 icke
833 1180 50 21 fullt
897 1180 102 21 hällbara.

178 1208 44 22 Det
236 1209 117 21 förnämsta
375 1208 68 21 skälet
463 1210 22 19 är
503 1208 67 28 enligt
585 1209 43 19 min
643 1208 65 21 tanke
723 1208 42 26 det,
780 1216 46 13 som
841 1208 66 28 angår
921 1208 78 28 sjelfva

176 1238 66 20 sättet
264 1237 35 21 för
319 1236 172 28 redovisningen.
520 1236 138 22 Beträffande
676 1236 96 22 skattens
788 1236 78 29 belopp
880 1236 39 22 har
934 1237 23 21 af
971 1236 28 22 de

176 1265 166 28 skattdragande
365 1265 106 29 knappast
493 1265 141 28 anmärkning
656 1265 122 26 framstälts,
798 1265 41 22 och
853 1265 145 28 isynnerhet
986 1261 16 37 i

177 1293 41 22 den
234 1293 125 22 förenklade
374 1293 62 28 form,
452 1301 45 14 som
512 1294 49 21 näd.
576 1301 59 21 prop.
650 1293 96 26 föreslär,
756 1301 63 21 synes
829 1294 42 21 den
880 1293 49 22 icke
938 1294 61 27 gifva

176 1322 116 27 anledning
312 1322 32 21 till
365 1323 170 26 anmärkningar.
564 1323 42 26 Jag
618 1322 50 21 ville
684 1322 117 21 framställa
816 1322 70 21 denna
901 1322 99 21 anmärk-

176 1350 52 27 ning
243 1358 34 17 nu,
293 1349 89 22 emedan
397 1350 35 27 jag
447 1349 121 22 sedermera
582 1349 36 22 vid
639 1349 223 29 detaljoranskningen
878 1349 48 22 icke
941 1357 58 14 mera

175 1378 41 21 blir
228 1379 7 20 i
249 1378 83 21 tillfälle
348 1377 75 22 dertill.
453 1378 41 27 Jag
509 1379 68 20 skulle
588 1378 113 27 nämligen,
712 1378 47 21 ifall
769 1385 26 14 en
808 1377 85 29 förhöjd
903 1377 97 22 beskatt-

176 1407 52 27 ning
242 1406 68 21 under
325 1405 70 29 någon
410 1405 73 22 rubrik
498 1405 73 23 blefve
586 1405 130 30 nödvändig,
731 1406 66 21 hellre
812 1405 107 23 bibehålla
929 1405 71 22 denna

176 1435 58 22 skatt
248 1437 27 19 än
292 1436 33 27 jag
339 1435 52 21 ville
406 1435 41 21 öka
462 1435 85 21 skatten
562 1435 34 21 för
611 1433 175 30 bouppteckning
801 1436 6 20 i
823 1435 41 22 den
878 1434 59 30 grad,
952 1442 47 14 som

176 1465 37 21 det
228 1472 28 13 nu
271 1443 24 42 ad
309 1463 112 23 Utskottet
443 1464 71 21 blifvit
533 1464 116 29 föreslaget
668 1464 34 21 för
722 1464 26 22 de
764 1464 125 28 kategorier,
904 1471 45 14 som
965 1463 35 22 stå

177 1493 110 22 arflätaren
306 1493 104 29 fjermare.
439 1493 12 21 I
463 1493 71 21 stället
543 1493 35 21 för
588 1493 26 22 de
625 1493 7 21 i
642 1493 48 21 nåd.
700 1501 60 21 prop.
771 1493 174 22 förekommande
957 1494 41 21 100

177 1522 40 22 och
233 1523 40 20 200
289 1524 90 27 procent
393 1522 38 21 har
448 1521 112 23 Utskottet
574 1521 111 29 föreslagit
701 1523 40 21 150
757 1525 13 19 a
785 1523 41 21 300
841 1524 95 27 procent.
951 1521 47 23 Vid
