1089 1795
401 128 211 33 Hästutskrifningen.
833 129 54 20 1441

97 201 69 22 skulle
190 201 67 22 blifva
280 202 50 21 fullt
345 201 73 30 tydlig.
448 202 65 21 Hvad
529 203 12 27 8
556 203 13 20 4
584 202 106 26 beträffar,
705 202 25 21 så
744 210 63 21 synes
823 202 36 22 det
874 203 43 27 mig

98 233 31 18 att
151 230 37 21 det
209 230 66 21 borde
291 230 13 21 å
318 230 121 29 Kejserliga
460 231 92 21 Senaten
575 231 111 21 ankomma
702 233 31 18 att
747 231 7 20 i
770 231 83 21 samråd
869 231 47 21 med

99 258 226 27 Generalguvernören
341 259 40 21 och
397 259 54 21 efter
464 259 187 27 Krigsministerns
662 259 94 21 hörande
766 259 105 21 fastställa
881 259 37 21 be-

98 287 77 21 hofvet
189 287 24 20 af
227 287 76 25 hästar,
319 287 24 21 så
357 289 32 19 att
403 287 134 27 Regeringen
555 287 65 21 måtte
635 287 71 21 kunna
721 295 23 13 se
760 287 38 26 till,
812 287 105 22 huruvida

98 315 109 28 möjlighet
228 315 115 21 förefinnes
366 318 31 18 att
418 315 97 28 uppfylla
539 323 25 13 en
588 315 97 28 begäran.
715 315 42 21 Om
778 316 36 27 jag
828 315 89 22 sålunda

99 343 51 22 också
179 343 49 22 icke
243 343 38 21 vill
295 343 53 28 yrka
363 343 28 29 på
405 347 31 18 att
451 346 31 18 ett
497 343 105 22 bestämdt
612 343 56 22 antal
679 343 71 22 hästar
760 343 38 22 här
808 347 110 25 upptages,

97 372 69 21 skulle
188 373 35 27 jag
246 371 55 22 dock
325 372 26 21 be
373 379 32 14 om
428 372 119 21 återremiss
562 373 7 20 i
584 372 77 21 sådant
685 372 56 28 syfte
756 375 32 18 att
802 373 35 27 $:n
852 373 65 20 måtte

97 400 108 28 redigeras
221 400 30 26 så,
266 403 31 19 att
312 401 112 28 meningen
440 408 51 14 vore
507 401 115 29 otvetydig.

166 457 34 21 Hr
215 457 24 22 L.
254 457 25 21 E.
295 465 52 14 von
358 457 168 22 Haartman:
543 453 17 37 TI
583 457 97 27 fredstid,
690 457 28 22 då
728 460 30 18 ett
768 457 48 28 krig
826 458 92 27 möjligt-

98 486 33 21 vis
143 486 98 26 förestår,
252 485 132 22 mobiliseras
399 487 34 20 väl
447 490 115 24 trupperna
577 486 47 21 icke
637 488 80 26 genast,
735 493 35 14 men
783 485 27 22 de
823 486 95 21 förbere-

98 514 37 21 das
145 514 40 21 och
195 515 72 28 flyttas
276 516 95 20 närmare
380 514 41 22 den
432 514 135 22 förestäende
582 515 139 27 krigsteatern
730 514 34 21 för
773 515 69 28 kriget
850 515 68 20 under

97 545 80 19 väntan
199 543 28 28 pä
249 543 78 28 sjelfva
349 543 144 28 förklaringen
512 543 24 21 af
555 543 74 28 kriget.
659 543 43 22 Om
724 543 37 20 det
782 551 50 13 vore
848 543 24 21 så
886 546 32 18 att

97 571 27 21 de
140 574 94 26 trupper,
249 579 46 14 som
310 571 84 22 komme
412 575 30 18 att
456 572 71 28 flyttas
542 572 31 21 till
589 571 77 27 landet,
682 571 68 22 skulle
765 571 38 22 här
814 571 50 22 böra
874 571 44 21 för-

97 607 35 14 ses
155 601 48 20 med
226 601 77 26 hästar,
323 600 25 21 sä
365 601 71 20 kunde
452 601 26 20 de
494 600 22 21 af
530 600 56 21 Frih.
602 608 42 14 von
660 601 89 20 Alfthan
765 600 94 21 uttalade
874 600 43 21 far-

97 629 94 28 hägorna
214 629 65 21 hafva
303 630 37 20 sitt
363 629 151 28 berättigande.
543 629 51 21 Men
618 629 98 28 vanligen
732 629 49 21 sker
796 629 36 21 det
847 629 24 21 sä
887 631 31 19 att

97 661 116 26 trupperna
236 658 132 21 mobiliseras
383 658 28 28 pä
426 658 26 21 de
468 661 62 23 orter,
545 657 37 22 der
597 657 26 22 de
639 659 36 20 äro
690 657 103 29 förlagda.
824 657 94 22 Sälunda

98 687 83 21 komma
197 687 27 21 de
239 690 32 18 att
290 687 23 21 fä
332 687 46 21 sina
393 687 71 21 hästar
478 687 48 21 frän
542 687 26 21 de
584 687 81 26 ställen,
681 686 37 22 der
728 686 26 22 de
768 688 37 20 äro
815 686 103 21 kantone-

97 715 51 22 rade
164 715 69 22 under
247 715 96 22 fredstid.

166 773 57 21 Frih.
244 772 141 22 Aminoff:
415 773 77 20 Denna
513 773 61 28 fråga
596 779 33 14 om
653 773 166 21 maximiantalet
840 772 78 25 hästar,

97 809 46 14 som
167 801 61 21 skola
243 801 79 26 ställas,
337 809 38 14 var
389 801 21 28 ju
425 801 66 21 redan
510 802 85 27 mycket
610 801 100 21 omordad
726 801 34 26 dä,
774 803 38 19 när
827 800 91 22 Utskot-

98 833 42 18 tets
157 830 146 28 ursprungliga
314 829 133 22 betänkande
460 837 38 14 var
508 830 66 21 under
586 829 79 22 debatt.
688 829 35 21 Dä
733 829 62 22 sades
806 829 37 22 det
853 829 65 21 bland

99 862 70 23 annat,
183 858 82 21 hvilket
280 858 66 22 ocksä
360 860 23 19 är
398 858 127 28 fullkomligt
539 859 74 28 riktigt
628 858 40 21 och
683 858 101 21 hvarmed
800 859 35 27 jag
847 857 71 21 öfver-

99 889 144 25 ensstämmer,
256 890 31 18 att
299 887 37 21 det
348 889 23 19 är
383 886 129 29 fullkomligt
527 887 95 28 omöjligt
637 889 32 18 att
684 895 27 12 nu
737 886 13 21 pä
761 885 90 22 förhand
863 889 55 23 veta,

99 916 28 21 dä
142 915 128 28 nägongäng
284 916 47 28 krig
347 915 99 26 inträffar,
461 915 52 21 huru
529 916 77 28 mänga
620 918 88 25 trupper
738 923 68 13 komma
822 918 30 19 att
867 922 49 14 vara

100 944 97 29 förlagda
212 945 7 20 i
234 945 72 20 landet
329 945 40 21 och
391 944 52 21 huru
466 944 62 21 deras
551 945 128 21 dislokation
702 943 28 22 dä
750 944 102 28 gestaltar
876 944 42 25 sig;

100 975 56 20 ännu
181 973 82 21 mindre
285 973 42 21 kan
349 981 48 13 man
415 973 93 21 beräkna
530 973 36 21 det
581 973 70 26 behof,
666 980 44 13 som
726 972 68 21 under
808 972 110 29 pägäende

100 1002 47 28 krig
169 1002 128 21 tillkommer
321 1002 40 21 och
383 1009 45 14 som
450 1001 38 21 här
509 1009 38 14 var
569 1001 117 22 beräknadt
708 1001 23 20 af
753 1001 111 22 Utskottet
886 1000 32 21 till

100 1032 41 20 600
163 1031 78 21 hästar.
271 1030 69 21 Dessa
362 1032 36 19 äro
420 1029 65 22 redan
507 1030 107 28 praktiskt
633 1029 85 22 talande
733 1029 51 22 skäl.
815 1029 51 21 Men
882 1028 38 21 det

99 1060 68 20 finnes
183 1059 64 26 äfven
263 1059 66 20 andra
352 1059 91 26 orsaker,
457 1058 88 21 hvarför
558 1059 36 28 jag
608 1059 75 28 tycker
697 1061 31 18 att
743 1057 37 22 det
795 1058 48 21 icke
859 1058 38 21 bör
912 1058 7 19 i

101 1088 34 27 lag
150 1088 27 27 pä
192 1087 91 21 förhand
300 1087 132 26 bestämmas,
451 1087 52 21 huru
519 1087 76 28 mänga
610 1087 72 21 hästar
696 1086 73 21 landet
784 1086 22 21 sä
823 1089 31 18 att
868 1088 51 25 säga

101 1118 22 19 är
138 1116 70 27 villigt
223 1118 31 19 att
269 1115 58 21 offra.
357 1115 95 21 Landets
470 1115 150 28 offervillighet
635 1115 67 21 under
717 1114 90 28 krigstid
822 1115 40 20 och
877 1115 42 20 till

101 1144 150 27 mötesgäende
283 1147 56 18 emot
364 1144 37 21 allt
423 1143 56 22 hvad
501 1143 63 28 ryska
585 1143 65 22 rikets
674 1143 147 28 myndigheter
843 1143 76 20 kräfva

101 1175 36 19 äro
153 1173 70 21 kända
240 1172 54 21 bäde
309 1173 7 20 i
331 1172 152 21 Kejsardömet
501 1172 40 21 och
556 1172 42 21 här.
627 1172 42 28 Jag
684 1175 44 18 tror
742 1174 32 18 att
788 1171 132 21 utsättandet

101 1201 22 21 af
145 1209 26 14 en
195 1203 98 20 numerär
315 1201 28 28 pä
373 1201 87 26 förhand,
474 1207 45 14 som
534 1201 53 21 hvar
602 1201 40 21 och
658 1208 26 13 en
699 1203 36 18 vet
750 1201 23 20 är
788 1200 85 28 omöjlig
888 1202 32 19 att

100 1229 68 28 träffa,
183 1230 69 21 skulle
267 1229 106 22 mähända
393 1229 66 22 strida
474 1232 57 19 emot
546 1229 69 22 denna
630 1229 55 21 anda
701 1228 23 22 af
738 1228 40 21 den
795 1228 124 27 offervillig-

101 1259 41 25 het,
168 1267 46 13 som
237 1258 71 22 städse
331 1258 93 21 utmärkt
447 1258 37 21 det
503 1258 67 21 finska
591 1257 75 26 folket,
688 1257 28 21 dä
738 1257 36 21 det
789 1257 83 28 vädjats
887 1256 33 21 till

101 1287 122 22 detsamma.

170 1344 34 20 Hr
219 1344 24 20 L.
258 1343 156 21 Mechelin:
436 1343 46 21 Det
496 1350 49 14 vore
560 1343 122 27 visserligen
697 1343 117 27 angenämt,
826 1348 34 14 om
872 1348 48 14 man

101 1372 70 21 kunde
191 1373 8 20 i
218 1372 72 28 hvarje
306 1371 171 22 förekommande
492 1371 60 29 fräga
566 1370 74 22 endast
655 1370 135 21 eftersträfva
804 1369 56 21 hvad
876 1376 44 14 som

102 1408 61 21 synes
186 1408 51 14 vara
259 1401 37 20 det
317 1400 121 28 lindrigaste
454 1400 40 21 och
509 1400 118 27 skäligaste.
656 1399 51 20 Men
722 1399 38 20 här
775 1400 23 19 är
812 1397 60 28 fräga
886 1405 34 13 om

101 1429 99 27 ätgärder
224 1429 34 20 för
279 1429 102 20 Finlands
398 1429 88 24 försvar,
500 1429 8 18 i
522 1427 99 21 händelse
636 1427 90 20 Finland
741 1426 67 20 skulle
823 1426 97 27 öfvergäs

103 1456 50 21 eller
176 1457 60 20 hotas
259 1456 22 21 af
303 1456 53 28 krig.
384 1455 34 21 De
439 1455 61 25 offer,
514 1455 28 28 pä
556 1454 73 21 hvilka
643 1455 62 20 äfven
720 1454 69 21 denna
800 1453 21 21 lag
848 1453 72 28 pekar,

101 1485 56 29 gälla
179 1485 48 21 icke
250 1485 34 21 för
305 1487 64 19 annat
390 1486 26 19 än
438 1483 59 22 detta
515 1484 56 21 vissa
586 1483 102 21 ändamål.
716 1482 42 29 Jag
772 1484 24 19 är
819 1482 35 21 lika
864 1477 58 34 litet,

101 1521 46 15 som
169 1513 68 30 någon
260 1521 67 14 annan
349 1513 29 30 pä
399 1513 59 21 detta
475 1521 51 18 rum,
541 1512 91 28 okunnig
646 1511 78 27 derom,
738 1514 32 19 att
785 1511 37 22 det
835 1510 49 21 icke
898 1512 24 19 är

831 1551 21 18 91
