1070 1750
335 187 312 27 Petitionsmemorial.

188 258 73 22 Ridd.
273 265 21 16 o.
311 258 85 22 Adeln.
712 257 44 22 N:o
772 258 22 21 5.

187 594 52 19 Till
255 594 163 25 Höglofliga
433 594 199 25 Ridderskapet
648 595 47 19 och
709 594 89 20 Adeln.

186 665 34 20 Att
237 665 38 19 den
291 665 156 25 vetenskapliga
462 665 133 25 forskningen
609 665 32 19 för
656 665 52 19 hvar
723 665 40 25 dag
774 671 43 14 som
828 666 38 25 gär

121 696 79 19 arbetar
224 695 63 19 under
304 695 34 20 allt
354 700 145 19 gynsammare
514 695 139 20 förhällanden
669 695 23 19 är
707 696 34 19 väl
757 697 27 17 ett
799 695 66 25 pästä-

120 725 52 19 ende
196 729 43 15 som
263 725 62 24 ingen
348 725 36 18 vill
401 725 64 24 jäfva.
500 725 47 19 Man
561 725 35 19 mä
611 725 48 19 blott
673 725 94 23 betänka,
783 725 82 19 hvilken

120 755 66 19 fördel
202 755 31 18 för
249 754 106 20 forskaren
371 754 33 20 det
419 755 78 19 medför
514 756 27 18 att
556 755 7 19 i
578 754 124 20 välordnade
718 755 100 23 bibliotek,
834 760 32 14 ar-

120 785 42 23 kiv,
178 789 82 15 museer
276 785 37 19 och
329 784 63 20 andra
408 785 111 25 samlingar
529 785 68 19 kunna
607 784 113 25 hopbringa
731 785 33 19 det
773 785 93 19 material

121 815 40 19 han
177 814 98 20 behöfver
291 815 32 19 för
338 815 45 19 sina
398 815 155 25 vetenskapliga
569 815 89 23 arbeten,
674 815 37 19 och
726 815 36 19 där
772 815 93 19 materia-

120 845 28 19 let
163 844 111 25 föreligger
290 845 64 24 spridt
368 844 28 26 pä
412 845 99 19 särskilda
527 846 59 22 orter,
603 845 50 24 göra
668 845 38 18 vär
721 845 40 19 tids
776 845 89 19 kommu-

121 875 243 19 nikationsförhällanden
380 874 33 19 det
428 874 79 25 möjligt
522 874 32 20 för
569 875 72 19 honom
658 876 28 17 att
701 875 27 24 pä
743 875 60 19 dessa
813 876 53 18 orter

121 905 129 24 personligen
267 905 86 19 anställa
369 904 44 19 sina
429 904 186 25 efterforskningar.
647 903 9 20 I
672 904 55 19 detta
742 904 126 20 sistnämnda

121 934 97 19 afseende
241 934 69 19 kunna
333 934 112 19 emellertid
468 934 123 25 säkerligen,
607 933 96 20 särskildt
718 934 53 19 hvad
787 934 79 19 arkiva-

120 963 53 20 liska
194 964 111 24 samlingar
326 963 102 24 beträffar,
444 963 115 26 väsentliga
573 964 99 19 lättnader
688 963 85 20 beredas
790 963 76 20 forska-

120 999 37 14 ren
173 999 74 19 genom
264 995 35 21 att,
315 993 67 20 såvidt
397 993 85 25 möjligt,
499 993 137 20 arkivalierna
650 993 77 20 samlas
742 994 26 24 på
779 995 28 18 ett
816 993 50 19 fåtal

121 1023 78 23 ställen,
219 1023 36 19 där
275 1023 25 19 de
316 1023 34 19 äro
366 1023 36 20 lätt
418 1023 127 26 tillgängliga
561 1023 31 19 för
608 1023 135 19 allmänheten
759 1023 37 19 och
811 1023 57 19 dess-

121 1054 60 23 utom,
206 1053 77 19 hvilket
304 1053 22 18 är
351 1053 23 19 af
393 1052 17 26 ej
428 1053 78 19 mindre
522 1053 49 25 vigt,
588 1053 33 19 väl
637 1053 69 19 kunna
721 1052 89 25 skyddas
826 1054 42 17 mot

121 1083 110 24 förstöring
255 1088 74 20 genom
352 1083 50 23 fukt,
426 1083 107 19 eldsvädor
555 1088 18 14 o.
595 1082 18 19 d.
650 1082 32 20 Ett
698 1082 72 20 sådant
785 1082 83 20 centralt

122 1112 121 20 arkivaliskt
259 1112 175 25 förvaringsställe
446 1112 22 20 är
479 1112 36 20 hos
526 1118 33 14 oss
571 1112 138 23 Statsarkivet,
721 1112 38 20 och
769 1112 20 19 vi
800 1112 68 20 kunna

122 1142 46 20 från
184 1147 73 14 senare
272 1142 58 21 tider,
347 1142 117 25 isynnerhet
479 1142 46 20 från
541 1143 39 19 den
595 1142 41 24 dag
652 1142 132 20 Statsarkivet
794 1142 74 25 inrym-

127 1173 31 19 les
174 1172 7 19 i
197 1172 34 19 sitt
246 1178 46 20 nya,
308 1172 102 21 bekväma
424 1173 44 22 hus,
485 1179 23 13 se
523 1173 51 19 huru
589 1172 70 25 rigtigt
675 1172 136 20 allmänheten
821 1177 47 20 upp-

122 1203 58 19 fattat
196 1202 66 19 denna
277 1203 47 19 dess
339 1202 148 24 bestämmelse,
503 1203 7 19 i
527 1203 33 19 det
574 1202 77 25 många
666 1202 92 19 enskilda
772 1207 97 20 personer

123 1237 73 20 genom
220 1232 117 19 donationer
360 1232 36 19 och
417 1232 178 20 testamentariska
610 1232 141 25 dispositioner
766 1231 102 20 öfverlätit

122 1262 45 19 sina
182 1273 28 2 —
226 1262 42 19 ofta
291 1261 81 26 mycket
395 1262 87 25 dyrbara
499 1273 25 3 —
542 1261 110 20 arkivalier
675 1262 29 19 till
730 1261 138 20 Statsarkivet.

121 1292 25 19 Vi
162 1291 36 20 mä
213 1291 62 20 äfven
291 1292 67 19 erinra
373 1297 40 18 oss,
429 1292 108 19 huruledes
555 1291 55 20 1888
628 1291 33 20 ärs
677 1291 85 20 Ständer
772 1291 98 25 enhälligt

123 1323 73 24 antogo
212 1327 26 14 en
253 1322 63 25 nådig
331 1321 123 25 proposition
470 1321 70 22 därom
555 1323 28 18 att
596 1321 69 24 ,äldre
675 1321 7 19 i
692 1321 176 27 häradsrätternas

123 1351 58 20 arkiv
204 1351 103 25 befintliga
328 1351 121 25 handlingar
471 1352 34 19 mä
521 1351 51 20 efter
588 1351 114 24 Styrelsens
717 1351 152 20 bestämmande

123 1381 114 19 öfverföras
260 1381 29 18 till
312 1381 134 19 Statsarkivet
469 1381 31 18 för
515 1382 28 17 att
559 1380 105 19 därstädes
679 1381 113 22 förvaras,"
810 1381 59 18 hvar-

123 1409 51 20 efter
190 1415 25 14 en
231 1410 62 25 nådig
308 1409 118 25 förordning
443 1410 22 19 af
479 1410 39 19 den
534 1410 27 19 28
578 1409 106 20 deceniber
697 1410 56 19 1888
764 1409 104 20 bestämde

124 1441 28 18 att
168 1439 23 20 så
206 1439 37 20 ske
258 1439 70 21 skulle.
