1084 1789
217 139 54 20 1104
456 145 24 15 R.
493 149 16 11 o.
523 144 21 16 A.
558 144 55 17 1897.
637 145 23 16 12
673 144 39 21 Maj

257 212 46 26 2:0).
332 211 55 26 Den,
402 219 44 13 som
462 211 124 28 godkänner
602 211 123 21 Utskottets
740 210 86 27 förslag,
841 213 68 18 röstar
924 211 30 26 ja;

257 262 74 20 vinner
346 263 40 26 nej,
401 262 101 21 omfattar
517 262 24 21 R.
558 269 18 14 o.
592 263 26 20 A.
634 262 41 21 den
691 261 65 21 femte
772 263 163 20 reservationen.

257 312 84 21 Genom
357 314 169 27 propositionens
538 312 131 21 besvarande
680 313 47 20 med
740 312 159 28 öfvervägande
911 313 33 28 nej
954 312 54 21 hade

190 341 24 20 R.
230 348 18 13 0.
263 342 26 19 A.
307 341 84 20 beslutit
406 341 114 27 godkänna
535 341 102 28 förslaget
653 343 6 18 i
670 341 65 21 femte
746 342 158 20 reservationen
915 349 34 12 om
958 341 51 28 byg-

188 369 79 28 gandet
282 369 23 20 af
320 377 26 13 en
361 370 88 27 jernväg
464 370 47 21 från
524 369 136 28 Helsingfors
671 369 32 21 till
713 369 65 22 Karis
787 370 50 20 eller
845 377 70 13 annan
923 369 86 28 lämplig

190 397 68 28 punkt
273 398 36 20 vid
325 397 155 28 Hangöbanan,
496 398 56 21 dock
567 399 47 21 icke
630 399 100 26 ostligare
746 400 26 19 än
788 398 104 21 Gerknäs.

258 449 45 22 Vid
324 449 152 28 föredragning
496 450 23 21 af
539 449 123 23 Utskottets
682 449 81 29 förslag
781 449 13 21 ä
809 449 38 22 sid.
863 451 27 20 50
906 457 35 13 om
956 450 53 21 sub-

190 478 172 27 ventionering
377 479 27 21 af
416 479 162 28 privatbanor
592 478 72 21 anhöll

258 530 34 21 Hr
313 530 34 21 W.
371 529 87 29 Späre
481 538 33 13 om
537 530 61 21 ordet
620 529 40 22 och
679 529 94 29 yttrade:
803 530 40 27 Jag
859 537 62 14 anser
937 533 30 18 att
982 537 28 14 nu

190 559 145 28 föreliggande
350 558 81 29 förslag
446 567 33 13 om
491 559 127 21 subvention
632 559 31 20 till
675 559 83 27 privata
767 559 112 27 jernvägar
889 561 23 18 är
920 559 6 20 i
935 559 75 27 högsta

190 587 52 27 grad
258 587 171 26 beaktansvärdt,
445 587 88 21 emedan
550 588 35 21 det
601 591 49 17 utan
666 587 77 21 tvifvel
759 587 53 22 skall
828 587 65 21 hafva
909 590 54 18 stort
979 588 32 20 in-

190 616 93 27 flytande
299 616 27 27 pä
342 616 40 21 den
399 615 73 22 vidare
487 616 151 27 utvecklingen
654 616 23 20 af
687 615 48 22 värt
744 617 136 26 jernvägsnät
891 616 40 21 och
944 617 7 20 i
961 624 49 19 syn-

190 644 74 21 nerhet
285 646 5 19 i
307 644 94 28 aflägsna
416 645 59 20 delar
490 645 22 20 af
528 644 77 26 landet,
621 645 37 20 der
673 644 211 28 Jernvägsstyrelsen
899 645 38 20 har
952 644 57 21 svärt

191 676 31 17 att
237 673 128 21 kontrollera
380 673 116 28 ordningen
513 673 40 21 och
569 673 78 28 dylikt;
659 673 159 21 konkurrensen
829 673 76 21 mellan
915 673 96 21 enskilda

192 701 65 21 banor
279 702 39 21 och
340 701 121 22 statsbanor
480 702 66 21 borde
569 702 67 21 blifva
658 701 81 28 ganska
759 702 104 27 gagnelig.
893 701 118 28 Förslaget,

191 737 33 14 om
240 731 34 27 jag
288 732 43 19 rätt
345 731 88 23 minnes,
448 731 60 20 torde
523 731 65 21 hafva
603 730 69 28 utgätt
683 730 46 21 frän
738 730 101 28 Ingeniör
846 730 111 29 Tallgvist,
966 738 44 13 som

193 759 59 20 torde
268 759 64 21 hafva
343 759 96 21 förordat
449 759 128 22 subvention
590 759 33 20 för
634 759 82 28 privata
725 759 112 28 jernvägar
845 759 48 21 med
903 759 108 25 5,000,000

192 788 64 20 mark.
288 787 111 22 Utskottet
419 788 38 21 har
478 788 37 21 här
530 787 110 28 föreslagit
655 787 75 22 endast
746 789 108 24 3,000,000
869 788 66 20 mark.
965 788 46 27 Mig

194 823 62 20 synes
278 824 45 13 som
339 823 50 14 vore
405 816 68 21 denna
493 824 81 14 summa
595 816 133 28 otillräeklig,
744 816 26 21 dä
786 816 63 21 redan
866 816 26 21 de
908 816 103 21 särskilda

192 845 78 27 anslag,
281 853 44 13 som
341 845 38 20 här
394 845 113 26 förordats,
517 845 154 28 sammanlagdt
682 846 53 27 stiga
751 845 31 21 till
798 845 90 28 ungefär
896 846 115 25 4,200,000.

195 873 110 21 Utskottet
320 873 37 21 har
371 874 110 27 föreslagit
497 874 127 21 subvention
640 874 23 21 af
677 875 89 25 400,000
782 873 189 26 mark,
854 869 9 36 i
872 873 98 26 händelse
983 876 29 19 ett

193 901 63 29 bolag
270 902 73 28 ätager
361 904 33 26 sig
410 902 123 29 byggandet
548 903 22 20 af
585 911 25 13 en
627 903 54 20 bana
696 903 31 20 till
742 902 125 27 Brahestad,
878 903 89 27 400,000
979 903 34 20 för

192 930 122 28 byggandet
325 931 22 20 af
358 931 54 21 bana
420 932 31 20 till
462 931 171 26 Fredrikshamn,
645 932 88 25 150,000
744 931 32 21 till
784 931 129 28 Nykarleby,
923 932 89 26 750,000

192 959 65 26 mark,
267 959 6 20 i
289 959 101 22 händelse
406 967 25 13 en
442 961 70 27 privat
523 960 54 21 bana
589 961 82 20 komme
680 960 32 22 till
724 959 62 22 stånd
798 960 75 21 mellan
885 959 79 22 Lovisa
973 960 39 21 och

192 987 81 28 Lahtis,
289 988 40 21 och
344 988 105 27 slutligen,
465 989 6 20 i
486 989 101 21 händelse
603 995 25 14 en
645 989 55 20 bana
715 989 83 20 komme
813 989 30 20 till
860 988 63 21 stånd
935 989 78 20 mellan

193 1016 49 21 Åbo
252 1016 40 21 och
307 1017 83 28 Nystad
407 1017 46 21 med
465 1017 147 28 utsträckning
621 1017 32 20 till
664 1017 89 26 Raumo,
760 1017 117 28 tillstyrkes
886 1025 26 13 en
921 1017 92 21 subven-

192 1045 45 20 tion
253 1045 48 21 med
317 1046 27 21 30
352 1046 27 26 ”/,
394 1045 23 21 af
431 1045 220 28 kostnadsförslaget,
658 1045 39 22 och
713 1046 27 20 då
756 1053 47 13 man
815 1045 67 22 måste
893 1050 76 23 antaga
980 1046 33 20 för

194 1073 142 22 kostnaderna
358 1074 35 21 för
415 1081 25 14 en
463 1075 54 20 bana
539 1075 76 20 mellan
637 1074 49 21 Åbo
708 1074 40 21 och
768 1074 89 26 Raumo,
880 1081 45 14 som
942 1074 71 21 blefve

193 1101 90 28 ungefär
303 1103 40 20 120
359 1102 111 21 kilometer
485 1103 49 27 lång
550 1103 66 21 måste
632 1103 54 27 stiga
701 1103 31 20 till
748 1103 60 20 öfver
823 1103 109 25 7,500,000
948 1103 65 25 mark,

194 1130 22 20 så
232 1130 60 21 torde
307 1130 42 21 den
365 1132 75 20 minsta
456 1131 190 27 subventionering
660 1131 111 27 dervidlag
786 1132 54 26 stiga
855 1132 32 20 till
903 1132 110 24 2,500,000

193 1158 65 21 mark.
287 1158 66 22 Detta
370 1161 39 26 gör
424 1159 154 29 sammanlagdt
592 1159 66 21 redan
672 1160 112 25 4,200,000
799 1160 65 26 mark,
879 1159 40 21 och
935 1160 28 20 då
977 1159 37 21 det

194 1194 28 12 nu
243 1186 67 22 under
331 1188 70 20 denna
422 1188 67 21 treårs
509 1188 73 28 period
598 1188 72 20 kunde
684 1188 76 26 hända,
776 1191 32 17 att
822 1188 47 20 med
885 1188 101 21 afseende
1002 1188 11 21 å

194 1222 28 13 nu
244 1215 94 21 rådande
353 1216 55 26 goda
425 1216 260 28 penningekonjunkturer
703 1216 65 21 äfven
784 1216 65 21 andra
865 1217 66 20 banor
946 1216 67 21 skulle

193 1243 82 21 komma
299 1244 7 20 i
330 1244 67 27 fråga,
422 1244 70 21 såsom
514 1248 15 17 t.
551 1252 31 14 ex.
605 1252 26 13 en
655 1244 54 21 bana
731 1245 46 20 från
800 1244 137 28 Helsingfors
953 1244 61 21 öfver

193 1271 111 21 Nummela
327 1272 40 21 och
382 1272 78 21 Forssa
475 1272 32 22 till
522 1272 220 28 Björneborgsbanan,
758 1273 39 21 och
813 1273 99 27 möjligen
928 1280 27 14 en
969 1272 44 21 för-

193 1299 101 29 längning
316 1300 23 20 af
357 1300 140 28 Borgåbanan
518 1302 32 20 till
568 1300 145 22 Kotkabanan
729 1302 51 20 eller
794 1301 119 28 Kymmene
929 1302 85 25 station,

193 1331 55 16 samt
263 1335 24 13 en
305 1328 54 20 bana
373 1329 48 20 från
437 1329 71 27 Borgå
519 1330 33 19 till
567 1329 81 25 Lahtis,
663 1330 87 20 hvarom
765 1331 22 25 ju
802 1337 29 12 nu
840 1330 65 20 redan
914 1331 23 18 är
947 1330 67 26 fråga,

194 1355 24 20 så
235 1362 50 14 vore
299 1355 38 21 det
352 1357 133 27 synnerligen
504 1357 93 27 önskligt
612 1360 30 17 att
657 1356 23 21 få
696 1357 70 20 denna
780 1357 127 21 subvention
924 1356 90 28 förhöjd,

194 1390 34 14 om
247 1384 47 21 icke
314 1385 68 27 precis
398 1384 32 22 till
445 1386 109 25 5,000,000
570 1385 65 26 mark,
657 1384 24 22 så
705 1384 128 22 åtminstone
853 1385 32 21 till
903 1386 110 25 4,000,000

194 1411 60 22 mark
267 1412 35 22 för
317 1415 31 19 att
363 1413 123 29 möjliggöra
501 1413 122 29 byggandet
645 1413 23 21 af
683 1414 25 21 de
721 1414 118 28 jernvägar,
851 1422 45 13 som
909 1414 27 29 på
944 1415 70 27 privat

196 1442 40 26 väg
252 1440 79 22 kanske
347 1442 70 21 kunde
433 1442 84 21 komma
529 1442 33 22 till
574 1442 62 22 stånd
645 1442 67 22 under
720 1444 61 20 nästa
791 1443 66 21 treårs
865 1442 148 29 finansperiod.

264 1492 33 23 Hr
312 1493 25 22 L.
351 1493 142 22 Mechelin:
523 1494 41 28 Jag
579 1494 38 22 ber
631 1496 31 19 att
677 1494 22 22 få
714 1496 7 20 i
737 1494 41 22 den
794 1494 115 29 afdelning,
925 1502 45 14 som
985 1502 28 14 nu

196 1522 23 20 är
240 1521 52 28 före,
314 1522 86 22 förorda
423 1526 30 18 ett
470 1523 116 27 uttalande,
601 1523 75 21 sådant
692 1531 44 14 som
752 1524 66 21 första
834 1524 105 22 klämmen
954 1525 59 21 inne-
