1089 1798
381 133 25 18 R.
418 138 18 13 0.
448 135 22 16 A.
483 135 55 17 1897.
561 135 27 17 24
599 135 48 21 Maj.
838 130 54 21 1469

365 230 291 29 Omröstningsproposition:

170 285 56 26 Den,
241 293 44 14 som
300 286 124 28 godkänner
438 287 163 28 ifrägavarande
616 287 75 26 vilkor,
706 289 68 20 röstar
788 289 30 27 ja;

170 342 75 21 vinner
260 343 40 28 nej,
315 343 62 28 utgär
391 343 65 28 sagda
472 344 74 21 vilkor.

169 399 36 21 Dä
227 399 41 22 den
291 399 70 22 slutna
382 401 104 28 votering,
500 409 46 13 som
561 408 33 14 om
610 401 69 21 denna
694 401 132 28 proposition
841 401 79 22 anstäl-

102 426 44 27 des,
168 427 63 22 utföll
253 428 48 21 med
321 429 26 21 18
362 429 21 28 ja
397 429 41 22 och
453 431 27 20 39
495 430 41 28 nej,
550 429 54 22 hade
619 430 25 21 R.
660 437 18 14 o.
694 430 26 21 A.
750 429 72 22 beslutit
837 432 31 19 att
883 429 37 22 det

101 457 46 20 utaf
161 456 164 23 Statsutskottet
339 457 122 29 föreslagna
476 458 91 22 vilkoret
582 458 68 22 skulle
666 458 108 22 uteslutas.

169 606 120 29 Föredrogs
305 607 40 21 och
360 607 125 27 godkändes
501 611 50 18 utan
567 608 121 21 diskussion

169 664 178 22 Bankutskottets
374 664 116 28 bordlagda
515 664 80 28 förslag
619 664 33 22 till
673 665 204 28 sammanjemkning
897 665 23 21 af

103 692 107 22 Ständens
225 692 123 30 skiljaktiga
363 692 69 22 beslut
448 693 36 21 vid
500 693 156 28 behandlingen
671 693 23 21 af
707 692 123 23 Utskottets
846 694 74 21 betän-

101 722 71 21 kande
186 722 42 21 N:o
243 722 14 20 4
271 721 111 22 angäende
404 721 124 29 ifrägasatta
550 722 115 28 ändringar
686 722 30 21 uti
734 722 51 22 eller
799 722 74 28 tillägg
887 722 33 22 till

100 750 161 28 reglementet
277 756 28 16 och
337 750 79 22 staten
430 750 41 22 för
486 750 116 23 Finlands
617 750 77 22 Bank.

168 894 81 21 Likasä
263 894 125 29 godkändes
403 897 50 19 utan
469 894 121 23 diskussion

169 951 222 22 Ekonomiutskottets
413 951 71 22 härtill
507 951 115 29 bordlagda
644 951 135 22 betänkande
800 952 41 21 N:o
864 953 26 20 26
912 953 7 20 i

101 980 116 28 anledning
237 981 23 20 af
281 980 104 22 särskilda
406 981 32 21 till
460 980 162 22 Bondeständet
641 980 82 28 ingifna
738 981 182 28 petitionsförslag

101 1016 33 14 om
141 1009 119 21 inrättande
269 1009 22 21 af
295 1009 143 29 jordbruks-
450 1010 46 22 och
506 1009 295 23 kreatursskötareskolor
810 1009 28 29 pä
850 1009 70 21 skilda

102 1040 56 19 orter
173 1038 6 21 i
195 1037 78 27 landet,
288 1038 66 21 sedan
369 1038 23 21 af
405 1038 35 21 Hr
454 1038 27 21 A.
496 1038 24 21 L.
541 1046 48 14 von
604 1038 146 28 Knorring
764 1038 33 21 till
812 1038 85 21 rättelse
912 1038 8 20 i

101 1066 144 22 betänkandet
266 1067 98 21 anmälts:
387 1066 157 22 utelemnandet
565 1066 37 22 vid
625 1066 162 28 uppräkningen
810 1066 13 22 å
844 1066 40 22 sid.
906 1067 13 21 2

101 1095 47 21 utaf
163 1096 7 20 i
185 1095 72 21 landet
271 1095 68 21 under
354 1095 23 21 är
393 1096 53 20 1896
462 1095 98 29 öppnade
573 1095 253 21 kreatursskötareskolor
838 1095 23 21 af
870 1095 50 21 sko-

102 1124 59 21 lorna
181 1119 13 37 &
205 1123 96 29 Vuojoki
316 1124 41 21 och
393 1124 36 21 Ävik
444 1124 60 28 gods,
519 1127 54 18 samt
588 1124 76 21 ärtalet
678 1124 13 20 ä
706 1124 65 21 andra
785 1124 66 21 raden
867 1132 53 20 upp-

177 1124 12 20 ä

101 1152 56 22 ifrån
171 1152 13 21 å
199 1152 40 22 sid.
255 1154 18 25 3,
288 1160 45 14 som
350 1153 47 21 bort
412 1160 50 14 vara
480 1154 88 20 »1897>.

169 1295 223 21 Ekonomiutskottets
407 1295 117 28 bordlagda
540 1295 134 21 betänkande
688 1295 42 21 N:o
746 1296 26 20 27
788 1296 6 20 i
806 1294 114 28 anledning

104 1323 22 21 af
140 1325 79 20 tvänne
235 1324 104 21 särskilda
353 1324 33 21 till
401 1324 25 21 R.
442 1331 18 14 o.
475 1324 27 20 Å.
517 1327 54 18 samt
585 1324 32 20 till
630 1324 160 21 Presteständet
800 1323 120 21 inlemnade

102 1353 217 48 föptionememörial,
341 1352 89 22 rörande
446 1352 98 28 åtgärder
558 1352 34 21 för
607 1352 185 28 åvägabringande
808 1352 22 21 af
844 1352 76 21 tillför-

110 1381 56 28 itligt
183 1381 174 28 kartografiskt
372 1381 59 22 verk
446 1381 60 21 öfver
521 1381 77 26 landet,
612 1380 125 28 godkändes
752 1380 48 22 med
816 1380 66 21 sådan
898 1380 23 22 af

102 1409 34 22 Hr
150 1410 27 21 A.
192 1409 24 22 L.
232 1417 47 14 von
295 1410 147 27 Knorring
464 1409 82 22 anmäld
568 1410 86 21 rättelse
673 1412 31 19 att
722 1410 2 20 i
740 1409 104 22 klämmen
866 1408 55 23 efter

103 1437 75 22 orden:
196 1440 66 19 »samt
277 1441 43 18 att»
337 1438 95 21 infördes
448 1438 74 21 orden:
540 1438 46 20 »för
601 1437 59 21 detta
675 1437 117 21 ändamål».
