1056 1764
196 184 36 24 jad
247 183 274 23 undervisningsverksamhet
532 183 62 18 måste
607 182 122 22 inskränkas,
743 182 47 18 eller
801 183 41 18 helt
855 182 36 18 och
903 182 40 18 hål-

199 214 27 17 let
239 214 111 22 nedläggas,
363 214 47 17 utan
422 213 74 17 bristen
508 213 26 23 på
546 212 157 24 penningemedel
716 211 109 19 föranleder
838 212 63 22 äfven,
915 212 28 18 att

199 248 45 13 man
261 243 43 18 icke
317 243 62 23 vågar
391 247 34 14 ens
437 242 79 18 försöka
528 242 124 18 anordnande
665 242 21 18 af
697 242 138 23 undervisning
847 242 26 23 på
886 242 57 21 orter,

199 272 36 18 där
250 272 62 18 sådan
329 273 17 24 ej
360 272 52 18 förut
423 272 107 22 bedrifvits,
542 272 7 18 i
561 271 47 25 följd
620 272 72 18 hvaraf
701 272 45 18 hela
758 272 37 18 den
808 278 26 12 nu
846 272 97 22 ifrågava-

200 302 61 19 rande
279 302 147 18 verksamheten
445 302 42 18 icke
505 302 82 18 allenast
604 303 16 23 ej
638 302 25 22 på
679 302 99 23 tidsenligt
791 302 39 18 sätt
843 302 101 18 utvecklas

198 332 48 18 utan
257 333 58 21 tynar
327 332 48 18 bort.

269 362 36 18 Att
321 362 19 18 vi
358 362 61 18 under
437 362 74 18 sådana
529 361 134 19 förhållanden
676 362 52 17 ännu
741 362 34 18 äro
788 362 55 23 långt
856 362 88 23 aflägsna

199 393 44 17 från
259 392 33 18 det
308 392 44 22 mål,
365 392 78 18 hvartill
455 392 19 17 vi
485 392 60 18 borde
558 392 79 21 sträfva,
650 392 98 22 nämligen
761 392 29 18 att
803 392 38 18 alla
854 392 91 18 arbetare

198 422 63 18 skulle
273 422 60 18 hafva
345 421 36 19 lätt
394 422 74 18 tillfälle
480 422 30 18 att
521 422 86 18 inhemta
619 421 30 19 för
662 422 42 18 dem
713 422 76 22 nyttiga
797 422 115 22 kunskaper,
922 421 23 18 är

200 452 39 18 lika
258 452 96 24 sjelffallet
372 456 41 14 som
430 452 111 23 beklagligt.
566 452 27 18 På
609 452 134 23 landsbygden
759 452 63 18 finnas
834 452 109 22 betydande

201 482 151 18 industricentra
365 482 34 18 där
413 482 35 18 alls
460 483 58 22 ingen
530 482 139 23 undervisning
680 482 31 18 för
723 482 54 18 äldre
789 486 92 19 personer
894 482 50 18 med-

200 512 60 18 delas.
285 512 40 18 Och
342 512 16 24 ej
377 516 38 18 nog
427 512 84 18 därmed.
536 506 64 24 Äfven
612 512 6 17 i
630 512 83 18 flertalet
725 512 67 18 städer
804 512 63 18 lemna
881 512 23 18 de
917 512 27 18 äl-

201 542 35 18 dre
248 542 114 18 arbetarnes
374 542 138 24 undervisning
524 542 34 18 allt
570 542 47 18 eller
630 542 115 18 åtminstone
758 542 77 22 mycket
848 541 60 24 öfrigt
916 543 29 17 att

201 571 66 23 önska,
287 572 28 22 ity
333 572 30 18 att
380 572 138 23 undervisning
530 572 91 23 antingen
634 572 36 18 alls
682 572 42 18 icke
737 572 103 22 meddelas,
855 572 46 18 eller
916 572 29 18 att

199 602 55 18 detta
271 602 45 18 sker
328 602 6 17 i
347 602 115 23 otillräcklig
477 602 140 23 utsträckning,
636 602 46 18 eller
694 603 96 23 slutligen,
804 602 29 18 att
846 602 99 18 undervis-

200 632 71 22 ningen
285 632 71 18 saknar
368 632 36 18 den
417 632 157 23 planmässighet,
587 637 41 13 som
641 632 57 23 utgör
710 633 28 17 ett
750 632 124 23 oeftergifligt
883 632 62 18 vilkor

199 661 31 19 för
243 662 105 18 ernåendet
360 662 23 18 af
393 662 43 18 fullt
448 662 178 18 tillfredsställande
638 663 86 17 resultat.
743 662 57 19 Detta
812 662 64 18 kunde
889 662 56 18 emel-

198 692 57 18 lertid
268 692 69 18 vinnas
349 696 31 14 om
392 692 163 24 undervisningen
574 692 118 23 försigginge
704 692 67 23 *enligt
789 692 49 23 plan,
857 697 42 13 som
915 691 30 19 för

198 722 177 18 statssubventions
389 722 112 24 ätnjutande
513 722 64 18 kunde
589 722 113 18 fastställas.

270 752 70 18 Såsom
357 756 24 14 en
397 752 115 18 illustration
531 753 28 18 till
576 757 46 18 nyss
639 752 82 19 berörda
734 752 165 24 omständigheter
912 753 33 18 vill

196 782 37 24 jag
254 782 71 18 nämna
345 782 30 18 att
394 782 37 18 den
451 782 249 24 elementarundervisning,
722 788 41 14 som
784 784 22 18 af
824 783 121 23 Helsingfors

200 812 185 23 Arbetareförening
400 812 102 19 bedrifvits
520 814 61 18 under
594 813 25 19 tio
632 813 33 18 ärs
678 814 32 22 tid,
724 814 64 18 denna
800 814 71 18 termin
882 814 63 18 mäste

199 842 95 22 inställas,
312 843 80 18 emedan
405 842 179 24 Stadsfullmäktige
595 843 80 23 afslagit
688 843 132 24 ansökningen
833 848 30 14 om
877 844 69 22 anslag

200 871 30 19 för
249 872 61 18 sädan
329 872 143 24 undervisning,
490 874 79 17 oaktadt
587 873 45 19 dess
649 873 117 23 behöflighet
778 874 59 18 borde
850 874 53 22 ligga
916 873 30 19 för

199 900 62 24 öppen
280 902 43 22 dag,
343 902 47 18 enär
408 902 29 18 till
455 902 143 19 hufvudstaden
615 903 74 23 årligen
702 902 92 20 strömma
806 903 139 19 hundradetals

199 931 55 18 äldre
272 932 94 22 arbetare,
385 937 42 13 som
445 932 61 19 sakna
525 933 23 18 de
564 934 48 17 allra
628 932 62 20 första
705 934 111 22 grunderna
833 934 22 18 af
865 934 80 18 allmänt

200 961 84 18 vetande
300 962 37 18 och
348 962 72 22 hvilka,
433 962 26 23 pä
471 963 39 17 sätt
523 963 134 19 erfarenheten
670 964 56 21 visat,
739 964 43 18 icke
793 964 66 18 kunna
872 963 73 20 förmäs

200 991 31 18 att
241 991 74 18 besöka
327 992 24 18 de
364 993 77 22 vanliga
453 993 95 18 skolorna.

270 1022 37 18 Det
324 1027 47 13 vore
389 1023 123 22 naturligtvis
531 1023 237 23 arbetareföreningarnas
787 1024 48 23 pligt
855 1025 30 17 att
897 1023 48 19 söka

202 1051 61 19 verka
275 1051 30 19 för
317 1052 29 18 att
358 1052 74 19 tillfälle
445 1052 28 19 till
485 1053 123 19 inhemtande
620 1054 22 18 af
652 1054 76 22 nyttiga
739 1054 112 23 kunskaper
863 1054 81 18 beredes

200 1081 58 19 äfven
275 1082 24 18 de
317 1082 54 18 äldre
388 1082 101 19 arbetarne
505 1083 36 18 och
558 1084 57 18 dessa
626 1084 112 22 uppfostras
750 1084 29 19 till
791 1084 91 23 upplysta
894 1084 51 18 med-

201 1111 88 23 borgare,
306 1116 44 14 men
367 1112 67 22 tyvärr
449 1113 36 18 har
497 1113 176 19 arbetarerörelsen
685 1114 7 18 i
704 1114 44 18 vårt
760 1114 45 18 land
818 1114 50 18 inom
881 1114 64 18 flerta-

201 1142 28 17 let
241 1140 111 24 föreningar
363 1142 27 22 pä
401 1144 78 17 senaste
492 1143 27 18 tid
532 1144 78 22 inslagit
622 1148 24 13 en
658 1149 26 17 ny
696 1143 91 24 riktning,
800 1149 41 13 som
855 1144 90 18 framkal-

199 1171 29 17 lat
240 1171 97 23 beklaglig
349 1172 136 23 misstämning
496 1173 40 17 mot
548 1173 58 18 dessa
618 1172 110 24 föreningar
741 1174 36 17 och
789 1174 85 18 minskat
887 1174 56 18 deras

199 1200 56 18 såväl
270 1200 139 19 intellektuella
425 1207 40 13 som
478 1202 107 18 materiella
596 1203 74 18 krafter
683 1203 80 22 därhän,
776 1203 29 18 att
817 1204 61 22 något
890 1204 54 17 verk-

199 1230 52 17 samt
262 1230 114 23 ingripande
388 1231 43 18 icke
443 1232 44 18 från
499 1232 53 19 detta
564 1232 40 19 håll
615 1232 38 19 kan
666 1234 103 22 påräknas.

270 1260 29 18 Då
315 1261 33 17 det
364 1261 82 18 sålunda
458 1262 7 17 i
477 1262 47 25 följd
536 1263 22 18 af
568 1263 32 18 vid
614 1264 44 17 1891
672 1264 32 17 års
717 1264 94 22 landtdag
824 1263 35 18 och
872 1264 6 17 i
891 1264 54 18 detta

199 1290 99 18 memorial
314 1291 85 21 antydda
416 1292 164 22 omständigheter
598 1293 142 22 otvifvelaktigt
753 1293 23 18 är
788 1293 29 18 att
829 1293 73 21 befara,
916 1294 29 17 att

198 1317 25 18 de
239 1318 54 18 äldre
312 1319 113 18 arbetarnes
440 1321 138 23 undervisning
594 1321 120 19 fortfarande
726 1323 85 17 kommer
824 1322 29 18 att
865 1322 61 18 blifva
938 1323 6 17 i

197 1346 40 23 hög
255 1348 49 21 grad
319 1347 118 20 försummad
454 1355 30 12 om
497 1351 64 18 staten
574 1351 17 24 ej
605 1350 66 19 träder
683 1352 98 18 ordnande
793 1351 37 18 och
841 1351 103 25 hjelpande

197 1377 88 22 emellan,
303 1378 36 18 och
357 1379 47 17 enär
419 1379 162 20 arbetarekårens
592 1380 84 25 höjande
688 1382 6 17 i
706 1382 87 23 bildning
806 1381 137 24 obestridligen

197 1407 58 23 utgör
267 1409 33 18 det
311 1409 154 18 verksammaste
477 1410 118 19 korrektivet
606 1411 40 18 mot
658 1412 124 23 spridningen
795 1412 22 19 af
824 1413 23 18 de
856 1412 87 19 radikala

196 1438 60 23 ideer,
272 1444 43 13 som
331 1439 61 18 under
404 1444 69 14 senare
485 1441 28 18 tid
525 1441 73 24 begynt
610 1441 59 18 vinna
680 1442 65 23 insteg
756 1443 57 19 bland
828 1444 49 17 våra
889 1443 54 19 arbe-
