1095 1803
205 138 54 20 1562
427 142 24 17 R.
465 148 17 12 o.
493 144 23 16 A.
532 142 54 17 1897.
610 142 26 17 28
648 142 47 20 Maj.

173 211 37 21 väl
225 218 34 13 om
274 214 32 17 att
319 210 46 20 tillägga
421 217 26 13 en
461 210 35 21 del
510 209 23 21 af
548 209 120 22 Utskottets
686 208 63 27 kläm,
763 208 85 22 hvilken
863 208 45 21 helt
922 207 71 21 enkelt

174 238 88 22 innebär
276 246 27 14 en
316 214 104 57 komplett
439 238 162 28 reorganisation
621 238 22 20 af
658 237 41 21 alla
713 237 50 21 våra
778 236 214 26 elementarläroverk,

174 267 106 28 nämligen
300 266 96 28 tillägget
415 266 118 22 »äfvensom
551 266 102 21 huruvida
669 265 49 22 icke
733 273 25 13 en
775 265 64 21 sådan
853 265 140 28 organisation

175 295 71 22 kunde
261 296 70 27 gifvas
346 295 38 21 vår
398 294 155 27 lärdomsskola,
568 297 32 18 att
614 294 41 22 den
669 294 65 22 redan
748 293 29 29 på
790 295 45 20 sina
846 294 57 28 lägre
914 292 80 22 stadier

175 324 125 21 meddelade
323 331 25 13 en
371 323 92 21 afslutad
485 323 154 28 medborgerlig
653 322 101 28 bildning,
768 330 48 13 men
830 322 95 21 deremot
939 321 54 21 först

175 352 29 29 på
218 352 26 21 de
259 352 64 28 högre
339 352 106 21 stadierna
459 353 8 19 i
482 352 90 27 egentlig
586 352 84 27 mening
681 350 126 22 förberedde
822 350 34 21 för
869 351 123 20 universite-

173 384 52 18 tet».
254 380 75 21 Denna
344 387 73 14 senare
432 380 112 28 afdelning,
562 387 46 14 som
621 387 28 13 nu
663 379 47 21 icke
725 379 62 22 berör
801 379 74 28 frågan
889 387 34 14 om
937 380 55 21 folk-

173 409 85 22 skolans
274 409 98 28 ställning
386 409 32 20 till
433 409 41 20 den
488 409 59 21 lärda
567 408 79 26 skolan,
660 408 39 21 har
712 409 8 20 i
735 408 41 21 den
790 408 65 21 andra
869 409 123 21 reservatio-

173 446 42 13 nen
238 438 88 21 lemnats
349 437 58 22 åsido
429 437 22 22 af
472 439 72 25 motiv,
565 444 45 14 som
631 436 66 22 hafva
717 437 81 28 ganska
811 440 44 18 stor
869 437 123 28 hållbarhet,

173 467 91 21 hvarvid
279 466 45 22 åter
338 467 67 21 andra
418 467 155 21 reservationen
588 465 87 22 föreslår
692 469 43 18 »att
749 465 131 30 Regeringen
895 466 49 22 ville
959 467 33 21 till

173 495 100 29 pröfning
293 499 93 25 upptaga
400 495 7 20 i
422 495 56 22 hvad
500 495 48 22 mån
570 494 126 26 folkskolan,
717 497 50 18 utan
782 497 31 19 att
828 495 56 21 afstå
900 495 47 22 från
962 496 32 21 sin

174 524 106 29 egentliga
294 524 91 29 uppgift,
400 523 41 22 kan
455 523 59 22 bilda
535 523 132 22 bottenskola
683 523 33 21 för
730 523 27 21 de
772 523 65 28 högre
851 524 143 21 läroverken».

173 553 130 27 Härigenom
323 532 42 42 ja
389 552 44 21 åter
448 553 68 21 denna
530 553 128 20 reservation
673 552 46 28 gått
733 551 33 21 för
780 552 63 28 långt,
858 553 28 20 dä
901 553 40 21 den
956 553 37 21 vill

174 581 65 21 hafva
254 580 117 22 Ständerna
386 584 31 18 att
432 581 66 21 uttala
512 582 33 27 sig
558 588 33 13 om
608 580 67 21 denna
695 580 103 22 svärlösta
811 581 65 28 fräga,
891 581 103 23 huruvida

173 618 48 13 man
243 610 49 21 med
315 610 51 22 våra
383 610 123 21 traditioner
520 610 8 20 i
543 609 147 21 skolväsendet
710 608 54 22 skall
778 609 70 22 kunna
863 610 62 22 ställa
938 610 54 22 folk-

174 638 74 22 skolan
262 640 8 20 i
285 638 48 22 dess
347 638 73 22 helhet
434 638 68 21 såsom
516 638 132 22 hbottenskola
663 638 34 20 för
711 637 41 21 den
766 638 59 21 lärda
839 639 79 21 skolan.

242 668 41 28 Jag
298 667 40 21 kan
355 667 22 21 af
391 667 62 21 dessa
473 667 45 21 skäl
535 667 48 21 icke
598 666 73 21 förena
685 667 44 27 mig
743 674 34 14 om
792 667 40 21 den
847 668 66 21 andra
927 676 65 13 reser-

172 696 104 22 vationen.
306 696 41 27 Jag
361 696 41 20 kan
417 695 47 21 icke
478 695 106 28 tillstyrka
599 695 66 21 första
676 696 161 26 reservationen,
851 697 88 21 emedan
951 697 41 21 den

172 724 38 21 vill
232 727 32 18 att
284 724 119 21 Ständerna
424 731 28 14 nu
473 724 58 21 skola
552 724 60 21 ställa
631 731 44 21 upp
691 727 30 17 ett
735 731 96 22 program
845 725 29 28 pä
889 725 103 29 komplett

172 754 163 27 reorganisation
355 753 23 21 af
400 753 37 22 vär
459 752 58 22 lärda
538 753 64 21 skola.
632 752 47 21 Allt
698 752 57 22 hvad
769 753 35 28 jag
818 753 68 22 finner
900 754 35 21 för
948 755 43 21 min

172 781 35 21 del
222 782 82 28 möjligt
319 785 31 18 att
362 782 7 20 i
384 781 96 22 ärendets
495 781 137 21 förevarande
648 781 66 26 skick,
729 781 40 22 och
783 782 49 21 med
847 782 41 21 den
901 783 91 22 erfaren-

173 810 38 21 het
226 812 21 19 vi
262 811 71 26 hafva,
347 810 47 21 frän
418 810 128 21 Ständernas
565 810 46 21 sida
625 809 111 23 framhälla
751 810 66 22 säsom
833 811 121 27 önskvärdt,
969 814 23 19 är

172 839 67 22 första
261 839 61 22 delen
343 839 22 21 af
387 839 66 21 första
475 839 160 26 reservationen,
657 839 104 28 nämligen
783 843 31 18 att
834 840 37 21 det
885 840 42 22 kan
941 849 51 13 vara

172 868 94 27 Onskligt
287 871 32 18 att
339 868 119 21 underlätta
479 867 141 28 öfvergängen
635 867 46 21 från
696 867 119 22 folkskolan
830 869 31 20 till
877 869 41 22 den
933 869 59 22 lärda

172 896 84 22 skolans
271 897 67 21 första
352 896 63 22 klass.
445 895 75 22 Denna
534 896 60 28 fråga
609 897 22 20 är
645 897 123 28 visserligen
782 897 47 22 icke
845 897 22 22 af
879 899 52 20 liten
940 899 51 28 vigt,

172 925 48 21 icke
243 925 23 21 så
287 926 80 27 ovigtig
389 925 51 21 eller
459 925 57 24 liten,
538 928 32 18 att
591 932 49 13 man
661 924 34 21 för
709 926 48 21 dess
773 925 148 23 dimensioners
936 927 55 21 skull

172 953 66 22 borde
260 954 72 28 afböja
354 954 39 21 allt
414 953 107 22 uttalande
543 953 47 21 från
613 953 126 22 Ständernas
761 954 51 27 sida,
827 958 24 25 ty
865 955 37 22 det
917 955 73 29 tyckes

171 982 109 29 verkligen
296 991 50 13 vara
360 983 62 20 fallet
436 985 32 18 att
482 982 131 29 rekrytering
634 982 47 21 från
696 983 118 22 folkskolan
828 984 33 21 till
876 984 41 21 den
931 985 59 20 lärda

171 1011 73 21 skolan
266 1011 104 28 försiggår
384 1012 8 20 i
403 1011 80 28 ganska
498 1014 43 18 stor
555 1010 132 29 omfattning.
716 1012 51 21 Men
782 1012 27 21 då
824 1021 26 12 nu
865 1013 47 21 icke
928 1016 63 18 annat

171 1040 68 21 skulle
257 1039 67 22 blifva
338 1048 52 20 qvar
405 1039 22 22 af
442 1040 37 21 allt
493 1039 57 22 hvad
563 1040 8 20 i
586 1039 58 22 detta
659 1040 132 22 betänkande
806 1041 39 21 och
861 1042 48 21 dess
924 1049 65 14 reser-

171 1069 95 20 vationer
280 1068 121 28 föreslagits
416 1070 25 18 än
457 1068 63 26 detta,
536 1068 22 20 så
573 1075 49 13 vore
636 1068 35 27 jag
685 1072 54 17 mest
754 1069 50 28 böjd
818 1069 34 21 för
863 1073 32 18 att
905 1070 85 21 förorda

171 1099 33 18 att
218 1096 137 21 förevarande
377 1096 207 29 petitionsmemorial
602 1095 40 22 och
663 1097 131 22 betänkande
812 1097 47 22 icke
875 1098 67 21 skulle
956 1099 33 20 till

170 1125 76 28 åtgärd
267 1125 115 21 föranleda.
411 1125 41 28 Jag
472 1125 37 20 ber
524 1128 31 17 att
570 1127 67 18 straxt
651 1125 23 21 få
688 1126 86 28 tillägga
789 1129 31 18 att
834 1127 35 28 jag
883 1127 48 20 icke
946 1130 44 18 tror

170 1157 32 17 att
216 1153 64 28 något
295 1153 75 22 sådant
384 1153 69 22 beslut
468 1153 46 21 från
529 1153 127 22 Ständernas
671 1155 46 20 sida
728 1155 103 21 behöfver
841 1155 69 22 tolkas
921 1156 67 21 såsom

170 1182 128 28 likgiltighet
313 1181 34 22 för
361 1182 26 21 de
402 1181 168 22 beaktansvärda
592 1183 107 27 spörsmål,
714 1191 45 13 som
773 1183 38 21 här
825 1185 35 20 äro
875 1184 52 26 före,
940 1192 49 13 men

168 1211 38 27 jag
220 1213 43 18 tror
277 1210 35 21 för
325 1211 43 20 min
383 1210 35 21 del
433 1213 32 18 att
479 1210 78 28 förslag
571 1211 55 20 inom
641 1211 95 22 området
751 1212 23 21 af
783 1212 36 21 det
831 1220 103 21 program,
944 1220 44 14 som

170 1239 38 20 här
222 1238 121 27 behandlas,
365 1242 96 25 nogsamt
482 1239 70 21 kunna
574 1238 125 23 framställas
721 1240 63 23 äfven
800 1241 46 21 från
861 1244 65 19 annat
939 1241 49 26 håll,

171 1269 27 19 än
212 1267 48 21 från
274 1267 124 27 Ständerna,
419 1267 39 22 och
481 1271 32 18 att
533 1275 106 21 noggrann
655 1268 118 22 diskussion
788 1269 22 21 af
824 1269 108 22 desamma
946 1270 42 21 kan

170 1303 40 20 ega
224 1303 46 14 rum
285 1296 58 21 såväl
357 1303 75 20 genom
447 1303 85 21 pressen
546 1303 45 14 som
605 1297 56 20 inom
675 1297 149 22 lärarekretsar
837 1299 40 20 och
893 1299 48 20 leda
955 1299 33 20 till

169 1323 40 21 full
223 1324 112 27 utredning
356 1324 23 21 af
401 1325 70 20 saken.
500 1324 49 21 Och
563 1325 35 27 jag
611 1328 44 18 tror
669 1325 34 21 för
717 1327 43 20 min
775 1326 34 21 del
825 1330 37 22 att,
877 1334 33 13 om
926 1327 62 20 Stän-

169 1351 66 21 derna
256 1359 26 13 en
303 1352 55 27 gång
379 1352 105 28 uppträda
504 1353 34 20 för
552 1355 32 18 att
597 1353 54 27 yrka
664 1353 28 28 på
707 1354 87 27 ändring
808 1355 8 19 i
830 1355 158 20 skolväsendets

168 1380 147 27 organisation,
337 1380 37 21 det
395 1381 47 20 icke
464 1379 64 22 borde
544 1380 37 21 ske
596 1381 55 20 efter
665 1384 32 18 att
711 1381 67 28 någon
792 1383 63 20 stund
869 1383 8 20 i
892 1382 96 21 landtda-

167 1415 52 20 gens
234 1409 52 20 sista
300 1409 85 20 timmar
398 1408 66 21 hafva
478 1408 46 21 haft
539 1409 61 21 dessa
611 1417 39 20 par
659 1409 67 22 sidors
736 1411 125 28 motivering
870 1410 31 22 till
912 1411 76 21 under-

168 1436 36 28 lag
223 1437 35 20 för
279 1437 37 21 sitt
338 1437 74 21 beslut.
441 1436 73 22 Skulle
536 1437 36 22 det
587 1445 60 14 anses
662 1439 90 28 ogörligt
766 1442 32 18 att
811 1442 74 18 stanna
899 1440 38 21 vid
951 1439 37 23 det

168 1466 99 27 negativa
282 1466 87 21 resultat
383 1467 35 27 jag
437 1466 73 21 tillåtit
524 1467 44 28 mig
583 1466 60 22 ställa
658 1468 7 20 i
679 1467 89 22 främsta
789 1471 95 24 rummet,
898 1468 24 22 så
936 1468 52 29 hop-

168 1502 38 20 pas
221 1495 35 28 jag
270 1494 26 22 R.
311 1502 18 14 o.
343 1495 28 21 A.
393 1495 54 21 skall
469 1496 89 21 omfatta
582 1495 73 22 endast
677 1496 41 22 den
739 1497 67 21 första
827 1498 161 28 reservationen,

168 1530 49 14 men
231 1524 62 28 lägga
308 1524 67 28 punkt
390 1524 89 21 framför
495 1524 139 22 »äfvensom«.
