1095 1803
355 127 302 35 Platsförmedlingsbyråerna.
834 130 54 21 1599

358 218 304 30 Platsförmedlingsbyråerna.

168 274 82 23 Vidare
265 275 112 29 föredrogs

166 332 114 21 Allmänna
302 332 221 22 Petitionsutskottets
546 333 117 28 bordlagda
685 333 133 21 betänkande
833 334 42 21 N:o
891 336 26 20 31

99 360 6 20 i
126 360 115 28 anledning
262 360 22 21 af
306 363 31 19 ett
357 361 7 20 i
384 360 162 23 Presteståndet
568 362 92 27 ingifvet
679 362 182 29 petitionsförslag
881 370 38 13 an-

99 388 82 27 gående
196 388 149 22 fastställande
361 389 24 22 af
399 389 26 22 de
441 389 75 28 vilkor,
534 389 121 22 hvarunder
671 390 248 29 platsförmedlingsaffär

99 417 34 20 får
148 416 114 22 bedrifvas.

167 479 34 21 Hr
223 480 37 28 Hj.
282 480 123 21 Schildt:
435 480 169 22 Petitionärerne
625 481 66 22 hafva
706 482 7 20 i
729 482 37 21 sitt
784 481 81 28 förslag
879 489 38 14 an-

99 508 60 21 hållit
182 511 31 18 att
237 509 118 21 Ständerna
377 509 66 21 måtte
464 509 74 22 förena
560 511 33 26 sig
614 517 34 14 om
664 517 25 14 en
705 511 89 27 petition
809 510 32 21 till
856 510 63 21 Hans

100 537 102 28 Majestät
224 537 78 26 derom,
320 541 31 17 att
375 545 25 14 en
423 537 154 22 administrativ
592 538 125 28 förordning
732 539 68 20 skulle
815 538 104 27 utfärdas,

99 565 82 21 hvaruti
198 566 26 21 de
239 566 70 21 vilkor
331 566 68 21 skulle
421 569 111 25 upptagas,
552 566 80 22 »under
647 567 72 21 hvilka
734 567 186 22 kommissionärer

99 593 34 22 för
147 594 138 21 anskaffande
307 594 22 21 åt
347 595 128 28 tjenstehjon
490 595 40 22 och
546 595 65 22 andra
625 595 24 21 af
663 595 128 29 anställning
805 597 57 20 inom
877 595 41 22 och

98 625 58 18 utom
172 623 73 21 landet
264 623 22 21 få
306 623 75 22 utöfva
395 625 32 20 sin
444 623 154 22 verksamhet».
628 623 113 22 Utskottet
755 624 38 21 har
807 624 112 28 föreslagit

99 659 26 13 en
141 651 65 27 något
228 651 134 29 oskyldigare
385 652 62 26 kläm,
469 653 51 20 eller
543 655 45 18 »att
604 652 62 21 Hans
682 652 120 29 Kejserliga
816 653 102 28 Majestät

98 680 83 21 täcktes
196 683 50 24 taga
260 681 8 20 i
283 681 166 28 öfvervägande,
464 681 104 21 huruvida
583 681 184 21 kommissionärer
781 681 34 21 för
830 681 87 21 anskaf-

98 708 66 21 fande
180 709 22 20 af
217 709 128 27 anställning
360 710 56 20 inom
429 709 40 21 och
479 712 58 18 utom
548 709 72 21 landet
629 709 23 21 åt
662 709 127 28 tjenstehjon
801 709 40 21 och
851 709 68 21 andra

99 736 65 22 borde
187 737 48 21 med
258 738 101 20 afseende
381 737 13 21 å
416 738 32 20 sin
471 738 134 21 verksamhet
626 738 139 21 underkastas
784 738 133 28 lagbestämd

99 765 91 21 kontroll
206 769 60 23 samt,
281 766 70 22 derest
373 766 59 28 dylik
455 766 91 22 kontroll
562 766 104 21 befunnes
687 766 105 29 påkallad,
807 766 32 21 till
854 766 63 22 Stän-

99 794 65 21 derna
180 794 62 22 aflåta
257 794 65 29 nådig
337 796 132 27 proposition
482 796 7 20 i
504 797 90 19 ämnet».
624 795 65 21 Detta
705 802 72 14 senare
793 796 74 28 tillägg
879 795 40 21 har

99 823 93 28 bifogats
215 824 120 28 antagligen
358 824 72 21 derför
452 826 30 20 att
497 824 112 22 Utskottet
623 824 71 21 funnit
709 827 31 18 att
755 824 36 21 det
805 824 89 28 ingrepp
909 824 8 21 i

99 852 185 28 näringsfriheten,
306 860 45 14 som
373 853 103 28 förslaget
494 854 83 20 komme
592 855 32 19 att
637 853 108 27 innebära,
767 853 68 21 skulle
850 852 69 22 strida

99 884 44 18 mot
159 882 54 20 1879
235 881 33 21 års
292 882 127 28 näringslag.
449 882 11 21 1
483 882 66 21 likhet
564 881 46 22 med
627 885 159 18 reservanterne
802 889 63 20 synes
881 881 36 21 det

98 911 27 20 mig
156 912 31 19 att
202 910 80 22 sådana
296 911 122 21 restriktiva
437 910 97 29 åtgärder
554 910 28 29 på
599 910 258 28 näringslagstiftningens
873 917 46 14 om-

97 938 52 22 råde
164 939 48 21 icke
227 939 67 21 borde
309 939 97 28 vidtagas
422 942 50 18 utan
488 940 120 28 synnerliga
623 939 46 21 skäl
684 940 41 20 och
735 939 76 21 endast
820 938 32 22 till
862 938 55 28 följd

99 967 22 21 af
136 970 31 18 att
182 967 62 21 svåra
259 968 200 21 missförhållanden
474 968 71 21 kunna
556 968 91 28 påvisas.
672 967 76 21 Sävidt
757 968 35 27 jag
803 967 42 21 kan
854 967 65 26 finna,

98 996 66 21 hafva
178 996 48 21 icke
241 997 164 27 petitionärerne
428 996 115 22 framhållit
563 996 65 28 några
643 996 24 21 så
682 996 118 28 väsentliga
821 996 47 21 skäl
883 996 36 20 för

99 1025 32 20 sin
147 1024 105 27 anhållan,
267 1028 31 18 att
313 1025 41 21 den
370 1025 80 28 åtgärd,
466 1033 45 13 som
526 1025 112 22 Utskottet
653 1024 38 22 har
700 1024 116 28 föreslagit,
831 1032 50 14 vore
894 1024 25 20 af

99 1052 75 22 nöden.
204 1053 41 28 Jag
268 1054 68 21 skulle
359 1053 72 22 derför
453 1054 108 21 vördsamt
582 1053 79 21 föreslå
683 1056 32 18 att
736 1053 37 21 det
794 1052 124 28 Höglofliga

99 1081 90 22 Ståndet
204 1082 50 21 ville
277 1082 89 21 omfatta
386 1083 165 26 reservationen,
566 1082 20 21 d.
601 1089 19 14 v.
636 1089 15 13 s.
667 1084 31 18 att
713 1081 205 28 petitionsförslaget

98 1110 47 21 icke
161 1111 68 21 skulle
244 1111 32 20 till
291 1110 70 29 någon
377 1111 74 28 åtgärd
467 1111 115 21 föranleda.

166 1173 34 21 Hr
222 1174 26 21 A.
272 1173 200 28 Gripenberg:
501 1173 12 21 I
535 1176 88 19 motsats
645 1173 32 21 till
699 1172 129 29 föregående
853 1171 64 22 ärade

97 1202 65 21 talare
179 1202 37 21 ber
230 1203 34 27 jag
279 1205 32 18 att
325 1202 23 21 få
362 1202 86 21 förorda
463 1202 128 28 antagandet
606 1202 23 21 af
645 1201 121 22 Utskottets
778 1200 139 22 betänkande.

97 1231 42 27 Jag
155 1233 36 19 vet
205 1230 54 26 icke,
269 1230 54 21 huru
338 1230 37 21 det
388 1231 49 21 icke
452 1230 88 21 kommit
554 1231 31 20 till
601 1230 41 21 den
653 1229 127 29 föregående
790 1229 63 21 ärade
863 1229 53 20 tala-

97 1266 49 14 rens
161 1259 127 25 kännedom,
311 1261 30 19 att
363 1259 106 27 åtskilliga
491 1258 198 22 missförhållanden
711 1258 48 21 med
782 1257 101 21 afseende
904 1257 14 21 å

98 1286 271 29 platsförmedlingsbyråer
385 1288 96 20 existera.
510 1287 53 21 Man
579 1286 103 22 behöfver
697 1286 75 21 endast
786 1286 65 20 hafva
861 1286 57 27 gjort

99 1315 132 28 bekantskap
247 1315 47 21 med
311 1322 26 14 en
352 1315 51 21 eller
421 1322 70 14 annan
506 1315 23 21 af
544 1315 54 27 dem,
612 1314 35 22 för
661 1317 32 18 att
708 1314 65 22 blifva
788 1313 127 29 öfvertygad

99 1351 40 19 om,
154 1346 31 19 att
200 1343 37 21 det
251 1346 24 18 är
289 1344 44 21 helt
355 1344 66 21 andra
444 1344 72 26 motiv,
539 1351 45 14 som
606 1343 93 21 dikterat
714 1343 61 21 deras
790 1342 127 26 inrättande,

98 1374 27 19 än
140 1372 148 21 anskaffandet
303 1372 22 22 af
340 1372 84 28 platser.
453 1371 41 29 Jag
516 1372 78 21 förstår
616 1372 48 21 icke
684 1374 31 18 att
730 1371 37 21 det
781 1371 68 21 skulle
864 1377 51 15 vara

98 1401 25 21 så
137 1401 135 28 synnerligen
287 1401 72 28 farligt
373 1404 32 18 att
418 1400 88 29 vidtaga
521 1408 25 14 en
557 1400 154 28 inskränkning
720 1400 7 20 i
737 1399 178 28 näringsfriheten

98 1430 7 19 i
121 1430 36 19 det
172 1437 28 12 nu
216 1429 161 27 ifrågavarande
393 1430 117 23 afseendet,
526 1429 28 20 då
568 1436 48 13 man
632 1429 64 25 begär
711 1431 31 17 att
757 1428 36 20 det
808 1428 54 19 skall
877 1427 39 20 ske

98 1457 49 20 med
162 1456 130 21 Ständernas
315 1456 136 21 medverkan.
481 1457 65 20 Detta
560 1456 39 21 har
614 1455 57 22 skett
685 1455 28 28 på
727 1455 66 21 andra
808 1453 108 27 områden,

99 1485 40 22 och
154 1485 7 21 i
176 1492 80 15 samma
270 1485 49 21 mån
335 1492 45 14 som
395 1484 161 21 förhållandena
570 1483 117 27 utvecklas,
701 1483 41 21 blir
757 1491 47 13 man
819 1486 95 24 tvungen

98 1517 32 18 att
144 1513 28 30 på
186 1513 38 22 allt
239 1514 49 21 flere
311 1513 106 27 områden,
439 1521 45 14 som
509 1515 56 19 ännu
585 1512 36 22 vid
638 1512 158 29 näringslagens
811 1511 106 22 tillkomst
