1098 1806
202 134 55 20 1684
455 139 24 17 R.
492 144 18 12 0.
522 139 22 17 A.
558 139 54 17 1897.
637 139 8 16 1
658 138 53 16 Juni.

172 207 73 28 aktiga
260 207 75 26 beslut,
357 208 39 20 der
416 207 80 21 sädana
517 206 119 26 framträdt,
658 206 68 28 aldrig
744 206 81 28 färgats
847 205 23 21 af
885 206 108 21 bristande

172 236 101 21 inbördes
294 236 90 28 aktning
408 236 77 20 mellan
510 236 58 20 olika
588 234 113 28 tänkande,
724 235 51 21 eller
797 234 89 22 kommit
907 234 32 21 till
960 237 33 18 ut-

172 264 68 28 tryck,
260 265 64 20 innan
344 264 36 22 det
399 264 117 28 försonliga
536 263 205 28 tillmötesgäendets
761 265 88 26 gränser
869 262 124 28 allvarligen

172 292 102 29 pröfvats.

242 320 75 22 Under
333 321 41 21 den
390 321 83 27 gängna
488 320 130 29 landtdagen
631 321 38 21 har
680 320 141 28 Högvördiga
832 320 162 21 Presteständet

172 350 48 21 icke
236 349 60 21 alltid
312 349 58 21 delat
384 350 26 20 R.
425 356 18 14 o.
460 350 36 20 A:s
512 349 137 28 uppfattning
664 348 40 22 och
717 324 132 57 äkääling;
865 356 48 14 men
929 348 65 21 äfven

171 378 39 21 har
224 378 26 21 R.
268 385 18 14 o.
310 378 27 21 A.
355 381 32 18 att
401 379 6 20 i
423 378 47 21 kärt
486 378 40 21 och
540 378 106 21 tacksamt
661 378 70 20 minne
747 377 79 21 bevara
841 378 77 27 många
933 377 60 21 bevis

172 407 29 28 pä
216 409 30 19 ett
260 406 54 28 godt
328 406 141 22 samförständ
484 406 48 21 frän
548 406 141 28 Högvördiga
704 406 172 21 Presteständets
892 405 47 22 sida
953 406 41 21 och

172 438 32 18 ett
226 435 184 28 tillmötesgående
433 436 23 20 af
477 435 27 21 de
527 434 167 29 önskningsmäl,
717 442 45 14 som
785 434 71 22 funnit
878 434 86 28 uttryck
986 435 6 20 i

172 464 26 21 R.
214 472 18 13 o.
248 464 38 21 A:s
302 464 75 21 beslut.

241 492 34 21 De
297 493 99 26 ärenden,
418 500 46 13 som
487 493 55 20 varit
563 492 68 21 denna
651 492 102 27 landtdag
776 492 116 27 förelagda,
907 491 86 22 hafva
981 487 15 36 i

172 521 114 21 allmänhet
307 521 48 21 icke
375 521 49 21 hört
445 522 32 20 till
498 521 54 25 dem,
567 528 45 14 som
627 521 61 28 gifva
703 521 76 27 näring
794 520 22 21 ät
831 520 162 28 partistriderna

172 550 62 27 kring
250 549 75 29 spräk-
340 549 41 21 och
392 549 227 27 nationalitetsfrägan.
649 549 62 21 Dock
722 549 39 22 har
773 549 70 20 denna
854 550 30 20 uti
895 552 31 18 ett
936 550 58 20 inom

172 578 26 21 R.
213 585 19 14 o.
246 579 26 20 A.
288 577 92 28 ingifvet
395 578 210 28 petitionsmemorial
619 578 72 27 bragts
707 577 67 22 under
789 577 131 22 Ständernas
935 577 59 28 pröf-

173 607 57 26 ning.
259 606 84 21 Härvid
366 606 38 21 har
426 605 141 29 Högvördiga
589 606 161 21 Presteständet
770 606 88 21 anslutit
873 607 32 27 sig
920 606 33 21 till
968 613 26 14 en

172 635 139 28 uppfattning
333 635 23 20 af
380 635 57 20 hvad
462 635 82 20 landets
571 635 59 20 bästa
653 635 92 26 kräfver,
770 642 45 13 som
840 635 82 21 afviker
945 635 48 20 frän

172 663 26 21 R.
214 671 18 13 o.
247 664 45 21 A:s.
320 663 148 28 Divergensen
485 663 26 21 de
527 663 68 21 skilda
612 663 96 21 Ständen
723 663 89 21 emellan
827 663 38 21 har
879 666 74 25 grusat
968 671 26 13 en

172 692 24 21 af
210 692 26 21 R.
252 699 18 14 o.
285 693 26 20 A.
327 691 62 28 lifligt
404 692 58 26 närd,
477 691 109 29 uppriktig
601 692 150 28 förhoppning,
766 694 31 19 att
817 691 41 21 den
873 691 121 29 beklagliga

172 721 146 27 spräkstriden
341 728 77 19 genom
442 721 152 28 spräkirägans
618 720 109 22 ordnande
743 722 6 19 i
765 720 122 28 ständerlag
902 721 92 20 omsider

173 749 69 21 skulle
257 749 93 21 mildras.
379 749 32 22 Vi
426 749 53 28 hysa
499 749 33 21 väl
548 749 56 21 dock
620 749 41 20 alla
677 749 40 21 den
733 752 39 23 tro,
787 752 32 18 att
834 749 69 21 denna
919 749 74 28 spräk-

172 778 86 27 frägans
281 778 82 27 utgäng
385 778 43 21 lika
451 778 45 21 litet
519 785 46 14 som
588 777 124 22 differenser
733 779 6 20 i
763 778 65 21 andra
847 777 73 28 frägor
940 778 55 21 skall

172 806 88 28 skingra
275 806 42 27 det,
330 814 45 13 som
391 806 38 21 bör
444 814 51 13 vara
510 806 69 21 enadt.
609 806 32 22 Vi
655 809 75 25 trygga
746 814 35 14 oss
797 807 40 20 alla
846 806 32 21 till
889 806 42 21 den
941 807 53 20 För-

174 842 45 20 syn,
238 842 44 14 som
304 835 104 21 härintills
431 835 45 20 ledt
490 835 41 21 och
546 835 37 21 allt
598 835 106 27 framgent
719 835 54 21 skall
789 835 48 21 leda
853 835 36 20 det
905 835 88 21 odelade

173 863 67 21 finska
255 863 79 22 folkets
350 863 60 21 öden.

242 891 32 27 Ja,
296 893 21 21 vi
340 892 81 28 hoppas
444 891 34 21 för
501 893 64 25 visso,
589 895 30 18 att
637 892 23 20 vi
675 891 61 22 skola
751 892 104 21 förblifva
869 892 68 21 under
952 893 41 20 den

173 920 97 28 Högstes
286 921 104 27 beskärm,
405 923 31 18 att
451 920 43 21 frid
509 921 55 21 skall
578 921 103 21 förunnas
697 920 47 21 vårt
759 921 50 20 land
824 921 40 22 och
879 920 52 22 folk.
961 921 33 28 Ty

173 949 43 21 frid
232 951 22 19 är
270 949 41 21 den
326 948 102 29 jordmån,
444 957 24 12 ur
483 949 88 22 hvilken
587 949 97 28 varaktig
699 949 60 21 frukt
774 949 54 22 skall
843 951 105 27 uppväxa.

242 977 141 29 Högvördiga
398 977 162 22 Presteständet
575 980 22 19 är
612 977 124 22 fridslärans
752 978 129 21 förkunnare
897 978 38 21 hos
947 978 47 22 värt

174 1006 53 22 folk.
257 1006 35 21 Dä
307 1007 83 21 landets
406 1009 169 25 representanter
595 1008 6 20 i
623 1007 43 27 dag
688 1007 73 28 skiljas
783 1007 22 21 ät
819 1008 33 20 för
867 1009 31 19 att
914 1007 80 22 enhvar

174 1035 74 28 återgå
268 1035 33 21 till
320 1036 38 20 sitt
381 1035 42 22 kall
447 1036 6 19 i
476 1035 116 26 samhället,
615 1036 32 20 får
667 1035 26 21 R.
713 1043 18 14 o.
749 1037 26 20 A.
790 1037 7 20 i
813 1037 31 20 sin
861 1035 134 23 vördsamma

174 1063 188 29 afskedshelsning
376 1065 32 20 till
424 1064 142 28 Högvördiga
581 1064 162 21 Presteständet
757 1065 100 21 tillönska
874 1065 49 21 dess
938 1065 59 20 med-

173 1093 91 21 lemmar
278 1092 52 21 hvar
345 1094 7 19 i
368 1093 32 21 sin
416 1092 47 22 stad
480 1093 56 20 kraft
558 1093 40 21 och
614 1093 128 28 välsignelse
758 1096 32 18 att
805 1094 65 21 verka
885 1093 35 21 för
935 1093 61 21 deras

173 1121 56 28 höga
251 1121 91 28 uppgift.
379 1121 52 22 Med
454 1121 68 21 denna
545 1121 98 28 helsning
666 1121 62 21 utber
750 1123 33 26 sig
804 1122 26 21 R.
853 1129 18 14 o.
887 1123 26 20 A.
929 1125 30 18 att
974 1122 23 21 fä

175 1157 51 14 vara
242 1150 120 21 inneslutna
381 1151 3 20 i
400 1150 155 27 Högtvördade
570 1150 35 21 Hr
614 1151 109 27 Biskopen
737 1151 40 20 och
787 1151 143 21 Talmannens
941 1154 56 17 samt

175 1178 145 28 Högvördiga
335 1178 173 22 Presteständets
523 1182 78 25 ynnest
617 1179 39 21 och
671 1178 133 22 fortfarande
819 1180 92 27 välvilja.

241 1235 63 21 Talet
319 1235 32 21 till
366 1235 180 28 Borgareständet
563 1237 108 27 upplästes
687 1237 22 20 af
724 1236 57 21 Frih.
797 1237 26 20 O.
839 1237 25 21 A.
880 1237 116 26 Wrede,

172 1263 25 21 sä
213 1263 103 29 lydande:

286 1349 101 26 Högädle
402 1349 34 20 Hr
450 1349 100 21 Talman!
580 1349 117 28 Vällofliga
712 1350 169 27 Borgareständ!

241 1403 11 22 I
263 1403 42 22 den
316 1404 86 27 vänliga
412 1405 210 28 välkomsthelsning,
633 1412 45 14 som
689 1405 180 28 Borgareständet
881 1406 35 21 vid
926 1407 70 20 landt-

179 1432 80 27 dagens
276 1433 72 28 början
365 1433 83 20 riktade
462 1433 33 20 till
509 1433 26 21 R.
551 1441 18 14 o.
584 1434 33 26 A.,
631 1434 94 21 uttalade
741 1434 180 29 Borgareständet
932 1435 63 21 bland

175 1464 65 18 annat
263 1461 42 21 den
328 1461 144 28 förhoppning
495 1465 31 18 att
549 1463 53 21 1897
618 1462 35 21 ärs
669 1463 143 21 ständermöte
828 1463 67 22 skulle
911 1464 85 21 komma

175 1492 32 19 att
222 1489 80 22 erhålla
317 1498 26 13 en
359 1497 69 14 annan
443 1491 100 20 karaktär
558 1493 27 19 än
600 1491 27 20 de
642 1491 179 28 nästföregäende
836 1491 159 30 landtdagarna,

175 1519 8 20 i
198 1518 37 21 det
250 1521 31 18 att
301 1519 243 28 folkrepresentanterna
559 1527 34 19 nu,
609 1527 56 14 mera
681 1520 86 21 odeladt
782 1523 27 19 än
823 1520 51 27 förr,
889 1521 68 22 skulle
973 1522 22 21 fä
