1086 1789
313 131 255 22 Järnvägsbyggnaderna
579 133 8 16 i
599 132 76 17 landet.
819 127 55 20 1083

81 199 197 22 undertecknarene
287 199 23 21 af
317 199 42 22 den
367 199 66 22 första
441 201 159 20 reservationen
611 200 99 21 betonats
721 200 41 21 den
773 200 130 29 omständig-

80 228 72 26 heten,
171 230 31 18 att
216 227 42 22 den
275 228 60 25 bana,
350 235 45 14 som
411 228 38 21 här
464 229 83 20 komme
562 229 32 20 till
609 229 119 25 utförande,
743 229 69 21 skulle
828 231 74 26 utgöra

81 263 27 14 en
123 256 50 21 länk
188 257 30 19 uti
235 263 25 14 en
276 256 168 28 samfärdselväg
460 257 88 20 emellan
564 256 190 29 Sverige-Norge
770 257 13 21 ä
793 265 39 13 ena
841 257 61 22 sidan

79 284 43 21 och
143 284 167 28 Kejsaredömet
332 284 13 21 å
366 284 42 21 den
431 284 66 21 andra
519 285 40 21 och
574 287 31 19 att
620 285 151 28 sträckningen
787 285 22 21 af
824 286 79 27 ifråga-

80 312 94 21 varande
188 313 89 27 jernväg
292 312 73 21 derför
380 312 66 22 borde
462 313 67 21 blifva
544 313 65 21 sådan
626 315 31 19 att
669 313 70 21 denna
749 313 153 22 transitotrafik

78 341 71 21 skulle
159 341 67 21 blifva
236 340 28 28 på
278 341 60 21 bästa
350 343 42 19 sätt
399 341 150 27 tillgodosedd.
567 341 42 28 Jag
617 349 51 14 vore
676 341 81 21 frestad
769 345 31 18 att
812 343 51 27 säga
871 344 32 19 att

80 377 49 13 man
143 369 6 21 i
165 369 59 21 detta
237 377 155 20 resonnemang
400 377 33 13 om
443 377 26 12 en
477 370 151 21 transitotrafik
637 370 22 21 af
667 377 25 13 en
702 377 77 20 mygga
791 370 76 28 skapat
875 378 27 13 en

80 397 75 22 kamel.
179 397 37 22 Uti
231 397 124 22 Utskottets
369 397 133 22 betänkande
514 398 97 27 angifvas
623 398 75 25 siffror,
707 405 46 14 som
765 399 72 27 belysa
847 401 55 19 stor-

78 426 64 21 leken
158 426 23 21 af
193 426 41 21 den
245 426 68 26 trafik,
324 433 45 14 som
380 434 50 20 eger
439 434 46 13 rum
496 427 77 20 mellan
583 426 73 28 Norge
667 427 41 21 och
718 427 113 28 Ryssland,
843 429 59 19 näm-

79 454 57 28 ligen
160 457 30 19 ett
212 454 131 29 varubelopp
365 455 23 20 af
402 455 90 26 200,000
507 457 43 19 ton.
580 455 90 27 200,000
685 458 37 18 ton
738 457 23 19 är
775 456 22 27 ju
813 463 25 14 en
853 456 48 21 icke

77 483 27 21 sä
124 483 87 21 alldeles
234 483 109 28 obetydlig
365 483 63 26 siffra,
451 484 66 21 ehuru
539 483 40 22 den
603 483 56 22 dock
677 485 47 20 icke
739 485 24 20 är
778 491 44 14 mer
837 486 25 19 än
874 486 27 25 2/,

77 511 26 21 af
124 511 145 28 godstrafiken
289 511 49 22 från
354 512 41 21 och
409 512 32 21 till
456 512 138 28 Helsingfors
610 513 40 20 och
665 512 84 21 Sörnäs.
780 513 121 21 Anmärkas

77 539 41 22 bör
140 540 55 21 dock
218 543 31 18 att
271 540 27 21 de
319 540 101 29 kalkyler,
442 548 46 14 som
509 541 66 21 finnas
591 541 90 21 anförda
695 541 31 21 uti
741 542 159 21 reservationen

77 569 43 20 N:o
131 570 12 20 1
154 569 41 21 och
205 576 77 21 genom
293 569 72 21 hvilka
375 572 161 18 reservanterne
545 570 53 21 söka
609 569 129 28 ädagalägga
752 572 31 18 att
793 569 108 28 ifrägava-

77 597 67 22 rande
157 597 152 22 transitotrafik
324 597 68 22 skulle
406 598 22 21 af
441 599 115 27 jernvägen
571 598 95 28 betjenas
680 598 95 28 billigare
784 599 27 20 än
821 605 77 21 genom

76 626 180 28 sjöförbindelsen
278 626 89 21 emellan
383 626 72 29 Norge
478 627 41 21 och
540 627 113 28 Ryssland,
668 627 90 21 hänföra
777 627 32 27 sig
824 627 32 21 till
872 627 27 21 de

79 655 132 26 fraktsatser,
226 662 45 14 som
287 657 36 19 äro
339 655 99 28 gällande
453 655 68 22 under
533 655 166 22 vinterhalfäret.
728 656 32 21 Af
770 655 47 21 hela
829 655 70 22 denna

77 683 62 22 trafik
161 683 42 21 kan
225 683 83 22 säledes
331 683 47 22 icke
399 687 60 24 tagas
480 685 7 20 i
503 683 139 22 betraktande
657 691 45 14 mer
717 686 26 19 än
759 684 41 21 den
816 684 81 21 mindre

76 711 37 23 del
136 711 67 27 deraf,
225 719 45 14 som
291 711 68 22 under
380 713 84 20 vintern
488 720 49 20 eger
551 720 52 19 rum,
617 716 24 24 ty
656 712 64 21 äfven
735 715 162 19 reservanterne

77 739 61 22 torde
153 741 35 20 väl
203 740 65 21 hafva
287 741 102 20 förutsatt
403 743 32 18 att
450 741 200 22 sommarfrakterna
665 743 37 19 äro
717 741 24 21 sä
756 741 84 28 mycket
852 741 44 21 för-

77 769 137 28 delaktigare,
229 771 32 19 att
270 770 116 28 jernvägen
396 769 48 21 icke
452 769 72 22 kunde
532 769 130 22 konkurrera
670 769 49 22 med
729 770 102 28 sjöfarten
843 777 56 14 som-

77 797 82 22 martid.
191 797 82 22 Vidare
295 798 62 21 ställa
371 801 161 18 reservanterne
548 801 57 19 emot
619 798 120 21 hvarandra
754 798 13 21 å
782 805 39 14 ena
837 798 62 21 sidan

76 826 203 21 fraktkostnaderna
297 834 38 21 per
349 827 89 28 jernväg
452 827 50 20 frän
517 827 82 22 Ofoten
614 827 36 21 via
665 827 85 21 Torneä
764 827 33 21 till
812 827 85 21 Peters-

77 855 54 28 burg
147 855 40 21 och
202 855 12 20 å
230 855 66 21 andra
311 855 61 22 sidan
389 855 101 28 sjövägen
506 855 56 22 ifrån
577 855 74 28 Norge
667 855 31 21 till
713 855 69 22 Reval
797 855 41 22 och
849 855 48 21 der-

77 883 56 22 ifrän
156 891 37 21 per
214 884 89 27 jernväg
318 884 32 21 till
366 884 135 28 Petersburg.
531 884 84 22 Härvid
632 884 39 21 bör
685 883 56 22 dock
756 884 95 26 beaktas,
866 886 31 19 att

76 913 22 28 ju
121 912 48 22 icke
190 912 28 21 all
234 912 69 21 denna
319 913 60 20 trafik
395 913 89 21 emellan
499 913 71 28 Norge
586 913 41 21 och
641 912 108 29 Ryssland
764 913 37 21 har
817 914 31 20 sin
864 916 33 17 ut-

75 941 139 28 gängspunkt
229 941 8 20 i
252 940 89 27 Ofoten,
356 944 50 18 utan
422 943 32 18 att
469 949 27 13 en
511 944 44 18 stor
570 941 35 22 del
620 941 23 21 af
657 941 77 28 godset
749 941 67 22 mäste
827 946 69 17 trans-

76 973 96 24 porteras
194 969 32 21 dit
244 969 91 28 sjöledes
358 970 48 21 frän
425 969 67 21 andra
507 973 60 18 orter.
597 970 43 21 Till
655 969 27 22 de
697 969 24 22 af
734 973 162 18 reservanterne

76 998 91 21 anförda
188 997 99 22 siffrorna
307 998 85 21 komma
407 998 89 22 sålunda
511 1001 112 26 yttermera
639 999 32 20 till
686 998 92 22 nackdel
793 998 34 21 för
841 999 56 28 jern-

76 1028 189 27 vägstransporten
289 1034 25 13 en
336 1027 91 21 kostnad
450 1026 34 21 för
507 1028 166 27 sjötransporten
695 1027 32 20 till
747 1027 88 21 Ofoten.
865 1027 33 20 På

75 1055 71 28 grund
169 1055 61 22 deraf
252 1055 34 21 får
307 1055 24 21 af
345 1055 41 22 den
401 1056 41 26 del,
457 1063 45 13 som
518 1056 99 28 möjligen
634 1056 66 27 enligt
716 1055 36 21 det
767 1055 130 28 föregående

76 1083 55 22 hade
154 1083 99 22 återstått
275 1084 22 21 af
320 1084 27 21 de
362 1084 163 28 ifrågavarande
541 1085 89 26 200,000
645 1087 44 22 ton,
704 1083 95 28 återigen
814 1087 60 24 tagas
890 1085 7 20 i

77 1112 139 22 betraktande
239 1112 76 21 endast
337 1120 26 13 en
383 1112 81 22 mindre
480 1112 41 26 del,
536 1112 19 21 d.
571 1120 19 13 v.
606 1120 17 13 s.
638 1112 47 27 den,
701 1120 45 13 som
761 1112 39 21 har
815 1113 32 20 sin
863 1120 35 13 ur-

76 1143 126 25 sprungsort
217 1142 6 20 i
239 1141 86 25 trakter,
340 1148 45 14 som
400 1142 58 27 ligga
473 1142 51 20 nära
539 1142 126 27 jernvägens
681 1140 117 28 ändpunkt,
807 1140 88 21 Ofoten.

76 1168 125 22 Detsamma
216 1170 40 20 blir
271 1169 143 21 förhållandet
429 1170 49 20 med
490 1169 40 21 den
541 1169 66 21 andra
617 1169 138 29 ändpunkten
766 1169 69 21 Reval
847 1169 51 21 eller

75 1199 79 19 rättare
176 1198 135 27 Petersburg.
342 1198 43 21 Det
407 1200 23 18 är
450 1198 105 27 nämligen
575 1198 116 27 långtifrån
714 1197 60 21 fallet
796 1200 31 18 att
849 1197 48 21 hela

75 1226 89 21 trafiken
187 1226 90 21 emellan
297 1226 73 28 Norge
385 1226 41 22 och
440 1226 107 28 Ryssland
563 1226 38 21 har
616 1227 32 20 sin
664 1226 111 28 slutpunkt
789 1226 7 20 i
812 1225 85 21 Peters-

76 1254 63 28 burg;
162 1256 93 20 tvärtom
275 1254 38 28 går
329 1256 66 20 större
410 1254 62 22 delen
488 1254 22 22 af
526 1254 69 21 denna
610 1254 61 21 trafik
686 1254 91 28 troligen
792 1254 31 20 till
840 1256 58 18 orter

75 1283 8 20 i
105 1282 38 21 det
163 1283 45 21 iure
231 1283 23 21 af
275 1282 113 29 Ryssland.
418 1283 42 21 Till
483 1283 41 21 den
547 1282 22 22 af
590 1286 160 18 reservanterne
774 1282 121 21 beräknade

76 1311 177 21 transitofrakten
271 1319 39 21 per
324 1312 88 27 jernväg
428 1312 95 20 kommer
538 1311 61 21 alltså
615 1314 30 18 ett
660 1312 48 27 plus
723 1312 7 20 i
745 1310 151 22 fraktkostnad

77 1339 48 21 från
140 1339 130 29 Petersburg
285 1340 32 21 till
332 1340 37 20 det
383 1340 45 20 inre
443 1340 114 28 Ryssland,
572 1340 6 20 i
594 1339 54 28 följd
663 1340 76 20 hvaraf
754 1339 23 21 af
787 1338 41 21 den
839 1338 58 21 förra

77 1368 43 21 lilla
137 1368 115 21 bråkdelen
273 1368 95 28 återigen
383 1368 41 21 kan
440 1371 60 25 tagas
515 1370 8 19 i
535 1368 139 21 betraktande
685 1368 76 20 endast
772 1374 26 14 en
810 1367 87 21 bråkdel

77 1396 34 22 för
126 1396 41 22 den
183 1397 67 25 trafik,
265 1404 45 14 som
326 1399 60 25 tager
400 1398 70 26 vägen
485 1397 32 21 till
533 1396 134 28 Petersburg.
697 1396 94 22 Sålunda
807 1398 44 18 tror
861 1396 36 27 jag

76 1427 32 18 att
123 1424 23 20 af
161 1426 62 19 dessa
238 1426 90 24 200,000
343 1427 38 17 ton
396 1425 39 20 sist
450 1424 41 21 och
502 1425 99 26 slutligen
611 1427 31 17 ett
652 1424 85 27 mycket
747 1425 61 26 ringa
820 1424 77 27 belopp

77 1451 96 27 återstår,
194 1460 46 13 som
263 1460 38 20 per
321 1453 89 27 jernväg
432 1452 71 21 kunde
523 1452 84 21 komma
622 1454 31 18 att
668 1454 155 25 transporteras
836 1451 62 21 öfver

77 1480 98 22 Finland.
205 1480 44 22 Det
271 1480 71 29 frågas
358 1480 36 22 då:
417 1480 53 22 skall
486 1488 48 13 man
549 1479 37 23 vid
602 1479 123 29 byggandet
739 1479 23 21 af
776 1479 52 22 våra
842 1480 57 27 jern-

77 1511 67 27 vägar
158 1512 50 26 taga
222 1510 82 28 hänsyn
319 1510 34 21 till
368 1508 40 22 den
423 1509 126 27 trafikvinst,
564 1516 45 14 som
625 1508 23 22 af
663 1508 69 22 denna
745 1508 154 22 transitotrafik
