1086 1798
206 140 54 20 1330
460 146 24 16 R.
498 150 16 12 o.
527 146 22 16 A.
563 146 53 17 1897.
641 147 22 16 19
676 146 47 20 Maj.

176 213 73 21 tillåtit
256 214 43 26 mig
307 213 56 21 kalla
370 213 129 28 diagonalen.
516 214 52 20 Med
576 217 31 17 ett
613 214 45 26 ord,
665 214 231 28 meningsdivergensen
904 214 89 20 emellan

177 242 26 20 de
218 241 48 29 fyra
280 241 94 21 Ständen
389 244 23 18 är
426 241 72 21 alltför
512 245 42 18 stor
568 242 33 21 för
612 245 32 18 att
655 250 25 13 en
690 242 201 28 sammanjemkning
901 242 22 21 af
934 242 59 21 detta

177 270 45 28 slag
237 270 67 21 skulle
319 269 47 21 föra
379 270 33 20 till
427 270 63 28 nägot
504 271 91 21 resultat.

246 298 70 21 Alltså
335 298 71 21 ställer
426 299 32 27 sig
476 298 72 29 frågan
563 307 27 13 nu
605 299 96 21 sålunda:
718 299 52 21 skall
785 299 72 28 hvarje
872 298 73 22 försök
960 302 32 18 att

177 327 146 21 ästadkomma
338 334 26 14 en
380 327 125 29 uppgörelse
523 328 88 21 emellan
627 328 94 20 Ständen
734 328 31 20 uti
775 328 137 28 spräkfrägan
923 328 69 20 säsom

177 356 89 28 hopplös
288 355 23 21 fä
332 355 98 21 förfalla?
458 356 67 21 Detta
547 356 66 21 skulle
635 356 55 21 dock
712 364 51 13 vara
777 356 79 28 ganska
870 356 122 28 beklagligt.

178 384 51 21 Men
251 384 41 21 den
315 384 53 21 enda
390 386 69 26 utväg,
477 392 44 13 som
536 384 27 22 dä
577 384 94 27 äterstär,
687 392 60 21 synes
762 386 43 26 mig
819 392 51 14 vara
885 388 31 18 att
947 387 46 18 Stän-

178 413 65 21 derna
261 412 82 22 besluta
358 420 25 13 en
397 414 89 27 petition
501 413 76 26 derom,
587 416 31 18 att
632 413 61 21 Hans
708 414 101 27 Majestät
823 414 49 21 ville
887 413 33 21 till
935 416 59 18 nästa

178 441 101 28 landtdag
300 441 116 28 framlägga
438 449 26 13 en
485 442 63 28 nådig
577 442 113 28 proposition
704 443 8 19 i
727 444 76 24 ämnet,
817 442 86 21 hvilken
918 450 76 27 propo-

179 471 62 20 sition
262 470 65 21 borde
362 470 108 21 genomföra
492 470 173 29 likställighetens
679 470 112 28 grundsats
805 470 77 22 mellan
897 470 26 22 de
938 470 56 22 bäda

179 498 90 29 spräken
290 498 37 21 vid
364 506 44 14 deras
426 499 133 29 användning
573 499 36 21 vid
624 499 114 21 domstolar
752 499 40 21 och
807 499 133 22 embetsverk
954 499 40 21 och

179 527 37 21 vid
234 527 85 21 hvilken
334 528 139 27 propositions
488 528 133 28 uppgörande
636 528 65 21 borde
716 528 88 21 beaktas
819 528 26 20 de
861 528 134 28 synpunkter,

179 563 45 13 som
246 556 65 20 under
332 555 84 29 frågans
433 556 127 28 behandling
581 556 36 22 vid
638 556 141 21 innevarande
793 556 102 28 landtdag
908 556 87 22 uttalats

179 585 55 21 inom
250 584 27 21 de
291 584 70 21 skilda
375 584 99 21 Ständen.
498 585 41 28 Jag
553 585 41 21 kan
604 585 61 21 alltså
680 586 7 20 i
702 585 120 21 hufvudsak
829 584 74 23 förena
910 586 43 27 mig
960 592 35 14 om

179 613 33 21 Hr
227 613 118 21 Mechelins
359 613 85 28 förslag,
458 621 47 13 men
520 614 66 21 håller
600 613 55 21 dock
669 613 53 26 före,
736 616 32 18 att
783 616 31 18 ett
825 613 75 21 sådant
909 614 85 28 specifi-

179 641 90 22 cerande
287 641 22 21 af
324 641 27 21 de
366 641 68 21 skilda
449 642 122 27 punkterna,
585 649 44 14 som
644 642 35 21 Hr
692 642 108 21 Mechelin
814 641 115 29 föreslagit,
943 642 52 21 kan-

179 670 70 21 hända
269 670 48 21 icke
339 677 49 14 vore
411 669 50 22 fullt
477 671 100 28 lämpligt.
606 670 82 28 Sjelfva
702 671 49 20 idén
766 678 34 13 om
815 673 31 18 att
861 670 87 22 sålunda
961 673 34 18 ut-

180 699 63 21 bedja
256 699 32 28 sig
302 699 134 28 proposition,
451 707 33 12 om
496 701 26 19 än
534 703 50 18 utan
595 701 94 19 närmare
702 699 127 28 angifvande
841 699 22 21 af
874 699 120 27 innehållet,

180 729 23 19 är
217 707 34 41 för
265 728 44 27 mig
323 727 55 21 dock
393 727 79 28 ganska
486 728 143 28 tilldragande.

248 756 62 21 Visst
324 755 68 22 kunna
408 755 94 22 häremot
516 758 61 26 göras
592 757 155 28 invändningar.
777 757 52 21 Man
841 757 40 21 kan
895 757 99 21 anmärka

180 788 32 18 att
225 784 62 21 Hans
302 784 100 28 Majestät
416 785 48 20 icke
479 785 59 21 torde
553 785 96 21 befinnas
664 785 59 28 villig
738 789 31 18 att
784 785 65 22 afläta
859 786 136 28 proposition,

180 813 28 21 dä
222 814 8 20 i
245 813 102 22 anseende
362 813 31 21 till
410 813 127 22 Ständernas
551 822 27 13 nu
588 814 84 28 yppade
682 815 98 28 oenighet
791 815 60 20 ringa
861 815 65 27 utsigt
938 814 56 21 före-

180 842 69 21 finnes
271 845 32 18 att
324 841 68 22 denna
414 843 128 28 proposition
557 843 53 20 skall
625 843 65 21 varda
705 846 94 18 antagen.
844 843 37 21 Men
896 843 100 21 tänkbart

181 873 23 19 är
221 871 22 28 ju
258 874 32 18 att
303 870 68 29 någon
386 871 92 29 antaglig
493 871 142 22 kombination
650 871 70 22 kunde
734 871 103 29 päfinnas,
851 872 61 26 helst,
927 871 68 22 såsom

180 899 34 21 Hr
228 899 108 22 Mechelin
351 899 64 22 redan
430 899 104 27 framhöll,
547 901 8 20 i
570 900 106 28 ätskilliga
688 902 81 27 vigtiga
778 901 91 29 punkter
879 900 117 22 Ständerna

180 930 8 20 i
210 928 75 29 sjelfva
307 928 74 22 verket
402 931 36 19 äro
460 936 53 14 ense.
542 929 12 21 I
576 929 41 21 alla
639 929 37 21 fall
698 930 67 21 skulle
781 938 25 13 en
821 930 78 21 vacker
912 925 86 58 uppgift

181 958 102 28 föreligga
298 957 81 21 landets
395 957 98 29 Styrelse,
508 966 26 13 en
548 958 90 28 uppgift,
653 966 43 13 som
712 958 33 21 för
760 958 121 22 densamma
891 958 38 22 borde
945 962 51 17 ut-

181 988 51 26 göra
247 993 26 14 en
287 987 84 27 maning
386 989 31 18 att
430 989 111 25 anstränga
553 987 27 21 all
591 988 31 20 sin
632 986 237 30 uppfinningsförmåga.
889 987 109 21 Måhända

181 1015 42 21 kan
239 1015 199 28 sinnesstämningen
453 1015 36 21 vid
504 1017 59 19 nästa
577 1015 101 28 landtdag
692 1024 51 13 vara
757 1016 85 28 lugnare
857 1018 25 19 än
893 1024 33 13 nu.
948 1016 47 20 Den

182 1043 67 21 skulle
269 1043 45 21 helt
335 1043 71 21 säkert
427 1051 50 13 vara
492 1044 37 20 det
542 1044 66 21 under
623 1051 26 13 en
664 1044 157 28 förutsättning,
835 1052 44 14 som
895 1044 54 22 dock
964 1048 33 24 ty-

182 1074 48 19 värr
249 1072 104 21 sannolikt
374 1072 47 21 icke
444 1072 52 21 skall
514 1072 93 27 inträffa,
621 1073 104 27 nämligen
741 1073 40 21 den
796 1076 32 18 att
842 1073 38 21 vår
893 1073 103 28 tidnings-

181 1108 60 21 press
255 1100 66 21 under
335 1100 27 21 de
377 1100 28 26 år,
420 1108 44 13 som
478 1104 92 18 närmast
585 1101 80 27 stunda,
680 1102 67 20 skulle
761 1109 58 14 mera
833 1102 75 21 beflita
920 1103 32 27 sig
964 1109 33 13 om

181 1128 126 27 hofsamhet,
321 1129 134 27 objektivitet
469 1130 39 20 och
523 1129 87 29 aktning
624 1130 34 20 för
673 1130 74 21 andras
763 1130 140 28 öfvertygelse
915 1132 26 19 än
953 1138 44 13 som

181 1158 8 20 i
204 1157 114 21 allmänhet
332 1158 72 28 plägar
418 1158 96 21 utmärka
530 1158 125 21 densamma.
678 1158 151 22 Förhållandet
843 1161 23 19 är
879 1161 72 26 tyvärr
966 1158 32 22 så-

182 1186 57 26 dant,
258 1189 31 17 att
311 1187 8 19 i
340 1186 81 21 landets
440 1186 151 29 tidningspress
607 1187 25 21 de
647 1187 99 28 ytterliga
761 1188 237 28 meningsfraktionerna

182 1218 57 17 snart
254 1214 61 28 sagdt
329 1214 138 26 uteslutande,
482 1215 50 21 eller
546 1215 125 21 åtminstone
686 1215 155 28 öfvervägande
856 1216 65 21 hafva
934 1216 64 26 talan,

182 1243 66 21 under
258 1243 36 21 det
304 1246 32 18 att
343 1242 26 22 de
377 1250 57 14 mera
442 1243 143 21 förmedlande
593 1244 113 26 opinioner,
714 1252 44 13 som
767 1244 63 21 äfven
837 1244 115 21 förefinnas
959 1244 38 21 hos

182 1271 146 26 allmänheten,
336 1271 36 21 der
382 1271 50 28 föga
439 1274 51 25 göra
498 1272 32 27 sig
536 1272 101 27 gällande.
653 1272 72 21 Skulle
733 1272 62 22 dessa
802 1272 144 21 förmedlande
954 1274 45 26 opi-

183 1300 72 20 nioner
276 1299 22 21 få
313 1306 57 14 mera
384 1300 68 26 insteg
467 1300 39 20 och
521 1307 57 13 mera
592 1300 109 28 betydelse
716 1302 7 19 i
737 1308 86 20 pressen
839 1303 26 18 än
879 1301 81 25 hittills,
976 1300 23 21 så

184 1328 66 20 skulle
272 1327 45 21 helt
338 1327 70 21 säkert
429 1328 59 26 långt
502 1336 57 12 mera
573 1329 65 26 utsigt
652 1328 69 20 finnas
735 1329 35 19 för
784 1332 32 16 att
831 1329 117 20 Ständerna
963 1328 37 20 vid

183 1362 25 13 en
230 1354 125 21 kommande
376 1354 101 28 landtdag
497 1355 69 21 kunde
589 1355 84 21 komma
692 1356 33 20 till
740 1356 85 28 enighet
839 1357 7 20 i
861 1356 138 21 förevarande

182 1382 65 29 fråga.
276 1382 52 21 Men
343 1382 58 21 detta
415 1382 55 22 blott
484 1384 7 19 i
506 1383 141 28 förbigående.

251 1411 34 21 En
300 1412 66 27 vigtig
380 1411 117 28 principiell
514 1411 110 29 synpunkt,
638 1412 87 21 hvarför
739 1413 117 21 Ständerna
868 1421 26 13 nu
907 1413 51 21 böra
968 1413 32 20 af-

182 1440 59 29 gifva
263 1447 26 14 en
310 1441 90 28 petition
413 1440 49 21 med
477 1440 96 21 anhållan
587 1448 33 14 om
635 1442 129 27 proposition
776 1442 33 21 till
821 1444 60 19 nästa
892 1441 107 29 landtdag,

183 1477 61 20 synes
261 1470 44 27 mig
319 1476 50 14 vara
384 1469 46 26 den,
446 1472 32 18 att
492 1472 31 18 ett
537 1469 74 22 sådant
625 1470 107 21 uttalande
747 1470 48 21 från
810 1471 128 21 Ständernas
953 1471 45 20 sida

183 1498 67 21 skulle
272 1497 100 22 innebära
394 1501 30 18 ett
446 1497 105 22 bestämdt
571 1498 133 22 erkännande
723 1499 22 21 af
760 1499 41 22 den
815 1500 138 28 grundsatsen
968 1502 32 19 att

183 1527 74 28 frågan
279 1526 38 22 bör
339 1527 54 20 lösas
416 1527 74 21 endast
511 1534 74 21 genom
601 1535 25 14 en
641 1528 119 29 ständerlag
774 1529 40 20 och
829 1529 47 21 icke
891 1529 27 28 på
933 1537 67 13 annan
