1084 1795
406 132 198 32 Folkhögskolorna.
833 133 52 21 1207

409 207 195 28 Folkhögskolorna.

163 263 43 21 Till
222 263 58 21 detta
294 264 85 28 plenum
395 264 54 21 hade
466 265 107 28 bordlagts
589 264 40 22 och
645 264 110 28 föredrogs

163 320 175 21 Statsutskottets
361 321 134 21 betänkande
517 321 41 21 N:o
579 322 24 19 11
621 322 5 19 i
643 321 114 28 anledning
772 321 23 21 af
810 321 104 21 särskilda

94 350 56 20 inom
173 349 91 26 Preste-,
286 349 104 28 Borgare-
412 349 39 21 och
473 349 167 22 Bondestånden
663 349 119 22 inlemnade
802 350 112 28 petitions-

94 378 79 28 förslag
196 385 34 14 om
245 377 117 22 anvisande
377 377 23 22 af
415 378 69 21 medel
499 378 34 21 för
548 378 115 22 understöd
680 378 21 21 åt
716 378 83 22 landets
814 378 99 29 folkhög-

95 407 77 21 skolor.

161 465 107 21 Debatten
284 465 96 21 inleddes
396 465 22 21 af

160 523 35 20 Hr
210 523 55 27 Aug.
280 523 124 27 Ramsay,
420 530 44 14 som
480 523 94 27 yttrade:
591 523 41 21 Till
643 522 123 22 Utskottets
779 522 133 21 betänkande

92 551 66 21 finnes
174 551 66 28 fogad
256 559 25 13 en
296 552 137 27 reservation,
448 551 68 21 under
530 551 87 21 hvilken
634 551 63 21 äfven
715 552 35 27 jag
770 551 85 21 skrifvit
865 552 48 20 mitt

92 587 69 15 namn,
184 579 40 22 och
247 579 33 22 får
302 580 34 28 jag
359 579 109 22 vördsamt
483 579 85 22 förorda
585 580 69 21 denna
669 580 32 21 till
716 580 58 21 detta
789 580 123 28 Höglofliga

92 608 79 21 Ständs
187 608 125 28 antagande.
342 609 170 21 Reservanterne
528 608 70 29 åsyfta
609 609 5 20 i
626 609 122 20 hufvudsak
759 616 80 13 samma
847 609 66 20 ända-

92 637 42 21 mål
156 645 44 13 som
225 637 121 22 Utskottets
369 637 113 28 pluralitet,
503 637 19 21 d.
543 645 19 13 v.
583 645 16 14 s.
614 640 31 18 att
660 637 47 21 med
723 637 105 21 allmänna
843 637 69 21 medel

92 665 75 29 främja
189 665 167 28 folkhögskolor,
378 673 45 14 som
445 665 27 28 gå
495 667 5 20 i
524 666 97 27 praktisk
635 666 100 27 riktning.
765 666 12 21 I
792 665 120 22 ändamålet

91 694 48 22 med
156 695 204 28 petitionsförslaget
375 695 114 27 föreligger
504 695 89 21 sålunda
609 695 46 20 icke
666 695 69 27 någon
747 694 105 27 differens,
863 701 48 14 men

92 723 88 22 emellan
197 723 41 22 den
254 723 60 27 form,
330 723 68 22 under
412 723 87 22 hvilken
516 723 110 22 Utskottet
641 723 98 21 förordar
748 723 115 22 understöd
877 723 35 21 för

92 752 166 28 folkhögskolor,
269 753 40 21 och
320 753 41 21 den
372 752 62 25 form,
446 756 160 17 reservanterne
622 752 70 21 funnit
703 751 208 28 ändamålsenligare,

90 781 116 28 föreligger
231 789 25 13 en
278 781 112 22 åtskilnad.
420 781 170 21 Reservanterne
613 789 50 13 anse
687 784 30 17 att
739 781 116 21 understöd
878 781 33 20 till

91 809 167 28 folkhögskolor,
274 810 72 21 hvilka
362 811 73 20 arbeta
450 811 6 19 i
473 810 96 28 praktisk
585 810 99 27 riktning,
700 809 38 22 bör
750 809 50 28 utgå
811 809 45 21 från
869 809 41 22 den

91 841 55 25 post,
168 846 44 13 som
236 839 106 20 allaredan
366 838 66 21 finnes
455 839 83 20 anvisad
559 839 34 20 för
608 838 181 28 understödjande
805 838 22 21 af
841 838 70 21 landt-

90 874 87 14 manna-
200 867 40 21 och
258 867 203 25 husmodersskolor,
476 867 72 21 hvilka
563 868 21 27 ju
601 867 5 20 i
622 867 122 21 hufvudsak
760 868 35 19 äro
811 867 100 27 folkhög-

91 895 72 22 skolor
178 896 5 19 i
200 895 96 28 praktisk
311 896 100 27 riktning,
440 895 114 22 Utskottet
569 902 62 14 anser
645 899 31 17 att
691 895 100 21 särskildt
802 895 73 27 anslag
885 903 26 13 ur

92 923 197 29 bevillningsmedel
305 924 39 21 bör
359 925 84 21 anvisas
458 925 35 20 för
508 924 140 21 förevarande
663 923 103 22 ändamål.
787 923 42 22 Om
843 931 29 13 nu
884 931 26 14 en

91 952 106 22 åtskilnad
220 954 7 19 i
250 953 168 26 anslagsformen
440 955 68 26 göres,
531 953 24 21 så
575 952 70 21 kunde
661 960 48 13 man
725 953 38 20 lätt
779 952 84 21 komma
878 953 33 20 till

91 981 41 22 den
156 981 137 29 uppfattning
313 984 31 19 att
366 989 26 14 en
407 981 107 21 åtskilnad
531 981 65 22 också
611 981 83 21 komme
710 983 31 19 att
755 982 62 27 göras
833 980 76 22 mellan

91 1011 109 20 skolornas
221 1013 37 23 art,
274 1013 31 18 att
320 1009 82 22 således
419 1010 26 21 de
461 1010 77 26 skolor,
554 1017 44 14 som
614 1009 66 22 undfå
697 1009 116 22 understöd
834 1017 25 13 ur
873 1018 38 13 an-

90 1040 68 27 slaget
181 1040 75 25 60,000
280 1039 64 26 mark,
366 1039 68 21 skulle
451 1046 49 14 vara
516 1039 72 21 skolor
603 1039 22 21 af
640 1038 90 21 särskild
746 1039 96 28 praktisk
857 1039 53 20 rikt-

90 1069 57 27 ning,
162 1067 110 22 hvaremot
288 1068 32 26 de,
335 1075 45 14 som
395 1075 78 20 genom
488 1069 74 26 anslag
577 1067 46 21 från
635 1067 195 28 bevillningsmedel
841 1067 68 21 skulle

91 1097 147 25 understödas,
253 1104 51 14 vore
320 1096 71 22 skolor
406 1097 6 20 i
424 1097 69 26 någon
505 1104 69 13 annan
586 1096 96 28 praktisk
691 1096 96 28 riktning
797 1096 50 21 eller
858 1097 51 27 möj-

89 1126 57 27 ligen
162 1126 6 20 i
184 1125 70 28 någon
270 1126 100 27 riktning,
386 1133 44 13 som
447 1127 45 19 icke
508 1133 50 13 vore
574 1125 102 28 praktisk.
705 1124 42 21 För
763 1128 30 17 att
809 1132 26 13 nu
852 1125 57 20 före-

90 1154 69 28 bygga
181 1161 25 14 en
228 1153 65 22 sådan
316 1154 112 27 tudelning
450 1153 22 21 af
494 1153 162 28 folkhögskolor
674 1153 39 21 och
729 1153 34 20 för
785 1156 31 18 att
838 1153 71 21 såvidt

90 1183 82 28 möjligt
193 1183 79 20 bevara
294 1182 34 21 för
350 1182 47 21 dem
416 1190 25 13 en
459 1182 95 28 praktisk
570 1182 94 27 riktning
680 1182 39 21 och
735 1181 46 22 icke
798 1189 36 14 ens
849 1182 60 28 gifva

89 1211 115 28 anledning
226 1211 32 21 till
280 1214 32 17 att
333 1211 71 21 skolor
426 1212 6 19 i
453 1211 109 27 opraktisk
578 1211 50 20 eller
643 1210 34 21 för
692 1210 85 28 mycket
792 1210 117 21 idealistisk

88 1240 95 28 riktning
198 1240 68 21 skulle
281 1239 84 29 uppstå,
380 1239 66 21 hafva
460 1242 160 19 reservanterne
635 1239 56 28 gjort
706 1239 37 20 sitt
757 1239 85 27 förslag.
868 1239 41 21 Ut-

90 1269 90 21 skottets
204 1269 106 28 majoritet
332 1268 122 21 framhåller
476 1269 123 27 visserligen
621 1270 30 18 att
667 1267 162 28 konseqvensen
845 1275 62 20 synes

88 1297 78 27 fordra,
182 1299 32 19 att
229 1298 26 20 de
271 1297 115 21 understöd
401 1297 112 22 Utskottet
529 1297 97 21 förordar
641 1296 34 21 för
689 1295 162 29 folkhögskolor
859 1295 50 28 utgå

88 1325 47 22 från
159 1334 80 13 samma
262 1325 79 29 budget
362 1333 45 14 som
429 1325 143 22 kostnaderna
595 1325 34 21 för
651 1325 151 21 folkskolorna.
831 1325 77 20 Denna

88 1355 136 28 konseqvens
248 1355 40 20 kan
310 1356 36 27 jag
367 1354 35 21 för
423 1355 43 19 min
482 1354 33 21 del
531 1354 47 22 icke
594 1354 56 21 finna
666 1353 129 28 nödvändig,
810 1352 27 22 då
852 1353 57 21 folk-

88 1383 100 22 skolorna
204 1385 36 20 äro
254 1383 135 22 kommunala
404 1384 143 20 institutioner
562 1382 40 23 och
617 1382 82 29 åtnjuta
709 1381 129 29 statsbidrag
848 1382 60 21 kom-

88 1413 90 26 munvis,
194 1420 47 13 men
256 1412 190 27 folkhögskolorna
462 1411 94 22 deremot
572 1411 47 22 icke
629 1413 36 19 äro
674 1411 116 21 hänvisade
800 1411 32 20 till
842 1411 67 27 något

90 1439 105 22 bestämdt
209 1439 128 28 geografiskt
353 1439 51 20 eller
418 1439 165 20 administrativt
599 1439 92 24 område,
707 1441 50 18 utan
773 1439 73 20 arbeta
861 1439 48 20 fritt

87 1467 35 21 för
136 1469 68 20 större
220 1467 51 21 eller
286 1467 81 21 mindre
383 1466 126 22 landsdelar.
538 1467 32 20 På
585 1466 62 21 dessa
664 1466 44 21 skäl
724 1466 65 27 vågar
799 1467 35 26 jag
845 1466 63 21 vörd-

88 1499 54 18 samt
156 1496 87 21 förorda
258 1495 41 22 den
315 1495 64 22 äfven
394 1495 24 21 af
432 1495 43 28 mig
490 1495 173 21 undertecknade
679 1495 163 21 reservationen.
