1067 1800
199 189 14 20 2
403 194 130 25 SEA

171 252 136 25 Leivonmäki
321 257 36 20 och
377 257 77 24 Joutsa,
474 257 76 19 komme
572 258 31 18 att
618 257 155 23 drages'gehom
787 254 39 21 öde
841 256 85 24 trakter,

171 288 48 18 utan
239 287 120 18 nämnvärda
379 286 89 24 odlingar
489 285 37 20 och
543 286 63 23 gamla
624 285 88 20 farleder
729 286 7 19 i
751 286 65 19 denna
831 285 95 24 riktning,

171 315 64 20 skulle
251 315 38 20 den
304 315 62 20 andra
381 315 63 20 banan
461 315 77 20 komma
553 317 29 17 att
597 314 117 25 genomlöpa
726 315 75 19 sådana
811 314 116 19 kommuner

171 349 42 14 som
238 343 91 24 Hartola,
355 343 68 24 Sysmä
445 345 36 18 och
504 343 91 24 Heinola,
618 343 65 20 hvilka
704 344 49 19 höra
775 343 30 19 till
828 343 23 19 de
875 349 50 14 sam-

171 373 73 23 bällen,
263 373 81 19 hvarest
367 378 24 13 en
413 373 79 18 relativt
512 374 64 17 större
592 371 113 24 folkmängd
720 372 61 19 finnes
797 371 37 20 och
850 372 35 19 der
900 371 26 25 på

169 401 64 24 grund
249 400 21 20 af
283 401 105 24 bördigare
401 401 98 24 jordmån,
514 401 84 24 tidigare
614 401 85 23 odlings-
716 401 37 20 och
767 401 64 19 andra
845 401 81 19 utveck-

171 430 51 23 lings
237 429 137 20 förhållanden
391 435 23 14 en
430 432 64 17 större
510 429 144 24 produktivitet
664 429 6 19 i
680 432 45 17 rent
733 429 104 24 jordbruk,
848 429 77 24 mejeri-

171 459 120 23 handtering
307 459 36 18 och
359 458 181 24 ladugårdsskötsel
551 458 65 19 råder.
640 458 72 19 Staden
722 457 87 20 Heinola
819 458 38 19 bör
866 458 60 19 äfven

171 487 6 19 i
198 487 65 24 någon
281 487 44 19 mån
348 487 65 20 kunna
435 487 82 23 bidraga
539 487 30 18 till
588 487 74 18 banans
678 487 123 19 rentabilitet
816 492 69 18 genom
901 487 24 18 de

171 515 98 24 spanmåls
293 516 37 19 och
353 517 210 24 trävarutransporter,
587 521 41 13 som
651 518 28 17 ett
701 517 64 19 större
781 515 92 20 bränneri
889 515 36 19 och

171 547 71 16 tvenne
267 544 98 24 ängsägar
391 545 66 18 kunna
489 543 107 26 tillskynda
624 544 141 23 godstrafiken,
791 543 135 20 hvarförutom

172 575 57 17 orten
254 573 28 24 på
307 574 79 18 senaste
414 573 30 19 tid
464 573 52 19 visat
538 579 23 13 en
582 573 44 19 icke
646 573 100 24 obetydlig
765 572 161 25 dragningskraft

171 602 66 19 såsom
255 602 72 20 badort
342 602 37 19 och
394 602 63 19 såsom
473 602 61 20 sådan
550 602 60 24 något
624 602 66 19 kunde
705 602 83 20 inverka
803 602 25 24 på
843 607 83 19 person-

169 623 90 37 trafiken.
709 627 4 3 N

237 660 37 18 Att
293 659 64 18 banan
377 659 30 20 för
422 659 86 19 berörda
524 659 85 19 socknar
622 664 46 14 vore
684 658 21 19 af
718 659 107 23 väsentligt
839 659 84 18 intresse

169 687 45 20 icko
229 687 84 20 allenast
330 687 30 19 för
375 688 38 18 den
424 687 80 20 allmänt
516 687 102 24 stegrarde
628 687 73 24 kultur,
713 692 41 14 som
765 687 112 20 förbättrad
889 687 36 20 och

171 715 63 20 snabb
249 715 168 20 kommunikation
433 715 83 25 medför,
531 720 46 15 utan
594 715 57 20 äfven
666 721 23 13 ur
700 718 45 17 rent
755 716 115 19 ekonomisk
881 721 46 19 syn-

170 745 71 24 punkt,
261 747 23 17 är
303 744 72 24 tydligt
390 745 32 18 vid
437 744 73 19 tanken
526 743 26 25 pä
567 746 30 17 att
612 750 23 13 en
652 744 113 24 sträckning
780 749 54 15 mera
849 746 77 18 österat

171 773 31 20 till
217 772 168 24 Savolaksbanan,
401 773 63 19 skulle
480 773 30 19 till
526 773 37 19 den
576 773 32 19 för
618 773 217 24 ladugärdsprodukter
845 779 82 15 numera

171 801 82 20 allmänt
269 802 91 19 använda
375 804 80 21 export-
470 801 38 20 och
523 801 148 20 vinterhamnen
687 801 77 24 Hangö,
779 801 101 20 äfvensom
895 802 31 20 till

170 831 65 19 större
257 830 193 20 konsumiionsorter
471 831 52 19 inom
546 830 74 23 landet,
638 829 31 20 för
687 831 44 19 dem
750 831 7 19 i
777 831 86 24 betydlig
877 831 49 24 grad

170 858 91 25 förlänga
282 860 126 23 transporter
430 858 22 20 af
474 859 24 20 de
520 859 54 19 olika
590 859 52 24 slags
658 859 61 19 alster
734 860 24 19 de
773 861 36 18 äro
812 854 12 34 i
847 859 79 20 tillfälle

171 889 30 19 att
215 887 92 24 föryttra.
802 904 1 4 ;

238 916 69 20 Såvidt.
327 916 163 21 kommissionens
510 917 68 19 arbete
600 916 36 21 och
652 917 101 19 utlåtande
769 919 22 17 är
806 917 68 26 kändt,
890 918 36 19 har

171 945 52 20 dock
237 945 173 24 undersökningen
426 945 53 19 skett
493 945 27 24 pä
528 945 22 20 sä
555 945 144 24 jemförelsevis
707 945 43 20 lösa
758 946 169 23 antaganden,
892 941 38 32 att

171 973 62 24 nägot
255 973 68 20 direkt
343 973 89 24 yrkande
453 975 26 23 pä
500 977 29 16 ett
541 974 172 24 jernvägsföretag
726 975 57 24 längs
799 975 64 19 denna
878 975 48 24 linje

171 1008 27 14 nu
213 1002 44 20 icke
273 1002 39 21 kan
327 1004 66 22 göras,
408 1005 47 17 utan
471 1003 59 24 vågar
543 1003 34 24 jag
592 1003 71 19 endast
678 1003 112 24 ödmjukast
805 1003 79 20 anhålla
895 1009 31 14 om

167 1030 108 25 höglofliga
289 1031 157 24 Ridderskapets
460 1031 37 20 och
512 1031 74 20 Adelns
602 1031 89 24 benägna
705 1032 120 19 medverkan
841 1033 84 19 derhän:

375 1089 32 19 att
421 1094 26 15 en
460 1091 114 24 noggrann
588 1088 153 21 instrumental
753 1087 38 22 och
803 1087 122 22 ekonomisk

306 1115 164 28 undersökning
484 1116 32 28 af
527 1123 26 15 en
564 1117 160 27 jernvägslinje
735 1117 60 27 frän
805 1116 121 29 Jyväskylä

304 1144 63 27 öfver
384 1144 149 26 Leivonmäki,
552 1145 86 27 Joutsa,
660 1144 103 27 Hartola,
786 1144 78 29 Sysmä
887 1146 40 21 och

304 1172 96 22 Heinola
424 1173 35 21 till
482 1173 79 22 Lahtis
582 1174 52 21 eller
654 1180 75 16 annan
749 1174 72 28 punkt
843 1175 14 21 &
876 1174 51 22 Rii-

304 1201 148 23 himäki—S:t
471 1202 133 29 Petersburg
616 1203 94 28 jernväg
728 1204 65 21 måtte
807 1204 119 28 företagas

305 1230 40 22 och
365 1233 33 19 att
408 1231 33 28 pä
457 1231 64 22 basen
536 1232 72 27 deraf
619 1239 26 14 en
661 1233 68 28 nådig
741 1233 138 27 proposition
891 1240 34 15 om

305 1259 85 22 banans
410 1259 111 28 byggande
541 1261 65 21 måtte
620 1261 130 28 föreläggas
765 1263 161 20 nästsamman-

304 1287 108 22 irädande
428 1288 100 23 Ständer.
651 1293 2 2 |

239 1345 125 24 Helsingfors
379 1347 37 18 den
432 1345 14 20 2
460 1347 97 19 Februari
573 1346 63 21 1897.

733 1403 28 28 Hj.
777 1403 78 24 Schildt.

277 1493 131 24 Helsingfors
421 1494 51 19 1897,
494 1495 131 24 Helsingfors
638 1496 177 26 Centraltryckeri.
