1095 1806
203 135 55 20 1674
452 140 24 16 R.
488 145 18 12 o.
518 141 22 17 A.
552 139 56 18 1897.
630 140 23 17 31
665 140 47 20 Maj.

174 207 37 21 det
226 207 56 22 dock
297 207 65 22 hafva
376 210 32 18 att
422 216 48 12 man
486 208 125 20 ätminstone
625 208 56 20 inom
693 215 25 13 en
735 206 34 22 del
783 206 24 21 af
818 206 174 28 Representatio-

174 244 41 12 nen
238 236 89 21 kommit
346 235 32 21 till
399 236 37 20 det
453 236 87 21 resultat
554 239 30 18 att
600 236 27 21 de
641 236 86 27 lagbud,
742 235 37 21 det
793 235 38 21 här
845 234 44 28 gält
904 237 31 18 att
950 234 42 20 till-

174 264 76 28 lämpa,
265 265 6 21 i
287 265 81 27 vigtiga
384 264 58 22 delar
459 264 65 22 borde
538 272 76 20 genom
630 272 25 13 en
671 264 153 28 lagförklaring
839 263 70 28 gifvas
925 262 66 22 sädan

173 293 112 28 tydlighet,
300 300 44 14 som
360 293 72 21 kunde
446 296 110 25 garantera
572 296 30 18 ett
616 293 117 27 likformigt
749 292 40 22 och
804 292 130 28 följdriktigt
947 292 45 20 för-

173 321 129 29 faringssätt.

242 378 34 22 Hr
295 379 179 28 Stjernvall:
504 379 11 21 I
532 378 66 22 likhet
613 378 47 21 med
677 378 40 21 den
733 380 84 19 senaste
833 377 63 22 ärade
911 378 81 21 talaren

173 407 68 21 måste
253 408 65 21 äfven
330 408 36 28 jag
381 408 55 20 finna
452 408 36 21 det
502 407 63 28 högst
580 407 115 28 oegentligt
710 410 37 23 att,
762 406 28 22 då
804 406 61 28 fråga
881 408 22 19 är
919 414 33 13 om
965 414 26 14 en

173 436 158 28 lagförklaring,
344 436 41 21 den
398 444 38 13 ena
453 436 138 22 statsmakten
606 436 54 20 skall
675 435 139 27 undandraga
824 436 33 27 sig
867 438 31 18 att
908 435 83 27 afgifva

173 465 70 21 denna
265 465 118 28 förklaring
406 465 40 21 och
465 464 75 23 endast
554 464 83 22 anhålla
651 465 8 20 i
675 472 25 13 en
715 465 90 28 petition
821 467 31 18 att
863 464 82 28 förslag
959 463 31 22 till

173 493 68 22 sådan
256 493 116 28 förklaring
388 494 65 21 måtte
468 493 93 29 afgifvas
577 493 23 22 af
614 493 40 21 den
671 493 65 21 andra
746 493 147 21 statsmakten.
915 493 77 21 Redan

173 523 70 20 denna
266 523 157 27 omständighet
445 530 62 21 synes
528 523 43 27 mig
593 523 49 21 böra
659 521 111 22 föranleda
785 521 32 22 till
833 524 30 19 ett
877 521 114 28 afböjande

173 551 23 20 af
214 551 160 28 inbjudningen.
404 551 79 21 Härtill
500 551 95 21 kommer
610 553 55 18 ännu
681 553 31 18 att
726 550 27 21 R.
769 558 18 13 o.
802 550 26 21 A.
842 550 65 21 redan
923 550 69 28 ingått

172 581 7 19 i
203 579 100 28 pröfning
324 579 25 21 af
371 579 74 28 frägan
467 580 40 21 och
530 583 31 17 att
583 580 37 21 det
642 579 35 20 vid
701 579 77 21 sädant
792 579 133 21 förhällande
940 586 51 13 vore

173 607 86 29 mycket
280 607 144 29 egendomligt
444 611 31 18 att
496 609 25 20 R.
543 615 18 14 o.
583 609 26 20 A.
624 615 28 13 nu
667 607 68 21 skulle
751 615 52 14 anse
818 610 31 18 att
863 607 42 22 den
920 607 72 21 utred-

173 637 57 28 ning,
243 644 44 13 som
301 636 22 21 af
338 636 56 28 Lag-
409 637 40 20 och
466 637 210 20 Ekonomiutskottet
691 636 126 28 förebragts,
831 636 48 21 icke
889 643 51 14 vore
950 636 42 20 till-

173 665 73 28 fyllest
269 665 33 21 för
324 668 31 18 att
377 665 99 28 slutligen
501 665 75 28 pröfva
598 665 93 21 ärendet.
720 664 42 28 Jag
782 665 37 21 ber
834 667 31 18 att
879 665 23 20 få
917 664 75 21 förena

173 694 44 27 mig
236 693 48 22 med
300 694 41 21 den
357 697 84 18 senaste
457 694 63 21 ärade
535 694 79 21 talaren
630 693 72 21 derom
718 696 32 18 att
764 693 25 22 R.
805 701 18 14 o.
839 693 26 22 A.
880 693 50 21 ville
946 693 46 21 vid-

173 722 68 22 blifva
256 723 37 20 sitt
307 723 58 20 förut
381 723 6 20 i
402 725 65 19 saken
483 723 81 21 fattade
580 723 75 21 beslut.

242 779 33 22 Hr
297 780 27 21 G.
344 780 26 21 E.
392 780 28 21 af
439 779 177 22 Hällström:
646 780 97 21 Minäkin
766 780 118 28 puolestani
905 779 86 29 pyydän

172 809 67 28 yhtyä
261 809 67 21 siihen
349 809 153 26 ehdotukseen,
522 809 65 28 jonka
606 809 116 28 Vapaahra
737 816 43 14 von
795 809 58 20 Born
869 816 26 13 on
911 809 81 27 tehnyt,

173 839 44 20 että
232 837 180 28 Porvarissäädyn
428 838 167 21 kutsumukseen
612 839 18 20 ei
646 841 101 18 suostuta.
770 837 51 22 Kun
834 840 48 19 teen
893 845 43 19 sen,
946 838 45 20 niin

173 874 22 13 se
210 866 104 29 tapahtuu
328 867 174 28 päinvastoisista
517 868 72 27 syistä,
604 867 50 20 kuin
670 867 63 20 niistä
752 866 112 28 Vapaahra
879 873 43 14 von
933 866 59 21 Born

173 903 28 13 on
224 898 75 18 tuonut
319 896 59 20 esiin.
407 895 33 21 En
457 895 33 20 ole
506 895 110 21 vieläkään
632 895 63 21 tullut
710 895 152 21 vakuutetuksi
877 895 55 27 siitä,
948 896 43 19 että

173 931 23 13 se
213 925 64 27 esitys
293 924 83 25 asiasta,
390 924 65 27 jonka
470 923 65 21 Laki-
548 925 20 27 ja
583 923 225 22 Talousvaliokunnan
824 923 97 21 mietintö
931 923 60 21 sisäl-

172 954 41 25 tää,
229 953 69 27 pitäisi
315 952 124 28 paikkansa.
468 952 139 21 Päinvastoin
623 960 26 13 on
663 953 54 20 siinä
727 953 44 20 niin
782 953 70 20 suuria
863 951 127 29 erehdyksiä

172 981 21 28 ja
215 981 90 21 virheitä
328 981 39 20 itse
390 981 80 21 asiassa
492 981 64 28 tehty,
576 982 49 20 ettei
647 982 56 19 tämä
723 981 150 28 yksipuolinen
895 981 95 20 mietintö

172 1009 122 21 mitenkään
309 1010 35 20 voi
360 1009 42 21 olla
416 1012 131 25 perusteena,
562 1010 43 21 kun
621 1009 80 28 Säädyt
715 1009 95 22 lähtevät
822 1009 167 22 arvostelemaan

169 1037 139 22 Hallituksen
322 1038 73 21 toimia
410 1038 195 28 puheenaolevassa
620 1039 85 20 asiassa.

237 1067 34 20 En
294 1067 62 20 katso
376 1067 50 20 tällä
445 1067 73 21 kertaa
538 1069 66 19 enään
620 1067 139 21 tarvitsevani
774 1069 74 19 ruveta
862 1066 127 22 tarkemmin

169 1096 197 25 motiveeraamaan,
381 1095 65 21 mitkä
463 1095 79 21 kohdat
557 1096 138 21 mietinnössä
709 1098 52 18 ovat
775 1095 134 26 virheellisiä,
922 1095 67 22 koska

169 1125 40 20 itse
225 1125 44 20 asia
284 1125 167 20 semmoisenaan
463 1125 18 20 ei
492 1127 38 24 nyt
540 1124 33 21 ole
584 1123 247 26 keskustelun-alaisena,
841 1131 54 14 vaan
906 1125 83 20 ainoas-

168 1155 50 18 taan
239 1152 183 28 Porvarissäädyn
446 1153 116 25 kutsumus,
581 1155 66 19 mutta
662 1152 72 21 niiden
751 1153 132 27 lausuntojen
899 1153 89 27 jälkeen,

168 1181 53 27 joita
242 1181 108 21 varsinkin
372 1183 70 18 tämän
459 1181 85 27 Säädyn
559 1181 160 21 keskustelussa
734 1188 28 13 on
778 1183 88 18 annettu
881 1181 52 21 sekä
948 1183 40 19 esi-

168 1209 157 28 tyksentekijän
347 1211 43 18 että
415 1209 149 21 Valiokunnan
586 1210 117 19 mietinnön
725 1209 144 28 perustelujen
884 1209 104 27 johdosta,

169 1245 27 13 on
217 1238 92 20 minusta
331 1237 51 21 sekä
406 1237 137 22 mahdotonta
565 1239 43 20 että
623 1237 138 22 muodotonta
777 1239 78 26 pyytää
870 1237 118 22 Hallitusta

168 1268 131 19 asettamaan
314 1265 105 22 komiteaa
434 1266 118 21 tutkimaan
567 1267 62 20 asiaa.

237 1321 71 23 Sedan
327 1322 149 22 diskussionen
496 1323 87 21 härmed
599 1322 104 27 afslutats,
718 1323 124 21 framstälde
857 1323 34 22 Hr
906 1323 81 22 Landt-

167 1351 134 20 marskalken
316 1351 33 20 till
363 1351 26 20 R.
405 1358 17 13 o.
439 1351 37 20 A:s
493 1351 131 20 besvarande
638 1350 95 28 följande

430 1435 292 29 Omröstningsproposition:

235 1493 55 26 Den,
311 1501 45 14 som
376 1492 125 29 godkänner
521 1493 190 28 Borgareständets
737 1493 143 23 förevarande
903 1494 84 29 inbjud-

166 1522 57 28 ning,
238 1523 69 20 röstar
320 1523 30 28 ja;
