1103 1792
284 135 274 23 Kommunalförvaltningen
569 136 34 24 på
608 136 77 18 landet.
826 131 40 21 989

77 202 71 28 dåliga
163 202 56 22 tider
234 203 78 21 vältras
328 203 62 22 öfver
404 204 28 28 pä
446 204 171 28 industriidkare,
632 205 132 28 kapitalister
779 212 27 14 m.
816 205 19 21 fl.
847 204 48 22 icke

77 230 130 29 jordegande
222 231 138 22 medlemmar
375 232 22 21 af
412 232 133 22 kommunen.
567 233 74 21 Äfven
656 233 42 21 kan
714 236 58 18 emot
785 232 57 22 Frih.
853 240 42 14 von

75 260 70 20 Borns
161 259 82 28 förslag
254 260 119 26 anmärkas,
387 263 32 18 att
433 260 45 22 deri
493 261 173 21 förekommande
677 261 87 28 ordalag
776 261 119 28 »personlig

77 288 75 21 skuld»
170 288 41 21 och
226 288 69 28 skuld,
312 296 58 14 »som
386 296 73 14 svarar
474 293 44 18 mot
532 289 89 28 tillgång
635 291 7 20 i
657 290 114 28 fastighet»
784 291 37 20 äro
831 289 66 29 något

77 316 72 22 oklara
165 317 41 20 och
220 317 63 21 svära
299 320 31 18 att
344 319 43 19 rätt
401 317 75 22 förstä.
505 317 42 29 Jag
561 318 67 21 mäste
644 318 83 22 säledes
742 318 87 21 förorda
843 319 52 28 god-

78 345 123 22 kännandet
215 345 23 22 af
254 346 12 27 $
282 347 27 20 82
325 346 66 28 enligt
407 345 123 23 Utskottets
546 347 139 21 betänkande.

145 403 34 21 Hr
200 403 32 21 W.
248 403 101 28 Späre:
379 398 74 27 Äfven
468 405 36 27 jag
518 404 38 21 vill
570 404 35 21 för
619 405 43 20 min
678 403 35 22 del
728 404 88 21 förorda
830 404 66 21 andra

78 432 159 21 reservationen
261 431 47 22 med
332 432 109 28 undantag
462 432 55 22 dock
536 433 24 20 af
574 433 65 21 slutet
656 433 3 20 i
674 440 62 14 mom.
752 440 18 14 c.
798 433 42 28 Jag
854 433 41 21 kan

76 460 49 21 icke
145 460 56 21 finna
217 459 64 28 något
297 460 52 27 skäl,
363 461 87 21 hvarför
468 461 42 21 den
525 461 7 20 i
548 461 58 21 detta
620 469 62 13 mom.
697 461 91 22 berörda
803 461 92 22 beskatt-

77 489 78 28 ningen
177 489 68 20 skulle
269 489 127 21 bestämmas
417 489 32 21 till
473 491 57 26 59/,.
558 489 12 22 I
585 497 62 14 mom.
661 497 12 14 a
688 489 39 22 har
741 497 49 14 man
805 490 92 21 bestämt

77 519 32 19 att
129 517 71 21 såsom
220 517 97 22 skattbar
337 517 93 22 inkomst
449 518 103 21 beräknas
577 519 83 20 »issa»>
691 521 75 19 procent
781 518 61 22 deraf
857 518 40 21 och

77 545 38 22 här
129 545 127 22 bestämmes
273 547 12 20 5
294 547 37 26 %/.
353 546 42 28 Jag
409 547 69 24 finner
491 548 47 20 icke
549 547 65 28 något
624 547 45 22 skäl
694 547 63 25 härför,
767 550 50 19 utan
828 547 68 21 skulle

78 574 88 22 förorda
184 577 31 18 att
230 574 108 29 uttrycket
352 575 38 21 här
405 575 72 21 blefve
494 576 56 21 »viss
566 578 107 27 procent».
696 575 44 22 Det
750 577 23 20 är
783 576 41 21 den
835 576 62 21 delen

78 603 23 21 af
123 603 66 22 andra
211 604 165 26 reservationen,
395 611 46 14 som
462 605 35 27 jag
512 605 7 20 i
541 604 67 21 likhet
626 604 49 21 med
690 603 66 30 några
770 604 127 28 föregående

78 632 64 21 ärade
157 632 66 21 talare
239 631 68 22 skulle
323 633 51 28 vilja
389 632 65 22 hafva
468 632 174 22 äterremitterad.

146 689 35 21 Hr
190 689 55 22 Fdv.
256 689 220 28 Björkenheim:
492 690 42 28 Jag
543 689 95 22 anhäller
648 689 33 22 för
691 690 43 21 min
745 690 35 21 del
790 690 24 21 fä
821 690 77 21 under-

79 717 62 22 stöda
155 718 67 21 andra
236 719 166 20 reservationen.
431 718 41 28 Jag
486 720 39 25 gör
540 718 36 21 det
591 718 27 29 pä
634 719 41 20 den
689 718 69 27 grund
770 721 31 18 att
810 719 8 20 i
828 718 70 21 denna

78 747 132 20 reservation
229 747 48 20 icke
299 747 143 20 förekommer
462 746 83 21 skilnad
568 747 89 20 emellan
672 747 76 27 afdrag
762 747 35 20 för
810 748 61 19 ränta
885 746 14 21 å

79 775 115 21 intecknad
209 775 41 20 och
265 775 107 27 personlig
387 774 69 26 skuld,
472 783 25 13 en
513 775 89 26 skilnad,
617 783 45 13 som
677 775 60 21 alltid
754 775 66 21 måste
831 775 66 21 blifva

79 803 131 28 godtycklig,
221 803 28 20 då
263 811 48 13 man
326 803 22 28 ju
364 803 41 21 kan
417 802 55 22 efter
481 803 161 22 förhållandena
652 805 91 19 omsätta
752 803 36 22 lån
798 804 100 27 antingen

81 834 44 19 mot
148 831 124 28 inteckning
295 832 51 20 eller
367 831 108 29 personlig
496 832 86 27 borgen,
597 839 48 14 men
661 831 73 22 vidare
749 832 28 28 på
792 831 69 28 grund
877 831 22 22 af

81 862 30 19 ett
133 862 66 19 annat
219 859 52 26 skäl,
293 867 46 14 som
357 861 36 26 jag
407 861 47 20 icke
470 862 55 19 ännu
540 861 49 20 hört
603 860 129 25 framhållas,
747 861 106 27 nämligen
868 863 32 18 att

81 896 34 14 om
135 896 26 14 en
178 888 137 29 beskattning
331 889 66 28 enligt
410 889 180 28 fastighetsvärde
606 889 40 21 blir
660 888 70 22 införd
746 889 28 29 på
789 889 37 21 det
840 889 59 21 kom-

82 918 85 21 munala
188 918 101 25 området,
311 918 68 21 finnes
399 919 67 26 utsigt
486 918 34 21 för
534 920 32 19 att
580 918 75 21 lättare
669 918 24 20 få
707 920 32 19 ett
753 918 96 21 likadant
864 918 36 21 be-

81 946 164 28 skattningssätt
259 946 82 22 infördt
356 946 132 22 beträffande
504 947 137 27 beskattning
655 946 32 22 till
702 947 88 21 kronan.

149 1003 33 22 Hr
205 1003 34 22 W.
261 1004 168 21 Schauman:
460 1004 73 21 Afven
554 1004 36 28 jag
603 1004 61 28 gillar
677 1003 121 28 grunderna
813 1004 7 20 i
834 1003 66 21 andra

83 1033 165 25 reservationen,
268 1040 48 13 men
337 1033 43 20 min
401 1032 85 28 mening
501 1034 23 19 är
538 1032 116 22 afvikande
669 1032 95 22 derifrån
778 1034 7 19 i
799 1035 30 18 ett
844 1032 56 21 afse-

83 1060 60 22 ende.
168 1060 73 28 Enligt
256 1060 65 22 andra
336 1061 157 21 reservationen
509 1061 68 21 skulle
592 1061 105 27 nämligen
712 1060 47 22 från
772 1061 41 21 den
826 1060 74 22 beräk-

83 1089 55 21 nade
161 1089 119 21 inkomsten
303 1090 24 20 få
349 1089 99 28 afdragas
470 1091 60 19 ränta
544 1089 13 21 å
572 1089 117 29 upplånadt
711 1089 86 21 kapital.
826 1089 74 28 Enligt

83 1118 41 21 den
139 1118 119 26 redaktion,
273 1125 46 14 som
334 1118 34 21 Hr
383 1118 108 21 Mechelin
506 1118 116 26 föreslagit,
636 1118 67 22 skulle
714 1097 48 42 från
772 1118 42 21 den
825 1118 74 20 beräk-

82 1146 55 22 nade
160 1146 120 22 inkomsten
295 1146 23 21 få
333 1146 98 29 afdragas
446 1148 60 20 ränta
521 1146 13 22 å
548 1146 56 29 gäld,
618 1154 45 14 som
678 1146 49 22 icke
742 1148 22 19 är
779 1146 121 26 intecknad,

83 1175 20 21 d.
118 1182 19 14 v.
153 1183 16 13 s.
184 1176 61 20 ränta
259 1175 13 21 å
287 1182 16 14 s.
319 1176 20 20 k.
354 1175 120 28 personliga
489 1175 91 21 skulder.
609 1176 52 20 Man
677 1176 67 20 finner
747 1171 10 36 i
771 1176 51 20 elfte
832 1182 67 14 reser-

82 1204 102 21 vationen
201 1211 25 13 en
243 1204 85 28 mycket
342 1204 62 21 relief
418 1204 156 28 framställning
589 1211 34 14 om
638 1204 54 21 huru
707 1204 37 21 det
758 1204 42 21 kan
810 1204 34 27 gå,
854 1203 44 21 ifall

83 1232 66 22 sådan
163 1234 61 19 ränta
239 1232 34 21 får
287 1233 104 21 uteslutas
405 1232 49 22 från
464 1232 243 28 inkomstberäkningen.
729 1232 170 22 Reservanterne

82 1261 75 21 anföra
178 1261 69 21 såsom
268 1261 96 28 exempel
382 1262 132 27 tjenstemän,
529 1261 125 26 handlande
665 1261 40 21 och
720 1261 69 27 öfriga
804 1262 95 26 närings-

81 1289 80 27 idkare,
180 1290 73 20 hvilka
272 1290 47 20 icke
341 1291 36 19 äro
396 1290 183 28 fastighetsegare,
594 1289 47 21 icke
656 1289 83 21 således
754 1289 65 21 hafva
834 1288 65 28 några

81 1318 228 27 inteckningsskulder,
330 1321 51 18 utan
402 1318 53 21 blott
476 1318 125 28 personliga,
622 1317 40 22 och
683 1318 67 20 under
764 1318 78 20 sådant
856 1318 43 20 för-

82 1346 98 22 hållande
202 1346 68 21 skulle
291 1346 69 22 blifva
380 1346 42 21 fria
435 1346 49 21 från
500 1346 126 28 erläggande
642 1346 22 21 af
679 1346 27 21 all
721 1346 58 21 skatt
792 1346 33 20 till
840 1346 59 21 kom-

82 1382 84 14 munen.
194 1374 81 21 Likaså
297 1375 74 21 befara
393 1377 159 19 reservanterne
574 1376 7 20 i
603 1375 52 20 elfte
675 1375 166 24 reservationen,
859 1374 40 21 och

84 1403 33 27 jag
131 1404 24 20 är
169 1402 48 22 med
233 1402 47 22 dem
296 1402 131 28 fullkomligt
441 1410 56 20 ense,
512 1406 32 18 att
558 1406 31 18 ett
602 1402 75 22 sådant
689 1402 123 28 stadgande,
822 1409 76 20 genom

96 1431 67 21 vilket
183 1432 61 19 ränta
264 1430 13 21 å
297 1431 48 21 icke
361 1431 114 21 intecknad
490 1430 63 21 skuld
568 1431 55 27 finge
638 1430 100 28 afdragas
752 1430 50 21 från
817 1430 82 21 inkom-

81 1461 53 24 sten,
157 1458 68 21 skulle
245 1458 72 22 kunna
337 1459 64 21 alstra
420 1458 38 21 det
471 1458 113 26 missbruk,
599 1461 31 18 att
644 1458 106 27 fingerade
766 1458 133 21 skuldsedlar

81 1487 71 22 kunde
167 1487 84 22 komma
267 1490 31 19 att
313 1487 108 29 uppvisas.
450 1486 41 29 Jag
506 1487 37 22 vill
558 1486 48 23 icke
621 1488 50 27 säga
686 1489 32 19 att
732 1487 7 21 i
754 1486 42 22 alla
808 1486 58 22 delar
877 1486 22 22 af

80 1516 73 23 landet
174 1515 77 22 sådant
273 1516 68 21 skulle
362 1516 137 27 förekomma,
520 1523 48 15 men
588 1516 36 21 det
645 1515 71 22 kunde
731 1515 67 22 finnas
813 1515 86 26 trakter,
