1084 1792
367 129 210 34 Hästutskrifningen.
796 132 54 21 1135

67 202 126 22 kontrahera
217 206 30 18 ett
269 203 106 23 bestämdt
397 205 55 21 antal
475 205 76 27 hästar,
573 205 24 21 sä
617 205 67 21 måste
700 205 36 21 det
751 206 133 28 naturligtvis

67 231 73 26 oftare,
156 232 99 27 möjligen
270 232 73 28 hvarje
358 234 24 20 år
397 233 138 21 kontrolleras
551 236 30 18 att
597 234 62 21 dessa
673 234 71 21 hästar
759 236 36 19 äro
806 236 6 19 i
823 236 61 20 skick

67 260 45 25 och,
128 260 37 20 der
181 260 125 28 brackering
321 261 67 21 måste
403 269 39 20 ega
458 270 51 17 rum,
524 269 41 20 nya
581 262 71 21 hästar
667 262 112 22 anskaffas.
812 263 72 21 Under

66 288 78 21 sådana
167 288 146 21 förhållanden
336 290 68 21 skulle
424 290 76 27 sjelfva
515 290 287 28 besigtningsförrättningen
818 292 66 27 enligt

68 316 120 21 Utskottets
204 317 80 27 förslag
300 317 67 21 blifva
383 318 140 27 betungande,
539 319 39 20 och
594 319 36 20 det
645 320 23 19 är
683 318 70 21 denna
768 323 54 24 post,
838 327 45 13 som

66 345 67 21 skulle
156 345 132 28 väsentligen
309 346 87 28 fördyra
410 346 109 28 förslaget.
550 347 61 21 Dock
627 347 67 20 skulle
710 347 37 21 det
762 355 63 20 synas
841 349 43 27 mig

66 376 30 18 att
111 377 14 18 t.
141 381 18 14 o.
174 382 27 13 m.
217 376 31 18 ett
263 374 89 21 sålunda
367 375 111 29 fördyradt
493 375 80 28 förslag
587 376 101 27 gestaltar
703 376 33 27 sig
752 376 94 27 billigare
857 378 25 21 än

66 402 101 28 förslaget
181 404 8 19 i
205 402 47 21 näd.
275 411 58 20 prop.
363 403 55 22 Frän
438 404 134 28 synpunkten
588 404 47 21 utaf
649 404 26 21 de
691 404 58 21 olika
764 405 119 28 förslagens

67 431 130 28 antaglighet
211 431 101 22 särskildt
327 432 34 21 för
376 432 26 21 de
412 433 90 21 militära
513 433 181 28 myndigheterna,
705 440 45 14 som
761 433 122 22 handhafva

66 459 26 22 de
114 461 64 27 ryska
200 461 135 28 trupperna
325 455 10 39 i
352 461 78 27 landet,
452 461 24 22 sä
496 469 63 20 synes
583 462 36 21 det
637 463 42 26 mig
695 461 66 22 blifva
776 462 59 21 svärt
850 463 34 20 för

66 488 62 21 dessa
143 492 31 17 att
189 489 64 21 binda
269 490 32 27 sig
316 497 77 20 genom
408 491 34 27 lag
457 490 33 21 till
501 493 30 18 ett
541 491 37 20 fixt
589 491 56 20 antal
655 491 77 25 hästar,
743 490 81 21 hvilket
835 491 47 22 icke

66 517 54 28 finge
135 517 150 26 öfverskridas,
301 518 28 21 dä
344 527 48 12 man
406 519 21 28 ju
444 519 41 21 kan
498 519 65 21 tänka
577 520 33 27 sig
625 522 31 18 att
666 519 216 29 truppdislokationer

67 546 69 21 kunde
159 547 131 21 förekomma
313 547 50 21 eller
381 551 125 26 truppernas
522 548 57 21 antal
594 548 67 21 skulle
677 548 51 21 ökas
744 548 40 21 och
800 548 82 21 säledes

68 575 32 21 för
122 576 84 21 kortare
225 576 50 21 eller
290 576 72 27 längre
378 577 30 20 tid
424 574 30 24 ett
469 577 65 21 ökadt
549 577 58 20 antal
621 577 71 20 hästar
707 577 111 21 erfordras.
848 577 35 21 Då

66 604 58 21 detta
140 605 56 20 antal
212 605 106 20 bestämdt
333 605 74 22 fixeras
422 607 6 20 i
444 606 40 27 lag,
500 605 23 22 sä
538 605 68 22 skulle
618 605 122 28 härigenom
751 605 132 28 svårigheter

65 633 41 21 och
128 633 113 21 konflikter
263 634 71 21 kunna
356 634 84 28 uppstå.
474 635 42 20 Om
538 635 45 20 åter
603 634 74 28 frågan
699 635 92 27 regleras
813 635 68 20 såsom

65 661 88 22 föreslås
177 663 6 20 i
205 663 164 24 reservationen,
391 663 23 20 så
434 663 68 21 skulle
522 663 36 21 det
578 663 47 20 hela
645 663 101 21 reducera
761 664 33 26 sig
808 663 32 20 till
856 671 25 13 en

64 691 51 20 liten
137 690 116 29 förökning
275 691 22 20 af
317 691 149 28 utgiftsposten
483 692 27 28 på
525 691 181 28 militiebudgeten
722 691 27 28 på
764 691 59 21 detta
838 699 44 13 om-

64 719 56 21 råde.
149 719 77 21 Dertill
249 719 67 22 skulle
337 719 104 22 hehöfvas
464 721 75 21 endast
559 720 94 28 förhöjdt
668 720 78 28 anslag,
762 720 40 21 och
818 720 27 21 då
859 721 22 28 ju

64 748 181 27 militiebudgeten
261 751 106 26 uppgöres
383 749 33 21 för
431 752 31 18 tre
478 749 24 21 år
514 749 82 26 framåt,
611 749 67 21 skulle
695 750 63 27 ingen
774 749 108 28 svårighet

64 777 102 27 föreligga
187 777 34 20 för
242 777 104 22 militären
368 780 31 18 att
413 778 7 20 i
435 778 31 21 tid
485 778 117 21 framställa
617 778 32 21 sin
670 777 71 29 kalkyl
762 778 62 21 öfver
844 778 37 21 det

63 806 57 20 antal
141 806 73 20 hästar
233 805 41 22 den
297 814 62 13 anser
379 807 32 26 sig
433 806 93 22 behöfva
541 808 6 20 i
562 814 78 18 reserv,
663 806 39 21 och
718 806 27 21 då
760 807 68 21 skulle
843 814 37 13 an-

63 834 158 28 slagsbeloppet
236 834 34 21 för
285 835 72 28 hvarje
372 835 173 28 finansreglering
560 838 103 26 upptagas
680 835 98 21 derefter.

132 863 29 21 Så
182 863 66 20 finnes
271 863 36 22 det
329 867 114 24 yttermera
466 871 25 14 en
512 863 162 28 omständighet,
689 871 46 13 som
750 865 35 27 jag
800 865 6 20 i
822 863 58 22 detta

63 891 151 28 sammanhang
229 891 69 21 skulle
313 893 51 27 vilja
380 893 78 20 beröra.
483 893 46 21 Allt
544 893 56 21 hvad
616 893 38 20 här
669 899 27 13 nu
708 892 71 21 blifvit
789 893 91 20 skrifvet

63 920 39 22 och
124 920 61 28 sagdt
205 928 34 13 om
255 920 202 29 kontraktsystemet
472 923 22 19 är
508 922 119 21 tilisvidare
643 921 53 20 blott
711 922 59 20 teori.
799 921 43 21 Det
857 923 23 19 är

62 949 47 21 icke
133 948 125 28 tillämpadt,
280 957 47 13 man
350 950 38 20 har
403 949 48 21 icke
467 950 94 28 praktisk
577 949 120 22 erfarenhet
712 956 40 19 om,
768 950 53 20 huru
836 950 44 20 för-

62 978 67 27 slaget
149 978 83 20 komme
254 980 30 18 att
305 978 92 27 gestalta
418 979 33 26 sig
471 979 7 19 i
499 979 152 27 verkligheten.
680 977 79 21 Derför
777 985 50 13 vore
843 978 36 21 det

62 1007 83 27 nyttigt,
167 1014 34 13 om
225 1009 102 25 systemet
349 1006 53 21 skall
424 1006 84 21 komma
523 1008 6 20 i
544 1008 140 27 tillämpning,
698 1009 31 17 att
744 1006 134 28 Regeringen

62 1034 130 22 beträffande
215 1034 115 28 detaljerna
352 1035 23 21 af
396 1035 48 21 dess
460 1036 137 20 anordnande
613 1035 67 21 skulle
694 1034 66 22 hafva
775 1035 49 20 fullt
837 1036 43 20 fria

61 1063 86 26 händer,
162 1066 23 25 ty
200 1063 36 21 det
252 1063 41 21 kan
309 1064 69 20 hända
393 1067 31 17 att
440 1071 25 14 en
481 1064 51 21 eller
547 1072 69 13 annan
630 1064 134 28 disposition,
774 1071 45 13 som
830 1072 48 13 man

61 1092 61 20 tänkt
137 1093 32 27 sig
185 1092 90 28 lämplig,
291 1092 35 21 vid
340 1092 122 22 utförandet
473 1093 56 21 visar
540 1094 32 27 sig
582 1092 81 22 mindre
673 1092 87 28 lämplig
770 1092 40 21 och
821 1092 57 21 kräf-

62 1128 36 13 ver
114 1121 94 27 ändring.
239 1120 41 21 Om
296 1128 28 13 nu
340 1121 62 21 dessa
417 1121 88 27 detaljer
520 1122 77 20 ordnas
612 1129 76 20 genom
704 1120 174 29 lagbestämning,

61 1148 23 21 så
106 1150 123 27 omöjliggör
250 1157 49 13 man
322 1149 121 28 derigenom
466 1150 71 27 dylika
554 1150 172 21 modifikationer,
756 1149 44 23 Det
815 1158 62 20 synes

61 1178 42 27 mig
118 1178 162 28 fördelaktigast
295 1180 30 18 att
339 1180 51 26 göra
405 1178 49 21 hela
468 1182 101 24 systemet
584 1180 7 19 i
607 1180 42 20 viss
661 1177 52 29 grad
725 1185 57 13 mera
792 1178 86 28 smidigt

61 1206 40 22 och
116 1209 31 18 att
161 1207 135 28 Regeringen
312 1208 7 19 i
334 1206 74 29 antydt
424 1207 101 21 afseende
540 1207 38 21 har
592 1206 183 28 handlingsfrihet.

129 1236 48 20 Och
199 1235 106 28 slutligen,
327 1235 28 21 då
376 1236 21 28 ju
419 1236 142 27 tilläfventyrs
583 1236 47 20 hela
652 1235 101 28 förslaget
775 1242 34 14 om
826 1236 51 20 kon-

60 1264 159 28 traktsystemet
241 1264 47 21 icke
311 1264 68 20 skulle
400 1264 105 22 definitivt
526 1264 125 27 godkännas
674 1264 27 28 på
716 1264 64 26 högre
796 1267 38 22 ort,
850 1264 28 21 då

60 1299 48 13 man
131 1292 38 21 der
183 1292 143 28 tilläfventyrs
341 1292 67 21 håller
422 1292 28 28 på
465 1295 31 18 att
510 1294 7 20 i
532 1292 72 28 hvarje
620 1292 100 21 händelse
736 1292 142 28 värnepligts-

60 1323 101 25 systemet
182 1320 66 21 borde
271 1321 84 21 komma
377 1320 32 21 till
431 1321 171 27 genomförande,
623 1321 28 21 då
672 1321 68 21 skulle
758 1320 119 21 Ständerna

60 1348 55 22 dock
130 1349 33 21 för
179 1349 41 21 den
236 1351 106 19 närmaste
357 1349 169 21 treårsperioden
542 1350 47 20 icke
604 1349 66 21 hafva
684 1350 146 20 tillbakavisat
840 1349 36 21 det

59 1378 118 27 väsentliga
191 1379 6 19 i
211 1378 41 21 den
275 1378 73 28 gjorda
371 1378 97 21 anhållan
492 1379 51 21 eller
561 1378 147 21 anskaffandet
723 1378 28 28 på
766 1380 30 20 ett
811 1378 65 21 likväl

58 1406 99 27 temligen
168 1406 197 21 tillfredsställande
376 1408 43 19 sätt
430 1407 22 20 af
463 1407 36 20 det
509 1406 92 28 begärda
613 1407 79 20 antalet
702 1407 76 21 hästar.
799 1406 77 21 Denna

58 1436 87 47 Apparat
161 1434 67 20 skulle
244 1434 71 21 kunna
330 1436 52 19 utan
398 1434 115 28 omgångar
525 1435 23 20 af
557 1434 135 27 Regeringen
703 1436 66 19 sättas
781 1435 6 20 i
797 1434 78 21 rörelse

58 1470 25 14 och
112 1462 43 21 lika
171 1462 38 21 lätt
225 1462 72 21 kunna
312 1462 108 24 afskaffas,
435 1462 71 21 derest
521 1466 30 18 ett
567 1464 64 19 annat
646 1465 78 25 system
734 1462 68 21 skulle
813 1470 62 13 anses

57 1491 51 21 böra
130 1491 48 21 med
201 1490 159 29 nödvändighet
381 1491 140 28 genomföras.
552 1490 94 22 Sålunda
669 1491 67 21 skulle
751 1491 124 27 förslaget
864 1486 15 37 i

57 1521 159 21 reservationen
238 1519 41 22 N:o
295 1521 13 20 4
323 1519 87 29 erbjuda
426 1519 41 22 den
482 1519 70 22 fördel
567 1522 37 24 att,
619 1519 70 21 derest
704 1523 101 25 systemet
820 1520 56 21 visat
