<?xml version="1.0" encoding="UTF-8"?>
<alto xmlns="http://www.loc.gov/standards/alto/ns-v3#" xmlns:xlink="http://www.w3.org/1999/xlink" xmlns:xsi="http://www.w3.org/2001/XMLSchema-instance" xsi:schemaLocation="http://www.loc.gov/standards/alto/ns-v3# http://www.loc.gov/alto/v3/alto-3-0.xsd">
	<Description>
		<MeasurementUnit>pixel</MeasurementUnit>
		<sourceImageInformation>
			<fileName>/tmp/tess_moo152zi_input.PNG</fileName>
		</sourceImageInformation>
		<OCRProcessing ID="OCR_0">
			<ocrProcessingStep>
				<processingSoftware>
					<softwareName>tesseract 5.3.4</softwareName>
				</processingSoftware>
			</ocrProcessingStep>
		</OCRProcessing>
	</Description>
	<Layout>
		<Page WIDTH="1089" HEIGHT="1795" PHYSICAL_IMG_NR="0" ID="page_0">
			<PrintSpace HPOS="0" VPOS="0" WIDTH="1089" HEIGHT="1795">
				<ComposedBlock ID="cblock_0" HPOS="298" VPOS="135" WIDTH="574" HEIGHT="23">
					<TextBlock ID="block_0" HPOS="298" VPOS="135" WIDTH="574" HEIGHT="23">
						<TextLine ID="line_0" HPOS="298" VPOS="135" WIDTH="574" HEIGHT="23">
							<String ID="string_0" HPOS="298" VPOS="140" WIDTH="219" HEIGHT="18" WC="0.90" CONTENT="Folkskolelärarenes"/><SP WIDTH="12" VPOS="140" HPOS="517"/>
							<String ID="string_1" HPOS="529" VPOS="141" WIDTH="155" HEIGHT="17" WC="0.90" CONTENT="löneförmåner."/><SP WIDTH="134" VPOS="141" HPOS="684"/>
							<String ID="string_2" HPOS="818" VPOS="135" WIDTH="54" HEIGHT="22" WC="0.96" CONTENT="1025"/>
						</TextLine>
					</TextBlock>
				</ComposedBlock>
				<GraphicalElement ID="cblock_1" HPOS="80" VPOS="166" WIDTH="820" HEIGHT="10"></GraphicalElement >
				<ComposedBlock ID="cblock_2" HPOS="81" VPOS="207" WIDTH="821" HEIGHT="86">
					<TextBlock ID="block_1" HPOS="81" VPOS="207" WIDTH="821" HEIGHT="86">
						<TextLine ID="line_1" HPOS="81" VPOS="207" WIDTH="821" HEIGHT="30">
							<String ID="string_3" HPOS="81" VPOS="207" WIDTH="44" HEIGHT="22" WC="0.96" CONTENT="Det"/><SP WIDTH="20" VPOS="207" HPOS="125"/>
							<String ID="string_4" HPOS="145" VPOS="210" WIDTH="24" HEIGHT="20" WC="0.96" CONTENT="är"/><SP WIDTH="20" VPOS="210" HPOS="169"/>
							<String ID="string_5" HPOS="189" VPOS="208" WIDTH="28" HEIGHT="27" WC="0.96" CONTENT="på"/><SP WIDTH="17" VPOS="208" HPOS="217"/>
							<String ID="string_6" HPOS="234" VPOS="208" WIDTH="70" HEIGHT="28" WC="0.96" CONTENT="grund"/><SP WIDTH="15" VPOS="208" HPOS="304"/>
							<String ID="string_7" HPOS="319" VPOS="209" WIDTH="22" HEIGHT="21" WC="0.96" CONTENT="af"/><SP WIDTH="14" VPOS="209" HPOS="341"/>
							<String ID="string_8" HPOS="355" VPOS="207" WIDTH="63" HEIGHT="23" WC="0.96" CONTENT="dessa"/><SP WIDTH="14" VPOS="207" HPOS="418"/>
							<String ID="string_9" HPOS="432" VPOS="208" WIDTH="93" HEIGHT="22" WC="0.96" CONTENT="särdeles"/><SP WIDTH="16" VPOS="208" HPOS="525"/>
							<String ID="string_10" HPOS="541" VPOS="209" WIDTH="111" HEIGHT="22" WC="0.96" CONTENT="ömmande"/><SP WIDTH="15" VPOS="209" HPOS="652"/>
							<String ID="string_11" HPOS="667" VPOS="209" WIDTH="46" HEIGHT="22" WC="0.96" CONTENT="skäl"/><SP WIDTH="15" VPOS="209" HPOS="713"/>
							<String ID="string_12" HPOS="728" VPOS="217" WIDTH="47" HEIGHT="14" WC="0.96" CONTENT="som"/><SP WIDTH="14" VPOS="217" HPOS="775"/>
							<String ID="string_13" HPOS="789" VPOS="210" WIDTH="36" HEIGHT="27" WC="0.96" CONTENT="jag"/><SP WIDTH="14" VPOS="210" HPOS="825"/>
							<String ID="string_14" HPOS="839" VPOS="217" WIDTH="63" HEIGHT="14" WC="0.96" CONTENT="anser"/>
						</TextLine>
						<TextLine ID="line_2" HPOS="81" VPOS="237" WIDTH="820" HEIGHT="29">
							<String ID="string_15" HPOS="81" VPOS="239" WIDTH="33" HEIGHT="18" WC="0.96" CONTENT="att"/><SP WIDTH="19" VPOS="239" HPOS="114"/>
							<String ID="string_16" HPOS="133" VPOS="237" WIDTH="37" HEIGHT="21" WC="0.93" CONTENT="det"/><SP WIDTH="16" VPOS="237" HPOS="170"/>
							<String ID="string_17" HPOS="186" VPOS="237" WIDTH="124" HEIGHT="28" WC="0.91" CONTENT="Höglofliga"/><SP WIDTH="17" VPOS="237" HPOS="310"/>
							<String ID="string_18" HPOS="327" VPOS="237" WIDTH="91" HEIGHT="22" WC="0.92" CONTENT="Ståndet"/><SP WIDTH="18" VPOS="237" HPOS="418"/>
							<String ID="string_19" HPOS="436" VPOS="237" WIDTH="65" HEIGHT="22" WC="0.96" CONTENT="borde"/><SP WIDTH="18" VPOS="237" HPOS="501"/>
							<String ID="string_20" HPOS="519" VPOS="237" WIDTH="73" HEIGHT="22" WC="0.96" CONTENT="bifalla"/><SP WIDTH="17" VPOS="237" HPOS="592"/>
							<String ID="string_21" HPOS="609" VPOS="238" WIDTH="33" HEIGHT="21" WC="0.93" CONTENT="till"/><SP WIDTH="19" VPOS="238" HPOS="642"/>
							<String ID="string_22" HPOS="661" VPOS="237" WIDTH="192" HEIGHT="29" WC="0.91" CONTENT="Borgareståndets"/><SP WIDTH="16" VPOS="237" HPOS="853"/>
							<String ID="string_23" HPOS="869" VPOS="239" WIDTH="32" HEIGHT="20" WC="0.91" CONTENT="in-"/>
						</TextLine>
						<TextLine ID="line_3" HPOS="81" VPOS="265" WIDTH="109" HEIGHT="28">
							<String ID="string_24" HPOS="81" VPOS="265" WIDTH="109" HEIGHT="28" WC="0.95" CONTENT="bjudning."/>
						</TextLine>
					</TextBlock>
				</ComposedBlock>
				<ComposedBlock ID="cblock_3" HPOS="79" VPOS="321" WIDTH="825" HEIGHT="1002">
					<TextBlock ID="block_2" HPOS="79" VPOS="321" WIDTH="824" HEIGHT="602">
						<TextLine ID="line_4" HPOS="148" VPOS="321" WIDTH="754" HEIGHT="30">
							<String ID="string_25" HPOS="148" VPOS="321" WIDTH="58" HEIGHT="22" WC="0.69" CONTENT="Frih."/><SP WIDTH="22" VPOS="321" HPOS="206"/>
							<String ID="string_26" HPOS="228" VPOS="329" WIDTH="54" HEIGHT="14" WC="0.96" CONTENT="von"/><SP WIDTH="22" VPOS="329" HPOS="282"/>
							<String ID="string_27" HPOS="304" VPOS="322" WIDTH="130" HEIGHT="21" WC="0.96" CONTENT="Alfthan:"/><SP WIDTH="22" VPOS="322" HPOS="434"/>
							<String ID="string_28" HPOS="456" VPOS="322" WIDTH="44" HEIGHT="21" WC="0.96" CONTENT="Det"/><SP WIDTH="19" VPOS="322" HPOS="500"/>
							<String ID="string_29" HPOS="519" VPOS="330" WIDTH="38" HEIGHT="14" WC="0.96" CONTENT="var"/><SP WIDTH="20" VPOS="330" HPOS="557"/>
							<String ID="string_30" HPOS="577" VPOS="324" WIDTH="94" HEIGHT="20" WC="0.96" CONTENT="närmast"/><SP WIDTH="15" VPOS="324" HPOS="671"/>
							<String ID="string_31" HPOS="686" VPOS="323" WIDTH="48" HEIGHT="21" WC="0.96" CONTENT="med"/><SP WIDTH="15" VPOS="323" HPOS="734"/>
							<String ID="string_32" HPOS="749" VPOS="323" WIDTH="115" HEIGHT="28" WC="0.96" CONTENT="anledning"/><SP WIDTH="15" VPOS="323" HPOS="864"/>
							<String ID="string_33" HPOS="879" VPOS="323" WIDTH="23" HEIGHT="21" WC="0.96" CONTENT="af"/>
						</TextLine>
						<TextLine ID="line_5" HPOS="82" VPOS="350" WIDTH="819" HEIGHT="29">
							<String ID="string_34" HPOS="82" VPOS="350" WIDTH="34" HEIGHT="22" WC="0.93" CONTENT="Hr"/><SP WIDTH="15" VPOS="350" HPOS="116"/>
							<String ID="string_35" HPOS="131" VPOS="350" WIDTH="113" HEIGHT="22" WC="0.92" CONTENT="Lindelöfs"/><SP WIDTH="15" VPOS="350" HPOS="244"/>
							<String ID="string_36" HPOS="259" VPOS="350" WIDTH="109" HEIGHT="22" WC="0.96" CONTENT="uttalande"/><SP WIDTH="16" VPOS="350" HPOS="368"/>
							<String ID="string_37" HPOS="384" VPOS="358" WIDTH="46" HEIGHT="14" WC="0.96" CONTENT="som"/><SP WIDTH="14" VPOS="358" HPOS="430"/>
							<String ID="string_38" HPOS="444" VPOS="351" WIDTH="36" HEIGHT="28" WC="0.93" CONTENT="jag"/><SP WIDTH="14" VPOS="351" HPOS="480"/>
							<String ID="string_39" HPOS="494" VPOS="351" WIDTH="70" HEIGHT="22" WC="0.92" CONTENT="anhöll"/><SP WIDTH="16" VPOS="351" HPOS="564"/>
							<String ID="string_40" HPOS="580" VPOS="359" WIDTH="34" HEIGHT="13" WC="0.93" CONTENT="om"/><SP WIDTH="16" VPOS="359" HPOS="614"/>
							<String ID="string_41" HPOS="630" VPOS="351" WIDTH="66" HEIGHT="22" WC="0.90" CONTENT="ordet."/><SP WIDTH="29" VPOS="351" HPOS="696"/>
							<String ID="string_42" HPOS="725" VPOS="351" WIDTH="42" HEIGHT="28" WC="0.91" CONTENT="Jag"/><SP WIDTH="14" VPOS="351" HPOS="767"/>
							<String ID="string_43" HPOS="781" VPOS="351" WIDTH="63" HEIGHT="28" WC="0.91" CONTENT="hyser"/><SP WIDTH="15" VPOS="351" HPOS="844"/>
							<String ID="string_44" HPOS="859" VPOS="351" WIDTH="42" HEIGHT="22" WC="0.96" CONTENT="den"/>
						</TextLine>
						<TextLine ID="line_6" HPOS="79" VPOS="379" WIDTH="821" HEIGHT="30">
							<String ID="string_45" HPOS="79" VPOS="379" WIDTH="58" HEIGHT="28" WC="0.88" CONTENT="äsigt"/><SP WIDTH="21" VPOS="379" HPOS="137"/>
							<String ID="string_46" HPOS="158" VPOS="382" WIDTH="31" HEIGHT="19" WC="0.95" CONTENT="att"/><SP WIDTH="19" VPOS="382" HPOS="189"/>
							<String ID="string_47" HPOS="208" VPOS="379" WIDTH="70" HEIGHT="21" WC="0.93" CONTENT="denna"/><SP WIDTH="15" VPOS="379" HPOS="278"/>
							<String ID="string_48" HPOS="293" VPOS="379" WIDTH="61" HEIGHT="28" WC="0.92" CONTENT="fräga"/><SP WIDTH="16" VPOS="379" HPOS="354"/>
							<String ID="string_49" HPOS="370" VPOS="381" WIDTH="23" HEIGHT="19" WC="0.97" CONTENT="är"/><SP WIDTH="15" VPOS="381" HPOS="393"/>
							<String ID="string_50" HPOS="408" VPOS="387" WIDTH="26" HEIGHT="13" WC="0.93" CONTENT="en"/><SP WIDTH="16" VPOS="387" HPOS="434"/>
							<String ID="string_51" HPOS="450" VPOS="380" WIDTH="92" HEIGHT="21" WC="0.93" CONTENT="eminent"/><SP WIDTH="15" VPOS="380" HPOS="542"/>
							<String ID="string_52" HPOS="557" VPOS="380" WIDTH="96" HEIGHT="29" WC="0.93" CONTENT="praktisk"/><SP WIDTH="15" VPOS="380" HPOS="653"/>
							<String ID="string_53" HPOS="668" VPOS="379" WIDTH="61" HEIGHT="28" WC="0.92" CONTENT="fräga"/><SP WIDTH="15" VPOS="379" HPOS="729"/>
							<String ID="string_54" HPOS="744" VPOS="379" WIDTH="40" HEIGHT="22" WC="0.93" CONTENT="och"/><SP WIDTH="15" VPOS="379" HPOS="784"/>
							<String ID="string_55" HPOS="799" VPOS="380" WIDTH="47" HEIGHT="21" WC="0.92" CONTENT="icke"/><SP WIDTH="16" VPOS="380" HPOS="846"/>
							<String ID="string_56" HPOS="862" VPOS="380" WIDTH="38" HEIGHT="21" WC="0.91" CONTENT="alls"/>
						</TextLine>
						<TextLine ID="line_7" HPOS="81" VPOS="407" WIDTH="821" HEIGHT="29">
							<String ID="string_57" HPOS="81" VPOS="407" WIDTH="105" HEIGHT="22" WC="0.92" CONTENT="behöfver"/><SP WIDTH="14" VPOS="407" HPOS="186"/>
							<String ID="string_58" HPOS="200" VPOS="410" WIDTH="60" HEIGHT="25" WC="0.93" CONTENT="tagas"/><SP WIDTH="16" VPOS="410" HPOS="260"/>
							<String ID="string_59" HPOS="276" VPOS="407" WIDTH="47" HEIGHT="22" WC="0.92" CONTENT="frän"/><SP WIDTH="16" VPOS="407" HPOS="323"/>
							<String ID="string_60" HPOS="339" VPOS="415" WIDTH="26" HEIGHT="14" WC="0.93" CONTENT="en"/><SP WIDTH="16" VPOS="415" HPOS="365"/>
							<String ID="string_61" HPOS="381" VPOS="407" WIDTH="66" HEIGHT="22" WC="0.93" CONTENT="sädan"/><SP WIDTH="16" VPOS="407" HPOS="447"/>
							<String ID="string_62" HPOS="463" VPOS="409" WIDTH="119" HEIGHT="27" WC="0.92" CONTENT="principiell"/><SP WIDTH="15" VPOS="409" HPOS="582"/>
							<String ID="string_63" HPOS="597" VPOS="408" WIDTH="138" HEIGHT="28" WC="0.91" CONTENT="ständpunkt,"/><SP WIDTH="14" VPOS="408" HPOS="735"/>
							<String ID="string_64" HPOS="749" VPOS="412" WIDTH="52" HEIGHT="18" WC="0.97" CONTENT="utan"/><SP WIDTH="11" VPOS="412" HPOS="801"/>
							<String ID="string_65" HPOS="812" VPOS="409" WIDTH="36" HEIGHT="21" WC="0.93" CONTENT="det"/><SP WIDTH="9" VPOS="409" HPOS="848"/>
							<String ID="string_66" HPOS="857" VPOS="409" WIDTH="45" HEIGHT="27" WC="0.92" CONTENT="gäl-"/>
						</TextLine>
						<TextLine ID="line_8" HPOS="81" VPOS="436" WIDTH="821" HEIGHT="28">
							<String ID="string_67" HPOS="81" VPOS="436" WIDTH="31" HEIGHT="21" WC="0.96" CONTENT="ler"/><SP WIDTH="21" VPOS="436" HPOS="112"/>
							<String ID="string_68" HPOS="133" VPOS="436" WIDTH="75" HEIGHT="27" WC="0.95" CONTENT="frågan"/><SP WIDTH="19" VPOS="436" HPOS="208"/>
							<String ID="string_69" HPOS="227" VPOS="444" WIDTH="41" HEIGHT="18" WC="0.96" CONTENT="om,"/><SP WIDTH="14" VPOS="444" HPOS="268"/>
							<String ID="string_70" HPOS="282" VPOS="436" WIDTH="104" HEIGHT="21" WC="0.96" CONTENT="huruvida"/><SP WIDTH="15" VPOS="436" HPOS="386"/>
							<String ID="string_71" HPOS="401" VPOS="444" WIDTH="48" HEIGHT="13" WC="0.96" CONTENT="man"/><SP WIDTH="17" VPOS="444" HPOS="449"/>
							<String ID="string_72" HPOS="466" VPOS="436" WIDTH="54" HEIGHT="21" WC="0.93" CONTENT="skall"/><SP WIDTH="14" VPOS="436" HPOS="520"/>
							<String ID="string_73" HPOS="534" VPOS="436" WIDTH="23" HEIGHT="21" WC="0.96" CONTENT="få"/><SP WIDTH="14" VPOS="436" HPOS="557"/>
							<String ID="string_74" HPOS="571" VPOS="437" WIDTH="92" HEIGHT="27" WC="0.96" CONTENT="manliga"/><SP WIDTH="16" VPOS="437" HPOS="663"/>
							<String ID="string_75" HPOS="679" VPOS="436" WIDTH="161" HEIGHT="22" WC="0.96" CONTENT="folkskollärare"/><SP WIDTH="15" VPOS="436" HPOS="840"/>
							<String ID="string_76" HPOS="855" VPOS="438" WIDTH="7" HEIGHT="20" WC="0.96" CONTENT="i"/><SP WIDTH="16" VPOS="438" HPOS="862"/>
							<String ID="string_77" HPOS="878" VPOS="436" WIDTH="24" HEIGHT="21" WC="0.96" CONTENT="sä"/>
						</TextLine>
						<TextLine ID="line_9" HPOS="80" VPOS="464" WIDTH="821" HEIGHT="29">
							<String ID="string_78" HPOS="80" VPOS="467" WIDTH="55" HEIGHT="18" WC="0.94" CONTENT="stort"/><SP WIDTH="22" VPOS="467" HPOS="135"/>
							<String ID="string_79" HPOS="157" VPOS="464" WIDTH="63" HEIGHT="23" WC="0.94" CONTENT="antal,"/><SP WIDTH="24" VPOS="464" HPOS="220"/>
							<String ID="string_80" HPOS="244" VPOS="472" WIDTH="44" HEIGHT="13" WC="0.96" CONTENT="som"/><SP WIDTH="24" VPOS="472" HPOS="288"/>
							<String ID="string_81" HPOS="312" VPOS="464" WIDTH="41" HEIGHT="21" WC="0.96" CONTENT="kan"/><SP WIDTH="16" VPOS="464" HPOS="353"/>
							<String ID="string_82" HPOS="369" VPOS="472" WIDTH="62" HEIGHT="13" WC="0.96" CONTENT="anses"/><SP WIDTH="16" VPOS="472" HPOS="431"/>
							<String ID="string_83" HPOS="447" VPOS="465" WIDTH="23" HEIGHT="20" WC="0.93" CONTENT="af"/><SP WIDTH="15" VPOS="465" HPOS="470"/>
							<String ID="string_84" HPOS="485" VPOS="465" WIDTH="102" HEIGHT="21" WC="0.91" CONTENT="behofvet"/><SP WIDTH="15" VPOS="465" HPOS="587"/>
							<String ID="string_85" HPOS="602" VPOS="465" WIDTH="113" HEIGHT="28" WC="0.88" CONTENT="päkalladt."/><SP WIDTH="30" VPOS="465" HPOS="715"/>
							<String ID="string_86" HPOS="745" VPOS="465" WIDTH="42" HEIGHT="28" WC="0.96" CONTENT="Jag"/><SP WIDTH="14" VPOS="465" HPOS="787"/>
							<String ID="string_87" HPOS="801" VPOS="465" WIDTH="37" HEIGHT="21" WC="0.92" CONTENT="vill"/><SP WIDTH="15" VPOS="465" HPOS="838"/>
							<String ID="string_88" HPOS="853" VPOS="465" WIDTH="48" HEIGHT="22" WC="0.96" CONTENT="icke"/>
						</TextLine>
						<TextLine ID="line_10" HPOS="83" VPOS="492" WIDTH="819" HEIGHT="30">
							<String ID="string_89" HPOS="83" VPOS="493" WIDTH="61" HEIGHT="28" WC="0.96" CONTENT="påstå"/><SP WIDTH="16" VPOS="493" HPOS="144"/>
							<String ID="string_90" HPOS="160" VPOS="495" WIDTH="31" HEIGHT="19" WC="0.96" CONTENT="att"/><SP WIDTH="15" VPOS="495" HPOS="191"/>
							<String ID="string_91" HPOS="206" VPOS="492" WIDTH="26" HEIGHT="21" WC="0.93" CONTENT="de"/><SP WIDTH="16" VPOS="492" HPOS="232"/>
							<String ID="string_92" HPOS="248" VPOS="493" WIDTH="92" HEIGHT="27" WC="0.93" CONTENT="manliga"/><SP WIDTH="16" VPOS="493" HPOS="340"/>
							<String ID="string_93" HPOS="356" VPOS="493" WIDTH="93" HEIGHT="21" WC="0.92" CONTENT="lärarene"/><SP WIDTH="16" VPOS="493" HPOS="449"/>
							<String ID="string_94" HPOS="465" VPOS="495" WIDTH="36" HEIGHT="20" WC="0.96" CONTENT="äro"/><SP WIDTH="15" VPOS="495" HPOS="501"/>
							<String ID="string_95" HPOS="516" VPOS="493" WIDTH="127" HEIGHT="28" WC="0.96" CONTENT="skickligare"/><SP WIDTH="16" VPOS="493" HPOS="643"/>
							<String ID="string_96" HPOS="659" VPOS="495" WIDTH="26" HEIGHT="20" WC="0.97" CONTENT="än"/><SP WIDTH="16" VPOS="495" HPOS="685"/>
							<String ID="string_97" HPOS="701" VPOS="493" WIDTH="26" HEIGHT="21" WC="0.93" CONTENT="de"/><SP WIDTH="11" VPOS="493" HPOS="727"/>
							<String ID="string_98" HPOS="738" VPOS="493" WIDTH="100" HEIGHT="29" WC="0.92" CONTENT="gvinliga."/><SP WIDTH="22" VPOS="493" HPOS="838"/>
							<String ID="string_99" HPOS="860" VPOS="494" WIDTH="42" HEIGHT="27" WC="0.96" CONTENT="Jag"/>
						</TextLine>
						<TextLine ID="line_11" HPOS="82" VPOS="521" WIDTH="820" HEIGHT="29">
							<String ID="string_100" HPOS="82" VPOS="521" WIDTH="37" HEIGHT="22" WC="0.93" CONTENT="vill"/><SP WIDTH="15" VPOS="521" HPOS="119"/>
							<String ID="string_101" HPOS="134" VPOS="521" WIDTH="48" HEIGHT="22" WC="0.92" CONTENT="icke"/><SP WIDTH="14" VPOS="521" HPOS="182"/>
							<String ID="string_102" HPOS="196" VPOS="521" WIDTH="66" HEIGHT="22" WC="0.92" CONTENT="inläta"/><SP WIDTH="14" VPOS="521" HPOS="262"/>
							<String ID="string_103" HPOS="276" VPOS="523" WIDTH="45" HEIGHT="25" WC="0.96" CONTENT="mig"/><SP WIDTH="14" VPOS="523" HPOS="321"/>
							<String ID="string_104" HPOS="335" VPOS="521" WIDTH="28" HEIGHT="28" WC="0.96" CONTENT="pä"/><SP WIDTH="15" VPOS="521" HPOS="363"/>
							<String ID="string_105" HPOS="378" VPOS="521" WIDTH="42" HEIGHT="22" WC="0.93" CONTENT="den"/><SP WIDTH="14" VPOS="521" HPOS="420"/>
							<String ID="string_106" HPOS="434" VPOS="521" WIDTH="82" HEIGHT="28" WC="0.91" CONTENT="frägan,"/><SP WIDTH="16" VPOS="521" HPOS="516"/>
							<String ID="string_107" HPOS="532" VPOS="529" WIDTH="47" HEIGHT="14" WC="0.93" CONTENT="men"/><SP WIDTH="16" VPOS="529" HPOS="579"/>
							<String ID="string_108" HPOS="595" VPOS="521" WIDTH="117" HEIGHT="22" WC="0.91" CONTENT="emellertid"/><SP WIDTH="15" VPOS="521" HPOS="712"/>
							<String ID="string_109" HPOS="727" VPOS="524" WIDTH="23" HEIGHT="19" WC="0.96" CONTENT="är"/><SP WIDTH="10" VPOS="524" HPOS="750"/>
							<String ID="string_110" HPOS="760" VPOS="522" WIDTH="37" HEIGHT="21" WC="0.96" CONTENT="det"/><SP WIDTH="9" VPOS="522" HPOS="797"/>
							<String ID="string_111" HPOS="806" VPOS="523" WIDTH="21" HEIGHT="27" WC="0.93" CONTENT="ju"/><SP WIDTH="11" VPOS="523" HPOS="827"/>
							<String ID="string_112" HPOS="838" VPOS="523" WIDTH="64" HEIGHT="20" WC="0.93" CONTENT="önsk-"/>
						</TextLine>
						<TextLine ID="line_12" HPOS="82" VPOS="549" WIDTH="820" HEIGHT="30">
							<String ID="string_113" HPOS="82" VPOS="549" WIDTH="63" HEIGHT="22" WC="0.92" CONTENT="värdt"/><SP WIDTH="21" VPOS="549" HPOS="145"/>
							<String ID="string_114" HPOS="166" VPOS="553" WIDTH="32" HEIGHT="18" WC="0.93" CONTENT="att"/><SP WIDTH="22" VPOS="553" HPOS="198"/>
							<String ID="string_115" HPOS="220" VPOS="550" WIDTH="229" HEIGHT="21" WC="0.92" CONTENT="folkskollärarekären"/><SP WIDTH="23" VPOS="550" HPOS="449"/>
							<String ID="string_116" HPOS="472" VPOS="551" WIDTH="127" HEIGHT="21" WC="0.95" CONTENT="åtminstone"/><SP WIDTH="15" VPOS="551" HPOS="599"/>
							<String ID="string_117" HPOS="614" VPOS="551" WIDTH="33" HEIGHT="20" WC="0.93" CONTENT="till"/><SP WIDTH="15" VPOS="551" HPOS="647"/>
							<String ID="string_118" HPOS="662" VPOS="551" WIDTH="47" HEIGHT="21" WC="0.96" CONTENT="icke"/><SP WIDTH="16" VPOS="551" HPOS="709"/>
							<String ID="string_119" HPOS="725" VPOS="551" WIDTH="110" HEIGHT="28" WC="0.95" CONTENT="oansenlig"/><SP WIDTH="14" VPOS="551" HPOS="835"/>
							<String ID="string_120" HPOS="849" VPOS="550" WIDTH="53" HEIGHT="29" WC="0.96" CONTENT="grad"/>
						</TextLine>
						<TextLine ID="line_13" HPOS="81" VPOS="579" WIDTH="821" HEIGHT="28">
							<String ID="string_121" HPOS="81" VPOS="579" WIDTH="54" HEIGHT="21" WC="0.92" CONTENT="skall"/><SP WIDTH="16" VPOS="579" HPOS="135"/>
							<String ID="string_122" HPOS="151" VPOS="579" WIDTH="120" HEIGHT="28" WC="0.91" CONTENT="rekryteras"/><SP WIDTH="15" VPOS="579" HPOS="271"/>
							<String ID="string_123" HPOS="286" VPOS="579" WIDTH="24" HEIGHT="20" WC="0.96" CONTENT="af"/><SP WIDTH="15" VPOS="579" HPOS="310"/>
							<String ID="string_124" HPOS="325" VPOS="580" WIDTH="53" HEIGHT="20" WC="0.93" CONTENT="män."/><SP WIDTH="23" VPOS="580" HPOS="378"/>
							<String ID="string_125" HPOS="401" VPOS="579" WIDTH="59" HEIGHT="21" WC="0.92" CONTENT="Skall"/><SP WIDTH="15" VPOS="579" HPOS="460"/>
							<String ID="string_126" HPOS="475" VPOS="587" WIDTH="48" HEIGHT="13" WC="0.93" CONTENT="man"/><SP WIDTH="15" VPOS="587" HPOS="523"/>
							<String ID="string_127" HPOS="538" VPOS="579" WIDTH="23" HEIGHT="21" WC="0.92" CONTENT="fä"/><SP WIDTH="15" VPOS="579" HPOS="561"/>
							<String ID="string_128" HPOS="576" VPOS="579" WIDTH="131" HEIGHT="28" WC="0.91" CONTENT="nägorlunda"/><SP WIDTH="16" VPOS="579" HPOS="707"/>
							<String ID="string_129" HPOS="723" VPOS="579" WIDTH="114" HEIGHT="28" WC="0.92" CONTENT="ordentligt"/><SP WIDTH="12" VPOS="579" HPOS="837"/>
							<String ID="string_130" HPOS="849" VPOS="580" WIDTH="53" HEIGHT="26" WC="0.96" CONTENT="folk,"/>
						</TextLine>
						<TextLine ID="line_14" HPOS="81" VPOS="607" WIDTH="821" HEIGHT="28">
							<String ID="string_131" HPOS="81" VPOS="607" WIDTH="24" HEIGHT="21" WC="0.93" CONTENT="sä"/><SP WIDTH="15" VPOS="607" HPOS="105"/>
							<String ID="string_132" HPOS="120" VPOS="607" WIDTH="67" HEIGHT="21" WC="0.96" CONTENT="måste"/><SP WIDTH="16" VPOS="607" HPOS="187"/>
							<String ID="string_133" HPOS="203" VPOS="615" WIDTH="48" HEIGHT="13" WC="0.96" CONTENT="man"/><SP WIDTH="16" VPOS="615" HPOS="251"/>
							<String ID="string_134" HPOS="267" VPOS="607" WIDTH="87" HEIGHT="28" WC="0.96" CONTENT="erbjuda"/><SP WIDTH="11" VPOS="607" HPOS="354"/>
							<String ID="string_135" HPOS="365" VPOS="607" WIDTH="48" HEIGHT="22" WC="0.93" CONTENT="dem"/><SP WIDTH="13" VPOS="607" HPOS="413"/>
							<String ID="string_136" HPOS="426" VPOS="607" WIDTH="131" HEIGHT="28" WC="0.93" CONTENT="någorlunda"/><SP WIDTH="10" VPOS="607" HPOS="557"/>
							<String ID="string_137" HPOS="567" VPOS="607" WIDTH="197" HEIGHT="22" WC="0.53" CONTENT="tillfredsställande"/><SP WIDTH="11" VPOS="607" HPOS="764"/>
							<String ID="string_138" HPOS="775" VPOS="608" WIDTH="74" HEIGHT="26" WC="0.95" CONTENT="vilkor,"/><SP WIDTH="13" VPOS="608" HPOS="849"/>
							<String ID="string_139" HPOS="862" VPOS="609" WIDTH="40" HEIGHT="20" WC="0.96" CONTENT="och"/>
						</TextLine>
						<TextLine ID="line_15" HPOS="82" VPOS="635" WIDTH="820" HEIGHT="29">
							<String ID="string_140" HPOS="82" VPOS="635" WIDTH="28" HEIGHT="22" WC="0.91" CONTENT="då"/><SP WIDTH="23" VPOS="635" HPOS="110"/>
							<String ID="string_141" HPOS="133" VPOS="635" WIDTH="229" HEIGHT="22" WC="0.92" CONTENT="lefnadskostnaderna"/><SP WIDTH="15" VPOS="635" HPOS="362"/>
							<String ID="string_142" HPOS="377" VPOS="636" WIDTH="35" HEIGHT="21" WC="0.96" CONTENT="för"/><SP WIDTH="20" VPOS="636" HPOS="412"/>
							<String ID="string_143" HPOS="432" VPOS="635" WIDTH="48" HEIGHT="28" WC="0.96" CONTENT="den,"/><SP WIDTH="22" VPOS="635" HPOS="480"/>
							<String ID="string_144" HPOS="502" VPOS="644" WIDTH="45" HEIGHT="14" WC="0.96" CONTENT="som"/><SP WIDTH="22" VPOS="644" HPOS="547"/>
							<String ID="string_145" HPOS="569" VPOS="636" WIDTH="54" HEIGHT="21" WC="0.93" CONTENT="skall"/><SP WIDTH="15" VPOS="636" HPOS="623"/>
							<String ID="string_146" HPOS="638" VPOS="636" WIDTH="124" HEIGHT="21" WC="0.71" CONTENT="underhålla"/><SP WIDTH="15" VPOS="636" HPOS="762"/>
							<String ID="string_147" HPOS="777" VPOS="637" WIDTH="73" HEIGHT="27" WC="0.95" CONTENT="familj,"/><SP WIDTH="16" VPOS="637" HPOS="850"/>
							<String ID="string_148" HPOS="866" VPOS="639" WIDTH="36" HEIGHT="19" WC="0.96" CONTENT="äro"/>
						</TextLine>
						<TextLine ID="line_16" HPOS="81" VPOS="665" WIDTH="821" HEIGHT="28">
							<String ID="string_149" HPOS="81" VPOS="666" WIDTH="68" HEIGHT="20" WC="0.96" CONTENT="större"/><SP WIDTH="21" VPOS="666" HPOS="149"/>
							<String ID="string_150" HPOS="170" VPOS="666" WIDTH="27" HEIGHT="19" WC="0.96" CONTENT="än"/><SP WIDTH="15" VPOS="666" HPOS="197"/>
							<String ID="string_151" HPOS="212" VPOS="665" WIDTH="35" HEIGHT="20" WC="0.96" CONTENT="för"/><SP WIDTH="15" VPOS="665" HPOS="247"/>
							<String ID="string_152" HPOS="262" VPOS="665" WIDTH="48" HEIGHT="25" WC="0.96" CONTENT="den,"/><SP WIDTH="15" VPOS="665" HPOS="310"/>
							<String ID="string_153" HPOS="325" VPOS="672" WIDTH="46" HEIGHT="13" WC="0.93" CONTENT="som"/><SP WIDTH="16" VPOS="672" HPOS="371"/>
							<String ID="string_154" HPOS="387" VPOS="665" WIDTH="47" HEIGHT="20" WC="0.91" CONTENT="icke"/><SP WIDTH="16" VPOS="665" HPOS="434"/>
							<String ID="string_155" HPOS="450" VPOS="665" WIDTH="53" HEIGHT="21" WC="0.96" CONTENT="skall"/><SP WIDTH="14" VPOS="665" HPOS="503"/>
							<String ID="string_156" HPOS="517" VPOS="667" WIDTH="51" HEIGHT="26" WC="0.96" CONTENT="göra"/><SP WIDTH="16" VPOS="667" HPOS="568"/>
							<String ID="string_157" HPOS="584" VPOS="665" WIDTH="42" HEIGHT="26" WC="0.96" CONTENT="det,"/><SP WIDTH="15" VPOS="665" HPOS="626"/>
							<String ID="string_158" HPOS="641" VPOS="665" WIDTH="24" HEIGHT="20" WC="0.96" CONTENT="sä"/><SP WIDTH="15" VPOS="665" HPOS="665"/>
							<String ID="string_159" HPOS="680" VPOS="667" WIDTH="23" HEIGHT="19" WC="0.96" CONTENT="är"/><SP WIDTH="15" VPOS="667" HPOS="703"/>
							<String ID="string_160" HPOS="718" VPOS="665" WIDTH="37" HEIGHT="21" WC="0.96" CONTENT="det"/><SP WIDTH="15" VPOS="665" HPOS="755"/>
							<String ID="string_161" HPOS="770" VPOS="665" WIDTH="132" HEIGHT="28" WC="0.96" CONTENT="nödvändigt"/>
						</TextLine>
						<TextLine ID="line_17" HPOS="81" VPOS="693" WIDTH="822" HEIGHT="28">
							<String ID="string_162" HPOS="81" VPOS="696" WIDTH="33" HEIGHT="19" WC="0.90" CONTENT="att"/><SP WIDTH="22" VPOS="696" HPOS="114"/>
							<String ID="string_163" HPOS="136" VPOS="693" WIDTH="62" HEIGHT="21" WC="0.96" CONTENT="ställa"/><SP WIDTH="15" VPOS="693" HPOS="198"/>
							<String ID="string_164" HPOS="213" VPOS="693" WIDTH="41" HEIGHT="22" WC="0.93" CONTENT="den"/><SP WIDTH="15" VPOS="693" HPOS="254"/>
							<String ID="string_165" HPOS="269" VPOS="693" WIDTH="69" HEIGHT="22" WC="0.93" CONTENT="förres"/><SP WIDTH="15" VPOS="693" HPOS="338"/>
							<String ID="string_166" HPOS="353" VPOS="693" WIDTH="147" HEIGHT="22" WC="0.96" CONTENT="förhållanden"/><SP WIDTH="16" VPOS="693" HPOS="500"/>
							<String ID="string_167" HPOS="516" VPOS="693" WIDTH="64" HEIGHT="28" WC="0.93" CONTENT="något"/><SP WIDTH="15" VPOS="693" HPOS="580"/>
							<String ID="string_168" HPOS="595" VPOS="693" WIDTH="156" HEIGHT="28" WC="0.92" CONTENT="förmänligare,"/><SP WIDTH="15" VPOS="693" HPOS="751"/>
							<String ID="string_169" HPOS="766" VPOS="701" WIDTH="77" HEIGHT="14" WC="0.96" CONTENT="annars"/><SP WIDTH="16" VPOS="701" HPOS="843"/>
							<String ID="string_170" HPOS="859" VPOS="694" WIDTH="44" HEIGHT="21" WC="0.96" CONTENT="står"/>
						</TextLine>
						<TextLine ID="line_18" HPOS="82" VPOS="721" WIDTH="821" HEIGHT="23">
							<String ID="string_171" HPOS="82" VPOS="730" WIDTH="47" HEIGHT="13" WC="0.96" CONTENT="man"/><SP WIDTH="17" VPOS="730" HPOS="129"/>
							<String ID="string_172" HPOS="146" VPOS="722" WIDTH="57" HEIGHT="21" WC="0.94" CONTENT="inför"/><SP WIDTH="15" VPOS="722" HPOS="203"/>
							<String ID="string_173" HPOS="218" VPOS="721" WIDTH="40" HEIGHT="22" WC="0.93" CONTENT="den"/><SP WIDTH="16" VPOS="721" HPOS="258"/>
							<String ID="string_174" HPOS="274" VPOS="722" WIDTH="166" HEIGHT="21" WC="0.91" CONTENT="eventualiteten"/><SP WIDTH="16" VPOS="722" HPOS="440"/>
							<String ID="string_175" HPOS="456" VPOS="725" WIDTH="32" HEIGHT="18" WC="0.96" CONTENT="att"/><SP WIDTH="13" VPOS="725" HPOS="488"/>
							<String ID="string_176" HPOS="501" VPOS="723" WIDTH="24" HEIGHT="20" WC="0.96" CONTENT="få"/><SP WIDTH="14" VPOS="723" HPOS="525"/>
							<String ID="string_177" HPOS="539" VPOS="724" WIDTH="69" HEIGHT="19" WC="0.96" CONTENT="sämre"/><SP WIDTH="15" VPOS="724" HPOS="608"/>
							<String ID="string_178" HPOS="623" VPOS="722" WIDTH="92" HEIGHT="21" WC="0.96" CONTENT="element"/><SP WIDTH="15" VPOS="722" HPOS="715"/>
							<String ID="string_179" HPOS="730" VPOS="723" WIDTH="51" HEIGHT="20" WC="0.96" CONTENT="eller"/><SP WIDTH="15" VPOS="723" HPOS="781"/>
							<String ID="string_180" HPOS="796" VPOS="722" WIDTH="65" HEIGHT="22" WC="0.96" CONTENT="också"/><SP WIDTH="10" VPOS="722" HPOS="861"/>
							<String ID="string_181" HPOS="871" VPOS="725" WIDTH="32" HEIGHT="18" WC="0.96" CONTENT="att"/>
						</TextLine>
						<TextLine ID="line_19" HPOS="81" VPOS="751" WIDTH="821" HEIGHT="28">
							<String ID="string_182" HPOS="81" VPOS="751" WIDTH="82" HEIGHT="22" WC="0.96" CONTENT="läraren"/><SP WIDTH="23" VPOS="751" HPOS="163"/>
							<String ID="string_183" HPOS="186" VPOS="751" WIDTH="152" HEIGHT="22" WC="0.93" CONTENT="företrädesvis"/><SP WIDTH="23" VPOS="751" HPOS="338"/>
							<String ID="string_184" HPOS="361" VPOS="758" WIDTH="65" HEIGHT="20" WC="0.92" CONTENT="egnar"/><SP WIDTH="23" VPOS="758" HPOS="426"/>
							<String ID="string_185" HPOS="449" VPOS="751" WIDTH="33" HEIGHT="28" WC="0.96" CONTENT="sig"/><SP WIDTH="21" VPOS="751" HPOS="482"/>
							<String ID="string_186" HPOS="503" VPOS="751" WIDTH="22" HEIGHT="22" WC="0.91" CONTENT="åt"/><SP WIDTH="22" VPOS="751" HPOS="525"/>
							<String ID="string_187" HPOS="547" VPOS="751" WIDTH="101" HEIGHT="22" WC="0.88" CONTENT="sidovärf."/><SP WIDTH="29" VPOS="751" HPOS="648"/>
							<String ID="string_188" HPOS="677" VPOS="751" WIDTH="52" HEIGHT="22" WC="0.95" CONTENT="Man"/><SP WIDTH="24" VPOS="751" HPOS="729"/>
							<String ID="string_189" HPOS="753" VPOS="759" WIDTH="34" HEIGHT="14" WC="0.95" CONTENT="ser"/><SP WIDTH="20" VPOS="759" HPOS="787"/>
							<String ID="string_190" HPOS="807" VPOS="751" WIDTH="47" HEIGHT="22" WC="0.93" CONTENT="dem"/><SP WIDTH="15" VPOS="751" HPOS="854"/>
							<String ID="string_191" HPOS="869" VPOS="759" WIDTH="33" HEIGHT="14" WC="0.92" CONTENT="re-"/>
						</TextLine>
						<TextLine ID="line_20" HPOS="82" VPOS="779" WIDTH="821" HEIGHT="29">
							<String ID="string_192" HPOS="82" VPOS="779" WIDTH="41" HEIGHT="22" WC="0.96" CONTENT="dan"/><SP WIDTH="16" VPOS="779" HPOS="123"/>
							<String ID="string_193" HPOS="139" VPOS="781" WIDTH="52" HEIGHT="26" WC="0.96" CONTENT="göra"/><SP WIDTH="23" VPOS="781" HPOS="191"/>
							<String ID="string_194" HPOS="214" VPOS="779" WIDTH="37" HEIGHT="22" WC="0.96" CONTENT="det"/><SP WIDTH="21" VPOS="779" HPOS="251"/>
							<String ID="string_195" HPOS="272" VPOS="780" WIDTH="82" HEIGHT="27" WC="0.96" CONTENT="ganska"/><SP WIDTH="23" VPOS="780" HPOS="354"/>
							<String ID="string_196" HPOS="377" VPOS="780" WIDTH="87" HEIGHT="21" WC="0.95" CONTENT="allmänt"/><SP WIDTH="19" VPOS="780" HPOS="464"/>
							<String ID="string_197" HPOS="483" VPOS="780" WIDTH="34" HEIGHT="21" WC="0.96" CONTENT="för"/><SP WIDTH="14" VPOS="780" HPOS="517"/>
							<String ID="string_198" HPOS="531" VPOS="783" WIDTH="32" HEIGHT="18" WC="0.96" CONTENT="att"/><SP WIDTH="15" VPOS="783" HPOS="563"/>
							<String ID="string_199" HPOS="578" VPOS="780" WIDTH="74" HEIGHT="28" WC="0.96" CONTENT="bringa"/><SP WIDTH="15" VPOS="780" HPOS="652"/>
							<String ID="string_200" HPOS="667" VPOS="787" WIDTH="28" HEIGHT="21" WC="0.96" CONTENT="upp"/><SP WIDTH="31" VPOS="787" HPOS="695"/>
							<String ID="string_201" HPOS="726" VPOS="781" WIDTH="45" HEIGHT="20" WC="0.96" CONTENT="sina"/><SP WIDTH="15" VPOS="781" HPOS="771"/>
							<String ID="string_202" HPOS="786" VPOS="780" WIDTH="117" HEIGHT="22" WC="0.96" CONTENT="inkomster"/>
						</TextLine>
						<TextLine ID="line_21" HPOS="82" VPOS="808" WIDTH="820" HEIGHT="29">
							<String ID="string_203" HPOS="82" VPOS="809" WIDTH="32" HEIGHT="20" WC="0.90" CONTENT="till"/><SP WIDTH="23" VPOS="809" HPOS="114"/>
							<String ID="string_204" HPOS="137" VPOS="809" WIDTH="41" HEIGHT="25" WC="0.91" CONTENT="det,"/><SP WIDTH="22" VPOS="809" HPOS="178"/>
							<String ID="string_205" HPOS="200" VPOS="809" WIDTH="68" HEIGHT="21" WC="0.95" CONTENT="under"/><SP WIDTH="22" VPOS="809" HPOS="268"/>
							<String ID="string_206" HPOS="290" VPOS="809" WIDTH="82" HEIGHT="21" WC="0.96" CONTENT="hvilket"/><SP WIDTH="22" VPOS="809" HPOS="372"/>
							<String ID="string_207" HPOS="394" VPOS="808" WIDTH="115" HEIGHT="28" WC="0.96" CONTENT="utgifterna"/><SP WIDTH="19" VPOS="808" HPOS="509"/>
							<String ID="string_208" HPOS="528" VPOS="810" WIDTH="48" HEIGHT="21" WC="0.96" CONTENT="icke"/><SP WIDTH="15" VPOS="810" HPOS="576"/>
							<String ID="string_209" HPOS="591" VPOS="809" WIDTH="44" HEIGHT="21" WC="0.96" CONTENT="låta"/><SP WIDTH="13" VPOS="809" HPOS="635"/>
							<String ID="string_210" HPOS="648" VPOS="811" WIDTH="75" HEIGHT="26" WC="0.96" CONTENT="trycka"/><SP WIDTH="16" VPOS="811" HPOS="723"/>
							<String ID="string_211" HPOS="739" VPOS="809" WIDTH="41" HEIGHT="21" WC="0.96" CONTENT="ned"/><SP WIDTH="15" VPOS="809" HPOS="780"/>
							<String ID="string_212" HPOS="795" VPOS="810" WIDTH="39" HEIGHT="27" WC="0.93" CONTENT="sig,"/><SP WIDTH="14" VPOS="810" HPOS="834"/>
							<String ID="string_213" HPOS="848" VPOS="809" WIDTH="54" HEIGHT="21" WC="0.91" CONTENT="hvil-"/>
						</TextLine>
						<TextLine ID="line_22" HPOS="83" VPOS="837" WIDTH="820" HEIGHT="28">
							<String ID="string_214" HPOS="83" VPOS="837" WIDTH="36" HEIGHT="21" WC="0.91" CONTENT="ket"/><SP WIDTH="14" VPOS="837" HPOS="119"/>
							<String ID="string_215" HPOS="133" VPOS="837" WIDTH="133" HEIGHT="21" WC="0.91" CONTENT="förbållande"/><SP WIDTH="15" VPOS="837" HPOS="266"/>
							<String ID="string_216" HPOS="281" VPOS="838" WIDTH="7" HEIGHT="20" WC="0.96" CONTENT="i"/><SP WIDTH="16" VPOS="838" HPOS="288"/>
							<String ID="string_217" HPOS="304" VPOS="837" WIDTH="76" HEIGHT="28" WC="0.96" CONTENT="många"/><SP WIDTH="14" VPOS="837" HPOS="380"/>
							<String ID="string_218" HPOS="394" VPOS="837" WIDTH="38" HEIGHT="21" WC="0.96" CONTENT="fall"/><SP WIDTH="16" VPOS="837" HPOS="432"/>
							<String ID="string_219" HPOS="448" VPOS="839" WIDTH="22" HEIGHT="19" WC="0.96" CONTENT="är"/><SP WIDTH="15" VPOS="839" HPOS="470"/>
							<String ID="string_220" HPOS="485" VPOS="838" WIDTH="32" HEIGHT="21" WC="0.96" CONTENT="till"/><SP WIDTH="10" VPOS="838" HPOS="517"/>
							<String ID="string_221" HPOS="527" VPOS="837" WIDTH="67" HEIGHT="22" WC="0.96" CONTENT="skada"/><SP WIDTH="11" VPOS="837" HPOS="594"/>
							<String ID="string_222" HPOS="605" VPOS="837" WIDTH="33" HEIGHT="22" WC="0.96" CONTENT="för"/><SP WIDTH="12" VPOS="837" HPOS="638"/>
							<String ID="string_223" HPOS="650" VPOS="837" WIDTH="186" HEIGHT="28" WC="0.94" CONTENT="undervisningen."/><SP WIDTH="23" VPOS="837" HPOS="836"/>
							<String ID="string_224" HPOS="859" VPOS="838" WIDTH="44" HEIGHT="21" WC="0.95" CONTENT="Det"/>
						</TextLine>
						<TextLine ID="line_23" HPOS="82" VPOS="866" WIDTH="820" HEIGHT="29">
							<String ID="string_225" HPOS="82" VPOS="868" WIDTH="24" HEIGHT="19" WC="0.96" CONTENT="är"/><SP WIDTH="21" VPOS="868" HPOS="106"/>
							<String ID="string_226" HPOS="127" VPOS="866" WIDTH="28" HEIGHT="29" WC="0.96" CONTENT="på"/><SP WIDTH="22" VPOS="866" HPOS="155"/>
							<String ID="string_227" HPOS="177" VPOS="866" WIDTH="70" HEIGHT="21" WC="0.96" CONTENT="denna"/><SP WIDTH="21" VPOS="866" HPOS="247"/>
							<String ID="string_228" HPOS="268" VPOS="869" WIDTH="48" HEIGHT="18" WC="0.96" CONTENT="rent"/><SP WIDTH="22" VPOS="869" HPOS="316"/>
							<String ID="string_229" HPOS="338" VPOS="866" WIDTH="109" HEIGHT="29" WC="0.95" CONTENT="praktiska"/><SP WIDTH="21" VPOS="866" HPOS="447"/>
							<String ID="string_230" HPOS="468" VPOS="867" WIDTH="68" HEIGHT="27" WC="0.96" CONTENT="grund"/><SP WIDTH="23" VPOS="867" HPOS="536"/>
							<String ID="string_231" HPOS="559" VPOS="874" WIDTH="45" HEIGHT="14" WC="0.95" CONTENT="som"/><SP WIDTH="19" VPOS="874" HPOS="604"/>
							<String ID="string_232" HPOS="623" VPOS="867" WIDTH="36" HEIGHT="28" WC="0.96" CONTENT="jag"/><SP WIDTH="22" VPOS="867" HPOS="659"/>
							<String ID="string_233" HPOS="681" VPOS="866" WIDTH="37" HEIGHT="21" WC="0.96" CONTENT="ber"/><SP WIDTH="15" VPOS="866" HPOS="718"/>
							<String ID="string_234" HPOS="733" VPOS="869" WIDTH="31" HEIGHT="19" WC="0.96" CONTENT="att"/><SP WIDTH="15" VPOS="869" HPOS="764"/>
							<String ID="string_235" HPOS="779" VPOS="867" WIDTH="22" HEIGHT="20" WC="0.96" CONTENT="få"/><SP WIDTH="15" VPOS="867" HPOS="801"/>
							<String ID="string_236" HPOS="816" VPOS="867" WIDTH="86" HEIGHT="21" WC="0.96" CONTENT="förorda"/>
						</TextLine>
						<TextLine ID="line_24" HPOS="83" VPOS="895" WIDTH="159" HEIGHT="28">
							<String ID="string_237" HPOS="83" VPOS="895" WIDTH="159" HEIGHT="28" WC="0.88" CONTENT="inbjudningen."/>
						</TextLine>
					</TextBlock>
					<TextBlock ID="block_3" HPOS="81" VPOS="923" WIDTH="823" HEIGHT="286">
						<TextLine ID="line_25" HPOS="151" VPOS="923" WIDTH="752" HEIGHT="26">
							<String ID="string_238" HPOS="151" VPOS="923" WIDTH="65" HEIGHT="21" WC="0.96" CONTENT="Hvad"/><SP WIDTH="22" VPOS="923" HPOS="216"/>
							<String ID="string_239" HPOS="238" VPOS="923" WIDTH="100" HEIGHT="21" WC="0.96" CONTENT="beträffar"/><SP WIDTH="14" VPOS="923" HPOS="338"/>
							<String ID="string_240" HPOS="352" VPOS="923" WIDTH="42" HEIGHT="21" WC="0.96" CONTENT="den"/><SP WIDTH="16" VPOS="923" HPOS="394"/>
							<String ID="string_241" HPOS="410" VPOS="924" WIDTH="46" HEIGHT="20" WC="0.96" CONTENT="sida"/><SP WIDTH="16" VPOS="924" HPOS="456"/>
							<String ID="string_242" HPOS="472" VPOS="924" WIDTH="22" HEIGHT="20" WC="0.96" CONTENT="af"/><SP WIDTH="15" VPOS="924" HPOS="494"/>
							<String ID="string_243" HPOS="509" VPOS="924" WIDTH="71" HEIGHT="25" WC="0.96" CONTENT="saken,"/><SP WIDTH="16" VPOS="924" HPOS="580"/>
							<String ID="string_244" HPOS="596" VPOS="931" WIDTH="46" HEIGHT="13" WC="0.96" CONTENT="som"/><SP WIDTH="16" VPOS="931" HPOS="642"/>
							<String ID="string_245" HPOS="658" VPOS="923" WIDTH="23" HEIGHT="21" WC="0.96" CONTENT="af"/><SP WIDTH="14" VPOS="923" HPOS="681"/>
							<String ID="string_246" HPOS="695" VPOS="923" WIDTH="34" HEIGHT="21" WC="0.92" CONTENT="Hr"/><SP WIDTH="14" VPOS="923" HPOS="729"/>
							<String ID="string_247" HPOS="743" VPOS="923" WIDTH="108" HEIGHT="22" WC="0.91" CONTENT="Mechelin"/><SP WIDTH="16" VPOS="923" HPOS="851"/>
							<String ID="string_248" HPOS="867" VPOS="924" WIDTH="36" HEIGHT="20" WC="0.92" CONTENT="be-"/>
						</TextLine>
						<TextLine ID="line_26" HPOS="83" VPOS="951" WIDTH="820" HEIGHT="29">
							<String ID="string_249" HPOS="83" VPOS="953" WIDTH="61" HEIGHT="25" WC="0.92" CONTENT="rörts,"/><SP WIDTH="15" VPOS="953" HPOS="144"/>
							<String ID="string_250" HPOS="159" VPOS="951" WIDTH="24" HEIGHT="22" WC="0.96" CONTENT="så"/><SP WIDTH="15" VPOS="951" HPOS="183"/>
							<String ID="string_251" HPOS="198" VPOS="959" WIDTH="51" HEIGHT="14" WC="0.96" CONTENT="vore"/><SP WIDTH="16" VPOS="959" HPOS="249"/>
							<String ID="string_252" HPOS="265" VPOS="952" WIDTH="36" HEIGHT="21" WC="0.96" CONTENT="det"/><SP WIDTH="15" VPOS="952" HPOS="301"/>
							<String ID="string_253" HPOS="316" VPOS="955" WIDTH="51" HEIGHT="18" WC="0.93" CONTENT="utan"/><SP WIDTH="15" VPOS="955" HPOS="367"/>
							<String ID="string_254" HPOS="382" VPOS="952" WIDTH="78" HEIGHT="21" WC="0.90" CONTENT="tvifvel"/><SP WIDTH="15" VPOS="952" HPOS="460"/>
							<String ID="string_255" HPOS="475" VPOS="952" WIDTH="98" HEIGHT="28" WC="0.92" CONTENT="riktigast"/><SP WIDTH="15" VPOS="952" HPOS="573"/>
							<String ID="string_256" HPOS="588" VPOS="955" WIDTH="31" HEIGHT="18" WC="0.97" CONTENT="att"/><SP WIDTH="14" VPOS="955" HPOS="619"/>
							<String ID="string_257" HPOS="633" VPOS="952" WIDTH="55" HEIGHT="21" WC="0.96" CONTENT="först"/><SP WIDTH="10" VPOS="952" HPOS="688"/>
							<String ID="string_258" HPOS="698" VPOS="953" WIDTH="107" HEIGHT="20" WC="0.96" CONTENT="remittera"/><SP WIDTH="10" VPOS="953" HPOS="805"/>
							<String ID="string_259" HPOS="815" VPOS="952" WIDTH="88" HEIGHT="22" WC="0.96" CONTENT="ärendet"/>
						</TextLine>
						<TextLine ID="line_27" HPOS="82" VPOS="980" WIDTH="822" HEIGHT="28">
							<String ID="string_260" HPOS="82" VPOS="980" WIDTH="33" HEIGHT="21" WC="0.93" CONTENT="till"/><SP WIDTH="22" VPOS="980" HPOS="115"/>
							<String ID="string_261" HPOS="137" VPOS="981" WIDTH="164" HEIGHT="21" WC="0.96" CONTENT="Statsutskottet"/><SP WIDTH="22" VPOS="981" HPOS="301"/>
							<String ID="string_262" HPOS="323" VPOS="980" WIDTH="34" HEIGHT="21" WC="0.96" CONTENT="för"/><SP WIDTH="22" VPOS="980" HPOS="357"/>
							<String ID="string_263" HPOS="379" VPOS="983" WIDTH="31" HEIGHT="18" WC="0.93" CONTENT="att"/><SP WIDTH="22" VPOS="983" HPOS="410"/>
							<String ID="string_264" HPOS="432" VPOS="980" WIDTH="94" HEIGHT="22" WC="0.91" CONTENT="derifrån"/><SP WIDTH="22" VPOS="980" HPOS="526"/>
							<String ID="string_265" HPOS="548" VPOS="980" WIDTH="23" HEIGHT="22" WC="0.96" CONTENT="få"/><SP WIDTH="22" VPOS="980" HPOS="571"/>
							<String ID="string_266" HPOS="593" VPOS="988" WIDTH="26" HEIGHT="13" WC="0.96" CONTENT="en"/><SP WIDTH="16" VPOS="988" HPOS="619"/>
							<String ID="string_267" HPOS="635" VPOS="980" WIDTH="78" HEIGHT="28" WC="0.96" CONTENT="kalkyl,"/><SP WIDTH="16" VPOS="980" HPOS="713"/>
							<String ID="string_268" HPOS="729" VPOS="988" WIDTH="33" HEIGHT="14" WC="0.96" CONTENT="om"/><SP WIDTH="15" VPOS="988" HPOS="762"/>
							<String ID="string_269" HPOS="777" VPOS="988" WIDTH="49" HEIGHT="14" WC="0.96" CONTENT="man"/><SP WIDTH="15" VPOS="988" HPOS="826"/>
							<String ID="string_270" HPOS="841" VPOS="980" WIDTH="63" HEIGHT="28" WC="0.96" CONTENT="utgår"/>
						</TextLine>
						<TextLine ID="line_28" HPOS="82" VPOS="1008" WIDTH="821" HEIGHT="30">
							<String ID="string_271" HPOS="82" VPOS="1009" WIDTH="48" HEIGHT="21" WC="0.96" CONTENT="från"/><SP WIDTH="16" VPOS="1009" HPOS="130"/>
							<String ID="string_272" HPOS="146" VPOS="1009" WIDTH="41" HEIGHT="21" WC="0.93" CONTENT="den"/><SP WIDTH="16" VPOS="1009" HPOS="187"/>
							<String ID="string_273" HPOS="203" VPOS="1009" WIDTH="82" HEIGHT="27" WC="0.91" CONTENT="åsigten"/><SP WIDTH="16" VPOS="1009" HPOS="285"/>
							<String ID="string_274" HPOS="301" VPOS="1012" WIDTH="37" HEIGHT="23" WC="0.96" CONTENT="att,"/><SP WIDTH="15" VPOS="1012" HPOS="338"/>
							<String ID="string_275" HPOS="353" VPOS="1016" WIDTH="33" HEIGHT="14" WC="0.96" CONTENT="om"/><SP WIDTH="16" VPOS="1016" HPOS="386"/>
							<String ID="string_276" HPOS="402" VPOS="1009" WIDTH="69" HEIGHT="21" WC="0.96" CONTENT="denna"/><SP WIDTH="15" VPOS="1009" HPOS="471"/>
							<String ID="string_277" HPOS="486" VPOS="1009" WIDTH="71" HEIGHT="29" WC="0.96" CONTENT="kalkyl"/><SP WIDTH="16" VPOS="1009" HPOS="557"/>
							<String ID="string_278" HPOS="573" VPOS="1009" WIDTH="69" HEIGHT="21" WC="0.93" CONTENT="skulle"/><SP WIDTH="16" VPOS="1009" HPOS="642"/>
							<String ID="string_279" HPOS="658" VPOS="1008" WIDTH="97" HEIGHT="22" WC="0.92" CONTENT="differera"/><SP WIDTH="15" VPOS="1008" HPOS="755"/>
							<String ID="string_280" HPOS="770" VPOS="1009" WIDTH="28" HEIGHT="28" WC="0.96" CONTENT="på"/><SP WIDTH="11" VPOS="1009" HPOS="798"/>
							<String ID="string_281" HPOS="809" VPOS="1017" WIDTH="25" HEIGHT="13" WC="0.96" CONTENT="en"/><SP WIDTH="11" VPOS="1017" HPOS="834"/>
							<String ID="string_282" HPOS="845" VPOS="1009" WIDTH="58" HEIGHT="22" WC="0.96" CONTENT="siffra"/>
						</TextLine>
						<TextLine ID="line_29" HPOS="83" VPOS="1038" WIDTH="820" HEIGHT="28">
							<String ID="string_283" HPOS="83" VPOS="1045" WIDTH="34" HEIGHT="14" WC="0.95" CONTENT="om"/><SP WIDTH="20" VPOS="1045" HPOS="117"/>
							<String ID="string_284" HPOS="137" VPOS="1038" WIDTH="65" HEIGHT="28" WC="0.92" CONTENT="några"/><SP WIDTH="18" VPOS="1038" HPOS="202"/>
							<String ID="string_285" HPOS="220" VPOS="1038" WIDTH="123" HEIGHT="21" WC="0.91" CONTENT="tiotaltusen"/><SP WIDTH="16" VPOS="1038" HPOS="343"/>
							<String ID="string_286" HPOS="359" VPOS="1038" WIDTH="65" HEIGHT="25" WC="0.96" CONTENT="mark,"/><SP WIDTH="16" VPOS="1038" HPOS="424"/>
							<String ID="string_287" HPOS="440" VPOS="1038" WIDTH="58" HEIGHT="21" WC="0.96" CONTENT="detta"/><SP WIDTH="15" VPOS="1038" HPOS="498"/>
							<String ID="string_288" HPOS="513" VPOS="1038" WIDTH="68" HEIGHT="21" WC="0.96" CONTENT="skulle"/><SP WIDTH="15" VPOS="1038" HPOS="581"/>
							<String ID="string_289" HPOS="596" VPOS="1038" WIDTH="89" HEIGHT="21" WC="0.96" CONTENT="inverka"/><SP WIDTH="14" VPOS="1038" HPOS="685"/>
							<String ID="string_290" HPOS="699" VPOS="1038" WIDTH="28" HEIGHT="28" WC="0.96" CONTENT="på"/><SP WIDTH="16" VPOS="1038" HPOS="727"/>
							<String ID="string_291" HPOS="743" VPOS="1038" WIDTH="96" HEIGHT="26" WC="0.96" CONTENT="beslutet,"/><SP WIDTH="16" VPOS="1038" HPOS="839"/>
							<String ID="string_292" HPOS="855" VPOS="1046" WIDTH="48" HEIGHT="13" WC="0.96" CONTENT="men"/>
						</TextLine>
						<TextLine ID="line_30" HPOS="81" VPOS="1066" WIDTH="823" HEIGHT="29">
							<String ID="string_293" HPOS="81" VPOS="1068" WIDTH="36" HEIGHT="27" WC="0.96" CONTENT="jag"/><SP WIDTH="22" VPOS="1068" HPOS="117"/>
							<String ID="string_294" HPOS="139" VPOS="1067" WIDTH="75" HEIGHT="20" WC="0.96" CONTENT="tänker"/><SP WIDTH="23" VPOS="1067" HPOS="214"/>
							<String ID="string_295" HPOS="237" VPOS="1070" WIDTH="31" HEIGHT="17" WC="0.96" CONTENT="att"/><SP WIDTH="16" VPOS="1070" HPOS="268"/>
							<String ID="string_296" HPOS="284" VPOS="1066" WIDTH="32" HEIGHT="26" WC="0.96" CONTENT="de,"/><SP WIDTH="15" VPOS="1066" HPOS="316"/>
							<String ID="string_297" HPOS="331" VPOS="1074" WIDTH="45" HEIGHT="14" WC="0.96" CONTENT="som"/><SP WIDTH="16" VPOS="1074" HPOS="376"/>
							<String ID="string_298" HPOS="392" VPOS="1068" WIDTH="36" HEIGHT="19" WC="0.96" CONTENT="äro"/><SP WIDTH="16" VPOS="1068" HPOS="428"/>
							<String ID="string_299" HPOS="444" VPOS="1066" WIDTH="87" HEIGHT="22" WC="0.96" CONTENT="sinnade"/><SP WIDTH="15" VPOS="1066" HPOS="531"/>
							<String ID="string_300" HPOS="546" VPOS="1070" WIDTH="31" HEIGHT="18" WC="0.96" CONTENT="att"/><SP WIDTH="16" VPOS="1070" HPOS="577"/>
							<String ID="string_301" HPOS="593" VPOS="1066" WIDTH="73" HEIGHT="21" WC="0.96" CONTENT="bifalla"/><SP WIDTH="15" VPOS="1066" HPOS="666"/>
							<String ID="string_302" HPOS="681" VPOS="1066" WIDTH="32" HEIGHT="21" WC="0.95" CONTENT="till"/><SP WIDTH="15" VPOS="1066" HPOS="713"/>
							<String ID="string_303" HPOS="728" VPOS="1066" WIDTH="36" HEIGHT="22" WC="0.92" CONTENT="det"/><SP WIDTH="15" VPOS="1066" HPOS="764"/>
							<String ID="string_304" HPOS="779" VPOS="1066" WIDTH="125" HEIGHT="22" WC="0.91" CONTENT="framstälda"/>
						</TextLine>
						<TextLine ID="line_31" HPOS="83" VPOS="1095" WIDTH="821" HEIGHT="28">
							<String ID="string_305" HPOS="83" VPOS="1096" WIDTH="103" HEIGHT="26" WC="0.96" CONTENT="förslaget"/><SP WIDTH="15" VPOS="1096" HPOS="186"/>
							<String ID="string_306" HPOS="201" VPOS="1096" WIDTH="7" HEIGHT="20" WC="0.91" CONTENT="i"/><SP WIDTH="16" VPOS="1096" HPOS="208"/>
							<String ID="string_307" HPOS="224" VPOS="1095" WIDTH="129" HEIGHT="26" WC="0.91" CONTENT="hufvudsak,"/><SP WIDTH="18" VPOS="1095" HPOS="353"/>
							<String ID="string_308" HPOS="371" VPOS="1095" WIDTH="47" HEIGHT="21" WC="0.96" CONTENT="icke"/><SP WIDTH="16" VPOS="1095" HPOS="418"/>
							<String ID="string_309" HPOS="434" VPOS="1095" WIDTH="67" HEIGHT="22" WC="0.96" CONTENT="skulle"/><SP WIDTH="17" VPOS="1095" HPOS="501"/>
							<String ID="string_310" HPOS="518" VPOS="1095" WIDTH="107" HEIGHT="21" WC="0.96" CONTENT="modifiera"/><SP WIDTH="16" VPOS="1095" HPOS="625"/>
							<String ID="string_311" HPOS="641" VPOS="1096" WIDTH="38" HEIGHT="20" WC="0.96" CONTENT="sitt"/><SP WIDTH="14" VPOS="1096" HPOS="679"/>
							<String ID="string_312" HPOS="693" VPOS="1095" WIDTH="76" HEIGHT="28" WC="0.96" CONTENT="beslut,"/><SP WIDTH="16" VPOS="1095" HPOS="769"/>
							<String ID="string_313" HPOS="785" VPOS="1102" WIDTH="33" HEIGHT="14" WC="0.96" CONTENT="om"/><SP WIDTH="16" VPOS="1102" HPOS="818"/>
							<String ID="string_314" HPOS="834" VPOS="1096" WIDTH="70" HEIGHT="20" WC="0.96" CONTENT="denna"/>
						</TextLine>
						<TextLine ID="line_32" HPOS="83" VPOS="1124" WIDTH="821" HEIGHT="28">
							<String ID="string_315" HPOS="83" VPOS="1124" WIDTH="72" HEIGHT="28" WC="0.95" CONTENT="kalkyl"/><SP WIDTH="23" VPOS="1124" HPOS="155"/>
							<String ID="string_316" HPOS="178" VPOS="1127" WIDTH="58" HEIGHT="24" WC="0.96" CONTENT="stege"/><SP WIDTH="23" VPOS="1127" HPOS="236"/>
							<String ID="string_317" HPOS="259" VPOS="1124" WIDTH="32" HEIGHT="20" WC="0.96" CONTENT="till"/><SP WIDTH="22" VPOS="1124" HPOS="291"/>
							<String ID="string_318" HPOS="313" VPOS="1124" WIDTH="65" HEIGHT="28" WC="0.96" CONTENT="några"/><SP WIDTH="22" VPOS="1124" HPOS="378"/>
							<String ID="string_319" HPOS="400" VPOS="1124" WIDTH="92" HEIGHT="21" WC="0.93" CONTENT="tiotusen"/><SP WIDTH="20" VPOS="1124" HPOS="492"/>
							<String ID="string_320" HPOS="512" VPOS="1124" WIDTH="59" HEIGHT="21" WC="0.95" CONTENT="mark"/><SP WIDTH="18" VPOS="1124" HPOS="571"/>
							<String ID="string_321" HPOS="589" VPOS="1124" WIDTH="65" HEIGHT="28" WC="0.95" CONTENT="högre"/><SP WIDTH="17" VPOS="1124" HPOS="654"/>
							<String ID="string_322" HPOS="671" VPOS="1124" WIDTH="50" HEIGHT="21" WC="0.96" CONTENT="eller"/><SP WIDTH="15" VPOS="1124" HPOS="721"/>
							<String ID="string_323" HPOS="736" VPOS="1124" WIDTH="63" HEIGHT="28" WC="0.96" CONTENT="lägre."/><SP WIDTH="29" VPOS="1124" HPOS="799"/>
							<String ID="string_324" HPOS="828" VPOS="1124" WIDTH="76" HEIGHT="22" WC="0.96" CONTENT="Under"/>
						</TextLine>
						<TextLine ID="line_33" HPOS="83" VPOS="1152" WIDTH="821" HEIGHT="28">
							<String ID="string_325" HPOS="83" VPOS="1152" WIDTH="77" HEIGHT="22" WC="0.95" CONTENT="sådant"/><SP WIDTH="22" VPOS="1152" HPOS="160"/>
							<String ID="string_326" HPOS="182" VPOS="1152" WIDTH="133" HEIGHT="21" WC="0.96" CONTENT="förhållande"/><SP WIDTH="23" VPOS="1152" HPOS="315"/>
							<String ID="string_327" HPOS="338" VPOS="1160" WIDTH="63" HEIGHT="20" WC="0.96" CONTENT="synes"/><SP WIDTH="23" VPOS="1160" HPOS="401"/>
							<String ID="string_328" HPOS="424" VPOS="1152" WIDTH="36" HEIGHT="21" WC="0.96" CONTENT="det"/><SP WIDTH="22" VPOS="1152" HPOS="460"/>
							<String ID="string_329" HPOS="482" VPOS="1153" WIDTH="43" HEIGHT="27" WC="0.94" CONTENT="mig"/><SP WIDTH="20" VPOS="1153" HPOS="525"/>
							<String ID="string_330" HPOS="545" VPOS="1152" WIDTH="85" HEIGHT="22" WC="0.94" CONTENT="enklare"/><SP WIDTH="15" VPOS="1152" HPOS="630"/>
							<String ID="string_331" HPOS="645" VPOS="1155" WIDTH="32" HEIGHT="18" WC="0.96" CONTENT="att"/><SP WIDTH="16" VPOS="1155" HPOS="677"/>
							<String ID="string_332" HPOS="693" VPOS="1152" WIDTH="69" HEIGHT="21" WC="0.96" CONTENT="beslut"/><SP WIDTH="14" VPOS="1152" HPOS="762"/>
							<String ID="string_333" HPOS="776" VPOS="1153" WIDTH="65" HEIGHT="21" WC="0.96" CONTENT="fattas"/><SP WIDTH="17" VPOS="1153" HPOS="841"/>
							<String ID="string_334" HPOS="858" VPOS="1152" WIDTH="46" HEIGHT="26" WC="0.96" CONTENT="och,"/>
						</TextLine>
						<TextLine ID="line_34" HPOS="82" VPOS="1180" WIDTH="822" HEIGHT="29">
							<String ID="string_335" HPOS="82" VPOS="1188" WIDTH="35" HEIGHT="14" WC="0.95" CONTENT="om"/><SP WIDTH="17" VPOS="1188" HPOS="117"/>
							<String ID="string_336" HPOS="134" VPOS="1181" WIDTH="37" HEIGHT="21" WC="0.95" CONTENT="det"/><SP WIDTH="14" VPOS="1181" HPOS="171"/>
							<String ID="string_337" HPOS="185" VPOS="1180" WIDTH="86" HEIGHT="22" WC="0.93" CONTENT="utfaller"/><SP WIDTH="16" VPOS="1180" HPOS="271"/>
							<String ID="string_338" HPOS="287" VPOS="1180" WIDTH="121" HEIGHT="27" WC="0.90" CONTENT="bifallande,"/><SP WIDTH="15" VPOS="1180" HPOS="408"/>
							<String ID="string_339" HPOS="423" VPOS="1181" WIDTH="43" HEIGHT="21" WC="0.96" CONTENT="låta"/><SP WIDTH="17" VPOS="1181" HPOS="466"/>
							<String ID="string_340" HPOS="483" VPOS="1181" WIDTH="110" HEIGHT="21" WC="0.92" CONTENT="Utskottet"/><SP WIDTH="15" VPOS="1181" HPOS="593"/>
							<String ID="string_341" HPOS="608" VPOS="1183" WIDTH="95" HEIGHT="26" WC="0.92" CONTENT="uppgöra"/><SP WIDTH="13" VPOS="1183" HPOS="703"/>
							<String ID="string_342" HPOS="716" VPOS="1181" WIDTH="42" HEIGHT="21" WC="0.96" CONTENT="den"/><SP WIDTH="13" VPOS="1181" HPOS="758"/>
							<String ID="string_343" HPOS="771" VPOS="1181" WIDTH="77" HEIGHT="28" WC="0.96" CONTENT="kalkyl,"/><SP WIDTH="10" VPOS="1181" HPOS="848"/>
							<String ID="string_344" HPOS="858" VPOS="1189" WIDTH="46" HEIGHT="13" WC="0.94" CONTENT="som"/>
						</TextLine>
					</TextBlock>
					<TextBlock ID="block_4" HPOS="83" VPOS="1209" WIDTH="821" HEIGHT="114">
						<TextLine ID="line_35" HPOS="99" VPOS="1209" WIDTH="805" HEIGHT="29">
							<String ID="string_345" HPOS="99" VPOS="1209" WIDTH="12" HEIGHT="21" WC="0.93" CONTENT="å"/><SP WIDTH="14" VPOS="1209" HPOS="111"/>
							<String ID="string_346" HPOS="125" VPOS="1209" WIDTH="70" HEIGHT="27" WC="0.95" CONTENT="grund"/><SP WIDTH="23" VPOS="1209" HPOS="195"/>
							<String ID="string_347" HPOS="218" VPOS="1210" WIDTH="23" HEIGHT="20" WC="0.95" CONTENT="af"/><SP WIDTH="21" VPOS="1210" HPOS="241"/>
							<String ID="string_348" HPOS="262" VPOS="1212" WIDTH="30" HEIGHT="18" WC="0.95" CONTENT="ett"/><SP WIDTH="15" VPOS="1212" HPOS="292"/>
							<String ID="string_349" HPOS="307" VPOS="1209" WIDTH="105" HEIGHT="21" WC="0.96" CONTENT="definitivt"/><SP WIDTH="16" VPOS="1209" HPOS="412"/>
							<String ID="string_350" HPOS="428" VPOS="1209" WIDTH="69" HEIGHT="21" WC="0.96" CONTENT="beslut"/><SP WIDTH="15" VPOS="1209" HPOS="497"/>
							<String ID="string_351" HPOS="512" VPOS="1210" WIDTH="102" HEIGHT="27" WC="0.96" CONTENT="påkallas,"/><SP WIDTH="15" VPOS="1210" HPOS="614"/>
							<String ID="string_352" HPOS="629" VPOS="1212" WIDTH="54" HEIGHT="18" WC="0.96" CONTENT="samt"/><SP WIDTH="15" VPOS="1212" HPOS="683"/>
							<String ID="string_353" HPOS="698" VPOS="1209" WIDTH="69" HEIGHT="21" WC="0.96" CONTENT="införa"/><SP WIDTH="16" VPOS="1209" HPOS="767"/>
							<String ID="string_354" HPOS="783" VPOS="1210" WIDTH="99" HEIGHT="28" WC="0.96" CONTENT="beloppet"/><SP WIDTH="15" VPOS="1210" HPOS="882"/>
							<String ID="string_355" HPOS="897" VPOS="1210" WIDTH="7" HEIGHT="20" WC="0.96" CONTENT="i"/>
						</TextLine>
						<TextLine ID="line_36" HPOS="84" VPOS="1218" WIDTH="820" HEIGHT="48">
							<String ID="string_356" HPOS="84" VPOS="1218" WIDTH="112" HEIGHT="47" WC="0.7" CONTENT="budgeten."/><SP WIDTH="31" VPOS="1218" HPOS="196"/>
							<String ID="string_357" HPOS="227" VPOS="1238" WIDTH="79" HEIGHT="21" WC="0.92" CONTENT="Derför"/><SP WIDTH="22" VPOS="1238" HPOS="306"/>
							<String ID="string_358" HPOS="328" VPOS="1238" WIDTH="90" HEIGHT="21" WC="0.96" CONTENT="föreslår"/><SP WIDTH="21" VPOS="1238" HPOS="418"/>
							<String ID="string_359" HPOS="439" VPOS="1238" WIDTH="36" HEIGHT="28" WC="0.96" CONTENT="jag"/><SP WIDTH="22" VPOS="1238" HPOS="475"/>
							<String ID="string_360" HPOS="497" VPOS="1241" WIDTH="36" HEIGHT="23" WC="0.96" CONTENT="att,"/><SP WIDTH="22" VPOS="1241" HPOS="533"/>
							<String ID="string_361" HPOS="555" VPOS="1238" WIDTH="65" HEIGHT="21" WC="0.96" CONTENT="ehuru"/><SP WIDTH="24" VPOS="1238" HPOS="620"/>
							<String ID="string_362" HPOS="644" VPOS="1245" WIDTH="25" HEIGHT="13" WC="0.95" CONTENT="en"/><SP WIDTH="24" VPOS="1245" HPOS="669"/>
							<String ID="string_363" HPOS="693" VPOS="1237" WIDTH="66" HEIGHT="22" WC="0.96" CONTENT="sådan"/><SP WIDTH="16" VPOS="1237" HPOS="759"/>
							<String ID="string_364" HPOS="775" VPOS="1238" WIDTH="129" HEIGHT="28" WC="0.96" CONTENT="behandling"/>
						</TextLine>
						<TextLine ID="line_37" HPOS="84" VPOS="1266" WIDTH="820" HEIGHT="28">
							<String ID="string_365" HPOS="84" VPOS="1274" WIDTH="45" HEIGHT="13" WC="0.95" CONTENT="som"/><SP WIDTH="16" VPOS="1274" HPOS="129"/>
							<String ID="string_366" HPOS="145" VPOS="1266" WIDTH="34" HEIGHT="21" WC="0.93" CONTENT="Hr"/><SP WIDTH="15" VPOS="1266" HPOS="179"/>
							<String ID="string_367" HPOS="194" VPOS="1266" WIDTH="108" HEIGHT="21" WC="0.91" CONTENT="Mechelin"/><SP WIDTH="17" VPOS="1266" HPOS="302"/>
							<String ID="string_368" HPOS="319" VPOS="1266" WIDTH="100" HEIGHT="28" WC="0.96" CONTENT="föreslog,"/><SP WIDTH="15" VPOS="1266" HPOS="419"/>
							<String ID="string_369" HPOS="434" VPOS="1274" WIDTH="51" HEIGHT="13" WC="0.93" CONTENT="vore"/><SP WIDTH="15" VPOS="1274" HPOS="485"/>
							<String ID="string_370" HPOS="500" VPOS="1267" WIDTH="85" HEIGHT="21" WC="0.91" CONTENT="formelt"/><SP WIDTH="14" VPOS="1267" HPOS="585"/>
							<String ID="string_371" HPOS="599" VPOS="1266" WIDTH="70" HEIGHT="27" WC="0.96" CONTENT="riktig,"/><SP WIDTH="16" VPOS="1266" HPOS="669"/>
							<String ID="string_372" HPOS="685" VPOS="1274" WIDTH="47" HEIGHT="13" WC="0.96" CONTENT="man"/><SP WIDTH="17" VPOS="1274" HPOS="732"/>
							<String ID="string_373" HPOS="749" VPOS="1266" WIDTH="67" HEIGHT="21" WC="0.93" CONTENT="skulle"/><SP WIDTH="15" VPOS="1266" HPOS="816"/>
							<String ID="string_374" HPOS="831" VPOS="1266" WIDTH="73" HEIGHT="21" WC="0.91" CONTENT="frånse"/>
						</TextLine>
						<TextLine ID="line_38" HPOS="83" VPOS="1294" WIDTH="602" HEIGHT="29">
							<String ID="string_375" HPOS="83" VPOS="1294" WIDTH="95" HEIGHT="22" WC="0.92" CONTENT="derifrån"/><SP WIDTH="17" VPOS="1294" HPOS="178"/>
							<String ID="string_376" HPOS="195" VPOS="1294" WIDTH="40" HEIGHT="22" WC="0.96" CONTENT="och"/><SP WIDTH="17" VPOS="1294" HPOS="235"/>
							<String ID="string_377" HPOS="252" VPOS="1294" WIDTH="131" HEIGHT="22" WC="0.96" CONTENT="omedelbart"/><SP WIDTH="14" VPOS="1294" HPOS="383"/>
							<String ID="string_378" HPOS="397" VPOS="1294" WIDTH="113" HEIGHT="28" WC="0.92" CONTENT="godkänna"/><SP WIDTH="15" VPOS="1294" HPOS="510"/>
							<String ID="string_379" HPOS="525" VPOS="1294" WIDTH="160" HEIGHT="29" WC="0.92" CONTENT="inbjudningen."/>
						</TextLine>
					</TextBlock>
				</ComposedBlock>
				<ComposedBlock ID="cblock_4" HPOS="83" VPOS="1351" WIDTH="823" HEIGHT="199">
					<TextBlock ID="block_5" HPOS="83" VPOS="1351" WIDTH="823" HEIGHT="199">
						<TextLine ID="line_39" HPOS="153" VPOS="1351" WIDTH="752" HEIGHT="28">
							<String ID="string_380" HPOS="153" VPOS="1351" WIDTH="33" HEIGHT="21" WC="0.96" CONTENT="Hr"/><SP WIDTH="22" VPOS="1351" HPOS="186"/>
							<String ID="string_381" HPOS="208" VPOS="1351" WIDTH="24" HEIGHT="22" WC="0.96" CONTENT="L."/><SP WIDTH="23" VPOS="1351" HPOS="232"/>
							<String ID="string_382" HPOS="255" VPOS="1351" WIDTH="24" HEIGHT="21" WC="0.95" CONTENT="L."/><SP WIDTH="21" VPOS="1351" HPOS="279"/>
							<String ID="string_383" HPOS="300" VPOS="1351" WIDTH="144" HEIGHT="21" WC="0.96" CONTENT="Lindelöf:"/><SP WIDTH="24" VPOS="1351" HPOS="444"/>
							<String ID="string_384" HPOS="468" VPOS="1351" WIDTH="42" HEIGHT="21" WC="0.96" CONTENT="För"/><SP WIDTH="15" VPOS="1351" HPOS="510"/>
							<String ID="string_385" HPOS="525" VPOS="1352" WIDTH="43" HEIGHT="20" WC="0.96" CONTENT="min"/><SP WIDTH="16" VPOS="1352" HPOS="568"/>
							<String ID="string_386" HPOS="584" VPOS="1351" WIDTH="34" HEIGHT="21" WC="0.96" CONTENT="del"/><SP WIDTH="15" VPOS="1351" HPOS="618"/>
							<String ID="string_387" HPOS="633" VPOS="1351" WIDTH="37" HEIGHT="21" WC="0.96" CONTENT="vill"/><SP WIDTH="15" VPOS="1351" HPOS="670"/>
							<String ID="string_388" HPOS="685" VPOS="1352" WIDTH="36" HEIGHT="27" WC="0.96" CONTENT="jag"/><SP WIDTH="15" VPOS="1352" HPOS="721"/>
							<String ID="string_389" HPOS="736" VPOS="1351" WIDTH="47" HEIGHT="21" WC="0.96" CONTENT="icke"/><SP WIDTH="16" VPOS="1351" HPOS="783"/>
							<String ID="string_390" HPOS="799" VPOS="1351" WIDTH="106" HEIGHT="21" WC="0.96" CONTENT="bestämdt"/>
						</TextLine>
						<TextLine ID="line_40" HPOS="84" VPOS="1379" WIDTH="822" HEIGHT="29">
							<String ID="string_391" HPOS="84" VPOS="1381" WIDTH="100" HEIGHT="20" WC="0.92" CONTENT="motsätta"/><SP WIDTH="22" VPOS="1381" HPOS="184"/>
							<String ID="string_392" HPOS="206" VPOS="1381" WIDTH="44" HEIGHT="26" WC="0.95" CONTENT="mig"/><SP WIDTH="22" VPOS="1381" HPOS="250"/>
							<String ID="string_393" HPOS="272" VPOS="1380" WIDTH="40" HEIGHT="21" WC="0.95" CONTENT="den"/><SP WIDTH="22" VPOS="1380" HPOS="312"/>
							<String ID="string_394" HPOS="334" VPOS="1379" WIDTH="23" HEIGHT="22" WC="0.93" CONTENT="af"/><SP WIDTH="18" VPOS="1379" HPOS="357"/>
							<String ID="string_395" HPOS="375" VPOS="1380" WIDTH="180" HEIGHT="28" WC="0.91" CONTENT="Borgareständet"/><SP WIDTH="15" VPOS="1380" HPOS="555"/>
							<String ID="string_396" HPOS="570" VPOS="1387" WIDTH="28" HEIGHT="14" WC="0.93" CONTENT="nu"/><SP WIDTH="15" VPOS="1387" HPOS="598"/>
							<String ID="string_397" HPOS="613" VPOS="1379" WIDTH="74" HEIGHT="28" WC="0.92" CONTENT="gjorda"/><SP WIDTH="16" VPOS="1379" HPOS="687"/>
							<String ID="string_398" HPOS="703" VPOS="1379" WIDTH="159" HEIGHT="29" WC="0.90" CONTENT="inbjudningen,"/><SP WIDTH="16" VPOS="1379" HPOS="862"/>
							<String ID="string_399" HPOS="878" VPOS="1379" WIDTH="28" HEIGHT="21" WC="0.97" CONTENT="dä"/>
						</TextLine>
						<TextLine ID="line_41" HPOS="83" VPOS="1408" WIDTH="822" HEIGHT="27">
							<String ID="string_400" HPOS="83" VPOS="1409" WIDTH="36" HEIGHT="26" WC="0.96" CONTENT="jag"/><SP WIDTH="20" VPOS="1409" HPOS="119"/>
							<String ID="string_401" HPOS="139" VPOS="1409" WIDTH="22" HEIGHT="26" WC="0.93" CONTENT="ju"/><SP WIDTH="19" VPOS="1409" HPOS="161"/>
							<String ID="string_402" HPOS="180" VPOS="1416" WIDTH="67" HEIGHT="19" WC="0.91" CONTENT="gerna"/><SP WIDTH="16" VPOS="1416" HPOS="247"/>
							<String ID="string_403" HPOS="263" VPOS="1408" WIDTH="51" HEIGHT="27" WC="0.91" CONTENT="säge"/><SP WIDTH="16" VPOS="1408" HPOS="314"/>
							<String ID="string_404" HPOS="330" VPOS="1411" WIDTH="32" HEIGHT="18" WC="0.93" CONTENT="att"/><SP WIDTH="14" VPOS="1411" HPOS="362"/>
							<String ID="string_405" HPOS="376" VPOS="1408" WIDTH="213" HEIGHT="21" WC="0.90" CONTENT="folkskolelärarenes"/><SP WIDTH="16" VPOS="1408" HPOS="589"/>
							<String ID="string_406" HPOS="605" VPOS="1409" WIDTH="84" HEIGHT="26" WC="0.90" CONTENT="knappa"/><SP WIDTH="15" VPOS="1409" HPOS="689"/>
							<String ID="string_407" HPOS="704" VPOS="1408" WIDTH="93" HEIGHT="27" WC="0.92" CONTENT="aflöning"/><SP WIDTH="14" VPOS="1408" HPOS="797"/>
							<String ID="string_408" HPOS="811" VPOS="1408" WIDTH="72" HEIGHT="21" WC="0.92" CONTENT="blefve"/><SP WIDTH="15" VPOS="1408" HPOS="883"/>
							<String ID="string_409" HPOS="898" VPOS="1409" WIDTH="7" HEIGHT="20" WC="0.96" CONTENT="i"/>
						</TextLine>
						<TextLine ID="line_42" HPOS="85" VPOS="1435" WIDTH="820" HEIGHT="28">
							<String ID="string_410" HPOS="85" VPOS="1436" WIDTH="69" HEIGHT="27" WC="0.96" CONTENT="någon"/><SP WIDTH="25" VPOS="1436" HPOS="154"/>
							<String ID="string_411" HPOS="179" VPOS="1436" WIDTH="48" HEIGHT="20" WC="0.93" CONTENT="män"/><SP WIDTH="23" VPOS="1436" HPOS="227"/>
							<String ID="string_412" HPOS="250" VPOS="1436" WIDTH="126" HEIGHT="26" WC="0.93" CONTENT="förbättrad,"/><SP WIDTH="23" VPOS="1436" HPOS="376"/>
							<String ID="string_413" HPOS="399" VPOS="1443" WIDTH="48" HEIGHT="14" WC="0.96" CONTENT="men"/><SP WIDTH="20" VPOS="1443" HPOS="447"/>
							<String ID="string_414" HPOS="467" VPOS="1437" WIDTH="35" HEIGHT="26" WC="0.96" CONTENT="jag"/><SP WIDTH="21" VPOS="1437" HPOS="502"/>
							<String ID="string_415" HPOS="523" VPOS="1443" WIDTH="61" HEIGHT="14" WC="0.96" CONTENT="anser"/><SP WIDTH="15" VPOS="1443" HPOS="584"/>
							<String ID="string_416" HPOS="599" VPOS="1437" WIDTH="43" HEIGHT="26" WC="0.96" CONTENT="mig"/><SP WIDTH="15" VPOS="1437" HPOS="642"/>
							<String ID="string_417" HPOS="657" VPOS="1436" WIDTH="56" HEIGHT="20" WC="0.93" CONTENT="dock"/><SP WIDTH="16" VPOS="1436" HPOS="713"/>
							<String ID="string_418" HPOS="729" VPOS="1436" WIDTH="50" HEIGHT="20" WC="0.96" CONTENT="böra"/><SP WIDTH="15" VPOS="1436" HPOS="779"/>
							<String ID="string_419" HPOS="794" VPOS="1435" WIDTH="111" HEIGHT="21" WC="0.96" CONTENT="framhålla"/>
						</TextLine>
						<TextLine ID="line_43" HPOS="85" VPOS="1463" WIDTH="821" HEIGHT="29">
							<String ID="string_420" HPOS="85" VPOS="1471" WIDTH="26" HEIGHT="14" WC="0.88" CONTENT="en"/><SP WIDTH="25" VPOS="1471" HPOS="111"/>
							<String ID="string_421" HPOS="136" VPOS="1464" WIDTH="47" HEIGHT="21" WC="0.96" CONTENT="icke"/><SP WIDTH="23" VPOS="1464" HPOS="183"/>
							<String ID="string_422" HPOS="206" VPOS="1464" WIDTH="110" HEIGHT="28" WC="0.96" CONTENT="obetydlig"/><SP WIDTH="22" VPOS="1464" HPOS="316"/>
							<String ID="string_423" HPOS="338" VPOS="1464" WIDTH="96" HEIGHT="28" WC="0.96" CONTENT="praktisk"/><SP WIDTH="18" VPOS="1464" HPOS="434"/>
							<String ID="string_424" HPOS="452" VPOS="1464" WIDTH="114" HEIGHT="27" WC="0.96" CONTENT="svårighet,"/><SP WIDTH="14" VPOS="1464" HPOS="566"/>
							<String ID="string_425" HPOS="580" VPOS="1471" WIDTH="46" HEIGHT="14" WC="0.96" CONTENT="som"/><SP WIDTH="15" VPOS="1471" HPOS="626"/>
							<String ID="string_426" HPOS="641" VPOS="1465" WIDTH="23" HEIGHT="18" WC="0.93" CONTENT="är"/><SP WIDTH="14" VPOS="1465" HPOS="664"/>
							<String ID="string_427" HPOS="678" VPOS="1463" WIDTH="89" HEIGHT="22" WC="0.96" CONTENT="förenad"/><SP WIDTH="15" VPOS="1463" HPOS="767"/>
							<String ID="string_428" HPOS="782" VPOS="1464" WIDTH="49" HEIGHT="21" WC="0.93" CONTENT="med"/><SP WIDTH="15" VPOS="1464" HPOS="831"/>
							<String ID="string_429" HPOS="846" VPOS="1466" WIDTH="60" HEIGHT="18" WC="0.92" CONTENT="anta-"/>
						</TextLine>
						<TextLine ID="line_44" HPOS="85" VPOS="1491" WIDTH="821" HEIGHT="30">
							<String ID="string_430" HPOS="85" VPOS="1492" WIDTH="81" HEIGHT="29" WC="0.92" CONTENT="gandet"/><SP WIDTH="15" VPOS="1492" HPOS="166"/>
							<String ID="string_431" HPOS="181" VPOS="1492" WIDTH="23" HEIGHT="21" WC="0.96" CONTENT="af"/><SP WIDTH="15" VPOS="1492" HPOS="204"/>
							<String ID="string_432" HPOS="219" VPOS="1492" WIDTH="37" HEIGHT="22" WC="0.93" CONTENT="det"/><SP WIDTH="15" VPOS="1492" HPOS="256"/>
							<String ID="string_433" HPOS="271" VPOS="1492" WIDTH="125" HEIGHT="22" WC="0.93" CONTENT="framstälda"/><SP WIDTH="15" VPOS="1492" HPOS="396"/>
							<String ID="string_434" HPOS="411" VPOS="1492" WIDTH="108" HEIGHT="28" WC="0.90" CONTENT="förslaget."/><SP WIDTH="24" VPOS="1492" HPOS="519"/>
							<String ID="string_435" HPOS="543" VPOS="1492" WIDTH="44" HEIGHT="21" WC="0.93" CONTENT="Det"/><SP WIDTH="15" VPOS="1492" HPOS="587"/>
							<String ID="string_436" HPOS="602" VPOS="1491" WIDTH="72" HEIGHT="22" WC="0.92" CONTENT="blefve"/><SP WIDTH="16" VPOS="1491" HPOS="674"/>
							<String ID="string_437" HPOS="690" VPOS="1491" WIDTH="26" HEIGHT="22" WC="0.96" CONTENT="dä"/><SP WIDTH="17" VPOS="1491" HPOS="716"/>
							<String ID="string_438" HPOS="733" VPOS="1492" WIDTH="132" HEIGHT="28" WC="0.96" CONTENT="nödvändigt"/><SP WIDTH="10" VPOS="1492" HPOS="865"/>
							<String ID="string_439" HPOS="875" VPOS="1494" WIDTH="31" HEIGHT="19" WC="0.96" CONTENT="att"/>
						</TextLine>
						<TextLine ID="line_45" HPOS="85" VPOS="1521" WIDTH="820" HEIGHT="29">
							<String ID="string_440" HPOS="85" VPOS="1521" WIDTH="57" HEIGHT="22" WC="0.94" CONTENT="hålla"/><SP WIDTH="15" VPOS="1521" HPOS="142"/>
							<String ID="string_441" HPOS="157" VPOS="1521" WIDTH="51" HEIGHT="22" WC="0.95" CONTENT="reda"/><SP WIDTH="19" VPOS="1521" HPOS="208"/>
							<String ID="string_442" HPOS="227" VPOS="1522" WIDTH="33" HEIGHT="28" WC="0.93" CONTENT="pä,"/><SP WIDTH="15" VPOS="1522" HPOS="260"/>
							<String ID="string_443" HPOS="275" VPOS="1521" WIDTH="73" HEIGHT="22" WC="0.96" CONTENT="hvilka"/><SP WIDTH="15" VPOS="1521" HPOS="348"/>
							<String ID="string_444" HPOS="363" VPOS="1521" WIDTH="163" HEIGHT="22" WC="0.93" CONTENT="folkskollärare"/><SP WIDTH="15" VPOS="1521" HPOS="526"/>
							<String ID="string_445" HPOS="541" VPOS="1521" WIDTH="65" HEIGHT="22" WC="0.92" CONTENT="hafva"/><SP WIDTH="15" VPOS="1521" HPOS="606"/>
							<String ID="string_446" HPOS="621" VPOS="1521" WIDTH="73" HEIGHT="28" WC="0.96" CONTENT="familj,"/><SP WIDTH="15" VPOS="1521" HPOS="694"/>
							<String ID="string_447" HPOS="709" VPOS="1521" WIDTH="73" HEIGHT="21" WC="0.96" CONTENT="hvilka"/><SP WIDTH="15" VPOS="1521" HPOS="782"/>
							<String ID="string_448" HPOS="797" VPOS="1521" WIDTH="53" HEIGHT="26" WC="0.96" CONTENT="icke,"/><SP WIDTH="16" VPOS="1521" HPOS="850"/>
							<String ID="string_449" HPOS="866" VPOS="1521" WIDTH="39" HEIGHT="21" WC="0.96" CONTENT="och"/>
						</TextLine>
					</TextBlock>
				</ComposedBlock>
				<ComposedBlock ID="cblock_5" HPOS="815" VPOS="1561" WIDTH="21" HEIGHT="18">
					<TextBlock ID="block_6" HPOS="815" VPOS="1561" WIDTH="21" HEIGHT="18">
						<TextLine ID="line_46" HPOS="815" VPOS="1561" WIDTH="21" HEIGHT="18">
							<String ID="string_450" HPOS="815" VPOS="1561" WIDTH="21" HEIGHT="18" WC="0.96" CONTENT="65"/>
						</TextLine>
					</TextBlock>
				</ComposedBlock>
			</PrintSpace>
		</Page>
	</Layout>
</alto>
