1098 1795
397 139 24 16 R.
434 143 18 13 o.
464 140 22 16 A.
500 140 54 16 1897.
577 140 23 17 31
613 140 48 20 Maj.
853 134 54 21 1667

185 206 214 22 Ekonomiutskottet
418 208 34 20 för
471 208 41 22 den
534 209 26 21 29
581 208 86 27 dennes,
686 208 148 22 innehållande
849 208 87 22 medde-

116 234 63 21 lande
194 238 33 18 att
241 234 96 22 Ständen
353 236 96 27 godkänt
464 236 121 22 Utskottets
601 237 79 27 förslag
690 237 30 20 till
732 237 204 28 sammanjemkning

116 262 22 21 af
161 262 27 22 de
211 263 121 28 skiljaktiga
356 264 74 26 beslut,
452 272 44 14 som
519 265 73 21 fattats
608 266 6 20 i
629 265 115 28 anledning
759 266 23 20 af
798 265 48 21 dess
863 266 71 20 betän-

115 290 72 22 kande
204 292 42 20 N:o
268 292 32 26 17,
321 292 111 28 angäende
447 292 98 28 ätgärder
560 294 30 20 till
607 293 121 21 beredande
744 294 23 20 af
782 294 86 28 lämplig
883 293 53 22 värd

115 319 23 21 åt
153 321 6 19 i
173 320 78 28 sedligt
261 320 101 22 afseende
374 321 143 27 vanvårdade,
528 322 131 22 vanartade
671 322 40 20 och
722 322 130 21 vilsekomna
863 323 72 26 barn;

183 389 213 21 Ekonomiutskottet
419 390 33 20 för
475 390 70 22 denna
567 390 42 28 dag
630 390 48 21 med
700 391 97 21 anmälan
817 393 37 23 att,
869 390 65 22 sedan

114 418 98 28 samtliga
235 418 67 21 Ständ
325 418 159 21 slutbehandlat
506 419 40 21 och
565 419 96 27 godkänt
681 418 37 21 det
736 419 86 28 förslag,
844 426 46 14 som
912 419 24 21 af

113 446 214 21 Ekonomiutskottet
341 447 115 20 framstälts
469 448 7 19 i
489 448 144 20 betänkandet
647 448 42 20 N:o
705 448 25 20 32
747 448 110 27 angående
868 448 67 27 jord-

113 475 196 27 bruksstatistik,
325 475 104 28 lagenligt
444 476 155 21 ständerbeslut
614 477 7 19 i
636 475 75 28 frägan
727 475 123 29 föreligger;

182 543 57 28 Lag-
254 544 39 21 och
308 543 212 22 Ekonomiutskottet
535 544 34 21 för
579 544 40 21 den
632 545 26 20 29
669 544 87 25 dennes,
767 545 45 20 deri
824 545 111 21 Utskottet

114 572 79 21 anmält
215 575 30 18 att
270 572 120 21 Utskottets
413 573 81 27 förslag
512 573 33 20 till
566 573 204 28 sammanjemkning
790 573 23 21 af
828 573 106 22 Ständens

114 601 121 28 skiljaktiga
252 601 70 21 beslut
337 601 36 20 vid
387 601 156 28 behandlingen
557 603 20 20 af
591 601 121 22 Utskottets
724 601 134 22 betänkande
868 602 42 21 N:o
921 603 13 20 8

113 630 6 19 i
136 629 115 28 anledning
266 630 23 20 af
304 629 77 28 nädiga
397 631 159 27 propositionen
567 630 109 27 angäende
686 630 110 21 storskifte
807 631 41 21 och
860 631 74 22 skatt-

113 658 119 27 läggning
247 658 10 21 i
272 658 131 27 Kuusamo,
418 659 124 20 Kemiträsk
558 659 39 21 och
613 659 125 28 Kuolajärvi
752 659 90 21 socknar
852 661 8 19 i
870 659 66 22 Uleä-

114 687 64 28 borgs
193 687 35 20 län
245 687 71 21 blifvit
331 687 22 20 af
368 690 31 18 tre
411 687 68 21 Stånd
490 687 121 28 godkändt;

181 755 208 29 Jernvägsutskottet
403 756 34 21 för
452 757 40 20 den
508 757 26 20 29
550 757 77 20 dennes
642 756 49 21 med
706 756 102 26 anmälan,
823 759 31 18 att
870 756 64 21 sedan

113 784 158 28 Ridderskapet
285 784 40 21 och
339 784 78 27 Adeln,
431 784 83 22 Preste-
529 785 39 21 och
583 784 169 27 Bondeständen,
768 785 65 27 enligt
844 785 91 21 Utskot-

113 815 32 18 tet
165 812 180 22 tillhandakomna
363 813 197 28 protokollsutdrag,
575 814 80 28 antagit
670 813 123 21 Utskottets
808 813 80 29 förslag
902 813 33 21 till

114 841 201 29 sammanjemkning
330 842 23 21 af
367 841 105 22 Ständens
487 842 67 21 delvis
570 842 121 28 skiljaktiga
706 842 70 21 beslut
789 842 37 21 vid
841 842 93 21 behand-

112 870 71 27 lingen
198 870 23 21 af
236 869 121 23 Utskottets
372 870 133 22 betänkande
518 871 41 21 N:o
578 872 40 24 3,1
635 870 113 29 anledning
757 870 23 22 af
789 870 103 22 särskilda
902 870 33 22 till

113 898 94 21 Ständen
221 898 119 21 inlemnade
355 899 40 21 och
409 899 34 20 till
457 899 207 28 Jernvägsutskottet
678 899 135 21 remitterade
824 900 111 27 petitions-

112 927 109 22 memorial
236 927 107 28 angäende
358 928 261 27 kanalanläggningar,
635 927 192 29 ständerpluralitet
841 929 8 20 i
860 928 76 29 frägan

114 955 118 30 föreligger,
255 956 108 21 äfvensom
382 959 38 23 att,
435 956 64 21 sedan
514 964 75 21 genom
601 956 102 22 förstärkt
718 957 140 21 Statsutskott
872 957 64 21 äfven

112 984 75 29 frågan
201 993 33 13 om
248 992 26 13 en
281 985 104 28 jernväg
394 985 55 22 från
462 985 153 28 Helsingfors
629 985 41 22 till
681 985 71 22 Karis
762 985 72 22 blifvit
846 985 88 29 afojord,

112 1013 193 29 ständerpluralitet
327 1014 77 21 ernätts
426 1015 77 27 jemväl
525 1014 34 21 för
581 1015 96 28 samtliga
698 1015 7 20 i
720 1014 122 21 Utskottets
856 1017 78 18 tvänne

111 1043 292 28 sammanjemkningsförslag
417 1043 8 20 i
440 1043 112 28 anledning
567 1043 22 21 af
603 1043 76 28 nådiga
690 1044 155 27 propositionen
855 1043 41 21 N:o
906 1044 28 20 26

112 1071 108 28 angäende
235 1071 73 22 vidare
323 1071 219 29 jernvägsbyggnader
556 1072 7 20 i
578 1072 71 21 landet
664 1071 102 28 ingäende
781 1072 89 28 förslag;

179 1139 114 22 Allmänna
314 1140 207 22 Petitionsutskottet
543 1141 34 20 för
599 1141 69 20 denna
685 1140 47 28 dag,
747 1140 61 22 hvari
822 1140 112 22 Utskottet

111 1168 93 21 afgifver
218 1168 93 22 följande
326 1169 132 28 redogörelse
473 1169 33 21 för
521 1169 26 21 de
563 1169 68 21 beslut
646 1168 94 22 Ständen
754 1169 66 22 fattat
834 1169 48 21 med
897 1177 36 14 an-

110 1181 86 48 ledning
211 1197 22 21 af
248 1177 122 42 Utskottet
385 1197 131 22 återstående
532 1197 153 22 betänkanden:

181 1225 121 22 Utskottets
325 1226 137 28 afstyrkande
484 1226 133 21 betänkande
638 1226 41 21 N:o
700 1227 26 20 23
745 1227 89 21 rörande
849 1226 84 21 nedsät-

111 1255 75 20 tandet
200 1255 23 20 af
238 1262 25 13 en
273 1255 93 22 komité
377 1255 40 22 för
428 1255 102 22 särskilda
541 1255 150 27 skolfrågors
702 1255 184 27 undersökning
896 1255 38 21 har

111 1283 105 28 godkänts
239 1283 23 21 af
285 1283 159 29 Ridderskapet
458 1283 40 21 och
513 1284 77 26 Adeln,
604 1283 178 28 Borgareståndet
796 1284 39 21 och
850 1283 84 22 Bonde-

110 1311 91 27 ståndet,
223 1311 111 22 hvaremot
355 1311 158 22 Presteståndet
535 1312 98 21 omfattat
651 1312 40 21 den
706 1311 143 22 betänkandet
863 1312 70 21 vidfo-

110 1340 54 28 gade
179 1341 160 21 reservationen.
372 1341 80 27 Frågan
466 1341 38 20 har
519 1341 62 20 alltså
595 1340 95 21 förfallit.

180 1368 121 22 Utskottets
323 1368 133 22 betänkande
471 1368 41 22 N:o
528 1370 27 20 24
570 1377 33 13 om
619 1369 195 27 reorganisation
830 1369 27 21 af
870 1369 62 22 skol-

110 1397 117 21 väsendet
242 1397 79 21 derhän
336 1400 32 18 att
378 1397 119 21 folkskolan
507 1397 84 21 komme
601 1400 32 18 att
643 1399 75 25 utgöra
728 1404 26 14 en
764 1397 76 21 allmän
850 1398 83 20 botten-

110 1424 60 20 skola
180 1425 34 20 för
223 1425 82 20 landets
315 1426 65 26 högre
391 1425 261 27 undervisningsanstalter
661 1425 123 27 godkändes
796 1425 23 19 af
828 1426 104 26 Borgare-

110 1452 90 26 ståndet,
214 1452 76 20 medan
305 1452 158 28 Ridderskapet
477 1452 40 21 och
532 1452 76 26 Adeln,
623 1452 83 20 Preste-
720 1452 39 21 och
769 1452 163 21 Bondestånden

110 1480 82 21 beslöto
207 1483 32 18 att
253 1480 203 28 petitionsförslaget
469 1480 48 21 icke
532 1480 67 21 skulle
609 1480 32 21 till
651 1479 75 29 åtgärd
738 1480 114 22 föranleda.
881 1479 52 22 Frå-

110 1517 41 20 gan
166 1509 39 21 har
219 1508 62 22 alltså
295 1509 96 21 förfallit.
