1084 1792
199 135 54 21 1192
428 140 24 16 R.
466 144 17 12 0.
495 140 22 16 A.
534 140 55 17 1897.
613 140 24 16 14
648 139 49 20 Maj.

170 207 44 21 Det
229 208 23 19 är
268 209 30 18 ett
313 206 73 21 alltför
400 206 108 28 vanskligt
522 206 59 27 gebit
596 206 34 21 för
640 205 119 22 Ständerna
770 208 31 19 att
811 206 94 25 beträda,
914 205 35 21 för
960 208 32 18 att

170 234 81 22 sådana
272 235 114 27 petitioner
411 234 71 21 kunde
504 234 67 22 blifva
589 234 66 28 något
669 234 72 28 inlägg
755 234 23 21 af
793 233 116 29 betydelse.
939 234 53 20 Helt

172 266 66 18 annat
254 270 39 14 var
308 263 42 26 det,
366 262 29 22 dä
410 262 119 22 Ständerna
543 262 95 22 uttalade
653 263 33 27 sig
701 262 110 28 angäende
828 263 57 20 vissa
899 261 95 22 hufvud-

186 292 93 28 rinciper
300 292 35 20 för
356 290 111 22 skolornas
490 292 150 27 organisation,
659 290 69 22 säsom
750 291 36 21 vid
803 291 53 21 1877
873 290 34 22 ärs
922 290 70 22 landt-

170 300 48 48 dag.
248 320 34 22 Nu
302 322 23 19 är
347 320 37 21 det
405 320 126 27 visserligen
552 319 61 21 fallet
632 322 32 18 att
679 320 5 20 i
700 319 141 22 förevarande
856 319 137 21 betänkande

170 348 67 22 också
259 356 26 13 en
308 348 62 28 fråga
392 348 148 27 förekommer,
562 356 45 13 som
622 348 39 21 har
676 348 99 21 karaktär
789 347 24 22 af
827 348 164 27 organisations-

170 376 67 29 fråga.
267 376 43 22 Det
333 378 23 20 är
378 376 48 26 den,
448 376 87 22 hvilken
559 376 41 22 den
624 379 84 19 senaste
727 376 63 22 ärade
805 376 82 21 talaren
902 376 91 21 berörde

171 406 40 20 och
226 413 46 14 som
287 405 98 21 förordas
402 406 6 20 i
422 404 68 22 första
505 406 166 21 reservationen.
700 405 78 27 Någon
793 406 67 26 utsigt
875 407 31 19 att
917 405 76 27 bringa

169 434 33 21 till
223 433 62 22 stånd
304 441 26 14 en
346 434 176 27 ständerpetition
544 435 6 20 i
566 434 93 27 enlighet
675 433 86 21 dermed
777 433 60 22 torde
854 433 56 21 dock
925 434 67 28 knap-

170 465 49 25 past
239 462 111 28 föreligga.
379 462 120 28 Angående
522 462 26 22 de
571 462 69 28 öfriga
661 462 100 28 frågorna
778 462 39 21 har
831 462 35 28 jag
880 463 113 27 ingenting

170 494 32 18 att
224 492 87 27 tillägga
333 490 33 22 till
387 490 57 22 hvad
463 490 34 21 Hr
512 490 101 22 Lindelöf
628 490 65 22 redan
709 493 71 25 yttrat,
796 491 40 21 och
852 490 27 21 då
895 491 98 27 samtliga

170 519 39 21 här
224 519 133 21 behandlade
372 520 114 27 petitioner
500 520 55 27 gälla
571 519 40 21 den
627 527 40 13 ena
683 519 50 21 eller
748 519 67 21 andra
825 519 70 21 lokala
906 519 86 21 skolans

170 548 126 28 förändring
317 548 27 28 på
367 550 31 19 ett
418 548 52 21 eller
484 551 65 18 annat
571 549 48 25 sätt,
634 550 23 18 är
672 548 37 21 det
723 548 38 20 allt
776 548 79 28 frågor,
870 555 34 13 om
919 548 74 20 hvilka

171 584 48 14 man
241 576 125 28 visserligen
390 576 41 22 kan
454 576 58 22 bilda
534 578 33 27 sig
588 584 26 13 en
635 576 61 28 åsigt,
715 584 48 14 men
780 576 26 22 de
822 577 56 27 ligga
893 576 56 22 dock
965 576 30 28 på

172 605 61 22 sidan
248 613 34 13 om
298 605 41 21 den
355 605 107 29 ställning,
477 613 45 13 som
538 605 119 22 Ständerna
672 604 65 22 borde
754 606 71 27 intaga
840 607 7 19 i
863 605 101 21 afseende
980 605 14 21 å

171 634 85 21 landets
271 634 148 21 skolväsende.

240 662 42 28 Jag
304 662 78 22 tillåter
403 663 44 27 mig
469 663 27 27 på
518 663 69 27 grund
610 662 23 21 af
655 662 63 22 dessa
738 662 65 28 något
817 662 177 28 fragmentariskt

172 691 116 21 framförda
312 690 40 23 och
375 691 71 21 säkert
467 698 33 14 om
522 694 85 19 nattens
622 691 89 21 trötthet
727 691 110 21 vittnande
853 692 67 20 motiv
935 691 60 21 hem-

173 720 67 26 ställa,
260 727 34 14 om
310 720 48 22 icke
373 720 25 21 R.
414 727 18 13 o.
448 720 26 20 A.
490 720 50 21 ville
556 720 83 22 besluta
655 722 30 18 att
701 720 26 21 de
742 720 7 21 i
764 719 141 22 förevarande
921 719 73 21 betän-

172 748 69 21 kande
257 748 135 22 behandlade
406 748 237 28 petitionsmemorialen
659 748 48 21 icke
723 748 60 22 skola
795 748 32 21 till
837 749 71 27 någon
919 748 74 28 åtgärd

170 777 50 21 från
235 777 26 21 R.
276 784 19 14 o.
309 778 41 20 A:s
365 776 47 21 sida
426 776 117 22 föranleda.

240 833 57 21 Frih.
320 841 53 13 von
394 833 195 22 Willebrand:
620 833 71 22 Jemte
706 833 36 21 det
757 834 34 28 jag
806 836 51 18 utan
873 836 31 18 att
919 833 75 21 anföra

171 862 51 21 flere
237 862 46 20 skäl
298 862 32 21 till
345 862 56 21 hvad
416 862 59 21 Frih.
489 862 87 26 Wrede,
593 862 23 21 R.
626 862 33 24 A.,
671 862 64 20 redan
746 862 121 26 framhällit,
877 862 118 27 tillstyrker

172 890 120 28 antagande
314 890 22 21 af
358 890 68 21 första
440 891 165 26 reservationen,
620 890 79 21 tilläter
713 891 36 27 jag
763 891 49 26 mig,
827 890 67 21 under
909 890 38 21 allt
961 897 32 14 er-

172 918 114 22 kännande
302 919 22 20 af
343 919 128 27 riktigheten
487 919 23 21 af
524 919 27 21 de
567 919 112 28 principer,
694 926 45 13 som
755 918 51 22 Frih
827 919 80 21 Wrede
923 918 71 21 anfört

173 947 40 22 och
229 955 45 13 som
290 947 22 21 af
327 947 35 21 Hr
377 947 107 21 Mechelin
500 951 73 18 senast
587 947 145 25 understödts,
746 947 57 21 dock
816 947 109 21 vördsamt
935 947 60 20 hem-

172 976 61 21 ställa
249 978 31 18 att
294 975 26 22 R.
336 983 18 14 o.
370 977 26 20 A.
410 977 48 20 icke
474 976 50 21 ville
539 976 71 21 lemna
625 975 125 26 obeaktade,
766 976 28 21 dä
805 975 70 22 denna
889 975 61 28 fräga
966 983 28 13 nu

170 1004 122 28 föreligger,
314 1005 143 27 petitionerna
480 1012 33 13 om
532 1004 100 22 skolorna
647 1005 7 20 i
669 1004 128 21 Mariehamn
815 1005 40 20 och
871 1004 124 21 Sordavala.

170 1033 67 21 Hvad
252 1032 118 22 Sordavala
386 1033 60 21 skola
462 1033 105 26 beträffar,
582 1033 24 21 sä
621 1033 51 21 böra
687 1033 20 20 vi
724 1033 47 21 icke
787 1033 69 21 lemna
872 1032 124 26 obeaktadt,

170 1064 38 22 att,
223 1069 34 12 om
273 1068 26 13 en
315 1061 187 28 bildningsanstalt
516 1063 7 19 i
534 1061 72 28 regeln
619 1061 38 21 har
668 1061 53 21 blott
729 1069 26 13 en
763 1062 78 27 positiv
850 1069 44 27 upp
911 1061 32 28 ift,
952 1061 41 20 den

170 1092 32 18 att
216 1089 76 28 främja
307 1089 104 28 kulturen,
427 1089 24 21 så
466 1089 41 21 kan
524 1089 41 22 den
581 1089 66 22 också
657 1089 66 21 hafva
734 1097 25 13 en
771 1090 87 27 negativ
869 1097 72 18 sådan,
952 1089 41 21 den

169 1120 31 18 att
219 1119 75 26 utgöra
310 1120 30 19 ett
355 1120 57 19 värn.
443 1117 248 22 Utskottsbetänkandet
705 1117 71 28 gifver
791 1118 48 21 icke
854 1117 86 22 tillfullo
957 1118 36 21 vid

169 1145 91 26 handen,
276 1147 7 20 i
298 1145 87 22 hvilken
400 1146 53 28 grad
468 1146 149 29 önskligheten
632 1149 31 18 att
677 1145 24 22 få
715 1146 118 21 Sordavala
848 1146 98 21 läroverk
957 1146 36 21 be-

169 1174 101 28 tryggadt
290 1176 24 19 är
329 1174 107 22 dikteradt
451 1175 23 20 af
488 1175 161 28 skyddsbehof;
665 1175 36 20 det
715 1174 60 22 torde
791 1174 56 22 dock
862 1175 35 20 för
912 1175 83 21 enhvar

169 1210 53 14 vara
245 1203 56 21 klart
326 1205 31 19 att
377 1203 121 22 läroverket
519 1204 7 20 i
549 1203 118 22 Sordavala
687 1203 38 21 har
747 1203 66 22 äfven
837 1210 26 15 en
884 1202 111 23 värnande

169 1231 91 28 uppgift.

239 1260 66 21 Hvad
327 1259 133 22 Mariehamn
482 1260 140 27 vidkommer,
644 1261 25 20 så
690 1261 42 20 kan
755 1268 49 13 man
827 1260 65 21 tänka
915 1261 32 26 sig
962 1262 32 19 att

170 1288 71 21 denna
256 1289 106 20 landsorts
378 1289 95 27 alldeles,
482 1291 89 26 säregna
586 1289 148 21 förhållanden
747 1290 51 26 göra
811 1289 36 20 det
857 1289 135 27 synnerligen

170 1316 59 21 svårt
251 1320 31 17 att
304 1316 38 21 der
364 1316 24 21 få
410 1320 31 17 ett
459 1317 81 21 Ålands
557 1317 66 22 behof
637 1317 42 21 och
694 1317 299 27 befolkningsförhållandet
982 1312 15 37 i

170 1343 67 28 öfrigt
252 1344 149 21 motsvarande
416 1344 139 21 lärdomssäte
571 1345 31 20 till
618 1344 68 26 stånd,
697 1344 74 22 såvida
782 1345 49 20 icke
842 1345 36 20 det
888 1345 105 20 allmänna

170 1372 95 21 kommer
287 1372 32 21 till
341 1371 63 28 hjelp.
434 1372 48 21 Och
503 1375 32 18 att
549 1373 38 20 det
601 1373 106 20 allmänna
722 1372 48 22 icke
785 1373 61 20 torde
861 1373 85 20 komma
961 1373 32 20 till

168 1399 59 29 hjelp
248 1403 51 19 utan
322 1400 129 21 Ständernas
474 1400 143 29 påtryckning
639 1402 23 19 är
685 1409 44 13 mer
751 1402 26 19 än
795 1400 113 27 sannolikt,
923 1400 28 21 då
965 1401 29 28 ju,

169 1429 71 22 såsom
262 1431 161 20 reservanterne
442 1430 7 20 i
472 1429 75 28 frågan
570 1429 81 29 påvisa,
666 1429 36 22 det
717 1429 110 28 verkligen
839 1429 72 22 kunde
925 1429 69 22 finnas

168 1458 34 21 stå
216 1458 8 21 i
239 1457 71 29 någon
326 1458 127 28 motsägelse
464 1458 31 21 till
507 1457 36 22 det
553 1459 88 20 allmänt
648 1457 139 30 accepterade
796 1459 198 28 skolprogrammet,

169 1495 35 13 om
219 1487 136 28 Regeringen
371 1494 28 13 nu
414 1487 38 21 här
467 1487 99 21 inskrede
576 1487 32 21 till
619 1487 82 21 förmån
713 1487 34 22 för
755 1487 70 22 denna
833 1488 66 21 skola.
922 1487 71 22 Saken

169 1518 23 20 är
216 1515 82 22 således
321 1517 7 20 i
349 1515 43 29 hög
406 1516 52 28 grad
474 1515 181 29 behjertansvärd.
684 1516 75 29 Enligt
774 1516 56 23 hvad
844 1517 36 28 jag
895 1524 50 21 nyss
960 1517 34 21 in-
