1084 1795
311 137 224 18 Folkskoleväsendets
547 138 147 21 befrämjande.
830 132 54 21 1267

92 206 83 25 asioita,
194 205 64 28 jonka
273 206 57 19 minä
345 205 118 28 puolestani
479 205 63 28 pidän
558 205 99 21 kaikkien
674 205 166 29 edullisimpana.
870 205 43 22 Sen

93 234 89 20 mukaan
203 233 110 28 jokaisella
334 233 160 21 kansakoululla
512 241 26 13 on
555 241 48 13 oma
617 233 166 28 johtokuntansa
798 235 21 26 ja
834 234 78 21 näiden

92 261 173 28 puheenjohtajat
283 262 150 21 muodostavat
446 262 98 27 yhteisen
559 261 280 28 kansakoulujohtokunnan
856 262 56 21 koko

91 290 80 21 kuntaa
188 293 81 18 varten.
299 290 66 20 Tämä
380 291 80 26 tietysti
475 291 112 26 etupäässä
602 290 56 21 tulee
674 290 156 28 kysymykseen
846 290 66 25 siellä,

91 319 65 20 missä
176 325 27 14 on
224 319 109 27 useampia
349 318 151 27 kansakouluja
515 325 94 14 samassa
625 318 112 21 kunnassa.
767 319 71 20 Mutta
852 319 22 27 jo
890 325 22 14 se

91 347 80 26 seikka,
191 348 44 19 että
255 347 98 28 puheena
373 347 75 20 olevan
464 347 59 20 asian
542 347 35 20 voi
595 347 97 27 järjestää
708 347 91 21 monella
814 350 63 25 tapaa
892 347 21 27 ja

92 377 43 19 että
157 383 22 13 se
201 375 98 27 ehdotus,
318 375 57 21 mikä
393 375 58 21 esillä
467 375 97 21 olevassa
579 375 113 28 pykälässä
706 375 99 26 tehdään,
820 377 19 19 ei
855 375 57 21 suin-

90 404 55 21 kaan
162 404 32 21 ole
209 411 62 21 paras
286 403 149 26 mahdollinen,
450 403 115 28 vaikuttaa,
581 405 43 19 että
639 403 77 28 pykälä
730 405 58 20 tässä
799 404 114 21 muodossa

91 440 27 13 on
138 432 123 28 hyljättävä.
291 432 110 27 Sitäpaitsi
422 439 26 14 en
469 432 91 21 huomaa
577 432 208 25 välttämättömäksi,
801 434 42 19 että
859 434 53 19 täm-

90 461 93 21 möiseen
207 461 125 28 säätylakiin
354 461 56 20 tulee
429 460 77 28 pykälä
525 460 304 29 kansakoulujohtokunnasta,
845 460 67 21 koska

90 489 129 22 säännöksiä
234 490 49 20 siitä
297 489 73 28 löytyy
385 489 283 21 kansakoulu-asetuksessa.
683 489 66 21 Tosin
766 497 25 13 en
807 490 41 20 sitä
863 496 50 14 suo-

90 521 85 18 rastaan
199 519 128 25 vastustaisi,
347 519 32 27 jos
399 518 86 21 minulla
507 518 47 21 olisi
569 518 83 27 tarjona
666 517 84 29 pykälä,
764 518 50 28 joka
830 518 82 28 kelpaa.

90 547 71 21 Mutta
177 547 96 28 puheena
289 547 62 20 oleva
365 546 79 29 pykälä
459 547 20 20 ei
494 547 40 20 sitä
549 549 40 19 tee.

158 604 57 21 Frih.
237 611 50 14 von
310 603 188 22 Willebrand:
521 604 11 21 I
547 603 61 29 fråga
623 611 34 14 om
673 604 11 21 3
701 606 10 23 $
728 604 8 21 i
750 604 162 21 reservationen

90 633 79 21 tilläter
190 634 35 27 jag
244 634 43 27 mig
306 633 130 21 understöda
453 633 34 20 Hr
502 633 119 21 Mechelins
637 632 85 28 förslag.
751 632 42 28 Jag
807 632 56 22 hade
878 633 34 20 för

90 662 65 27 öfrigt
176 661 34 22 för
232 661 66 28 afsigt
319 664 32 19 att
370 664 56 25 yttra
447 661 65 28 några
528 661 37 21 ord
582 668 33 15 om
631 660 153 22 betänkandets
801 662 12 20 3
830 662 18 26 &,
864 669 48 13 men

90 690 129 22 förbehäller
232 691 35 28 jag
282 691 43 27 mig
341 697 28 14 nu
384 693 30 18 att
429 693 49 24 taga
492 691 33 20 till
540 690 61 21 ordet
616 689 72 22 derom
704 697 80 14 senare.

159 747 34 21 Hr
208 747 24 22 L.
247 747 155 22 Mechelin:
418 747 41 27 Jag
474 747 37 21 vill
526 747 55 21 blott
595 747 33 21 till
643 746 160 29 förebyggande
818 746 23 21 af
852 747 61 20 miss-

91 776 98 22 förständ
210 777 84 26 betona,
316 779 30 18 att
367 776 36 28 jag
424 776 64 28 yrkar
502 776 28 28 pä
545 775 120 22 äterremiss
680 775 34 21 för
729 777 31 19 att
775 775 27 28 pä
817 775 97 28 lämpligt

92 805 60 21 ställe
167 805 35 20 mä
217 805 79 21 införas
313 807 30 19 ett
357 804 149 22 motsvarande
521 804 124 28 stadgande.

161 861 31 22 Pä
215 861 70 29 grund
299 861 23 22 af
337 861 41 21 den
394 860 89 22 sälunda
498 861 111 21 förefallna
624 860 149 21 diskussionen
788 859 126 22 framstälde

92 890 34 21 Hr
139 890 207 22 Landtmarskalken
356 890 32 21 till
403 890 25 20 R.
444 897 18 13 o.
477 890 38 20 A:s
532 889 131 21 besvarande
678 889 95 28 följande

356 969 282 28 Omröstningsproposition
644 977 4 13 :

160 1022 55 26 Den,
235 1029 44 14 som
297 1021 125 28 godkänner
437 1020 103 28 förslaget
555 1023 32 19 att
601 1021 153 21 äterremittera
770 1020 145 21 betänkandet

91 1051 32 21 till
143 1050 114 22 Utskottet
276 1052 7 20 i
303 1050 41 22 oeh
358 1050 35 21 för
406 1049 113 21 införande
534 1050 29 28 pä
577 1049 97 28 lämpligt
688 1049 62 21 ställe
766 1049 23 21 af
804 1056 26 14 en
846 1048 68 22 sädan

92 1079 142 28 bestämning,
255 1086 45 14 som
325 1078 113 22 förefinnes
461 1079 7 20 i
494 1079 12 20 3
532 1079 12 27 $
567 1078 22 21 af
611 1078 169 28 reservationen,
801 1079 69 19 röstar
884 1078 30 27 ja;

161 1132 76 20 vinner
251 1131 41 28 nej,
306 1130 96 21 förfaller
416 1130 104 28 förslaget
534 1129 80 22 derom.

161 1188 59 21 Enär
242 1187 41 21 den
306 1194 33 14 om
363 1186 57 22 detta
436 1186 224 28 omröstningsförslag
675 1186 98 21 anstälda
787 1186 128 28 voteringen

93 1216 62 22 utföll
178 1216 47 22 med
248 1217 26 21 50
295 1216 21 28 ja
337 1215 40 21 och
398 1216 25 20 18
438 1216 41 27 nej,
494 1215 55 21 hade
564 1215 25 21 R.
605 1222 18 13 o.
639 1216 26 20 A.
680 1214 96 28 godkänt
792 1214 123 22 införandet

93 1247 7 19 i
120 1245 244 27 författningsförslaget
384 1244 22 21 af
426 1243 27 21 de
471 1243 67 21 under
558 1244 12 26 &
586 1244 12 20 3
614 1243 23 21 af
651 1244 160 20 reservationen
827 1244 88 27 intagna

93 1274 194 27 bestämningarna.

161 1324 36 22 Då
211 1324 34 22 Hr
260 1324 206 22 Landtmarskalken
480 1323 95 21 härefter
586 1322 158 23 öfverlemnade
755 1323 15 26 $
782 1324 15 20 3
808 1323 6 21 i
825 1322 90 22 Utskot-

93 1356 42 19 tets
150 1353 137 21 betänkande
301 1353 33 21 till
349 1353 128 26 diskussion,
494 1351 59 29 afgaf

161 1404 58 21 Frih,
247 1412 51 13 von
325 1403 183 22 Willebrand
530 1403 95 28 följande
647 1401 119 23 uttalande:
788 1401 65 22 Hvad
880 1402 35 27 jag

94 1433 49 21 ville
163 1435 57 25 yttra
241 1433 110 26 angående
373 1432 70 20 denna
465 1432 100 27 paragraf
587 1433 22 18 är
623 1431 94 20 närmast
732 1437 26 13 en
774 1429 142 27 anmärkning

94 1461 132 21 beträffande
245 1460 41 21 den
302 1460 108 28 språkliga
426 1459 145 28 affattningen.
587 1459 46 20 Här
649 1458 143 21 förekommer
807 1457 109 28 uttrycket

96 1489 61 22 »från
179 1489 108 21 distriktet
306 1487 176 23 hemmavarande
505 1487 73 27 barn»;
593 1487 36 21 det
643 1487 75 28 tycker
732 1487 36 28 jag
783 1486 48 21 icke
846 1487 23 19 är
885 1488 31 18 ett

95 1518 130 29 fullkomligt
237 1518 86 21 korrekt
334 1517 90 28 uttryck.
440 1515 187 23 Hemmavarande
638 1515 115 22 betecknar
764 1515 66 28 enligt
841 1514 74 29 spräk-
