1089 1792
202 136 55 20 1458
450 141 24 17 R.
487 146 17 12 o.
517 141 23 17 A.
552 141 55 17 1897.
632 142 26 16 24
670 140 47 22 Maj.

173 208 51 20 eller
245 208 66 21 andra
333 208 168 21 administrativa
524 208 158 27 författningar,
699 214 45 14 som
759 209 37 19 äro
810 207 90 21 afsedda
915 210 32 18 att
960 211 34 17 ut-

172 236 73 21 färdas
268 237 7 20 i
297 235 151 29 sammanhang
471 236 49 21 med
542 243 25 14 en
590 236 20 21 lag,
647 236 33 20 till
694 236 87 20 hvilken
796 236 81 27 förslag
891 235 102 28 förelagts

172 264 125 27 Ständerna,
319 264 117 21 meddelats
455 264 118 21 Ständerna
596 265 32 20 till
644 264 134 28 upplysning,
794 263 119 22 Ständerna
928 264 65 21 hafva

172 293 106 27 begagnat
297 293 32 28 sig
344 293 23 20 af
381 292 93 21 tillfället
489 296 31 17 att
534 293 66 21 uttala
616 294 32 27 sig
663 292 111 28 angäende
786 293 108 28 förslagen
909 293 32 20 till
956 292 37 21 ad-

172 322 140 21 ministrativa
335 321 151 28 författningar
501 321 41 22 och
556 321 46 21 ofta
616 321 49 21 med
680 321 102 21 afseende
797 321 13 21 &
825 321 48 21 dem
888 320 106 22 framstält

171 350 81 27 vigtiga
272 350 163 27 anmärkningar
450 350 40 21 och
506 349 169 22 beaktansvärda
690 350 137 28 synpunkter.
857 350 44 21 Det
916 349 77 22 saknas

171 378 67 22 ocksä
259 378 48 21 icke
329 378 96 28 exempel
447 378 27 28 pä
489 381 31 18 att
535 377 129 22 Ständernas
680 378 123 21 uttalanden
819 379 7 20 i
841 377 115 29 anledning
971 378 23 21 af

171 407 72 28 dylika
265 407 32 21 till
320 407 128 28 upplysning
471 406 123 22 meddelade
616 406 220 28 författningsförslag
858 407 66 21 hafva
947 407 47 20 utaf

170 435 135 28 Regeringen
326 435 103 22 beaktats.
458 435 42 28 Jag
514 435 41 21 kan
571 435 73 21 derför
659 435 47 21 icke
721 442 51 14 vara
788 443 51 13 ense
854 443 35 13 om
904 435 38 21 det
957 435 36 21 be-

170 464 146 21 traktelsesätt
331 466 31 19 att
377 463 120 22 ändamälet
512 463 48 22 med
576 463 150 22 meddelandet
740 463 23 22 af
778 463 162 28 ifrägavarande
949 463 43 21 för-

171 493 46 27 slag
237 492 118 22 Ständerna
371 492 32 21 till
417 493 130 28 upplysning
562 499 50 14 vore
629 495 80 18 vunnet
724 492 86 21 dermed
827 495 31 18 att
872 493 121 28 Represen-

169 521 107 21 tationens
296 520 137 21 medlemmar
448 501 65 42 hafva
528 521 46 21 haft
588 521 85 20 tillfälle
688 523 32 19 att
734 521 122 28 genomläsa
872 521 62 21 dessa
949 521 43 20 för-

169 549 52 28 slag,
235 552 51 18 utan
302 549 67 20 mäste
384 551 90 19 tvärtom
490 557 51 13 anse
556 552 31 18 att
602 549 36 21 det
653 549 53 21 hade
717 550 56 20 varit
785 549 134 28 synnerligen
928 549 66 21 önsk-

170 577 63 22 värdt
254 580 31 19 att
307 577 211 22 Ekonomiutskottet
540 577 67 22 skulle
629 577 80 22 kunnat
724 577 98 22 meddela
837 577 66 28 nägot
919 578 74 21 betän-

171 605 69 22 kande
263 605 66 22 ocksä
349 605 91 22 rörande
460 606 47 21 dem
523 606 40 21 och
579 605 118 22 Ständerna
712 605 46 22 haft
773 606 85 21 tillfälle
873 609 31 18 att
920 606 72 21 derom

170 635 66 21 uttala
252 635 37 28 sig.
318 634 52 21 Men
386 634 27 21 dä
428 634 24 21 sä
467 635 47 21 icke
529 635 81 21 kunnat
625 635 37 21 ske
678 635 41 21 och
734 635 36 21 det
786 635 66 21 finnes
864 635 50 28 föga
926 636 67 27 utsigt

171 666 31 18 att
223 663 211 22 Ekonomiutskottet
456 671 57 14 mera
535 663 68 22 skulle
625 663 113 22 medhinna
760 663 148 28 uppfyllandet
923 664 23 21 af
962 667 30 18 ett

170 691 77 22 sådant
269 691 53 28 värf,
343 691 24 22 sä
389 691 80 29 nödgas
491 693 35 27 jag
549 691 55 22 afstå
626 692 47 21 från
690 695 31 18 att
750 692 66 36 åyrka
831 695 31 18 att
877 695 30 18 ett
923 693 69 28 dylikt

170 720 98 29 uppdrag
283 720 68 22 skulle
366 720 70 28 gifvas
451 721 113 21 Utskottet
579 721 40 21 och
634 728 62 14 anser
708 700 66 42 också
782 724 32 18 att
821 721 70 28 någon
902 721 90 28 gransk-

170 750 51 27 ning
235 750 8 20 i
257 749 92 21 Ståndet
364 749 22 20 af
402 749 62 21 dessa
479 749 80 29 förslag
573 749 67 21 under
655 749 76 22 sådant
746 749 133 22 förhållande
890 750 48 21 icke
949 750 41 21 kan

170 777 161 28 ifrågakomma.

239 834 34 21 Hr
293 834 24 22 L.
338 834 149 22 Mechelin:
516 834 12 22 I
551 834 70 22 denna
642 834 138 29 uppfattning
803 843 33 13 om
856 835 96 28 sakläget
968 838 24 18 är

169 863 36 27 jag
229 870 50 14 ense
298 863 48 21 med
366 862 56 22 Frih.
440 862 77 22 Wrede
532 863 41 21 och
588 863 122 21 hemställer
726 864 80 26 endast,
822 864 105 20 huruvida
942 864 48 21 icke

170 891 26 21 R.
211 898 18 14 o.
245 891 26 21 A.
291 892 51 20 ville
362 891 82 21 besluta
465 894 31 18 att
514 892 6 20 i
539 895 72 18 svaret
625 891 28 28 på
668 891 48 22 nåd.
732 900 60 20 prop.
808 892 65 21 borde
888 892 51 28 ingå
954 900 38 13 an-

170 919 69 21 mälan
260 927 40 18 om,
321 919 113 21 huruledes
456 919 196 29 detaljgranskning
676 920 22 20 af
720 920 26 22 de
762 921 168 21 administrativa
946 921 45 21 för-

170 948 145 28 fattningarna
329 949 8 20 i
352 950 70 19 ämnet
437 948 48 21 icke
501 948 81 22 kunnat
597 948 131 27 medhinnas,
738 950 40 20 och
792 952 30 18 att
834 949 71 21 derför
916 949 74 21 endast

171 984 26 14 en
219 976 126 22 hemställan
367 976 38 22 här
426 977 84 27 uttalas,
529 980 32 18 att
576 977 62 21 dessa
654 976 170 23 administrativa
839 978 152 28 författningar

170 1005 68 21 skulle
260 1005 141 21 underkastas
418 1005 132 28 granskning
566 1006 6 20 i
588 1006 56 28 syfte
660 1008 30 18 att
706 1008 82 24 utröna,
806 1007 3 20 i
826 1006 55 22 hvad
898 1006 50 21 mån
964 1006 26 21 de

170 1034 9 20 i
193 1033 77 29 sjelfva
285 1033 147 28 ständerlagen
445 1034 101 27 vidtagna
556 1034 176 27 förändringarna
744 1035 72 21 kunde
827 1035 85 28 påkalla
923 1035 68 21 modi-

171 1062 87 21 fikation
273 1062 23 20 af
311 1062 26 20 de
352 1062 32 20 till
399 1062 129 28 upplysning
542 1062 125 22 meddelade
682 1062 114 29 förslagen.

239 1118 33 21 Hr
295 1119 25 20 A.
343 1118 24 21 L.
390 1126 51 14 von
457 1119 156 28 Knorring:
646 1120 41 27 Jag
709 1122 23 18 är
755 1120 126 28 öfvertygad
902 1128 34 14 om
960 1123 32 18 att

170 1147 212 21 Ekonomiutskottet
402 1148 6 20 i
431 1148 60 27 fräga
514 1155 34 13 om
571 1147 26 21 de
618 1148 170 21 administrativa
811 1148 179 29 författningarna

171 1176 53 20 skall
245 1177 52 26 göra
319 1176 36 20 allt
378 1175 57 21 hvad
457 1176 81 27 möjligt
560 1178 23 18 är
601 1176 33 20 för
650 1179 31 18 att
696 1177 74 27 bringa
785 1177 68 21 under
868 1177 122 28 Styrelsens

170 1204 137 28 ompröfning
323 1203 82 25 brister,
418 1204 74 20 hvilka
506 1203 106 22 mähända
626 1206 36 19 äro
678 1204 39 22 lätt
732 1204 73 27 funna,
820 1205 41 21 och
872 1206 27 28 pä
910 1214 80 13 samma

169 1232 58 28 gång
249 1234 22 19 är
293 1232 36 28 jag
350 1232 106 21 förvissad
479 1240 34 13 om
536 1235 31 18 att
586 1232 26 21 de
628 1240 28 13 nu
672 1234 65 20 redan
753 1234 117 27 upptäckta
886 1234 104 21 bristerna

170 1260 61 21 skola
246 1260 71 21 kunna
332 1260 128 21 ätminstone
474 1261 34 20 till
522 1262 78 20 största
615 1261 62 21 delen
692 1262 94 28 päpekas
802 1263 7 19 i
825 1262 61 21 korta
898 1263 92 27 ordalag,

170 1291 23 26 ty
209 1288 36 22 det
259 1289 67 21 finnes
341 1288 64 28 nägra
421 1288 93 29 detaljer,
530 1296 33 14 om
579 1289 72 21 hvilka
662 1290 40 20 alla
713 1290 137 22 medlemmar
860 1292 6 20 i
878 1291 114 21 Utskottet

170 1316 61 22 torde
247 1317 71 21 kunna
333 1324 40 13 ena
388 1318 38 26 sig,
441 1317 27 21 dä
484 1317 36 21 det
534 1318 66 26 gäller
615 1320 31 18 att
656 1318 67 21 uttala
734 1320 32 26 sig
777 1318 131 22 beträffande
920 1320 70 20 denna

171 1344 34 21 del
220 1344 23 21 af
257 1344 94 21 ärendet.

239 1401 57 21 Frih.
318 1408 54 14 von
393 1400 180 23 Willebrand:
602 1401 42 28 Jag
658 1402 79 22 tillåter
752 1405 43 26 mig
810 1403 129 22 understöda
956 1404 33 21 Hr

170 1429 119 22 Mechelins
308 1429 81 28 förslag
409 1430 110 27 angående
538 1431 97 21 anmälan
656 1431 71 22 derom
744 1435 30 18 att
790 1432 119 22 Ständerna
925 1441 28 13 nu
969 1435 17 27 ej

170 1458 126 22 medhunnit
318 1459 195 28 detaljeranskning
534 1459 23 22 af
579 1459 40 21 den
642 1459 168 24 administrativa
831 1461 157 29 förordningen.

170 1487 103 22 Deremot
295 1488 67 21 mäste
377 1488 34 27 jag
428 1489 55 20 sätta
498 1489 7 20 i
520 1488 60 29 fräga
595 1489 151 28 lämpligheten
762 1491 22 20 af
799 1490 41 21 den
856 1491 132 26 hemställan,

171 1516 34 21 Hr
219 1516 107 22 Mechelin
341 1517 120 28 föreslagit;
476 1519 23 26 ty
514 1517 41 22 den
571 1517 169 23 administrativa
757 1519 156 29 författningen
928 1521 61 20 kom-
