1095 1809
346 134 98 20 Register
457 134 58 17 öfver
527 134 75 21 odöpta
613 134 58 16 barn.
849 127 54 21 1635

115 201 74 28 angår,
199 208 45 14 som
255 201 72 22 kunna
336 202 78 28 uppstå
420 209 77 21 genom
507 204 31 19 att
547 201 66 22 andra
623 200 146 30 myndigheter
780 204 27 19 än
820 201 109 22 lutherska

114 230 158 28 presterskapet
287 230 43 21 föra
356 230 125 28 förteckning
502 230 61 22 öfver
584 230 78 28 odöpta
683 230 56 26 barn,
761 231 25 21 så
806 238 63 21 synas
886 231 44 27 mig

115 258 62 22 dessa
199 258 135 28 olägenheter
356 266 51 14 vara
428 258 23 22 af
472 259 81 21 mindre
577 258 114 29 betydelse,
713 260 26 20 än
754 259 37 21 det
805 259 123 29 principielt

115 287 90 27 oriktiga
228 287 6 20 i
257 289 32 19 att
311 287 157 28 presterskapet
491 288 54 21 skall
566 287 85 28 åläggas
673 286 163 29 ifrågavarande
854 288 74 21 odiösa

115 315 126 27 befattning.

183 344 44 20 För
240 344 43 21 min
299 344 33 21 del
347 346 45 19 tror
405 345 36 27 jag
455 346 32 20 att
501 345 62 21 dessa
578 344 40 22 och
627 344 104 22 likartade
741 344 132 28 svårigheter
882 344 48 22 icke

115 372 60 22 skola
198 372 71 22 kunna
291 372 55 22 lösas
368 372 29 29 på
418 376 65 18 annat
502 374 33 21 vis
557 375 26 19 än
602 376 31 18 att
653 373 22 21 vi
690 373 79 21 erhålla
784 374 146 28 civilregister,

115 401 38 22 vid
173 401 73 21 hvilka
267 402 136 28 förteckning
421 401 57 23 föres
499 402 23 22 af
543 402 101 28 verldslig
666 402 124 29 myndighet
811 402 62 22 öfver
890 402 42 22 alla

115 430 145 28 medborgare,
283 430 40 27 och
348 433 32 19 att
401 430 72 22 vidare
499 434 69 18 staten
594 430 120 28 legaliserar
736 431 27 21 de
785 431 147 22 konfessions-

116 459 57 21 lösas
196 459 105 26 samfund,
316 458 19 22 d.
358 467 20 13 v.
400 467 16 13 s.
438 462 31 18 att
490 460 27 21 de
540 460 181 21 konfessionslösa
741 460 103 21 erkännas
860 460 71 22 såsom

116 490 31 18 ett
168 487 24 21 af
210 487 62 29 lagen
294 488 130 28 berättigadt
444 488 105 22 samfund.
577 488 39 22 Ett
637 488 68 22 första
726 491 47 25 steg
788 488 68 22 skulle
872 491 60 26 tagas

116 517 6 20 i
145 516 70 22 denna
237 516 101 29 riktning,
360 516 70 22 derest
452 525 28 13 nu
502 517 163 27 förteckningen
688 517 62 21 öfver
773 516 27 22 de
824 517 107 28 ifrågava-

116 544 65 22 rande
207 545 78 29 odöpta
308 545 80 22 barnen
412 546 83 22 komme
521 549 31 19 att
577 545 111 22 åhvälfvas
711 546 102 28 verldslig
834 546 98 28 myndig-

116 574 42 21 het.
187 574 44 22 Det
253 576 24 19 är
298 574 72 22 derför
392 582 45 14 som
458 576 36 27 jag
515 575 34 21 för
571 576 42 20 min
631 574 35 22 del
688 575 92 21 skänker
801 575 48 21 mitt
872 575 59 21 bifall

114 603 33 21 till
170 611 26 13 en
217 604 8 20 i
247 603 69 21 denna
331 603 95 29 riktning
440 604 83 28 gående
537 604 85 21 reform.
652 604 41 28 Jag
707 604 79 20 tillåter
801 604 42 28 mig
858 604 74 21 derför

114 632 80 22 föreslå
216 634 31 19 att
262 631 90 22 Ståndet
367 632 49 22 ville
433 632 72 22 bifalla
520 632 33 22 till
568 632 123 22 Utskottets
706 632 141 22 betänkande.
876 632 54 22 Man

114 660 72 22 kunde
207 660 124 28 visserligen
353 660 96 22 deremot
469 661 100 21 anmärka
595 665 30 18 att
647 661 113 22 Utskottet
781 661 80 21 lemnat
884 661 46 21 oaf-

113 690 78 27 gjordt,
212 689 53 21 huru
288 689 63 21 dessa
372 690 158 28 förteckningar
544 690 61 22 skola
620 690 56 22 föras
692 690 41 21 och
747 689 88 22 dermed
850 690 81 21 lemnar

113 718 111 28 möjlighet
248 720 70 26 öppen
344 720 32 20 att
397 718 107 22 desamma
527 718 71 22 kunde
625 718 112 22 åhvälfvas
763 718 37 21 det
821 719 109 21 lutherska

113 747 164 29 presterskapet.
313 746 53 22 Men
388 747 28 21 dä
439 748 36 28 jag
500 750 87 25 antager
607 750 32 19 att
660 747 109 21 Styrelsen
791 748 7 20 i
826 748 40 20 alla
892 747 38 21 fall

114 776 54 21 skall
190 776 77 20 beakta
290 775 26 21 de
331 776 133 28 synpunkter
483 777 35 27 jag
540 778 53 26 tagit
613 777 42 27 mig
699 776 70 20 friheten
784 776 107 26 framföra,
906 776 25 20 så

113 804 63 28 hyser
198 804 35 28 jag
255 804 48 28 inga
318 804 171 28 betänkligheter
503 807 32 19 att
549 804 86 22 förorda
650 804 123 22 Utskottets
788 804 145 22 betänkande.

182 862 32 20 Hr
236 861 68 21 Adolf
324 862 137 21 Aminoff:
490 862 35 21 Då
543 862 37 22 det
597 862 215 28 petitionsmemorial,
830 869 44 14 som
894 862 39 27 lig-

113 898 38 20 ger
172 890 32 21 till
226 890 69 28 grund
317 890 34 22 för
372 890 140 22 förevarande
534 891 140 25 betänkande,
691 893 48 25 togs
755 891 31 20 till
802 890 131 28 behandling

113 920 58 20 inom
191 918 158 28 Lagutskottet,
363 919 38 28 gaf
416 919 36 21 det
467 919 114 29 anledning
595 920 32 20 till
642 919 86 28 mycket
743 919 129 28 vidtgående
888 918 43 22 dis-

113 948 112 21 kussioner
239 948 44 27 just
297 949 7 20 i
319 948 26 21 de
361 948 63 26 delar,
440 955 45 14 som
498 948 23 22 af
530 948 35 22 Hr
573 948 55 22 Rein
639 948 88 25 berörts,
737 948 105 28 nämligen
853 948 7 20 i
871 948 61 26 fråga

113 984 40 20 om,
168 976 28 28 på
210 976 62 22 hvem
288 976 99 22 förandet
402 976 22 21 af
439 976 62 22 dessa
511 977 158 27 förteckningar
679 976 68 22 skulle
759 976 117 21 ankomma.
899 976 33 21 På

113 1007 43 19 sätt
163 1005 23 21 af
192 1005 123 21 Utskottets
323 1005 141 29 betänkande
481 1006 99 28 framgår,
595 1005 23 21 så
628 1005 131 28 åberopades
771 1005 45 21 skäl
826 1005 34 21 för
870 1005 62 21 hvar-

113 1034 51 21 dera
188 1034 88 28 åsigten.
314 1035 22 21 A
351 1042 39 13 ena
412 1034 61 21 sidan
498 1034 105 22 uttalades
625 1037 15 18 t.
665 1041 18 14 o.
709 1042 26 13 m.
759 1036 31 19 att
813 1033 67 21 redan
905 1033 27 28 på

113 1063 68 28 grund
197 1062 22 22 af
233 1062 99 28 gällande
354 1062 103 29 kyrkolag
479 1064 130 27 anteckning
630 1070 34 14 om
680 1062 79 29 odöpta
775 1063 51 21 barn
841 1062 31 21 till
888 1062 43 21 för-

113 1092 70 20 äldrar
198 1092 23 20 af
230 1091 95 22 luthersk
337 1092 123 27 församling
470 1092 65 21 borde
545 1092 23 21 af
578 1091 158 29 presterskapet
745 1091 80 21 införas
836 1092 5 20 i
854 1091 78 27 kyrko-

114 1116 111 36 böckerna.
287 1120 65 21 andra
367 1120 59 21 sidan
443 1121 99 21 anfördes
558 1120 45 22 skäl
619 1120 33 20 för
667 1120 42 21 den
725 1120 55 28 åsigt
794 1122 31 18 att
840 1122 92 26 prester-

113 1149 77 28 skapet
211 1149 95 21 hvarken
321 1148 72 22 kunde
408 1149 51 21 eller
474 1149 65 21 borde
555 1148 110 22 åhvälfvas
681 1156 26 14 en
723 1148 66 22 sådan
804 1148 127 28 skyldighet.

112 1178 149 21 Hvilkendera
283 1178 22 20 af
327 1178 62 21 dessa
412 1177 78 29 åsigter
511 1178 38 21 har
571 1179 66 20 större
656 1178 46 21 skäl
717 1178 34 20 för
765 1178 39 27 sig,
818 1177 62 21 torde
896 1177 36 21 det

113 1206 47 22 icke
176 1214 50 14 vara
242 1207 81 28 möjligt
338 1209 32 18 att
384 1207 74 27 atgöra
472 1208 57 20 inom
545 1206 58 22 detta
618 1206 68 22 Stånd
701 1206 28 28 på
743 1206 25 21 så
777 1206 49 20 kort
835 1205 37 22 tid.
885 1213 44 14 som

113 1235 38 21 här
165 1235 41 22 kan
223 1243 64 21 egnas
303 1235 22 21 åt
340 1235 156 21 behandlingen
511 1236 22 20 af
548 1235 69 21 denna
632 1235 67 28 fråga.
721 1234 32 27 Ja,
765 1242 47 13 man
826 1234 37 21 har
873 1235 58 20 inom

115 1264 111 22 Utskottet
248 1267 69 18 ansett
338 1264 37 21 det
390 1272 50 14 vara
455 1243 34 42 för
504 1264 77 21 sakens
596 1264 111 28 framgång
722 1263 163 27 fördelaktigast
900 1266 32 18 att

113 1292 53 26 icke,
182 1292 23 22 så
220 1296 31 18 att
266 1294 56 27 säga,
337 1292 27 28 gå
379 1293 32 21 till
426 1293 73 21 botten
515 1293 24 21 af
552 1292 72 22 saken,
646 1292 51 21 Man
713 1292 38 21 har
763 1292 67 27 åtnöjt
840 1293 32 27 sig
883 1292 48 20 med

113 1324 32 18 att
167 1322 121 21 konstatera
311 1321 40 21 och
374 1322 92 20 erkänna
488 1322 41 20 den
545 1321 86 21 allmänt
645 1320 96 22 uttalade
756 1320 81 28 åsigten
854 1323 31 18 att
901 1323 30 18 ett

113 1350 184 21 missförhållande
312 1350 68 28 ligger
394 1350 50 26 deri,
460 1353 30 18 att
505 1350 78 28 odöpta
598 1349 52 22 barn
665 1350 31 20 till
711 1349 105 21 föräldrar
830 1349 22 21 af
865 1356 66 14 evan-

112 1378 189 28 gelisk-lutherska
315 1378 188 22 trosbekännelsen
519 1380 6 20 i
540 1378 73 28 regeln
627 1386 86 14 numera
728 1378 48 21 icke
792 1378 115 21 antecknas
925 1378 7 20 i

112 1407 66 28 några
193 1409 94 26 register.
302 1407 50 21 Och
362 1408 26 20 då
398 1408 151 27 Lagutskottet
559 1408 69 20 funnit
639 1407 36 21 det
685 1414 50 14 vara
746 1407 135 27 synnerligen
894 1406 35 20 be-

112 1435 157 28 hjertansvärdt
279 1438 32 17 att
320 1435 24 19 få
356 1436 31 20 till
398 1436 62 20 stånd
471 1443 26 12 en
508 1435 175 27 ständerpetition
695 1435 48 20 med
754 1435 70 20 dertill
835 1434 94 21 hörande

112 1463 63 26 kläm,
190 1470 34 14 om
239 1465 26 19 än
281 1462 68 28 aldrig
363 1464 25 20 så
402 1463 83 25 allmän,
499 1462 24 21 så
537 1463 38 21 har
589 1462 151 28 Lagutskottet
755 1462 99 28 slutligen
870 1464 60 18 enats

113 1499 35 14 om
170 1491 75 26 denna,
267 1499 47 13 man
334 1491 34 22 må
382 1499 28 13 nu
426 1493 51 26 säga
491 1491 81 28 ganska
587 1490 147 28 intetsägande
750 1490 61 21 kläm.
840 1490 42 28 Jag
896 1490 35 20 för

113 1521 43 21 min
179 1520 35 22 del
231 1520 67 22 håller
312 1520 46 22 före
374 1523 31 19 att
420 1520 256 29 petitionsbetänkandets
691 1519 57 21 kläm
763 1518 116 22 innehåller
894 1518 38 22 bra
