1095 1800
343 131 153 19 Prokuratorns
508 133 118 17 berättelse.
847 128 53 20 1531

176 200 41 27 Jag
240 200 40 21 kan
303 200 34 21 för
357 201 43 20 min
416 200 34 22 del
469 201 48 21 icke
533 204 64 18 annat
611 203 27 19 än
653 202 111 21 instämma
779 202 50 26 deri,
845 204 32 18 att
891 201 36 21 det

109 228 55 20 varit
186 228 100 28 önskligt,
308 232 31 17 att
361 230 128 20 berättelsen
505 229 110 21 innehållit
630 230 66 27 något
709 230 110 20 uttalande
835 231 6 19 i
858 230 70 20 denna

107 256 67 28 fråga.
203 257 40 20 Att
265 256 106 28 klagomål
395 258 5 20 i
424 258 59 20 detta
505 258 101 25 afseende
628 258 134 21 fortfarande
784 258 105 28 försports
905 260 23 18 är

107 284 141 28 obestridligt,
263 285 75 21 liksom
355 288 31 18 att
400 293 38 14 oro
453 287 6 19 i
475 286 114 31 anledging
608 286 61 21 häraf
684 286 141 21 förekommit.
854 286 73 28 Derpä

107 315 75 25 utgöra
199 313 62 21 bland
278 316 66 19 annat
362 315 43 27 just
423 314 136 24 uttalandena
575 314 36 22 vid
626 314 176 22 remissdebatten
819 315 6 19 i
840 314 86 21 Bonde-

105 342 86 21 ståndet
213 343 66 20 bevis.
309 342 51 22 Man
383 342 39 22 har
444 344 123 27 visserligen
594 343 65 21 nekat
679 347 31 17 att
732 343 63 21 dessa
820 343 106 27 klagomål

105 370 68 22 skulle
188 371 48 21 haft
250 371 75 28 grund,
341 372 39 21 och
395 372 7 20 i
418 372 58 20 detta
491 372 123 28 Höglofliga
627 372 67 21 Stånd
710 372 105 20 uttalades
831 372 35 20 för
877 372 48 21 icke

104 400 61 28 länge
181 400 66 21 sedan
263 400 22 21 af
300 400 88 21 en'ärad
401 401 66 20 talare
482 401 41 21 den
539 400 60 28 äsigt,
613 404 31 18 att
659 400 62 22 dessa
735 400 106 28 klagomål
854 400 71 22 öfver-

104 428 144 28 hufvudtaget
263 429 68 21 skulle
347 429 50 21 bero
414 429 26 28 på
452 429 154 21 missförstånd.
630 429 42 27 Jag
682 429 119 27 medgifver
811 432 31 18 att
853 429 71 28 klago-

106 456 68 22 målen
191 457 105 21 måhända
310 457 31 21 till
358 461 44 17 stor
418 458 34 20 del
467 457 51 21 bero
530 458 26 25 på
566 457 155 26 missförstånd,
733 465 48 13 men
792 457 57 21 detta
860 465 63 19 synes

105 486 42 27 mig
162 486 47 20 icke
225 493 50 13 vara
291 486 114 27 anledning
421 494 47 19 nog,
483 486 87 21 hvarför
591 488 31 18 ett
638 486 108 21 uttalande
761 487 7 19 i
783 486 141 21 förevarande

106 514 61 27 fråga
193 514 38 21 bör
245 515 77 20 saknas
338 515 5 20 i
359 514 156 22 Prokuratorns
544 514 119 21 berättelse.
692 514 101 21 Tvärtom
816 514 55 21 hade
893 518 31 17 ett

109 542 76 21 sådant
206 543 109 21 uttalande
338 543 48 21 bort
409 543 57 27 ingå,
481 551 33 13 om
530 543 48 21 icke
594 543 33 21 för
642 547 70 21 annat,
727 543 24 21 så
766 543 34 20 för
815 546 30 18 att
861 543 63 27 lugna

102 570 42 22 den
168 578 43 19 oro,
227 578 44 14 som
294 572 120 20 förefinnes.
443 571 39 21 Ett
505 572 76 20 sådant
602 571 109 21 uttalande
738 579 62 21 synes
815 572 44 26 mig
874 572 49 20 icke

103 599 66 22 heller
185 608 49 13 vara
249 600 132 21 främmande
396 600 36 21 för
445 600 156 21 Prokuratorns
624 600 126 28 åligganden
766 600 155 21 öfverhufvud-

103 631 64 25 taget,
183 629 27 20 då
225 629 31 20 till
272 629 63 21 dessa
349 630 21 27 ju
391 629 66 28 enligt
473 631 9 19 1
501 631 11 25 $
528 631 6 19 i
551 629 154 21 instruktionen
722 628 34 22 för
777 629 143 20 Prokuratorn

105 657 38 20 hör
167 661 44 17 »att
228 657 80 21 biträda
325 657 227 28 Generalguvernören
575 658 36 21 vid
634 657 111 21 inseendet
768 657 99 21 deröfver
890 661 31 17 att

103 685 58 21 såväl
185 685 83 22 landets
288 686 104 21 allmänna
408 687 40 26 lag,
464 694 44 13 som
525 689 65 18 andra
605 685 155 28 förordningar,
783 685 90 28 stadgar,
889 687 31 19 in-

102 714 130 21 struktioner
255 715 40 20 och
317 715 121 27 privilegier
454 715 12 20 å
481 715 39 20 alla
543 715 156 20 embetsställen
723 714 64 21 varda
807 714 112 21 efterlefda

103 743 41 20 och
160 743 129 27 iakttagne».
310 743 49 21 Och
374 751 51 13 vore
441 743 100 21 särskildt
557 743 71 28 dylika
643 743 123 20 uttalanden
797 743 12 20 på
819 743 32 20 sin
865 743 54 28 plats

102 773 6 19 i
126 771 133 26 berättelsen,
274 779 45 13 som
334 772 21 27 ju
371 771 89 21 handlar
475 779 32 12 om
524 772 96 27 lagarnas
640 746 165 55 handhafvande
821 772 5 19 i
843 771 78 20 landet.

172 799 43 21 För
230 800 66 27 öfrigt
312 800 40 20 kan
368 800 35 27 jag
417 799 48 22 icke
481 799 46 22 dela
544 800 40 20 den
600 799 138 28 uppfattning
754 802 31 18 att
800 799 26 20 de
841 799 78 27 ifräga-

103 828 93 21 varande
212 828 132 27 klagomälen
360 828 68 21 skulle
444 829 55 20 varit
509 828 40 21 och
560 830 35 19 äro
606 828 44 20 helt
665 827 39 21 och
715 827 66 21 hället
793 827 126 28 obefogade.

100 856 43 28 Jag
157 860 61 24 tager
235 857 43 27 mig
300 857 91 21 friheten
419 856 62 21 bland
504 859 65 19 annat
591 857 68 20 erinra
674 856 78 26 derom,
768 859 30 18 att
813 863 47 14 man
876 856 45 21 helt

102 892 50 21 nyss
168 886 55 20 varit
238 886 5 20 i
260 885 82 21 tillfälle
357 889 32 17 att
403 886 6 20 i
426 885 134 28 tidningarne
583 885 43 21 läsa
647 887 31 18 ett
692 885 92 20 cirkulär
798 884 48 21 frän
861 884 60 21 Tull-

101 915 104 27 styrelsen
229 915 30 20 till
282 915 157 24 tulikamrarna,
461 914 60 21 hvari
546 914 77 21 uttalas
647 916 31 18 att
699 914 32 20 till
754 913 165 28 Tullstyrelsens

102 943 98 28 kunskap
216 943 87 21 kommit
318 946 31 17 att
364 951 26 12 en
406 943 35 21 del
456 943 166 28 tulltjenstemän
638 942 47 21 icke
701 943 93 27 iakttaga
809 942 111 21 föreskrif-

102 975 60 17 terna
184 972 5 19 1
212 971 216 28 spräkförordningen
457 971 22 21 af
502 972 40 20 den
564 973 14 20 4
601 971 61 28 April
689 971 61 25 1887,
772 972 6 19 i
806 971 114 27 anledning

102 1000 76 21 hvaraf
192 1000 153 27 Tullstyrelsen
369 1001 79 20 erinrar
463 999 159 22 vederbörande
638 1007 33 13 om
687 999 185 28 nödvändigheten
889 1002 31 18 att

102 1029 94 27 iakttaga
211 1029 145 27 stadgandena
371 1029 7 20 i
393 1028 92 21 nämnda
507 1029 130 26 förordning.
667 1027 79 22 Likaså
761 1030 23 19 är
799 1027 36 21 det
853 1028 67 20 kändt

101 1060 32 18 att
149 1057 45 21 frän
210 1057 209 28 Jernvägsstyrelsen
435 1057 100 21 liknande
550 1057 116 27 erinringar
680 1056 46 28 gätt
736 1056 32 21 till
781 1056 48 21 dess
842 1055 77 22 under-

102 1085 91 28 lydande
208 1087 132 26 tjenstemän.
371 1085 88 22 Senaste
478 1085 49 21 höst
547 1085 72 28 afgick
635 1093 25 12 en
676 1085 66 20 sädan
758 1085 89 20 erinran.
877 1084 42 21 Om

99 1115 38 27 jag
151 1114 48 21 icke
215 1114 71 21 blifvit
297 1115 54 20 orätt
362 1113 143 28 underrättad,
516 1114 21 20 sä
551 1114 64 21 hafva
631 1113 71 28 dylika
718 1113 141 28 påminnelser
873 1113 47 27 gått

102 1142 48 21 från
166 1143 156 27 Poststyrelsen
337 1143 49 20 'och
409 1142 47 21 från
473 1142 173 28 Ofverstyrelsen
664 1141 34 21 för
714 1143 51 26 väg-
781 1141 40 21 och
836 1144 83 18 vatten-

102 1171 156 28 byggnaderna,
273 1171 40 21 och
329 1171 65 21 hafva
409 1171 27 21 de
452 1171 62 21 dessa
537 1171 105 28 Styrelser
656 1170 159 27 underlydande
832 1171 88 26 tjenste-

101 1202 47 19 män
170 1200 73 21 blifvit
265 1200 96 21 erinrade
380 1208 33 13 om
430 1203 30 17 ett
481 1203 104 25 noggrant
607 1198 136 29 iakttagande
766 1198 22 21 af
811 1198 108 29 språkför-

99 1230 151 26 fattningarna,
278 1228 72 22 hvilka
375 1229 116 27 erinringar
505 1229 44 21 helt
570 1228 71 21 säkert
661 1228 47 21 icke
724 1227 67 21 skulle
807 1228 62 25 skett,
885 1234 34 14 om

99 1257 38 22 det
153 1258 47 21 icke
216 1258 109 21 befunnits
345 1260 30 18 att
390 1257 165 21 öfverträdelser
577 1256 22 22 af
621 1256 65 28 sagda
710 1256 152 28 författningar
884 1258 36 25 egt

100 1294 52 13 rum.
171 1286 41 28 Jag
228 1286 37 21 vill
280 1286 65 21 likväl
360 1289 33 17 tro
409 1288 31 19 att
459 1286 2 20 i
477 1286 76 28 många
568 1286 44 26 fall,
627 1285 80 21 kanske
723 1284 27 21 de
764 1285 66 25 flesta,
846 1284 73 28 klago-

99 1314 70 21 målen
193 1315 69 20 berott
282 1314 23 21 af
324 1314 155 21 missförstånd.
501 1314 43 21 Det
567 1314 67 20 skulle
658 1313 27 21 då
708 1314 56 20 varit
791 1313 24 21 så
835 1313 84 27 mycket

100 1350 45 14 mer
167 1343 94 27 önskligt
281 1346 31 18 att
330 1343 155 21 Prokuratorns
509 1342 112 21 berättelse
639 1341 111 21 innehållit
764 1341 70 28 någon
847 1340 71 22 utred-

101 1373 51 25 ning
172 1371 78 26 derom,
272 1371 105 21 huruvida
401 1371 94 27 verkliga
517 1370 165 22 öfverträdelser
704 1374 36 23 egt
761 1377 52 20 rum,
829 1369 40 21 och
885 1377 34 13 om

101 1399 100 28 åtgärder
216 1400 5 20 i
238 1400 115 27 anledning
363 1399 61 21 deraf
435 1400 107 26 vidtagits,
552 1400 111 20 äfvensom
675 1398 114 27 utredning
800 1406 33 13 om
847 1397 72 21 anled-

100 1429 102 25 ningarna
224 1429 32 19 till
272 1428 66 26 sagda
353 1428 156 20 missförstånd.
535 1428 42 25 Jag
591 1428 38 18 har
644 1430 69 16 ansett
728 1428 42 25 mig
786 1427 51 19 böra
852 1426 67 20 uttala

99 1456 59 20 detta
180 1458 51 18 utan
254 1458 31 18 att
306 1455 37 21 här
363 1455 55 21 dock
436 1456 51 26 göra
499 1455 64 27 något
575 1454 100 27 yrkande.
704 1454 43 20 Det
762 1456 23 18 är
799 1453 68 21 kändt
889 1456 30 17 att

100 1483 72 22 landet
196 1491 28 13 nu
246 1483 83 21 erhållit
351 1490 26 14 en
401 1490 29 21 ny
450 1483 135 25 Prokurator,
605 1482 39 21 och
666 1484 44 19 tror
732 1482 35 28 jag
782 1482 43 27 mig
847 1481 72 21 kunna

99 1512 67 22 uttala
187 1515 31 19 att
233 1512 27 29 på
274 1512 49 28 håll,
339 1512 38 21 der
391 1519 49 13 man
455 1514 23 18 är
493 1511 116 29 angelägen
624 1513 31 19 att
670 1511 92 27 onödiga
780 1510 139 28 anledningar
