1092 1792
316 136 248 22 Kommunalförvaltning
575 138 7 16 i
595 137 53 17 stad.
815 133 54 20 1017

78 203 5 20 i
108 202 56 28 syfte
187 206 32 18 att
241 204 142 27 omredigeras
406 205 6 20 i
435 204 93 28 enlighet
550 205 48 21 med
620 205 102 28 förslaget
742 206 6 20 i
769 206 42 21 den
830 206 68 21 första

77 232 165 20 reservationen.

146 294 118 27 Ingressen
278 295 32 20 till
325 295 249 28 författningsförslaget,
589 295 110 21 äfvensom
715 296 108 21 klämmen
835 296 12 21 &
860 296 38 21 sid.

78 323 27 20 45
121 322 23 21 af
160 323 145 21 betänkandet
319 323 124 28 godkändes
460 327 49 18 utan
525 324 145 27 anmärkning.

322 455 244 28 Kommunalförvaltning
582 456 5 22 i
602 456 56 22 stad.

147 502 122 28 Föredrogs

149 559 245 22 Kommunalutskottets
416 559 134 22 betänkande
573 559 41 21 N:o
630 560 12 20 2
658 559 6 21 i
680 559 115 28 anledning
814 559 22 21 af
852 559 47 22 nåd.

80 595 58 22 prop.
159 588 42 22 N:o
223 589 32 25 12,
276 588 148 21 innefattande
440 588 81 28 förslag
536 589 32 20 till
583 587 126 29 förordning
724 595 34 14 om
773 588 80 21 ändrad
869 588 31 28 ly-

80 617 58 21 delse
154 617 22 21 af
193 618 25 27 $$
235 618 26 21 10
277 617 40 22 och
333 618 26 21 28
375 619 7 19 i
397 617 78 28 nädiga
490 617 152 28 förordningen
659 617 22 20 af
696 617 40 21 den
752 618 13 21 8
781 617 119 21 December

80 646 23 21 är
119 647 53 20 1873
189 646 110 28 angäende
315 646 296 27 kommunalförvaltning
626 646 9 21 i
650 646 62 22 stad.

149 709 137 22 Beträffande
302 709 59 22 detta
376 709 218 28 författningsförslag
608 709 84 28 yttrade

149 767 34 21 Hr
198 767 129 28 Ramsay:
356 767 41 28 Jag
415 767 94 21 anhåller
525 770 31 18 att
570 767 23 20 få
608 766 84 22 biträda
707 766 40 21 den
764 767 136 25 reservation,

81 803 45 14 som
148 796 22 21 af
193 795 34 22 Hr
248 795 95 22 Aminoft
364 796 93 28 bifogats
474 796 58 21 detta
548 795 140 27 betänkande,
703 795 87 22 hvilken
805 802 95 14 reserva-

80 825 44 21 tion
141 824 27 29 pä
184 824 26 22 de
226 825 46 21 skäl
287 825 41 21 den
344 824 63 22 ärade
422 828 138 18 reservanten
575 824 72 22 anfört
660 824 61 22 torde
736 824 65 22 hafva
816 824 38 21 allt
863 824 38 27 fog

81 853 34 21 för
130 854 38 27 sig.
805 856 3 4 N

149 922 35 21 Hr
203 922 24 21 T.
249 922 143 21 Aminoff:
422 922 58 21 Enär
497 923 43 20 min
559 922 131 21 reservation
706 921 143 27 understödts,
864 922 38 20 ber

81 951 35 28 jag
136 950 24 22 fä
180 951 75 21 förena
271 952 42 26 mig
329 950 79 26 derom,
424 950 65 22 ehuru
505 951 36 21 det
557 950 133 28 sannerligen
706 950 48 22 icke
768 950 61 21 torde
844 950 58 28 tjena

81 980 32 21 till
129 980 72 28 nägot,
216 980 28 21 dä
257 983 33 18 tre
305 979 68 22 Ständ
388 979 67 22 redan
470 980 120 20 underkänt
605 979 128 21 densamma.

152 1037 91 22 Ständet
257 1037 111 28 öfvergick
385 1036 93 22 derefter
489 1037 32 21 till
534 1036 154 22 betänkandets
702 1036 200 28 detaljoranskning,

83 1066 91 21 hvarvid
189 1066 110 28 angäende
315 1067 12 26 $
344 1067 26 20 10
385 1066 7 20 i
407 1066 139 28 lagförslaget

152 1117 57 21 Frih.
224 1118 26 20 R.
265 1118 26 20 A.
303 1116 100 22 Wrede
419 1116 93 29 yttrade:
528 1116 45 23 Vid
590 1116 157 28 behandlingen
758 1116 22 21 af
792 1115 110 22 enahanda

84 1145 118 29 stadgande
215 1147 6 19 i
231 1146 143 27 lagförslaget,
383 1145 109 28 angående
501 1145 279 27 kommunalförvaltningen
790 1144 28 28 pä
825 1144 78 25 landet,

84 1174 11 28 8
118 1175 18 26 9,
158 1174 69 22 beslöt
244 1174 26 22 R.
285 1182 19 13 o.
319 1175 26 20 A.
361 1177 31 18 att
407 1174 153 21 återremittera
575 1173 128 28 stadgandet
717 1173 32 21 till
764 1172 139 22 Kommunal-

84 1204 105 20 utskottet
209 1204 34 20 för
258 1211 28 20 ny
303 1203 121 28 redigering
439 1203 6 21 i
461 1202 37 22 det
513 1203 61 27 syfte,
590 1205 31 18 att
636 1202 42 22 den
693 1202 149 28 oegentlighet,
858 1209 45 13 som

84 1232 67 28 ligger
172 1232 45 21 deri
239 1235 30 17 att
290 1232 48 26 den,
359 1239 44 13 som
426 1231 65 28 enligt
509 1239 29 13 nu
560 1230 98 28 gällande
674 1231 34 27 lag
724 1230 72 21 blifvit
810 1230 44 20 fäld
870 1230 34 20 för

85 1260 154 28 vanfrejdande
261 1260 58 21 brott
340 1260 47 21 icke
409 1260 68 21 skulle
501 1260 113 27 berättigas
637 1262 32 18 att
683 1259 85 28 deltaga
787 1260 6 19 i
810 1260 94 23 stämma,

85 1289 64 21 äfven
172 1296 35 14 om
229 1289 59 21 tiden
310 1289 35 21 för
365 1288 52 22 hans
439 1288 97 28 vanfrejd
558 1288 76 28 utgätt,
654 1288 40 21 och
712 1287 28 21 dä
755 1287 149 28 stadgandet
891 1283 17 37 i

85 1318 70 20 denna
176 1318 101 28 paragraf
299 1317 134 21 formulerats
456 1317 29 28 pä
506 1324 79 14 samma
606 1318 48 24 sätt,
675 1316 24 21 sä
717 1316 65 28 vägar
796 1316 35 28 jag
845 1316 60 20 hem-

85 1346 67 26 ställa,
167 1346 105 21 huruvida
293 1346 47 21 icke
358 1346 25 21 R.
399 1353 18 14 o.
433 1346 26 21 A.
475 1345 55 26 ville,
545 1346 7 20 i
567 1344 222 22 öfverensstämmelse
804 1344 47 21 med
868 1344 37 21 sitt

86 1375 22 21 af
122 1376 43 26 mig
181 1383 50 20 nyss
247 1375 127 20 omnämnda
390 1374 75 27 beslut,
481 1374 152 21 återremittera
649 1373 64 22 äfven
726 1373 70 21 denna
806 1372 99 29 paragraf

85 1405 7 19 i
107 1403 110 22 enahanda
233 1403 62 28 syfte.

152 1459 35 20 Hr
207 1459 26 20 A.
254 1459 25 20 L.
300 1466 53 13 von
373 1458 158 27 Knorring:
561 1457 41 28 Jag
616 1457 56 21 hade
687 1457 115 20 antecknat
816 1457 43 26 mig
873 1456 32 20 till

85 1488 82 21 minnes
186 1487 41 22 den
243 1488 89 25 erinran,
348 1495 45 14 som
407 1487 44 28 just
465 1486 85 29 gjordes
566 1486 22 21 af
602 1485 57 22 Frih.
675 1485 85 26 Wrede,
775 1485 41 22 och
831 1485 37 21 ber
883 1483 23 22 få

85 1516 83 23 biträda
184 1516 127 22 densamma.
