1086 1792
378 137 237 21 Expropriationsiagen.

825 132 53 20 1301

350 205 280 29 Omröstningsproposition
636 214 4 13 :

158 260 54 26 Den,
228 268 44 14 som
287 261 123 28 godkänner
426 262 11 27 $
454 263 26 20 18
496 262 133 26 oförändrad,
643 264 70 20 röstar
726 263 30 27 ja;

158 318 75 20 vinner
248 318 40 27 nej,
303 317 162 22 äterremitteras
477 320 33 25 S:n
520 319 32 20 till
561 319 111 21 Utskottet
679 319 34 21 för
723 322 31 18 att
764 319 141 28 omredigeras

89 346 6 20 i
112 345 37 21 det
163 346 63 27 syfte,
241 345 33 22 Hr
290 346 170 29 Standertskjöld
475 347 114 28 föreslagit.

159 403 162 28 Propositionen
345 404 126 21 besvarades
494 404 35 21 vid
545 405 108 21 verkstäld
669 406 97 27 votering
781 405 48 21 med
844 406 26 20 27
886 405 21 28 ja

90 431 40 22 och
146 433 25 20 21
188 433 44 27 nej;
248 432 39 21 och
303 440 38 13 var
357 433 11 26 $
385 434 25 20 18
426 433 88 21 sålunda
526 433 64 28 gillad
607 437 49 17 utan
673 433 94 28 ändring.

157 488 47 22 Vid
220 490 15 25 $
250 490 27 19 19
291 489 85 28 yttrade

159 545 34 22 Hr
216 553 47 14 von
286 546 130 21 Schoultz:
439 547 11 27 $
472 548 25 20 19
518 547 7 20 i
544 548 37 20 sitt
602 547 65 20 andra
682 549 92 19 moment
789 547 117 21 innehåller

92 582 26 13 en
135 574 34 21 del
184 575 163 28 bestämningar,
362 583 44 13 som
422 575 127 22 ätminstone
564 575 34 21 för
613 583 34 14 oss
658 575 98 22 fackmän
768 583 63 20 synas
842 575 65 28 nägot

91 603 151 28 egendomliga.
272 603 12 21 I
306 603 65 22 andra
393 607 115 18 momentet
530 606 67 26 säges,
615 607 30 18 att
660 604 153 21 landtmätaren
829 604 76 21 under-

89 634 54 19 rätte
166 632 110 21 sökanden
299 640 33 13 om
355 632 32 21 tid
402 633 40 20 och
458 633 60 21 ställe
533 633 34 20 för
581 633 165 27 förrättningens
763 633 77 28 början.
870 633 35 20 Nu

90 661 71 21 kunde
177 661 37 21 det
228 661 21 28 ju
264 661 70 21 hända
349 664 31 18 att
395 661 37 21 det
447 669 50 14 vore
512 664 31 18 ett
557 669 38 20 par
609 661 82 21 hundra
702 661 94 21 sökande
807 661 40 21 och
859 661 46 21 icke

91 689 76 22 endast
189 697 31 13 en.
250 689 41 27 Jag
313 689 67 21 skulle
396 689 72 22 derför
482 690 65 21 hafva
561 691 75 20 väntat
651 692 30 19 att
696 690 126 27 paragrafen
838 690 68 21 skulle

89 718 106 21 innehälla
211 725 26 14 en
252 718 133 28 bestämning
398 726 40 19 om,
449 718 48 21 med
508 719 70 21 hvilka
590 718 69 21 medel
669 718 166 21 landtmätarene
846 718 60 21 skola

91 747 112 27 expediera
225 746 63 21 dessa
310 747 128 25 skrifvelser,
460 750 23 25 ty
497 747 130 21 frihrefsrätt
641 747 64 20 hafva
721 747 25 20 de
762 747 48 21 icke
825 747 6 20 i
848 747 58 20 detta

90 775 44 21 fall.
166 775 80 21 Vidare
270 775 43 20 står
335 775 36 20 det
386 776 6 19 i
408 775 66 27 sagda
489 778 92 18 moment
597 775 54 20 »läte
668 775 40 21 ock
724 775 72 21 derom
812 775 94 27 kungöra

90 803 37 20 två
141 803 81 28 gånger
237 804 5 19 i
258 803 162 28 församlingens
436 803 86 28 kyrka».
550 803 41 28 Jag
607 806 87 25 antager
709 806 30 18 att
754 803 62 21 dessa
832 803 74 28 detalj-

91 831 159 21 bestämmelser
265 832 64 20 hafva
347 831 69 21 blifvit
430 832 74 27 gjorda
519 832 32 21 till
566 832 89 21 fromma
665 831 34 21 för
709 835 103 24 parterna.
835 831 72 21 Emel-

90 860 61 21 lertid
175 862 36 19 äro
233 861 21 20 vi
277 860 97 28 skyldiga
390 861 65 27 enligt
471 869 27 12 nu
513 860 97 28 gällande
626 861 35 26 lag
677 861 39 20 och
731 861 129 26 författning
876 863 30 18 att

90 889 95 27 kungöra
207 889 128 28 förrättning
357 892 31 18 tre
408 889 79 21 veckor
502 889 61 22 förut.
593 889 35 21 Nu
644 889 71 21 kunde
731 889 36 21 det
782 889 39 21 lätt
836 889 70 21 hända

91 920 30 18 att
137 918 154 20 landtmätaren
306 918 68 20 skulle
389 918 55 20 finna
456 918 48 21 med
516 919 30 20 sin
558 918 68 21 fördel
637 918 100 28 förenligt
748 921 32 17 att
790 918 69 28 utlysa
869 918 37 21 två

91 946 106 28 söndagar
212 946 12 21 å
239 946 37 21 rad
292 946 40 22 och
347 946 93 28 följande
457 946 116 27 måndagen
589 947 86 27 vidtaga
686 947 48 20 med
745 946 161 27 förrättningen,

91 975 88 21 sålunda
194 974 75 22 endast
286 982 25 14 en
327 975 67 21 vecka
409 975 95 27 tidigare.
534 975 72 28 Enligt
622 976 55 20 1848
687 975 34 21 års
731 975 128 27 författning
870 976 35 19 äro

91 1004 21 20 vi
131 1003 97 28 skyldiga
244 1006 31 18 att
290 1004 95 27 kungöra
400 1004 40 20 och
457 1004 119 21 underrätta
593 1007 96 25 parterna
705 1004 78 20 derom.
812 1003 42 27 Jag
870 1010 36 14 an-

91 1040 34 13 ser
147 1035 30 18 att
200 1032 66 28 bägge
289 1032 63 21 dessa
375 1032 157 21 bestämmelser
554 1034 36 19 äro
611 1032 129 27 fullkomligt
758 1032 92 27 onödiga
866 1032 39 20 och

91 1060 71 21 kunna
184 1061 56 27 utgå.
272 1060 79 22 Vidare
374 1061 60 21 heter
455 1060 37 21 det
514 1062 6 19 i
542 1060 126 28 paragrafen
692 1061 19 20 vi
732 1060 69 28 någon
818 1060 12 20 å
846 1062 58 18 orten

91 1089 72 28 spridd
184 1089 103 28 tidning».
317 1089 75 21 Denna
413 1089 133 28 bestämning
561 1090 66 20 finner
641 1090 35 27 jag
691 1089 130 27 fullkomligt
835 1089 70 27 riktig,

91 1125 46 13 men
154 1117 40 21 den
210 1118 94 27 följande
320 1118 159 27 bestämningen
494 1118 58 21 »med
563 1119 130 27 uppmaning
703 1118 31 20 till
746 1117 159 21 vederbörande

92 1146 108 28 jordegare
216 1146 39 21 och
271 1146 138 21 innehafvare
424 1147 24 20 af
458 1147 110 28 nyttjorätt
578 1146 51 21 eller
639 1146 86 21 dermed
736 1146 85 21 likstäld
832 1146 74 27 rättig-

106 1178 21 18 et
148 1178 31 18 att
202 1175 36 21 vid
262 1175 154 28 förrättningen
439 1177 101 19 närvara»
561 1182 62 14 anser
643 1176 34 26 jag
693 1175 45 21 äter
753 1182 51 14 vara
819 1174 86 21 alldeles

91 1203 84 28 onödig,
198 1206 22 25 ty
242 1204 38 20 allt
302 1203 64 21 sedan
382 1204 286 27 landtmäteriförrättningar
683 1204 135 20 förekommit
833 1204 6 20 i
855 1203 50 21 Fin-

90 1232 56 26 land,
161 1232 37 21 har
214 1232 152 21 landtmätaren
382 1233 6 20 i
404 1233 32 21 sin
453 1232 124 28 kungörelse
592 1235 115 25 uppmanat
719 1232 153 21 innehafvaren
883 1232 23 20 af

89 1261 170 28 jordlägenheter
281 1264 31 18 att
334 1261 83 21 komma
437 1261 104 21 tillstädes
556 1261 32 21 till
603 1261 67 21 första
685 1260 165 22 sammanträdet
866 1260 39 21 och

91 1289 82 21 bevaka
188 1290 46 20 sina
248 1290 130 27 rättigheter.
408 1290 56 20 Hela
480 1290 68 20 denna
563 1289 109 28 inledning
683 1289 22 21 af
715 1289 65 21 andra
790 1291 115 19 momentet

90 1318 39 21 bör
149 1318 83 21 säledes
248 1318 72 21 kunna
342 1318 50 28 utgä
408 1318 40 21 och
464 1318 74 21 endast
553 1318 127 21 omskrifvas
696 1318 94 25 sälunda,
806 1320 30 18 att
852 1317 52 21 kun-

90 1347 82 26 görelse
188 1346 38 20 bör
241 1347 80 20 införas
337 1348 6 19 i
359 1347 12 19 &
386 1350 60 17 orten
462 1346 72 28 spridd
549 1346 89 27 tidning.
669 1346 68 20 Slutet
752 1346 23 20 af
790 1348 115 18 momentet

90 1376 23 19 är
135 1375 85 27 mycket
243 1375 148 27 egendomligt.
420 1375 44 20 Det
486 1374 58 21 heter
567 1374 37 21 der
627 1374 141 27 »utstakning,
790 1382 44 12 som
851 1373 54 21 skall

90 1403 90 21 omfatta
201 1403 50 21 flere
273 1403 125 27 fastigheter
419 1404 57 20 inom
492 1410 78 14 samma
585 1403 105 25 kommun,
706 1402 37 21 bör
758 1410 62 13 anses
836 1403 69 20 säsom

91 1438 25 13 en
139 1431 147 27 förrättning».
316 1431 35 20 Då
373 1438 25 13 en
419 1430 57 28 gång
490 1432 131 26 guvernören
639 1430 107 20 meddelar
761 1430 144 20 förordnande

89 1459 32 20 till
145 1459 163 28 expropriation,
331 1459 24 20 så
377 1459 100 20 omfattar
499 1458 154 21 förordnandet
676 1459 158 27 expropriation
850 1459 7 19 i
872 1459 32 19 sin

89 1487 77 27 helhet,
181 1488 24 21 så
222 1488 61 27 länge
299 1487 40 21 den
355 1487 66 21 håller
436 1488 33 27 sig
484 1488 56 20 inom
555 1490 30 18 ett
600 1486 45 22 läns
661 1488 91 26 gränser.
782 1486 76 21 Denna
869 1486 36 21 be-

90 1517 106 28 stämning
217 1518 23 19 är
262 1516 82 21 således
366 1516 129 28 fullkomligt
519 1515 83 29 onödig,
626 1518 23 26 ty
671 1515 235 28 förrättningsnummer
