1103 1809
389 135 24 17 R.
426 140 17 12 0.
456 136 22 16 A.
492 136 54 16 1897.
570 136 26 17 29
608 134 47 25 Maj.
845 130 53 21 1647

177 202 36 22 Hr
226 202 27 22 N.
269 202 26 22 G.
310 203 28 21 M.
354 202 182 24 Grotenfelt:
563 204 66 22 Emot
644 204 40 22 den
700 207 84 19 senaste
800 204 63 22 ärade
875 204 54 21 tala-

109 238 49 14 rens
172 231 82 28 förslag
270 231 37 21 har
321 232 36 28 jag
371 232 120 28 egentligen
507 233 109 27 ingenting
631 236 31 18 att
676 233 106 26 anmärka,
797 240 48 14 men
860 232 69 22 skulle

110 258 56 22 dock
180 259 49 21 frän
243 260 44 20 min
302 259 133 29 ständpunkt
448 260 51 29 vilja
513 261 72 26 uttala,
598 264 31 18 att
638 262 35 28 jag
683 261 64 21 äfven
757 268 68 14 unnar
835 261 27 21 de
872 261 58 21 klas-

109 288 58 21 siska
182 288 99 28 lyceerna
296 288 47 21 litet
357 288 82 22 mindre
453 289 84 28 filologi.

373 379 291 29 Omröstningsproposition:

177 442 56 27 Den,
248 450 45 14 som
307 442 125 28 godkänner
446 442 122 22 Utskottets
584 442 140 27 betänkande,
739 444 69 20 röstar
822 443 30 28 ja;

177 500 76 21 vinner
274 500 40 28 nej,
329 500 100 21 omfattar
444 500 25 21 R.
485 508 17 14 o.
518 500 26 22 A.
559 500 37 22 det
610 500 188 29 petitionsförslag,
812 508 46 14 som
873 500 56 22 äter-

109 528 67 22 finnes
193 529 7 20 i
215 530 158 20 reservationen
388 528 41 22 N:o
445 530 19 20 2.

177 592 66 21 Detta
258 592 222 28 omröstningsförslag
494 592 128 22 besvarades
639 592 36 22 vid
687 592 72 22 derom
772 592 83 22 anstäld
868 594 61 20 vote-

106 621 48 27 ring
168 620 50 21 med
234 621 25 21 16
275 621 20 27 ja
311 620 40 22 och
366 622 26 20 21
408 621 44 27 nej;
468 621 40 21 och
522 621 55 21 hade
592 622 26 20 R.
633 628 18 14 o.
666 621 26 21 A.
705 621 35 21 för
751 622 33 20 sin
795 621 34 21 del
841 621 87 21 beslutit

107 649 116 21 aflätandet
237 649 23 21 af
275 656 26 14 en
316 649 132 28 underdänig
462 650 89 28 petition
562 650 6 20 i
579 650 37 21 det
625 650 57 28 syfte
691 650 160 21 reservationen
861 649 42 22 N:o
913 650 14 20 2

107 673 122 37 innehäller.
384 686 2 3 i

175 856 120 29 Föredrogs
311 857 41 22 och
366 857 124 29 godkändes
505 861 51 18 utan
571 857 121 22 diskussion

174 920 113 21 Allmänna
309 920 220 22 Petitionsutskottets
554 921 70 21 härtill
649 920 117 29 bordlagda
791 920 135 22 betänkande

105 948 42 22 N:o
163 950 26 20 35
205 949 7 20 i
227 948 114 28 anledning
357 950 22 20 af
394 954 31 16 tre
440 950 32 21 till
486 950 92 25 Preste-,
592 950 104 28 Borgare-
707 950 39 21 och
758 949 167 22 Bondeständen

105 976 82 28 ingifna
203 978 182 28 petitionsförslag
395 978 108 28 angäende
514 978 170 22 statsunderstöd
695 978 34 21 för
738 978 187 28 fortbildnings-

106 1006 122 22 läroverk.

174 1132 34 21 Hr
229 1132 206 22 Landtmarskalken
457 1134 141 27 tillkännagaf
619 1136 31 18 att
671 1133 61 28 plena
750 1132 74 22 blifvit
838 1133 23 21 af
876 1133 49 21 Tal-

105 1160 203 22 manskonferensen
330 1164 80 18 utsatta
431 1162 32 20 till
486 1162 188 21 nästinstundande
696 1161 96 28 Mändag
816 1162 28 20 kl.
867 1163 12 19 2
898 1162 27 28 pä

103 1188 68 29 dagen
187 1189 40 21 och
243 1189 26 21 kl.
285 1190 12 20 8
313 1190 27 28 pä
355 1190 93 25 aftonen,
463 1190 40 22 och
520 1190 111 22 bordlades
646 1190 51 21 härä
712 1190 98 28 följande
824 1198 28 13 nu
864 1190 61 21 utde-

102 1217 48 21 lade
166 1217 148 22 betänkanden
331 1219 40 21 och
387 1219 295 28 sammanjemkningsförslag

173 1281 32 20 till
220 1280 67 22 första
302 1281 86 28 plenum
403 1281 28 29 pä
444 1281 124 28 Mändagen

172 1343 174 22 Statsutskottets
361 1344 80 28 förslag
455 1345 7 20 i
478 1344 114 29 anledning
607 1344 24 22 af
645 1344 26 21 de
687 1344 69 21 beslut
772 1344 95 21 Ständen
882 1344 42 20 fat-

103 1374 31 18 tat
148 1371 133 22 beträffande
303 1372 123 22 Utskottets
442 1373 134 21 betänkande
590 1373 42 21 N:o
649 1374 25 20 13
688 1374 7 20 i
708 1372 114 28 anledning
838 1372 24 21 af
876 1372 48 21 nåd.

102 1408 59 20 prop.
176 1400 42 21 N:o
232 1402 17 25 7,
265 1400 110 29 angäende
391 1402 115 20 anvisande
522 1402 22 21 af
559 1402 69 21 medel
640 1402 32 20 till
683 1401 136 21 bestridande
832 1401 22 21 af
864 1401 59 21 kost-

102 1428 94 20 naderna
211 1428 34 20 för
259 1430 150 26 landtdagen
423 1429 28 22 &r
465 1430 73 25 1900;
555 1430 41 21 och

171 1490 174 22 Statsutskottets
361 1490 134 22 betänkande
510 1490 41 22 N:o
564 1492 12 20 9
589 1491 25 21 B.
625 1491 6 21 i
642 1490 115 29 anledning
767 1490 23 22 af
802 1490 49 22 nåd.
864 1497 60 23 prop.

102 1519 40 21 N:o
157 1520 27 20 27
200 1519 110 29 angående
325 1519 330 27 kommunikationsfonden;
671 1520 111 22 äfvensom
