1095 1800
203 136 55 20 1534
455 142 23 16 R.
492 147 17 12 o.
522 142 22 17 A.
558 142 56 16 1897.
637 142 27 16 28
675 141 48 21 Maj.

174 209 62 27 gäng.
264 208 42 28 Jag
320 208 42 21 kan
377 208 48 21 icke
435 209 55 20 finna
498 211 32 18 att
538 208 113 27 anledning
663 208 67 20 skulle
741 208 113 21 förefinnas
865 208 34 21 för
909 208 82 21 Proku-

173 240 71 18 ratorn
264 239 32 19 att
317 237 32 20 till
372 237 128 27 vägledning
521 237 34 20 för
576 236 216 27 rättegängskomiten
813 236 82 21 skrifva
919 237 70 27 någon

174 265 125 28 afhandling
313 266 5 20 i
336 265 127 21 berättelsen
483 265 31 20 till
530 265 123 21 Ständerna.
683 264 44 21 Väl
742 267 44 18 tror
800 265 35 28 jag
850 265 94 21 deremot
959 268 31 18 att

174 294 104 21 särskilda
294 293 57 22 sidor
367 293 22 21 af
405 293 57 21 detta
478 295 60 19 ämne
554 293 70 21 kunde
639 293 23 21 af
676 293 150 26 Prokuratorn,
841 293 47 21 med
905 295 48 20 stöd
968 294 23 20 af

174 323 26 20 de
216 323 125 26 handlingar
362 322 229 28 prokuratorsembetet
612 321 95 28 förfogar
729 322 67 25 öfver,
816 324 94 19 närmare
926 324 26 19 än
968 323 22 20 af

173 351 70 27 nägon
260 359 67 13 annan
350 350 124 29 myndighet
497 351 89 28 belysas,
602 358 46 13 men
665 350 58 21 detta
738 350 70 21 kunde
823 351 35 21 väl
870 351 120 28 lämpligast

173 380 155 27 ävägabringas
350 387 76 20 genom
447 383 31 17 att
492 379 221 28 rättegängskomiten,
735 379 47 21 med
804 380 148 28 uppställande
968 380 22 21 af

175 409 109 20 bestämda
300 408 77 27 frägor,
389 407 90 28 begärde
495 408 22 21 af
532 408 145 21 Prokuratorn
692 408 153 28 upplysningar
859 408 41 21 och
909 412 81 24 yttran-

174 437 41 21 den
231 437 78 20 derom.
338 437 52 20 Man
406 436 41 21 kan
463 436 82 21 säledes
563 436 47 21 icke
625 437 48 20 med
689 436 38 27 fog
742 437 52 28 hysa
810 438 35 19 det
861 437 91 28 anspräk
962 437 28 29 pä

173 465 144 21 Prokuratorn
341 468 32 17 att
392 464 40 21 han
449 465 6 20 i
471 465 69 21 denna
558 465 112 20 berättelse
685 465 68 20 skuile
769 465 81 27 afgifva
865 465 124 22 utlätanden

173 495 33 20 till
221 493 87 28 ledning
323 493 34 21 för
371 493 220 28 rättegångskomitén.

242 523 35 20 Dä
298 523 35 27 jag
357 522 89 21 sälunda
468 522 63 21 äfven
548 521 131 22 beträffande
694 522 116 21 innehället
824 522 23 21 af
861 523 129 27 Lagutskot-

172 554 42 18 tets
230 550 133 21 betänkande
386 550 47 21 icke
456 550 40 21 kan
516 550 49 21 fullt
580 551 111 20 instämma
705 551 7 20 i
727 551 116 20 detsamma
859 551 46 27 och,
920 551 69 21 säsom

172 580 35 28 jag
222 580 7 19 i
244 579 73 29 början
339 579 22 20 af
381 580 48 19 mitt
449 579 134 27 andragande
599 579 54 20 hade
669 581 49 18 äran
734 579 117 25 framhålla,
865 580 48 21 icke
929 587 62 14 anser

174 608 36 21 det
224 608 78 27 görligt
316 611 31 18 att
363 607 117 21 Ständerna
503 608 62 20 afläta
588 608 123 20 skrifvelser
729 608 33 20 till
777 608 151 26 Prokuratorn,
942 616 47 14 men

173 636 45 22 åter
234 637 17 27 ej
268 637 65 20 finner
356 636 68 28 någon
448 637 67 27 vigtig
535 636 115 27 anledning
665 640 31 16 att
711 636 69 21 denna
794 636 62 28 gång,
872 637 47 21 med
935 637 55 21 afvi-

174 665 58 21 kelse
248 665 47 20 från
311 664 56 21 hvad
389 664 76 21 hittills
483 665 62 25 skett,
560 665 54 20 rikta
630 672 25 13 en
671 664 113 21 skrifvelse
799 665 32 20 till
846 665 61 21 Hans
923 666 67 28 Maje-

174 695 42 19 stät
230 694 7 20 i
254 693 57 21 detta
327 694 66 25 ämne,
409 692 24 22 sä
447 693 67 21 skulle
529 693 35 28 jag
578 693 34 21 för
627 693 42 20 min
685 693 35 21 del
734 693 106 28 tillstyrka
855 696 31 18 att
895 694 26 21 R.
933 701 17 14 o.
965 695 25 20 A.

174 722 66 21 måtte
256 721 83 22 besluta
354 724 31 18 att
400 721 126 22 berättelsen
543 722 47 20 icke
606 721 53 22 skall
675 721 110 22 föranleda
795 722 31 21 till
837 722 69 28 någon
916 722 74 28 åtgärd

172 750 48 21 från
235 750 25 22 R.
276 758 18 13 o.
310 751 37 20 A:s
363 750 53 21 sida.

241 807 57 21 Frih.
319 807 26 21 R.
370 808 26 19 A.
419 807 108 21 Wrede:
557 807 34 20 Hr
612 807 55 21 Rein
690 807 37 21 har
749 808 76 21 uttalat
839 811 32 17 att
885 808 36 21 det
936 808 54 21 hade

173 837 55 20 varit
250 835 122 26 önskvärdt,
396 843 33 13 om
451 835 153 28 Lagutskottet
625 837 6 19 i
653 837 38 19 sitt
709 836 132 21 betänkande
856 837 55 20 hade
926 837 64 28 nägot

172 866 95 19 närmare
283 865 71 20 berört
369 864 40 21 den
425 865 7 20 i
447 864 161 21 Bondeständet
623 865 78 20 väckta
715 864 81 28 frägan,
810 866 7 20 i
833 865 55 21 hvad
904 866 49 21 män
964 866 27 22 de

172 893 106 28 klagomäl
294 901 33 13 om
343 893 164 20 öfverträdelser
522 893 22 21 af
559 893 251 28 spräkförfattningarna,
825 901 44 14 som
885 894 106 21 förekom-

171 923 39 20 mit
224 923 7 20 i
246 921 141 28 tidningarna,
402 923 55 20 varit
471 921 111 28 befogade.
611 921 33 22 En
660 921 66 22 sådan
739 922 134 28 redogörelse
883 923 38 21 har
930 924 60 21 verk-

171 951 56 28 ligen
244 959 25 12 en
284 950 57 28 gäng
355 950 137 21 förekommit
506 951 7 20 i
529 958 25 13 en
570 951 255 28 prokuratorsberättelse,
840 953 35 27 jag
890 953 37 20 vill
938 953 52 20 min-

171 987 39 14 nas
226 979 37 21 det
277 987 38 13 var
330 979 23 21 är
369 980 61 25 1888,
447 979 39 21 och
502 979 104 28 framgick
622 980 22 20 af
659 979 121 22 densamma
795 983 31 18 att
841 981 26 20 de
879 981 111 28 klagomål,

172 1015 45 14 som
233 1009 6 20 i
254 1007 134 28 tidningarna
404 1007 140 27 förekommit,
559 1009 7 20 i
582 1007 26 22 de
623 1008 52 21 allra
689 1008 60 21 flesta
765 1008 37 21 fall
813 1009 70 21 berott
893 1009 27 28 pä
930 1011 60 20 miss-

171 1037 104 21 förstånd.
304 1037 79 20 Härtill
399 1038 22 19 är
436 1044 29 13 nu
480 1037 73 20 vidare
568 1039 32 19 att
614 1037 105 26 anmärka,
735 1040 31 18 att
780 1037 37 21 det
827 1037 105 28 sjelffallet
942 1039 48 21 icke

171 1066 41 21 kan
235 1065 71 28 äligga
328 1065 144 21 Prokuratorn
496 1068 30 17 att
548 1065 28 28 pä
590 1065 68 27 grund
674 1065 23 21 af
711 1065 175 28 tidningsnotiser
901 1067 89 21 anställa

172 1094 191 27 efterforskningar
384 1093 89 21 rörande
496 1093 26 21 de
545 1094 93 27 detaljer,
659 1093 87 22 hvarom
762 1095 37 20 här
814 1097 23 18 är
851 1095 66 28 fråga.
948 1096 41 21 Om

171 1129 48 14 man
240 1122 103 27 granskar
364 1122 299 28 prokuratorsinstruktionen,
685 1122 24 20 sä
731 1123 94 21 kommer
844 1131 47 13 man
907 1124 31 20 till
954 1124 37 21 det

170 1150 89 22 resultat
274 1153 30 18 att
319 1150 60 21 detta
393 1151 125 27 näppeligen
536 1151 40 20 läte
592 1151 32 26 sig
639 1152 56 26 göra,
706 1153 22 25 ty
739 1151 26 21 de
776 1151 132 28 stadganden
921 1152 69 22 denna

171 1179 129 21 instruktion
315 1178 118 21 innehäller
448 1186 39 19 om,
498 1178 53 21 huru
560 1179 117 28 angifvelse
686 1180 38 20 hos
736 1179 130 22 Prokurator
877 1181 37 20 bör
921 1183 68 26 göras,

171 1209 36 19 äro
223 1207 23 21 sä
262 1207 99 21 affattade
377 1210 31 18 att
425 1208 66 27 enligt
506 1207 46 21 dem
568 1207 82 28 hänsyn
665 1208 47 21 icke
723 1208 42 21 kan
775 1212 59 24 tagas
845 1210 32 20 till
885 1209 104 28 tidnings-

170 1237 86 20 notiser.
285 1236 151 27 Lagutskottet
458 1236 54 21 hade
535 1236 82 21 säledes
639 1237 63 26 ingen
724 1237 114 27 anledning
859 1241 32 18 att
913 1241 77 25 antaga

170 1267 32 18 att
216 1264 145 21 Proknratorn
379 1265 7 20 i
401 1264 66 28 något
482 1264 101 21 afseende
598 1264 67 21 skulle
681 1265 64 20 hafva
760 1265 115 22 underlåtit
890 1267 56 20 hvad
957 1267 32 21 till

171 1293 53 21 hans
240 1293 136 28 embetspligt
391 1293 38 20 hör
444 1293 47 20 med
507 1293 101 21 afseende
617 1289 12 36 ä
650 1293 100 28 tillsynen
764 1294 60 21 öfver
834 1295 154 21 efterlefnaden

171 1321 23 21 af
210 1322 62 20 dessa
287 1321 221 28 spräkförfattningar,
523 1321 87 21 hvarför
625 1321 66 27 enligt
705 1323 42 20 min
763 1322 60 27 äsigt,
839 1323 68 21 säsom
924 1323 65 21 ocksä

170 1351 61 25 säges
246 1350 7 19 i
269 1350 52 19 sista
335 1350 113 26 meningen
464 1349 22 20 af
501 1349 244 26 utskottsbetänkandet,
761 1350 112 21 Utskottet
888 1351 37 20 alls
940 1351 49 21 icke

170 1377 47 20 haft
240 1377 115 26 anledning
376 1380 31 17 att
422 1380 93 24 upptaga
530 1377 48 20 hela
594 1377 68 20 denna
677 1377 61 28 fråga
754 1385 36 13 ens
807 1380 6 19 i
829 1378 40 21 den
886 1379 103 20 utsträck-

170 1406 57 27 ning,
242 1412 44 13 som
302 1405 37 20 det
353 1405 62 20 skett.

238 1433 66 21 Hvad
319 1433 65 22 sedan
401 1433 99 21 beträffar
514 1433 34 21 Hr
562 1433 118 22 Mechelins
696 1435 138 28 anmärkning
849 1443 33 13 om
899 1435 36 22 det
944 1435 44 22 för-

170 1462 52 28 slag,
244 1469 44 14 som
304 1461 113 22 Utskottet
432 1462 104 21 framstält
551 1462 27 28 på
594 1463 37 21 sid.
649 1463 18 25 6,
682 1463 24 20 så
721 1465 22 19 är
759 1463 36 21 det
806 1465 21 27 ju
843 1464 87 21 alldeles
945 1465 43 20 rik-

170 1492 41 27 tigt
231 1493 31 19 att
281 1491 66 28 något
369 1491 76 21 sådant
467 1491 47 21 icke
529 1491 89 28 tidigare
633 1491 39 21 har
686 1491 141 23 förekommit.
857 1493 44 21 Det
916 1497 72 25 syntes

170 1519 112 22 Utskottet
297 1520 64 21 likväl
377 1527 51 14 vara
443 1521 117 27 oegentligt
574 1523 31 18 att
620 1520 129 22 Ständernas
761 1521 129 28 Lagutskott
902 1522 85 29 ålägges
