1098 1786
859 150 12 19 3

148 211 44 20 från
212 211 127 25 vädjobanan.
369 212 47 19 Men
434 213 60 18 redan
509 218 27 13 nu
551 213 67 18 kunna
632 213 110 19 resultaten
757 213 45 18 med
817 213 82 24 ledning

148 240 20 19 af
182 239 71 20 talrika
267 239 92 26 exempel
373 240 134 19 öfverskådas.

216 274 38 19 Det
270 274 56 19 torde
341 274 50 19 dock
405 274 44 19 icke
465 280 45 13 vara
525 274 5 19 i
547 275 30 18 sin
593 275 85 24 ordning
692 275 29 18 att
735 275 45 18 med
795 275 104 24 exemplen

147 302 21 19 af
187 302 89 19 enskilda
298 302 195 24 regleringsförslags
513 302 49 19 öden
576 302 52 19 inför
643 302 33 20 det
690 302 111 25 Höglofliga
816 302 84 19 Ståndet

148 330 69 25 belysa
239 330 108 25 detaljerna
369 330 20 19 af
410 330 154 25 författningens
586 330 131 26 tillämpning,
740 330 37 20 och
799 331 54 19 detta
878 332 22 18 är

148 359 44 19 icke
211 358 62 20 heller
293 358 74 25 nödigt,
380 360 22 23 ty
417 360 98 23 systemet
530 360 20 18 är
566 359 82 19 allmänt
664 359 61 19 kändt
740 359 37 19 och
794 359 106 25 vidgånget

148 388 38 19 och
203 387 39 19 kan
261 387 33 19 vid
310 387 79 25 frågans
404 387 111 25 pröfning
509 383 12 34 i
531 388 77 18 utskott
624 387 45 19 med
684 388 70 18 lätthet
769 388 130 19 konstateras.

148 428 26 2 —
193 416 48 19 Icke
255 422 40 18 nog
310 416 44 19 med
369 416 30 19 att
414 416 6 18 i
435 417 30 17 ett
480 417 50 18 stort
545 416 53 20 antal
614 416 33 19 fall
662 416 117 19 häfdvunna
793 416 107 24 aflönings-

147 444 112 24 föreningar
283 443 99 25 frångåtts
407 444 37 19 och
471 450 46 13 man
539 445 44 18 sökt
606 444 25 25 på
657 444 59 19 basen
738 445 21 18 af
780 450 25 14 en
829 444 71 19 nutida

149 472 161 25 tvångsstatistik
329 472 138 25 återupprätta
489 472 52 20 1681
562 472 33 20 års
610 472 109 20 föråldrade
739 472 160 25 tiondestadgan-

148 501 37 19 den
204 501 46 19 med
271 503 22 22 ty
315 500 107 26 åtföljande
445 501 64 19 delvis
531 501 97 19 kolossala
648 500 134 26 förhöjningar
799 502 6 18 i
817 501 83 25 afgiften

147 530 32 19 för
193 529 153 25 fastigheterna;
365 535 45 13 man
425 529 36 19 har
475 530 59 18 äfven
549 530 35 18 vid
599 529 155 20 bestämmandet
769 530 20 18 af
803 530 37 18 den
856 536 43 18 per-

148 558 67 19 sonela
244 558 88 24 utskyld,
355 564 43 13 som
421 558 61 19 borde
507 558 55 19 träda
584 558 7 19 i
613 557 197 26 päskpenningarnas
835 564 24 13 m.
881 558 18 19 fl.

148 586 90 25 afgifters
259 586 63 24 ställe,
342 586 65 19 kastat
421 586 26 19 all
462 586 96 24 jemnvikt
578 586 84 19 emellan
684 586 33 19 det
732 587 115 18 nuvarande
862 587 38 18 och

148 615 34 18 det
203 614 100 19 blifvande
325 614 54 19 öfver
402 614 57 25 bord;
482 614 35 19 allt
540 615 44 19 med
606 614 39 19 den
666 614 76 25 påföljd
757 617 29 16 att
801 615 6 18 i
823 615 24 18 de
862 615 37 18 för-

149 643 112 25 samlingar,
277 643 35 19 där
326 643 136 25 regleringens
478 643 126 25 tillämpning
618 643 60 20 redan
695 643 84 25 vidtagit
794 643 49 19 eller
859 643 41 19 stär

149 672 30 19 för
198 672 76 24 dörren,
293 671 113 25 aflöningen
426 671 29 19 till
474 672 148 25 presterskapet
640 672 6 18 i
662 671 89 25 betydlig
769 672 48 24 grad
837 672 62 24 stigit,

148 700 123 25 exempelvis
293 700 44 20 med
357 700 66 24 2,000,
444 700 67 24 3,000,
533 700 53 20 ända
606 700 28 19 till
656 700 60 24 5,000
732 700 55 19 mark
802 700 37 20 och
854 700 45 19 där-

149 728 77 20 utöfver
245 728 6 19 i
272 730 29 18 ett
316 728 50 20 enda
380 730 94 24 pastorat.
503 728 37 20 För
554 729 84 19 flertalet
650 728 138 26 församlingar
802 728 51 26 dölja
869 729 30 24 sig

148 757 110 19 emellertid
276 757 59 19 dessa
350 757 139 25 epokgörande
505 757 121 25 regleringar
640 759 60 22 ännu,
715 758 30 18 för
759 757 78 25 menige
853 763 46 13 man

148 786 82 24 okända,
245 786 29 19 uti
296 786 92 19 arkivens
407 787 94 23 gömmor,
523 786 28 19 för
565 788 29 17 att
609 786 39 19 den
663 786 38 24 dag
715 788 69 22 pastor
798 786 56 24 afgär
869 785 30 20 slå

149 814 39 20 ned
203 814 65 20 såsom
290 816 29 18 ett
334 814 127 25 irreparabile
476 814 54 19 öfver
545 814 178 20 efterkommandes
737 814 110 25 hufvuden,
863 814 36 19 och

148 843 6 19 i
177 849 75 13 samma
275 842 46 20 män
339 848 43 14 som
403 842 39 19 den
465 843 125 19 kommunala
608 843 152 24 beskattningen
775 849 70 18 genom
864 843 36 19 sed

148 872 47 18 eller
216 871 32 24 lag
269 872 72 18 ordnas
365 871 50 19 efter
439 872 102 23 strängare
565 872 104 24 principer,
690 872 69 18 varder
781 872 59 18 äfven
861 871 38 19 den

148 900 116 25 presterliga
279 899 154 25 beskattningen
449 899 36 19 allt
501 905 52 14 mera
568 900 51 24 dryg
635 899 37 20 och
686 899 111 26 ödesdiger.

215 939 11 20 I
246 939 77 25 många,
345 939 76 20 kanske
441 939 84 20 flertalet
547 939 36 19 fall
605 945 63 18 synas
688 939 60 20 dessa
762 939 136 26 häpnadsväc-

147 968 64 19 kande
232 968 84 19 resultat
335 969 46 18 bero
401 967 26 26 pä
442 973 26 14 en
484 974 41 13 mer
539 968 48 19 eller
602 968 77 19 mindre
694 968 24 19 fri
733 968 37 19 och
782 968 117 25 godtycklig

147 997 91 24 tolkning
253 997 19 18 af
286 996 90 20 enskilda
391 997 81 24 uttryck
487 997 5 18 i
508 996 143 25 författningen
667 997 37 18 och
719 997 93 19 särskildt
827 997 46 19 dess
887 998 10 18 7

148 1025 18 26 8,
183 1031 45 14 men
249 1026 6 19 i
271 1027 54 18 ännu
340 1025 51 25 flere,
406 1025 98 20 måhända
519 1025 39 19 alla
573 1025 34 19 fall
623 1025 105 25 föreligger
743 1026 30 19 ett
787 1026 112 25 uppenbart

147 1054 140 19 missförstånd
307 1055 6 18 i
335 1053 55 26 fråga
405 1060 31 13 om
453 1055 24 22 $$
494 1055 13 18 4
523 1055 37 18 och
576 1054 25 19 10
618 1055 51 18 samt
684 1055 28 18 ett
727 1054 171 25 undanskjutande

146 1083 19 19 af
184 1083 152 24 författningens
360 1083 159 25 hufvudprincip,
538 1083 6 19 i
565 1085 22 22 ty
605 1084 29 18 att
649 1083 104 24 afgifterna
767 1083 43 19 frän
826 1089 71 19 person

147 1113 86 23 stegrats
252 1111 31 19 till
304 1111 70 26 belopp
395 1113 13 18 t.
430 1117 17 13 o.
463 1117 24 13 m.
503 1111 143 25 mångdubbelt
660 1111 145 25 öfverstigande
821 1112 24 19 de
860 1118 37 13 nu-

146 1140 86 19 varande
254 1140 103 25 personela
378 1140 162 25 prestationerna.
570 1140 31 19 Då
620 1146 45 13 man
680 1146 71 19 genom
767 1141 38 18 den
820 1141 7 18 i
844 1141 25 19 10
887 1142 9 23 8

146 1168 115 20 föreskrifna
276 1169 236 24 medeltalsberäkningen
528 1169 19 19 af
562 1168 92 25 beloppet
664 1169 161 24 päskpenningar
837 1175 24 13 m.
873 1175 24 13 m.

146 1197 64 19 under
231 1197 24 19 do
271 1198 80 18 senaste
367 1196 26 20 tio
409 1197 47 19 ären
472 1198 83 18 kommit
571 1196 28 20 till
617 1203 25 13 en
658 1196 42 20 viss
715 1197 60 25 siffra,
791 1197 22 19 sä
828 1199 21 17 är
864 1197 34 19 det

146 1225 97 25 sjelffallet
257 1225 43 25 just
315 1226 64 18 denna
395 1225 53 19 siffra
464 1226 36 18 och
515 1226 60 24 ingen
590 1232 71 17 annan,
676 1225 88 19 hvarken
779 1226 60 24 högre
849 1226 48 19 eller

145 1254 61 25 lägre,
236 1260 43 13 som
308 1266 26 2 —
357 1254 82 19 alldeles
462 1254 110 20 oberoende
594 1254 18 19 af
633 1254 24 19 de
680 1254 123 25 möjligheter
820 1254 78 20 tionde-

145 1282 164 25 författningarna
330 1283 7 18 i
360 1282 89 25 förening
472 1283 44 19 med
537 1284 23 23 SS
584 1284 11 18 7
612 1282 37 20 och
665 1283 11 19 8
693 1282 65 20 kunde
773 1283 82 25 erbjuda
871 1294 25 2 —

146 1311 49 19 skall
216 1317 71 19 genom
311 1310 123 26 regleringen
457 1313 79 23 uttagas
562 1311 66 19 säsom
656 1311 130 25 personel
808 1311 89 25 utskyld,

145 1340 87 19 fördelad
251 1339 26 26 pä
292 1340 165 25 fastighetsegare
473 1340 36 18 och
524 1340 62 25 öfriga
601 1339 93 20 invånare
708 1340 63 25 jemnt
785 1340 48 19 eller
847 1340 51 19 efter

146 1368 103 25 indelning
268 1368 6 19 i
295 1368 83 20 klasser.
408 1368 42 19 Och
465 1368 25 19 dä
505 1368 232 25 regleringskomit&ema
752 1368 48 20 eller
815 1368 82 20 försam-

145 1396 100 25 lingarnas
269 1396 79 24 ombud,
371 1396 33 20 vid
426 1396 66 20 denna
513 1397 102 24 indelning
634 1397 6 18 i
659 1397 81 24 klasser,
755 1397 50 24 tagit
817 1397 79 24 hänsyn

146 1424 30 19 till
192 1425 24 18 de
231 1425 81 18 stående
327 1425 126 18 kommunala
469 1425 130 24 utskylderna
614 1425 37 19 och
667 1425 52 24 förty
735 1426 84 18 bestämt
832 1425 65 18 denna

145 1452 57 26 afgift
224 1452 30 20 till
277 1453 50 20 visst
346 1452 72 27 belopp
440 1453 31 18 för
493 1453 37 18 alla
549 1459 100 20 personer,
668 1458 41 15 som
725 1453 46 25 fyllt
786 1455 71 17 sexton
869 1452 27 25 är,
