<?xml version="1.0" encoding="UTF-8"?>
<alto xmlns="http://www.loc.gov/standards/alto/ns-v3#" xmlns:xlink="http://www.w3.org/1999/xlink" xmlns:xsi="http://www.w3.org/2001/XMLSchema-instance" xsi:schemaLocation="http://www.loc.gov/standards/alto/ns-v3# http://www.loc.gov/alto/v3/alto-3-0.xsd">
	<Description>
		<MeasurementUnit>pixel</MeasurementUnit>
		<sourceImageInformation>
			<fileName>/tmp/tess_0w52t3h4_input.PNG</fileName>
		</sourceImageInformation>
		<OCRProcessing ID="OCR_0">
			<ocrProcessingStep>
				<processingSoftware>
					<softwareName>tesseract 5.3.4</softwareName>
				</processingSoftware>
			</ocrProcessingStep>
		</OCRProcessing>
	</Description>
	<Layout>
		<Page WIDTH="1095" HEIGHT="1809" PHYSICAL_IMG_NR="0" ID="page_0">
			<PrintSpace HPOS="0" VPOS="0" WIDTH="1095" HEIGHT="1809">
				<ComposedBlock ID="cblock_0" HPOS="196" VPOS="145" WIDTH="491" HEIGHT="26">
					<TextBlock ID="block_0" HPOS="196" VPOS="145" WIDTH="491" HEIGHT="26">
						<TextLine ID="line_0" HPOS="196" VPOS="145" WIDTH="491" HEIGHT="26">
							<String ID="string_0" HPOS="196" VPOS="145" WIDTH="54" HEIGHT="20" WC="0.95" CONTENT="1636"/><SP WIDTH="169" VPOS="145" HPOS="250"/>
							<String ID="string_1" HPOS="419" VPOS="150" WIDTH="23" HEIGHT="16" WC="0.96" CONTENT="R."/><SP WIDTH="14" VPOS="150" HPOS="442"/>
							<String ID="string_2" HPOS="456" VPOS="155" WIDTH="17" HEIGHT="12" WC="0.87" CONTENT="o."/><SP WIDTH="12" VPOS="155" HPOS="473"/>
							<String ID="string_3" HPOS="485" VPOS="151" WIDTH="22" HEIGHT="17" WC="0.96" CONTENT="A."/><SP WIDTH="16" VPOS="151" HPOS="507"/>
							<String ID="string_4" HPOS="523" VPOS="151" WIDTH="54" HEIGHT="17" WC="0.96" CONTENT="1897."/><SP WIDTH="25" VPOS="151" HPOS="577"/>
							<String ID="string_5" HPOS="602" VPOS="151" WIDTH="25" HEIGHT="17" WC="0.96" CONTENT="29"/><SP WIDTH="13" VPOS="151" HPOS="627"/>
							<String ID="string_6" HPOS="640" VPOS="150" WIDTH="47" HEIGHT="21" WC="0.96" CONTENT="Maj."/>
						</TextLine>
					</TextBlock>
				</ComposedBlock>
				<GraphicalElement ID="cblock_1" HPOS="167" VPOS="178" WIDTH="792" HEIGHT="4"></GraphicalElement >
				<ComposedBlock ID="cblock_2" HPOS="166" VPOS="218" WIDTH="820" HEIGHT="595">
					<TextBlock ID="block_1" HPOS="166" VPOS="218" WIDTH="819" HEIGHT="373">
						<TextLine ID="line_1" HPOS="167" VPOS="218" WIDTH="816" HEIGHT="28">
							<String ID="string_7" HPOS="167" VPOS="218" WIDTH="90" HEIGHT="28" WC="0.94" CONTENT="mycket."/><SP WIDTH="30" VPOS="218" HPOS="257"/>
							<String ID="string_8" HPOS="287" VPOS="218" WIDTH="42" HEIGHT="21" WC="0.94" CONTENT="Om"/><SP WIDTH="15" VPOS="218" HPOS="329"/>
							<String ID="string_9" HPOS="344" VPOS="218" WIDTH="70" HEIGHT="20" WC="0.93" CONTENT="denna"/><SP WIDTH="15" VPOS="218" HPOS="414"/>
							<String ID="string_10" HPOS="429" VPOS="218" WIDTH="62" HEIGHT="26" WC="0.91" CONTENT="kläm,"/><SP WIDTH="15" VPOS="218" HPOS="491"/>
							<String ID="string_11" HPOS="506" VPOS="226" WIDTH="45" HEIGHT="13" WC="0.96" CONTENT="som"/><SP WIDTH="14" VPOS="226" HPOS="551"/>
							<String ID="string_12" HPOS="565" VPOS="220" WIDTH="35" HEIGHT="26" WC="0.93" CONTENT="jag"/><SP WIDTH="12" VPOS="220" HPOS="600"/>
							<String ID="string_13" HPOS="612" VPOS="218" WIDTH="65" HEIGHT="21" WC="0.92" CONTENT="häller"/><SP WIDTH="14" VPOS="218" HPOS="677"/>
							<String ID="string_14" HPOS="691" VPOS="218" WIDTH="34" HEIGHT="28" WC="0.93" CONTENT="pä,"/><SP WIDTH="12" VPOS="218" HPOS="725"/>
							<String ID="string_15" HPOS="737" VPOS="219" WIDTH="75" HEIGHT="21" WC="0.91" CONTENT="vinner"/><SP WIDTH="15" VPOS="219" HPOS="812"/>
							<String ID="string_16" HPOS="827" VPOS="218" WIDTH="156" HEIGHT="28" WC="0.93" CONTENT="ständerplura-"/>
						</TextLine>
						<TextLine ID="line_2" HPOS="166" VPOS="246" WIDTH="818" HEIGHT="26">
							<String ID="string_17" HPOS="166" VPOS="246" WIDTH="54" HEIGHT="26" WC="0.95" CONTENT="litet,"/><SP WIDTH="21" VPOS="246" HPOS="220"/>
							<String ID="string_18" HPOS="241" VPOS="246" WIDTH="24" HEIGHT="21" WC="0.92" CONTENT="sä"/><SP WIDTH="22" VPOS="246" HPOS="265"/>
							<String ID="string_19" HPOS="287" VPOS="246" WIDTH="64" HEIGHT="21" WC="0.90" CONTENT="hafva"/><SP WIDTH="23" VPOS="246" HPOS="351"/>
							<String ID="string_20" HPOS="374" VPOS="246" WIDTH="119" HEIGHT="22" WC="0.92" CONTENT="Ständerna"/><SP WIDTH="22" VPOS="246" HPOS="493"/>
							<String ID="string_21" HPOS="515" VPOS="246" WIDTH="85" HEIGHT="22" WC="0.92" CONTENT="dermed"/><SP WIDTH="22" VPOS="246" HPOS="600"/>
							<String ID="string_22" HPOS="622" VPOS="247" WIDTH="75" HEIGHT="20" WC="0.91" CONTENT="uttalat"/><SP WIDTH="21" VPOS="247" HPOS="697"/>
							<String ID="string_23" HPOS="718" VPOS="246" WIDTH="171" HEIGHT="22" WC="0.91" CONTENT="önskvärdheten"/><SP WIDTH="22" VPOS="246" HPOS="889"/>
							<String ID="string_24" HPOS="911" VPOS="246" WIDTH="23" HEIGHT="21" WC="0.96" CONTENT="af"/><SP WIDTH="18" VPOS="246" HPOS="934"/>
							<String ID="string_25" HPOS="952" VPOS="249" WIDTH="32" HEIGHT="18" WC="0.96" CONTENT="att"/>
						</TextLine>
						<TextLine ID="line_3" HPOS="168" VPOS="274" WIDTH="815" HEIGHT="30">
							<String ID="string_26" HPOS="168" VPOS="275" WIDTH="78" HEIGHT="28" WC="0.92" CONTENT="odöpta"/><SP WIDTH="24" VPOS="275" HPOS="246"/>
							<String ID="string_27" HPOS="270" VPOS="275" WIDTH="50" HEIGHT="21" WC="0.96" CONTENT="barn"/><SP WIDTH="16" VPOS="275" HPOS="320"/>
							<String ID="string_28" HPOS="336" VPOS="275" WIDTH="32" HEIGHT="21" WC="0.96" CONTENT="till"/><SP WIDTH="15" VPOS="275" HPOS="368"/>
							<String ID="string_29" HPOS="383" VPOS="274" WIDTH="136" HEIGHT="22" WC="0.96" CONTENT="medlemmar"/><SP WIDTH="14" VPOS="274" HPOS="519"/>
							<String ID="string_30" HPOS="533" VPOS="276" WIDTH="23" HEIGHT="20" WC="0.93" CONTENT="af"/><SP WIDTH="14" VPOS="276" HPOS="556"/>
							<String ID="string_31" HPOS="570" VPOS="275" WIDTH="108" HEIGHT="21" WC="0.93" CONTENT="lutherska"/><SP WIDTH="15" VPOS="275" HPOS="678"/>
							<String ID="string_32" HPOS="693" VPOS="275" WIDTH="81" HEIGHT="29" WC="0.93" CONTENT="kyrkan"/><SP WIDTH="17" VPOS="275" HPOS="774"/>
							<String ID="string_33" HPOS="791" VPOS="275" WIDTH="71" HEIGHT="21" WC="0.92" CONTENT="blefve"/><SP WIDTH="15" VPOS="275" HPOS="862"/>
							<String ID="string_34" HPOS="877" VPOS="274" WIDTH="84" HEIGHT="22" WC="0.92" CONTENT="införda"/><SP WIDTH="16" VPOS="274" HPOS="961"/>
							<String ID="string_35" HPOS="977" VPOS="276" WIDTH="6" HEIGHT="19" WC="0.96" CONTENT="i"/>
						</TextLine>
						<TextLine ID="line_4" HPOS="168" VPOS="303" WIDTH="816" HEIGHT="29">
							<String ID="string_36" HPOS="168" VPOS="306" WIDTH="31" HEIGHT="18" WC="0.92" CONTENT="ett"/><SP WIDTH="15" VPOS="306" HPOS="199"/>
							<String ID="string_37" HPOS="214" VPOS="304" WIDTH="105" HEIGHT="28" WC="0.91" CONTENT="offentligt"/><SP WIDTH="15" VPOS="304" HPOS="319"/>
							<String ID="string_38" HPOS="334" VPOS="304" WIDTH="94" HEIGHT="28" WC="0.96" CONTENT="register."/><SP WIDTH="23" VPOS="304" HPOS="428"/>
							<String ID="string_39" HPOS="451" VPOS="304" WIDTH="49" HEIGHT="21" WC="0.96" CONTENT="Och"/><SP WIDTH="15" VPOS="304" HPOS="500"/>
							<String ID="string_40" HPOS="515" VPOS="303" WIDTH="36" HEIGHT="22" WC="0.93" CONTENT="det"/><SP WIDTH="14" VPOS="303" HPOS="551"/>
							<String ID="string_41" HPOS="565" VPOS="312" WIDTH="51" HEIGHT="13" WC="0.93" CONTENT="vore"/><SP WIDTH="14" VPOS="312" HPOS="616"/>
							<String ID="string_42" HPOS="630" VPOS="304" WIDTH="21" HEIGHT="28" WC="0.95" CONTENT="ju"/><SP WIDTH="16" VPOS="304" HPOS="651"/>
							<String ID="string_43" HPOS="667" VPOS="305" WIDTH="7" HEIGHT="19" WC="0.95" CONTENT="i"/><SP WIDTH="15" VPOS="305" HPOS="674"/>
							<String ID="string_44" HPOS="689" VPOS="304" WIDTH="41" HEIGHT="21" WC="0.96" CONTENT="alla"/><SP WIDTH="15" VPOS="304" HPOS="730"/>
							<String ID="string_45" HPOS="745" VPOS="304" WIDTH="39" HEIGHT="21" WC="0.96" CONTENT="fall"/><SP WIDTH="15" VPOS="304" HPOS="784"/>
							<String ID="string_46" HPOS="799" VPOS="307" WIDTH="31" HEIGHT="18" WC="0.96" CONTENT="ett"/><SP WIDTH="14" VPOS="307" HPOS="830"/>
							<String ID="string_47" HPOS="844" VPOS="307" WIDTH="47" HEIGHT="25" WC="0.93" CONTENT="steg"/><SP WIDTH="10" VPOS="307" HPOS="891"/>
							<String ID="string_48" HPOS="901" VPOS="303" WIDTH="83" HEIGHT="21" WC="0.92" CONTENT="framät."/>
						</TextLine>
						<TextLine ID="line_5" HPOS="167" VPOS="332" WIDTH="817" HEIGHT="29">
							<String ID="string_49" HPOS="167" VPOS="332" WIDTH="133" HEIGHT="22" WC="0.92" CONTENT="Härutöfver"/><SP WIDTH="22" VPOS="332" HPOS="300"/>
							<String ID="string_50" HPOS="322" VPOS="333" WIDTH="38" HEIGHT="20" WC="0.96" CONTENT="vill"/><SP WIDTH="14" VPOS="333" HPOS="360"/>
							<String ID="string_51" HPOS="374" VPOS="333" WIDTH="35" HEIGHT="28" WC="0.93" CONTENT="jag"/><SP WIDTH="15" VPOS="333" HPOS="409"/>
							<String ID="string_52" HPOS="424" VPOS="333" WIDTH="92" HEIGHT="27" WC="0.96" CONTENT="tillägga,"/><SP WIDTH="15" VPOS="333" HPOS="516"/>
							<String ID="string_53" HPOS="531" VPOS="336" WIDTH="30" HEIGHT="18" WC="0.96" CONTENT="att"/><SP WIDTH="16" VPOS="336" HPOS="561"/>
							<String ID="string_54" HPOS="577" VPOS="333" WIDTH="47" HEIGHT="21" WC="0.96" CONTENT="med"/><SP WIDTH="15" VPOS="333" HPOS="624"/>
							<String ID="string_55" HPOS="639" VPOS="332" WIDTH="41" HEIGHT="21" WC="0.93" CONTENT="den"/><SP WIDTH="15" VPOS="332" HPOS="680"/>
							<String ID="string_56" HPOS="695" VPOS="333" WIDTH="86" HEIGHT="26" WC="0.96" CONTENT="inblick,"/><SP WIDTH="15" VPOS="333" HPOS="781"/>
							<String ID="string_57" HPOS="796" VPOS="340" WIDTH="46" HEIGHT="14" WC="0.96" CONTENT="som"/><SP WIDTH="16" VPOS="340" HPOS="842"/>
							<String ID="string_58" HPOS="858" VPOS="340" WIDTH="47" HEIGHT="13" WC="0.96" CONTENT="man"/><SP WIDTH="16" VPOS="340" HPOS="905"/>
							<String ID="string_59" HPOS="921" VPOS="333" WIDTH="7" HEIGHT="20" WC="0.93" CONTENT="i"/><SP WIDTH="15" VPOS="333" HPOS="928"/>
							<String ID="string_60" HPOS="943" VPOS="332" WIDTH="41" HEIGHT="22" WC="0.92" CONTENT="Ut-"/>
						</TextLine>
						<TextLine ID="line_6" HPOS="167" VPOS="361" WIDTH="818" HEIGHT="29">
							<String ID="string_61" HPOS="167" VPOS="362" WIDTH="81" HEIGHT="20" WC="0.91" CONTENT="skottet"/><SP WIDTH="21" VPOS="362" HPOS="248"/>
							<String ID="string_62" HPOS="269" VPOS="362" WIDTH="42" HEIGHT="20" WC="0.93" CONTENT="fick"/><SP WIDTH="14" VPOS="362" HPOS="311"/>
							<String ID="string_63" HPOS="325" VPOS="362" WIDTH="31" HEIGHT="20" WC="0.93" CONTENT="uti"/><SP WIDTH="16" VPOS="362" HPOS="356"/>
							<String ID="string_64" HPOS="372" VPOS="362" WIDTH="167" HEIGHT="28" WC="0.93" CONTENT="presterskapets"/><SP WIDTH="16" VPOS="362" HPOS="539"/>
							<String ID="string_65" HPOS="555" VPOS="362" WIDTH="137" HEIGHT="28" WC="0.96" CONTENT="uppfattning"/><SP WIDTH="14" VPOS="362" HPOS="692"/>
							<String ID="string_66" HPOS="706" VPOS="362" WIDTH="7" HEIGHT="20" WC="0.96" CONTENT="i"/><SP WIDTH="16" VPOS="362" HPOS="713"/>
							<String ID="string_67" HPOS="729" VPOS="361" WIDTH="69" HEIGHT="21" WC="0.93" CONTENT="denna"/><SP WIDTH="16" VPOS="361" HPOS="798"/>
							<String ID="string_68" HPOS="814" VPOS="361" WIDTH="66" HEIGHT="28" WC="0.92" CONTENT="fräga,"/><SP WIDTH="14" VPOS="361" HPOS="880"/>
							<String ID="string_69" HPOS="894" VPOS="361" WIDTH="91" HEIGHT="22" WC="0.91" CONTENT="Utskot-"/>
						</TextLine>
						<TextLine ID="line_7" HPOS="166" VPOS="390" WIDTH="818" HEIGHT="28">
							<String ID="string_70" HPOS="166" VPOS="393" WIDTH="32" HEIGHT="18" WC="0.92" CONTENT="tet"/><SP WIDTH="14" VPOS="393" HPOS="198"/>
							<String ID="string_71" HPOS="212" VPOS="390" WIDTH="66" HEIGHT="28" WC="0.96" CONTENT="ansåg"/><SP WIDTH="21" VPOS="390" HPOS="278"/>
							<String ID="string_72" HPOS="299" VPOS="390" WIDTH="68" HEIGHT="28" WC="0.96" CONTENT="någon"/><SP WIDTH="17" VPOS="390" HPOS="367"/>
							<String ID="string_73" HPOS="384" VPOS="390" WIDTH="107" HEIGHT="28" WC="0.93" CONTENT="möjlighet"/><SP WIDTH="16" VPOS="390" HPOS="491"/>
							<String ID="string_74" HPOS="507" VPOS="390" WIDTH="46" HEIGHT="21" WC="0.96" CONTENT="icke"/><SP WIDTH="16" VPOS="390" HPOS="553"/>
							<String ID="string_75" HPOS="569" VPOS="390" WIDTH="102" HEIGHT="28" WC="0.96" CONTENT="föreligga"/><SP WIDTH="15" VPOS="390" HPOS="671"/>
							<String ID="string_76" HPOS="686" VPOS="393" WIDTH="31" HEIGHT="18" WC="0.96" CONTENT="att"/><SP WIDTH="16" VPOS="393" HPOS="717"/>
							<String ID="string_77" HPOS="733" VPOS="390" WIDTH="71" HEIGHT="21" WC="0.93" CONTENT="kunna"/><SP WIDTH="14" VPOS="390" HPOS="804"/>
							<String ID="string_78" HPOS="818" VPOS="390" WIDTH="82" HEIGHT="28" WC="0.96" CONTENT="hoppas"/><SP WIDTH="16" VPOS="390" HPOS="900"/>
							<String ID="string_79" HPOS="916" VPOS="390" WIDTH="27" HEIGHT="28" WC="0.96" CONTENT="pä"/><SP WIDTH="16" VPOS="390" HPOS="943"/>
							<String ID="string_80" HPOS="959" VPOS="397" WIDTH="25" HEIGHT="13" WC="0.96" CONTENT="en"/>
						</TextLine>
						<TextLine ID="line_8" HPOS="166" VPOS="418" WIDTH="818" HEIGHT="29">
							<String ID="string_81" HPOS="166" VPOS="419" WIDTH="80" HEIGHT="28" WC="0.92" CONTENT="lycklig"/><SP WIDTH="23" VPOS="419" HPOS="246"/>
							<String ID="string_82" HPOS="269" VPOS="419" WIDTH="84" HEIGHT="27" WC="0.96" CONTENT="lösning"/><SP WIDTH="14" VPOS="419" HPOS="353"/>
							<String ID="string_83" HPOS="367" VPOS="419" WIDTH="7" HEIGHT="21" WC="0.96" CONTENT="i"/><SP WIDTH="16" VPOS="419" HPOS="374"/>
							<String ID="string_84" HPOS="390" VPOS="418" WIDTH="68" HEIGHT="22" WC="0.91" CONTENT="denna"/><SP WIDTH="23" VPOS="418" HPOS="458"/>
							<String ID="string_85" HPOS="481" VPOS="418" WIDTH="65" HEIGHT="29" WC="0.89" CONTENT="fräga,"/><SP WIDTH="22" VPOS="418" HPOS="546"/>
							<String ID="string_86" HPOS="568" VPOS="419" WIDTH="69" HEIGHT="21" WC="0.92" CONTENT="derest"/><SP WIDTH="20" VPOS="419" HPOS="637"/>
							<String ID="string_87" HPOS="657" VPOS="419" WIDTH="104" HEIGHT="21" WC="0.93" CONTENT="klämmen"/><SP WIDTH="16" VPOS="419" HPOS="761"/>
							<String ID="string_88" HPOS="777" VPOS="418" WIDTH="67" HEIGHT="22" WC="0.93" CONTENT="skulle"/><SP WIDTH="16" VPOS="418" HPOS="844"/>
							<String ID="string_89" HPOS="860" VPOS="419" WIDTH="124" HEIGHT="21" WC="0.93" CONTENT="formuleras"/>
						</TextLine>
						<TextLine ID="line_9" HPOS="166" VPOS="447" WIDTH="819" HEIGHT="29">
							<String ID="string_90" HPOS="166" VPOS="448" WIDTH="138" HEIGHT="28" WC="0.92" CONTENT="vidlyftigare"/><SP WIDTH="22" VPOS="448" HPOS="304"/>
							<String ID="string_91" HPOS="326" VPOS="448" WIDTH="52" HEIGHT="20" WC="0.94" CONTENT="eller"/><SP WIDTH="22" VPOS="448" HPOS="378"/>
							<String ID="string_92" HPOS="400" VPOS="455" WIDTH="44" HEIGHT="13" WC="0.93" CONTENT="mer"/><SP WIDTH="21" VPOS="455" HPOS="444"/>
							<String ID="string_93" HPOS="465" VPOS="447" WIDTH="124" HEIGHT="29" WC="0.91" CONTENT="detaljeradt"/><SP WIDTH="22" VPOS="447" HPOS="589"/>
							<String ID="string_94" HPOS="611" VPOS="450" WIDTH="26" HEIGHT="19" WC="0.96" CONTENT="än"/><SP WIDTH="20" VPOS="450" HPOS="637"/>
							<String ID="string_95" HPOS="657" VPOS="455" WIDTH="44" HEIGHT="13" WC="0.96" CONTENT="som"/><SP WIDTH="16" VPOS="455" HPOS="701"/>
							<String ID="string_96" HPOS="717" VPOS="447" WIDTH="63" HEIGHT="21" WC="0.96" CONTENT="skett."/><SP WIDTH="29" VPOS="447" HPOS="780"/>
							<String ID="string_97" HPOS="809" VPOS="448" WIDTH="41" HEIGHT="27" WC="0.93" CONTENT="Jag"/><SP WIDTH="15" VPOS="448" HPOS="850"/>
							<String ID="string_98" HPOS="865" VPOS="447" WIDTH="34" HEIGHT="21" WC="0.93" CONTENT="fär"/><SP WIDTH="15" VPOS="447" HPOS="899"/>
							<String ID="string_99" HPOS="914" VPOS="447" WIDTH="71" HEIGHT="21" WC="0.92" CONTENT="derför"/>
						</TextLine>
						<TextLine ID="line_10" HPOS="167" VPOS="476" WIDTH="818" HEIGHT="28">
							<String ID="string_100" HPOS="167" VPOS="476" WIDTH="39" HEIGHT="22" WC="0.94" CONTENT="hos"/><SP WIDTH="24" VPOS="476" HPOS="206"/>
							<String ID="string_101" HPOS="230" VPOS="476" WIDTH="36" HEIGHT="21" WC="0.93" CONTENT="det"/><SP WIDTH="15" VPOS="476" HPOS="266"/>
							<String ID="string_102" HPOS="281" VPOS="476" WIDTH="122" HEIGHT="28" WC="0.91" CONTENT="Höglofliga"/><SP WIDTH="17" VPOS="476" HPOS="403"/>
							<String ID="string_103" HPOS="420" VPOS="476" WIDTH="89" HEIGHT="22" WC="0.91" CONTENT="Ständet"/><SP WIDTH="15" VPOS="476" HPOS="509"/>
							<String ID="string_104" HPOS="524" VPOS="476" WIDTH="89" HEIGHT="28" WC="0.92" CONTENT="anhälla,"/><SP WIDTH="14" VPOS="476" HPOS="613"/>
							<String ID="string_105" HPOS="627" VPOS="479" WIDTH="32" HEIGHT="18" WC="0.93" CONTENT="att"/><SP WIDTH="14" VPOS="479" HPOS="659"/>
							<String ID="string_106" HPOS="673" VPOS="476" WIDTH="96" HEIGHT="26" WC="0.90" CONTENT="Ständet,"/><SP WIDTH="15" VPOS="476" HPOS="769"/>
							<String ID="string_107" HPOS="784" VPOS="476" WIDTH="48" HEIGHT="21" WC="0.93" CONTENT="med"/><SP WIDTH="15" VPOS="476" HPOS="832"/>
							<String ID="string_108" HPOS="847" VPOS="476" WIDTH="138" HEIGHT="21" WC="0.92" CONTENT="förkastande"/>
						</TextLine>
						<TextLine ID="line_11" HPOS="167" VPOS="504" WIDTH="818" HEIGHT="29">
							<String ID="string_109" HPOS="167" VPOS="505" WIDTH="23" HEIGHT="21" WC="0.96" CONTENT="af"/><SP WIDTH="19" VPOS="505" HPOS="190"/>
							<String ID="string_110" HPOS="209" VPOS="505" WIDTH="34" HEIGHT="21" WC="0.93" CONTENT="Hr"/><SP WIDTH="15" VPOS="505" HPOS="243"/>
							<String ID="string_111" HPOS="258" VPOS="505" WIDTH="103" HEIGHT="28" WC="0.91" CONTENT="Pippings"/><SP WIDTH="24" VPOS="505" HPOS="361"/>
							<String ID="string_112" HPOS="385" VPOS="505" WIDTH="79" HEIGHT="28" WC="0.96" CONTENT="förslag"/><SP WIDTH="21" VPOS="505" HPOS="464"/>
							<String ID="string_113" HPOS="485" VPOS="505" WIDTH="33" HEIGHT="21" WC="0.93" CONTENT="till"/><SP WIDTH="22" VPOS="505" HPOS="518"/>
							<String ID="string_114" HPOS="540" VPOS="505" WIDTH="62" HEIGHT="27" WC="0.92" CONTENT="kläm,"/><SP WIDTH="22" VPOS="505" HPOS="602"/>
							<String ID="string_115" HPOS="624" VPOS="505" WIDTH="49" HEIGHT="21" WC="0.93" CONTENT="ville"/><SP WIDTH="22" VPOS="505" HPOS="673"/>
							<String ID="string_116" HPOS="695" VPOS="505" WIDTH="113" HEIGHT="28" WC="0.92" CONTENT="godkänna"/><SP WIDTH="22" VPOS="505" HPOS="808"/>
							<String ID="string_117" HPOS="830" VPOS="504" WIDTH="155" HEIGHT="22" WC="0.90" CONTENT="betänkandets"/>
						</TextLine>
						<TextLine ID="line_12" HPOS="168" VPOS="534" WIDTH="817" HEIGHT="28">
							<String ID="string_118" HPOS="168" VPOS="534" WIDTH="62" HEIGHT="21" WC="0.90" CONTENT="kläm."/><SP WIDTH="30" VPOS="534" HPOS="230"/>
							<String ID="string_119" HPOS="260" VPOS="534" WIDTH="83" HEIGHT="21" WC="0.90" CONTENT="Endast"/><SP WIDTH="22" VPOS="534" HPOS="343"/>
							<String ID="string_120" HPOS="365" VPOS="534" WIDTH="45" HEIGHT="21" WC="0.91" CONTENT="ifall"/><SP WIDTH="16" VPOS="534" HPOS="410"/>
							<String ID="string_121" HPOS="426" VPOS="534" WIDTH="57" HEIGHT="21" WC="0.96" CONTENT="detta"/><SP WIDTH="16" VPOS="534" HPOS="483"/>
							<String ID="string_122" HPOS="499" VPOS="534" WIDTH="54" HEIGHT="25" WC="0.93" CONTENT="sker,"/><SP WIDTH="14" VPOS="534" HPOS="553"/>
							<String ID="string_123" HPOS="567" VPOS="537" WIDTH="44" HEIGHT="18" WC="0.93" CONTENT="tror"/><SP WIDTH="13" VPOS="537" HPOS="611"/>
							<String ID="string_124" HPOS="624" VPOS="535" WIDTH="35" HEIGHT="27" WC="0.96" CONTENT="jag"/><SP WIDTH="15" VPOS="535" HPOS="659"/>
							<String ID="string_125" HPOS="674" VPOS="534" WIDTH="36" HEIGHT="21" WC="0.96" CONTENT="det"/><SP WIDTH="16" VPOS="534" HPOS="710"/>
							<String ID="string_126" HPOS="726" VPOS="534" WIDTH="39" HEIGHT="20" WC="0.96" CONTENT="blir"/><SP WIDTH="15" VPOS="534" HPOS="765"/>
							<String ID="string_127" HPOS="780" VPOS="534" WIDTH="81" HEIGHT="28" WC="0.96" CONTENT="möjligt"/><SP WIDTH="15" VPOS="534" HPOS="861"/>
							<String ID="string_128" HPOS="876" VPOS="536" WIDTH="31" HEIGHT="18" WC="0.93" CONTENT="att"/><SP WIDTH="15" VPOS="536" HPOS="907"/>
							<String ID="string_129" HPOS="922" VPOS="534" WIDTH="63" HEIGHT="21" WC="0.93" CONTENT="vinna"/>
						</TextLine>
						<TextLine ID="line_13" HPOS="169" VPOS="562" WIDTH="679" HEIGHT="29">
							<String ID="string_130" HPOS="169" VPOS="563" WIDTH="37" HEIGHT="21" WC="0.93" CONTENT="det"/><SP WIDTH="13" VPOS="563" HPOS="206"/>
							<String ID="string_131" HPOS="219" VPOS="562" WIDTH="165" HEIGHT="28" WC="0.92" CONTENT="önskningsmäl,"/><SP WIDTH="16" VPOS="562" HPOS="384"/>
							<String ID="string_132" HPOS="400" VPOS="570" WIDTH="44" HEIGHT="13" WC="0.96" CONTENT="som"/><SP WIDTH="16" VPOS="570" HPOS="444"/>
							<String ID="string_133" HPOS="460" VPOS="564" WIDTH="7" HEIGHT="19" WC="0.93" CONTENT="i"/><SP WIDTH="14" VPOS="564" HPOS="467"/>
							<String ID="string_134" HPOS="481" VPOS="562" WIDTH="231" HEIGHT="29" WC="0.92" CONTENT="petitionsmemorialet"/><SP WIDTH="15" VPOS="562" HPOS="712"/>
							<String ID="string_135" HPOS="727" VPOS="562" WIDTH="121" HEIGHT="22" WC="0.92" CONTENT="framstälts."/>
						</TextLine>
					</TextBlock>
					<TextBlock ID="block_2" HPOS="167" VPOS="590" WIDTH="819" HEIGHT="223">
						<TextLine ID="line_14" HPOS="236" VPOS="590" WIDTH="750" HEIGHT="30">
							<String ID="string_136" HPOS="236" VPOS="591" WIDTH="42" HEIGHT="28" WC="0.86" CONTENT="Jag"/><SP WIDTH="15" VPOS="591" HPOS="278"/>
							<String ID="string_137" HPOS="293" VPOS="599" WIDTH="62" HEIGHT="13" WC="0.86" CONTENT="anser"/><SP WIDTH="15" VPOS="599" HPOS="355"/>
							<String ID="string_138" HPOS="370" VPOS="592" WIDTH="42" HEIGHT="26" WC="0.96" CONTENT="mig"/><SP WIDTH="15" VPOS="592" HPOS="412"/>
							<String ID="string_139" HPOS="427" VPOS="591" WIDTH="71" HEIGHT="21" WC="0.93" CONTENT="kunna"/><SP WIDTH="15" VPOS="591" HPOS="498"/>
							<String ID="string_140" HPOS="513" VPOS="591" WIDTH="84" HEIGHT="29" WC="0.90" CONTENT="förbigä"/><SP WIDTH="14" VPOS="591" HPOS="597"/>
							<String ID="string_141" HPOS="611" VPOS="591" WIDTH="40" HEIGHT="21" WC="0.93" CONTENT="och"/><SP WIDTH="15" VPOS="591" HPOS="651"/>
							<String ID="string_142" HPOS="666" VPOS="592" WIDTH="69" HEIGHT="20" WC="0.93" CONTENT="lemna"/><SP WIDTH="15" VPOS="592" HPOS="735"/>
							<String ID="string_143" HPOS="750" VPOS="591" WIDTH="108" HEIGHT="21" WC="0.92" CONTENT="obemötta"/><SP WIDTH="16" VPOS="591" HPOS="858"/>
							<String ID="string_144" HPOS="874" VPOS="590" WIDTH="26" HEIGHT="22" WC="0.96" CONTENT="de"/><SP WIDTH="16" VPOS="590" HPOS="900"/>
							<String ID="string_145" HPOS="916" VPOS="591" WIDTH="22" HEIGHT="21" WC="0.96" CONTENT="af"/><SP WIDTH="14" VPOS="591" HPOS="938"/>
							<String ID="string_146" HPOS="952" VPOS="591" WIDTH="34" HEIGHT="21" WC="0.97" CONTENT="Hr"/>
						</TextLine>
						<TextLine ID="line_15" HPOS="168" VPOS="620" WIDTH="817" HEIGHT="26">
							<String ID="string_147" HPOS="168" VPOS="620" WIDTH="55" HEIGHT="21" WC="0.96" CONTENT="Rein"/><SP WIDTH="15" VPOS="620" HPOS="223"/>
							<String ID="string_148" HPOS="238" VPOS="620" WIDTH="38" HEIGHT="21" WC="0.93" CONTENT="här"/><SP WIDTH="12" VPOS="620" HPOS="276"/>
							<String ID="string_149" HPOS="288" VPOS="620" WIDTH="126" HEIGHT="20" WC="0.80" CONTENT="framhällna"/><SP WIDTH="15" VPOS="620" HPOS="414"/>
							<String ID="string_150" HPOS="429" VPOS="620" WIDTH="52" HEIGHT="26" WC="0.96" CONTENT="skäl,"/><SP WIDTH="14" VPOS="620" HPOS="481"/>
							<String ID="string_151" HPOS="495" VPOS="628" WIDTH="46" HEIGHT="13" WC="0.93" CONTENT="som"/><SP WIDTH="18" VPOS="628" HPOS="541"/>
							<String ID="string_152" HPOS="559" VPOS="620" WIDTH="43" HEIGHT="21" WC="0.96" CONTENT="tala"/><SP WIDTH="14" VPOS="620" HPOS="602"/>
							<String ID="string_153" HPOS="616" VPOS="620" WIDTH="34" HEIGHT="20" WC="0.96" CONTENT="för"/><SP WIDTH="15" VPOS="620" HPOS="650"/>
							<String ID="string_154" HPOS="665" VPOS="622" WIDTH="30" HEIGHT="18" WC="0.96" CONTENT="att"/><SP WIDTH="16" VPOS="622" HPOS="695"/>
							<String ID="string_155" HPOS="711" VPOS="620" WIDTH="36" HEIGHT="20" WC="0.95" CONTENT="det"/><SP WIDTH="15" VPOS="620" HPOS="747"/>
							<String ID="string_156" HPOS="762" VPOS="620" WIDTH="66" HEIGHT="20" WC="0.96" CONTENT="borde"/><SP WIDTH="10" VPOS="620" HPOS="828"/>
							<String ID="string_157" HPOS="838" VPOS="628" WIDTH="50" HEIGHT="13" WC="0.96" CONTENT="vara"/><SP WIDTH="11" VPOS="628" HPOS="888"/>
							<String ID="string_158" HPOS="899" VPOS="627" WIDTH="26" HEIGHT="14" WC="0.93" CONTENT="en"/><SP WIDTH="10" VPOS="627" HPOS="925"/>
							<String ID="string_159" HPOS="935" VPOS="620" WIDTH="50" HEIGHT="21" WC="0.96" CONTENT="civil"/>
						</TextLine>
						<TextLine ID="line_16" HPOS="168" VPOS="648" WIDTH="817" HEIGHT="29">
							<String ID="string_160" HPOS="168" VPOS="648" WIDTH="130" HEIGHT="28" WC="0.96" CONTENT="myndighet,"/><SP WIDTH="14" VPOS="648" HPOS="298"/>
							<String ID="string_161" HPOS="312" VPOS="656" WIDTH="46" HEIGHT="14" WC="0.96" CONTENT="som"/><SP WIDTH="16" VPOS="656" HPOS="358"/>
							<String ID="string_162" HPOS="374" VPOS="648" WIDTH="68" HEIGHT="21" WC="0.93" CONTENT="skulle"/><SP WIDTH="18" VPOS="648" HPOS="442"/>
							<String ID="string_163" HPOS="460" VPOS="649" WIDTH="46" HEIGHT="21" WC="0.96" CONTENT="föra"/><SP WIDTH="15" VPOS="649" HPOS="506"/>
							<String ID="string_164" HPOS="521" VPOS="648" WIDTH="58" HEIGHT="22" WC="0.96" CONTENT="detta"/><SP WIDTH="15" VPOS="648" HPOS="579"/>
							<String ID="string_165" HPOS="594" VPOS="649" WIDTH="93" HEIGHT="27" WC="0.96" CONTENT="register,"/><SP WIDTH="16" VPOS="649" HPOS="687"/>
							<String ID="string_166" HPOS="703" VPOS="648" WIDTH="40" HEIGHT="22" WC="0.93" CONTENT="och"/><SP WIDTH="16" VPOS="648" HPOS="743"/>
							<String ID="string_167" HPOS="759" VPOS="648" WIDTH="47" HEIGHT="21" WC="0.92" CONTENT="icke"/><SP WIDTH="15" VPOS="648" HPOS="806"/>
							<String ID="string_168" HPOS="821" VPOS="648" WIDTH="164" HEIGHT="29" WC="0.92" CONTENT="presterskapet."/>
						</TextLine>
						<TextLine ID="line_17" HPOS="167" VPOS="677" WIDTH="818" HEIGHT="28">
							<String ID="string_169" HPOS="167" VPOS="677" WIDTH="42" HEIGHT="26" WC="0.96" CONTENT="Jag"/><SP WIDTH="18" VPOS="677" HPOS="209"/>
							<String ID="string_170" HPOS="227" VPOS="685" WIDTH="62" HEIGHT="13" WC="0.96" CONTENT="anser"/><SP WIDTH="14" VPOS="685" HPOS="289"/>
							<String ID="string_171" HPOS="303" VPOS="678" WIDTH="43" HEIGHT="27" WC="0.96" CONTENT="mig"/><SP WIDTH="15" VPOS="678" HPOS="346"/>
							<String ID="string_172" HPOS="361" VPOS="677" WIDTH="106" HEIGHT="28" WC="0.96" CONTENT="nämligen"/><SP WIDTH="15" VPOS="677" HPOS="467"/>
							<String ID="string_173" HPOS="482" VPOS="678" WIDTH="71" HEIGHT="20" WC="0.96" CONTENT="kunna"/><SP WIDTH="14" VPOS="678" HPOS="553"/>
							<String ID="string_174" HPOS="567" VPOS="679" WIDTH="51" HEIGHT="26" WC="0.96" CONTENT="göra"/><SP WIDTH="15" VPOS="679" HPOS="618"/>
							<String ID="string_175" HPOS="633" VPOS="677" WIDTH="36" HEIGHT="21" WC="0.96" CONTENT="det"/><SP WIDTH="15" VPOS="677" HPOS="669"/>
							<String ID="string_176" HPOS="684" VPOS="677" WIDTH="27" HEIGHT="28" WC="0.96" CONTENT="pä"/><SP WIDTH="16" VPOS="677" HPOS="711"/>
							<String ID="string_177" HPOS="727" VPOS="677" WIDTH="41" HEIGHT="21" WC="0.96" CONTENT="den"/><SP WIDTH="15" VPOS="677" HPOS="768"/>
							<String ID="string_178" HPOS="783" VPOS="677" WIDTH="68" HEIGHT="28" WC="0.96" CONTENT="grund"/><SP WIDTH="16" VPOS="677" HPOS="851"/>
							<String ID="string_179" HPOS="867" VPOS="680" WIDTH="31" HEIGHT="18" WC="0.93" CONTENT="att"/><SP WIDTH="16" VPOS="680" HPOS="898"/>
							<String ID="string_180" HPOS="914" VPOS="677" WIDTH="71" HEIGHT="21" WC="0.92" CONTENT="betän-"/>
						</TextLine>
						<TextLine ID="line_18" HPOS="168" VPOS="705" WIDTH="818" HEIGHT="22">
							<String ID="string_181" HPOS="168" VPOS="705" WIDTH="80" HEIGHT="21" WC="0.92" CONTENT="kandet"/><SP WIDTH="11" VPOS="705" HPOS="248"/>
							<String ID="string_182" HPOS="259" VPOS="706" WIDTH="116" HEIGHT="21" WC="0.92" CONTENT="innehäller"/><SP WIDTH="15" VPOS="706" HPOS="375"/>
							<String ID="string_183" HPOS="390" VPOS="709" WIDTH="30" HEIGHT="17" WC="0.95" CONTENT="ett"/><SP WIDTH="10" VPOS="709" HPOS="420"/>
							<String ID="string_184" HPOS="430" VPOS="706" WIDTH="109" HEIGHT="21" WC="0.96" CONTENT="uttalande"/><SP WIDTH="15" VPOS="706" HPOS="539"/>
							<String ID="string_185" HPOS="554" VPOS="707" WIDTH="6" HEIGHT="20" WC="0.96" CONTENT="i"/><SP WIDTH="15" VPOS="707" HPOS="560"/>
							<String ID="string_186" HPOS="575" VPOS="706" WIDTH="68" HEIGHT="21" WC="0.96" CONTENT="denna"/><SP WIDTH="17" VPOS="706" HPOS="643"/>
							<String ID="string_187" HPOS="660" VPOS="706" WIDTH="37" HEIGHT="20" WC="0.96" CONTENT="sak"/><SP WIDTH="16" VPOS="706" HPOS="697"/>
							<String ID="string_188" HPOS="713" VPOS="705" WIDTH="39" HEIGHT="22" WC="0.96" CONTENT="och"/><SP WIDTH="17" VPOS="705" HPOS="752"/>
							<String ID="string_189" HPOS="769" VPOS="709" WIDTH="31" HEIGHT="17" WC="0.93" CONTENT="att"/><SP WIDTH="14" VPOS="709" HPOS="800"/>
							<String ID="string_190" HPOS="814" VPOS="706" WIDTH="105" HEIGHT="21" WC="0.93" CONTENT="klämmen"/><SP WIDTH="11" VPOS="706" HPOS="919"/>
							<String ID="string_191" HPOS="930" VPOS="708" WIDTH="23" HEIGHT="18" WC="0.96" CONTENT="är"/><SP WIDTH="10" VPOS="708" HPOS="953"/>
							<String ID="string_192" HPOS="963" VPOS="705" WIDTH="23" HEIGHT="21" WC="0.96" CONTENT="sä"/>
						</TextLine>
						<TextLine ID="line_19" HPOS="168" VPOS="734" WIDTH="817" HEIGHT="28">
							<String ID="string_193" HPOS="168" VPOS="734" WIDTH="87" HEIGHT="21" WC="0.93" CONTENT="allmänt"/><SP WIDTH="22" VPOS="734" HPOS="255"/>
							<String ID="string_194" HPOS="277" VPOS="734" WIDTH="77" HEIGHT="27" WC="0.90" CONTENT="hällen,"/><SP WIDTH="22" VPOS="734" HPOS="354"/>
							<String ID="string_195" HPOS="376" VPOS="737" WIDTH="32" HEIGHT="18" WC="0.96" CONTENT="att"/><SP WIDTH="21" VPOS="737" HPOS="408"/>
							<String ID="string_196" HPOS="429" VPOS="734" WIDTH="40" HEIGHT="21" WC="0.93" CONTENT="den"/><SP WIDTH="23" VPOS="734" HPOS="469"/>
							<String ID="string_197" HPOS="492" VPOS="735" WIDTH="47" HEIGHT="21" WC="0.89" CONTENT="icke"/><SP WIDTH="22" VPOS="735" HPOS="539"/>
							<String ID="string_198" HPOS="561" VPOS="734" WIDTH="118" HEIGHT="22" WC="0.92" CONTENT="innehäller"/><SP WIDTH="20" VPOS="734" HPOS="679"/>
							<String ID="string_199" HPOS="699" VPOS="734" WIDTH="66" HEIGHT="28" WC="0.92" CONTENT="nägot"/><SP WIDTH="17" VPOS="734" HPOS="765"/>
							<String ID="string_200" HPOS="782" VPOS="734" WIDTH="107" HEIGHT="21" WC="0.95" CONTENT="uttalande"/><SP WIDTH="15" VPOS="734" HPOS="889"/>
							<String ID="string_201" HPOS="904" VPOS="735" WIDTH="8" HEIGHT="20" WC="0.95" CONTENT="i"/><SP WIDTH="15" VPOS="735" HPOS="912"/>
							<String ID="string_202" HPOS="927" VPOS="734" WIDTH="58" HEIGHT="21" WC="0.95" CONTENT="detta"/>
						</TextLine>
						<TextLine ID="line_20" HPOS="167" VPOS="762" WIDTH="818" HEIGHT="29">
							<String ID="string_203" HPOS="167" VPOS="762" WIDTH="63" HEIGHT="29" WC="0.95" CONTENT="syfte,"/><SP WIDTH="23" VPOS="762" HPOS="230"/>
							<String ID="string_204" HPOS="253" VPOS="763" WIDTH="39" HEIGHT="21" WC="0.96" CONTENT="och"/><SP WIDTH="13" VPOS="763" HPOS="292"/>
							<String ID="string_205" HPOS="305" VPOS="763" WIDTH="37" HEIGHT="21" WC="0.96" CONTENT="det"/><SP WIDTH="14" VPOS="763" HPOS="342"/>
							<String ID="string_206" HPOS="356" VPOS="762" WIDTH="60" HEIGHT="22" WC="0.93" CONTENT="torde"/><SP WIDTH="16" VPOS="762" HPOS="416"/>
							<String ID="string_207" HPOS="432" VPOS="762" WIDTH="72" HEIGHT="22" WC="0.92" CONTENT="derför"/><SP WIDTH="15" VPOS="762" HPOS="504"/>
							<String ID="string_208" HPOS="519" VPOS="763" WIDTH="47" HEIGHT="21" WC="0.92" CONTENT="icke"/><SP WIDTH="15" VPOS="763" HPOS="566"/>
							<String ID="string_209" HPOS="581" VPOS="771" WIDTH="50" HEIGHT="13" WC="0.96" CONTENT="vara"/><SP WIDTH="17" VPOS="771" HPOS="631"/>
							<String ID="string_210" HPOS="648" VPOS="763" WIDTH="45" HEIGHT="21" WC="0.96" CONTENT="skäl"/><SP WIDTH="16" VPOS="763" HPOS="693"/>
							<String ID="string_211" HPOS="709" VPOS="766" WIDTH="31" HEIGHT="18" WC="0.93" CONTENT="att"/><SP WIDTH="15" VPOS="766" HPOS="740"/>
							<String ID="string_212" HPOS="755" VPOS="762" WIDTH="96" HEIGHT="29" WC="0.92" CONTENT="förlänga"/><SP WIDTH="17" VPOS="762" HPOS="851"/>
							<String ID="string_213" HPOS="868" VPOS="762" WIDTH="117" HEIGHT="22" WC="0.92" CONTENT="diskussio-"/>
						</TextLine>
						<TextLine ID="line_21" HPOS="167" VPOS="792" WIDTH="218" HEIGHT="21">
							<String ID="string_214" HPOS="167" VPOS="799" WIDTH="41" HEIGHT="13" WC="0.96" CONTENT="nen"/><SP WIDTH="16" VPOS="799" HPOS="208"/>
							<String ID="string_215" HPOS="224" VPOS="792" WIDTH="6" HEIGHT="21" WC="0.96" CONTENT="i"/><SP WIDTH="16" VPOS="792" HPOS="230"/>
							<String ID="string_216" HPOS="246" VPOS="792" WIDTH="58" HEIGHT="20" WC="0.96" CONTENT="detta"/><SP WIDTH="14" VPOS="792" HPOS="304"/>
							<String ID="string_217" HPOS="318" VPOS="794" WIDTH="67" HEIGHT="19" WC="0.96" CONTENT="ämne."/>
						</TextLine>
					</TextBlock>
				</ComposedBlock>
				<ComposedBlock ID="cblock_3" HPOS="166" VPOS="848" WIDTH="820" HEIGHT="687">
					<TextBlock ID="block_3" HPOS="166" VPOS="848" WIDTH="820" HEIGHT="687">
						<TextLine ID="line_22" HPOS="235" VPOS="848" WIDTH="750" HEIGHT="30">
							<String ID="string_218" HPOS="235" VPOS="849" WIDTH="34" HEIGHT="21" WC="0.96" CONTENT="Hr"/><SP WIDTH="14" VPOS="849" HPOS="269"/>
							<String ID="string_219" HPOS="283" VPOS="849" WIDTH="133" HEIGHT="29" WC="0.87" CONTENT="Pipping:"/><SP WIDTH="30" VPOS="849" HPOS="416"/>
							<String ID="string_220" HPOS="446" VPOS="849" WIDTH="57" HEIGHT="21" WC="0.95" CONTENT="Fullt"/><SP WIDTH="16" VPOS="849" HPOS="503"/>
							<String ID="string_221" HPOS="519" VPOS="852" WIDTH="22" HEIGHT="18" WC="0.96" CONTENT="ut"/><SP WIDTH="16" VPOS="852" HPOS="541"/>
							<String ID="string_222" HPOS="557" VPOS="850" WIDTH="7" HEIGHT="20" WC="0.96" CONTENT="i"/><SP WIDTH="10" VPOS="850" HPOS="564"/>
							<String ID="string_223" HPOS="574" VPOS="856" WIDTH="79" HEIGHT="14" WC="0.96" CONTENT="samma"/><SP WIDTH="14" VPOS="856" HPOS="653"/>
							<String ID="string_224" HPOS="667" VPOS="848" WIDTH="52" HEIGHT="28" WC="0.96" CONTENT="grad"/><SP WIDTH="15" VPOS="848" HPOS="719"/>
							<String ID="string_225" HPOS="734" VPOS="856" WIDTH="45" HEIGHT="14" WC="0.96" CONTENT="som"/><SP WIDTH="15" VPOS="856" HPOS="779"/>
							<String ID="string_226" HPOS="794" VPOS="848" WIDTH="34" HEIGHT="22" WC="0.96" CONTENT="Hr"/><SP WIDTH="14" VPOS="848" HPOS="828"/>
							<String ID="string_227" HPOS="842" VPOS="849" WIDTH="55" HEIGHT="21" WC="0.96" CONTENT="Rein"/><SP WIDTH="16" VPOS="849" HPOS="897"/>
							<String ID="string_228" HPOS="913" VPOS="851" WIDTH="23" HEIGHT="19" WC="0.96" CONTENT="är"/><SP WIDTH="14" VPOS="851" HPOS="936"/>
							<String ID="string_229" HPOS="950" VPOS="850" WIDTH="35" HEIGHT="27" WC="0.97" CONTENT="jag"/>
						</TextLine>
						<TextLine ID="line_23" HPOS="168" VPOS="877" WIDTH="817" HEIGHT="29">
							<String ID="string_230" HPOS="168" VPOS="878" WIDTH="23" HEIGHT="20" WC="0.96" CONTENT="af"/><SP WIDTH="15" VPOS="878" HPOS="191"/>
							<String ID="string_231" HPOS="206" VPOS="877" WIDTH="41" HEIGHT="21" WC="0.93" CONTENT="den"/><SP WIDTH="16" VPOS="877" HPOS="247"/>
							<String ID="string_232" HPOS="263" VPOS="878" WIDTH="61" HEIGHT="28" WC="0.86" CONTENT="äsigt,"/><SP WIDTH="16" VPOS="878" HPOS="324"/>
							<String ID="string_233" HPOS="340" VPOS="881" WIDTH="31" HEIGHT="17" WC="0.96" CONTENT="att"/><SP WIDTH="15" VPOS="881" HPOS="371"/>
							<String ID="string_234" HPOS="386" VPOS="885" WIDTH="47" HEIGHT="13" WC="0.93" CONTENT="man"/><SP WIDTH="15" VPOS="885" HPOS="433"/>
							<String ID="string_235" HPOS="448" VPOS="878" WIDTH="47" HEIGHT="21" WC="0.96" CONTENT="icke"/><SP WIDTH="15" VPOS="878" HPOS="495"/>
							<String ID="string_236" HPOS="510" VPOS="878" WIDTH="39" HEIGHT="21" WC="0.93" CONTENT="bör"/><SP WIDTH="14" VPOS="878" HPOS="549"/>
							<String ID="string_237" HPOS="563" VPOS="878" WIDTH="48" HEIGHT="21" WC="0.96" CONTENT="såra"/><SP WIDTH="14" VPOS="878" HPOS="611"/>
							<String ID="string_238" HPOS="625" VPOS="878" WIDTH="81" HEIGHT="27" WC="0.96" CONTENT="någons"/><SP WIDTH="15" VPOS="878" HPOS="706"/>
							<String ID="string_239" HPOS="721" VPOS="880" WIDTH="94" HEIGHT="18" WC="0.96" CONTENT="samvete"/><SP WIDTH="16" VPOS="880" HPOS="815"/>
							<String ID="string_240" HPOS="831" VPOS="878" WIDTH="40" HEIGHT="20" WC="0.93" CONTENT="och"/><SP WIDTH="11" VPOS="878" HPOS="871"/>
							<String ID="string_241" HPOS="882" VPOS="877" WIDTH="48" HEIGHT="21" WC="0.93" CONTENT="icke"/><SP WIDTH="10" VPOS="877" HPOS="930"/>
							<String ID="string_242" HPOS="940" VPOS="878" WIDTH="45" HEIGHT="20" WC="0.93" CONTENT="hel-"/>
						</TextLine>
						<TextLine ID="line_24" HPOS="168" VPOS="906" WIDTH="818" HEIGHT="29">
							<String ID="string_243" HPOS="168" VPOS="906" WIDTH="31" HEIGHT="21" WC="0.92" CONTENT="ler"/><SP WIDTH="14" VPOS="906" HPOS="199"/>
							<String ID="string_244" HPOS="213" VPOS="906" WIDTH="175" HEIGHT="21" WC="0.92" CONTENT="medlemmarnas"/><SP WIDTH="16" VPOS="906" HPOS="388"/>
							<String ID="string_245" HPOS="404" VPOS="906" WIDTH="22" HEIGHT="21" WC="0.93" CONTENT="af"/><SP WIDTH="15" VPOS="906" HPOS="426"/>
							<String ID="string_246" HPOS="441" VPOS="906" WIDTH="140" HEIGHT="29" WC="0.90" CONTENT="statskyrkan."/><SP WIDTH="23" VPOS="906" HPOS="581"/>
							<String ID="string_247" HPOS="604" VPOS="906" WIDTH="73" HEIGHT="22" WC="0.92" CONTENT="Skulle"/><SP WIDTH="16" VPOS="906" HPOS="677"/>
							<String ID="string_248" HPOS="693" VPOS="914" WIDTH="26" HEIGHT="13" WC="0.93" CONTENT="nu"/><SP WIDTH="12" VPOS="914" HPOS="719"/>
							<String ID="string_249" HPOS="731" VPOS="906" WIDTH="109" HEIGHT="28" WC="0.92" CONTENT="verkligen"/><SP WIDTH="10" VPOS="906" HPOS="840"/>
							<String ID="string_250" HPOS="850" VPOS="906" WIDTH="136" HEIGHT="21" WC="0.92" CONTENT="utfärdandet"/>
						</TextLine>
						<TextLine ID="line_25" HPOS="168" VPOS="935" WIDTH="817" HEIGHT="28">
							<String ID="string_251" HPOS="168" VPOS="935" WIDTH="24" HEIGHT="21" WC="0.96" CONTENT="af"/><SP WIDTH="15" VPOS="935" HPOS="192"/>
							<String ID="string_252" HPOS="207" VPOS="938" WIDTH="30" HEIGHT="18" WC="0.93" CONTENT="ett"/><SP WIDTH="16" VPOS="938" HPOS="237"/>
							<String ID="string_253" HPOS="253" VPOS="935" WIDTH="77" HEIGHT="21" WC="0.90" CONTENT="sädant"/><SP WIDTH="13" VPOS="935" HPOS="330"/>
							<String ID="string_254" HPOS="343" VPOS="935" WIDTH="79" HEIGHT="28" WC="0.91" CONTENT="päbud,"/><SP WIDTH="14" VPOS="935" HPOS="422"/>
							<String ID="string_255" HPOS="436" VPOS="942" WIDTH="45" HEIGHT="14" WC="0.96" CONTENT="som"/><SP WIDTH="16" VPOS="942" HPOS="481"/>
							<String ID="string_256" HPOS="497" VPOS="935" WIDTH="36" HEIGHT="21" WC="0.96" CONTENT="det"/><SP WIDTH="14" VPOS="935" HPOS="533"/>
							<String ID="string_257" HPOS="547" VPOS="936" WIDTH="35" HEIGHT="27" WC="0.93" CONTENT="jag"/><SP WIDTH="14" VPOS="936" HPOS="582"/>
							<String ID="string_258" HPOS="596" VPOS="935" WIDTH="101" HEIGHT="26" WC="0.92" CONTENT="förordat,"/><SP WIDTH="14" VPOS="935" HPOS="697"/>
							<String ID="string_259" HPOS="711" VPOS="935" WIDTH="101" HEIGHT="21" WC="0.92" CONTENT="innebära"/><SP WIDTH="16" VPOS="935" HPOS="812"/>
							<String ID="string_260" HPOS="828" VPOS="943" WIDTH="25" HEIGHT="13" WC="0.93" CONTENT="en"/><SP WIDTH="13" VPOS="943" HPOS="853"/>
							<String ID="string_261" HPOS="866" VPOS="935" WIDTH="119" HEIGHT="28" WC="0.91" CONTENT="kränkning"/>
						</TextLine>
						<TextLine ID="line_26" HPOS="168" VPOS="964" WIDTH="817" HEIGHT="28">
							<String ID="string_262" HPOS="168" VPOS="964" WIDTH="23" HEIGHT="20" WC="0.96" CONTENT="af"/><SP WIDTH="15" VPOS="964" HPOS="191"/>
							<String ID="string_263" HPOS="206" VPOS="964" WIDTH="27" HEIGHT="21" WC="0.93" CONTENT="de"/><SP WIDTH="16" VPOS="964" HPOS="233"/>
							<String ID="string_264" HPOS="249" VPOS="964" WIDTH="107" HEIGHT="21" WC="0.93" CONTENT="lutherska"/><SP WIDTH="16" VPOS="964" HPOS="356"/>
							<String ID="string_265" HPOS="372" VPOS="967" WIDTH="119" HEIGHT="25" WC="0.92" CONTENT="presternas"/><SP WIDTH="15" VPOS="967" HPOS="491"/>
							<String ID="string_266" HPOS="506" VPOS="968" WIDTH="115" HEIGHT="22" WC="0.93" CONTENT="samveten,"/><SP WIDTH="14" VPOS="968" HPOS="621"/>
							<String ID="string_267" HPOS="635" VPOS="964" WIDTH="24" HEIGHT="21" WC="0.97" CONTENT="sä"/><SP WIDTH="15" VPOS="964" HPOS="659"/>
							<String ID="string_268" HPOS="674" VPOS="964" WIDTH="68" HEIGHT="21" WC="0.96" CONTENT="skulle"/><SP WIDTH="15" VPOS="964" HPOS="742"/>
							<String ID="string_269" HPOS="757" VPOS="964" WIDTH="35" HEIGHT="28" WC="0.93" CONTENT="jag"/><SP WIDTH="15" VPOS="964" HPOS="792"/>
							<String ID="string_270" HPOS="807" VPOS="964" WIDTH="47" HEIGHT="21" WC="0.96" CONTENT="icke"/><SP WIDTH="12" VPOS="964" HPOS="854"/>
							<String ID="string_271" HPOS="866" VPOS="964" WIDTH="66" HEIGHT="21" WC="0.93" CONTENT="hafva"/><SP WIDTH="10" VPOS="964" HPOS="932"/>
							<String ID="string_272" HPOS="942" VPOS="964" WIDTH="43" HEIGHT="20" WC="0.93" CONTENT="för-"/>
						</TextLine>
						<TextLine ID="line_27" HPOS="168" VPOS="992" WIDTH="817" HEIGHT="29">
							<String ID="string_273" HPOS="168" VPOS="992" WIDTH="61" HEIGHT="21" WC="0.92" CONTENT="ordat"/><SP WIDTH="23" VPOS="992" HPOS="229"/>
							<String ID="string_274" HPOS="252" VPOS="996" WIDTH="31" HEIGHT="18" WC="0.93" CONTENT="ett"/><SP WIDTH="20" VPOS="996" HPOS="283"/>
							<String ID="string_275" HPOS="303" VPOS="992" WIDTH="69" HEIGHT="29" WC="0.92" CONTENT="dylikt"/><SP WIDTH="14" VPOS="992" HPOS="372"/>
							<String ID="string_276" HPOS="386" VPOS="992" WIDTH="78" HEIGHT="28" WC="0.91" CONTENT="päbud,"/><SP WIDTH="14" VPOS="992" HPOS="464"/>
							<String ID="string_277" HPOS="478" VPOS="1000" WIDTH="47" HEIGHT="14" WC="0.97" CONTENT="men"/><SP WIDTH="16" VPOS="1000" HPOS="525"/>
							<String ID="string_278" HPOS="541" VPOS="994" WIDTH="34" HEIGHT="27" WC="0.93" CONTENT="jag"/><SP WIDTH="16" VPOS="994" HPOS="575"/>
							<String ID="string_279" HPOS="591" VPOS="997" WIDTH="42" HEIGHT="17" WC="0.93" CONTENT="tror"/><SP WIDTH="15" VPOS="997" HPOS="633"/>
							<String ID="string_280" HPOS="648" VPOS="996" WIDTH="31" HEIGHT="17" WC="0.96" CONTENT="att"/><SP WIDTH="15" VPOS="996" HPOS="679"/>
							<String ID="string_281" HPOS="694" VPOS="992" WIDTH="33" HEIGHT="21" WC="0.93" CONTENT="Hr"/><SP WIDTH="15" VPOS="992" HPOS="727"/>
							<String ID="string_282" HPOS="742" VPOS="992" WIDTH="66" HEIGHT="22" WC="0.93" CONTENT="Reins"/><SP WIDTH="15" VPOS="992" HPOS="808"/>
							<String ID="string_283" HPOS="823" VPOS="992" WIDTH="56" HEIGHT="28" WC="0.93" CONTENT="äsigt"/><SP WIDTH="15" VPOS="992" HPOS="879"/>
							<String ID="string_284" HPOS="894" VPOS="994" WIDTH="6" HEIGHT="20" WC="0.96" CONTENT="i"/><SP WIDTH="16" VPOS="994" HPOS="900"/>
							<String ID="string_285" HPOS="916" VPOS="992" WIDTH="69" HEIGHT="22" WC="0.96" CONTENT="denna"/>
						</TextLine>
						<TextLine ID="line_28" HPOS="167" VPOS="1021" WIDTH="818" HEIGHT="28">
							<String ID="string_286" HPOS="167" VPOS="1021" WIDTH="62" HEIGHT="27" WC="0.96" CONTENT="fråga"/><SP WIDTH="24" VPOS="1021" HPOS="229"/>
							<String ID="string_287" HPOS="253" VPOS="1021" WIDTH="60" HEIGHT="21" WC="0.96" CONTENT="beror"/><SP WIDTH="22" VPOS="1021" HPOS="313"/>
							<String ID="string_288" HPOS="335" VPOS="1021" WIDTH="27" HEIGHT="28" WC="0.96" CONTENT="pä"/><SP WIDTH="19" VPOS="1021" HPOS="362"/>
							<String ID="string_289" HPOS="381" VPOS="1024" WIDTH="31" HEIGHT="18" WC="0.93" CONTENT="ett"/><SP WIDTH="14" VPOS="1024" HPOS="412"/>
							<String ID="string_290" HPOS="426" VPOS="1021" WIDTH="154" HEIGHT="21" WC="0.95" CONTENT="missförstånd."/><SP WIDTH="29" VPOS="1021" HPOS="580"/>
							<String ID="string_291" HPOS="609" VPOS="1021" WIDTH="11" HEIGHT="21" WC="0.96" CONTENT="I"/><SP WIDTH="15" VPOS="1021" HPOS="620"/>
							<String ID="string_292" HPOS="635" VPOS="1021" WIDTH="101" HEIGHT="21" WC="0.96" CONTENT="händelse"/><SP WIDTH="16" VPOS="1021" HPOS="736"/>
							<String ID="string_293" HPOS="752" VPOS="1021" WIDTH="40" HEIGHT="21" WC="0.93" CONTENT="den"/><SP WIDTH="16" VPOS="1021" HPOS="792"/>
							<String ID="string_294" HPOS="808" VPOS="1024" WIDTH="43" HEIGHT="18" WC="0.96" CONTENT="sats"/><SP WIDTH="16" VPOS="1024" HPOS="851"/>
							<String ID="string_295" HPOS="867" VPOS="1028" WIDTH="51" HEIGHT="14" WC="0.93" CONTENT="vore"/><SP WIDTH="15" VPOS="1028" HPOS="918"/>
							<String ID="string_296" HPOS="933" VPOS="1021" WIDTH="52" HEIGHT="21" WC="0.93" CONTENT="fast-"/>
						</TextLine>
						<TextLine ID="line_29" HPOS="169" VPOS="1050" WIDTH="816" HEIGHT="28">
							<String ID="string_297" HPOS="169" VPOS="1050" WIDTH="62" HEIGHT="26" WC="0.91" CONTENT="stäld,"/><SP WIDTH="16" VPOS="1050" HPOS="231"/>
							<String ID="string_298" HPOS="247" VPOS="1053" WIDTH="31" HEIGHT="17" WC="0.96" CONTENT="att"/><SP WIDTH="15" VPOS="1053" HPOS="278"/>
							<String ID="string_299" HPOS="293" VPOS="1050" WIDTH="107" HEIGHT="21" WC="0.93" CONTENT="lutherska"/><SP WIDTH="16" VPOS="1050" HPOS="400"/>
							<String ID="string_300" HPOS="416" VPOS="1050" WIDTH="157" HEIGHT="28" WC="0.91" CONTENT="presterskapet"/><SP WIDTH="15" VPOS="1050" HPOS="573"/>
							<String ID="string_301" HPOS="588" VPOS="1050" WIDTH="74" HEIGHT="21" WC="0.96" CONTENT="endast"/><SP WIDTH="15" VPOS="1050" HPOS="662"/>
							<String ID="string_302" HPOS="677" VPOS="1050" WIDTH="38" HEIGHT="20" WC="0.96" CONTENT="har"/><SP WIDTH="14" VPOS="1050" HPOS="715"/>
							<String ID="string_303" HPOS="729" VPOS="1052" WIDTH="32" HEIGHT="18" WC="0.96" CONTENT="att"/><SP WIDTH="11" VPOS="1052" HPOS="761"/>
							<String ID="string_304" HPOS="772" VPOS="1050" WIDTH="112" HEIGHT="21" WC="0.93" CONTENT="förteckna"/><SP WIDTH="12" VPOS="1050" HPOS="884"/>
							<String ID="string_305" HPOS="896" VPOS="1050" WIDTH="89" HEIGHT="21" WC="0.91" CONTENT="försam-"/>
						</TextLine>
						<TextLine ID="line_30" HPOS="167" VPOS="1078" WIDTH="817" HEIGHT="29">
							<String ID="string_306" HPOS="167" VPOS="1078" WIDTH="83" HEIGHT="28" WC="0.91" CONTENT="lingens"/><SP WIDTH="23" VPOS="1078" HPOS="250"/>
							<String ID="string_307" HPOS="273" VPOS="1086" WIDTH="54" HEIGHT="20" WC="0.95" CONTENT="egna"/><SP WIDTH="22" VPOS="1086" HPOS="327"/>
							<String ID="string_308" HPOS="349" VPOS="1078" WIDTH="140" HEIGHT="27" WC="0.96" CONTENT="medlemmar,"/><SP WIDTH="22" VPOS="1078" HPOS="489"/>
							<String ID="string_309" HPOS="511" VPOS="1086" WIDTH="24" HEIGHT="14" WC="0.96" CONTENT="och"/><SP WIDTH="32" VPOS="1086" HPOS="535"/>
							<String ID="string_310" HPOS="567" VPOS="1078" WIDTH="36" HEIGHT="22" WC="0.96" CONTENT="det"/><SP WIDTH="14" VPOS="1078" HPOS="603"/>
							<String ID="string_311" HPOS="617" VPOS="1079" WIDTH="22" HEIGHT="21" WC="0.96" CONTENT="af"/><SP WIDTH="15" VPOS="1079" HPOS="639"/>
							<String ID="string_312" HPOS="654" VPOS="1079" WIDTH="43" HEIGHT="27" WC="0.96" CONTENT="mig"/><SP WIDTH="14" VPOS="1079" HPOS="697"/>
							<String ID="string_313" HPOS="711" VPOS="1078" WIDTH="121" HEIGHT="28" WC="0.92" CONTENT="föreslagna"/><SP WIDTH="15" VPOS="1078" HPOS="832"/>
							<String ID="string_314" HPOS="847" VPOS="1078" WIDTH="95" HEIGHT="29" WC="0.92" CONTENT="påbudet"/><SP WIDTH="15" VPOS="1078" HPOS="942"/>
							<String ID="string_315" HPOS="957" VPOS="1086" WIDTH="27" HEIGHT="14" WC="0.96" CONTENT="nu"/>
						</TextLine>
						<TextLine ID="line_31" HPOS="168" VPOS="1107" WIDTH="817" HEIGHT="29">
							<String ID="string_316" HPOS="168" VPOS="1107" WIDTH="131" HEIGHT="26" WC="0.96" CONTENT="utfärdades,"/><SP WIDTH="22" VPOS="1107" HPOS="299"/>
							<String ID="string_317" HPOS="321" VPOS="1107" WIDTH="68" HEIGHT="21" WC="0.96" CONTENT="skulle"/><SP WIDTH="23" VPOS="1107" HPOS="389"/>
							<String ID="string_318" HPOS="412" VPOS="1115" WIDTH="48" HEIGHT="13" WC="0.93" CONTENT="man"/><SP WIDTH="22" VPOS="1115" HPOS="460"/>
							<String ID="string_319" HPOS="482" VPOS="1107" WIDTH="121" HEIGHT="29" WC="0.87" CONTENT="derigenom"/><SP WIDTH="23" VPOS="1107" HPOS="603"/>
							<String ID="string_320" HPOS="626" VPOS="1110" WIDTH="50" HEIGHT="18" WC="0.93" CONTENT="utan"/><SP WIDTH="19" VPOS="1110" HPOS="676"/>
							<String ID="string_321" HPOS="695" VPOS="1107" WIDTH="123" HEIGHT="28" WC="0.92" CONTENT="gensägelse"/><SP WIDTH="15" VPOS="1107" HPOS="818"/>
							<String ID="string_322" HPOS="833" VPOS="1108" WIDTH="73" HEIGHT="27" WC="0.93" CONTENT="tvinga"/><SP WIDTH="16" VPOS="1108" HPOS="906"/>
							<String ID="string_323" HPOS="922" VPOS="1110" WIDTH="63" HEIGHT="18" WC="0.91" CONTENT="stats-"/>
						</TextLine>
						<TextLine ID="line_32" HPOS="169" VPOS="1136" WIDTH="816" HEIGHT="28">
							<String ID="string_324" HPOS="169" VPOS="1136" WIDTH="93" HEIGHT="28" WC="0.96" CONTENT="kyrkans"/><SP WIDTH="19" VPOS="1136" HPOS="262"/>
							<String ID="string_325" HPOS="281" VPOS="1139" WIDTH="81" HEIGHT="24" WC="0.96" CONTENT="prester"/><SP WIDTH="14" VPOS="1139" HPOS="362"/>
							<String ID="string_326" HPOS="376" VPOS="1139" WIDTH="32" HEIGHT="17" WC="0.96" CONTENT="att"/><SP WIDTH="14" VPOS="1139" HPOS="408"/>
							<String ID="string_327" HPOS="422" VPOS="1136" WIDTH="69" HEIGHT="21" WC="0.96" CONTENT="såsom"/><SP WIDTH="16" VPOS="1136" HPOS="491"/>
							<String ID="string_328" HPOS="507" VPOS="1137" WIDTH="47" HEIGHT="20" WC="0.93" CONTENT="sina"/><SP WIDTH="14" VPOS="1137" HPOS="554"/>
							<String ID="string_329" HPOS="568" VPOS="1136" WIDTH="158" HEIGHT="28" WC="0.89" CONTENT="församlingars"/><SP WIDTH="15" VPOS="1136" HPOS="726"/>
							<String ID="string_330" HPOS="741" VPOS="1136" WIDTH="137" HEIGHT="21" WC="0.96" CONTENT="medlemmar"/><SP WIDTH="14" VPOS="1136" HPOS="878"/>
							<String ID="string_331" HPOS="892" VPOS="1136" WIDTH="93" HEIGHT="21" WC="0.96" CONTENT="erkänna"/>
						</TextLine>
						<TextLine ID="line_33" HPOS="169" VPOS="1164" WIDTH="816" HEIGHT="29">
							<String ID="string_332" HPOS="169" VPOS="1164" WIDTH="79" HEIGHT="29" WC="0.92" CONTENT="odöpta"/><SP WIDTH="23" VPOS="1164" HPOS="248"/>
							<String ID="string_333" HPOS="271" VPOS="1171" WIDTH="106" HEIGHT="22" WC="0.95" CONTENT="personer."/><SP WIDTH="29" VPOS="1171" HPOS="377"/>
							<String ID="string_334" HPOS="406" VPOS="1164" WIDTH="52" HEIGHT="22" WC="0.95" CONTENT="Men"/><SP WIDTH="15" VPOS="1164" HPOS="458"/>
							<String ID="string_335" HPOS="473" VPOS="1165" WIDTH="67" HEIGHT="28" WC="0.95" CONTENT="enligt"/><SP WIDTH="14" VPOS="1165" HPOS="540"/>
							<String ID="string_336" HPOS="554" VPOS="1166" WIDTH="42" HEIGHT="20" WC="0.93" CONTENT="min"/><SP WIDTH="17" VPOS="1166" HPOS="596"/>
							<String ID="string_337" HPOS="613" VPOS="1164" WIDTH="54" HEIGHT="28" WC="0.90" CONTENT="åsigt"/><SP WIDTH="15" VPOS="1164" HPOS="667"/>
							<String ID="string_338" HPOS="682" VPOS="1166" WIDTH="36" HEIGHT="20" WC="0.95" CONTENT="äro"/><SP WIDTH="15" VPOS="1166" HPOS="718"/>
							<String ID="string_339" HPOS="733" VPOS="1166" WIDTH="141" HEIGHT="27" WC="0.96" CONTENT="premisserna"/><SP WIDTH="15" VPOS="1166" HPOS="874"/>
							<String ID="string_340" HPOS="889" VPOS="1165" WIDTH="96" HEIGHT="28" WC="0.96" CONTENT="oriktiga."/>
						</TextLine>
						<TextLine ID="line_34" HPOS="169" VPOS="1193" WIDTH="816" HEIGHT="29">
							<String ID="string_341" HPOS="169" VPOS="1193" WIDTH="44" HEIGHT="21" WC="0.96" CONTENT="Det"/><SP WIDTH="14" VPOS="1193" HPOS="213"/>
							<String ID="string_342" HPOS="227" VPOS="1194" WIDTH="67" HEIGHT="20" WC="0.93" CONTENT="finnes"/><SP WIDTH="16" VPOS="1194" HPOS="294"/>
							<String ID="string_343" HPOS="310" VPOS="1193" WIDTH="135" HEIGHT="28" WC="0.92" CONTENT="ingenstädes"/><SP WIDTH="16" VPOS="1193" HPOS="445"/>
							<String ID="string_344" HPOS="461" VPOS="1197" WIDTH="31" HEIGHT="17" WC="0.96" CONTENT="ett"/><SP WIDTH="13" VPOS="1197" HPOS="492"/>
							<String ID="string_345" HPOS="505" VPOS="1193" WIDTH="117" HEIGHT="29" WC="0.96" CONTENT="stadgande"/><SP WIDTH="15" VPOS="1193" HPOS="622"/>
							<String ID="string_346" HPOS="637" VPOS="1194" WIDTH="78" HEIGHT="24" WC="0.96" CONTENT="derom,"/><SP WIDTH="15" VPOS="1194" HPOS="715"/>
							<String ID="string_347" HPOS="730" VPOS="1196" WIDTH="31" HEIGHT="18" WC="0.96" CONTENT="att"/><SP WIDTH="12" VPOS="1196" HPOS="761"/>
							<String ID="string_348" HPOS="773" VPOS="1193" WIDTH="108" HEIGHT="22" WC="0.92" CONTENT="lutherska"/><SP WIDTH="27" VPOS="1193" HPOS="881"/>
							<String ID="string_349" HPOS="908" VPOS="1197" WIDTH="77" HEIGHT="17" WC="0.90" CONTENT="prester-"/>
						</TextLine>
						<TextLine ID="line_35" HPOS="169" VPOS="1221" WIDTH="816" HEIGHT="29">
							<String ID="string_350" HPOS="169" VPOS="1222" WIDTH="76" HEIGHT="28" WC="0.96" CONTENT="skapet"/><SP WIDTH="16" VPOS="1222" HPOS="245"/>
							<String ID="string_351" HPOS="261" VPOS="1221" WIDTH="75" HEIGHT="22" WC="0.95" CONTENT="endast"/><SP WIDTH="14" VPOS="1221" HPOS="336"/>
							<String ID="string_352" HPOS="350" VPOS="1222" WIDTH="55" HEIGHT="21" WC="0.96" CONTENT="hade"/><SP WIDTH="15" VPOS="1222" HPOS="405"/>
							<String ID="string_353" HPOS="420" VPOS="1225" WIDTH="31" HEIGHT="18" WC="0.96" CONTENT="att"/><SP WIDTH="14" VPOS="1225" HPOS="451"/>
							<String ID="string_354" HPOS="465" VPOS="1222" WIDTH="112" HEIGHT="22" WC="0.96" CONTENT="förteckna"/><SP WIDTH="14" VPOS="1222" HPOS="577"/>
							<String ID="string_355" HPOS="591" VPOS="1223" WIDTH="32" HEIGHT="20" WC="0.96" CONTENT="sin"/><SP WIDTH="14" VPOS="1223" HPOS="623"/>
							<String ID="string_356" HPOS="637" VPOS="1230" WIDTH="52" HEIGHT="20" WC="0.96" CONTENT="egen"/><SP WIDTH="11" VPOS="1230" HPOS="689"/>
							<String ID="string_357" HPOS="700" VPOS="1222" WIDTH="134" HEIGHT="27" WC="0.95" CONTENT="församlings"/><SP WIDTH="10" VPOS="1222" HPOS="834"/>
							<String ID="string_358" HPOS="844" VPOS="1222" WIDTH="141" HEIGHT="21" WC="0.96" CONTENT="medlemmar."/>
						</TextLine>
						<TextLine ID="line_36" HPOS="166" VPOS="1250" WIDTH="819" HEIGHT="29">
							<String ID="string_359" HPOS="166" VPOS="1250" WIDTH="42" HEIGHT="28" WC="0.96" CONTENT="Jag"/><SP WIDTH="24" VPOS="1250" HPOS="208"/>
							<String ID="string_360" HPOS="232" VPOS="1251" WIDTH="37" HEIGHT="20" WC="0.96" CONTENT="ber"/><SP WIDTH="21" VPOS="1251" HPOS="269"/>
							<String ID="string_361" HPOS="290" VPOS="1254" WIDTH="30" HEIGHT="17" WC="0.96" CONTENT="att"/><SP WIDTH="22" VPOS="1254" HPOS="320"/>
							<String ID="string_362" HPOS="342" VPOS="1252" WIDTH="56" HEIGHT="19" WC="0.96" CONTENT="ännu"/><SP WIDTH="23" VPOS="1252" HPOS="398"/>
							<String ID="string_363" HPOS="421" VPOS="1258" WIDTH="26" HEIGHT="14" WC="0.96" CONTENT="en"/><SP WIDTH="22" VPOS="1258" HPOS="447"/>
							<String ID="string_364" HPOS="469" VPOS="1250" WIDTH="56" HEIGHT="29" WC="0.96" CONTENT="gång"/><SP WIDTH="19" VPOS="1250" HPOS="525"/>
							<String ID="string_365" HPOS="544" VPOS="1251" WIDTH="23" HEIGHT="21" WC="0.93" CONTENT="få"/><SP WIDTH="19" VPOS="1251" HPOS="567"/>
							<String ID="string_366" HPOS="586" VPOS="1251" WIDTH="88" HEIGHT="28" WC="0.92" CONTENT="uppläsa"/><SP WIDTH="15" VPOS="1251" HPOS="674"/>
							<String ID="string_367" HPOS="689" VPOS="1251" WIDTH="64" HEIGHT="21" WC="0.96" CONTENT="slutet"/><SP WIDTH="15" VPOS="1251" HPOS="753"/>
							<String ID="string_368" HPOS="768" VPOS="1250" WIDTH="22" HEIGHT="21" WC="0.96" CONTENT="af"/><SP WIDTH="16" VPOS="1250" HPOS="790"/>
							<String ID="string_369" HPOS="806" VPOS="1251" WIDTH="40" HEIGHT="21" WC="0.93" CONTENT="146"/><SP WIDTH="16" VPOS="1251" HPOS="846"/>
							<String ID="string_370" HPOS="862" VPOS="1252" WIDTH="18" HEIGHT="26" WC="0.92" CONTENT="&amp;,"/><SP WIDTH="16" VPOS="1252" HPOS="880"/>
							<String ID="string_371" HPOS="896" VPOS="1250" WIDTH="38" HEIGHT="22" WC="0.97" CONTENT="der"/><SP WIDTH="14" VPOS="1250" HPOS="934"/>
							<String ID="string_372" HPOS="948" VPOS="1250" WIDTH="37" HEIGHT="22" WC="0.96" CONTENT="det"/>
						</TextLine>
						<TextLine ID="line_37" HPOS="168" VPOS="1279" WIDTH="815" HEIGHT="28">
							<String ID="string_373" HPOS="168" VPOS="1280" WIDTH="70" HEIGHT="27" WC="0.92" CONTENT="säges:"/><SP WIDTH="29" VPOS="1280" HPOS="238"/>
							<String ID="string_374" HPOS="267" VPOS="1279" WIDTH="81" HEIGHT="22" WC="0.81" CONTENT="»Utom"/><SP WIDTH="14" VPOS="1279" HPOS="348"/>
							<String ID="string_375" HPOS="362" VPOS="1280" WIDTH="60" HEIGHT="20" WC="0.96" CONTENT="dessa"/><SP WIDTH="16" VPOS="1280" HPOS="422"/>
							<String ID="string_376" HPOS="438" VPOS="1280" WIDTH="78" HEIGHT="27" WC="0.96" CONTENT="böcker,"/><SP WIDTH="16" VPOS="1280" HPOS="516"/>
							<String ID="string_377" HPOS="532" VPOS="1280" WIDTH="73" HEIGHT="21" WC="0.96" CONTENT="hvilka"/><SP WIDTH="12" VPOS="1280" HPOS="605"/>
							<String ID="string_378" HPOS="617" VPOS="1282" WIDTH="51" HEIGHT="19" WC="0.96" CONTENT="röra"/><SP WIDTH="11" VPOS="1282" HPOS="668"/>
							<String ID="string_379" HPOS="679" VPOS="1280" WIDTH="169" HEIGHT="27" WC="0.95" CONTENT="församlingens"/><SP WIDTH="11" VPOS="1280" HPOS="848"/>
							<String ID="string_380" HPOS="859" VPOS="1287" WIDTH="54" HEIGHT="20" WC="0.92" CONTENT="egna"/><SP WIDTH="11" VPOS="1287" HPOS="913"/>
							<String ID="string_381" HPOS="924" VPOS="1280" WIDTH="59" HEIGHT="20" WC="0.92" CONTENT="med-"/>
						</TextLine>
						<TextLine ID="line_38" HPOS="168" VPOS="1308" WIDTH="817" HEIGHT="28">
							<String ID="string_382" HPOS="168" VPOS="1308" WIDTH="93" HEIGHT="21" WC="0.95" CONTENT="lemmar"/><SP WIDTH="14" VPOS="1308" HPOS="261"/>
							<String ID="string_383" HPOS="275" VPOS="1308" WIDTH="40" HEIGHT="21" WC="0.95" CONTENT="och"/><SP WIDTH="15" VPOS="1308" HPOS="315"/>
							<String ID="string_384" HPOS="330" VPOS="1308" WIDTH="182" HEIGHT="27" WC="0.96" CONTENT="angelägenheter,"/><SP WIDTH="15" VPOS="1308" HPOS="512"/>
							<String ID="string_385" HPOS="527" VPOS="1308" WIDTH="54" HEIGHT="22" WC="0.96" CONTENT="skall"/><SP WIDTH="15" VPOS="1308" HPOS="581"/>
							<String ID="string_386" HPOS="596" VPOS="1308" WIDTH="147" HEIGHT="28" WC="0.96" CONTENT="kyrkoherden"/><SP WIDTH="13" VPOS="1308" HPOS="743"/>
							<String ID="string_387" HPOS="756" VPOS="1308" WIDTH="46" HEIGHT="20" WC="0.96" CONTENT="föra"/><SP WIDTH="12" VPOS="1308" HPOS="802"/>
							<String ID="string_388" HPOS="814" VPOS="1316" WIDTH="25" HEIGHT="12" WC="0.96" CONTENT="en"/><SP WIDTH="11" VPOS="1316" HPOS="839"/>
							<String ID="string_389" HPOS="850" VPOS="1308" WIDTH="135" HEIGHT="28" WC="0.96" CONTENT="förteckning"/>
						</TextLine>
						<TextLine ID="line_39" HPOS="168" VPOS="1336" WIDTH="817" HEIGHT="28">
							<String ID="string_390" HPOS="168" VPOS="1336" WIDTH="62" HEIGHT="21" WC="0.95" CONTENT="öfver"/><SP WIDTH="15" VPOS="1336" HPOS="230"/>
							<String ID="string_391" HPOS="245" VPOS="1336" WIDTH="27" HEIGHT="21" WC="0.97" CONTENT="de"/><SP WIDTH="15" VPOS="1336" HPOS="272"/>
							<String ID="string_392" HPOS="287" VPOS="1337" WIDTH="56" HEIGHT="20" WC="0.96" CONTENT="inom"/><SP WIDTH="16" VPOS="1337" HPOS="343"/>
							<String ID="string_393" HPOS="359" VPOS="1336" WIDTH="151" HEIGHT="28" WC="0.96" CONTENT="församlingen"/><SP WIDTH="15" VPOS="1336" HPOS="510"/>
							<String ID="string_394" HPOS="525" VPOS="1337" WIDTH="66" HEIGHT="21" WC="0.96" CONTENT="födde"/><SP WIDTH="15" VPOS="1337" HPOS="591"/>
							<String ID="string_395" HPOS="606" VPOS="1337" WIDTH="40" HEIGHT="21" WC="0.96" CONTENT="och"/><SP WIDTH="15" VPOS="1337" HPOS="646"/>
							<String ID="string_396" HPOS="661" VPOS="1337" WIDTH="70" HEIGHT="25" WC="0.93" CONTENT="döpte,"/><SP WIDTH="15" VPOS="1337" HPOS="731"/>
							<String ID="string_397" HPOS="746" VPOS="1336" WIDTH="159" HEIGHT="26" WC="0.92" CONTENT="konfirmerade,"/><SP WIDTH="11" VPOS="1336" HPOS="905"/>
							<String ID="string_398" HPOS="916" VPOS="1337" WIDTH="69" HEIGHT="26" WC="0.96" CONTENT="vigde,"/>
						</TextLine>
						<TextLine ID="line_40" HPOS="167" VPOS="1364" WIDTH="818" HEIGHT="27">
							<String ID="string_399" HPOS="167" VPOS="1364" WIDTH="56" HEIGHT="20" WC="0.96" CONTENT="döde"/><SP WIDTH="22" VPOS="1364" HPOS="223"/>
							<String ID="string_400" HPOS="245" VPOS="1364" WIDTH="40" HEIGHT="21" WC="0.92" CONTENT="och"/><SP WIDTH="24" VPOS="1364" HPOS="285"/>
							<String ID="string_401" HPOS="309" VPOS="1364" WIDTH="100" HEIGHT="26" WC="0.90" CONTENT="begrafne"/><SP WIDTH="23" VPOS="1364" HPOS="409"/>
							<String ID="string_402" HPOS="432" VPOS="1371" WIDTH="106" HEIGHT="20" WC="0.95" CONTENT="personer,"/><SP WIDTH="19" VPOS="1371" HPOS="538"/>
							<String ID="string_403" HPOS="557" VPOS="1364" WIDTH="72" HEIGHT="21" WC="0.96" CONTENT="hvilka"/><SP WIDTH="15" VPOS="1364" HPOS="629"/>
							<String ID="string_404" HPOS="644" VPOS="1364" WIDTH="32" HEIGHT="20" WC="0.96" CONTENT="till"/><SP WIDTH="25" VPOS="1364" HPOS="676"/>
							<String ID="string_405" HPOS="701" VPOS="1364" WIDTH="121" HEIGHT="20" WC="0.96" CONTENT="främmande"/><SP WIDTH="15" VPOS="1364" HPOS="822"/>
							<String ID="string_406" HPOS="837" VPOS="1364" WIDTH="148" HEIGHT="27" WC="0.96" CONTENT="församlingar"/>
						</TextLine>
						<TextLine ID="line_41" HPOS="167" VPOS="1391" WIDTH="816" HEIGHT="29">
							<String ID="string_407" HPOS="167" VPOS="1391" WIDTH="61" HEIGHT="27" WC="0.96" CONTENT="höra;"/><SP WIDTH="23" VPOS="1391" HPOS="228"/>
							<String ID="string_408" HPOS="251" VPOS="1392" WIDTH="38" HEIGHT="20" WC="0.96" CONTENT="och"/><SP WIDTH="20" VPOS="1392" HPOS="289"/>
							<String ID="string_409" HPOS="309" VPOS="1392" WIDTH="83" HEIGHT="27" WC="0.96" CONTENT="åligger"/><SP WIDTH="14" VPOS="1392" HPOS="392"/>
							<String ID="string_410" HPOS="406" VPOS="1392" WIDTH="79" HEIGHT="20" WC="0.96" CONTENT="honom"/><SP WIDTH="16" VPOS="1392" HPOS="485"/>
							<String ID="string_411" HPOS="501" VPOS="1392" WIDTH="36" HEIGHT="27" WC="0.96" CONTENT="för"/><SP WIDTH="14" VPOS="1392" HPOS="537"/>
							<String ID="string_412" HPOS="551" VPOS="1392" WIDTH="67" HEIGHT="28" WC="0.96" CONTENT="öfrigt"/><SP WIDTH="13" VPOS="1392" HPOS="618"/>
							<String ID="string_413" HPOS="631" VPOS="1394" WIDTH="33" HEIGHT="19" WC="0.96" CONTENT="att"/><SP WIDTH="14" VPOS="1394" HPOS="664"/>
							<String ID="string_414" HPOS="678" VPOS="1393" WIDTH="50" HEIGHT="27" WC="0.96" CONTENT="föra"/><SP WIDTH="15" VPOS="1393" HPOS="728"/>
							<String ID="string_415" HPOS="743" VPOS="1392" WIDTH="24" HEIGHT="21" WC="0.96" CONTENT="de"/><SP WIDTH="16" VPOS="1392" HPOS="767"/>
							<String ID="string_416" HPOS="783" VPOS="1392" WIDTH="73" HEIGHT="20" WC="0.92" CONTENT="böcker"/><SP WIDTH="14" VPOS="1392" HPOS="856"/>
							<String ID="string_417" HPOS="870" VPOS="1392" WIDTH="113" HEIGHT="28" WC="0.92" CONTENT="kyrkosty-"/>
						</TextLine>
						<TextLine ID="line_42" HPOS="166" VPOS="1420" WIDTH="818" HEIGHT="29">
							<String ID="string_418" HPOS="166" VPOS="1420" WIDTH="71" HEIGHT="21" WC="0.96" CONTENT="relsen"/><SP WIDTH="20" VPOS="1420" HPOS="237"/>
							<String ID="string_419" HPOS="257" VPOS="1420" WIDTH="125" HEIGHT="28" WC="0.96" CONTENT="ytterligare"/><SP WIDTH="20" VPOS="1420" HPOS="382"/>
							<String ID="string_420" HPOS="402" VPOS="1421" WIDTH="43" HEIGHT="20" WC="0.96" CONTENT="kan"/><SP WIDTH="15" VPOS="1421" HPOS="445"/>
							<String ID="string_421" HPOS="460" VPOS="1420" WIDTH="65" HEIGHT="28" WC="0.96" CONTENT="finna"/><SP WIDTH="15" VPOS="1420" HPOS="525"/>
							<String ID="string_422" HPOS="540" VPOS="1422" WIDTH="28" HEIGHT="26" WC="0.93" CONTENT="af"/><SP WIDTH="12" VPOS="1422" HPOS="568"/>
							<String ID="string_423" HPOS="580" VPOS="1421" WIDTH="96" HEIGHT="27" WC="0.92" CONTENT="behofvet"/><SP WIDTH="11" VPOS="1421" HPOS="676"/>
							<String ID="string_424" HPOS="687" VPOS="1420" WIDTH="135" HEIGHT="29" WC="0.74" CONTENT="päkallade»."/><SP WIDTH="30" VPOS="1420" HPOS="822"/>
							<String ID="string_425" HPOS="852" VPOS="1420" WIDTH="132" HEIGHT="28" WC="0.89" CONTENT="Härigenom"/>
						</TextLine>
						<TextLine ID="line_43" HPOS="168" VPOS="1449" WIDTH="816" HEIGHT="29">
							<String ID="string_426" HPOS="168" VPOS="1450" WIDTH="23" HEIGHT="20" WC="0.96" CONTENT="är"/><SP WIDTH="14" VPOS="1450" HPOS="191"/>
							<String ID="string_427" HPOS="205" VPOS="1449" WIDTH="142" HEIGHT="28" WC="0.93" CONTENT="uttryckligen"/><SP WIDTH="23" VPOS="1449" HPOS="347"/>
							<String ID="string_428" HPOS="370" VPOS="1449" WIDTH="100" HEIGHT="28" WC="0.90" CONTENT="stadgadt"/><SP WIDTH="21" VPOS="1449" HPOS="470"/>
							<String ID="string_429" HPOS="491" VPOS="1452" WIDTH="32" HEIGHT="18" WC="0.93" CONTENT="att"/><SP WIDTH="22" VPOS="1452" HPOS="523"/>
							<String ID="string_430" HPOS="545" VPOS="1450" WIDTH="108" HEIGHT="21" WC="0.92" CONTENT="lutherska"/><SP WIDTH="15" VPOS="1450" HPOS="653"/>
							<String ID="string_431" HPOS="668" VPOS="1450" WIDTH="158" HEIGHT="28" WC="0.92" CONTENT="presterskapet"/><SP WIDTH="15" VPOS="1450" HPOS="826"/>
							<String ID="string_432" HPOS="841" VPOS="1450" WIDTH="41" HEIGHT="20" WC="0.93" CONTENT="kan"/><SP WIDTH="16" VPOS="1450" HPOS="882"/>
							<String ID="string_433" HPOS="898" VPOS="1450" WIDTH="86" HEIGHT="28" WC="0.92" CONTENT="äläggas"/>
						</TextLine>
						<TextLine ID="line_44" HPOS="167" VPOS="1477" WIDTH="818" HEIGHT="30">
							<String ID="string_434" HPOS="167" VPOS="1477" WIDTH="47" HEIGHT="22" WC="0.93" CONTENT="föra"/><SP WIDTH="15" VPOS="1477" HPOS="214"/>
							<String ID="string_435" HPOS="229" VPOS="1478" WIDTH="136" HEIGHT="28" WC="0.92" CONTENT="förteckning"/><SP WIDTH="17" VPOS="1478" HPOS="365"/>
							<String ID="string_436" HPOS="382" VPOS="1480" WIDTH="62" HEIGHT="19" WC="0.96" CONTENT="öfver"/><SP WIDTH="14" VPOS="1480" HPOS="444"/>
							<String ID="string_437" HPOS="458" VPOS="1478" WIDTH="79" HEIGHT="22" WC="0.96" CONTENT="sådana"/><SP WIDTH="15" VPOS="1478" HPOS="537"/>
							<String ID="string_438" HPOS="552" VPOS="1486" WIDTH="105" HEIGHT="21" WC="0.96" CONTENT="personer,"/><SP WIDTH="17" VPOS="1486" HPOS="657"/>
							<String ID="string_439" HPOS="674" VPOS="1486" WIDTH="45" HEIGHT="14" WC="0.93" CONTENT="som"/><SP WIDTH="15" VPOS="1486" HPOS="719"/>
							<String ID="string_440" HPOS="734" VPOS="1479" WIDTH="48" HEIGHT="21" WC="0.96" CONTENT="icke"/><SP WIDTH="16" VPOS="1479" HPOS="782"/>
							<String ID="string_441" HPOS="798" VPOS="1479" WIDTH="120" HEIGHT="28" WC="0.93" CONTENT="egentligen"/><SP WIDTH="16" VPOS="1479" HPOS="918"/>
							<String ID="string_442" HPOS="934" VPOS="1480" WIDTH="51" HEIGHT="20" WC="0.96" CONTENT="höra"/>
						</TextLine>
						<TextLine ID="line_45" HPOS="166" VPOS="1506" WIDTH="257" HEIGHT="29">
							<String ID="string_443" HPOS="166" VPOS="1506" WIDTH="33" HEIGHT="22" WC="0.96" CONTENT="till"/><SP WIDTH="14" VPOS="1506" HPOS="199"/>
							<String ID="string_444" HPOS="213" VPOS="1507" WIDTH="107" HEIGHT="21" WC="0.96" CONTENT="lutherska"/><SP WIDTH="15" VPOS="1507" HPOS="320"/>
							<String ID="string_445" HPOS="335" VPOS="1506" WIDTH="88" HEIGHT="29" WC="0.96" CONTENT="kyrkan."/>
						</TextLine>
					</TextBlock>
				</ComposedBlock>
			</PrintSpace>
		</Page>
	</Layout>
</alto>
