1086 1795
390 127 212 32 Hästutskrifningen.
825 129 53 21 1157

87 203 57 19 emot
163 201 159 28 godkännande
342 201 23 22 af
379 201 123 22 Utskottets
526 202 141 27 betänkande,
689 203 107 28 nämligen
818 203 91 22 framför

87 229 38 21 allt
147 229 41 22 den
210 229 162 28 genomgående
394 229 48 21 idén
459 231 7 20 i
481 230 123 22 Utskottets
628 231 87 27 förslag,
737 232 67 27 enligt
825 231 84 22 hvilket

86 265 47 14 man
156 258 28 27 på
206 258 26 21 de
255 258 135 21 kommunala
410 258 175 28 myndigheterna
601 259 69 21 skulle
685 259 88 22 hvälfva
788 259 37 22 det
839 263 68 18 mesta

86 287 23 20 af
123 285 28 22 de
166 294 114 20 omsorger,
302 295 45 13 som
368 293 50 14 vore
439 287 23 21 af
476 287 70 21 nöden
561 288 34 20 för
610 291 31 17 att
656 287 131 22 tillförsäkra
802 288 104 21 militären

86 315 73 20 hästar
174 315 34 20 för
223 315 130 28 krigsbehof.
382 314 42 29 Jag
446 317 24 19 är
484 315 129 28 fullkomligt
635 323 50 14 ense
701 316 34 21 för
749 317 43 20 min
808 316 35 21 del
857 317 49 20 med

85 343 57 21 Frih.
157 351 43 14 von
215 343 59 21 Born
295 346 32 19 att
349 343 127 22 kommunen
499 344 48 21 icke
568 345 39 20 bör
621 344 28 29 på
665 344 77 21 sådant
757 346 42 19 sätt
814 344 93 22 belastas

85 371 49 22 med
149 380 26 13 en
190 372 161 28 angelägenhet,
366 372 86 21 hvilken
468 372 34 21 för
516 373 48 21 hela
579 373 42 21 den
636 373 135 21 kommunala
779 373 128 22 förvaltnin-

88 408 41 21 gen
152 401 41 22 och
214 401 49 20 dess
278 401 110 28 uppgifter
402 401 6 20 i
424 401 65 28 öfrigt
504 403 23 19 är
541 401 138 22 främmande.
708 401 59 22 Utan
782 404 32 19 att
827 402 39 21 här
878 409 28 14 nu

86 429 93 22 behöfva
194 429 69 28 ingå
255 425 12 37 i
278 430 74 21 vidare
366 430 128 27 motivering
515 430 66 21 måste
597 431 34 26 jag
646 430 72 21 derför
733 430 65 21 äfven
814 431 34 20 för
863 431 43 20 min

85 457 34 21 del
135 457 96 29 afstyrka
246 457 124 28 Utskottets
385 457 81 28 förslag
481 458 6 20 i
504 457 68 22 denna
587 458 44 21 sak.

153 486 66 21 Hvad
235 486 133 21 vidkommer
383 485 41 22 den
440 486 68 28 fjerde
523 487 165 26 reservationen,
703 494 45 14 som
763 488 24 19 är
797 486 66 29 fogad
873 487 33 21 till

85 515 145 21 betänkandet
244 515 41 21 och
299 522 46 13 som
360 515 74 21 vunnit
450 515 115 21 understöd
576 515 28 28 på
614 515 59 21 detta
686 523 51 16 rum,
753 515 68 22 skulle
832 515 41 22 den
883 516 22 27 ju

85 543 65 22 hafva
172 543 36 21 det
230 545 58 19 stora
302 543 117 22 företrädet
434 543 24 21 af
472 543 104 26 enkelhet,
598 543 129 22 åtminstone
750 543 45 22 deri
815 547 31 18 att
857 543 48 22 icke

85 571 67 29 några
174 571 114 28 vidlyftiga
311 571 153 29 författningar
484 572 93 21 behöfde
600 572 103 27 utfärdas,
724 579 51 15 vare
791 573 33 28 sig
838 572 70 21 under

85 601 126 21 samverkan
227 601 49 20 med
291 600 119 22 Ständerna
426 601 50 20 eller
491 601 7 20 i
513 601 154 21 administrativ
682 603 47 26 väg,
750 601 34 20 för
804 604 31 19 att
850 603 56 19 sätta

85 633 32 18 ett
131 629 77 22 sådant
222 632 80 25 system
317 630 6 20 i
339 629 61 28 gång.
430 629 52 22 Men
498 629 58 22 detta
571 629 81 29 förslag
667 629 54 22 lider
735 629 22 22 af
772 630 41 21 den
825 630 80 21 bristen

86 661 31 19 att
139 658 36 21 det
198 657 48 22 icke
269 658 88 21 innebär
375 658 71 28 någon
460 658 115 29 tillräcklig
589 659 84 27 garanti
688 659 34 20 för
738 658 113 22 behofvets
866 659 40 28 fyl-

86 687 68 22 lande.
176 687 82 21 Hvilka
273 687 143 28 förpligtelser
431 689 26 19 än
472 694 76 21 genom
563 687 27 21 de
606 687 88 21 militära
711 687 51 21 eller
772 687 134 21 administra-

84 717 45 20 tiva
151 715 187 29 myndigheternas
361 716 84 27 försorg
459 715 71 22 kunde
545 717 84 20 komma
645 719 31 18 att
690 717 7 20 i
713 716 128 21 kontrakten
857 716 49 21 med

85 745 139 27 hästegarene
239 745 87 25 införas,
349 744 24 22 så
394 745 69 20 skulle
482 745 56 21 dock
553 752 26 13 en
595 745 86 28 mycket
695 747 44 18 stor
754 745 35 20 del
805 745 102 21 kontrakt

86 773 67 21 blifva
168 773 118 28 ouppfylda
301 773 43 28 just
359 774 6 20 i
381 773 37 21 det
433 776 99 22 moment,
547 773 28 21 då
590 773 37 21 det
641 773 66 28 gäller
722 775 31 19 att
767 773 24 21 få
806 773 99 21 hästarne

85 801 129 22 levererade.
244 802 42 21 Om
302 801 41 22 ock
358 801 64 28 detta,
440 801 48 22 med
504 801 120 22 kännedom
641 809 34 14 om
690 801 41 22 den
747 801 95 22 rådande
857 801 48 21 red-

85 830 94 28 ligheten
194 831 7 20 i
216 829 48 22 vårt
279 830 56 26 land,
350 830 47 21 icke
407 830 104 21 behöfver
523 830 47 21 med
582 830 81 21 visshet
674 830 91 26 befaras,
775 830 24 21 så
809 832 24 19 är
843 829 63 26 dock,

84 859 114 21 teoretiskt
212 859 74 25 taladt,
308 858 37 22 det
366 858 120 28 antagande
502 859 134 28 berättigadt,
656 861 31 19 att
702 866 26 14 en
744 859 35 21 hel
793 859 43 28 hop
851 858 54 22 kon-

85 888 57 20 trakt
156 887 84 22 komme
257 890 30 18 att
302 888 78 21 svikas.
401 887 43 21 För
459 887 71 28 öfrigt,
545 887 40 21 och
600 887 121 21 oberoende
736 887 23 21 af
773 887 71 21 denna
855 895 50 21 syn-

85 916 74 29 punkt,
180 916 24 22 så
222 916 39 21 har
279 916 36 28 jag
330 916 65 28 något
409 916 61 21 svårt
484 919 31 18 att
527 916 54 21 fatta
596 916 42 21 den
653 916 142 28 oeftergifliga
810 916 95 21 nödvän-

86 945 100 28 digheten
201 945 60 21 deraf
276 948 31 18 att
321 953 55 18 man,
391 944 55 22 blott
460 944 34 22 för
509 947 31 19 att
554 944 73 28 undgå
642 952 26 14 en
680 945 149 28 organisation,
839 945 66 21 sådan

85 982 46 13 som
146 974 7 21 i
169 974 48 21 nåd.
232 981 59 21 prop.
307 976 23 19 är
345 974 120 27 föreslagen
486 974 41 21 och
548 973 86 22 hvilken
655 974 35 27 jag
704 974 35 20 för
753 974 44 20 min
813 973 34 21 del
862 974 44 21 vis-

85 1003 92 27 serligen
198 1003 49 21 icke
269 1002 68 22 skulle
357 1002 71 21 kunna
452 1002 81 21 biträda
547 1003 7 20 i
570 1002 128 22 oförändrad
721 1002 61 26 form,
802 1010 48 13 men
869 1002 35 21 väl

83 1031 49 22 med
147 1032 27 21 de
188 1031 182 29 genomgripande
391 1030 149 29 förändringar
561 1031 34 21 Hr
611 1031 120 21 Schauman
752 1030 101 28 förordat,
877 1044 28 2 —

84 1063 31 18 att
129 1068 55 19 man,
199 1062 61 26 säger
274 1061 41 27 jag,
330 1060 68 21 skulle
414 1060 70 21 införa
499 1063 31 18 ett
544 1060 56 28 slags
619 1060 234 28 abonnementssystem
868 1067 38 14 an-

83 1089 83 27 gående
181 1089 77 25 hästar,
277 1096 45 14 som
340 1088 66 22 under
421 1088 98 26 fredstid,
539 1088 82 22 således
637 1089 7 20 i
659 1089 79 27 regeln,
758 1089 47 20 icke
826 1090 36 19 äro
883 1088 24 21 af

83 1117 78 22 nöden.
190 1118 52 20 Man
258 1117 38 21 har
311 1118 47 21 icke
373 1116 66 22 behof
454 1117 23 21 af
492 1120 30 18 att
537 1117 65 21 hafva
613 1120 31 18 ett
654 1118 54 20 visst
719 1117 57 21 antal
788 1116 23 22 af
821 1117 83 21 landets

83 1146 79 26 hästar,
177 1153 50 14 vare
243 1147 34 27 sig
291 1146 125 21 numrerade
432 1146 51 21 eller
498 1147 87 25 märkta,
604 1146 105 21 inskrifna
723 1146 7 20 i
745 1145 93 21 rullorna
854 1145 53 22 eller

83 1174 160 27 kontraherade,
267 1175 34 21 för
324 1177 31 19 att
370 1174 27 21 de
413 1174 51 22 eller
482 1174 61 22 deras
559 1174 130 28 efterföljare
704 1174 61 21 skola
779 1174 67 21 finnas
861 1174 43 21 till-

82 1203 68 22 hands
166 1203 36 22 vid
218 1204 73 28 möjlig
305 1203 149 21 mobilisation.
484 1203 43 21 Det
547 1205 24 19 är
586 1203 47 21 icke
649 1203 23 21 af
687 1202 70 22 nöden
773 1205 31 19 att
819 1204 27 28 på
861 1202 44 22 för-

83 1232 57 22 hand
155 1232 102 22 särskildt
271 1232 81 28 utvälja
366 1232 72 21 hästar
452 1232 35 21 för
502 1232 77 21 sådant
593 1232 99 21 ändamål
709 1232 40 21 och
763 1239 78 20 genom
851 1232 54 20 kon-

82 1262 58 20 trakt
158 1261 66 21 hafva
239 1261 48 21 dem
304 1260 86 22 bundna
404 1261 35 21 för
454 1261 106 21 eventuell
575 1261 148 27 tjenstgöring.
753 1260 52 21 Man
823 1263 36 18 vet
874 1262 33 18 att

82 1290 7 20 i
104 1290 73 21 landet
198 1290 67 21 finnes
289 1297 26 13 en
338 1290 44 20 viss
403 1289 117 26 häststock,
540 1289 131 28 någorlunda
686 1289 66 27 jemnt
764 1288 98 22 fördelad
876 1288 28 28 på

82 1318 153 22 kommunerna
249 1319 7 19 i
272 1318 122 28 proportion
417 1318 32 20 till
472 1317 188 26 invånareantalet,
680 1317 41 21 och
743 1324 49 14 man
814 1320 42 22 vet,
876 1316 29 29 på

83 1346 82 21 hvilket
180 1347 42 20 sätt
237 1346 103 21 behofvet
354 1346 41 21 kan
410 1346 69 27 fyllas,
490 1346 27 21 då
532 1346 37 20 det
585 1346 96 27 plötsligt
695 1345 94 21 stundar.
812 1345 43 21 Det
871 1352 35 20 sy-

82 1383 38 13 nes
143 1374 72 21 derför
237 1382 50 13 vara
310 1378 54 17 mest
386 1374 55 21 klart
464 1373 40 22 och
525 1373 106 29 praktiskt
647 1373 40 22 och
703 1373 72 21 enkelt
790 1376 32 18 att
837 1373 69 21 under

80 1403 91 21 fredstid
194 1402 126 22 föranstalta
343 1403 23 21 så
387 1403 47 20 litet
462 1403 113 26 omgångar
590 1401 41 22 och
646 1409 108 20 omsorger
767 1409 45 14 som
823 1401 83 27 möjligt

81 1431 34 20 för
131 1431 59 20 detta
205 1431 121 20 eventuella
341 1430 71 25 behof,
432 1437 45 13 som
499 1431 41 19 kan
559 1429 105 28 uppträda
679 1430 6 19 i
701 1432 30 17 ett
745 1430 86 27 mycket
845 1429 60 27 långt

82 1459 88 27 aflägset
192 1457 86 29 fjerran,
297 1458 44 21 lika
364 1458 82 27 möjligt
468 1465 46 14 som
536 1457 36 20 det
595 1459 22 18 är
635 1459 32 19 att
683 1457 37 20 det
733 1457 114 27 plötsligen
863 1457 42 20 kan

82 1487 85 21 komma
181 1487 63 21 öfver
266 1493 40 14 oss.
337 1486 49 25 Det,
401 1493 45 14 som
462 1486 7 21 i
485 1485 47 22 nåd.
548 1492 71 21 prop:s
635 1485 81 28 förslag
730 1485 39 21 har
784 1487 59 26 synts
859 1485 45 27 mig

83 1517 64 20 minst
167 1515 124 26 tilltalande,
313 1522 38 14 var
371 1515 59 21 detta
445 1515 13 20 4
474 1515 63 28 Kap.,
558 1521 46 14 som
625 1513 69 22 skulle
714 1515 56 20 sätta
785 1515 7 20 i
806 1513 57 29 gång
878 1521 27 14 en
