1089 1789
219 149 56 22 1044
449 153 24 17 R.
487 158 17 12 o.
516 154 22 17 A.
554 152 55 19 1897.
633 153 24 17 10
669 153 48 20 Maj.

257 222 57 22 Frih.
329 229 50 13 von
400 221 129 21 Alfthan:
559 220 105 27 Orsaken,
680 220 88 21 hvarför
785 219 111 23 Utskottet
911 219 22 21 ät
952 219 59 21 detta

189 250 136 22 betänkande
345 250 64 27 gifvit
430 249 41 21 den
489 249 140 27 formulering
643 249 38 20 det
694 249 61 28 gjort,
771 250 7 19 i
793 251 89 18 motsats
897 248 32 21 till
944 248 67 21 kläm-

188 287 49 14 men
253 280 7 20 i
275 279 159 21 reservationen
444 278 41 21 N:o
496 279 19 25 2,
525 278 38 21 har
575 277 69 22 berott
654 277 71 28 derpä,
736 280 31 19 att
777 277 37 21 det
824 278 67 20 finnes
902 279 31 19 ett
943 277 68 20 flertal

186 308 167 21 restaurationer
376 306 55 21 bäde
452 306 39 21 här
511 307 8 20 i
541 305 75 22 staden
639 306 41 21 och
697 306 149 27 förnämligast
860 306 7 20 i
882 305 129 26 landsorten,

189 336 38 21 der
242 336 69 28 nägon
328 336 23 21 sä
365 335 107 28 väsentlig
487 333 84 23 skilnad
587 335 77 20 mellan
679 335 56 20 olika
751 333 60 22 delar
825 334 23 21 af
862 334 94 21 rörelsen
972 334 38 21 alls

188 365 49 22 icke
256 365 120 25 förefinnes,
395 366 31 18 att
446 363 48 22 icke
516 363 136 28 betjeningen
668 363 68 21 skulle
751 363 73 20 kunna
839 362 109 22 användas
964 361 46 23 dels

185 395 11 19 i
218 393 42 21 den
283 401 45 18 ena,
350 392 45 21 dels
414 393 6 19 i
441 392 41 21 den
506 391 65 22 andra
587 391 154 28 befattningen.
771 391 43 21 Om
830 393 30 18 ett
875 391 77 21 sädant
966 393 45 18 sär-

187 421 107 29 skiljande
309 421 68 21 skulle
393 420 72 21 kunna
480 427 39 20 ega
534 428 52 17 rum,
601 427 45 14 som
662 419 143 22 förekommer
819 419 37 21 vid
867 422 58 18 stora
934 419 77 21 hotell-

187 450 92 21 rörelser
301 450 7 20 i
329 448 167 26 hufvudstaden,
515 448 24 21 sä
560 448 68 21 skulle
643 448 70 20 denna
727 448 131 21 reservation
874 447 41 21 N:o
931 448 12 20 2
959 454 51 14 vara

188 478 50 21 fullt
253 477 125 28 berättigad.
408 477 43 21 Det
467 479 22 18 är
504 476 116 22 emellertid
636 476 76 21 endast
725 477 7 20 i
744 479 31 18 ett
785 476 81 21 mindre
877 476 58 21 antal
945 476 65 20 rörel-

189 514 40 19 ser,
244 506 37 22 der
297 509 30 18 ett
342 505 77 22 sådant
433 505 138 27 särskiljande
587 512 50 20 eger
651 512 52 14 rum.
733 504 42 22 Om
787 512 49 13 man
846 504 83 22 således
939 504 71 21 öfver-

188 535 144 27 hufvudtaget
354 541 61 14 anser
438 534 37 20 det
495 533 94 28 skadligt
609 536 32 18 att
655 533 68 21 tillåta
739 533 141 27 minderåriga
896 535 31 19 att
942 532 68 28 syssla

188 564 48 21 med
259 563 68 29 dylikt
345 562 78 26 arbete,
438 562 24 21 sä
477 562 66 21 mäste
559 570 54 18 man,
628 562 28 21 dä
671 562 36 20 det
722 562 63 20 äfven
801 561 61 21 torde
878 569 51 14 vara
944 562 66 27 omöj-

188 593 39 27 ligt
237 595 32 18 att
278 592 61 21 stifta
349 591 70 21 skilda
429 591 58 27 lagar
497 590 34 21 för
541 590 27 22 de
579 592 66 20 större
656 590 222 21 värdshusrörelserna
889 590 41 21 och
940 590 70 21 skilda

187 621 35 21 för
243 620 26 22 de
284 620 89 25 mindre,
388 619 36 21 vid
440 619 113 21 stiftandet
567 619 24 21 af
605 619 62 27 lagen
682 622 49 25 taga
746 619 83 28 hänsyn
843 619 33 21 till
890 619 42 21 alla
947 618 62 21 dessa

187 649 58 21 olika
260 649 46 27 slag
321 648 22 21 af
357 648 201 21 värdshusrörelser.

257 677 67 22 Hvad
345 684 29 14 nu
390 676 65 22 sedan
471 676 100 21 beträffar
586 676 37 21 det
639 675 130 29 berättigade
779 676 7 20 i
797 683 27 13 en
839 676 59 28 dylik
912 676 98 20 inskrän-

187 706 70 22 kande
279 705 140 29 lagstiftning,
439 705 24 21 sä
478 705 37 21 vill
530 705 35 27 jag
579 704 32 22 till
627 704 48 21 stöd
689 704 35 21 för
739 704 123 22 densamma
876 704 81 26 anföra,
972 707 37 23 att,

188 735 67 28 enligt
273 734 58 22 hvad
348 735 36 27 jag
398 741 77 21 genom
490 733 159 28 förfrågningar
663 733 135 28 personligen
814 733 81 22 kunnat
910 733 99 26 inhemta,

187 764 38 21 det
239 765 23 20 är
276 763 101 28 temligen
393 762 86 21 allmänt
494 765 32 18 att
540 763 79 27 kypare
639 761 57 29 börja
715 762 48 21 med
780 763 37 20 sitt
835 762 72 21 arbete
918 762 6 20 i
935 762 73 20 åldern

188 793 76 21 mellan
281 793 26 20 14
323 792 41 20 och
380 792 26 20 16
422 791 29 21 är.
481 790 42 22 Om
539 790 36 22 det
590 790 66 22 ocksä
671 791 7 20 i
693 790 115 22 allmänhet
823 790 41 21 kan
880 798 62 14 anses
958 798 50 14 vara

187 822 79 28 nyttigt
281 823 31 19 att
326 820 38 22 vid
378 827 57 21 unga
449 819 24 21 är
488 820 59 28 börja
562 819 48 21 med
620 819 99 28 utöfning
730 819 23 21 af
762 819 66 28 nägot
838 819 58 28 yrke,
906 819 25 21 sä
941 818 67 22 mäste

187 850 36 21 väl
238 850 55 21 dock
309 849 59 21 detta
382 848 52 29 yrke
450 849 121 27 inrangeras
587 848 64 21 bland
664 848 27 21 de
702 848 86 28 vädliga
801 848 39 21 och
851 848 158 28 helsoskadliga

186 879 87 28 yrkena,
288 877 101 22 särskildt
403 877 28 29 pä
445 877 69 27 grund
530 877 23 21 af
567 876 36 22 det
614 877 93 26 nattvak,
718 884 45 14 som
775 876 75 22 dervid
861 876 147 22 förekommer.

187 908 44 20 Det
251 914 64 21 synes
330 906 72 21 derför
417 913 52 13 vara
483 906 47 20 skäl
545 908 31 18 att
590 905 34 21 för
639 905 60 21 detta
713 906 100 26 speciella
828 905 53 28 yrke
896 905 66 21 hafva
978 908 30 18 ett

187 935 131 29 nägorlunda
333 937 65 18 annat
413 934 124 28 stadgande,
551 936 27 19 än
593 934 34 20 för
641 934 67 28 yrken
723 935 6 19 i
746 934 120 21 allmänhet.

255 963 42 28 Jag
315 963 37 21 vill
367 970 27 13 nu
410 962 48 21 icke
475 962 72 21 vidare
561 962 66 21 inläta
641 963 44 26 mig
700 962 27 28 pä
743 962 58 21 detta
817 964 67 24 ämne,
899 964 50 19 utan
965 962 43 21 till-

186 992 54 21 låter
262 993 43 26 mig
328 991 75 21 endast
422 991 106 27 tillstyrka
549 990 129 28 antagandet
695 990 23 21 af
733 990 123 21 Utskottets
872 990 135 21 betänkande

186 1020 77 22 sådant
285 1020 37 21 det
344 1019 119 28 föreligger,
485 1019 23 21 så
526 1019 85 28 mycket
626 1026 44 13 mer
685 1026 46 14 som
746 1019 37 21 det
798 1018 76 22 endast
888 1019 39 27 går
941 1022 25 17 ut
980 1019 28 28 på

186 1057 27 13 en
229 1049 98 21 anhållan
342 1055 34 14 om
392 1050 31 19 att
438 1047 119 22 Ständerna
573 1047 64 21 måtte
653 1047 121 28 föreläggas
785 1047 81 28 förslag
876 1048 31 20 till
918 1047 90 28 ändring

186 1078 23 21 af
230 1085 28 13 nu
279 1076 98 29 gällande
393 1076 138 27 stadganden,
547 1076 41 21 och
603 1075 120 22 Ständerna
738 1075 90 27 således,
843 1083 34 14 om
893 1078 31 19 ett
939 1075 69 29 dylikt

186 1105 183 28 ändringsförslag
391 1105 55 20 efter
468 1105 136 28 ompröfning
626 1105 94 20 kommer
742 1105 32 20 till
794 1104 69 27 stånd,
878 1104 42 21 kan
936 1105 72 20 skrida

185 1135 33 20 till
237 1141 26 14 en
284 1133 130 28 granskning
434 1133 23 21 af
471 1133 86 28 frågans
572 1133 64 21 finare
652 1133 94 28 detaljer,
761 1133 73 21 hvilka
848 1134 22 27 ju
886 1133 121 28 egentligen

186 1163 67 21 också
266 1163 51 20 höra
332 1162 33 21 till
380 1164 31 19 ett
425 1169 74 14 senare
515 1161 66 22 skede
597 1161 22 21 af
634 1161 87 28 frågans
737 1161 136 28 behandling.

254 1219 34 21 Hr
309 1218 212 21 Wallensköld:
551 1217 42 28 Jag
614 1217 119 28 medgifver
748 1221 31 18 att
794 1218 38 21 här
846 1218 120 29 föreligger
977 1221 30 18 ett

185 1247 86 29 mycket
285 1247 112 20 ömmande
411 1246 44 21 fall.
484 1246 44 21 Det
544 1248 22 19 är
580 1247 22 27 ju
617 1246 60 21 såväl
691 1254 26 13 ur
731 1247 101 20 moralisk
847 1254 45 14 som
907 1255 26 13 ur
946 1247 61 28 hygi-

186 1276 61 21 enisk
261 1275 109 28 synpunkt
381 1274 117 28 ingalunda
513 1277 31 18 att
553 1274 92 26 förorda,
655 1277 32 18 att
697 1275 113 28 omyndiga
820 1283 102 20 personer
932 1276 74 27 tjenst-

185 1306 52 25 göra
251 1304 28 27 på
294 1303 111 26 värdshus,
420 1303 38 20 der
472 1303 128 28 rusdrycker
615 1303 63 28 säljas
694 1303 41 21 och
750 1303 97 28 förtäras,
858 1311 47 13 men
916 1303 13 22 å
940 1304 66 21 andra

185 1332 61 20 sidan
261 1331 109 20 förefaller
385 1331 37 20 det
437 1332 43 25 mig
495 1331 62 25 dock,
572 1338 45 13 som
633 1338 34 13 om
683 1339 48 12 man
746 1338 78 20 genom
839 1332 130 27 antagandet
983 1333 23 19 af

185 1362 31 18 ett
239 1359 69 28 dylikt
330 1358 115 27 lagförslag
467 1358 68 21 skulle
556 1360 52 26 göra
627 1361 32 18 ett
679 1359 72 20 alltför
773 1358 54 22 stort
841 1359 69 21 inträng
940 1361 8 19 i
964 1359 41 22 den

184 1387 140 22 individuella
338 1386 99 21 friheten.
466 1386 44 21 Det
525 1386 41 21 kan
581 1387 107 27 nämligen
703 1387 134 22 förekomma
852 1387 44 27 fall,
911 1367 29 42 da
949 1395 56 21 unga

184 1423 107 22 personer,
313 1415 49 22 med
384 1415 85 28 mycket
491 1417 45 19 stor
557 1415 69 21 fördel
641 1415 34 21 för
689 1423 63 21 egare
767 1416 24 21 af
805 1416 110 27 värdshus,
930 1417 75 28 tjenst-

184 1447 51 26 göra
251 1445 12 21 å
278 1445 73 28 dylika
366 1444 81 26 ställen,
462 1447 50 18 utan
528 1446 31 19 att
574 1443 73 22 derför
657 1444 28 29 pä
694 1445 66 28 något
770 1447 43 19 sätt
823 1445 93 22 behöfva
928 1446 77 28 sjelfva

184 1477 50 25 taga
249 1473 66 22 skada
331 1473 22 21 af
368 1473 37 21 sitt
419 1473 58 28 yrke.
499 1473 41 28 Jag
554 1473 76 21 tänker
644 1474 44 27 mig
701 1476 15 19 t.
731 1481 32 14 ex.
778 1476 32 19 att
819 1474 186 29 värdshusegare
994 1468 15 39 i

185 1503 57 21 vissa
262 1503 38 20 fall
320 1501 98 22 använda
439 1503 46 19 sina
500 1501 52 21 barn
567 1502 32 20 till
614 1505 32 17 att
661 1502 84 28 betjena
761 1503 26 21 de
803 1503 129 22 besökande.
961 1504 44 21 För

184 1531 72 28 dylika
271 1531 39 21 fall
325 1530 72 22 kunde
411 1538 48 13 man
475 1530 28 21 då
517 1530 64 28 tycka
596 1533 31 19 att
642 1530 37 22 det
693 1538 51 15 vore
759 1532 84 28 obilligt
852 1535 32 18 att
894 1532 110 22 förhindra
