<?xml version="1.0" encoding="UTF-8"?>
<alto xmlns="http://www.loc.gov/standards/alto/ns-v3#" xmlns:xlink="http://www.w3.org/1999/xlink" xmlns:xsi="http://www.w3.org/2001/XMLSchema-instance" xsi:schemaLocation="http://www.loc.gov/standards/alto/ns-v3# http://www.loc.gov/alto/v3/alto-3-0.xsd">
	<Description>
		<MeasurementUnit>pixel</MeasurementUnit>
		<sourceImageInformation>
			<fileName>/tmp/tess_ssk4v6y9_input.PNG</fileName>
		</sourceImageInformation>
		<OCRProcessing ID="OCR_0">
			<ocrProcessingStep>
				<processingSoftware>
					<softwareName>tesseract 5.3.4</softwareName>
				</processingSoftware>
			</ocrProcessingStep>
		</OCRProcessing>
	</Description>
	<Layout>
		<Page WIDTH="1095" HEIGHT="1803" PHYSICAL_IMG_NR="0" ID="page_0">
			<PrintSpace HPOS="0" VPOS="0" WIDTH="1095" HEIGHT="1803">
				<ComposedBlock ID="cblock_0" HPOS="361" VPOS="131" WIDTH="539" HEIGHT="28">
					<TextBlock ID="block_0" HPOS="361" VPOS="131" WIDTH="539" HEIGHT="28">
						<TextLine ID="line_0" HPOS="361" VPOS="131" WIDTH="539" HEIGHT="28">
							<String ID="string_0" HPOS="361" VPOS="137" WIDTH="99" HEIGHT="21" WC="0.96" CONTENT="Register"/><SP WIDTH="13" VPOS="137" HPOS="460"/>
							<String ID="string_1" HPOS="473" VPOS="138" WIDTH="58" HEIGHT="17" WC="0.93" CONTENT="öfver"/><SP WIDTH="11" VPOS="138" HPOS="531"/>
							<String ID="string_2" HPOS="542" VPOS="139" WIDTH="76" HEIGHT="20" WC="0.92" CONTENT="odöpta"/><SP WIDTH="10" VPOS="139" HPOS="618"/>
							<String ID="string_3" HPOS="628" VPOS="138" WIDTH="57" HEIGHT="17" WC="0.96" CONTENT="barn."/><SP WIDTH="162" VPOS="138" HPOS="685"/>
							<String ID="string_4" HPOS="847" VPOS="131" WIDTH="53" HEIGHT="21" WC="0.96" CONTENT="1633"/>
						</TextLine>
					</TextBlock>
				</ComposedBlock>
				<GraphicalElement ID="cblock_1" HPOS="119" VPOS="165" WIDTH="810" HEIGHT="5"></GraphicalElement >
				<ComposedBlock ID="cblock_2" HPOS="113" VPOS="205" WIDTH="820" HEIGHT="484">
					<TextBlock ID="block_1" HPOS="113" VPOS="205" WIDTH="819" HEIGHT="56">
						<TextLine ID="line_1" HPOS="114" VPOS="205" WIDTH="818" HEIGHT="29">
							<String ID="string_5" HPOS="114" VPOS="207" WIDTH="44" HEIGHT="19" WC="0.96" CONTENT="röst"/><SP WIDTH="22" VPOS="207" HPOS="158"/>
							<String ID="string_6" HPOS="180" VPOS="205" WIDTH="47" HEIGHT="21" WC="0.96" CONTENT="med"/><SP WIDTH="23" VPOS="205" HPOS="227"/>
							<String ID="string_7" HPOS="250" VPOS="205" WIDTH="158" HEIGHT="22" WC="0.95" CONTENT="åsidosättande"/><SP WIDTH="22" VPOS="205" HPOS="408"/>
							<String ID="string_8" HPOS="430" VPOS="206" WIDTH="23" HEIGHT="21" WC="0.96" CONTENT="af"/><SP WIDTH="22" VPOS="206" HPOS="453"/>
							<String ID="string_9" HPOS="475" VPOS="214" WIDTH="26" HEIGHT="13" WC="0.95" CONTENT="en"/><SP WIDTH="22" VPOS="214" HPOS="501"/>
							<String ID="string_10" HPOS="523" VPOS="206" WIDTH="40" HEIGHT="28" WC="0.96" CONTENT="lag,"/><SP WIDTH="19" VPOS="206" HPOS="563"/>
							<String ID="string_11" HPOS="582" VPOS="206" WIDTH="86" HEIGHT="21" WC="0.96" CONTENT="hvilken"/><SP WIDTH="17" VPOS="206" HPOS="668"/>
							<String ID="string_12" HPOS="685" VPOS="205" WIDTH="86" HEIGHT="28" WC="0.96" CONTENT="skapats"/><SP WIDTH="15" VPOS="205" HPOS="771"/>
							<String ID="string_13" HPOS="786" VPOS="208" WIDTH="50" HEIGHT="18" WC="0.96" CONTENT="utan"/><SP WIDTH="15" VPOS="208" HPOS="836"/>
							<String ID="string_14" HPOS="851" VPOS="205" WIDTH="81" HEIGHT="21" WC="0.96" CONTENT="minsta"/>
						</TextLine>
						<TextLine ID="line_2" HPOS="113" VPOS="233" WIDTH="259" HEIGHT="28">
							<String ID="string_15" HPOS="113" VPOS="234" WIDTH="82" HEIGHT="27" WC="0.96" CONTENT="hänsyn"/><SP WIDTH="15" VPOS="234" HPOS="195"/>
							<String ID="string_16" HPOS="210" VPOS="233" WIDTH="33" HEIGHT="21" WC="0.96" CONTENT="till"/><SP WIDTH="14" VPOS="233" HPOS="243"/>
							<String ID="string_17" HPOS="257" VPOS="233" WIDTH="53" HEIGHT="22" WC="0.96" CONTENT="hans"/><SP WIDTH="15" VPOS="233" HPOS="310"/>
							<String ID="string_18" HPOS="325" VPOS="236" WIDTH="47" HEIGHT="19" WC="0.95" CONTENT="rätt."/>
						</TextLine>
					</TextBlock>
					<TextBlock ID="block_2" HPOS="114" VPOS="261" WIDTH="819" HEIGHT="228">
						<TextLine ID="line_3" HPOS="182" VPOS="261" WIDTH="751" HEIGHT="29">
							<String ID="string_19" HPOS="182" VPOS="261" WIDTH="12" HEIGHT="22" WC="0.95" CONTENT="I"/><SP WIDTH="23" VPOS="261" HPOS="194"/>
							<String ID="string_20" HPOS="217" VPOS="262" WIDTH="140" HEIGHT="21" WC="0.95" CONTENT="betraktande"/><SP WIDTH="22" VPOS="262" HPOS="357"/>
							<String ID="string_21" HPOS="379" VPOS="263" WIDTH="23" HEIGHT="20" WC="0.96" CONTENT="af"/><SP WIDTH="22" VPOS="263" HPOS="402"/>
							<String ID="string_22" HPOS="424" VPOS="263" WIDTH="37" HEIGHT="20" WC="0.96" CONTENT="allt"/><SP WIDTH="21" VPOS="263" HPOS="461"/>
							<String ID="string_23" HPOS="482" VPOS="263" WIDTH="58" HEIGHT="20" WC="0.96" CONTENT="detta"/><SP WIDTH="16" VPOS="263" HPOS="540"/>
							<String ID="string_24" HPOS="556" VPOS="263" WIDTH="64" HEIGHT="27" WC="0.96" CONTENT="vågar"/><SP WIDTH="13" VPOS="263" HPOS="620"/>
							<String ID="string_25" HPOS="633" VPOS="263" WIDTH="36" HEIGHT="27" WC="0.93" CONTENT="jag"/><SP WIDTH="15" VPOS="263" HPOS="669"/>
							<String ID="string_26" HPOS="684" VPOS="262" WIDTH="108" HEIGHT="21" WC="0.92" CONTENT="vördsamt"/><SP WIDTH="16" VPOS="262" HPOS="792"/>
							<String ID="string_27" HPOS="808" VPOS="262" WIDTH="78" HEIGHT="21" WC="0.96" CONTENT="föreslå"/><SP WIDTH="16" VPOS="262" HPOS="886"/>
							<String ID="string_28" HPOS="902" VPOS="264" WIDTH="31" HEIGHT="19" WC="0.96" CONTENT="att"/>
						</TextLine>
						<TextLine ID="line_4" HPOS="114" VPOS="289" WIDTH="818" HEIGHT="28">
							<String ID="string_29" HPOS="114" VPOS="290" WIDTH="38" HEIGHT="21" WC="0.93" CONTENT="det"/><SP WIDTH="16" VPOS="290" HPOS="152"/>
							<String ID="string_30" HPOS="168" VPOS="289" WIDTH="123" HEIGHT="28" WC="0.91" CONTENT="Höglofliga"/><SP WIDTH="16" VPOS="289" HPOS="291"/>
							<String ID="string_31" HPOS="307" VPOS="289" WIDTH="91" HEIGHT="22" WC="0.92" CONTENT="Ståndet"/><SP WIDTH="14" VPOS="289" HPOS="398"/>
							<String ID="string_32" HPOS="412" VPOS="290" WIDTH="56" HEIGHT="25" WC="0.95" CONTENT="ville,"/><SP WIDTH="14" VPOS="290" HPOS="468"/>
							<String ID="string_33" HPOS="482" VPOS="291" WIDTH="47" HEIGHT="20" WC="0.93" CONTENT="med"/><SP WIDTH="17" VPOS="291" HPOS="529"/>
							<String ID="string_34" HPOS="546" VPOS="290" WIDTH="137" HEIGHT="21" WC="0.92" CONTENT="förkastande"/><SP WIDTH="15" VPOS="290" HPOS="683"/>
							<String ID="string_35" HPOS="698" VPOS="290" WIDTH="23" HEIGHT="20" WC="0.96" CONTENT="af"/><SP WIDTH="13" VPOS="290" HPOS="721"/>
							<String ID="string_36" HPOS="734" VPOS="289" WIDTH="123" HEIGHT="22" WC="0.96" CONTENT="Utskottets"/><SP WIDTH="13" VPOS="289" HPOS="857"/>
							<String ID="string_37" HPOS="870" VPOS="291" WIDTH="62" HEIGHT="24" WC="0.96" CONTENT="kläm,"/>
						</TextLine>
						<TextLine ID="line_5" HPOS="114" VPOS="317" WIDTH="817" HEIGHT="29">
							<String ID="string_38" HPOS="114" VPOS="321" WIDTH="78" HEIGHT="24" WC="0.96" CONTENT="antaga"/><SP WIDTH="24" VPOS="321" HPOS="192"/>
							<String ID="string_39" HPOS="216" VPOS="325" WIDTH="26" HEIGHT="13" WC="0.96" CONTENT="en"/><SP WIDTH="21" VPOS="325" HPOS="242"/>
							<String ID="string_40" HPOS="263" VPOS="318" WIDTH="56" HEIGHT="21" WC="0.96" CONTENT="kläm"/><SP WIDTH="23" VPOS="318" HPOS="319"/>
							<String ID="string_41" HPOS="342" VPOS="319" WIDTH="23" HEIGHT="20" WC="0.95" CONTENT="af"/><SP WIDTH="21" VPOS="319" HPOS="365"/>
							<String ID="string_42" HPOS="386" VPOS="319" WIDTH="93" HEIGHT="27" WC="0.95" CONTENT="följande"/><SP WIDTH="15" VPOS="319" HPOS="479"/>
							<String ID="string_43" HPOS="494" VPOS="318" WIDTH="89" HEIGHT="28" WC="0.93" CONTENT="lydelse:"/><SP WIDTH="18" VPOS="318" HPOS="583"/>
							<String ID="string_44" HPOS="601" VPOS="319" WIDTH="51" HEIGHT="20" WC="0.89" CONTENT="»Att"/><SP WIDTH="15" VPOS="319" HPOS="652"/>
							<String ID="string_45" HPOS="667" VPOS="318" WIDTH="133" HEIGHT="27" WC="0.96" CONTENT="Regeringen"/><SP WIDTH="16" VPOS="318" HPOS="800"/>
							<String ID="string_46" HPOS="816" VPOS="318" WIDTH="47" HEIGHT="21" WC="0.94" CONTENT="med"/><SP WIDTH="21" VPOS="318" HPOS="863"/>
							<String ID="string_47" HPOS="884" VPOS="317" WIDTH="47" HEIGHT="22" WC="0.94" CONTENT="stöd"/>
						</TextLine>
						<TextLine ID="line_6" HPOS="114" VPOS="346" WIDTH="817" HEIGHT="28">
							<String ID="string_48" HPOS="114" VPOS="347" WIDTH="24" HEIGHT="20" WC="0.93" CONTENT="af"/><SP WIDTH="21" VPOS="347" HPOS="138"/>
							<String ID="string_49" HPOS="159" VPOS="346" WIDTH="142" HEIGHT="28" WC="0.92" CONTENT="kyrkolagens"/><SP WIDTH="24" VPOS="346" HPOS="301"/>
							<String ID="string_50" HPOS="325" VPOS="347" WIDTH="39" HEIGHT="21" WC="0.93" CONTENT="146"/><SP WIDTH="13" VPOS="347" HPOS="364"/>
							<String ID="string_51" HPOS="377" VPOS="342" WIDTH="10" HEIGHT="36" WC="0.85" CONTENT="$"/><SP WIDTH="21" VPOS="342" HPOS="387"/>
							<String ID="string_52" HPOS="408" VPOS="347" WIDTH="50" HEIGHT="20" WC="0.96" CONTENT="ville"/><SP WIDTH="18" VPOS="347" HPOS="458"/>
							<String ID="string_53" HPOS="476" VPOS="347" WIDTH="74" HEIGHT="27" WC="0.96" CONTENT="ålägga"/><SP WIDTH="17" VPOS="347" HPOS="550"/>
							<String ID="string_54" HPOS="567" VPOS="346" WIDTH="132" HEIGHT="28" WC="0.96" CONTENT="kyrkoherde"/><SP WIDTH="17" VPOS="346" HPOS="699"/>
							<String ID="string_55" HPOS="716" VPOS="347" WIDTH="5" HEIGHT="19" WC="0.96" CONTENT="i"/><SP WIDTH="20" VPOS="347" HPOS="721"/>
							<String ID="string_56" HPOS="741" VPOS="346" WIDTH="40" HEIGHT="20" WC="0.93" CONTENT="den"/><SP WIDTH="18" VPOS="346" HPOS="781"/>
							<String ID="string_57" HPOS="799" VPOS="346" WIDTH="132" HEIGHT="27" WC="0.92" CONTENT="evangelisk-"/>
						</TextLine>
						<TextLine ID="line_7" HPOS="115" VPOS="374" WIDTH="817" HEIGHT="29">
							<String ID="string_58" HPOS="115" VPOS="374" WIDTH="108" HEIGHT="21" WC="0.39" CONTENT="lutherska"/><SP WIDTH="26" VPOS="374" HPOS="223"/>
							<String ID="string_59" HPOS="249" VPOS="374" WIDTH="80" HEIGHT="29" WC="0.96" CONTENT="kyrkan"/><SP WIDTH="23" VPOS="374" HPOS="329"/>
							<String ID="string_60" HPOS="352" VPOS="378" WIDTH="32" HEIGHT="18" WC="0.96" CONTENT="att"/><SP WIDTH="20" VPOS="378" HPOS="384"/>
							<String ID="string_61" HPOS="404" VPOS="375" WIDTH="61" HEIGHT="21" WC="0.93" CONTENT="öfver"/><SP WIDTH="21" VPOS="375" HPOS="465"/>
							<String ID="string_62" HPOS="486" VPOS="375" WIDTH="77" HEIGHT="28" WC="0.92" CONTENT="odöpta"/><SP WIDTH="23" VPOS="375" HPOS="563"/>
							<String ID="string_63" HPOS="586" VPOS="382" WIDTH="106" HEIGHT="21" WC="0.96" CONTENT="personer,"/><SP WIDTH="24" VPOS="382" HPOS="692"/>
							<String ID="string_64" HPOS="716" VPOS="382" WIDTH="45" HEIGHT="13" WC="0.96" CONTENT="som"/><SP WIDTH="22" VPOS="382" HPOS="761"/>
							<String ID="string_65" HPOS="783" VPOS="375" WIDTH="48" HEIGHT="21" WC="0.94" CONTENT="icke"/><SP WIDTH="17" VPOS="375" HPOS="831"/>
							<String ID="string_66" HPOS="848" VPOS="374" WIDTH="84" HEIGHT="22" WC="0.96" CONTENT="tillhöra"/>
						</TextLine>
						<TextLine ID="line_8" HPOS="114" VPOS="403" WIDTH="818" HEIGHT="29">
							<String ID="string_67" HPOS="114" VPOS="403" WIDTH="67" HEIGHT="28" WC="0.96" CONTENT="något"/><SP WIDTH="21" VPOS="403" HPOS="181"/>
							<String ID="string_68" HPOS="202" VPOS="403" WIDTH="132" HEIGHT="21" WC="0.93" CONTENT="främmande"/><SP WIDTH="20" VPOS="403" HPOS="334"/>
							<String ID="string_69" HPOS="354" VPOS="403" WIDTH="167" HEIGHT="29" WC="0.90" CONTENT="kyrkosamfund"/><SP WIDTH="22" VPOS="403" HPOS="521"/>
							<String ID="string_70" HPOS="543" VPOS="403" WIDTH="40" HEIGHT="21" WC="0.96" CONTENT="och"/><SP WIDTH="15" VPOS="403" HPOS="583"/>
							<String ID="string_71" HPOS="598" VPOS="406" WIDTH="36" HEIGHT="18" WC="0.96" CONTENT="äro"/><SP WIDTH="16" VPOS="406" HPOS="634"/>
							<String ID="string_72" HPOS="650" VPOS="403" WIDTH="83" HEIGHT="21" WC="0.96" CONTENT="bosatta"/><SP WIDTH="16" VPOS="403" HPOS="733"/>
							<String ID="string_73" HPOS="749" VPOS="404" WIDTH="57" HEIGHT="20" WC="0.96" CONTENT="inom"/><SP WIDTH="14" VPOS="404" HPOS="806"/>
							<String ID="string_74" HPOS="820" VPOS="403" WIDTH="53" HEIGHT="21" WC="0.93" CONTENT="hans"/><SP WIDTH="15" VPOS="403" HPOS="873"/>
							<String ID="string_75" HPOS="888" VPOS="403" WIDTH="44" HEIGHT="21" WC="0.92" CONTENT="för-"/>
						</TextLine>
						<TextLine ID="line_9" HPOS="114" VPOS="432" WIDTH="818" HEIGHT="28">
							<String ID="string_76" HPOS="114" VPOS="432" WIDTH="103" HEIGHT="28" WC="0.96" CONTENT="samlings"/><SP WIDTH="17" VPOS="432" HPOS="217"/>
							<String ID="string_77" HPOS="234" VPOS="432" WIDTH="85" HEIGHT="20" WC="0.96" CONTENT="område"/><SP WIDTH="15" VPOS="432" HPOS="319"/>
							<String ID="string_78" HPOS="334" VPOS="432" WIDTH="46" HEIGHT="21" WC="0.96" CONTENT="föra"/><SP WIDTH="17" VPOS="432" HPOS="380"/>
							<String ID="string_79" HPOS="397" VPOS="432" WIDTH="94" HEIGHT="28" WC="0.95" CONTENT="offentlig"/><SP WIDTH="14" VPOS="432" HPOS="491"/>
							<String ID="string_80" HPOS="505" VPOS="432" WIDTH="141" HEIGHT="28" WC="0.96" CONTENT="förteckning,"/><SP WIDTH="15" VPOS="432" HPOS="646"/>
							<String ID="string_81" HPOS="661" VPOS="432" WIDTH="135" HEIGHT="28" WC="0.95" CONTENT="upptagande"/><SP WIDTH="17" VPOS="432" HPOS="796"/>
							<String ID="string_82" HPOS="813" VPOS="432" WIDTH="61" HEIGHT="21" WC="0.93" CONTENT="dessa"/><SP WIDTH="11" VPOS="432" HPOS="874"/>
							<String ID="string_83" HPOS="885" VPOS="439" WIDTH="47" HEIGHT="21" WC="0.90" CONTENT="per-"/>
						</TextLine>
						<TextLine ID="line_10" HPOS="114" VPOS="460" WIDTH="751" HEIGHT="29">
							<String ID="string_84" HPOS="114" VPOS="467" WIDTH="74" HEIGHT="15" WC="0.92" CONTENT="soners"/><SP WIDTH="16" VPOS="467" HPOS="188"/>
							<String ID="string_85" HPOS="204" VPOS="460" WIDTH="65" HEIGHT="24" WC="0.93" CONTENT="ålder,"/><SP WIDTH="16" VPOS="460" HPOS="269"/>
							<String ID="string_86" HPOS="285" VPOS="460" WIDTH="62" HEIGHT="28" WC="0.92" CONTENT="frejd,"/><SP WIDTH="15" VPOS="460" HPOS="347"/>
							<String ID="string_87" HPOS="362" VPOS="460" WIDTH="137" HEIGHT="29" WC="0.92" CONTENT="skyldskaps-"/><SP WIDTH="15" VPOS="460" HPOS="499"/>
							<String ID="string_88" HPOS="514" VPOS="461" WIDTH="40" HEIGHT="21" WC="0.93" CONTENT="och"/><SP WIDTH="15" VPOS="461" HPOS="554"/>
							<String ID="string_89" HPOS="569" VPOS="460" WIDTH="296" HEIGHT="29" WC="0.88" CONTENT="äktenskapsförhällanden»."/>
						</TextLine>
					</TextBlock>
					<TextBlock ID="block_3" HPOS="113" VPOS="489" WIDTH="819" HEIGHT="200">
						<TextLine ID="line_11" HPOS="187" VPOS="489" WIDTH="745" HEIGHT="29">
							<String ID="string_90" HPOS="187" VPOS="489" WIDTH="37" HEIGHT="21" WC="0.96" CONTENT="Uti"/><SP WIDTH="25" VPOS="489" HPOS="224"/>
							<String ID="string_91" HPOS="249" VPOS="489" WIDTH="69" HEIGHT="21" WC="0.96" CONTENT="denna"/><SP WIDTH="24" VPOS="489" HPOS="318"/>
							<String ID="string_92" HPOS="342" VPOS="490" WIDTH="55" HEIGHT="20" WC="0.96" CONTENT="kläm"/><SP WIDTH="23" VPOS="490" HPOS="397"/>
							<String ID="string_93" HPOS="420" VPOS="489" WIDTH="61" HEIGHT="28" WC="0.96" CONTENT="ingår"/><SP WIDTH="21" VPOS="489" HPOS="481"/>
							<String ID="string_94" HPOS="502" VPOS="490" WIDTH="123" HEIGHT="28" WC="0.95" CONTENT="visserligen"/><SP WIDTH="17" VPOS="490" HPOS="625"/>
							<String ID="string_95" HPOS="642" VPOS="496" WIDTH="26" HEIGHT="14" WC="0.96" CONTENT="en"/><SP WIDTH="16" VPOS="496" HPOS="668"/>
							<String ID="string_96" HPOS="684" VPOS="489" WIDTH="140" HEIGHT="26" WC="0.96" CONTENT="anakronism,"/><SP WIDTH="16" VPOS="489" HPOS="824"/>
							<String ID="string_97" HPOS="840" VPOS="497" WIDTH="25" HEIGHT="13" WC="0.93" CONTENT="en"/><SP WIDTH="17" VPOS="497" HPOS="865"/>
							<String ID="string_98" HPOS="882" VPOS="496" WIDTH="50" HEIGHT="14" WC="0.91" CONTENT="ana-"/>
						</TextLine>
						<TextLine ID="line_12" HPOS="115" VPOS="518" WIDTH="817" HEIGHT="28">
							<String ID="string_99" HPOS="115" VPOS="518" WIDTH="101" HEIGHT="25" WC="0.90" CONTENT="kronism,"/><SP WIDTH="25" VPOS="518" HPOS="216"/>
							<String ID="string_100" HPOS="241" VPOS="525" WIDTH="44" HEIGHT="14" WC="0.96" CONTENT="som"/><SP WIDTH="26" VPOS="525" HPOS="285"/>
							<String ID="string_101" HPOS="311" VPOS="518" WIDTH="115" HEIGHT="22" WC="0.93" CONTENT="emellertid"/><SP WIDTH="22" VPOS="518" HPOS="426"/>
							<String ID="string_102" HPOS="448" VPOS="520" WIDTH="23" HEIGHT="19" WC="0.96" CONTENT="är"/><SP WIDTH="19" VPOS="520" HPOS="471"/>
							<String ID="string_103" HPOS="490" VPOS="526" WIDTH="122" HEIGHT="20" WC="0.95" CONTENT="gemensam"/><SP WIDTH="17" VPOS="526" HPOS="612"/>
							<String ID="string_104" HPOS="629" VPOS="518" WIDTH="34" HEIGHT="20" WC="0.95" CONTENT="för"/><SP WIDTH="21" VPOS="518" HPOS="663"/>
							<String ID="string_105" HPOS="684" VPOS="518" WIDTH="121" HEIGHT="22" WC="0.96" CONTENT="Utskottets"/><SP WIDTH="23" VPOS="518" HPOS="805"/>
							<String ID="string_106" HPOS="828" VPOS="520" WIDTH="40" HEIGHT="20" WC="0.96" CONTENT="och"/><SP WIDTH="21" VPOS="520" HPOS="868"/>
							<String ID="string_107" HPOS="889" VPOS="518" WIDTH="43" HEIGHT="21" WC="0.96" CONTENT="min"/>
						</TextLine>
						<TextLine ID="line_13" HPOS="115" VPOS="546" WIDTH="817" HEIGHT="28">
							<String ID="string_108" HPOS="115" VPOS="546" WIDTH="61" HEIGHT="22" WC="0.68" CONTENT="kläm."/><SP WIDTH="27" VPOS="546" HPOS="176"/>
							<String ID="string_109" HPOS="203" VPOS="546" WIDTH="46" HEIGHT="21" WC="0.93" CONTENT="Här"/><SP WIDTH="15" VPOS="546" HPOS="249"/>
							<String ID="string_110" HPOS="264" VPOS="546" WIDTH="53" HEIGHT="21" WC="0.95" CONTENT="talas"/><SP WIDTH="16" VPOS="546" HPOS="317"/>
							<String ID="string_111" HPOS="333" VPOS="554" WIDTH="34" HEIGHT="14" WC="0.93" CONTENT="om"/><SP WIDTH="16" VPOS="554" HPOS="367"/>
							<String ID="string_112" HPOS="383" VPOS="546" WIDTH="275" HEIGHT="28" WC="0.92" CONTENT="äktenskapsförhällanden"/><SP WIDTH="15" VPOS="546" HPOS="658"/>
							<String ID="string_113" HPOS="673" VPOS="546" WIDTH="76" HEIGHT="21" WC="0.93" CONTENT="mellan"/><SP WIDTH="12" VPOS="546" HPOS="749"/>
							<String ID="string_114" HPOS="761" VPOS="546" WIDTH="83" HEIGHT="28" WC="0.92" CONTENT="odöpta."/><SP WIDTH="15" VPOS="546" HPOS="844"/>
							<String ID="string_115" HPOS="859" VPOS="546" WIDTH="73" HEIGHT="28" WC="0.96" CONTENT="Något"/>
						</TextLine>
						<TextLine ID="line_14" HPOS="115" VPOS="574" WIDTH="817" HEIGHT="29">
							<String ID="string_116" HPOS="115" VPOS="574" WIDTH="77" HEIGHT="22" WC="0.96" CONTENT="sådant"/><SP WIDTH="16" VPOS="574" HPOS="192"/>
							<String ID="string_117" HPOS="208" VPOS="575" WIDTH="40" HEIGHT="21" WC="0.96" CONTENT="kan"/><SP WIDTH="17" VPOS="575" HPOS="248"/>
							<String ID="string_118" HPOS="265" VPOS="575" WIDTH="133" HEIGHT="28" WC="0.96" CONTENT="naturligtvis"/><SP WIDTH="11" VPOS="575" HPOS="398"/>
							<String ID="string_119" HPOS="409" VPOS="575" WIDTH="35" HEIGHT="21" WC="0.96" CONTENT="vid"/><SP WIDTH="11" VPOS="575" HPOS="444"/>
							<String ID="string_120" HPOS="455" VPOS="575" WIDTH="123" HEIGHT="21" WC="0.93" CONTENT="nuvarande"/><SP WIDTH="10" VPOS="575" HPOS="578"/>
							<String ID="string_121" HPOS="588" VPOS="575" WIDTH="191" HEIGHT="28" WC="0.90" CONTENT="lagbestämningar"/><SP WIDTH="11" VPOS="575" HPOS="779"/>
							<String ID="string_122" HPOS="790" VPOS="575" WIDTH="47" HEIGHT="21" WC="0.95" CONTENT="icke"/><SP WIDTH="11" VPOS="575" HPOS="837"/>
							<String ID="string_123" HPOS="848" VPOS="576" WIDTH="84" HEIGHT="20" WC="0.96" CONTENT="komma"/>
						</TextLine>
						<TextLine ID="line_15" HPOS="114" VPOS="603" WIDTH="818" HEIGHT="29">
							<String ID="string_124" HPOS="114" VPOS="604" WIDTH="7" HEIGHT="20" WC="0.95" CONTENT="i"/><SP WIDTH="17" VPOS="604" HPOS="121"/>
							<String ID="string_125" HPOS="138" VPOS="603" WIDTH="66" HEIGHT="28" WC="0.96" CONTENT="fråga,"/><SP WIDTH="16" VPOS="603" HPOS="204"/>
							<String ID="string_126" HPOS="220" VPOS="611" WIDTH="46" HEIGHT="13" WC="0.96" CONTENT="men"/><SP WIDTH="16" VPOS="611" HPOS="266"/>
							<String ID="string_127" HPOS="282" VPOS="604" WIDTH="35" HEIGHT="27" WC="0.96" CONTENT="jag"/><SP WIDTH="15" VPOS="604" HPOS="317"/>
							<String ID="string_128" HPOS="332" VPOS="611" WIDTH="62" HEIGHT="13" WC="0.96" CONTENT="anser"/><SP WIDTH="14" VPOS="611" HPOS="394"/>
							<String ID="string_129" HPOS="408" VPOS="604" WIDTH="36" HEIGHT="20" WC="0.95" CONTENT="det"/><SP WIDTH="14" VPOS="604" HPOS="444"/>
							<String ID="string_130" HPOS="458" VPOS="604" WIDTH="48" HEIGHT="21" WC="0.96" CONTENT="icke"/><SP WIDTH="15" VPOS="604" HPOS="506"/>
							<String ID="string_131" HPOS="521" VPOS="604" WIDTH="108" HEIGHT="28" WC="0.96" CONTENT="olämpligt"/><SP WIDTH="16" VPOS="604" HPOS="629"/>
							<String ID="string_132" HPOS="645" VPOS="607" WIDTH="30" HEIGHT="17" WC="0.96" CONTENT="att"/><SP WIDTH="14" VPOS="607" HPOS="675"/>
							<String ID="string_133" HPOS="689" VPOS="605" WIDTH="51" HEIGHT="26" WC="0.96" CONTENT="göra"/><SP WIDTH="15" VPOS="605" HPOS="740"/>
							<String ID="string_134" HPOS="755" VPOS="604" WIDTH="33" HEIGHT="26" WC="0.96" CONTENT="sig"/><SP WIDTH="16" VPOS="604" HPOS="788"/>
							<String ID="string_135" HPOS="804" VPOS="603" WIDTH="84" HEIGHT="29" WC="0.96" CONTENT="skyldig"/><SP WIDTH="12" VPOS="603" HPOS="888"/>
							<String ID="string_136" HPOS="900" VPOS="604" WIDTH="32" HEIGHT="20" WC="0.96" CONTENT="till"/>
						</TextLine>
						<TextLine ID="line_16" HPOS="117" VPOS="632" WIDTH="814" HEIGHT="28">
							<String ID="string_137" HPOS="117" VPOS="639" WIDTH="26" HEIGHT="13" WC="0.96" CONTENT="en"/><SP WIDTH="24" VPOS="639" HPOS="143"/>
							<String ID="string_138" HPOS="167" VPOS="632" WIDTH="66" HEIGHT="21" WC="0.96" CONTENT="sådan"/><SP WIDTH="22" VPOS="632" HPOS="233"/>
							<String ID="string_139" HPOS="255" VPOS="632" WIDTH="141" HEIGHT="26" WC="0.95" CONTENT="anakronism,"/><SP WIDTH="20" VPOS="632" HPOS="396"/>
							<String ID="string_140" HPOS="416" VPOS="632" WIDTH="27" HEIGHT="21" WC="0.96" CONTENT="då"/><SP WIDTH="19" VPOS="632" HPOS="443"/>
							<String ID="string_141" HPOS="462" VPOS="640" WIDTH="48" HEIGHT="13" WC="0.96" CONTENT="man"/><SP WIDTH="16" VPOS="640" HPOS="510"/>
							<String ID="string_142" HPOS="526" VPOS="633" WIDTH="40" HEIGHT="20" WC="0.96" CONTENT="kan"/><SP WIDTH="16" VPOS="633" HPOS="566"/>
							<String ID="string_143" HPOS="582" VPOS="633" WIDTH="81" HEIGHT="27" WC="0.96" CONTENT="hoppas"/><SP WIDTH="16" VPOS="633" HPOS="663"/>
							<String ID="string_144" HPOS="679" VPOS="635" WIDTH="30" HEIGHT="18" WC="0.96" CONTENT="att"/><SP WIDTH="15" VPOS="635" HPOS="709"/>
							<String ID="string_145" HPOS="724" VPOS="632" WIDTH="6" HEIGHT="20" WC="0.96" CONTENT="i"/><SP WIDTH="16" VPOS="632" HPOS="730"/>
							<String ID="string_146" HPOS="746" VPOS="640" WIDTH="26" HEIGHT="13" WC="0.96" CONTENT="en"/><SP WIDTH="15" VPOS="640" HPOS="772"/>
							<String ID="string_147" HPOS="787" VPOS="632" WIDTH="85" HEIGHT="21" WC="0.93" CONTENT="framtid"/><SP WIDTH="16" VPOS="632" HPOS="872"/>
							<String ID="string_148" HPOS="888" VPOS="632" WIDTH="43" HEIGHT="21" WC="0.91" CONTENT="för-"/>
						</TextLine>
						<TextLine ID="line_17" HPOS="113" VPOS="660" WIDTH="492" HEIGHT="29">
							<String ID="string_149" HPOS="113" VPOS="660" WIDTH="128" HEIGHT="22" WC="0.91" CONTENT="hållandena"/><SP WIDTH="15" VPOS="660" HPOS="241"/>
							<String ID="string_150" HPOS="256" VPOS="660" WIDTH="60" HEIGHT="22" WC="0.96" CONTENT="skola"/><SP WIDTH="15" VPOS="660" HPOS="316"/>
							<String ID="string_151" HPOS="331" VPOS="660" WIDTH="91" HEIGHT="28" WC="0.95" CONTENT="gestalta"/><SP WIDTH="14" VPOS="660" HPOS="422"/>
							<String ID="string_152" HPOS="436" VPOS="661" WIDTH="33" HEIGHT="27" WC="0.96" CONTENT="sig"/><SP WIDTH="14" VPOS="661" HPOS="469"/>
							<String ID="string_153" HPOS="483" VPOS="661" WIDTH="122" HEIGHT="28" WC="0.96" CONTENT="lyckligare."/>
						</TextLine>
					</TextBlock>
				</ComposedBlock>
				<ComposedBlock ID="cblock_3" HPOS="111" VPOS="717" WIDTH="821" HEIGHT="826">
					<TextBlock ID="block_4" HPOS="111" VPOS="717" WIDTH="821" HEIGHT="826">
						<TextLine ID="line_18" HPOS="184" VPOS="717" WIDTH="746" HEIGHT="28">
							<String ID="string_154" HPOS="184" VPOS="718" WIDTH="33" HEIGHT="20" WC="0.96" CONTENT="Hr"/><SP WIDTH="21" VPOS="718" HPOS="217"/>
							<String ID="string_155" HPOS="238" VPOS="718" WIDTH="80" HEIGHT="21" WC="0.96" CONTENT="Rein:"/><SP WIDTH="30" VPOS="718" HPOS="318"/>
							<String ID="string_156" HPOS="348" VPOS="718" WIDTH="42" HEIGHT="27" WC="0.96" CONTENT="Jag"/><SP WIDTH="21" VPOS="718" HPOS="390"/>
							<String ID="string_157" HPOS="411" VPOS="720" WIDTH="23" HEIGHT="19" WC="0.96" CONTENT="är"/><SP WIDTH="22" VPOS="720" HPOS="434"/>
							<String ID="string_158" HPOS="456" VPOS="725" WIDTH="49" HEIGHT="14" WC="0.96" CONTENT="ense"/><SP WIDTH="22" VPOS="725" HPOS="505"/>
							<String ID="string_159" HPOS="527" VPOS="718" WIDTH="47" HEIGHT="21" WC="0.96" CONTENT="med"/><SP WIDTH="24" VPOS="718" HPOS="574"/>
							<String ID="string_160" HPOS="598" VPOS="718" WIDTH="40" HEIGHT="20" WC="0.96" CONTENT="den"/><SP WIDTH="23" VPOS="718" HPOS="638"/>
							<String ID="string_161" HPOS="661" VPOS="720" WIDTH="84" HEIGHT="19" WC="0.95" CONTENT="senaste"/><SP WIDTH="22" VPOS="720" HPOS="745"/>
							<String ID="string_162" HPOS="767" VPOS="717" WIDTH="63" HEIGHT="22" WC="0.96" CONTENT="ärade"/><SP WIDTH="20" VPOS="717" HPOS="830"/>
							<String ID="string_163" HPOS="850" VPOS="718" WIDTH="80" HEIGHT="21" WC="0.96" CONTENT="talaren"/>
						</TextLine>
						<TextLine ID="line_19" HPOS="115" VPOS="746" WIDTH="816" HEIGHT="29">
							<String ID="string_164" HPOS="115" VPOS="746" WIDTH="80" HEIGHT="26" WC="0.96" CONTENT="derom,"/><SP WIDTH="16" VPOS="746" HPOS="195"/>
							<String ID="string_165" HPOS="211" VPOS="749" WIDTH="30" HEIGHT="18" WC="0.96" CONTENT="att"/><SP WIDTH="15" VPOS="749" HPOS="241"/>
							<String ID="string_166" HPOS="256" VPOS="747" WIDTH="37" HEIGHT="20" WC="0.96" CONTENT="det"/><SP WIDTH="11" VPOS="747" HPOS="293"/>
							<String ID="string_167" HPOS="304" VPOS="754" WIDTH="51" HEIGHT="14" WC="0.96" CONTENT="vore"/><SP WIDTH="16" VPOS="754" HPOS="355"/>
							<String ID="string_168" HPOS="371" VPOS="747" WIDTH="22" HEIGHT="20" WC="0.96" CONTENT="af"/><SP WIDTH="15" VPOS="747" HPOS="393"/>
							<String ID="string_169" HPOS="408" VPOS="749" WIDTH="76" HEIGHT="19" WC="0.96" CONTENT="största"/><SP WIDTH="17" VPOS="749" HPOS="484"/>
							<String ID="string_170" HPOS="501" VPOS="747" WIDTH="46" HEIGHT="27" WC="0.96" CONTENT="vigt"/><SP WIDTH="14" VPOS="747" HPOS="547"/>
							<String ID="string_171" HPOS="561" VPOS="749" WIDTH="32" HEIGHT="19" WC="0.96" CONTENT="att"/><SP WIDTH="14" VPOS="749" HPOS="593"/>
							<String ID="string_172" HPOS="607" VPOS="746" WIDTH="73" HEIGHT="27" WC="0.93" CONTENT="åtgärd"/><SP WIDTH="12" VPOS="746" HPOS="680"/>
							<String ID="string_173" HPOS="692" VPOS="746" WIDTH="96" HEIGHT="29" WC="0.92" CONTENT="vidtoges"/><SP WIDTH="12" VPOS="746" HPOS="788"/>
							<String ID="string_174" HPOS="800" VPOS="754" WIDTH="32" HEIGHT="13" WC="0.96" CONTENT="om"/><SP WIDTH="10" VPOS="754" HPOS="832"/>
							<String ID="string_175" HPOS="842" VPOS="747" WIDTH="89" HEIGHT="20" WC="0.96" CONTENT="förande"/>
						</TextLine>
						<TextLine ID="line_20" HPOS="114" VPOS="775" WIDTH="816" HEIGHT="28">
							<String ID="string_176" HPOS="114" VPOS="775" WIDTH="23" HEIGHT="21" WC="0.96" CONTENT="af"/><SP WIDTH="15" VPOS="775" HPOS="137"/>
							<String ID="string_177" HPOS="152" VPOS="776" WIDTH="90" HEIGHT="27" WC="0.96" CONTENT="register"/><SP WIDTH="15" VPOS="776" HPOS="242"/>
							<String ID="string_178" HPOS="257" VPOS="775" WIDTH="61" HEIGHT="21" WC="0.93" CONTENT="öfver"/><SP WIDTH="15" VPOS="775" HPOS="318"/>
							<String ID="string_179" HPOS="333" VPOS="775" WIDTH="78" HEIGHT="28" WC="0.92" CONTENT="odöpta"/><SP WIDTH="16" VPOS="775" HPOS="411"/>
							<String ID="string_180" HPOS="427" VPOS="775" WIDTH="50" HEIGHT="21" WC="0.96" CONTENT="barn"/><SP WIDTH="16" VPOS="775" HPOS="477"/>
							<String ID="string_181" HPOS="493" VPOS="775" WIDTH="32" HEIGHT="21" WC="0.96" CONTENT="till"/><SP WIDTH="15" VPOS="775" HPOS="525"/>
							<String ID="string_182" HPOS="540" VPOS="775" WIDTH="108" HEIGHT="21" WC="0.96" CONTENT="lutherska"/><SP WIDTH="14" VPOS="775" HPOS="648"/>
							<String ID="string_183" HPOS="662" VPOS="775" WIDTH="109" HEIGHT="26" WC="0.96" CONTENT="föräldrar,"/><SP WIDTH="15" VPOS="775" HPOS="771"/>
							<String ID="string_184" HPOS="786" VPOS="783" WIDTH="47" HEIGHT="13" WC="0.96" CONTENT="men"/><SP WIDTH="11" VPOS="783" HPOS="833"/>
							<String ID="string_185" HPOS="844" VPOS="776" WIDTH="36" HEIGHT="27" WC="0.96" CONTENT="jag"/><SP WIDTH="10" VPOS="776" HPOS="880"/>
							<String ID="string_186" HPOS="890" VPOS="775" WIDTH="40" HEIGHT="21" WC="0.96" CONTENT="kan"/>
						</TextLine>
						<TextLine ID="line_21" HPOS="115" VPOS="803" WIDTH="815" HEIGHT="28">
							<String ID="string_187" HPOS="115" VPOS="803" WIDTH="87" HEIGHT="22" WC="0.96" CONTENT="alldeles"/><SP WIDTH="15" VPOS="803" HPOS="202"/>
							<String ID="string_188" HPOS="217" VPOS="803" WIDTH="48" HEIGHT="22" WC="0.96" CONTENT="icke"/><SP WIDTH="16" VPOS="803" HPOS="265"/>
							<String ID="string_189" HPOS="281" VPOS="804" WIDTH="74" HEIGHT="21" WC="0.96" CONTENT="förena"/><SP WIDTH="15" VPOS="804" HPOS="355"/>
							<String ID="string_190" HPOS="370" VPOS="805" WIDTH="42" HEIGHT="26" WC="0.96" CONTENT="mig"/><SP WIDTH="15" VPOS="805" HPOS="412"/>
							<String ID="string_191" HPOS="427" VPOS="804" WIDTH="47" HEIGHT="21" WC="0.96" CONTENT="med"/><SP WIDTH="17" VPOS="804" HPOS="474"/>
							<String ID="string_192" HPOS="491" VPOS="804" WIDTH="39" HEIGHT="21" WC="0.95" CONTENT="den"/><SP WIDTH="17" VPOS="804" HPOS="530"/>
							<String ID="string_193" HPOS="547" VPOS="804" WIDTH="62" HEIGHT="21" WC="0.95" CONTENT="ärade"/><SP WIDTH="15" VPOS="804" HPOS="609"/>
							<String ID="string_194" HPOS="624" VPOS="804" WIDTH="80" HEIGHT="21" WC="0.93" CONTENT="talaren"/><SP WIDTH="16" VPOS="804" HPOS="704"/>
							<String ID="string_195" HPOS="720" VPOS="804" WIDTH="51" HEIGHT="25" WC="0.92" CONTENT="deri,"/><SP WIDTH="14" VPOS="804" HPOS="771"/>
							<String ID="string_196" HPOS="785" VPOS="807" WIDTH="31" HEIGHT="18" WC="0.96" CONTENT="att"/><SP WIDTH="15" VPOS="807" HPOS="816"/>
							<String ID="string_197" HPOS="831" VPOS="804" WIDTH="37" HEIGHT="21" WC="0.96" CONTENT="det"/><SP WIDTH="12" VPOS="804" HPOS="868"/>
							<String ID="string_198" HPOS="880" VPOS="811" WIDTH="50" HEIGHT="14" WC="0.96" CONTENT="vore"/>
						</TextLine>
						<TextLine ID="line_22" HPOS="114" VPOS="832" WIDTH="817" HEIGHT="29">
							<String ID="string_199" HPOS="114" VPOS="832" WIDTH="119" HEIGHT="21" WC="0.92" CONTENT="önskvärdt"/><SP WIDTH="15" VPOS="832" HPOS="233"/>
							<String ID="string_200" HPOS="248" VPOS="835" WIDTH="31" HEIGHT="19" WC="0.96" CONTENT="att"/><SP WIDTH="15" VPOS="835" HPOS="279"/>
							<String ID="string_201" HPOS="294" VPOS="833" WIDTH="148" HEIGHT="28" WC="0.95" CONTENT="skyldigheten"/><SP WIDTH="16" VPOS="833" HPOS="442"/>
							<String ID="string_202" HPOS="458" VPOS="835" WIDTH="31" HEIGHT="19" WC="0.96" CONTENT="att"/><SP WIDTH="14" VPOS="835" HPOS="489"/>
							<String ID="string_203" HPOS="503" VPOS="833" WIDTH="47" HEIGHT="21" WC="0.96" CONTENT="föra"/><SP WIDTH="15" VPOS="833" HPOS="550"/>
							<String ID="string_204" HPOS="565" VPOS="833" WIDTH="62" HEIGHT="21" WC="0.96" CONTENT="dessa"/><SP WIDTH="15" VPOS="833" HPOS="627"/>
							<String ID="string_205" HPOS="642" VPOS="833" WIDTH="89" HEIGHT="27" WC="0.96" CONTENT="register"/><SP WIDTH="10" VPOS="833" HPOS="731"/>
							<String ID="string_206" HPOS="741" VPOS="833" WIDTH="68" HEIGHT="20" WC="0.93" CONTENT="skulle"/><SP WIDTH="11" VPOS="833" HPOS="809"/>
							<String ID="string_207" HPOS="820" VPOS="832" WIDTH="111" HEIGHT="21" WC="0.90" CONTENT="åhvälfvas"/>
						</TextLine>
						<TextLine ID="line_23" HPOS="114" VPOS="861" WIDTH="818" HEIGHT="28">
							<String ID="string_208" HPOS="114" VPOS="861" WIDTH="38" HEIGHT="21" WC="0.96" CONTENT="det"/><SP WIDTH="21" VPOS="861" HPOS="152"/>
							<String ID="string_209" HPOS="173" VPOS="861" WIDTH="108" HEIGHT="21" WC="0.93" CONTENT="lutherska"/><SP WIDTH="22" VPOS="861" HPOS="281"/>
							<String ID="string_210" HPOS="303" VPOS="861" WIDTH="163" HEIGHT="28" WC="0.92" CONTENT="presterskapet."/><SP WIDTH="29" VPOS="861" HPOS="466"/>
							<String ID="string_211" HPOS="495" VPOS="861" WIDTH="11" HEIGHT="21" WC="0.68" CONTENT="1"/><SP WIDTH="23" VPOS="861" HPOS="506"/>
							<String ID="string_212" HPOS="529" VPOS="861" WIDTH="57" HEIGHT="22" WC="0.96" CONTENT="detta"/><SP WIDTH="22" VPOS="861" HPOS="586"/>
							<String ID="string_213" HPOS="608" VPOS="861" WIDTH="101" HEIGHT="21" WC="0.96" CONTENT="afseende"/><SP WIDTH="22" VPOS="861" HPOS="709"/>
							<String ID="string_214" HPOS="731" VPOS="861" WIDTH="38" HEIGHT="21" WC="0.96" CONTENT="har"/><SP WIDTH="19" VPOS="861" HPOS="769"/>
							<String ID="string_215" HPOS="788" VPOS="861" WIDTH="36" HEIGHT="28" WC="0.96" CONTENT="jag"/><SP WIDTH="20" VPOS="861" HPOS="824"/>
							<String ID="string_216" HPOS="844" VPOS="869" WIDTH="26" HEIGHT="12" WC="0.96" CONTENT="en"/><SP WIDTH="15" VPOS="869" HPOS="870"/>
							<String ID="string_217" HPOS="885" VPOS="864" WIDTH="47" HEIGHT="18" WC="0.96" CONTENT="rent"/>
						</TextLine>
						<TextLine ID="line_24" HPOS="113" VPOS="889" WIDTH="817" HEIGHT="29">
							<String ID="string_218" HPOS="113" VPOS="892" WIDTH="88" HEIGHT="19" WC="0.93" CONTENT="motsatt"/><SP WIDTH="11" VPOS="892" HPOS="201"/>
							<String ID="string_219" HPOS="212" VPOS="889" WIDTH="61" HEIGHT="28" WC="0.92" CONTENT="åsigt."/><SP WIDTH="29" VPOS="889" HPOS="273"/>
							<String ID="string_220" HPOS="302" VPOS="890" WIDTH="41" HEIGHT="27" WC="0.95" CONTENT="Jag"/><SP WIDTH="11" VPOS="890" HPOS="343"/>
							<String ID="string_221" HPOS="354" VPOS="889" WIDTH="82" HEIGHT="29" WC="0.95" CONTENT="hoppas"/><SP WIDTH="11" VPOS="889" HPOS="436"/>
							<String ID="string_222" HPOS="447" VPOS="893" WIDTH="31" HEIGHT="18" WC="0.96" CONTENT="att"/><SP WIDTH="12" VPOS="893" HPOS="478"/>
							<String ID="string_223" HPOS="490" VPOS="889" WIDTH="67" HEIGHT="22" WC="0.96" CONTENT="denna"/><SP WIDTH="10" VPOS="889" HPOS="557"/>
							<String ID="string_224" HPOS="567" VPOS="889" WIDTH="121" HEIGHT="29" WC="0.82" CONTENT="skyldighet"/><SP WIDTH="8" VPOS="889" HPOS="688"/>
							<String ID="string_225" HPOS="696" VPOS="890" WIDTH="46" HEIGHT="21" WC="0.82" CONTENT="icke"/><SP WIDTH="13" VPOS="890" HPOS="742"/>
							<String ID="string_226" HPOS="755" VPOS="889" WIDTH="54" HEIGHT="22" WC="0.93" CONTENT="skall"/><SP WIDTH="10" VPOS="889" HPOS="809"/>
							<String ID="string_227" HPOS="819" VPOS="889" WIDTH="111" HEIGHT="22" WC="0.90" CONTENT="åhvälfvas"/>
						</TextLine>
						<TextLine ID="line_25" HPOS="113" VPOS="917" WIDTH="817" HEIGHT="29">
							<String ID="string_228" HPOS="113" VPOS="918" WIDTH="38" HEIGHT="21" WC="0.96" CONTENT="det"/><SP WIDTH="22" VPOS="918" HPOS="151"/>
							<String ID="string_229" HPOS="173" VPOS="918" WIDTH="108" HEIGHT="21" WC="0.93" CONTENT="lutherska"/><SP WIDTH="19" VPOS="918" HPOS="281"/>
							<String ID="string_230" HPOS="300" VPOS="919" WIDTH="164" HEIGHT="27" WC="0.91" CONTENT="presterskapet,"/><SP WIDTH="14" VPOS="919" HPOS="464"/>
							<String ID="string_231" HPOS="478" VPOS="922" WIDTH="50" HEIGHT="17" WC="0.96" CONTENT="utan"/><SP WIDTH="19" VPOS="922" HPOS="528"/>
							<String ID="string_232" HPOS="547" VPOS="919" WIDTH="95" HEIGHT="20" WC="0.96" CONTENT="kommer"/><SP WIDTH="15" VPOS="919" HPOS="642"/>
							<String ID="string_233" HPOS="657" VPOS="921" WIDTH="30" HEIGHT="18" WC="0.96" CONTENT="att"/><SP WIDTH="15" VPOS="921" HPOS="687"/>
							<String ID="string_234" HPOS="702" VPOS="918" WIDTH="106" HEIGHT="21" WC="0.95" CONTENT="anförtros"/><SP WIDTH="15" VPOS="918" HPOS="808"/>
							<String ID="string_235" HPOS="823" VPOS="917" WIDTH="22" HEIGHT="22" WC="0.96" CONTENT="åt"/><SP WIDTH="15" VPOS="917" HPOS="845"/>
							<String ID="string_236" HPOS="860" VPOS="918" WIDTH="70" HEIGHT="28" WC="0.96" CONTENT="någon"/>
						</TextLine>
						<TextLine ID="line_26" HPOS="113" VPOS="946" WIDTH="819" HEIGHT="29">
							<String ID="string_237" HPOS="113" VPOS="947" WIDTH="102" HEIGHT="28" WC="0.92" CONTENT="verldslig"/><SP WIDTH="16" VPOS="947" HPOS="215"/>
							<String ID="string_238" HPOS="231" VPOS="947" WIDTH="136" HEIGHT="28" WC="0.96" CONTENT="myndighet,"/><SP WIDTH="22" VPOS="947" HPOS="367"/>
							<String ID="string_239" HPOS="389" VPOS="947" WIDTH="82" HEIGHT="21" WC="0.96" CONTENT="hvilket"/><SP WIDTH="21" VPOS="947" HPOS="471"/>
							<String ID="string_240" HPOS="492" VPOS="947" WIDTH="35" HEIGHT="28" WC="0.96" CONTENT="jag"/><SP WIDTH="19" VPOS="947" HPOS="527"/>
							<String ID="string_241" HPOS="546" VPOS="954" WIDTH="62" HEIGHT="14" WC="0.96" CONTENT="anser"/><SP WIDTH="15" VPOS="954" HPOS="608"/>
							<String ID="string_242" HPOS="623" VPOS="954" WIDTH="50" HEIGHT="14" WC="0.96" CONTENT="vara"/><SP WIDTH="16" VPOS="954" HPOS="673"/>
							<String ID="string_243" HPOS="689" VPOS="946" WIDTH="36" HEIGHT="21" WC="0.96" CONTENT="det"/><SP WIDTH="15" VPOS="946" HPOS="725"/>
							<String ID="string_244" HPOS="740" VPOS="947" WIDTH="55" HEIGHT="20" WC="0.90" CONTENT="enda"/><SP WIDTH="15" VPOS="947" HPOS="795"/>
							<String ID="string_245" HPOS="810" VPOS="946" WIDTH="122" HEIGHT="29" WC="0.90" CONTENT="principielt"/>
						</TextLine>
						<TextLine ID="line_27" HPOS="111" VPOS="975" WIDTH="820" HEIGHT="28">
							<String ID="string_246" HPOS="111" VPOS="975" WIDTH="83" HEIGHT="28" WC="0.78" CONTENT="riktiga."/><SP WIDTH="29" VPOS="975" HPOS="194"/>
							<String ID="string_247" HPOS="223" VPOS="975" WIDTH="94" HEIGHT="28" WC="0.41" CONTENT="Alägger"/><SP WIDTH="21" VPOS="975" HPOS="317"/>
							<String ID="string_248" HPOS="338" VPOS="983" WIDTH="48" HEIGHT="14" WC="0.96" CONTENT="man"/><SP WIDTH="23" VPOS="983" HPOS="386"/>
							<String ID="string_249" HPOS="409" VPOS="976" WIDTH="37" HEIGHT="20" WC="0.95" CONTENT="det"/><SP WIDTH="20" VPOS="976" HPOS="446"/>
							<String ID="string_250" HPOS="466" VPOS="976" WIDTH="107" HEIGHT="21" WC="0.93" CONTENT="lutherska"/><SP WIDTH="22" VPOS="976" HPOS="573"/>
							<String ID="string_251" HPOS="595" VPOS="975" WIDTH="157" HEIGHT="28" WC="0.91" CONTENT="presterskapet"/><SP WIDTH="22" VPOS="975" HPOS="752"/>
							<String ID="string_252" HPOS="774" VPOS="978" WIDTH="31" HEIGHT="18" WC="0.96" CONTENT="att"/><SP WIDTH="18" VPOS="978" HPOS="805"/>
							<String ID="string_253" HPOS="823" VPOS="975" WIDTH="46" HEIGHT="21" WC="0.93" CONTENT="föra"/><SP WIDTH="18" VPOS="975" HPOS="869"/>
							<String ID="string_254" HPOS="887" VPOS="975" WIDTH="44" HEIGHT="21" WC="0.93" CONTENT="för-"/>
						</TextLine>
						<TextLine ID="line_28" HPOS="112" VPOS="1004" WIDTH="819" HEIGHT="28">
							<String ID="string_255" HPOS="112" VPOS="1004" WIDTH="102" HEIGHT="28" WC="0.96" CONTENT="teckning"/><SP WIDTH="22" VPOS="1004" HPOS="214"/>
							<String ID="string_256" HPOS="236" VPOS="1004" WIDTH="62" HEIGHT="21" WC="0.93" CONTENT="öfver"/><SP WIDTH="21" VPOS="1004" HPOS="298"/>
							<String ID="string_257" HPOS="319" VPOS="1004" WIDTH="79" HEIGHT="28" WC="0.92" CONTENT="odöpta"/><SP WIDTH="22" VPOS="1004" HPOS="398"/>
							<String ID="string_258" HPOS="420" VPOS="1004" WIDTH="50" HEIGHT="21" WC="0.96" CONTENT="barn"/><SP WIDTH="23" VPOS="1004" HPOS="470"/>
							<String ID="string_259" HPOS="493" VPOS="1005" WIDTH="32" HEIGHT="20" WC="0.96" CONTENT="till"/><SP WIDTH="25" VPOS="1005" HPOS="525"/>
							<String ID="string_260" HPOS="550" VPOS="1004" WIDTH="108" HEIGHT="21" WC="0.96" CONTENT="lutherska"/><SP WIDTH="14" VPOS="1004" HPOS="658"/>
							<String ID="string_261" HPOS="672" VPOS="1004" WIDTH="109" HEIGHT="27" WC="0.96" CONTENT="föräldrar,"/><SP WIDTH="15" VPOS="1004" HPOS="781"/>
							<String ID="string_262" HPOS="796" VPOS="1004" WIDTH="72" HEIGHT="21" WC="0.96" CONTENT="hvilka"/><SP WIDTH="16" VPOS="1004" HPOS="868"/>
							<String ID="string_263" HPOS="884" VPOS="1004" WIDTH="47" HEIGHT="21" WC="0.96" CONTENT="icke"/>
						</TextLine>
						<TextLine ID="line_29" HPOS="113" VPOS="1032" WIDTH="818" HEIGHT="29">
							<String ID="string_264" HPOS="113" VPOS="1033" WIDTH="65" HEIGHT="21" WC="0.96" CONTENT="hafva"/><SP WIDTH="15" VPOS="1033" HPOS="178"/>
							<String ID="string_265" HPOS="193" VPOS="1033" WIDTH="34" HEIGHT="20" WC="0.93" CONTENT="för"/><SP WIDTH="15" VPOS="1033" HPOS="227"/>
							<String ID="string_266" HPOS="242" VPOS="1033" WIDTH="65" HEIGHT="28" WC="0.92" CONTENT="afsigt"/><SP WIDTH="14" VPOS="1033" HPOS="307"/>
							<String ID="string_267" HPOS="321" VPOS="1035" WIDTH="31" HEIGHT="19" WC="0.96" CONTENT="att"/><SP WIDTH="15" VPOS="1035" HPOS="352"/>
							<String ID="string_268" HPOS="367" VPOS="1033" WIDTH="41" HEIGHT="21" WC="0.96" CONTENT="låta"/><SP WIDTH="16" VPOS="1033" HPOS="408"/>
							<String ID="string_269" HPOS="424" VPOS="1033" WIDTH="55" HEIGHT="28" WC="0.96" CONTENT="döpa"/><SP WIDTH="16" VPOS="1033" HPOS="479"/>
							<String ID="string_270" HPOS="495" VPOS="1034" WIDTH="44" HEIGHT="21" WC="0.96" CONTENT="sina"/><SP WIDTH="19" VPOS="1034" HPOS="539"/>
							<String ID="string_271" HPOS="558" VPOS="1033" WIDTH="58" HEIGHT="27" WC="0.96" CONTENT="barn,"/><SP WIDTH="15" VPOS="1033" HPOS="616"/>
							<String ID="string_272" HPOS="631" VPOS="1033" WIDTH="24" HEIGHT="20" WC="0.96" CONTENT="så"/><SP WIDTH="15" VPOS="1033" HPOS="655"/>
							<String ID="string_273" HPOS="670" VPOS="1040" WIDTH="62" HEIGHT="21" WC="0.96" CONTENT="synes"/><SP WIDTH="16" VPOS="1040" HPOS="732"/>
							<String ID="string_274" HPOS="748" VPOS="1032" WIDTH="60" HEIGHT="22" WC="0.96" CONTENT="detta"/><SP WIDTH="14" VPOS="1032" HPOS="808"/>
							<String ID="string_275" HPOS="822" VPOS="1033" WIDTH="43" HEIGHT="27" WC="0.96" CONTENT="mig"/><SP WIDTH="15" VPOS="1033" HPOS="865"/>
							<String ID="string_276" HPOS="880" VPOS="1040" WIDTH="51" HEIGHT="13" WC="0.96" CONTENT="vara"/>
						</TextLine>
						<TextLine ID="line_30" HPOS="113" VPOS="1061" WIDTH="817" HEIGHT="29">
							<String ID="string_277" HPOS="113" VPOS="1065" WIDTH="31" HEIGHT="17" WC="0.92" CONTENT="att"/><SP WIDTH="22" VPOS="1065" HPOS="144"/>
							<String ID="string_278" HPOS="166" VPOS="1061" WIDTH="101" HEIGHT="22" WC="0.91" CONTENT="åhvälfva"/><SP WIDTH="23" VPOS="1061" HPOS="267"/>
							<String ID="string_279" HPOS="290" VPOS="1061" WIDTH="57" HEIGHT="22" WC="0.93" CONTENT="detta"/><SP WIDTH="23" VPOS="1061" HPOS="347"/>
							<String ID="string_280" HPOS="370" VPOS="1062" WIDTH="134" HEIGHT="28" WC="0.92" CONTENT="presterskap"/><SP WIDTH="16" VPOS="1062" HPOS="504"/>
							<String ID="string_281" HPOS="520" VPOS="1070" WIDTH="25" HEIGHT="13" WC="0.96" CONTENT="en"/><SP WIDTH="18" VPOS="1070" HPOS="545"/>
							<String ID="string_282" HPOS="563" VPOS="1061" WIDTH="126" HEIGHT="28" WC="0.95" CONTENT="skyldighet,"/><SP WIDTH="15" VPOS="1061" HPOS="689"/>
							<String ID="string_283" HPOS="704" VPOS="1069" WIDTH="44" HEIGHT="13" WC="0.96" CONTENT="som"/><SP WIDTH="16" VPOS="1069" HPOS="748"/>
							<String ID="string_284" HPOS="764" VPOS="1061" WIDTH="34" HEIGHT="21" WC="0.96" CONTENT="för"/><SP WIDTH="16" VPOS="1061" HPOS="798"/>
							<String ID="string_285" HPOS="814" VPOS="1061" WIDTH="116" HEIGHT="21" WC="0.95" CONTENT="detsamma"/>
						</TextLine>
						<TextLine ID="line_31" HPOS="113" VPOS="1089" WIDTH="819" HEIGHT="29">
							<String ID="string_286" HPOS="113" VPOS="1089" WIDTH="48" HEIGHT="21" WC="0.95" CONTENT="med"/><SP WIDTH="16" VPOS="1089" HPOS="161"/>
							<String ID="string_287" HPOS="177" VPOS="1090" WIDTH="36" HEIGHT="20" WC="0.95" CONTENT="allt"/><SP WIDTH="16" VPOS="1090" HPOS="213"/>
							<String ID="string_288" HPOS="229" VPOS="1090" WIDTH="45" HEIGHT="21" WC="0.96" CONTENT="skäl"/><SP WIDTH="15" VPOS="1090" HPOS="274"/>
							<String ID="string_289" HPOS="289" VPOS="1090" WIDTH="67" HEIGHT="21" WC="0.96" CONTENT="måste"/><SP WIDTH="16" VPOS="1090" HPOS="356"/>
							<String ID="string_290" HPOS="372" VPOS="1097" WIDTH="50" HEIGHT="14" WC="0.96" CONTENT="vara"/><SP WIDTH="14" VPOS="1097" HPOS="422"/>
							<String ID="string_291" HPOS="436" VPOS="1090" WIDTH="63" HEIGHT="27" WC="0.96" CONTENT="högst"/><SP WIDTH="15" VPOS="1090" HPOS="499"/>
							<String ID="string_292" HPOS="514" VPOS="1090" WIDTH="158" HEIGHT="28" WC="0.96" CONTENT="motbjudande."/><SP WIDTH="29" VPOS="1090" HPOS="672"/>
							<String ID="string_293" HPOS="701" VPOS="1090" WIDTH="44" HEIGHT="20" WC="0.96" CONTENT="Det"/><SP WIDTH="18" VPOS="1090" HPOS="745"/>
							<String ID="string_294" HPOS="763" VPOS="1097" WIDTH="62" HEIGHT="21" WC="0.96" CONTENT="synes"/><SP WIDTH="15" VPOS="1097" HPOS="825"/>
							<String ID="string_295" HPOS="840" VPOS="1090" WIDTH="44" HEIGHT="27" WC="0.96" CONTENT="mig"/><SP WIDTH="16" VPOS="1090" HPOS="884"/>
							<String ID="string_296" HPOS="900" VPOS="1092" WIDTH="32" HEIGHT="18" WC="0.96" CONTENT="att"/>
						</TextLine>
						<TextLine ID="line_32" HPOS="114" VPOS="1118" WIDTH="817" HEIGHT="29">
							<String ID="string_297" HPOS="114" VPOS="1118" WIDTH="36" HEIGHT="21" WC="0.96" CONTENT="det"/><SP WIDTH="15" VPOS="1118" HPOS="150"/>
							<String ID="string_298" HPOS="165" VPOS="1118" WIDTH="108" HEIGHT="21" WC="0.93" CONTENT="lutherska"/><SP WIDTH="22" VPOS="1118" HPOS="273"/>
							<String ID="string_299" HPOS="295" VPOS="1118" WIDTH="156" HEIGHT="28" WC="0.92" CONTENT="presterskapet"/><SP WIDTH="16" VPOS="1118" HPOS="451"/>
							<String ID="string_300" HPOS="467" VPOS="1119" WIDTH="36" HEIGHT="21" WC="0.96" CONTENT="har"/><SP WIDTH="15" VPOS="1119" HPOS="503"/>
							<String ID="string_301" HPOS="518" VPOS="1118" WIDTH="130" HEIGHT="28" WC="0.96" CONTENT="berättigade"/><SP WIDTH="19" VPOS="1118" HPOS="648"/>
							<String ID="string_302" HPOS="667" VPOS="1118" WIDTH="91" HEIGHT="28" WC="0.96" CONTENT="anspråk"/><SP WIDTH="16" VPOS="1118" HPOS="758"/>
							<String ID="string_303" HPOS="774" VPOS="1118" WIDTH="27" HEIGHT="29" WC="0.96" CONTENT="på"/><SP WIDTH="15" VPOS="1118" HPOS="801"/>
							<String ID="string_304" HPOS="816" VPOS="1121" WIDTH="31" HEIGHT="18" WC="0.96" CONTENT="att"/><SP WIDTH="15" VPOS="1121" HPOS="847"/>
							<String ID="string_305" HPOS="862" VPOS="1118" WIDTH="23" HEIGHT="20" WC="0.93" CONTENT="få"/><SP WIDTH="15" VPOS="1118" HPOS="885"/>
							<String ID="string_306" HPOS="900" VPOS="1118" WIDTH="31" HEIGHT="20" WC="0.92" CONTENT="åt-"/>
						</TextLine>
						<TextLine ID="line_33" HPOS="113" VPOS="1146" WIDTH="817" HEIGHT="29">
							<String ID="string_307" HPOS="113" VPOS="1148" WIDTH="59" HEIGHT="26" WC="0.96" CONTENT="njuta"/><SP WIDTH="15" VPOS="1148" HPOS="172"/>
							<String ID="string_308" HPOS="187" VPOS="1147" WIDTH="86" HEIGHT="27" WC="0.96" CONTENT="respekt"/><SP WIDTH="15" VPOS="1147" HPOS="273"/>
							<String ID="string_309" HPOS="288" VPOS="1147" WIDTH="34" HEIGHT="20" WC="0.96" CONTENT="för"/><SP WIDTH="14" VPOS="1147" HPOS="322"/>
							<String ID="string_310" HPOS="336" VPOS="1148" WIDTH="32" HEIGHT="20" WC="0.96" CONTENT="sin"/><SP WIDTH="16" VPOS="1148" HPOS="368"/>
							<String ID="string_311" HPOS="384" VPOS="1147" WIDTH="98" HEIGHT="27" WC="0.93" CONTENT="religiösa"/><SP WIDTH="17" VPOS="1147" HPOS="482"/>
							<String ID="string_312" HPOS="499" VPOS="1148" WIDTH="149" HEIGHT="27" WC="0.90" CONTENT="öfvertygelse,"/><SP WIDTH="18" VPOS="1148" HPOS="648"/>
							<String ID="string_313" HPOS="666" VPOS="1147" WIDTH="43" HEIGHT="21" WC="0.96" CONTENT="lika"/><SP WIDTH="15" VPOS="1147" HPOS="709"/>
							<String ID="string_314" HPOS="724" VPOS="1146" WIDTH="33" HEIGHT="21" WC="0.96" CONTENT="väl"/><SP WIDTH="18" VPOS="1146" HPOS="757"/>
							<String ID="string_315" HPOS="775" VPOS="1154" WIDTH="44" HEIGHT="13" WC="0.96" CONTENT="som"/><SP WIDTH="15" VPOS="1154" HPOS="819"/>
							<String ID="string_316" HPOS="834" VPOS="1146" WIDTH="27" HEIGHT="21" WC="0.93" CONTENT="de"/><SP WIDTH="15" VPOS="1146" HPOS="861"/>
							<String ID="string_317" HPOS="876" VPOS="1149" WIDTH="54" HEIGHT="18" WC="0.90" CONTENT="tros-"/>
						</TextLine>
						<TextLine ID="line_34" HPOS="113" VPOS="1175" WIDTH="818" HEIGHT="28">
							<String ID="string_318" HPOS="113" VPOS="1175" WIDTH="107" HEIGHT="25" WC="0.96" CONTENT="samfund,"/><SP WIDTH="21" VPOS="1175" HPOS="220"/>
							<String ID="string_319" HPOS="241" VPOS="1175" WIDTH="79" HEIGHT="25" WC="0.96" CONTENT="hvilka,"/><SP WIDTH="15" VPOS="1175" HPOS="320"/>
							<String ID="string_320" HPOS="335" VPOS="1175" WIDTH="65" HEIGHT="21" WC="0.91" CONTENT="sedan"/><SP WIDTH="21" VPOS="1175" HPOS="400"/>
							<String ID="string_321" HPOS="421" VPOS="1176" WIDTH="166" HEIGHT="27" WC="0.91" CONTENT="dissenterlagen"/><SP WIDTH="16" VPOS="1176" HPOS="587"/>
							<String ID="string_322" HPOS="603" VPOS="1175" WIDTH="105" HEIGHT="25" WC="0.96" CONTENT="stiftades,"/><SP WIDTH="15" VPOS="1175" HPOS="708"/>
							<String ID="string_323" HPOS="723" VPOS="1175" WIDTH="81" HEIGHT="27" WC="0.91" CONTENT="åtnjuta"/><SP WIDTH="17" VPOS="1175" HPOS="804"/>
							<String ID="string_324" HPOS="821" VPOS="1176" WIDTH="110" HEIGHT="26" WC="0.91" CONTENT="religions-"/>
						</TextLine>
						<TextLine ID="line_35" HPOS="113" VPOS="1203" WIDTH="818" HEIGHT="27">
							<String ID="string_325" HPOS="113" VPOS="1203" WIDTH="66" HEIGHT="21" WC="0.96" CONTENT="frihet"/><SP WIDTH="15" VPOS="1203" HPOS="179"/>
							<String ID="string_326" HPOS="194" VPOS="1204" WIDTH="6" HEIGHT="20" WC="0.96" CONTENT="i"/><SP WIDTH="15" VPOS="1204" HPOS="200"/>
							<String ID="string_327" HPOS="215" VPOS="1204" WIDTH="78" HEIGHT="20" WC="0.96" CONTENT="landet."/><SP WIDTH="29" VPOS="1204" HPOS="293"/>
							<String ID="string_328" HPOS="322" VPOS="1203" WIDTH="32" HEIGHT="21" WC="0.96" CONTENT="På"/><SP WIDTH="15" VPOS="1203" HPOS="354"/>
							<String ID="string_329" HPOS="369" VPOS="1210" WIDTH="73" HEIGHT="14" WC="0.95" CONTENT="senare"/><SP WIDTH="15" VPOS="1210" HPOS="442"/>
							<String ID="string_330" HPOS="457" VPOS="1203" WIDTH="55" HEIGHT="21" WC="0.96" CONTENT="tider"/><SP WIDTH="15" VPOS="1203" HPOS="512"/>
							<String ID="string_331" HPOS="527" VPOS="1204" WIDTH="37" HEIGHT="20" WC="0.96" CONTENT="har"/><SP WIDTH="15" VPOS="1204" HPOS="564"/>
							<String ID="string_332" HPOS="579" VPOS="1204" WIDTH="68" HEIGHT="20" WC="0.96" CONTENT="såsom"/><SP WIDTH="17" VPOS="1204" HPOS="647"/>
							<String ID="string_333" HPOS="664" VPOS="1203" WIDTH="79" HEIGHT="21" WC="0.96" CONTENT="bekant"/><SP WIDTH="14" VPOS="1203" HPOS="743"/>
							<String ID="string_334" HPOS="757" VPOS="1203" WIDTH="109" HEIGHT="21" WC="0.93" CONTENT="lutherska"/><SP WIDTH="19" VPOS="1203" HPOS="866"/>
							<String ID="string_335" HPOS="885" VPOS="1210" WIDTH="46" HEIGHT="20" WC="0.92" CONTENT="pre-"/>
						</TextLine>
						<TextLine ID="line_36" HPOS="113" VPOS="1231" WIDTH="818" HEIGHT="29">
							<String ID="string_336" HPOS="113" VPOS="1232" WIDTH="120" HEIGHT="27" WC="0.91" CONTENT="sterskapet"/><SP WIDTH="22" VPOS="1232" HPOS="233"/>
							<String ID="string_337" HPOS="255" VPOS="1234" WIDTH="75" HEIGHT="25" WC="0.96" CONTENT="vägrat"/><SP WIDTH="22" VPOS="1234" HPOS="330"/>
							<String ID="string_338" HPOS="352" VPOS="1235" WIDTH="31" HEIGHT="17" WC="0.95" CONTENT="att"/><SP WIDTH="22" VPOS="1235" HPOS="383"/>
							<String ID="string_339" HPOS="405" VPOS="1232" WIDTH="5" HEIGHT="20" WC="0.96" CONTENT="i"/><SP WIDTH="22" VPOS="1232" HPOS="410"/>
							<String ID="string_340" HPOS="432" VPOS="1233" WIDTH="46" HEIGHT="19" WC="0.96" CONTENT="sina"/><SP WIDTH="17" VPOS="1233" HPOS="478"/>
							<String ID="string_341" HPOS="495" VPOS="1232" WIDTH="159" HEIGHT="27" WC="0.93" CONTENT="förteckningar"/><SP WIDTH="17" VPOS="1232" HPOS="654"/>
							<String ID="string_342" HPOS="671" VPOS="1234" WIDTH="93" HEIGHT="26" WC="0.90" CONTENT="upptaga"/><SP WIDTH="15" VPOS="1234" HPOS="764"/>
							<String ID="string_343" HPOS="779" VPOS="1231" WIDTH="79" HEIGHT="28" WC="0.90" CONTENT="odöpta"/><SP WIDTH="15" VPOS="1231" HPOS="858"/>
							<String ID="string_344" HPOS="873" VPOS="1231" WIDTH="58" HEIGHT="26" WC="0.96" CONTENT="barn,"/>
						</TextLine>
						<TextLine ID="line_37" HPOS="114" VPOS="1259" WIDTH="818" HEIGHT="29">
							<String ID="string_345" HPOS="114" VPOS="1260" WIDTH="40" HEIGHT="21" WC="0.96" CONTENT="och"/><SP WIDTH="16" VPOS="1260" HPOS="154"/>
							<String ID="string_346" HPOS="170" VPOS="1260" WIDTH="36" HEIGHT="20" WC="0.96" CONTENT="det"/><SP WIDTH="15" VPOS="1260" HPOS="206"/>
							<String ID="string_347" HPOS="221" VPOS="1267" WIDTH="62" HEIGHT="21" WC="0.96" CONTENT="synes"/><SP WIDTH="16" VPOS="1267" HPOS="283"/>
							<String ID="string_348" HPOS="299" VPOS="1261" WIDTH="42" HEIGHT="27" WC="0.96" CONTENT="mig"/><SP WIDTH="15" VPOS="1261" HPOS="341"/>
							<String ID="string_349" HPOS="356" VPOS="1263" WIDTH="31" HEIGHT="17" WC="0.93" CONTENT="att"/><SP WIDTH="19" VPOS="1263" HPOS="387"/>
							<String ID="string_350" HPOS="406" VPOS="1261" WIDTH="157" HEIGHT="27" WC="0.91" CONTENT="presterskapet"/><SP WIDTH="10" VPOS="1261" HPOS="563"/>
							<String ID="string_351" HPOS="573" VPOS="1261" WIDTH="31" HEIGHT="20" WC="0.96" CONTENT="till"/><SP WIDTH="13" VPOS="1261" HPOS="604"/>
							<String ID="string_352" HPOS="617" VPOS="1260" WIDTH="58" HEIGHT="21" WC="0.96" CONTENT="detta"/><SP WIDTH="10" VPOS="1260" HPOS="675"/>
							<String ID="string_353" HPOS="685" VPOS="1260" WIDTH="122" HEIGHT="20" WC="0.96" CONTENT="förfarande"/><SP WIDTH="10" VPOS="1260" HPOS="807"/>
							<String ID="string_354" HPOS="817" VPOS="1260" WIDTH="47" HEIGHT="20" WC="0.96" CONTENT="haft"/><SP WIDTH="11" VPOS="1260" HPOS="864"/>
							<String ID="string_355" HPOS="875" VPOS="1259" WIDTH="57" HEIGHT="28" WC="0.96" CONTENT="goda"/>
						</TextLine>
						<TextLine ID="line_38" HPOS="114" VPOS="1288" WIDTH="816" HEIGHT="29">
							<String ID="string_356" HPOS="114" VPOS="1288" WIDTH="52" HEIGHT="21" WC="0.89" CONTENT="skäl."/><SP WIDTH="30" VPOS="1288" HPOS="166"/>
							<String ID="string_357" HPOS="196" VPOS="1288" WIDTH="48" HEIGHT="21" WC="0.95" CONTENT="Den"/><SP WIDTH="23" VPOS="1288" HPOS="244"/>
							<String ID="string_358" HPOS="267" VPOS="1288" WIDTH="22" HEIGHT="21" WC="0.96" CONTENT="af"/><SP WIDTH="21" VPOS="1288" HPOS="289"/>
							<String ID="string_359" HPOS="310" VPOS="1288" WIDTH="32" HEIGHT="22" WC="0.96" CONTENT="Hr"/><SP WIDTH="14" VPOS="1288" HPOS="342"/>
							<String ID="string_360" HPOS="356" VPOS="1288" WIDTH="94" HEIGHT="29" WC="0.96" CONTENT="Pipping"/><SP WIDTH="15" VPOS="1288" HPOS="450"/>
							<String ID="string_361" HPOS="465" VPOS="1292" WIDTH="70" HEIGHT="18" WC="0.96" CONTENT="senast"/><SP WIDTH="18" VPOS="1292" HPOS="535"/>
							<String ID="string_362" HPOS="553" VPOS="1289" WIDTH="124" HEIGHT="21" WC="0.93" CONTENT="omnämnda"/><SP WIDTH="17" VPOS="1289" HPOS="677"/>
							<String ID="string_363" HPOS="694" VPOS="1289" WIDTH="12" HEIGHT="26" WC="0.92" CONTENT="$"/><SP WIDTH="17" VPOS="1289" HPOS="706"/>
							<String ID="string_364" HPOS="723" VPOS="1289" WIDTH="40" HEIGHT="21" WC="0.96" CONTENT="146"/><SP WIDTH="16" VPOS="1289" HPOS="763"/>
							<String ID="string_365" HPOS="779" VPOS="1289" WIDTH="5" HEIGHT="19" WC="0.96" CONTENT="i"/><SP WIDTH="17" VPOS="1289" HPOS="784"/>
							<String ID="string_366" HPOS="801" VPOS="1288" WIDTH="129" HEIGHT="28" WC="0.96" CONTENT="kyrkolagen"/>
						</TextLine>
						<TextLine ID="line_39" HPOS="113" VPOS="1316" WIDTH="817" HEIGHT="28">
							<String ID="string_367" HPOS="113" VPOS="1316" WIDTH="117" HEIGHT="22" WC="0.95" CONTENT="innehåller"/><SP WIDTH="21" VPOS="1316" HPOS="230"/>
							<String ID="string_368" HPOS="251" VPOS="1317" WIDTH="132" HEIGHT="27" WC="0.96" CONTENT="stadganden"/><SP WIDTH="23" VPOS="1317" HPOS="383"/>
							<String ID="string_369" HPOS="406" VPOS="1316" WIDTH="89" HEIGHT="22" WC="0.96" CONTENT="rörande"/><SP WIDTH="18" VPOS="1316" HPOS="495"/>
							<String ID="string_370" HPOS="513" VPOS="1318" WIDTH="26" HEIGHT="20" WC="0.96" CONTENT="de"/><SP WIDTH="18" VPOS="1318" HPOS="539"/>
							<String ID="string_371" HPOS="557" VPOS="1317" WIDTH="79" HEIGHT="21" WC="0.96" CONTENT="böcker"/><SP WIDTH="15" VPOS="1317" HPOS="636"/>
							<String ID="string_372" HPOS="651" VPOS="1317" WIDTH="39" HEIGHT="21" WC="0.96" CONTENT="och"/><SP WIDTH="15" VPOS="1317" HPOS="690"/>
							<String ID="string_373" HPOS="705" VPOS="1317" WIDTH="165" HEIGHT="27" WC="0.96" CONTENT="förteckningar,"/><SP WIDTH="15" VPOS="1317" HPOS="870"/>
							<String ID="string_374" HPOS="885" VPOS="1323" WIDTH="45" HEIGHT="14" WC="0.96" CONTENT="som"/>
						</TextLine>
						<TextLine ID="line_40" HPOS="114" VPOS="1345" WIDTH="816" HEIGHT="28">
							<String ID="string_375" HPOS="114" VPOS="1345" WIDTH="148" HEIGHT="28" WC="0.96" CONTENT="kyrkoherden"/><SP WIDTH="21" VPOS="1345" HPOS="262"/>
							<String ID="string_376" HPOS="283" VPOS="1346" WIDTH="53" HEIGHT="21" WC="0.96" CONTENT="skall"/><SP WIDTH="15" VPOS="1346" HPOS="336"/>
							<String ID="string_377" HPOS="351" VPOS="1346" WIDTH="53" HEIGHT="26" WC="0.96" CONTENT="föra,"/><SP WIDTH="14" VPOS="1346" HPOS="404"/>
							<String ID="string_378" HPOS="418" VPOS="1354" WIDTH="47" HEIGHT="12" WC="0.96" CONTENT="men"/><SP WIDTH="16" VPOS="1354" HPOS="465"/>
							<String ID="string_379" HPOS="481" VPOS="1346" WIDTH="36" HEIGHT="21" WC="0.96" CONTENT="det"/><SP WIDTH="13" VPOS="1346" HPOS="517"/>
							<String ID="string_380" HPOS="530" VPOS="1346" WIDTH="60" HEIGHT="21" WC="0.96" CONTENT="heter"/><SP WIDTH="14" VPOS="1346" HPOS="590"/>
							<String ID="string_381" HPOS="604" VPOS="1347" WIDTH="6" HEIGHT="19" WC="0.92" CONTENT="i"/><SP WIDTH="13" VPOS="1347" HPOS="610"/>
							<String ID="string_382" HPOS="623" VPOS="1345" WIDTH="157" HEIGHT="22" WC="0.91" CONTENT="slutmomentet"/><SP WIDTH="9" VPOS="1345" HPOS="780"/>
							<String ID="string_383" HPOS="789" VPOS="1345" WIDTH="141" HEIGHT="28" WC="0.96" CONTENT="uttryckligen"/>
						</TextLine>
						<TextLine ID="line_41" HPOS="113" VPOS="1374" WIDTH="817" HEIGHT="28">
							<String ID="string_384" HPOS="113" VPOS="1377" WIDTH="33" HEIGHT="18" WC="0.96" CONTENT="att"/><SP WIDTH="15" VPOS="1377" HPOS="146"/>
							<String ID="string_385" HPOS="161" VPOS="1374" WIDTH="41" HEIGHT="21" WC="0.96" CONTENT="alla"/><SP WIDTH="15" VPOS="1374" HPOS="202"/>
							<String ID="string_386" HPOS="217" VPOS="1374" WIDTH="62" HEIGHT="21" WC="0.96" CONTENT="dessa"/><SP WIDTH="15" VPOS="1374" HPOS="279"/>
							<String ID="string_387" HPOS="294" VPOS="1374" WIDTH="79" HEIGHT="21" WC="0.96" CONTENT="böcker"/><SP WIDTH="15" VPOS="1374" HPOS="373"/>
							<String ID="string_388" HPOS="388" VPOS="1374" WIDTH="39" HEIGHT="22" WC="0.96" CONTENT="och"/><SP WIDTH="15" VPOS="1374" HPOS="427"/>
							<String ID="string_389" HPOS="442" VPOS="1374" WIDTH="159" HEIGHT="28" WC="0.96" CONTENT="förteckningar"/><SP WIDTH="14" VPOS="1374" HPOS="601"/>
							<String ID="string_390" HPOS="615" VPOS="1374" WIDTH="54" HEIGHT="28" WC="0.96" CONTENT="gälla"/><SP WIDTH="10" VPOS="1374" HPOS="669"/>
							<String ID="string_391" HPOS="679" VPOS="1374" WIDTH="75" HEIGHT="21" WC="0.96" CONTENT="endast"/><SP WIDTH="15" VPOS="1374" HPOS="754"/>
							<String ID="string_392" HPOS="769" VPOS="1374" WIDTH="161" HEIGHT="26" WC="0.96" CONTENT="församlingens"/>
						</TextLine>
						<TextLine ID="line_42" HPOS="114" VPOS="1402" WIDTH="816" HEIGHT="28">
							<String ID="string_393" HPOS="114" VPOS="1409" WIDTH="54" HEIGHT="21" WC="0.96" CONTENT="egna"/><SP WIDTH="24" VPOS="1409" HPOS="168"/>
							<String ID="string_394" HPOS="192" VPOS="1402" WIDTH="141" HEIGHT="22" WC="0.95" CONTENT="medlemmar."/><SP WIDTH="36" VPOS="1402" HPOS="333"/>
							<String ID="string_395" HPOS="369" VPOS="1402" WIDTH="129" HEIGHT="28" WC="0.91" CONTENT="Paragrafen"/><SP WIDTH="22" VPOS="1402" HPOS="498"/>
							<String ID="string_396" HPOS="520" VPOS="1403" WIDTH="109" HEIGHT="21" WC="0.96" CONTENT="fortsätter"/><SP WIDTH="22" VPOS="1403" HPOS="629"/>
							<String ID="string_397" HPOS="651" VPOS="1402" WIDTH="78" HEIGHT="22" WC="0.93" CONTENT="sedan:"/><SP WIDTH="35" VPOS="1402" HPOS="729"/>
							<String ID="string_398" HPOS="764" VPOS="1402" WIDTH="78" HEIGHT="21" WC="0.89" CONTENT="»Utom"/><SP WIDTH="26" VPOS="1402" HPOS="842"/>
							<String ID="string_399" HPOS="868" VPOS="1402" WIDTH="62" HEIGHT="21" WC="0.96" CONTENT="dessa"/>
						</TextLine>
						<TextLine ID="line_43" HPOS="114" VPOS="1430" WIDTH="817" HEIGHT="27">
							<String ID="string_400" HPOS="114" VPOS="1430" WIDTH="86" HEIGHT="25" WC="0.96" CONTENT="böcker,"/><SP WIDTH="14" VPOS="1430" HPOS="200"/>
							<String ID="string_401" HPOS="214" VPOS="1430" WIDTH="73" HEIGHT="21" WC="0.96" CONTENT="hvilka"/><SP WIDTH="14" VPOS="1430" HPOS="287"/>
							<String ID="string_402" HPOS="301" VPOS="1433" WIDTH="48" HEIGHT="18" WC="0.96" CONTENT="röra"/><SP WIDTH="15" VPOS="1433" HPOS="349"/>
							<String ID="string_403" HPOS="364" VPOS="1431" WIDTH="161" HEIGHT="26" WC="0.96" CONTENT="församlingens"/><SP WIDTH="16" VPOS="1431" HPOS="525"/>
							<String ID="string_404" HPOS="541" VPOS="1438" WIDTH="54" HEIGHT="19" WC="0.96" CONTENT="egna"/><SP WIDTH="13" VPOS="1438" HPOS="595"/>
							<String ID="string_405" HPOS="608" VPOS="1431" WIDTH="135" HEIGHT="20" WC="0.96" CONTENT="medlemmar"/><SP WIDTH="10" VPOS="1431" HPOS="743"/>
							<String ID="string_406" HPOS="753" VPOS="1430" WIDTH="39" HEIGHT="20" WC="0.93" CONTENT="och"/><SP WIDTH="12" VPOS="1430" HPOS="792"/>
							<String ID="string_407" HPOS="804" VPOS="1430" WIDTH="127" HEIGHT="27" WC="0.91" CONTENT="angelägen-"/>
						</TextLine>
						<TextLine ID="line_44" HPOS="113" VPOS="1457" WIDTH="819" HEIGHT="28">
							<String ID="string_408" HPOS="113" VPOS="1457" WIDTH="67" HEIGHT="26" WC="0.96" CONTENT="heter,"/><SP WIDTH="19" VPOS="1457" HPOS="180"/>
							<String ID="string_409" HPOS="199" VPOS="1457" WIDTH="54" HEIGHT="22" WC="0.96" CONTENT="skall"/><SP WIDTH="19" VPOS="1457" HPOS="253"/>
							<String ID="string_410" HPOS="272" VPOS="1458" WIDTH="147" HEIGHT="27" WC="0.96" CONTENT="kyrkoherden"/><SP WIDTH="21" VPOS="1458" HPOS="419"/>
							<String ID="string_411" HPOS="440" VPOS="1458" WIDTH="46" HEIGHT="21" WC="0.96" CONTENT="föra"/><SP WIDTH="16" VPOS="1458" HPOS="486"/>
							<String ID="string_412" HPOS="502" VPOS="1466" WIDTH="26" HEIGHT="13" WC="0.96" CONTENT="en"/><SP WIDTH="20" VPOS="1466" HPOS="528"/>
							<String ID="string_413" HPOS="548" VPOS="1458" WIDTH="135" HEIGHT="27" WC="0.95" CONTENT="förteckning"/><SP WIDTH="14" VPOS="1458" HPOS="683"/>
							<String ID="string_414" HPOS="697" VPOS="1457" WIDTH="62" HEIGHT="21" WC="0.96" CONTENT="öfver"/><SP WIDTH="16" VPOS="1457" HPOS="759"/>
							<String ID="string_415" HPOS="775" VPOS="1457" WIDTH="25" HEIGHT="20" WC="0.96" CONTENT="de"/><SP WIDTH="16" VPOS="1457" HPOS="800"/>
							<String ID="string_416" HPOS="816" VPOS="1458" WIDTH="56" HEIGHT="20" WC="0.92" CONTENT="inom"/><SP WIDTH="16" VPOS="1458" HPOS="872"/>
							<String ID="string_417" HPOS="888" VPOS="1457" WIDTH="44" HEIGHT="20" WC="0.92" CONTENT="för-"/>
						</TextLine>
						<TextLine ID="line_45" HPOS="113" VPOS="1485" WIDTH="817" HEIGHT="30">
							<String ID="string_418" HPOS="113" VPOS="1486" WIDTH="118" HEIGHT="27" WC="0.96" CONTENT="samlingen"/><SP WIDTH="16" VPOS="1486" HPOS="231"/>
							<String ID="string_419" HPOS="247" VPOS="1486" WIDTH="65" HEIGHT="21" WC="0.96" CONTENT="födde"/><SP WIDTH="17" VPOS="1486" HPOS="312"/>
							<String ID="string_420" HPOS="329" VPOS="1486" WIDTH="40" HEIGHT="21" WC="0.95" CONTENT="och"/><SP WIDTH="8" VPOS="1486" HPOS="369"/>
							<String ID="string_421" HPOS="377" VPOS="1486" WIDTH="71" HEIGHT="29" WC="0.93" CONTENT="döpte,"/><SP WIDTH="12" VPOS="1486" HPOS="448"/>
							<String ID="string_422" HPOS="460" VPOS="1486" WIDTH="157" HEIGHT="26" WC="0.91" CONTENT="konfirmerade,"/><SP WIDTH="11" VPOS="1486" HPOS="617"/>
							<String ID="string_423" HPOS="628" VPOS="1487" WIDTH="70" HEIGHT="27" WC="0.96" CONTENT="vigde,"/><SP WIDTH="11" VPOS="1487" HPOS="698"/>
							<String ID="string_424" HPOS="709" VPOS="1485" WIDTH="54" HEIGHT="22" WC="0.96" CONTENT="döde"/><SP WIDTH="14" VPOS="1485" HPOS="763"/>
							<String ID="string_425" HPOS="777" VPOS="1485" WIDTH="39" HEIGHT="22" WC="0.93" CONTENT="och"/><SP WIDTH="13" VPOS="1485" HPOS="816"/>
							<String ID="string_426" HPOS="829" VPOS="1485" WIDTH="101" HEIGHT="28" WC="0.89" CONTENT="begrafne"/>
						</TextLine>
						<TextLine ID="line_46" HPOS="114" VPOS="1514" WIDTH="817" HEIGHT="29">
							<String ID="string_427" HPOS="114" VPOS="1523" WIDTH="107" HEIGHT="20" WC="0.96" CONTENT="personer,"/><SP WIDTH="21" VPOS="1523" HPOS="221"/>
							<String ID="string_428" HPOS="242" VPOS="1515" WIDTH="72" HEIGHT="22" WC="0.95" CONTENT="hvilka"/><SP WIDTH="22" VPOS="1515" HPOS="314"/>
							<String ID="string_429" HPOS="336" VPOS="1515" WIDTH="32" HEIGHT="21" WC="0.94" CONTENT="till"/><SP WIDTH="20" VPOS="1515" HPOS="368"/>
							<String ID="string_430" HPOS="388" VPOS="1515" WIDTH="131" HEIGHT="21" WC="0.96" CONTENT="främmande"/><SP WIDTH="14" VPOS="1515" HPOS="519"/>
							<String ID="string_431" HPOS="533" VPOS="1515" WIDTH="149" HEIGHT="28" WC="0.96" CONTENT="församlingar"/><SP WIDTH="19" VPOS="1515" HPOS="682"/>
							<String ID="string_432" HPOS="701" VPOS="1514" WIDTH="71" HEIGHT="21" WC="0.84" CONTENT="höra»."/><SP WIDTH="29" VPOS="1514" HPOS="772"/>
							<String ID="string_433" HPOS="801" VPOS="1514" WIDTH="44" HEIGHT="21" WC="0.95" CONTENT="Det"/><SP WIDTH="14" VPOS="1514" HPOS="845"/>
							<String ID="string_434" HPOS="859" VPOS="1516" WIDTH="23" HEIGHT="19" WC="0.93" CONTENT="är"/><SP WIDTH="15" VPOS="1516" HPOS="882"/>
							<String ID="string_435" HPOS="897" VPOS="1514" WIDTH="34" HEIGHT="21" WC="0.93" CONTENT="så-"/>
						</TextLine>
					</TextBlock>
				</ComposedBlock>
				<ComposedBlock ID="cblock_4" HPOS="828" VPOS="1555" WIDTH="33" HEIGHT="17">
					<TextBlock ID="block_5" HPOS="828" VPOS="1555" WIDTH="33" HEIGHT="17">
						<TextLine ID="line_47" HPOS="828" VPOS="1555" WIDTH="33" HEIGHT="17">
							<String ID="string_436" HPOS="828" VPOS="1555" WIDTH="33" HEIGHT="17" WC="0.96" CONTENT="103"/>
						</TextLine>
					</TextBlock>
				</ComposedBlock>
				<GraphicalElement ID="cblock_5" HPOS="153" VPOS="1150" WIDTH="8" HEIGHT="300"></GraphicalElement >
				<GraphicalElement ID="cblock_6" HPOS="1090" VPOS="1429" WIDTH="3" HEIGHT="339"></GraphicalElement >
			</PrintSpace>
		</Page>
	</Layout>
</alto>
