1084 1784
212 132 53 20 1096
465 138 24 16 R.
502 142 16 12 o.
531 138 22 15 A.
567 138 55 16 1897.
646 138 23 15 12
680 137 48 20 Maj.

182 206 42 26 väg
239 206 23 19 är
277 204 106 27 naturligt,
398 204 26 20 dä
440 204 92 21 fiskeriet
547 204 66 28 pägär
627 207 54 18 mest
692 212 33 13 om
736 205 90 20 vintern.
855 204 75 26 Enligt
940 211 25 13 en
978 204 24 20 af

182 232 77 21 norska
282 233 124 27 regeringen
426 233 103 28 uppgjord
545 232 112 22 berättelse
673 232 61 22 öfver
748 233 121 21 fiskerierna
885 233 6 20 i
907 232 93 21 Lofoten

182 260 93 28 framgär
297 260 78 28 tydligt
393 261 42 22 och
452 261 60 26 klart,
530 261 86 21 hvilken
632 268 71 14 enorm
719 268 70 14 massa
804 261 46 25 fisk,
864 268 44 14 som
924 260 76 28 fängas

182 288 68 22 under
272 289 205 27 vintermånaderna,
492 290 40 20 och
547 290 53 21 huru
616 290 85 27 otroligt
717 290 69 26 billigt
800 290 67 28 priset
882 290 71 20 ställer
968 290 34 26 sig

182 318 38 20 der
242 317 85 28 tillföljd
347 317 22 21 af
384 317 70 28 dåliga
470 318 215 26 kommunikationer;
700 318 41 21 och
756 318 28 20 dä
799 317 73 22 vidare
884 318 118 20 fraktkost-

182 346 93 21 naderna
296 353 37 21 per
355 346 88 28 jernväg
463 346 47 22 icke
526 346 72 22 blefve
613 346 64 28 högre
692 348 26 19 än
735 348 12 20 6
763 347 64 27 penni
842 354 38 20 per
894 346 44 22 kilo
953 346 47 20 frän

182 374 93 21 Lofoten
297 374 32 21 till
352 374 32 21 S:t
398 374 135 28 Petersburg,
549 375 23 21 sä
587 378 22 18 är
624 375 36 21 det
675 375 55 21 klart
745 378 31 18 att
791 375 70 21 denna
877 375 39 21 fisk
932 374 67 22 mäste

182 402 48 22 med
255 406 44 18 stor
321 402 69 22 fördel
412 403 71 21 kunna
504 406 155 26 transporteras
680 404 32 20 till
732 403 40 21 och
788 404 62 27 säljas
866 404 6 20 i
888 403 113 28 Ryssland.

183 432 43 20 Det
240 432 67 19 finnes
322 431 83 21 säledes
420 433 67 26 utsigt
502 435 30 17 att
547 432 127 21 ätminstone
690 439 25 14 en
731 436 45 17 stor
791 432 34 21 del
840 432 22 20 af
876 432 41 20 den
933 431 69 22 under

182 461 85 20 vintern
282 459 93 28 fängade
392 460 65 21 fisken
474 460 34 22 vid
524 461 94 20 Lofoten
633 461 83 20 komme
732 462 31 19 att
778 467 86 21 passera
880 460 51 21 vära
946 461 55 27 jern-

183 490 70 26 vägar.
283 488 43 21 Det
348 490 23 19 är
393 489 71 21 derför
487 489 47 21 icke
556 497 25 13 en
604 489 78 21 fantasi
704 491 32 18 att
751 489 67 28 påstå,
838 491 32 18 att
892 496 27 13 en
934 488 66 22 sådan

182 519 108 26 transport
305 517 47 21 frän
368 517 72 28 Norge
456 518 31 21 till
502 517 106 28 Ryssland
624 518 94 21 kommer
732 521 32 18 att
778 525 39 20 ega
832 525 53 18 rum,
895 520 51 18 utan
956 523 47 15 tror

181 546 36 27 jag
238 548 36 23 att,
290 545 23 21 sä
329 549 58 18 snart
403 546 162 21 Lofotenbanan
581 547 40 20 blir
636 546 57 28 bygd
709 546 40 21 och
764 546 39 21 vär
819 547 53 20 bana
888 548 22 19 är
925 545 76 28 färdig,

183 574 24 21 sä
221 574 54 21 skall
290 574 71 21 denna
374 577 108 26 transport
494 575 27 27 gä
536 575 61 21 öfver
613 575 26 21 de
654 575 66 21 finska
736 575 94 21 banorna
844 575 33 20 till
887 574 114 29 Ryssland.

182 603 35 20 Hr
239 602 134 29 Gripenberg
394 603 37 21 har
451 606 69 19 ansett
542 604 36 21 det
592 604 47 21 icke
655 604 66 20 finnas
736 603 47 21 skäl
799 603 32 21 till
846 606 33 17 att
893 603 66 21 önska
975 610 25 13 en

183 631 67 21 sädan
270 632 151 21 transitotrafik
443 631 62 22 öfver
527 632 67 21 finska
618 632 98 21 banorna.
746 632 42 21 Det
809 632 66 21 finnes
896 632 34 21 väl
946 631 55 22 dock

183 659 48 22 icke
246 660 65 27 något
326 659 55 27 land,
397 668 44 13 som
456 661 47 20 icke
518 668 65 19 gerna
599 660 91 21 sträfvar
705 660 55 21 efter
770 663 31 18 att
811 660 23 21 få
843 660 160 25 transitotrafik,

184 688 40 21 och
245 688 33 20 för
294 688 49 21 vära
360 689 96 27 nordliga
473 689 65 20 banor
553 697 51 13 vore
620 689 36 20 det
671 696 25 13 en
713 692 44 17 stor
772 689 68 27 lycka,
856 696 33 13 om
905 688 26 21 de
947 689 54 27 finge

183 716 70 21 denna
273 717 63 27 hjelp.
365 717 42 27 Jag
427 717 79 21 tillåter
527 719 43 26 mig
585 717 83 28 påpeka
683 717 186 27 nödvändigheten
885 717 23 20 af
923 719 31 18 att
968 717 35 20 för

184 744 69 21 denna
268 745 57 28 gäng
340 745 47 21 icke
403 745 81 22 besluta
500 746 32 27 sig
548 746 33 21 för
597 745 121 28 byggandet
732 745 22 21 af
769 746 70 20 banan
855 745 47 21 frän
915 745 88 28 Kuopio

182 773 33 21 till
229 773 122 22 Idensalmi.
381 773 101 22 Deremot
497 774 66 21 håller
577 775 36 28 jag
627 775 46 20 före
684 777 31 18 att
725 782 48 13 man
784 774 38 21 har
834 774 46 21 skäl
890 777 31 18 att
934 774 68 27 bygga

184 801 145 26 Vaalabanan,
352 810 47 13 men
420 803 39 20 har
477 803 110 28 ingenting
603 806 56 17 emot
673 806 31 17 att
720 802 54 21 bäda
790 803 63 20 dessa
869 803 66 20 banor
950 810 53 20 upp-

183 831 81 28 skjutas
286 831 32 20 till
342 833 60 19 nästa
424 831 108 28 landtdag.
561 831 76 28 Aldrig
660 831 37 21 bör
719 839 48 13 man
791 831 69 28 bygga
883 831 74 21 enbart
976 839 25 12 en

183 859 234 28 Kuopio—Idensalmi
429 860 60 25 bana,
503 863 23 24 ty
542 860 37 21 det
594 867 50 14 vore
660 862 31 18 att
706 859 64 22 binda
786 861 32 26 sig
833 860 34 20 för
882 859 121 21 framtiden.

251 904 57 22 Frih.
330 905 25 21 R.
371 906 26 20 A.
416 906 112 21 Wrede:
558 906 41 28 Jag
615 906 42 26 ber,
672 905 27 21 dä
714 905 58 21 tiden
788 908 23 18 är
826 905 23 21 sä
863 905 61 27 långt
939 905 64 21 fram-

183 933 93 26 skriden,
298 937 50 17 utan
371 933 73 21 vidare
460 935 125 27 motivering
601 933 74 22 endast
690 934 44 21 helt
749 934 72 21 enkelt
835 934 24 20 fä
873 934 130 20 understöda

183 962 34 21 Hr
232 962 120 20 Mechelins
367 962 81 28 förslag
462 962 32 20 till
510 962 41 21 alla
566 963 64 21 delar.

251 1002 34 20 Hr
307 1002 24 21 L.
355 1001 185 29 Gripenberg:
570 1002 41 28 Jag
634 1002 68 21 skulle
722 1002 47 21 icke
785 1002 73 21 vidare
874 1001 129 21 missbrukat

183 1031 26 21 R.
224 1038 19 13 o.
258 1031 38 20 A:s
311 1030 93 21 tålamod
420 1030 40 21 och
475 1030 38 25 tid,
528 1030 68 22 skulle
611 1030 48 21 icke
673 1030 35 21 Hr
724 1038 40 14 von
776 1030 113 21 Frenckell
899 1030 106 21 förebrätt

183 1060 44 26 mig
242 1066 26 14 en
283 1059 163 28 inkonsegvens,
457 1059 32 21 till
504 1059 86 21 hvilken
606 1060 35 28 jag
656 1059 46 21 icke
719 1059 39 21 kan
775 1059 70 21 känna
861 1059 42 27 mig
913 1058 91 28 skyldig.

183 1087 60 21 Tack
259 1094 50 14 vare
325 1094 25 14 en
367 1088 117 27 synnerligt
499 1088 67 20 snabb
583 1087 121 29 expedition
720 1088 22 20 af
757 1087 25 21 R.
798 1095 19 13 o.
832 1088 38 20 A:s
884 1087 120 28 stenograf-

183 1116 68 21 kansli
267 1116 38 20 har
319 1116 35 28 jag
370 1116 37 20 här
422 1119 165 24 stenogrammet
602 1116 22 21 af
639 1117 47 20 mitt
701 1116 70 21 första
781 1115 136 29 andragande
928 1117 4 19 i
944 1115 59 21 afton

184 1144 40 22 och
244 1145 67 21 finner
333 1145 43 27 mig
397 1144 75 21 dervid
490 1144 65 22 hafva
570 1147 71 25 yttrat,
657 1148 31 17 att
702 1144 37 21 det
754 1144 113 28 samtidiga
883 1144 122 28 byggandet

183 1174 24 20 af
227 1173 50 21 flere
299 1174 112 26 jernvägar
432 1173 94 21 medfört
547 1173 41 21 den
603 1173 138 27 olägenheten
759 1176 44 17 »att
818 1180 47 13 man
880 1180 77 20 genom
973 1176 32 17 att

183 1201 83 21 fördela
288 1201 27 21 de
338 1201 120 28 disponibla
480 1202 101 27 anslagen
604 1201 27 29 pä
652 1204 78 18 tvänne
745 1202 69 20 skilda
830 1201 66 21 banor
911 1201 94 27 förlängt

184 1230 129 21 arbetstiden
329 1230 12 20 &
357 1229 103 22 hvardera
471 1230 68 21 banan
549 1230 40 21 och
599 1230 119 29 uppskjutit
728 1230 41 21 den
780 1229 106 29 tidpunkt,
897 1230 27 20 dä
936 1230 67 20 banan

183 1260 82 20 kunnat
287 1258 99 28 upplåtas
408 1258 34 21 för
464 1258 81 22 trafik».
575 1259 33 21 Hr
631 1266 42 12 von
694 1258 114 21 Frenckell
830 1258 38 21 har
887 1258 71 21 funnit
973 1260 32 18 att

184 1288 162 28 konsegvensen
362 1286 23 21 af
399 1286 59 22 detta
472 1287 99 28 yttrande
588 1287 47 21 bort
650 1294 50 14 vara
716 1286 40 21 den
773 1289 31 18 att
822 1288 34 27 jag
874 1286 68 21 skulle
951 1286 53 28 yrka

184 1320 31 17 att
229 1315 224 26 Uleäborg—Torneä
468 1316 40 19 och
527 1315 129 26 Uleäborg—
667 1315 135 20 Vaalabanan
817 1315 109 26 samtidigt
938 1314 66 20 borde

184 1344 87 27 byggas.
299 1343 42 27 Jag
365 1342 36 21 ber
423 1343 94 20 häremot
538 1342 77 21 endast
636 1342 23 21 fä
681 1342 100 21 anmärka
800 1345 32 18 att
847 1341 63 22 dessa
925 1344 79 19 tvänne

183 1373 118 26 jernvägar,
324 1370 88 21 oaktadt
427 1370 26 21 de
472 1373 103 25 utmynna
590 1371 6 20 i
612 1378 79 13 samma
707 1373 33 18 ort
757 1370 113 28 Uleåborg,
885 1370 56 21 dock
956 1370 48 21 icke

183 1402 36 19 äro
243 1408 26 13 en
290 1399 41 22 och
349 1407 79 14 samma
445 1399 53 21 bana
514 1399 41 21 och
567 1402 31 18 att
613 1399 141 21 slutförandet
769 1399 22 21 af
806 1399 41 22 den
863 1407 40 13 ena
918 1399 23 21 af
955 1399 48 21 dem

184 1430 47 21 icke
247 1428 122 29 päskyndas
385 1428 121 28 derigenom
523 1431 32 18 att
569 1428 97 28 anslaget
680 1427 93 22 fördelas
784 1427 94 27 sälunda,
890 1431 31 18 att
933 1435 25 14 en
969 1428 35 21 del

183 1459 86 21 anvisas
291 1458 31 21 till
346 1457 300 28 Uleäborg—Torneäbanan,
665 1457 40 21 den
725 1457 66 21 andra
814 1457 32 22 till
868 1457 135 28 Uleäborg—

183 1487 68 22 Vaala
273 1488 93 27 jernväg.
396 1485 33 22 En
452 1485 65 22 sådan
538 1486 122 28 fördelning
679 1493 51 14 vore
752 1487 36 20 väl
805 1486 49 21 icke
870 1493 26 14 en
911 1487 94 20 koncen-

183 1517 85 25 tration,
283 1516 70 21 säsom
369 1514 33 22 Hr
416 1522 44 14 von
474 1514 114 22 Frenckell
603 1522 64 20 synes
682 1515 101 21 förmena.
