1109 1800
335 130 80 21 Qvinna
427 131 70 18 såsom
509 132 202 22 rättegångsombud.
850 127 54 21 1675

184 198 75 21 vinner
274 198 41 28 nej,
329 198 82 29 afböjes
427 200 127 22 densamma.

183 265 66 22 Detta
268 267 223 28 omröstningsförslag
506 268 128 21 besvarades
650 268 47 21 med
713 268 159 28 öfvervägande
888 269 45 27 nej;

112 293 43 22 och
170 293 55 22 hade
239 294 26 21 R.
276 302 18 13 o.
305 295 26 20 A.
347 295 57 28 förty
419 295 87 21 beslutit
518 296 71 28 afböja
599 296 191 28 Borgareståndets
801 296 132 29 inbjudning.

332 494 78 23 Ovinna
425 493 71 24 säsom
513 494 202 29 rättegängsombud.

180 562 57 21 Frän
260 563 152 28 Lagutskottet
431 564 55 21 hade
505 564 69 28 ingätt
589 572 26 13 en
631 564 112 21 skrifvelse
759 564 34 21 för
807 564 69 21 denna
891 564 43 29 dag

110 591 25 22 af
147 591 94 29 följande
257 592 101 21 innehäll:

272 677 42 21 Till
329 677 122 29 Höglofliga
466 679 159 28 Ridderskapet
639 679 46 28 och
695 678 76 21 Adeln.

179 745 32 22 Af
225 746 154 28 Lagutskottet
393 747 181 21 tillhandakomna
589 747 195 28 protokollsutdrag
796 747 62 21 öfver
868 747 64 21 Stän-

110 774 54 21 dens
187 774 70 21 beslut
275 775 37 21 vid
328 775 155 28 behandlingen
499 775 23 21 af
538 775 121 22 Utskottets
675 775 134 22 betänkande
824 775 42 22 N:o
883 777 25 20 17
924 776 8 20 i

111 802 117 29 anledning
243 803 22 21 af
280 803 79 28 nädiga
374 805 160 27 propositionen
546 804 110 28 angäende
671 804 97 28 partiella
783 804 149 27 förändringar

110 832 8 20 i
137 831 209 28 rättegångsbalken,
369 832 72 21 sävidt
461 833 71 21 denna
551 833 132 28 proposition
704 832 77 21 hänför
795 833 33 28 sig
842 833 33 20 till
890 834 12 19 2
919 833 12 26 $

112 861 26 20 15
154 860 49 28 kap.
217 861 7 20 i
240 860 65 28 sagda
321 861 56 26 balk,
391 861 101 28 framgår:

179 931 30 19 att
231 929 25 21 R.
277 937 19 13 o.
317 929 26 22 A.
365 929 95 28 godkänt
476 929 149 27 betänkandet,
640 932 58 19 utom
714 932 31 19 att
759 931 6 20 i
781 930 150 28 författnings-

110 957 114 28 förslagets
245 961 45 18 text
312 958 55 21 efter
382 958 65 21 orden
466 959 104 28 »skicklig
581 966 61 13 man»
659 959 108 28 inskjutits
783 958 66 22 orden
867 959 64 21 veller

107 987 102 27 gvinna»,

176 1058 31 18 att
222 1055 163 22 Presteständet
400 1057 82 27 antagit
497 1056 144 21 betänkandet
657 1056 144 27 oförändradt,

176 1126 31 18 att
231 1124 182 28 Borgareständet
435 1125 7 20 i
465 1124 65 22 saken
553 1128 85 18 stannat
661 1126 5 20 i
691 1132 78 14 samma
792 1125 70 21 beslut
884 1132 45 14 som

107 1152 26 21 R.
149 1159 18 14 0.
182 1152 33 26 A,

175 1224 32 18 att
221 1221 164 22 Bondeständet
400 1221 106 22 förkastat
522 1222 149 26 betänkandet,

175 1293 32 18 att
229 1290 26 21 R.
275 1297 19 14 o.
312 1290 27 21 A.
361 1290 88 21 beslutit
467 1290 36 21 det
520 1291 85 21 Preste-
621 1290 41 21 och
676 1290 168 21 Bondeständen
860 1291 68 20 skulle

110 1318 97 29 inbjudas
227 1321 31 19 att
275 1319 74 21 förena
365 1319 32 27 sig
412 1326 34 14 om
459 1319 26 21 R.
501 1326 18 14 o.
534 1320 39 21 A:s
588 1319 70 21 beslut
672 1319 165 21 vidkommande
852 1319 76 22 ofvan-

110 1347 90 21 berörda
214 1347 75 28 tillägg
303 1347 32 21 till
350 1347 248 28 författningsförslaget,
613 1350 54 18 samt

175 1418 30 18 att
220 1416 85 21 Preste-
321 1416 40 21 och
377 1416 167 21 Bondeständen
560 1416 68 27 afböjt
643 1416 66 27 sagda
723 1416 133 27 inbjudning.

174 1477 12 20 I
209 1477 115 28 anledning
346 1477 61 21 häraf
425 1477 40 20 och
480 1477 34 20 för
529 1476 108 22 vinnande
653 1477 22 20 af
690 1477 65 28 nödig
770 1477 158 28 ständerplura-

106 1505 48 22 litet
168 1506 35 21 för
217 1505 163 29 ifrågavarande
397 1505 133 22 betänkande
546 1505 33 22 får
594 1505 113 22 Utskottet
722 1505 109 23 vördsamt
842 1505 84 27 föreslå,
