1089 1798
200 132 53 32 1442
435 141 24 15 R.
471 145 18 12 0.
502 141 21 15 A.
537 140 54 17 1897.
615 141 26 16 24
654 140 47 20 Maj.

169 208 48 21 vårt
237 211 47 24 eget
298 208 60 21 lands
374 208 99 28 politiska
487 208 30 25 lif,
532 215 44 14 som
588 208 133 25 bestämmer,
735 207 103 21 huruvida
852 207 22 21 vi
890 207 60 20 hotas
965 206 23 21 af

169 236 48 28 krig
232 236 50 21 eller
293 236 54 27 icke,
358 243 47 14 men
416 236 117 28 uppenbart
543 238 28 25 är,
581 239 32 18 att
625 236 37 21 det
677 237 22 19 är
709 235 34 21 för
753 235 37 22 vår
803 235 99 29 politiska
914 235 74 20 känsla

168 265 131 28 nödvändigt
321 268 32 17 att
371 267 51 26 göra
441 265 78 27 nödiga
532 265 147 28 uppoffringar
693 264 34 21 för
741 264 82 21 landets
838 264 88 25 försvar,
941 263 47 26 och,

169 301 34 14 om
218 301 47 13 man
295 301 60 13 genom
371 293 128 28 stadganden
516 269 83 55 sådana,
614 301 44 13 som
670 292 38 21 här
719 295 23 18 är
752 292 60 29 fråga
822 300 40 19 om,
872 292 41 21 kan
924 293 63 20 vinna

169 321 130 22 fortfarande
309 321 134 29 varaktighet
451 321 22 21 åt
480 321 37 22 det
526 322 8 20 i
544 321 91 22 fredstid
642 321 152 29 jemförelsevis
802 321 90 28 lindriga
899 321 89 20 militär-

169 353 85 23 system,
268 357 44 14 som
327 351 22 20 vi
364 358 26 13 nu
406 350 56 25 bära,
476 363 28 3 —
518 351 34 27 jag
562 353 60 25 säger
631 349 152 29 jemförelsevis
793 350 97 28 lindriga,
900 349 87 21 emedan

169 359 37 40 det
227 381 23 18 är
270 378 86 29 lindrigt
374 379 8 20 i
401 378 119 29 jemförelse
538 379 48 20 med
601 379 66 20 andra
681 382 75 17 staters
771 378 23 21 af
808 386 81 13 samma
903 377 85 26 storlek,

169 421 28 2 —
217 407 24 21 så
261 409 23 18 är
303 407 22 28 ju
343 407 58 21 detta
417 410 31 18 ett
461 407 84 21 talande
560 407 51 21 skäl.
641 407 44 21 Det
699 407 66 28 gäller
780 407 81 21 således
876 407 40 20 den
932 409 56 18 stora

170 435 149 29 uppoffringen
335 438 31 19 att
380 435 47 21 icke
442 437 8 19 i
465 435 52 21 strid
532 435 48 21 med
595 435 37 22 det
646 435 109 29 praktiska
771 435 118 22 ändamålet
901 435 49 20 med
962 442 25 13 en

171 465 64 20 sådan
250 464 126 28 författning
391 467 78 18 utsätta
480 471 24 13 en
515 467 102 23 nurherär,
627 472 44 13 som
681 471 48 14 man
740 464 55 21 dock
805 463 47 22 icke
862 464 42 21 kan
914 464 73 21 stricte

169 493 72 21 bevisa
262 493 33 20 till
317 493 32 20 sin
371 493 107 28 riktighet,
499 492 67 22 såsom
583 493 104 21 eventuell
701 494 61 27 gräns
777 492 34 21 för
826 493 118 28 tvångsköp
960 505 27 2 —

169 521 47 22 icke
237 521 186 28 tvångsuttagning
446 525 47 18 utan
516 521 124 29 tvångsköp.
669 521 82 22 Hvilka
772 521 41 21 alla
834 521 154 28 konsegvenser

168 550 71 21 kunna
253 550 56 28 ligga
323 551 8 20 i
346 550 37 21 det
397 550 22 21 af
433 550 57 21 Frih.
501 557 41 14 von
551 550 90 21 Alfthan
651 550 112 21 förcrdade
774 549 101 29 förslaget
885 549 103 22 behöfver

169 579 34 28 jag
219 579 47 20 icke
280 579 86 28 utlägga
381 579 54 20 efter
450 579 25 20 de
489 579 113 28 premisser
615 579 36 28 jag
664 579 90 28 tidigare
769 578 122 22 framhällit.

235 636 35 21 Hr
284 636 24 21 L.
325 635 190 30 Gripenberg:
537 636 12 21 I
565 636 36 21 det
616 636 140 28 andragande,
770 636 102 21 hvarmed
887 636 99 21 debatten

168 665 94 21 inleddes
278 665 22 21 af
314 664 57 21 Frih.
385 665 86 26 Wrede,
486 665 108 21 framhölls
609 665 99 20 hurusora
720 665 41 21 den
771 665 161 28 omständighet,
942 673 45 13 som

167 693 37 21 vid
224 693 154 28 granskningen
401 693 22 21 af
445 694 59 21 detta
527 693 113 29 lagförslag
659 693 75 21 främst
748 693 118 28 förtjenatle
882 693 105 27 afseende,

168 730 38 13 var
220 722 84 28 frågans
319 722 95 28 rättsliga
429 722 56 21 sida:
500 722 103 21 huruvida
617 730 49 13 man
680 722 47 21 icke
740 729 75 21 genom
828 722 126 28 antagandet
964 722 23 21 af

167 750 37 21 det
219 750 144 21 föreliggande
378 751 136 28 lagförslaget
528 750 140 29 tilläfventyrs
683 751 70 20 kunde
767 751 84 21 komma
863 754 31 18 att
906 751 81 21 kränka

167 779 41 21 den
223 779 96 21 enskilda
334 779 159 28 eganderättens
507 779 64 29 helgd
590 779 39 21 och
642 779 61 28 bryta
715 783 56 18 emot
783 779 26 22 de
822 780 165 28 rättsprinciper,

167 815 44 14 som
233 808 53 21 böra
307 809 61 27 göras
391 808 101 27 gällande.
522 808 12 21 I
551 808 118 28 jemförelse
684 808 48 21 med
748 808 68 21 denna
830 808 95 28 rättsliga
941 808 46 21 sida

167 843 50 14 vore
232 836 26 21 de
274 836 135 21 ekonomiska
421 837 156 28 synpunkterna
586 836 23 22 af
618 837 151 27 jemförelsevis
780 836 81 22 mindre
871 837 116 28 betydelse.

167 864 41 28 Jag
229 867 23 18 är
271 865 49 21 med
341 865 111 21 Friherren
468 865 49 21 fullt
532 873 47 14 ense
595 873 34 13 om
645 865 68 21 denna
727 865 137 29 uppfattning
878 865 23 21 af
916 865 70 22 saken.

167 893 45 21 Det
227 901 60 21 synes
302 894 28 21 mig
361 893 116 22 emellertid
491 894 119 29 uppenbart
624 897 33 18 att
670 893 72 29 frägan
759 902 33 14 om
808 894 36 22 det
859 896 65 19 större
936 894 51 22 eller

166 922 81 21 mindre
262 922 57 21 antal
331 902 78 46 hästar,
425 930 44 13 som
483 930 75 20 genom
571 922 124 28 utskrifning
709 923 70 21 kunde
789 926 89 25 uttagas,
888 923 47 21 icke
948 923 38 21 har

165 950 64 28 något
244 951 149 28 sammanhang
407 951 49 21 med
472 951 126 29 rättsfrågan
609 955 51 17 utan
672 953 22 19 är
707 951 22 21 af
736 954 47 18 rent
790 952 122 20 ekonomisk
919 955 66 18 natur.

166 978 112 22 Huruvida
292 979 53 21 flere
361 980 51 20 eller
426 979 55 21 färre
496 980 71 21 hästar
581 984 83 24 uttagas
679 980 76 21 verkar
769 980 48 21 icke
832 981 7 20 i
854 980 67 28 någon
936 980 49 21 mån

166 1008 28 27 på
216 1010 111 25 systemets
349 1008 96 28 rättsliga
464 1008 78 21 verkan
557 1011 106 25 gentemot
678 1008 54 25 dem,
747 1008 73 22 hvilka
834 1009 80 27 nödgas
930 1009 56 21 afstå

166 1036 46 20 sina
233 1036 76 20 hästar.
338 1036 49 21 Den
406 1036 89 21 ledande
509 1036 78 22 tanken
602 1038 7 19 i
624 1037 48 21 hela
687 1036 59 21 detta
760 1040 78 25 system
853 1037 67 21 måste
935 1045 51 13 vara

167 1064 48 27 den,
237 1067 32 18 att
283 1072 48 13 man
345 1065 38 21 vill
398 1064 129 22 tillförsäkra
541 1067 70 19 armén
626 1065 37 21 det
677 1065 77 27 nödiga
769 1066 80 20 antalet
863 1066 71 20 hästar
949 1066 36 20 vid

166 1092 174 29 mobiliseringen.
369 1093 49 21 Mer
432 1096 26 18 än
473 1100 44 14 som
533 1094 101 22 behöfves
650 1094 94 20 kommer
754 1093 47 22 icke
813 1097 31 18 att
854 1097 83 25 uttagas
946 1094 38 21 och

165 1121 81 21 mindre
261 1123 26 19 än
302 1129 45 13 som
361 1122 102 21 behöfves
478 1122 39 21 bör
533 1126 100 25 systemet
647 1122 47 21 icke
710 1122 74 21 lemna.
807 1122 45 22 Vid
860 1122 74 22 sådant
942 1122 43 21 för-

165 1149 97 22 hållande
285 1158 60 20 synes
367 1150 37 21 det
425 1152 43 26 mig
490 1151 66 21 strida
579 1154 56 18 emot
655 1151 146 28 grundtanken
816 1152 8 20 i
838 1154 101 26 systemet
954 1154 32 18 att

165 1178 104 21 fastställa
292 1182 31 18 ett
344 1180 121 25 maximum,
485 1186 33 14 om
541 1180 62 21 hvars
623 1180 101 28 riktighet
738 1187 49 13 man
801 1180 48 21 icke
864 1180 41 21 kan
920 1180 65 21 hafva

165 1207 68 28 någon
248 1206 61 22 säker
323 1207 117 29 utredning.

233 1264 58 21 Frih.
305 1264 24 21 R.
344 1264 27 21 A.
385 1264 107 22 Wrede:
507 1264 42 29 Jag
564 1267 23 18 är
599 1273 48 12 ense
658 1265 49 21 med
719 1266 41 21 den
770 1266 52 21 sista
832 1266 63 21 ärade
904 1267 80 20 talaren

165 1293 72 20 derom
252 1295 31 18 att
298 1292 73 28 frågan
387 1300 33 13 om
435 1293 74 28 högsta
525 1293 78 21 antalet
618 1293 76 27 hästar,
709 1301 44 14 som
769 1294 34 21 får
817 1295 37 20 vid
862 1294 122 28 krigsbehof

165 1321 120 24 utskrifvas,
299 1320 48 21 icke
363 1323 22 18 är
400 1328 25 13 en
439 1321 119 28 rättsfråga,
573 1321 125 22 åtminstone
713 1323 47 20 icke
771 1323 7 20 i
789 1323 41 20 den
839 1324 90 26 mening,
940 1331 43 13 som

165 1348 73 27 frågan
261 1355 34 14 om
313 1348 40 20 den
369 1349 120 26 ersättning,
504 1356 43 13 som
563 1349 54 20 skall
632 1349 34 21 för
680 1350 99 20 hästarna
793 1353 111 24 presteras,
920 1351 63 20 ehuru

163 1377 35 26 jag
213 1376 122 28 visserligen
350 1375 13 21 ä
377 1376 65 21 andra
457 1377 59 20 sidan
531 1377 48 21 icke
594 1377 41 21 kan
650 1377 69 28 undgå
729 1381 32 18 att
770 1377 65 26 finna,
844 1381 32 18 att
885 1379 22 27 ju
917 1381 66 19 större

164 1404 79 21 antalet
263 1404 72 22 hästar
349 1406 29 25 är,
393 1412 44 13 som
451 1405 122 27 utskrifves,
587 1405 48 22 dess
650 1406 81 21 mindre
746 1406 41 22 blir
801 1407 136 28 möjligheten
952 1410 32 19 att

163 1441 76 20 genom
253 1433 27 22 de
295 1435 89 27 utvägar
398 1433 136 30 lagförslaget
548 1434 114 22 innehåller
676 1435 146 22 åstadkomma
832 1443 25 14 en
867 1437 115 28 prestation

163 1462 23 21 af
200 1462 61 21 dessa
276 1463 71 21 hästar
361 1462 29 29 på
403 1466 64 17 annat
482 1465 42 20 sätt
539 1466 26 19 än
579 1471 74 21 genom
668 1464 139 29 tvångslösen.
837 1465 41 28 Jag
892 1465 38 21 ber
946 1465 37 22 be-

163 1491 107 22 träffande
289 1491 68 22 denna
372 1491 59 28 fråga
446 1499 33 14 om
495 1494 114 27 ersättning
623 1496 32 18 att
669 1493 22 21 få
705 1497 107 24 gentemot
827 1493 33 22 Hr
875 1494 108 22 Mechelin

163 1520 100 23 anmärka
278 1523 31 19 att
325 1521 64 28 enligt
403 1520 137 30 lagförslaget
554 1522 37 21 det
604 1521 48 22 icke
667 1521 49 23 vore
732 1525 31 20 ett
777 1523 125 29 tvångsköp,
917 1527 23 25 ty
950 1524 32 21 till
