1086 1800
203 134 54 20 1328
445 140 24 16 R.
483 144 17 12 o.
513 140 21 16 A.
548 140 54 17 1897.
628 138 22 17 19
663 138 46 21 Maj.

172 208 42 20 tivt
235 214 47 13 man
306 209 26 18 än
353 206 35 21 mä
401 207 91 27 granska
507 206 57 21 detta
580 204 296 29 sammanjemkningsförslag,
890 205 23 21 sä
927 204 67 21 mäste

172 243 50 13 man
236 234 56 21 dock
306 235 85 21 komma
404 234 32 21 till
452 235 37 21 det
502 234 92 28 resultat,
609 238 31 18 att
655 234 62 21 äfven
732 234 37 20 det
783 233 38 21 bär
836 233 87 28 prägeln
938 233 22 20 af
970 240 25 14 en

174 264 81 27 ensidig
269 263 99 28 riktning,
383 262 22 22 af
417 262 129 22 öfverdrifna
562 263 89 28 anspråk
666 262 28 28 pä
708 262 151 26 förändringar,
870 269 58 13 mera
936 261 59 28 långt

173 292 87 28 gäende,
284 294 26 18 än
332 292 81 21 landets
436 292 94 28 verkliga
550 291 145 22 förhällanden
709 290 70 22 kunde
794 290 85 28 päkalla
893 290 51 21 eller
959 297 35 14 ens

173 320 113 28 medgifva.
315 320 42 28 Jag
378 320 103 22 behöfver
501 320 105 28 knappast
627 320 86 28 tillägga
727 322 32 18 att
774 319 221 28 sammanjemknings-

174 349 101 28 förslaget
297 348 102 29 derjemte
421 350 80 20 vittnar
515 356 33 14 om
563 352 31 18 ett
609 348 71 22 alltför
694 349 60 27 ringa
768 348 119 22 beaktande
902 348 23 21 af
938 347 57 22 hvad

173 380 78 20 tvänne
266 378 22 20 af
303 378 138 28 landtdagens
456 377 67 22 Ständ
537 378 7 20 i
559 378 68 21 denna
641 377 59 27 fräga
715 377 92 21 beslutit.

242 406 45 22 Det
301 406 44 27 har,
359 410 43 17 tror
415 406 41 28 jag,
471 407 7 20 i
493 407 31 21 sin
540 406 47 21 män
602 406 92 28 bidragit
704 408 32 18 att
745 406 96 21 försvåra
851 408 32 18 ett
892 412 103 14 samman-

175 435 85 28 gäende,
276 434 27 22 dä
318 443 47 13 man
380 435 47 21 frän
442 435 73 28 början
529 435 83 21 försökt
627 438 31 18 att
672 436 8 19 i
695 434 23 21 sä
732 434 102 22 distinkta
849 434 91 28 punkter
951 441 45 14 som

173 464 83 28 möjligt
278 463 59 29 gifva
358 463 86 29 uttryck
463 464 22 20 ät
500 464 38 21 allt
552 463 36 21 det
603 464 122 27 väsentliga,
740 470 44 14 som
799 470 26 14 en
840 463 34 27 lag
889 462 106 28 angäende

174 492 148 29 spräkfrägans
345 492 106 21 ordnande
473 492 65 21 borde
558 492 109 21 innefatta.
705 492 44 20 Det
771 492 53 21 skall
846 491 60 21 alltid
929 490 67 22 blifva

174 521 107 28 vanskligt
303 524 32 18 att
357 521 74 21 endast
452 521 27 28 pä
497 521 63 22 basen
576 520 22 21 af
613 524 31 18 ett
658 520 180 29 petitionsförslag
877 520 65 20 granska
956 520 40 21 och

175 549 83 21 komma
272 550 33 20 till
319 550 96 28 lämpligt
430 549 74 27 beslut,
519 549 133 22 beträffande
667 557 26 13 en
708 549 34 21 hel
755 550 52 20 serie
818 528 47 42 med
879 524 117 58 hvatandra

175 578 179 22 sammanbundna
370 578 228 29 grundbestämningar.
627 578 125 21 Emellertid
766 578 57 21 visar
837 578 37 21 det
889 578 31 28 sig
935 578 61 23 dock,

175 609 37 19 när
226 615 49 14 man
289 607 76 29 jemför
379 607 313 29 sammanjemkningsförslaget
706 607 49 21 med
771 607 26 21 de
813 607 68 22 skilda
891 606 105 22 Ståndens

175 636 75 27 beslut,
264 639 33 18 att
311 636 62 21 dessa
387 637 5 20 i
409 637 62 26 vissa,
485 637 79 28 ganska
578 637 81 27 vigtiga
674 636 57 21 delar
746 636 187 21 öfverensstämma
948 636 49 21 med

175 665 124 22 hvarandra.
328 665 41 28 Jag
391 665 37 21 ber
450 666 7 20 i
472 665 74 21 sådant
560 665 100 22 afseende
675 665 88 21 framför
778 665 38 21 allt
831 665 22 21 få
868 664 84 29 påpeka
966 668 31 17 att

176 693 57 22 såväl
255 695 7 20 i
284 693 122 23 Utskottets
421 694 144 29 ursprungliga
579 693 133 22 betänkande
728 701 45 14 som
787 694 8 20 i
810 693 40 22 den
865 693 71 22 dertill
950 695 47 19 när-

176 726 54 18 mast
249 723 32 27 sig
296 723 121 21 anslutande
433 723 67 20 första
514 723 155 22 reservationen
683 723 40 20 och
737 722 41 22 den
793 722 46 21 från
855 722 142 22 betänkandet

176 759 57 14 mera
255 751 90 29 aflägset
364 751 81 28 gående
460 751 65 22 andra
539 752 153 21 reservationen
708 755 102 25 upptages
825 751 68 22 såsom
908 751 89 21 ledande

175 780 92 29 grunder
281 780 34 21 för
330 780 216 28 lagstiftningsåtgärd
560 781 8 20 i
583 781 64 21 saken
662 780 102 29 åtskilligt
779 780 80 25 sådant,
873 787 46 14 som
932 780 66 21 redan

177 811 23 19 är
214 816 75 21 genom
303 809 168 21 administrativa
485 809 149 28 författningar
648 809 99 28 stadgadt
761 809 41 20 och
817 809 71 20 derför
902 808 39 21 bör
952 809 8 20 i
972 816 25 13 en

177 837 75 22 allmän
276 837 34 28 lag
331 838 8 20 i
360 837 63 28 detta!
437 839 60 20 ämne
510 837 84 22 införas.
624 837 80 21 Vidare
720 837 92 22 innehöll
826 838 172 27 petitionärernes

176 862 108 36 memorial
298 861 88 58 förslag
392 873 33 14 om
441 866 65 21 sådan
520 866 145 27 utsträckning
677 866 22 21 af
713 874 27 13 nu
755 866 97 29 gällande
863 865 135 28 stadganden,

177 898 32 18 att
230 894 70 21 finska
322 894 86 29 språket
429 895 65 21 borde
512 895 8 20 i
535 895 120 28 expedition
669 895 33 20 till
717 895 106 28 sakegare,
838 902 44 14 som
897 894 28 29 på
939 894 59 21 detta

177 923 64 29 språk
262 923 88 22 affattat
371 924 45 20 sina
437 923 86 29 inlagor,
542 924 106 21 användas
662 924 77 27 jemväl
753 923 38 22 vid
805 923 26 22 de
846 923 152 29 myndigheter,

178 960 44 14 som
236 952 76 21 hittills
327 953 47 21 icke
389 952 120 29 förpligtats
524 953 32 21 till
571 952 125 22 utfärdande
711 953 23 20 af
745 952 157 29 finskspråkiga
912 952 86 21 expedi-

177 982 73 21 tioner.
278 981 67 21 Detta
359 989 38 14 var
411 981 121 29 visserligen
547 981 47 22 icke
609 981 49 21 med
673 981 78 21 sådana
765 981 39 22 ord
819 981 105 28 uttryckt;
955 984 43 18 detta

178 1013 56 18 stora
249 1013 47 24 steg
310 1010 77 21 framåt
401 1017 44 19 var,
459 1010 24 21 så
497 1013 32 18 att
543 1012 56 26 säga,
613 1009 116 22 inbäddadt
744 1011 7 20 i
766 1010 27 21 de
808 1010 104 21 allmänna
926 1013 72 23 satser,

178 1039 7 21 i
199 1039 73 21 hvilka
286 1039 231 28 petitionsmemorialet
531 1047 37 13 var
582 1038 107 27 affattadt,
703 1046 48 14 men
765 1040 63 27 ingen
842 1039 42 21 kan
899 1039 51 20 eller
961 1039 38 20 vill

178 1067 94 21 bestrida
292 1070 33 18 att
343 1067 47 21 icke
404 1067 42 28 just
461 1067 58 22 detta
534 1067 78 28 förslag
626 1067 71 28 ingick
712 1068 7 20 i
733 1067 136 22 memorialet.
898 1067 48 21 Och
961 1075 37 20 up-

178 1096 90 28 penbart
282 1097 24 19 är
320 1099 32 17 att
363 1103 25 14 en
399 1095 63 22 sådan
473 1096 72 21 vidare
555 1096 122 28 utveckling
687 1096 45 21 utaf
739 1095 175 28 likställighetens
921 1095 77 29 grund-

179 1127 49 23 sats,
248 1124 64 21 också
334 1124 96 21 innebars
451 1125 31 20 uti
503 1125 41 21 den
566 1124 22 21 af
602 1125 84 20 Preste-
700 1124 40 21 och
755 1124 172 21 Bondeståndens
941 1124 57 21 leda-

179 1155 67 18 möter
261 1153 7 20 i
282 1152 113 22 Utskottet
409 1152 125 22 framstälda
548 1153 160 26 reservationen,
723 1160 34 13 om
771 1152 65 22 också
850 1153 68 21 denna
932 1160 67 14 reser-

178 1182 72 21 vation
264 1181 48 21 icke
328 1181 49 21 ville
392 1184 74 19 stanna
480 1181 80 27 härvid,
575 1184 49 18 utan
634 1181 111 21 framkalla
751 1181 84 29 lagbud,
844 1189 73 21 genom
926 1181 74 22 hvilka

179 1218 49 13 man
248 1210 67 21 skulle
333 1210 94 28 aflägsna
442 1211 32 27 sig
489 1210 47 21 från
549 1210 174 28 likställighetens
738 1210 117 28 grundsats.
883 1210 35 21 En
932 1210 68 28 vigtig

179 1238 161 29 omständighet,
354 1238 107 28 angående
476 1238 85 22 hvilken
576 1238 217 22 öfverensstämmelse
803 1238 77 29 jemväl
889 1238 111 29 framlyser

179 1275 24 13 ur
224 1267 27 21 de
266 1267 70 21 skilda
350 1266 104 22 Ståndens
466 1267 75 27 beslut,
555 1270 23 18 är
592 1270 32 18 att
639 1275 25 13 en
680 1267 63 21 sådan
759 1267 131 29 bestämning
904 1267 39 21 bör
957 1267 43 21 till-

179 1296 89 26 komma,
291 1296 65 28 enligt
377 1296 87 21 hvilken
483 1296 40 21 alla
539 1296 209 28 embetshandlingar,
763 1304 44 13 som
823 1296 58 22 skola
896 1296 103 28 delgifvas

179 1324 105 26 kommun,
306 1324 34 21 må
361 1324 84 22 komma
467 1324 68 22 denna
552 1324 102 22 tillhanda
668 1324 28 28 på
710 1325 37 21 det
761 1324 69 28 språk,
845 1332 44 14 som
904 1327 23 18 är
942 1325 37 21 det
992 1325 9 21 i

179 1353 137 20 kommunens
331 1352 174 27 angelägenheter
519 1352 97 21 rådande.

248 1380 35 20 Då
304 1388 28 12 nu
354 1379 23 21 så
399 1380 80 28 vigtiga
499 1380 177 28 omständigheter
692 1388 44 13 som
750 1380 63 22 dessa
824 1383 35 19 äro
874 1380 127 28 tillräckliga

180 1408 34 22 för
235 1411 32 18 att
288 1408 154 21 karaktärisera
456 1410 60 19 arten
530 1408 40 21 och
585 1408 66 22 syftet
665 1408 23 21 af
702 1409 37 21 det
753 1408 97 29 åsyftade
865 1408 136 29 lagförslaget

180 1438 7 20 i
210 1439 75 24 ämnet,
306 1437 23 21 så
350 1444 61 21 synes
434 1438 43 27 mig
492 1440 32 18 att
539 1412 272 58 Språkpetitionsutskottet
824 1438 55 21 hade
893 1438 47 21 haft
948 1414 52 56 skäl

180 1468 32 19 att
232 1468 51 26 taga
303 1466 81 28 hänsyn
399 1465 70 22 härtill
484 1465 40 21 och
538 1468 94 26 uppgöra
647 1466 313 30 sammanjemkningsförslaget
974 1467 28 29 pä

180 1494 79 22 sädana
280 1495 95 28 grunder.
404 1494 42 29 Jag
464 1495 42 21 kan
521 1494 46 22 icke
582 1498 63 18 annat
660 1495 58 21 finna
733 1498 27 19 än
774 1498 33 19 att
821 1496 40 21 den
877 1499 55 18 emot
947 1504 54 13 sam-

181 1523 267 29 manjemkningsförslaget
467 1523 81 29 afgifna
569 1525 155 21 reservationen
746 1527 23 19 är
790 1524 119 30 berättigad
927 1525 74 27 deruti,
