1095 1798
333 127 174 17 Statsutskottets
520 128 223 17 anslagsbetänkände.
782 137 2 2 -
863 122 52 20 1527

129 194 124 28 landtdagar
274 194 38 21 och
331 194 126 22 framträder
470 196 8 20 i
493 197 54 19 ännu
561 195 64 28 högre
640 196 52 28 grad
706 196 36 20 vid
756 196 69 21 denna
839 195 106 29 landtdag.

128 223 73 27 Enligt
222 223 26 21 de
271 224 106 27 uppgifter
399 223 171 21 Statsutskottets
588 224 138 21 förevarande
741 224 131 21 betänkande
887 232 58 12 med-

128 251 59 21 delar
201 251 67 21 skulle
283 251 141 21 statsfondens
439 252 120 28 behållning
573 252 36 21 vid
624 252 103 27 utgången
742 252 22 21 af.
781 252 23 20 år
815 253 53 21 1896
881 252 65 22 hafva

128 280 77 27 utgjort
226 280 7 20 i
255 279 62 21 rundt
336 280 29 20 tal
381 280 124 25 26,800,000
520 280 59 21 mark
593 280 40 21 och
659 280 112 28 kalkyleras
790 280 37 21 vid
841 280 104 28 utgången

127 307 23 21 af
170 308 140 20 innevarande
332 308 23 20 år
374 308 33 20 till
429 309 124 25 32,500,000
574 308 65 22 mark.
668 308 13 20 I
702 308 111 28 anledning
833 308 61 21 häraf
908 309 38 20 har

126 336 64 21 också
212 336 66 28 enligt
294 336 70 21 dertill
379 336 122 21 meddeladt
515 336 94 22 tillstånd
624 336 45 21 från
685 336 130 22 statsfonden
831 336 114 22 öfverförts

125 364 67 21 under
206 365 41 20 den
261 364 149 28 finansperiod,
428 372 43 14 som
487 365 66 27 utgår,
569 368 30 18 ett
614 365 76 28 belopp
706 365 22 21 af
743 366 12 20 6
770 366 95 27 miljoner
879 365 66 25 mark,

125 392 39 22 och
188 400 25 14 en
235 392 58 28 dylik
315 392 131 29 öfverföring
460 395 23 19 är
498 394 33 20 för
546 396 59 19 nästa
620 393 142 29 finansperiod
777 393 121 29 medgifven
913 394 32 21 till

125 424 31 18 ett
171 421 77 29 belopp
263 421 23 21 af
300 422 12 20 9
328 421 100 28 miljoner.
458 421 29 21 Så
500 422 194 21 tillfredsställande
709 422 37 20 det
760 424 26 19 än
801 424 23 19 är
834 425 31 18 att
875 422 69 21 öfver-

124 449 94 29 föringar
239 450 33 20 till
294 450 23 21 så
338 453 57 18 stora
408 450 62 28 belopp
501 450 78 21 kunnat
594 450 43 26 ske;
652 450 23 21 så
688 450 111 22 framkalla
813 450 56 21 dock
883 451 62 20 dessa

124 478 23 21 af
168 480 42 26 mig
228 486 27 13 nu
277 478 110 29 påpekade
408 478 146 22 förhållanden
573 479 46 21 åter
632 478 40 22 och
687 478 49 22 med
752 478 55 22 ökad
822 478 72 29 styrka
909 478 35 22 det

123 506 45 22 ofta
192 506 92 22 uttalade
306 507 39 21 och
367 506 71 22 kända
453 508 177 27 önskningsmålet
645 510 32 18 att
692 507 54 21 båda
761 507 61 21 dessa
837 507 107 28 budgeter,

123 535 41 21 den
188 536 103 21 allmänna
313 535 141 22 statsfondens
475 536 39 21 och
533 535 219 29 bevillningsfondens,
771 536 64 21 borde
853 536 92 28 äntligen

123 564 159 21 sammanslutas
297 564 32 21 till
345 572 25 13 en
387 564 59 26 enda,
461 564 23 21 sä
498 568 32 17 att
545 564 57 28 dylik
615 564 129 28 öfverföring
754 564 47 22 icke
811 564 72 21 vidare
895 572 49 13 vore

122 592 127 28 nödvändig.
278 593 41 21 Att
340 596 31 18 ett
389 592 75 22 sådant
478 593 121 21 förfarande
614 592 66 22 skulle
695 592 186 22 öfverensstämma
896 592 48 21 med

124 620 25 21 L.
164 621 26 21 O.
205 621 39 20 har
258 622 21 26 ju
294 621 52 20 flere
361 621 78 28 gånger
453 621 102 28 påpekats
571 621 39 22 och
624 621 38 21 ber
676 622 36 27 jag
726 624 32 18 att
772 622 32 20 till
815 622 48 20 stöd
873 621 71 21 derför

123 648 23 21 få
166 649 122 28 ytterligare
311 649 82 27 betona,
414 649 111 22 huruledes
548 651 26 20 36
593 651 11 24 8
620 650 24 20 L.
659 650 26 21 O.
700 649 91 29 stadgar,
805 653 32 18 att
851 649 93 22 Statsut-

123 677 80 22 skottet
225 678 64 21 bland
311 681 64 18 annat
398 678 92 29 »åligger
509 681 31 18 att
560 678 80 29 afgifva
655 678 139 26 betänkande,
808 678 52 21 huru
875 677 69 22 medel

123 706 33 21 till
178 707 92 28 fyllande
283 707 23 21 af
320 707 82 21 landets
416 707 71 26 behof,
501 707 72 22 såvidt
587 707 20 28 ej
621 707 136 21 statsverkets
772 707 111 21 ordinarie
897 707 45 20 till-

121 735 88 28 gångar
223 736 73 21 dertill
310 736 75 26 förslå,
401 735 59 22 skola
474 735 127 22 anskaffas».
630 735 44 22 Det
689 738 23 18 är
727 735 80 22 således
817 736 75 21 endast
902 735 42 21 för-

123 763 70 22 såvidt
214 763 48 22 icke
284 765 138 21 statsverkets
443 764 111 28 tillgångar
575 764 65 21 förslå
662 764 34 21 för
716 764 93 28 fyllande
825 764 22 21 af
862 764 81 21 landets

123 792 70 26 behof,
215 793 39 20 och
276 796 50 18 utan
341 796 32 18 att
390 793 38 20 här
442 795 50 26 göra
507 793 82 21 skilnad
605 793 87 21 emellan
707 793 57 21 olika
778 793 45 28 slag
837 793 22 20 af
873 792 71 27 behof,

123 829 44 13 som
190 821 115 28 bevillning
326 821 23 22 af
371 821 118 22 Ständerna
503 821 38 22 bör
555 821 66 22 äskas.
651 821 72 22 Också
737 821 78 21 uttalar
829 822 32 27 sig
875 821 68 21 Stats-

122 849 104 22 utskottet
244 851 8 20 i
274 850 69 21 denna
364 850 98 28 riktning,
477 850 28 21 dä
519 850 111 22 Utskottet
644 850 28 29 pä
687 849 37 22 sid.
740 851 26 20 21
783 849 22 22 af
819 851 37 20 sitt
870 849 73 21 betän-

123 878 69 22 kande
208 880 65 27 säger,
288 882 31 18 att
334 878 113 23 Utskottet
462 886 61 14 anser
536 880 31 28 sig
582 879 51 21 böra
650 878 60 22 »med
726 878 111 29 anledning
852 878 22 21 af
889 879 11 25 $
916 879 26 20 36

123 907 25 21 L.
170 908 26 20 O.
216 907 140 22 sammanföra
375 907 61 21 dessa
457 908 210 28 budgetafdelningar
688 907 32 21 till
743 911 31 17 ett
795 907 49 27 helt,
865 907 33 21 för
912 910 32 18 att

123 936 61 21 deraf
205 936 35 20 mä
262 936 87 28 framgä,
370 936 7 20 i
399 936 57 21 hvad
476 936 48 21 män
538 936 137 28 grundsatsen
690 938 32 19 att
736 936 136 21 statsverkets
888 935 55 21 ordi-

123 965 57 20 narie
194 964 112 28 tillgångar
320 966 7 19 i
342 964 88 22 främsta
444 968 91 18 rnmmet
549 964 59 22 skola
622 965 32 21 till
670 964 157 22 statsbehofven
837 964 105 21 användas

122 993 41 21 och
184 993 74 21 endast
280 993 35 21 det
338 993 137 28 erforderliga
495 993 113 21 tillskottet
629 1000 75 21 genom
722 993 114 28 bevillning
851 993 51 21 eller
916 992 28 28 pä

123 1024 64 19 annat
201 1024 43 19 sätt
258 1021 114 27 anskaffas,
386 1022 38 21 vid
434 1022 136 21 förevarande
581 1022 155 28 statsreglering
746 1021 76 21 varder
831 1021 112 21 beaktad».

123 1050 119 22 Resultatet
256 1050 23 21 af
293 1050 36 22 det
344 1050 73 21 försök
431 1050 32 21 till
479 1050 162 28 sammanföring
651 1050 23 21 af
683 1050 55 22 bäda
748 1050 26 21 de
784 1050 158 28 ifrägavarande

122 1079 135 28 budgeterna,
272 1086 44 14 som
332 1079 162 21 Statsutskottet
507 1081 44 26 gör,
565 1079 39 21 har
618 1079 72 21 blifvit
704 1078 98 28 följande.
824 1076 9 23 1
843 1076 99 23 händelse

123 1108 41 20 den
178 1108 135 28 kalkylerade
329 1107 146 29 behållningen
492 1108 36 21 vid
543 1107 139 22 innevarande
698 1107 153 28 finansperiods
866 1107 78 28 utgång

122 1136 76 21 räknas
212 1136 55 24 med,
283 1136 66 21 skulle
364 1136 67 28 nägon
447 1136 113 28 bevillning
575 1136 34 21 för
618 1136 171 21 nästkommande
800 1135 143 29 finansperiod

122 1164 38 22 alls
182 1165 48 21 icke
244 1164 103 22 behöfvas
363 1164 50 22 eller
425 1164 124 22 ätminstone
564 1166 7 19 i
585 1168 77 25 ytterst
676 1166 59 26 ringa
749 1164 57 28 grad.
835 1164 42 21 Om
893 1164 50 25 äter,

122 1193 68 21 säsom
206 1193 162 21 Statsutskottet
387 1200 61 14 anser
461 1201 50 13 vara
523 1194 102 27 riktigast,
640 1193 106 27 budgeten
760 1192 47 22 icke
822 1192 79 28 bygges
916 1192 28 28 pä

122 1222 40 20 den
184 1221 131 29 förefintliga
331 1221 146 28 behållningen
491 1225 50 17 utan
556 1222 27 28 pä
598 1221 54 21 årets
667 1222 115 20 inkomster
796 1221 39 21 och
851 1220 92 28 utgifter,

122 1250 24 21 sä
160 1250 67 21 skulle
242 1250 121 21 visserligen
379 1250 207 21 bevillningsmedlen
601 1249 93 22 behöfva
703 1249 81 26 anlitas,
791 1256 47 14 men
849 1249 94 21 deremot

123 1278 63 28 nägot
200 1278 91 21 tillskott
306 1278 46 21 frän
367 1278 101 21 Finlands
503 1278 51 21 Banks
569 1278 151 28 odisponerade
736 1277 124 21 vinstmedel
869 1277 74 21 endast

123 1307 7 20 i
151 1310 77 24 ytterst
246 1307 58 28 ringa
323 1307 53 27 grad
390 1306 93 22 behöfva
497 1306 157 28 ifrägakomma.
683 1306 125 21 Emellertid
823 1306 37 21 har
875 1306 68 20 Stats-

122 1334 104 22 utskottet
242 1335 48 21 icke
305 1335 85 21 tilltrott
404 1336 32 26 sig
446 1338 32 18 att
488 1335 64 28 draga
562 1335 155 27 konsegvensen
728 1334 22 22 af
760 1334 68 22 denna
839 1341 104 15 samman-

123 1363 103 28 ställning.
255 1363 112 21 Utskottet
381 1363 39 21 har
434 1366 90 18 tvärtom
540 1364 81 21 anvisat
635 1363 28 27 pä
675 1362 139 22 bankvinsten
825 1366 31 18 ett
865 1362 77 28 belopp

123 1391 22 21 af
160 1392 54 20 ända
228 1392 33 20 till
276 1393 110 24 4,665,000
401 1392 60 20 mark
476 1395 31 17 att
521 1392 46 21 ifall
581 1391 24 21 af
619 1391 64 21 behof
698 1391 111 21 användas.
832 1391 112 21 Utskottet

122 1421 113 19 motiverar
257 1420 59 20 detta
337 1419 121 21 förfarande
474 1420 86 20 dermed
575 1423 31 16 att
621 1419 180 20 tullinkomsterma
816 1419 34 20 för
864 1420 79 19 instun-

123 1447 68 21 dande
214 1447 142 28 finansperiod
372 1447 46 21 utaf
432 1447 112 22 Utskottet
558 1447 112 21 beräknats
684 1447 33 20 till
732 1448 13 19 4
754 1447 27 26 '/,
798 1446 70 28 miljon
884 1446 59 21 mark

122 1483 45 14 mer
182 1478 26 19 än
222 1476 8 20 i
244 1475 237 29 Finansexpeditionens
496 1475 77 29 kalkyl,
581 1475 40 21 och
631 1475 72 21 vidare
713 1474 66 29 derpä
786 1477 32 18 att
825 1475 27 21 de
860 1474 83 28 odispo-

122 1505 78 21 nerade
215 1504 140 22 ärsvinsterna
369 1505 8 20 i
394 1504 101 21 Finlands
509 1503 62 22 Bank
585 1503 47 22 icke
640 1503 138 29 ovilkorligen
790 1505 37 20 äro
836 1503 34 21 för
880 1506 64 18 annat
