1086 1795
410 133 171 35 Edsformulären.
822 135 54 21 1347

155 208 57 22 Frän
234 209 152 27 Lagutskottet
400 209 54 22 hade
470 209 116 22 ankommit
601 216 26 14 en
642 209 113 22 skrifvelse
771 209 47 21 med
834 211 71 19 anmä-

87 237 35 22 lan
143 239 37 24 att,
202 237 28 21 dä
251 237 37 22 vid
311 237 156 28 behandlingen
490 237 22 22 af
528 237 121 22 Utskottets
665 237 135 22 betänkande
814 237 42 22 N:o
872 238 11 21 6
899 238 7 20 i

87 265 116 28 anledning
216 265 24 21 af
250 268 31 19 ett
291 266 56 21 inom
359 265 161 22 Presteständet
530 266 65 21 väckt
605 266 181 28 petitionsförslag
796 265 110 28 angående

88 293 75 22 ändring
194 294 22 21 af
231 293 41 22 den
287 295 98 27 religiösa
400 294 61 21 delen
478 295 22 20 af
515 294 26 21 de
557 301 28 14 nu
602 293 97 22 använda
710 294 195 23 edsformnulären

87 322 38 22 två
140 322 68 21 Stånd
224 325 85 18 stannat
323 325 44 18 mot
381 323 44 26 två,
439 322 76 28 frågan
530 322 95 21 förfallit.

197 470 126 23 Storskiftet
341 471 1 22 i
359 471 109 26 Kuusamo,
485 471 117 22 Kemiträsk
617 471 40 22 och
673 470 124 29 Kuolajärvi.

156 527 42 22 Till
214 527 58 22 detta
288 527 84 29 plenum
388 527 54 22 hade
458 528 108 27 bordlagts
583 528 39 21 och
637 527 112 29 föredrogs

155 584 57 27 Lag-
235 585 39 20 och
297 585 221 21 Ekonomiutskottets
541 584 134 22 betänkande
690 585 40 21 N:o
743 586 13 20 8
771 586 6 19 i
793 585 115 28 anledning

88 613 23 21 af
126 613 49 21 nåd.
189 621 59 20 prop.
264 613 41 22 N:o
320 615 14 20 4
350 613 109 28 angående
474 613 110 22 storskifte
599 614 41 21 och
653 613 157 29 skattläggning
824 615 7 19 i
846 614 62 21 Kuu-

89 649 64 19 samo,
168 641 124 22 Kemiträsk
308 643 40 20 och
362 642 126 28 Kuolajärvi
504 642 90 21 socknar
609 643 7 20 i
629 641 121 29 Uleåborgs
760 642 62 27 län;
816 637 10 38 i
835 643 73 20 anled-

87 671 52 28 ning
154 671 23 20 af
191 670 82 22 hvilket
289 671 133 21 betänkande

157 727 33 22 Hr
212 727 24 22 L.
251 727 147 22 Mechelin
416 727 71 22 anhöll
502 736 34 14 om
551 728 62 21 ordet
627 727 41 22 och
682 728 94 28 yttrade:
806 727 43 22 För
863 729 44 20 min

89 756 34 22 del
142 756 43 21 kan
200 757 35 27 jag
250 756 47 21 icke
312 759 64 18 annat
391 758 26 19 än
432 756 67 21 räkna
514 757 35 21 det
564 757 57 27 Lag-
636 756 40 22 och
691 756 218 26 Ekonomiutskottet,

89 793 45 13 som
155 785 65 21 äfven
242 786 7 19 i
264 785 67 28 öfrigt
345 785 115 21 behandlat
474 785 75 28 frågan
564 785 27 28 på
607 788 30 18 ett
651 785 136 28 synnerligen
803 793 106 20 omsorgs-

89 814 51 21 fullt
155 815 47 26 sätt,
217 814 33 21 till
266 821 25 14 en
306 815 99 27 förtjenst
420 816 32 19 att
461 813 111 23 Utskottet
583 814 111 28 föreslagit
703 814 84 21 formen
799 814 23 21 af
832 814 77 21 allmän

88 842 127 29 förordning
230 843 33 20 för
279 842 168 22 bestämmandet
462 843 40 21 och
516 843 157 21 fastställandet
687 843 24 21 af
724 842 56 22 hvad
797 850 45 14 som
856 843 53 21 skall

88 871 55 28 gälla
151 872 7 20 i
167 871 69 21 denna
244 871 66 28 fråga.
319 871 43 21 Det
370 871 40 21 blir
420 871 123 28 visserligen
553 879 26 14 en
587 872 35 27 lag
629 871 48 22 med
686 871 76 22 endast
769 871 57 22 lokal
837 871 73 28 giltig-

89 900 42 27 het,
146 906 48 14 men
209 900 7 20 i
231 900 74 21 hvarje
320 902 42 19 stat
376 899 131 21 förekomma
522 900 63 28 lagar,
601 907 44 14 som
661 899 89 22 hänföra
765 900 33 28 sig
814 900 53 21 blott
877 900 32 21 till

90 931 31 19 ett
142 928 54 22 visst
218 928 92 22 område.
338 928 12 20 I
365 928 40 21 alla
420 928 38 21 fall
473 930 35 19 äro
524 928 27 22 de
565 928 164 28 bestämningar,
745 936 45 14 som
806 928 103 28 förelagts

89 957 120 21 Ständerna
230 957 33 21 till
284 956 126 28 antagande,
431 956 23 22 af
476 957 41 21 den
539 960 32 18 art
586 959 31 19 att
632 957 26 21 de
674 956 50 22 böra
739 964 76 20 genom
831 956 77 22 allmän

89 986 129 27 författning
233 986 101 26 utfärdas,
349 993 34 13 om
398 985 66 21 också
478 986 76 21 sådant
568 986 48 20 icke
632 986 7 20 i
654 985 42 21 den
711 985 48 21 nåd.
775 993 59 21 prop.
844 985 65 21 fram-

89 1014 77 22 hållits.
195 1014 42 28 Jag
261 1014 38 22 ber
323 1016 31 19 att
375 1013 23 22 få
419 1014 130 21 understöda
571 1014 123 22 Utskottets
717 1014 80 28 förslag
820 1015 6 19 i
849 1014 59 21 detta

91 1042 107 22 afseende.

159 1099 71 22 Sedan
252 1100 28 28 på
302 1099 80 28 förslag
404 1099 23 21 af
448 1099 207 21 Landtmarskalken
677 1099 26 21 R.
724 1106 18 14 o.
765 1100 27 20 A.
815 1098 96 28 godkänt

93 1128 120 22 Utskottets
228 1128 157 28 framställning
394 1127 79 27 derom,
484 1131 31 18 att
525 1127 128 22 Ständernas
664 1128 70 20 beslut
744 1128 6 20 i
761 1129 71 19 ämnet
844 1127 65 21 borde

91 1156 84 22 affattas
197 1157 6 19 i
226 1156 55 21 form
304 1156 22 21 af
349 1163 25 14 en
393 1156 133 28 författning,
537 1156 78 28 skreds
630 1156 33 20 till
677 1155 196 29 detaljgranskning
888 1156 25 20 af

91 1184 38 22 det
143 1184 48 22 utaf
206 1184 114 22 Utskottet
333 1186 8 20 i
353 1184 77 22 sådant
444 1184 101 22 afseende
560 1184 118 29 uppgjorda
693 1184 142 28 lagförslaget,
847 1184 64 21 hvars

91 1214 15 26 $
121 1214 11 20 1
147 1216 75 25 antogs
238 1216 50 18 utan
304 1213 127 22 diskussion.

160 1269 137 22 Beträffande
312 1271 15 26 $
343 1271 16 19 2
372 1269 84 29 yttrade

161 1327 57 21 Frih.
240 1334 51 14 von
314 1327 82 21 Born:
427 1326 59 21 Utan
504 1329 31 18 att
549 1330 65 17 annat
629 1328 26 19 än
671 1326 89 21 hänvisa
775 1326 31 21 till
821 1326 92 21 Utskot-

92 1358 42 19 tets
157 1356 127 27 motivering
306 1355 13 21 &
333 1355 39 21 sid.
387 1357 26 19 25
430 1355 68 21 skulle
512 1356 35 27 jag
562 1354 116 26 hemställa,
692 1354 106 22 huruvida
813 1354 36 21 det
864 1354 48 21 icke

93 1391 52 15 vore
167 1384 46 21 skäl
235 1386 31 19 att
288 1385 7 20 i
317 1383 69 22 denna
401 1385 12 26 &
436 1383 115 28 förtydliga
565 1383 116 21 innehållet
695 1383 96 25 sålunda,
806 1385 31 19 att
852 1382 61 22 ordet

95 1413 148 20 »nuvarande»
261 1413 68 20 skulle
343 1412 99 27 tilläggas
452 1412 90 21 framför
554 1411 55 21 »helt
620 1412 90 19 mantal»
725 1411 27 27 pä
763 1411 67 28 tredje
841 1411 73 20 raden.

93 1440 54 21 Med
162 1440 101 21 afseende
275 1440 11 20 å
297 1440 26 21 de
334 1439 152 28 förändringar,
497 1447 44 13 som
552 1439 198 20 mantalsstorleken
760 1439 68 20 under
840 1445 74 14 senare

93 1469 57 20 tider
171 1467 121 29 undergått,
313 1475 63 20 synes
394 1468 37 21 det
453 1469 43 26 mig
515 1467 62 21 lända
592 1467 154 28 författningen
761 1467 32 20 till
808 1467 106 28 tydlighet

95 1497 40 22 och
157 1497 78 29 styrka,
250 1504 34 14 om
299 1504 48 14 man
363 1496 67 22 skulle
446 1496 97 22 använda
558 1495 108 28 uttrycket
682 1495 109 22 »skattbar
805 1495 60 22 mark
880 1495 35 21 för

95 1526 123 23 nuvarande
234 1525 44 22 helt
292 1525 100 22 mantal».
