1086 1795
195 137 54 21 1402
449 143 24 17 R.
486 147 17 12 0.
515 143 22 16 A.
550 143 55 17 1897.
630 142 26 16 22
668 142 48 20 Maj.

167 210 44 21 Det
226 212 23 19 är
263 210 161 28 otvifvelaktigt
439 213 30 18 att
483 210 163 28 tillverkniogen
662 210 7 20 i
684 210 95 21 hemmen
796 210 22 20 af
833 210 56 20 olika
903 210 46 27 slag
961 210 23 20 af

166 238 121 29 slöjdalster
309 246 28 14 nu
353 241 23 19 är
390 238 81 22 mindre
487 238 75 22 allmän
578 241 26 19 än
619 238 95 28 tidigare.
743 238 66 22 Detta
824 240 22 19 är
862 246 26 13 en
903 238 81 28 ganska

168 268 93 27 naturlig
275 267 53 29 följd
344 267 22 21 af
381 268 161 27 utvecklingens
556 268 63 27 gång.
648 266 44 22 Det
707 268 22 20 är
743 267 48 21 icke
807 266 23 22 sä
840 267 62 27 länge
912 266 72 28 sedan,

166 296 28 20 dä
215 296 82 28 ganska
318 296 86 20 allmänt
426 296 7 20 i
455 296 187 28 allmogehemmen
663 295 27 28 pä
712 296 72 20 landet
805 296 120 27 penningen
947 303 38 13 var

167 324 117 28 nägonting
306 324 80 28 ganska
409 324 94 28 sällsynt.
532 324 170 27 Hushällningen
723 332 37 13 var
775 332 26 13 en
817 323 167 22 naturahushäll-

167 354 57 26 ning,
245 353 90 21 hvarvid
357 360 48 14 man
428 353 60 21 sökte
511 355 31 19 att
564 354 5 19 i
586 353 96 21 hemmen
698 352 116 28 producera
830 352 36 21 det
880 355 67 19 mesta
962 352 23 21 af

166 381 57 21 hvad
239 389 45 13 som
300 381 139 21 erfordrades.
469 381 48 21 Den
532 381 102 21 förökade
649 380 102 22 lättheten
767 381 32 21 till
814 380 83 22 förvärf
907 381 40 21 och
958 380 26 22 de

166 410 132 21 förbättrade
321 410 238 25 kommunikationerna,
582 410 40 20 den
644 412 67 18 större
731 409 168 28 prisbilligheten
914 410 13 20 &
941 411 44 19 sär-

165 438 70 21 skilda
250 438 147 21 fabriksalster
412 438 109 21 medförde
531 439 126 20 härutinnan
670 446 25 13 en
706 439 160 27 omsvängning,
876 446 45 13 som
929 439 56 28 gjort

168 470 30 18 att
220 467 107 28 åtskilliga
350 467 92 26 artiklar,
465 475 45 13 som
532 467 58 21 förut
612 468 6 19 i
640 467 96 21 hemmen
758 467 124 26 tillverkats,
898 474 87 14 numera

167 503 76 20 genom
266 496 27 21 köp
331 495 111 22 anskaffas.
472 496 65 21 Detta
558 495 133 22 förhållande
710 495 102 22 behöfver
827 495 47 22 icke
890 495 95 22 nödvän-

168 521 79 36 digtvis
269 504 117 42 föbriceras
409 524 68 21 såsom
501 528 30 17 ett
551 524 147 28 nedåtgående
719 524 50 21 eller
784 524 70 21 såsom
870 524 64 28 något
949 525 36 20 be-

168 553 94 28 klagligt,
277 553 28 28 på
320 553 81 21 hvilket
416 561 47 13 man
479 553 165 28 nödvändigtvis
660 553 65 21 borde
740 553 53 21 söka
808 553 50 21 råda
869 553 42 21 bot.
935 553 49 21 Kan

168 589 48 14 man
237 582 24 20 få
275 585 30 18 ett
321 582 52 20 visst
388 581 89 22 föremål
492 582 32 21 till
539 585 30 18 ett
584 582 95 27 billigare
695 582 42 28 pris
752 583 26 19 än
795 581 142 22 kostnaderna
951 582 34 21 för

168 610 37 21 det
219 611 78 26 arbete,
312 617 44 14 som
372 618 79 13 samma
467 611 87 20 föremål
570 610 35 21 vid
620 610 138 28 tillverkning
768 611 6 20 i
785 610 91 21 hemmet
884 610 101 28 påkallar,

167 639 41 21 och
231 639 41 21 kan
288 639 59 21 detta
362 639 71 21 arbete
446 639 37 21 der
498 639 67 21 bättre
580 639 158 28 tillgodogöras,
754 639 23 21 så
792 641 23 18 är
830 647 25 13 en
871 639 67 21 sådan
953 642 33 18 ut-

168 667 100 28 veckling
283 667 76 22 endast
374 675 25 14 en
415 668 123 28 utveckling
551 669 32 20 till
599 667 36 22 det
650 667 73 22 bättre.

237 696 65 22 Hvad
325 696 99 22 särskildt
439 697 160 28 qvinnoslöjden
615 696 137 27 vidkommer,
768 697 23 21 så
806 697 68 21 skulle
888 697 35 28 jag
939 696 47 22 der-

167 726 64 27 jemte
254 726 49 27 vilja
326 725 55 21 hälla
404 726 45 21 före
471 728 38 23 att,
527 725 126 22 åtminstone
669 725 69 21 sävidt
754 725 36 22 det
804 727 66 26 gäller
885 725 101 22 väfnads-

168 755 97 25 konsten,
280 755 76 25 denna,
370 754 59 28 långt
444 754 55 21 ifrån
515 757 31 18 att
560 763 51 12 vara
626 755 7 20 i
648 754 130 28 nedgående,
792 756 92 19 tvärtom
895 754 34 21 för
939 756 47 19 när-

168 782 94 22 varande
278 785 23 19 är
316 784 5 20 i
337 783 124 28 utveckling
475 783 31 21 till
520 783 35 21 det
566 783 74 21 bättre.
662 782 210 22 Ekonomiutskottet
883 782 104 29 åberopar

170 811 62 21 bland
249 815 69 23 annat,
333 811 36 22 vid
385 812 181 28 framställningen
582 812 23 20 af
620 812 92 28 slöjdens
722 811 138 29 ståndpunkt,
870 812 41 21 den
923 812 64 28 slöjd-

168 840 130 28 utställning,
313 848 45 14 som
374 848 38 13 var
426 840 88 22 förenad
530 840 46 22 med
593 840 295 28 landtbruksutställningen
883 836 12 37 i
904 840 83 29 Viborg

168 869 24 21 år
215 870 60 25 1887,
298 870 39 20 och
360 869 98 21 hänvisar
477 870 32 20 till
529 877 24 13 en
569 869 73 21 derom
658 869 95 27 afgifven
770 869 118 22 berättelse.
918 869 8 21 I
943 870 43 20 för-

170 897 103 28 bigående
289 898 41 20 kan
345 898 36 27 jag
396 898 46 20 icke
458 898 109 20 underlåta
583 901 31 17 att
629 898 83 27 inlägga
728 905 25 13 en
764 898 78 27 lindrig
852 900 81 26 protest
943 901 44 18 mot

168 925 124 22 Utskottets
308 928 42 19 sätt
364 929 31 18 att
410 927 71 20 citera.
509 926 32 21 På
556 926 38 21 sid.
606 927 11 20 9
629 926 53 21 talar
691 925 111 22 Utskottet
812 927 105 26 nämligen
930 927 56 20 inom

169 955 88 20 citation
279 962 33 13 om
337 954 163 28 »anilinfärgade
523 962 59 13 rosor
602 955 23 20 af
646 955 26 21 18
690 957 55 18 tums
761 955 67 20 bredd
843 956 7 19 i
865 955 122 26 diameter»,

168 983 73 21 hvilka
257 983 68 21 skulle
341 983 104 21 användts
461 983 69 21 såsom
546 983 122 28 prydnader
682 983 28 28 på
724 986 82 18 mattor.
835 983 152 22 Förhållandet

169 1011 48 22 med
233 1012 69 21 denna
317 1011 93 22 citerade
425 1012 54 21 strof
495 1014 28 25 är,
540 1016 30 17 att
585 1013 29 20 uti
630 1011 162 28 ifrågavarande
810 1012 111 21 berättelse
937 1012 50 21 åbe-

167 1044 72 24 ropats
263 1048 25 13 en
310 1041 199 27 tidningsreferents
532 1041 107 21 uttalande
660 1049 33 12 om
710 1041 165 28 »anilinfärgade
890 1049 60 14 rosor
965 1041 22 21 af

169 1070 26 20 18
218 1072 55 18 tums
295 1069 198 28 genomskärning».
523 1069 101 22 Hvarken
649 1069 40 21 den
706 1069 162 28 ifrågavarande
883 1070 104 27 tidnings-

168 1098 121 21 referenten
311 1098 51 21 eller
376 1101 126 25 uppsatsens
519 1098 110 21 författare
644 1098 38 21 har
697 1099 55 27 gjort
767 1099 32 27 sig
814 1098 84 28 skyldig
913 1099 32 20 till
961 1105 25 14 en

168 1126 66 21 sådan
258 1127 62 20 kluns
343 1127 47 20 med
413 1127 101 21 afseende
534 1127 12 21 &
561 1127 27 20 de
602 1127 141 27 geometriska
759 1127 121 28 begreppen
896 1135 44 13 som
956 1129 32 20 att

167 1155 44 20 tala
226 1163 33 13 om
275 1163 25 12 en
317 1155 63 27 figurs
398 1155 79 20 »bredd
493 1157 6 19 i
515 1155 121 22 diameter».
661 1155 65 21 Detta
736 1156 6 19 i
754 1155 144 28 förbigående.
921 1155 65 22 Hvad

168 1191 27 12 nu
212 1183 70 21 denna
297 1184 124 26 utställning
436 1183 105 26 beträffar,
556 1184 23 20 sä
594 1184 93 27 framgår
702 1184 65 20 också
782 1184 23 20 af
817 1184 121 21 Utskottets
951 1184 37 21 be-

168 1211 107 21 tänkande
298 1215 31 17 att
351 1211 40 21 den
408 1212 94 27 gvinliga
517 1211 81 29 slöjden
614 1212 38 20 der
667 1220 37 13 var
718 1212 154 27 jemförelsevis
888 1220 43 13 mer
946 1212 42 21 till-

168 1239 165 22 fredsställande
349 1242 25 18 än
390 1240 41 21 den
447 1241 96 27 manliga.
572 1240 48 21 Den
636 1248 45 13 som
697 1241 55 20 varit
771 1241 6 20 i
793 1241 83 20 tillfälle
892 1243 30 18 att
937 1241 50 28 jem-

169 1268 47 21 föra
238 1268 132 21 väfnaderna
387 1268 46 21 frän
450 1268 69 21 denna
533 1269 31 20 tid
580 1269 47 20 med
643 1269 27 20 de
685 1268 108 27 väfnader,
808 1277 44 13 som
868 1269 119 21 sedermera

169 1297 55 20 varit
245 1297 36 20 vid
304 1297 104 21 särskilda
430 1297 97 20 tillfällen
542 1297 140 28 exponerade,
697 1297 40 21 den
754 1305 44 13 som
814 1297 48 29 följt
877 1297 47 21 med
941 1297 46 22 väf-

168 1325 111 20 skolornas
302 1325 140 25 verksamhet,
464 1325 60 20 torde
543 1325 114 20 emellertid
674 1326 47 19 icke
737 1326 70 20 kunna
823 1325 71 27 undgä
909 1330 30 15 att
955 1333 32 12 er-

169 1352 70 20 känna
255 1355 30 17 att
300 1352 27 28 pä
342 1352 58 21 detta
415 1352 85 21 omräde
512 1355 81 25 ganska
609 1352 119 28 betydande
743 1352 103 28 framsteg
860 1354 73 27 gjorts,
943 1355 44 19 sär-

168 1380 67 21 skildt
249 1380 131 21 beträffande
395 1382 93 19 mönster
503 1381 39 20 och
557 1380 84 26 teknik;
656 1380 37 21 det
708 1381 40 21 kan
764 1382 21 27 ju
800 1381 66 21 ocksä
881 1381 105 28 svärligen

169 1416 50 14 vara
241 1409 137 27 annorlunda,
400 1408 26 22 dä
447 1409 34 21 för
502 1409 131 21 närvarande
655 1410 7 20 i
680 1410 71 20 landet
766 1410 66 21 finnes
848 1410 96 28 omkring
959 1411 27 21 30

169 1437 110 21 väfskolor
293 1439 7 19 i
316 1437 140 26 verksamhet,
471 1440 74 19 nästan
561 1438 145 21 allesammans
722 1438 63 21 ledda
800 1439 22 20 af
837 1439 94 27 kunniga
946 1439 40 21 och

169 1466 32 21 för
216 1467 33 20 sin
265 1466 38 21 sak
318 1466 140 21 intresserade
473 1474 106 21 personer,
594 1467 40 21 och
645 1467 71 20 hvilka
727 1467 72 21 skolor
811 1467 33 21 för
855 1467 132 22 närvarande

170 1495 90 21 besökas
275 1495 23 20 af
313 1495 97 28 omkring
425 1496 60 25 1,000
501 1495 69 22 elever
586 1503 32 14 om
634 1495 50 22 året.
