1084 1789
305 135 255 22 Järnvägsbyggnaderna
571 137 8 18 i
591 137 76 17 landet.
813 132 55 21 1087

77 204 26 19 än
125 201 73 22 vidare
219 203 130 22 utveckladt.
378 203 32 22 På
432 203 26 22 de
478 204 53 26 skäl,
545 212 46 14 som
605 205 67 21 redan
686 205 50 21 flere
751 205 64 21 ärade
830 205 68 22 talare

76 231 65 20 hafva
162 230 111 26 framstält,
297 231 39 22 och
359 239 46 14 som
426 232 36 28 jag
476 240 29 13 nu
520 233 50 20 sökt
584 233 35 21 för
633 234 44 19 min
691 233 35 20 del
741 233 103 28 klargöra,
859 233 40 21 ber

74 259 36 27 jag
132 259 24 21 få
177 259 80 21 föreslå
279 262 32 18 att
331 260 123 21 Utskottets
473 261 80 27 förslag
568 268 33 14 om
618 261 129 28 Uleåborg—
759 255 67 38 Vaala
840 263 56 26 jern-

75 289 68 26 vägen
166 286 66 22 måtte
253 287 34 21 för
309 288 70 21 denna
399 287 57 29 gång
470 288 113 27 förkastas,
599 289 40 21 och
654 291 31 18 att
700 289 76 21 endast
791 289 105 22 bandelen

74 315 232 28 Kuopio—Idensalmi
322 316 65 21 måtte
403 317 83 20 komma
501 317 32 20 till
544 317 119 21 utförande.
692 317 108 28 Derjemte
811 317 83 29 hoppas

73 344 35 27 jag
123 347 31 18 att
168 344 136 28 Regeringen
311 345 54 21 skall
375 345 43 21 låta
428 345 120 22 undersöka
558 346 150 27 sträckningen
720 345 48 22 från
780 346 116 21 Idensalmi

74 373 33 20 till
128 372 115 22 Uleåträsk
265 373 41 21 och
328 373 94 22 derifrån
440 373 32 22 till
487 373 110 29 Uleåborg
612 377 54 18 samt
680 374 35 21 för
730 381 26 14 en
772 375 77 21 bibana
864 375 32 20 till

74 401 89 28 Kajana,
186 401 34 21 för
242 404 31 18 att
295 402 99 28 möjligen
416 401 36 23 vid
475 404 61 20 nästa
557 403 104 28 landtdag
683 403 119 28 föreläggas
825 404 72 21 såsom

73 431 138 27 proposition.

141 487 34 21 Hr
196 487 34 21 W.
252 486 97 29 Spåre:
379 487 119 29 Angående
520 488 99 22 sträckan
642 488 87 22 emellan
751 488 87 29 Kuopio
854 488 41 22 och

76 515 115 29 Uleåborg,
205 516 87 21 hvilken
308 516 23 20 af
345 516 130 28 föregående
491 516 64 22 ärade
570 517 65 21 talare
650 517 119 21 tillerkänts
785 524 27 14 en
827 518 69 20 större

74 544 115 28 betydelse,
212 544 54 21 skall
287 545 36 27 jag
343 544 66 21 uttala
431 546 43 26 mig
490 546 53 25 kort,
558 545 89 21 emedan
661 546 35 28 jag
712 545 17 29 ej
746 545 37 21 vill
798 546 96 27 förlänga

72 572 150 22 diskussionen
245 573 40 21 och
307 574 36 27 jag
364 573 32 21 till
418 575 78 20 största
518 574 62 21 delen
603 574 72 21 blifvit
703 574 145 21 förekommen
872 574 24 21 af

76 600 34 22 Hr
132 601 177 29 Standertskjöld.
338 601 35 21 Dä
390 602 34 28 jag
440 602 92 28 begärde
547 602 66 27 ordet,
623 610 39 14 var
677 602 35 22 det
727 603 43 21 min
786 602 66 28 afsigt
866 605 32 19 att

77 630 43 28 just
134 629 112 22 framhålla
261 630 70 22 denna
341 630 95 22 sträckas
446 632 88 20 emellan
545 631 88 29 Kuopio
645 631 40 21 och
695 631 110 28 Uleåborg
815 631 80 21 dubbla

78 658 115 28 betydelse,
208 658 42 22 den
265 666 40 14 ena
315 659 41 21 den
367 659 75 27 lokala,
453 659 41 21 den
505 660 66 21 andra
579 660 42 21 den
628 660 268 26 transitointernationella,

77 687 40 22 och
132 687 61 21 torde
208 688 41 20 den
264 688 260 22 transitointernationella
535 688 67 22 blifva
613 688 104 22 måhända
727 689 23 21 af
761 690 56 20 ännu
828 690 68 19 större

77 715 109 29 betydelse
209 718 26 19 än
257 716 35 21 Hr
309 716 171 29 Standertskjöld
496 725 51 21 nyss
562 717 99 28 påpekat.
690 717 79 21 Derför
784 724 62 14 anser
860 718 36 27 jag

76 744 37 22 det
128 752 50 14 vara
193 745 24 21 af
229 748 90 25 ytterstä
334 746 47 27 vigt
395 748 31 18 att
440 745 69 22 denna
524 746 51 21 linie
590 746 76 28 drages
682 746 23 21 sä
720 746 48 21 rakt
783 753 44 14 som
843 746 54 28 möj-

76 774 44 27 ligt,
142 776 23 25 ty
187 773 123 28 derigenom
332 776 31 19 att
383 774 41 20 den
440 774 76 28 drages
530 775 49 21 rakt
593 774 48 21 från
656 774 110 28 Uleåborg
780 774 117 28 (Limingo)

76 802 70 21 direkt
160 809 77 21 genom
253 802 231 28 Idensalmi—Kuopio
494 804 31 20 till
536 803 97 28 sydöstra
648 802 92 22 Finland
755 804 41 20 och
810 802 86 22 Peters-

77 830 58 28 burg,
157 830 24 22 sä
196 832 75 20 vinner
285 838 49 14 man
350 832 7 20 i
372 830 80 22 distans
468 832 90 27 ungefär
573 832 41 21 300
630 831 110 21 kilometer
755 832 84 21 kortare
854 833 43 26 väg

77 860 26 20 än
119 859 41 21 den
176 867 19 13 n.
210 867 20 13 v.
245 860 70 27 gamla
329 861 68 27 vägen
408 867 76 21 genom
494 860 121 21 Riihimäki.
637 860 34 20 Dä
683 860 41 21 den
737 868 28 13 nu
776 860 121 28 föreslagna

76 888 139 21 Tdensalmi—
224 884 85 38 Kuopio
331 889 115 27 jernvägen
468 889 156 21 sammanfaller
645 888 48 21 med
716 888 70 22 denna
801 889 56 29 linje,
872 888 23 22 sä

76 919 24 19 är
120 918 35 27 jag
177 916 71 28 färdig
271 917 47 21 med
341 918 42 20 min
399 918 45 20 röst
458 918 106 28 tillstyrka
579 918 127 21 densamma.
736 917 51 21 Men
803 918 28 28 pä
846 917 50 21 dess

76 946 95 28 riktning
182 945 55 21 ifrän
253 946 115 21 Idensalmi
383 948 74 19 norrut
472 946 38 21 bör
520 946 141 28 ovilkorligen
672 946 46 21 icke
729 946 67 21 fästas
807 946 24 21 sä
840 948 55 19 stort

77 974 101 21 afseende
199 974 37 21 vid
251 974 92 28 Kajana,
360 978 24 24 ty
401 976 32 26 jag
448 974 41 21 kan
505 975 48 21 icke
568 975 73 25 förstä,
656 974 88 21 hvarför
758 974 70 21 denna
844 975 52 20 obe-

76 1003 81 28 tydliga
179 1003 47 21 stad
249 1003 25 20 sä
295 1003 55 21 skall
365 1003 110 21 omhuldas
490 1011 45 13 mer
549 1005 27 19 än
592 1003 66 21 andra
673 1005 61 24 orter,
749 1003 70 21 säsom
833 1006 15 18 t.
863 1010 33 14 ex.

73 1031 126 27 Brahestad,
220 1031 131 28 Nykarleby,
372 1031 132 29 Björneborg
526 1032 41 21 och
581 1032 47 21 hela
643 1032 70 27 hopen
728 1031 66 21 andra
809 1032 87 28 mycket

74 1067 58 14 mera
154 1059 120 29 betydande
296 1060 76 27 städer,
387 1060 73 21 hvilka
482 1061 139 27 jernvägarne
643 1060 79 21 lemnat
743 1060 13 21 ä
771 1060 53 21 sido.
853 1060 43 28 Jag

74 1089 66 20 håller
162 1089 73 20 derför
255 1089 34 20 för
303 1089 98 27 riktigast
416 1091 31 19 att
461 1096 49 14 man
524 1089 39 28 går
577 1089 130 27 fullkomligt
722 1089 6 20 i
744 1088 41 21 den
800 1089 95 27 riktning

75 1117 33 20 Hr
124 1117 171 27 Standertskjöld
310 1117 98 28 päpekat,
420 1117 23 21 sä
454 1120 31 18 att
500 1125 48 13 man
564 1117 62 21 berör
641 1117 75 21 endast
726 1116 41 21 den
778 1117 118 28 sydligaste

74 1145 77 21 kusten
173 1145 22 21 af
216 1144 115 22 Uleäträsk
354 1145 40 22 och
413 1145 120 21 sedermera
547 1145 40 28 gär
601 1145 73 22 vidare
690 1144 62 22 söder
767 1152 33 14 om
816 1145 79 26 elfven,

74 1173 129 29 exempelvis
219 1174 32 20 till
266 1173 104 28 Limingo.
393 1173 34 22 Dä
438 1174 40 21 blir
487 1174 165 27 jernvägslinjen
665 1173 66 22 ocksä
741 1173 41 21 den
793 1173 102 26 kortaste,

76 1201 104 29 billigaste
203 1202 40 21 och
265 1202 34 20 för
321 1202 183 21 transitorörelsen
527 1202 163 28 fördelaktigast
712 1204 50 19 utan
781 1204 31 19 att
826 1201 68 22 lokal-

74 1231 89 20 trafiken
177 1231 96 21 förloras.
303 1231 86 28 Kajana
403 1231 47 21 stad
466 1232 95 20 kommer
566 1226 13 37 i
597 1231 42 20 alla
653 1231 38 20 fall
703 1231 24 20 sä
737 1232 51 19 nära
796 1230 32 21 till
838 1231 56 28 jern-

74 1261 68 26 vägen
165 1259 41 22 och
229 1259 48 22 hela
298 1259 49 21 dess
370 1259 71 26 härad,
456 1267 46 14 som
516 1259 69 22 delvis
601 1259 77 21 blifver
693 1259 91 26 berördt,
799 1259 98 21 kommer

74 1287 66 22 likväl
155 1290 32 18 att
202 1288 65 28 draga
282 1290 61 26 nytta
358 1287 23 22 af
395 1287 69 22 denna
482 1289 93 27 jernväg.
604 1287 42 28 Jag
660 1287 67 21 finner
741 1287 49 21 icke
805 1287 45 21 skäl
866 1287 30 28 pä

74 1316 63 21 dessa
151 1316 93 27 grunder
258 1317 28 27 gä
301 1316 79 21 sädana
395 1316 125 28 krokvägar,
536 1324 45 13 som
596 1324 28 13 nu
635 1315 89 22 föresläs
736 1316 40 21 och
787 1323 45 14 som
843 1318 50 18 utan

74 1345 77 21 tvifvel
171 1345 68 20 skulle
261 1344 68 22 skada
351 1344 41 22 den
413 1345 170 22 internationella
603 1344 179 21 transitotrafiken
797 1347 51 18 utan
863 1346 31 18 att

75 1373 88 29 specielt
181 1381 58 13 mera
253 1381 70 20 gagna
337 1373 27 21 de
379 1373 70 21 lokala
464 1373 161 22 förhällandena
641 1372 40 22 och
696 1373 72 21 derför
783 1380 62 13 anser
858 1373 38 27 jag

75 1401 64 22 saken
162 1401 84 22 fordrar
268 1402 81 21 klarare
373 1401 118 28 utredning,
507 1403 40 20 och
565 1402 42 20 tills
623 1409 48 13 man
687 1401 69 21 funnit
771 1401 123 27 lämpligare

74 1429 49 28 linje
139 1431 26 18 än
176 1429 42 20 den
234 1437 27 12 nu
271 1429 128 27 föreslagna,
407 1429 23 20 sä
438 1430 74 24 tyckes
528 1430 37 20 det
580 1430 43 26 mig
638 1431 31 18 att
689 1428 125 28 Uleäborg—
825 1424 69 37 Vaala

76 1457 68 21 banan
167 1457 38 21 bör
226 1457 86 21 förfalla
327 1457 31 22 till
381 1457 48 21 dess
444 1452 224 33 Uleåborg
564 1448 13 41 —
587 1452 81 33 Torneå
683 1456 69 21 banan
769 1457 39 20 blir
824 1456 69 28 bygd;

76 1485 28 22 då
118 1486 42 21 kan
175 1485 38 21 det
227 1493 51 14 vara
293 1485 32 22 tid
341 1487 31 20 att
387 1486 6 20 i
408 1493 26 13 en
450 1485 138 29 fortsättning
603 1485 70 28 bygga
688 1484 48 21 från
751 1485 99 28 Limingo
860 1484 33 21 till

74 1514 232 29 Idensalmi—Kuopio
329 1515 41 21 och
392 1514 34 21 mä
444 1522 48 13 man
507 1515 28 21 då
550 1515 89 25 besluta,
653 1520 33 14 om
702 1513 85 29 Kajana
802 1513 54 22 skall
870 1513 25 21 få
