1078 1781
299 117 179 21 Borgareständet
491 116 55 17 1878.
572 117 21 16 15
607 116 94 17 Januari.
864 110 58 22 2893

92 187 75 26 vision,
190 188 22 25 ty
233 186 43 21 alla
294 186 70 27 gamla
380 185 87 26 skatter,
483 185 71 22 såsom
569 185 56 21 Herr
642 185 94 21 Höckert
751 185 81 26 ganska
847 185 74 26 rigtigt

92 215 120 23 anmärkte,
235 214 67 21 måste
325 214 48 21 med
390 214 58 21 tiden
465 213 99 22 afskaffas
580 214 89 21 emedan
686 214 25 21 de
727 213 95 22 befinnas
837 213 83 26 olämp-

93 245 44 26 liga
164 243 33 21 för
226 249 25 14 en
283 243 125 21 kommande
439 243 30 20 tid
495 249 35 14 om
555 243 27 20 de
607 242 74 21 ställas
706 242 54 21 efter
786 242 39 21 den
850 241 71 22 tidens

93 271 154 22 förhållanden.
278 271 41 27 Jag
341 271 67 21 skulle
431 271 55 26 våga
508 271 62 27 påstå
585 273 33 19 att
634 271 83 21 landets
733 271 72 20 städer
819 270 61 21 äfven
891 276 30 15 nu

93 301 7 20 i
124 300 131 21 förhållande
278 299 32 22 till
333 300 122 21 landsorten
478 300 71 21 betala
571 306 25 15 en
613 299 104 28 betydligt
735 300 81 20 mindre
831 299 91 21 vakans-

94 329 62 26 afgift
179 330 26 19 än
221 328 55 21 hvad
299 329 26 20 de
347 328 67 21 skulle
437 328 64 21 hafva
524 329 63 21 bordt
609 323 72 26 betala
701 334 34 15 om
756 328 166 32 indelningsver-

95 346 38 33 ket
155 359 15 19 t.
194 363 32 15 ex.
249 363 28 14 nu
299 357 68 21 skulle
390 357 63 21 hafva
469 356 69 22 blifvit
553 359 88 24 uppsatt
657 357 39 21 och
712 363 81 14 samma
807 356 113 27 principer,

95 393 46 14 som
161 386 25 21 då
203 385 62 22 ledde
280 386 159 21 vederbörande
455 385 62 22 äfven
534 392 28 15 nu
577 385 68 22 skulle
661 385 48 21 leda
724 386 48 20 dem
788 385 19 21 d.
823 391 20 14 v.
857 391 16 15 s.
889 387 33 19 att

96 415 72 26 hvarje
191 414 47 21 stad
258 414 44 33 just
324 414 68 21 skulle
416 414 20 21 få
458 415 6 20 i
485 415 133 20 förhållande
634 414 31 21 till
682 414 122 21 landsorten
820 415 102 27 uppsätta

95 443 103 27 manskap
215 442 53 21 efter
282 443 32 21 sin
330 443 114 27 betydelse,
460 443 33 21 sin
509 443 154 27 förmögenhet,
679 443 33 20 sin
728 443 83 20 handel.
842 442 9 21 I
860 438 63 25 detta

95 471 101 22 afseende
212 471 83 27 åtnjuta
310 472 102 21 Finlands
428 472 78 24 städer,
522 478 46 15 som
579 460 12 33 i
605 471 133 22 förhållande
754 471 33 21 till
799 471 123 21 landsorten

96 501 47 26 gätt
166 500 104 27 betydligt
290 501 84 24 framåt,
395 507 25 14 en
435 503 46 18 stor
496 501 82 20 lättnad
595 500 40 21 och
647 500 37 27 jag
699 500 70 21 tviflar
784 500 47 21 icke
847 499 27 28 på
889 503 33 18 att

95 529 28 21 de
131 529 46 21 icke
188 529 68 21 skulle
264 529 40 21 fått
312 529 83 26 åtnjuta
403 529 70 21 denna
488 529 83 21 lättnad
586 535 34 15 om
637 529 194 27 indelningsverket
847 528 75 22 fortfa-

97 558 66 21 rande
185 557 67 22 skulle
274 557 41 22 fått
338 564 39 20 ega
393 557 94 22 bestånd.
518 558 75 21 Denna
609 557 143 26 vakansafgift
766 559 24 20 är
805 557 117 26 dessutom,

96 587 121 20 oberoende
240 586 60 21 deraf
322 588 32 19 att
377 587 39 20 den
440 586 93 21 drabbar
549 587 99 20 städerne
665 586 84 27 mycket
764 586 114 26 lindrigare
894 588 27 19 än

97 615 112 26 meningen
232 615 38 21 har
292 615 60 25 varit,
376 615 134 21 såbeskaffad
533 618 32 18 att
587 615 41 21 den
644 615 93 21 drabbar
752 615 99 21 städerne
867 621 56 20 myc-

97 644 38 21 ket
157 643 71 27 ojemt.
258 643 132 28 Björneborg
412 647 14 18 t.
452 651 32 14 ex.
508 644 39 21 har
569 646 33 19 att
624 645 102 25 uppsätta
744 645 11 20 7
780 644 96 20 båtsmän
897 643 27 21 då

97 673 90 26 Nystad,
202 679 45 14 som
263 674 24 19 är
302 673 84 26 mycket
401 673 89 26 mindre,
507 673 54 20 skall
577 675 101 24 uppsätta
695 673 31 20 13.
757 667 54 29 Åbo,
827 678 45 15 som
883 671 40 22 den

96 701 61 21 tiden
180 701 116 26 veterligen
318 701 46 21 icke
384 701 53 21 hade
463 702 70 26 någon
549 704 44 18 stor
607 701 153 27 jordegendom
776 703 98 24 uppsatte
888 701 36 20 45.

98 729 69 22 Dessa
189 729 107 27 uppgifter
319 729 38 21 har
377 730 37 27 jag
436 729 54 22 efter
511 730 162 21 förhållandena
695 730 61 21 1808.
786 729 96 22 Emellan
898 729 26 21 de

97 758 71 21 skilda
191 759 99 20 städerne
312 760 24 19 är
358 759 35 20 det
416 758 90 22 sålunda
528 765 37 14 ren
582 761 46 19 stor
643 759 99 26 ojemhet.
774 758 41 21 Det
830 760 24 19 är
869 757 55 22 dock

97 787 74 20 säkert
193 789 32 18 att
248 787 87 21 emedan
358 787 40 21 den
421 787 88 26 afgiften
531 789 24 19 är
576 788 24 21 så
615 787 108 27 obetydlig
739 787 33 21 för
787 787 98 21 städerne
900 787 25 20 så

99 815 88 26 betyder
203 816 35 20 det
254 815 46 22 litet
316 822 32 15 om
366 815 40 22 den
422 818 23 19 är
461 816 66 27 ojemt
542 815 102 26 fördelad,
659 822 47 15 men
722 816 72 21 säkert
810 817 24 19 är
847 817 32 19 att
889 821 35 15 om

98 844 90 21 rättvisa
210 844 68 21 skulle
298 845 113 26 iakttagas,
434 845 24 20 så
473 845 70 21 skulle
564 845 110 21 städernas
690 845 96 26 rustning
801 843 64 22 blifva
880 843 45 22 helt

98 879 78 14 annan.
206 873 33 20 Då
254 873 69 21 denna
338 873 60 26 afgift
413 873 90 21 sålunda
518 875 25 19 är
557 873 84 26 obilligt
656 873 97 21 fördelad
770 873 88 21 emellan
881 874 44 19 stä-

97 901 68 21 derna
180 901 39 21 och
234 902 78 24 landet,
329 901 65 27 ojemt
410 903 90 20 emellan
509 902 97 21 enskilda
614 903 72 20 städer
697 902 39 21 och
748 901 95 22 enskilda
854 901 71 21 lands-

99 932 58 19 orter
180 929 38 22 och
242 930 106 21 dessutom
372 933 56 18 ännu
451 931 70 25 ojemn
537 931 24 21 så
576 931 84 20 tillvida
676 933 31 18 att
722 930 6 21 i
744 930 50 27 följd
815 930 22 21 af
855 930 71 26 Borgå

100 959 113 26 landtdags
224 959 76 24 beslut,
317 959 96 21 enskilda
428 959 130 26 lägenheter,
571 960 25 20 de
607 960 24 20 så
642 959 83 21 kallade
736 959 116 21 rusthållen
863 959 63 20 hafva

99 987 70 21 blifvit
185 987 62 21 totalt
262 987 120 26 skattefria,
390 988 24 21 så
429 988 74 27 tycker
516 988 37 27 jag
569 989 70 20 starkt
652 988 47 21 skäl
715 987 112 22 förefinnes
843 987 34 21 för
892 990 34 18 att

99 1022 50 14 man
165 1015 65 22 borde
246 1023 27 14 nu
289 1017 6 20 i
311 1016 152 27 sammanhang
479 1018 47 20 med
543 1017 146 26 värnepligten
704 1023 51 14 vara
768 1016 89 21 betänkt
868 1016 58 27 uppå

99 1047 34 18 att
155 1044 21 21 få
198 1045 68 20 denna
289 1045 60 26 afgift
370 1045 121 22 förändrad.
522 1045 43 22 Det
586 1047 24 19 är
625 1046 60 20 detta
700 1052 45 14 som
759 1045 36 26 jag
810 1045 68 20 finner
894 1047 32 18 att

99 1073 112 20 Utskottet
232 1074 118 25 egentligen
374 1073 78 27 åsyftat
475 1074 39 21 och
537 1075 33 20 för
592 1074 42 21 min
657 1074 34 21 del
706 1073 96 22 anhåller
821 1074 36 26 jag
877 1073 48 21 der-

100 1101 33 21 för
149 1103 32 20 att
195 1101 21 21 få
230 1102 107 27 tillstyrka
352 1103 130 26 antagandet
498 1103 22 21 af
534 1102 121 22 Utskottets
671 1103 140 20 betänkande.

169 1158 55 21 Herr
247 1156 138 24 Höckert:
416 1159 40 27 Jag
473 1159 92 28 begärde
581 1160 120 27 egentligen
717 1160 61 21 ordet
793 1159 33 21 för
841 1161 33 19 att
890 1159 37 22 be-

99 1189 60 19 möta
180 1187 56 21 Herr
254 1187 95 27 Procop6
365 1189 6 20 i
386 1188 53 21 hans
455 1188 84 22 försvar
554 1192 44 17 mot
614 1189 48 20 mitt
677 1189 99 26 yttrande
792 1190 31 19 att
839 1188 89 21 Utskot-

99 1218 34 19 tet
155 1216 55 21 hade
233 1216 123 27 disponerat
379 1217 58 21 öfver
459 1223 27 15 en
509 1217 78 26 mängd
609 1217 85 27 förslag.
724 1217 42 26 Jag
780 1217 35 20 vill
831 1217 28 20 då
874 1216 55 22 först

100 1245 57 21 fästa
173 1245 51 21 hans
240 1245 188 27 uppmärksamhet
443 1247 58 26 uppå
516 1248 33 19 att
565 1246 117 26 Utskottet,
698 1246 70 21 såsom
782 1246 36 26 jag
833 1245 30 21 uti
879 1246 50 20 mitt

98 1274 118 20 anförande
238 1274 32 20 för
292 1280 25 15 en
338 1275 63 20 stund
418 1275 65 21 sedan
499 1275 55 21 hade
570 1277 53 19 äran
639 1277 83 23 nämna,
738 1275 6 20 i
760 1275 37 21 sitt
813 1280 115 22 ursprung-

99 1302 44 26 liga
165 1302 135 22 betänkande
323 1303 12 26 $
353 1304 13 20 2
389 1303 107 21 förklarar
519 1303 73 27 frågan
611 1310 34 15 om
661 1303 166 26 vakansafgiften
843 1309 51 15 vara
909 1303 22 21 af

99 1331 184 26 grundlagsnatur.
314 1332 10 20 I
345 1332 320 27 sammanjemkningsförslaget
687 1332 105 26 nämligen
808 1332 35 21 det
855 1332 73 23 första,

99 1366 102 20 rangerar
216 1360 111 21 Utskottet
343 1360 13 27 $
372 1361 12 20 2
400 1367 25 14 ur
440 1361 75 27 sjelfva
530 1361 108 26 lagtexten
656 1361 39 21 och
712 1360 95 22 inflickar
818 1360 36 22 det
864 1360 65 22 bland

99 1389 64 20 dessa
183 1388 129 26 uttalanden,
334 1395 45 15 som
396 1389 133 21 förekomma
545 1390 69 20 såsom
631 1390 159 26 önskningsmäl
805 1390 40 20 och
860 1389 69 21 slutli-

99 1423 41 20 gen
155 1417 40 21 har
210 1417 110 21 Utskottet
328 1418 31 20 uti
368 1418 36 20 det
413 1418 68 21 andra
493 1418 320 27 sammanjemkningsförslaget
823 1418 60 26 gifvit
894 1418 36 21 det

100 1445 162 27 ifrågavarande
285 1446 128 27 stadgandet
435 1453 26 15 en
485 1447 32 21 till
537 1448 38 20 sitt
589 1447 94 21 innehäll
699 1447 45 21 från
761 1447 37 21 det
812 1447 66 21 första
893 1448 37 19 vä-

99 1474 119 28 sendtligen
241 1474 111 22 afvikande
376 1476 91 26 mening.
500 1476 41 26 Jag
563 1476 69 21 mäste
647 1476 34 20 väl
698 1476 26 21 dä
740 1476 46 21 icke
803 1478 48 24 sagt
866 1475 64 27 nägot

99 1508 46 15 som
154 1503 45 21 icke
208 1504 180 26 sammanhängde
398 1504 47 22 med
455 1504 60 22 detta
523 1504 139 27 förhållande,
674 1504 26 22 dä
707 1505 36 26 jag
756 1504 125 28 begagnade
894 1504 36 22 det
