1078 1781
310 111 179 23 Borgareståndet
500 113 57 18 1878.
577 113 24 17 19
612 112 94 18 Januari.
864 107 56 22 2919

299 254 146 35 Lördagen
464 255 56 26 den
538 255 32 26 19
585 254 127 28 Januari.

163 329 34 22 Kl.
215 331 23 20 11
255 329 158 27 föremiddagen
434 330 174 21 sammanträdde
627 329 180 28 Borgareståndet
826 329 33 22 till
874 329 46 27 ple-

93 364 51 15 num
159 358 40 21 och
214 358 190 21 tillstädeskommo
420 358 73 21 dervid
509 358 102 22 Ståndets
626 358 98 27 samtlige
739 357 118 22 ledamöter
871 357 49 22 med

94 387 109 26 undantag
217 387 23 21 af
253 387 81 21 Herrar
348 387 65 26 Julin,
429 387 108 26 Boström,
553 387 32 21 W.
597 387 81 27 Nystén
690 387 39 21 och
739 387 41 25 Ek,
788 386 73 22 hvilka
871 387 48 21 med

93 415 96 22 tillstånd
212 415 22 22 af
254 415 90 22 Ståndet
364 421 52 16 voro
438 415 147 26 frånvarande,
601 417 56 20 samt
675 415 56 22 Herr
746 415 111 26 Sanmark,
872 421 46 16 som

92 443 134 22 fortfarande
240 443 24 22 af
276 444 97 27 sjukdom
389 444 115 22 hindrades
520 446 32 20 att
567 444 78 22 bivista
660 444 101 22 Ståndets
776 444 68 27 plena.

161 586 40 22 Till
218 587 104 27 justering
342 587 110 28 upplästes
471 587 105 22 särskilda
594 587 78 28 utdrag
686 593 26 16 ur
726 587 192 28 Borgareståndets

92 615 109 28 protokoll
216 615 32 22 för
262 616 113 27 gårdagen.

161 753 120 28 Föredrogs
296 755 31 20 ett
341 754 24 21 så
380 753 90 28 lydande
485 754 78 27 utdrag
578 759 25 16 ur
618 753 158 28 Ridderskapet
788 753 39 22 och
837 752 81 23 Adelns

91 781 108 28 protokoll
214 781 32 22 för
262 782 40 21 den
319 783 25 21 18
360 782 143 22 innevaraude
517 782 95 27 januari:

161 867 119 27 Föredrogs
290 867 157 22 Sammansatta
458 867 55 28 Lag-
523 867 40 22 och
573 867 223 22 Ekonomiutskottets
807 867 111 22 skrifvelse

91 896 23 21 af
133 896 40 21 den
190 897 26 20 14
231 896 7 21 i
254 897 68 20 denna
342 897 83 26 månad,
441 897 70 21 deruti
523 896 112 22 Utskottet
650 896 28 27 på
692 896 90 22 anförda
798 896 46 21 skäl
859 896 60 21 hem-

90 924 76 22 ställer
181 927 33 20 att
228 924 120 23 Ständerna
362 925 72 26 måtte,
450 925 69 22 under
534 925 116 26 förklaring
666 927 32 19 att
712 927 31 19 ett
756 924 162 23 Ständerbeslut

92 953 131 22 beträffande
247 954 68 26 öfriga
334 953 60 22 delar
414 953 22 22 af
451 954 40 21 den
507 953 120 28 föreslagna
643 953 150 28 författningen
809 953 109 27 angående

91 981 106 28 reglering
212 982 24 21 af
249 982 169 27 presterskapets
433 982 93 27 aflöning
541 982 109 21 allaredan
663 982 120 26 förefinnes,
793 982 83 21 besluta
885 983 33 20 att

91 1010 96 22 derifrän
203 1011 93 21 utesluta
315 1011 7 26 $
338 1011 25 21 11
380 1011 39 22 och
434 1011 7 20 i
457 1011 53 26 följd
525 1011 62 21 deraf
597 1011 78 26 jemväl
690 1011 51 21 sista
756 1017 63 15 mom.
835 1011 23 21 af
866 1011 11 27 $
891 1012 25 19 22

90 1041 57 20 samt
161 1039 24 28 8$
202 1040 26 20 14
243 1039 39 22 och
300 1040 24 21 15
340 1039 109 22 äfvensom
468 1042 33 19 att
518 1039 119 22 Ständerna
652 1039 68 22 tillika
736 1040 66 21 mätte
817 1039 101 22 förordna

91 1069 33 20 att
145 1067 19 27 ej
181 1068 81 21 mindre
284 1068 25 21 de
332 1068 68 27 öfriga
422 1068 164 27 paragrafernas
602 1068 197 27 ordningsnummer
813 1069 27 20 än
856 1068 62 21 äfven

91 1097 38 20 der
147 1096 174 22 förekommande
343 1097 151 27 hänvisningar
516 1097 61 21 skola
592 1097 6 21 i
614 1097 94 27 enlighet
726 1097 88 21 härmed
833 1097 84 22 ändras.

160 1153 76 22 Denna
258 1154 155 27 framställning
434 1154 74 21 bifölls
530 1154 33 21 till
585 1154 42 21 alla
645 1154 59 21 delar
721 1153 24 22 af
761 1153 157 27 Ridderskapet

90 1182 41 21 och
145 1181 77 28 Adeln,
234 1183 66 26 jemte
316 1183 36 21 det
367 1182 90 22 Ständet
472 1183 34 21 för
521 1183 32 21 sin
569 1183 34 21 del
619 1182 49 22 ville
683 1182 32 21 uti
726 1184 36 20 det
773 1182 146 27 underdäniga

91 1212 72 20 svaret
184 1211 27 26 pä
232 1211 41 21 den
294 1211 77 26 nädiga
386 1211 161 27 propositionen
562 1211 7 21 i
585 1213 72 20 ämnet
671 1211 69 21 införa
754 1211 117 26 uttalande,
886 1212 33 20 att

91 1239 68 21 ehuru
181 1239 46 22 dei
243 1239 24 28 $$
285 1241 33 24 11,
335 1241 31 26 14,
384 1241 25 21 15
432 1240 41 22 och
496 1240 26 22 de
543 1246 74 16 senare
636 1246 61 16 mom.
715 1239 22 23 af
756 1241 10 25 8
785 1240 27 21 22
832 1239 30 21 uti
878 1239 41 22 den

91 1268 77 26 nädiga
187 1268 158 27 propositionen
361 1269 110 27 angäende
487 1269 106 27 reglering
608 1268 22 22 af
643 1269 170 27 presterskapets
827 1268 92 27 aflöning

90 1296 130 22 afhandlade
242 1296 78 28 frägor,
335 1298 7 21 i
358 1298 107 21 anseende
487 1298 34 21 till
542 1297 269 27 meningsskiljaktigheten
829 1296 90 22 emellan

90 1325 102 27 Ständen,
208 1325 47 22 icke
277 1326 81 22 kunnat
373 1326 34 21 vid
423 1326 71 22 denna
508 1326 103 27 landtdag
625 1326 63 22 vinna
702 1326 31 21 sin
749 1326 90 26 lösning,
857 1325 63 22 Stän-

91 1354 67 22 derna
173 1354 118 22 emellertid
306 1357 69 19 motse
391 1355 36 21 det
442 1354 62 22 Hans
519 1355 119 27 Kejserliga
653 1354 101 27 Majestät
768 1354 85 26 nädigst
864 1354 54 26 ville,

90 1382 34 22 för
139 1383 91 22 nämnde
250 1382 82 28 frägors
352 1385 59 20 stora
426 1383 53 27 vigt,
495 1384 66 21 redan
577 1384 34 20 vid
626 1382 176 23 nästkommande
817 1382 102 28 landtdag

90 1411 48 22 åter
152 1411 108 27 förelägga
274 1412 119 22 Ständerne
408 1412 116 27 lagförslag
540 1412 91 22 rörande
646 1412 47 22 dem
707 1412 100 27 antingen
817 1410 103 22 särskildt

91 1439 34 21 för
139 1439 32 27 sig
191 1440 51 22 eller
257 1440 7 22 i
279 1441 153 26 sammanhang
448 1442 49 20 med
513 1440 36 22 det
563 1440 80 27 förslag
657 1440 33 22 till
705 1440 101 28 tidsenlig
821 1440 98 21 boställs-

91 1468 90 27 ordning
196 1468 33 22 för
244 1469 134 26 prestebolen
394 1470 7 20 i
417 1469 80 27 landet,
513 1469 88 22 hvarom
617 1469 119 22 Ständerna
751 1468 88 23 beslutit
854 1468 66 22 fram-

91 1496 64 22 ställa
170 1497 132 27 underdänig
318 1498 106 22 anhällan.
