1078 1781
173 123 55 21 2202
379 128 179 21 Borgareständet
571 128 55 18 1877.
651 130 11 16 7
675 128 117 17 December.

172 196 120 27 hållanden,
314 197 46 21 icke
376 197 32 25 då,
424 197 69 21 såsom
509 197 6 20 i
537 197 139 22 förevarande
692 197 43 26 fall,
752 197 144 22 betänkandet
911 197 89 22 föreslår

173 232 25 15 en
215 225 78 22 reform
310 226 22 21 af
346 226 36 21 det
398 226 119 21 bestående,

242 283 56 20 Herr
323 282 174 22 Molander:
528 283 41 26 Jag
590 283 67 21 måste
678 282 123 27 ytterligare
824 289 96 21 upprepa
944 283 56 27 hvap

172 311 56 21 Herr
250 311 92 21 Jansson
366 311 65 21 redan
454 311 105 21 framhöll.
590 312 11 20 I
624 311 26 21 de
671 311 62 21 flesta
754 311 37 22 fall
812 311 39 21 och
874 312 27 21 då
916 317 48 16 man
980 312 18 27 ej

173 340 81 21 kunnat
276 340 82 21 erhålla
373 346 25 15 en
415 340 129 26 naturligare
563 340 197 26 jemkningsgrund,
776 339 38 22 har
829 346 26 15 em
872 340 65 21 sådan
954 340 46 21 fun-

171 368 44 21 nits
236 368 30 21 uti
287 368 36 21 två
342 368 78 21 Stånds
441 369 47 20 med
509 368 111 21 Utskottet
641 369 230 20 öfverensstämmande
899 368 59 26 åsigt.
989 369 11 20 I

172 397 140 21 förevarande
328 397 38 21 fall
381 396 68 23 skulle
466 403 46 15 man
529 397 61 26 eljest
601 397 85 21 komma
702 397 81 21 derhän
794 399 31 19 att
838 403 45 15 som
894 403 105 16 samman-

171 425 199 27 jemkningsförslag
390 426 106 26 uppställa
514 432 26 15 en
552 425 61 26 äsigt,
630 425 105 22 omfattad
752 425 20 22 af
788 426 75 21 endast
878 428 32 19 ett
926 425 74 28 Stånd,

172 455 6 20 i
194 454 82 21 hvilket
290 454 38 21 fall
344 461 48 14 man
408 454 93 27 tydligen
518 454 39 21 har
572 455 81 20 mindre
663 455 66 26 utsigt
740 453 32 22 för
785 461 25 14 en
822 454 77 27 lycklig
909 454 90 27 lösning,

173 485 26 18 än
218 489 34 14 om
269 489 48 14 man
334 483 90 21 föreslär
439 482 32 22 till
486 483 119 27 antagande
620 489 26 15 en
662 483 22 21 af
698 483 36 21 tvä
749 483 67 21 Ständ
833 483 39 21 och
888 483 111 22 Utskottet

173 511 104 21 omfattad
300 511 62 26 äsigt.
393 512 40 26 Jag
457 511 118 27 tillstyrker
598 511 82 22 således
704 511 58 22 bifall
787 511 31 22 till
835 511 165 27 sammanjemk-

173 539 171 28 ningsförslaget.

241 597 63 21 Efter
320 597 158 22 diskussionens
493 597 119 21 afslutande
628 597 124 22 framstälde
768 597 55 21 Herr
837 597 162 22 Talmannen

173 625 93 27 följande

242 682 183 27 Proposition:
448 683 38 25 De,
496 689 45 15 som
551 683 113 26 godkänna
674 682 326 29 sammanjemkningsförslaget,

174 711 33 21 för
229 712 25 20 sä
269 711 45 21 vidt
332 711 67 26 angår
414 711 11 28 $
441 711 19 25 3,
476 717 61 15 svara
551 711 38 26 ja;
606 711 72 22 vinner
694 711 51 27 nej,
760 717 62 16 anses
839 712 95 27 Ständet,
950 712 48 21 med

173 739 138 22 förkastande
326 740 24 21 af
364 740 65 26 sagda
444 739 85 28 förslag,
545 740 98 21 vidhällit
658 740 37 21 sitt
711 740 57 21 förra
784 740 76 21 beslut.

241 797 220 26 Propositionen:
478 797 127 21 besvarades
620 797 47 21 med
683 797 155 27 öfvervägande
852 797 30 26 ja.

241 853 123 22 Utskottets
380 853 77 27 förslag
473 853 130 22 beträffande

452 905 52 21 1—4
521 905 97 21 Momm.
635 906 27 20 af
676 905 12 28 $
704 906 12 20 5

173 961 125 22 föranledde
314 962 18 27 ej
349 961 31 22 till
396 962 75 27 ätgärd
487 962 45 21 frän
548 962 194 27 Borgareständets
758 963 51 21 sida.

242 1013 44 21 För
301 1013 23 21 sä
340 1013 44 22 vidt
400 1013 46 22 åter
461 1013 66 27 angår

491 1071 70 21 Mom.
577 1071 12 21 5
606 1071 24 21 af
644 1071 11 27 $
671 1072 12 20 5

173 1127 44 21 blef
238 1127 319 28 sammanjemkningsförslaget
573 1128 23 21 af
609 1127 181 28 Borgareständet
813 1129 51 20 utan
880 1128 119 21 diskussion

173 1155 115 27 godkändt.

242 1207 112 27 Förslaget
373 1207 130 22 beträffande

495 1260 64 21 Mom
575 1261 12 19 3
603 1259 26 22 af
642 1260 11 27 $
670 1261 11 19 7

172 1316 125 22 föranledde
317 1316 19 27 ej
352 1317 33 21 till
400 1317 77 27 ätgärd
492 1317 47 21 frän
554 1316 190 28 Borgareständets
760 1316 53 22 sida.

241 1374 34 21 Då
294 1373 52 22 härä
364 1373 109 28 föredrogs
489 1374 121 22 Utskottets
625 1374 79 27 förslag
720 1373 133 23 beträffande

499 1431 12 27 $
529 1432 31 20 13
575 1437 70 15 mom.
664 1432 8 20 1

173 1482 99 27 föredrog
295 1482 57 22 Herr
377 1482 190 22 Talmannen
594 1482 6 21 i
622 1482 153 27 sammanhang
798 1482 88 21 dermed
910 1481 36 22 det
967 1481 33 21 till

173 1511 67 21 denna
272 1510 41 27 dag
335 1511 117 27 bordlagda
479 1512 77 26 utdrag
577 1518 26 14 ur
627 1511 172 21 Bondeständets
827 1510 112 28 protokoll
967 1510 35 21 för
