1078 1781
166 101 57 21 2538
366 106 180 22 Borgareståndet
557 108 55 18 1877.
641 108 23 18 19
676 108 118 18 December.

165 177 24 19 är
204 177 33 20 att
252 176 246 27 Expeditionsutskottet
516 176 47 22 icke
581 177 33 21 får
629 177 67 21 ändra
712 178 78 20 texten.
821 176 62 22 Hvad
898 176 94 21 komma-

164 204 96 27 teringen
281 205 40 21 och
341 205 118 27 tryckfelen
482 205 107 27 beträffar,
605 205 25 22 så
647 207 25 20 är
691 205 36 22 det
742 205 57 21 klart
814 207 33 19 att
862 205 37 22 der
914 205 27 21 de
956 207 37 19 äro

165 233 131 27 uppenbara,
312 234 24 21 så
352 234 52 21 böra
419 234 26 21 de
460 234 84 21 ändras.

234 291 56 20 Herr
306 291 24 20 E.
346 291 110 27 Bergh:
479 291 38 21 Ett
530 291 97 27 tryckfel,
639 297 45 15 som
695 291 46 21 icke
749 290 61 22 fanns
818 292 102 25 upptaget
929 289 65 22 bland

165 319 129 21 rättelserna
316 319 143 22 förekommer
481 319 28 27 på
531 320 62 21 sidan
609 321 27 20 60
652 320 38 21 der
705 320 36 21 det
757 319 60 22 heter
833 319 42 26 ,D)
890 325 35 15 om
940 325 53 21 upp-

165 347 50 21 skof
232 347 27 28 på
274 348 68 27 grund
358 347 24 22 af
395 348 115 26 bildning."
541 348 74 26 Enligt
630 348 40 21 den
686 348 84 26 Nådiga
786 348 159 27 propositionen
958 347 35 22 he-

165 378 34 19 ter
219 376 37 21 det
279 376 53 25 ,,Om
354 377 91 26 uppskof
459 377 39 21 och
513 377 96 26 eftergift
625 377 27 26 på
667 377 69 26 grund
752 376 22 22 af
788 377 106 26 bildning”
910 376 40 21 och
966 376 27 21 dä

165 404 149 27 efterföljande
329 405 123 27 paragrafer
467 405 44 22 tala
526 411 34 16 om
577 405 95 28 eftergift
687 405 24 22 så
726 407 24 20 är
766 405 35 22 det
815 405 57 21 klart
888 407 32 19 att
932 405 62 22 ordet

166 433 121 27 »eftergift"
303 433 39 22 bör
357 435 92 26 qvarstå.

234 491 57 21 Herr
322 491 189 26 Tengström:
541 492 42 26 Jag
605 498 63 15 anser
690 494 33 19 att
750 491 243 27 Expeditionsutskottet

165 519 116 26 ingalunda
303 519 39 22 bör
364 521 120 26 uppdragas
505 522 31 19 ett
551 520 77 21 sådant
643 521 103 26 göromål,
762 526 44 15 som
822 520 56 21 Herr
892 520 100 21 Boström

165 548 117 26 föreslagit,
293 551 51 18 utan
355 548 93 21 beslutes
461 549 36 21 det
507 549 31 20 till
549 548 148 28 förändringar
704 550 25 21 så
736 549 53 21 böra
797 549 61 20 dessa
867 548 126 22 verkställas

165 576 24 21 af
202 577 244 26 Värnepligtsutskottet
464 577 71 21 förrän
551 577 88 22 ärendet
654 578 32 21 till
701 577 247 28 Expeditionsutskottet
962 577 31 21 öf-

164 605 128 21 verlemnas.
314 605 256 27 Expeditionsutskottets
591 607 38 20 sak
652 609 24 18 är
698 609 33 18 att
747 608 101 25 upprätta
863 606 129 21 Ständernes

165 634 147 27 underdåniga
326 641 49 14 svar
390 634 6 21 i
412 635 43 25 sak,
463 641 47 14 men
525 635 46 20 icke
585 637 32 19 att
633 635 110 27 korrigera
758 635 55 20 hvad
829 636 31 20 ett
874 637 66 19 annat
954 634 38 21 all-

165 664 59 19 mänt
236 662 90 22 Utskott
342 662 98 22 bestämt.

234 719 56 22 Herr
311 720 153 21 Boström:
495 720 45 21 Min
555 721 86 26 mening
661 727 38 14 var
714 721 47 21 icke
777 722 32 19 att
825 721 65 26 något
904 719 89 22 Utskott

165 748 67 21 skulle
261 748 21 21 få
309 749 67 20 ändra
402 751 71 19 texten
498 753 51 17 utan
574 749 75 22 endast
674 751 58 20 rätta
757 749 189 27 kommateringen,
970 751 23 24 ty

164 777 29 26 på
214 777 76 26 många
313 777 75 21 ställen
407 779 36 19 äro
460 778 97 21 kommor
572 777 158 26 bortlemnade;
748 777 70 22 derför
833 784 63 15 anser
910 777 36 28 jag
960 780 32 19 att

165 805 245 27 Expeditionsutskottet
425 806 39 21 bör
479 808 57 19 rätta
552 807 76 21 sådant
644 813 47 15 men
706 807 47 21 icke
769 806 67 21 ändra
851 809 78 18 texten.

233 862 57 22 Herr
310 863 20 21 S.
352 863 175 26 Björkstén:
558 863 40 28 Jag
613 863 39 22 ber
664 865 32 20 att
712 863 22 22 få
749 863 88 28 upplysa
852 865 33 19 att
899 863 93 27 Expedi-

165 891 162 22 tionsutskottet
350 891 39 22 har
410 893 31 20 att
461 894 57 19 rätta
533 892 181 27 kommateringar
729 892 40 21 och
784 892 83 27 sådant,
882 898 48 15 men
946 892 46 21 icke

165 920 65 27 något
245 920 39 21 ord
299 920 7 21 i
322 920 55 21 hvad
393 920 118 23 Ständerne
526 921 101 22 beslutat.

234 977 56 22 Herr
312 978 25 21 A.
361 978 180 27 Björkstén:
571 978 42 27 Jag
628 978 70 21 skulle
712 978 58 21 hålla
786 977 45 22 före
847 979 32 20 att
894 977 36 22 det
946 977 46 22 icke

164 1007 24 20 är
210 1005 47 22 skäl
280 1008 32 19 att
326 1013 76 20 genom
418 1006 125 27 uttryckligt
557 1006 70 21 beslut
642 1007 112 26 uppdraga
769 1006 224 27 Expeditionsutskot-

164 1037 32 19 tet
218 1035 70 26 någon
311 1035 90 26 ändring
416 1035 23 22 af
458 1035 187 27 kommateringar,
664 1039 50 18 utan
731 1041 62 15 anses
809 1035 25 21 de
849 1041 52 15 vara
916 1034 22 22 af
952 1035 40 20 den

164 1062 148 23 beskaffenhet
333 1066 33 19 att
388 1063 114 27 ändringar
522 1063 67 22 borde
604 1064 96 27 vidtagas
716 1064 24 21 så
756 1064 54 21 böra
825 1063 26 22 de
866 1063 126 22 verkställas

165 1091 22 21 af
201 1091 35 22 det
252 1091 94 27 Utskott,
362 1098 46 15 som
424 1092 115 21 behandlat
553 1092 75 27 sjelfva
641 1092 73 28 frågan
726 1092 40 22 och
779 1092 39 21 bör
829 1091 89 22 Ståndet
930 1091 62 22 hvar-

164 1120 41 21 ken
222 1120 99 27 förbjuda
336 1121 52 21 eller
403 1121 110 27 uppdraga
528 1121 246 27 Expeditionsutskottet
784 1123 32 19 att
827 1121 86 27 vidtaga
923 1121 69 26 någon

163 1155 70 16 annan
249 1149 75 27 åtgärd
339 1151 27 20 än
382 1149 40 22 den
438 1149 89 27 vanliga.

233 1206 56 21 Herr
311 1207 152 26 Ignatius:
493 1207 41 26 Jag
553 1206 69 22 skulle
645 1213 51 15 anse
711 1207 37 21 det
763 1213 52 15 vara
830 1206 116 26 obehöfligt
960 1208 33 19 att

163 1234 70 22 lemna
256 1237 32 20 ett
310 1235 68 27 dylikt
395 1235 97 27 uppdrag
506 1236 23 21 åt
545 1235 253 27 Expeditionsutskottet,
813 1235 89 21 emedan
918 1235 36 21 det
969 1237 24 19 är

163 1263 57 22 klart
236 1266 32 19 att
283 1264 123 27 uppenbara
421 1264 89 27 tryckfel
526 1264 39 22 och
581 1264 93 27 oriktiga
688 1264 183 28 kommateringar
887 1264 52 21 böra
949 1266 44 19 rät-

164 1295 33 19 tas
213 1292 23 21 af
248 1292 247 28 Expeditionsutskottet
509 1295 51 19 utan
575 1294 66 26 något
656 1292 177 28 bemyndigande.

233 1350 57 21 Herr
312 1350 147 21 Höckert:
489 1350 42 22 Det
555 1352 24 19 är
604 1350 88 22 alldeles
717 1350 157 26 ovedersägligt
895 1351 33 20 att
947 1349 46 22 ifall

163 1378 120 22 Ständerne
298 1378 57 26 gifva
370 1379 23 21 åt
407 1378 244 28 Värnepligtsutskottet
666 1379 7 21 i
688 1379 99 27 uppdrag
801 1381 33 19 att
849 1380 51 25 göra
912 1378 26 22 de
949 1380 44 20 rät-

163 1407 66 21 telser
244 1407 88 21 hvarom
347 1407 166 21 anmärkningar
528 1414 26 4 nu
571 1408 58 20 skett,
648 1408 21 10 sä
683 1408 56 20 skall
750 1407 244 21 Väroopligisutskottet

474 1419 13 16 5
528 1419 28 10 Du
571 1419 64 15 SKTLU,
648 1419 24 10 Sa
682 1419 11 10 5
756 1419 7 10 v
823 1419 99 15 PIIBIsuus

163 1435 109 21 inkomma
294 1435 32 21 till
350 1436 120 21 Ständerne
485 1436 40 22 och
539 1436 90 28 upplysa
645 1442 34 16 om
694 1436 74 21 hvilka
782 1435 100 22 rättelser
897 1436 26 21 de
938 1435 55 22 före-

164 1464 54 27 tagit
241 1464 40 21 och
304 1464 118 22 Ständerne
443 1464 69 22 måste
535 1466 64 20 sedan
623 1465 73 21 derom
720 1465 91 27 besluta,
830 1464 112 22 hvaremot
956 1464 38 22 det
