1078 1781
137 112 56 18 2970
391 116 180 20 Borgareständet
584 116 123 17 1877—187&

138 185 121 24 Hammarén,
274 186 22 19 L.
313 186 25 24 J.,
355 186 131 23 Handlande,
499 186 122 25 fullmäktig
636 187 31 19 för
682 186 147 20 Tammerfors.
855 186 9 19 I
879 186 19 19 2.

142 226 65 2 ——
222 215 94 19 ledamot
331 215 7 19 i
354 215 165 20 bankutskottet.
551 215 9 18 I
575 215 34 20 33.

138 254 69 2 —
223 243 93 20 ledamot
318 239 15 34 i
353 243 101 20 förstärkt
469 243 217 26 bevillningsutskott.
717 243 20 19 V
752 243 62 20 2197.

137 283 68 2 —
222 273 50 18 dess
287 272 121 25 petitioner:

221 307 36 14 om
272 299 75 28 åtgärd
364 301 79 19 derhän
459 303 30 17 att
505 301 193 26 lärarepersonalen
714 301 35 19 vid
764 301 117 19 folkskolor
896 301 6 18 i
919 300 47 19 stad

221 329 7 20 i
248 330 39 19 afs.
303 329 13 20 å
330 329 173 26 löneförhöjning
518 330 40 19 och
569 329 207 26 pensionsförmäner
788 330 68 19 blefve
867 329 100 19 likstälda

223 358 47 19 med
293 358 192 26 lärarepersonalen
507 358 35 19 vid
564 358 144 20 folkskolorna
729 357 12 20 å
763 358 76 23 landet,
859 358 108 19 äfvensom

222 389 31 17 att
274 386 66 27 något
362 387 109 25 undantag
489 387 6 19 i
515 387 38 20 afs.
573 386 13 21 &
605 387 88 20 berörda
714 385 105 21 förmåner
841 387 45 19 icke
903 385 64 20 måtte

222 416 65 23 göras
309 416 51 19 betr.
384 416 25 19 de
431 416 68 19 lärare
521 415 40 20 och
577 416 122 22 lärarinnor,
720 422 46 13 som
782 416 46 19 icke
844 409 124 36 genomgått

224 445 143 19 seminarium.
398 444 8 19 I
430 445 32 22 73,
485 445 33 19 76.
549 444 22 20 R.
589 445 9 18 I
614 445 35 23 84;
665 451 23 13 se
707 444 57 19 allm.
780 445 57 18 besv.
854 444 54 19 utsk.
925 444 41 19 bet.

223 473 41 19 N:o
283 472 30 20 16.

223 507 35 14 om
274 501 119 20 inrättande
409 502 22 19 af
444 503 30 18 ett
489 501 127 26 sjuklassigt
633 501 82 26 lyceum
732 502 5 18 i
754 501 142 20 Tammerfors
912 501 54 19 stad.

223 530 7 19 i
249 531 25 18 74
285 531 53 22 —75,
356 531 32 18 76.
418 530 23 19 R.
457 530 9 19 I
483 531 36 23 84;
535 537 24 13 se
574 530 57 19 allm.
648 530 56 19 besv.
722 530 54 19 utsk.
792 530 40 19 bet.
849 530 39 20 N:o
907 530 30 19 17.

223 565 35 13 om
280 559 119 19 inrättande
415 559 22 19 af
451 565 26 13 en
492 559 64 19 kanal
576 559 91 20 emellan
682 559 85 25 sjöarne
784 559 61 19 söder
860 565 34 13 om
910 558 56 19 Wir-

223 587 47 20 dois
293 587 68 26 kyrka
376 587 40 20 och
439 587 84 20 Toivesi
545 588 33 25 sjö
601 587 40 20 och
664 587 143 26 kanalisering
830 588 23 19 af
872 587 93 19 farleden

223 616 92 19 emellan
330 616 70 19 Keuru
420 617 40 19 och
476 616 90 20 Ruovesi
583 617 64 25 sjöar.
678 616 9 19 I
707 617 117 18 113—114.
855 616 23 19 R.
894 616 8 18 I
919 615 47 20 160.

224 646 24 18 A.
264 644 30 19 III
310 645 62 19 1047.

145 685 63 2 ——
224 673 50 20 dess
290 673 123 26 yttranden:

259 702 9 19 I
286 702 46 22 160,
348 703 47 18 369.

259 730 29 19 HI
305 731 61 19 1435.

258 757 33 21 IV
306 759 60 23 1622,
384 760 61 22 1978,
462 759 62 20 2041.

258 787 20 19 Vv
294 787 62 20 2323.

140 814 166 24 Handelsbalken.
330 817 55 24 Ang.
409 816 146 26 upphäfvande
578 817 23 18 af
621 817 95 19 förbudet
731 817 6 18 i
754 815 12 20 6
782 815 14 26 &
812 815 12 20 9
841 816 46 25 kap.
912 816 16 22 i;
944 822 23 13 se

224 845 152 25 lagutskottets
392 845 132 19 betänkande
540 845 39 19 N:o
595 845 33 20 26.

140 872 52 44 Hans
209 872 53 27 Kejs.
278 872 105 28 Majestäts
400 873 77 26 nådiga
493 874 160 25 propositioner;
669 880 23 13 se
708 873 156 26 propositioner.

225 901 78 27 nådiga
324 902 134 25 tacksägelse
478 903 32 19 för
528 903 35 18 det
579 903 22 18 af
617 901 188 27 Borgareståndets
829 901 88 20 Talman
933 902 34 19 vid

224 931 142 24 landtdagens
381 931 119 26 högtidliga
515 931 111 26 öppnande
642 930 72 20 hållna
729 931 35 19 tal.
796 930 8 19 I
820 931 32 19 86.

147 971 48 2 -—-
225 959 57 25 höga
312 959 129 26 födelsedag,
465 959 54 20 Und.
535 959 133 26 lyckönskan
685 960 6 19 i
707 959 41 20 anl.
772 960 26 18 af.
814 959 18 18 II
849 960 118 21 583—584,

225 988 120 20 626—627.

141 1029 30 1 +
224 1015 86 27 nådigst
334 1017 94 19 uttalade
451 1017 99 19 erkänsla
565 1017 31 19 för
612 1017 97 26 anslaget
728 1017 31 19 för
775 1015 77 21 vården
868 1017 23 18 af
904 1016 62 25 sjuke

224 1045 40 20 och
282 1044 75 21 sårade
373 1045 6 19 i
395 1045 53 26 krig.
479 1045 29 19 III
525 1046 60 19 1046.

141 1086 29 2 =
225 1073 74 26 nädigt
319 1074 93 19 uttalade
431 1074 49 19 tack
497 1075 30 18 för
542 1075 49 18 und.
611 1074 181 26 lyckönskningar
807 1073 7 19 i
829 1073 41 20 anl.
887 1074 22 18 af
922 1072 46 21 ärs-

224 1103 80 19 skiftet.
336 1103 19 18 V
372 1103 60 20 2877.

141 1130 121 28 Helsingius,
279 1133 33 21 A,
327 1130 101 21 Rädman,
443 1131 121 26 fullmäktig
579 1132 32 19 för
626 1131 138 20 Tavastehus.
787 1131 9 19 I
812 1131 18 19 2.

146 1172 28 2 o
228 1161 52 18 1:ste
296 1160 110 25 suppleant
421 1160 7 19 i
443 1160 145 25 lagutskottet.
619 1160 9 19 I
645 1160 33 19 32.

193 1201 7 1 --
225 1189 93 19 ledamot
333 1189 7 18 i
356 1189 96 19 enskilda
467 1189 197 19 besvärsutskottet.
694 1189 8 18 I
720 1189 46 18 166.

157 1229 27 2 —--.
226 1217 59 20 2:dra
301 1217 111 26 suppleant
427 1218 6 19 i
449 1217 226 26 justeringsutskottet.
705 1216 9 19 I
730 1217 47 19 252.

225 1246 51 20 dess
291 1246 166 26 framställning:

162 1287 24 1 -
228 1281 49 19 ang.
308 1274 122 26 förhöjning
445 1276 23 18 af
481 1274 77 20 honom
574 1274 104 20 tilldeladt
692 1274 276 25 landtdagsmannaarvode.

225 1304 19 18 V
261 1304 62 19 2756.

200 1345 3 1 -
226 1332 50 20 dess
292 1332 119 26 petitioner:

225 1367 36 13 om
284 1360 309 26 ingvarteringskostnadernas
616 1360 117 26 aflyftande
754 1358 45 20 från
823 1360 26 18 de
871 1359 98 19 enskilda

225 1390 154 19 kommunerna
395 1389 41 20 och
458 1389 134 19 bestridande
614 1388 46 20 från
682 1389 139 19 statsverkets
847 1386 120 27 tillgångar.

225 1418 8 19 I
251 1417 90 21 75—76.
371 1418 23 19 R.
411 1418 9 18 I
431 1418 92 20 84—86.
539 1417 26 20 Se
581 1417 169 20 ekonomieutsk.
765 1417 41 19 bet.
823 1416 39 20 N:o
880 1416 31 20 11.

226 1453 49 19 ang.
301 1446 119 20 inrättande
449 1447 23 18 af
497 1452 26 14 en
553 1446 152 20 industriskola
730 1446 6 18 i
760 1445 132 19 Tavastehus
918 1444 51 20 eller

226 1475 143 19 Tammerfors
384 1475 54 19 stad.
469 1475 8 19 I
494 1475 89 20 97—98.
614 1474 23 20 R.
652 1474 10 19 I
678 1475 36 23 98;
731 1480 23 13 se
770 1474 57 19 allm.
844 1474 56 19 besv.
913 1474 55 19 utsk.

227 1504 41 20 bet.
285 1503 39 20 N:o
340 1504 34 18 21.
