1078 1781
317 127 181 21 Borgareständet
510 128 56 17 1878.
591 128 12 16 5
616 126 93 18 Januari.
871 120 57 22 2723

171 196 56 22 Herr
242 196 117 22 Kurtén:
382 196 69 21 Äfven
464 196 37 27 jag
517 196 97 22 anhåller
628 198 34 19 att
676 195 181 28 Borgareständet
870 195 57 26 ville,

100 225 49 23 med
169 224 127 27 frångående
318 225 20 21 af
354 225 36 21 sitt
406 225 59 22 förra
480 225 78 27 beslut,
574 225 75 21 förena
664 225 33 27 sig
712 231 34 14 om
762 224 166 27 godkännandet

100 254 24 22 af
138 253 170 22 Bondeståndets
324 253 126 28 inbjudning
466 253 41 22 och
523 254 40 21 den
578 253 139 27 formulering
732 253 23 22 af
768 253 52 22 sista
835 259 93 15 momen-

100 285 34 20 tet
155 289 45 14 som
223 282 159 21 Bondeståndet
405 282 96 27 godkänt
524 282 39 21 och
587 288 46 15 som
656 282 23 21 af
692 283 153 20 sammansatta
860 281 68 22 Stats-

101 311 40 22 och
163 311 211 22 Ekonomiutskottet
397 311 40 20 har
459 311 127 27 föreslagits.
615 311 42 26 Jag
678 311 39 20 har
732 310 124 27 visserligen
870 310 58 22 förut

100 341 50 20 hört
171 339 33 22 till
227 340 54 23 dem,
302 346 46 15 som
363 341 70 20 röstat
448 339 33 22 för
496 340 41 21 den
554 341 103 20 motsatta
671 339 89 27 åsigten,
776 345 47 15 men
837 339 37 27 jag
888 339 40 21 har

100 369 57 26 gjort
173 369 36 20 det
223 369 47 20 icke
286 368 70 21 derför
371 370 33 19 att
418 369 36 26 jag
469 369 48 21 icke
532 371 71 18 ansett
619 370 32 19 att
666 368 7 21 i
688 367 120 22 hufvudsak
823 367 37 22 det
869 369 59 20 rätta

101 397 40 21 har
163 397 57 27 legat
240 397 28 27 på
284 397 40 22 den
340 397 60 21 sidan
416 403 47 16 som
479 399 155 19 sammansatta
649 396 67 22 Stats-
732 396 40 21 och
787 396 141 21 Ekonomiut-

101 425 82 22 skottet
198 425 7 22 i
220 425 219 22 öfverensstämmelse
462 427 49 20 med
535 426 55 21 1872
611 426 35 21 års
662 425 92 22 Ständer
768 426 40 20 har
823 425 104 25 förordat,

102 456 52 19 utan
167 454 34 21 för
215 456 32 19 att
262 454 22 21 få
298 454 73 27 frågan
387 454 120 25 förenklad,
524 456 52 19 enär
588 454 37 27 jag
641 454 47 21 med
704 453 110 22 tillförsikt
824 453 104 27 tillstyrkt

101 485 34 20 att
157 483 128 22 öfverlemna
306 483 22 21 åt
350 483 125 26 regeringen
498 485 33 19 att
553 483 82 27 reglera
658 483 69 21 denna
746 483 44 21 sak.
820 482 34 21 Då
868 483 60 20 detta

101 511 56 22 visat
171 512 32 26 sig
218 512 96 27 omöjligt
330 511 40 22 och
382 511 38 27 jag
435 512 66 21 också
516 511 68 22 finner
599 514 32 19 att
645 511 160 22 Bondeståndet
814 511 47 21 haft
872 511 56 26 goda

101 541 47 20 skäl
172 541 33 20 för
227 540 135 22 vidhållande
380 541 24 20 af
417 541 39 20 sitt
472 541 71 20 beslut
557 541 7 20 i
580 541 66 20 saken
662 541 24 20 så
700 546 63 15 anser
775 539 37 28 jag
827 542 33 19 att
874 539 53 22 Bor-

101 569 137 28 gareståndet
260 569 38 21 bör
313 569 129 26 tillmötesgå
457 569 172 22 Bondeståndets
644 569 6 21 i
663 569 69 21 denna
748 568 34 21 del
796 569 80 26 ganska
892 568 35 21 be-

101 598 106 26 rättigade
222 598 92 27 anspråk
329 598 39 21 och
385 598 85 21 biträda
486 598 49 21 dess
550 597 77 25 beslut,
646 597 3 21 i
666 597 114 27 synnerhet
795 603 46 16 som
854 597 36 27 jag
903 599 25 19 är

102 626 123 27 öfvertygad
240 633 33 14 om
290 629 32 19 att
338 627 36 21 det
389 628 58 19 rätta
461 627 68 26 ligger
541 628 98 19 närmare
650 626 36 21 det
696 625 71 22 beslut
777 626 26 21 de
813 625 63 22 hafva
887 626 41 21 fat-

102 657 39 20 tat.
171 655 42 21 Det
235 657 24 19 är
277 656 75 21 endast
367 655 113 27 praktiska
495 655 138 27 synpunkter,
648 661 46 15 som
710 655 110 21 bestämde
835 654 42 27 mig
894 654 34 21 för

101 685 34 20 att
150 683 84 22 biträda
244 685 40 20 den
300 686 102 19 motsatta
417 684 91 27 åsigten.

171 741 69 22 Sedan
255 741 56 22 Herr
326 741 162 22 Talmannen
503 741 88 27 uppläst
606 743 32 19 ett
650 741 45 26 just
710 740 46 22 från
771 740 157 27 Ridderskapet

102 770 40 21 och
165 770 68 21 Adeln
252 770 7 21 i
275 770 87 21 ärendet
377 770 124 21 ankommet
516 769 198 28 protokollsutdrag
729 769 34 22 för
778 770 40 20 den
833 769 13 21 3
861 769 67 22 Janu-

102 799 31 21 ari
150 799 61 25 1878,
228 799 138 22 dessmedelst
381 799 98 21 bemälde
496 798 67 22 Stånd
580 799 56 20 velat
651 798 87 27 inbjuda
748 798 180 26 Borgareståndet

102 829 32 20 att
156 827 73 22 förena
250 828 32 27 sig
304 834 33 15 om
356 828 36 21 det
413 827 80 27 jemväl
515 827 24 22 af
559 827 157 27 Ridderskapet
738 827 40 22 och
800 826 68 22 Adeln
888 826 40 21 fat-

102 856 49 21 tade
174 856 70 21 beslut
266 859 33 18 att
321 856 73 27 frågan
418 857 46 21 icke
483 856 66 21 borde
568 856 22 21 få
607 855 93 26 förfalla,
716 855 40 22 och
772 855 109 27 föreslagit
895 857 33 19 att

102 880 91 58 Ständet
213 885 65 21 måtte
296 887 50 25 taga
361 885 70 21 denna
445 885 128 27 inbjudning
587 884 110 27 samtidigt
712 885 67 20 under
794 883 135 28 ompröfning

101 915 86 25 yttrade

169 971 57 21 Herr
240 971 110 21 Kurtén:
379 971 41 27 Jag
444 977 64 15 anser
531 971 60 21 detta
612 970 197 28 protokollsutdrag
827 971 47 20 icke
886 970 42 21 för-

101 999 76 22 anleda
199 999 32 21 till
253 999 70 27 någon
344 1000 90 27 ändring
450 999 7 21 i
473 1000 38 21 det
531 999 111 22 uttalande
660 999 38 27 jag
713 999 38 22 har
766 999 55 27 gjort
836 999 39 21 och
892 999 36 22 ber

101 1030 33 19 att
156 1029 21 20 få
198 1028 55 21 fästa
265 1029 218 26 uppmärksamheten
499 1029 28 26 på
542 1030 33 19 att
590 1029 59 20 detta
665 1027 69 22 beslut
749 1028 124 21 tillkommit
888 1027 40 22 hos

101 1056 156 27 Ridderskapet
280 1057 40 21 och
340 1057 76 26 Adeln,
432 1057 66 21 innan
513 1057 172 21 Bondeståndets
700 1056 123 27 inbjudning
839 1056 90 22 kommit

101 1085 33 21 till
149 1085 157 27 Ridderskapet
321 1086 40 21 och
376 1085 81 22 Adelns
473 1085 128 22 kännedom.
623 1086 41 25 Jag
680 1087 24 19 är
716 1085 88 22 alldeles
819 1091 50 15 ense
880 1085 49 21 med

101 1113 157 28 Ridderskapet
274 1114 39 21 och
324 1114 68 22 Adeln
403 1114 6 21 i
423 1115 41 20 den
477 1114 40 25 del,
527 1114 86 21 hvarom
627 1114 151 27 inbjudningen
788 1113 90 22 handlar
888 1113 41 22 och

101 1143 40 20 har
159 1144 68 20 röstat
242 1142 34 22 för
290 1149 81 15 samma
386 1143 57 26 åsigt
458 1143 36 21 vid
509 1143 86 26 frågans
610 1143 129 26 behandling
754 1143 6 20 i
775 1142 154 27 Borgarestån-

102 1171 36 21 det
160 1171 39 22 och
216 1171 38 27 jag
277 1177 62 16 anser
361 1171 62 22 äfven
446 1173 34 19 att
499 1171 159 22 Sammansatta
674 1171 68 22 Stats-
757 1171 40 22 och
812 1171 116 21 Ekonomi-

102 1200 105 21 utskottet
222 1200 18 26 ej
256 1200 40 21 har
311 1202 44 19 rätt
370 1200 84 21 förfarit
464 1200 37 21 vid
517 1200 155 27 behandlingen
688 1199 22 22 af
724 1199 79 28 frågan,
814 1205 47 16 men
875 1199 55 21 intet

101 1228 24 21 af
139 1229 62 21 dessa
216 1229 46 20 skäl
278 1229 42 21 kan
336 1235 29 15 nu
380 1229 89 21 inverka
485 1229 28 27 på
528 1229 43 27 mig
586 1231 33 19 att
633 1228 95 22 vidbålla
738 1227 191 28 Borgareståndets

101 1257 70 22 beslut
186 1258 7 20 i
208 1257 152 27 hufvudsaken,
374 1260 52 19 utan
447 1264 64 15 anser
524 1258 38 26 jag
577 1260 32 19 att
625 1258 179 26 Borgareståndet
820 1256 39 22 bör
873 1256 55 22 från-

101 1286 63 21 träda
185 1286 37 21 sitt
242 1286 70 22 beslut
330 1286 32 22 för
378 1289 32 19 att
426 1286 133 28 tillmötesgå
573 1286 159 22 Bondeståndet
748 1286 62 21 hvars
825 1286 103 21 intressen

101 1316 95 20 närmast
211 1315 87 21 beröras
314 1315 22 21 af
350 1315 70 21 denna
435 1314 68 28 fråga.

170 1372 56 22 Herr
246 1372 130 28 Procopé:
406 1372 42 28 Jag
467 1378 66 16 anser
555 1374 32 20 att
607 1372 68 22 denna
689 1372 124 27 inbjudning
827 1372 47 21 icke
891 1371 38 21 bör

102 1400 27 28 på
151 1407 81 15 samma
254 1402 56 25 gång
332 1403 61 25 tagas
415 1401 70 21 under
508 1401 105 27 pröfning,
635 1401 88 21 emedan
746 1407 33 15 om
795 1407 28 15 nu
839 1400 90 22 Ståndet

101 1429 69 22 skulle
185 1428 74 27 frångå
275 1430 37 21 sitt
328 1430 58 21 förra
401 1430 72 21 beslut
489 1430 40 21 och
544 1430 115 27 godkänna
674 1429 157 27 inbjudningen,
847 1429 24 21 så
886 1428 43 21 för-

101 1458 62 21 faller
185 1458 100 21 behofvet
303 1458 22 21 af
342 1460 32 19 ett
389 1458 78 21 sådant
482 1458 78 26 beslut,
575 1464 45 16 som
636 1458 157 27 Ridderskapet
805 1458 39 21 och
859 1456 70 23 Adeln

101 1486 71 22 fattat.
202 1487 42 27 Jag
266 1492 63 16 anser
350 1489 34 19 att
406 1487 63 21 dessa
489 1487 68 27 begge
573 1486 72 28 frågor
659 1487 47 21 icke
721 1487 53 21 höra
789 1486 141 22 tillsammans

101 1515 40 22 och
163 1515 73 21 kunna
258 1515 72 22 derför
353 1515 118 22 behandlas
495 1515 105 22 hvardera
620 1515 65 22 skildt
703 1515 32 22 för
752 1516 38 26 sig.
821 1515 38 21 Att
874 1520 55 16 sam-
