1078 1781
328 114 182 22 Borgareståndet
522 114 55 18 1878.
603 114 24 17 18
639 114 93 17 Januari.
883 108 57 22 2909

317 240 147 34 Fredagen
483 240 56 26 den
557 240 32 27 18
607 239 129 28 Januari.

182 303 36 22 Kl.
243 305 23 20 11
292 303 159 27 föremiddagen
467 303 174 22 sammanträdde
656 303 180 27 Borgareståndet
851 302 33 22 till
896 303 44 27 ple-

114 338 57 20 num,
193 332 72 21 dervid
288 332 98 26 samtliga
406 332 140 21 medlemmar
561 331 106 22 befunnos
682 331 184 22 tillstädeskomne
881 334 59 19 utom

113 361 82 22 Herrar
216 360 64 26 Julin,
302 360 31 21 W.
350 360 81 27 Nystén
446 360 41 21 och
502 361 107 25 Boström,
625 360 72 21 hvilka
712 361 49 21 med
776 360 100 22 Ständets
898 360 42 21 till-

113 389 63 22 stånd
191 395 51 16 voro
257 389 46 21 från
318 389 75 22 staden
408 389 113 26 bortreste,
537 391 55 20 samt
607 389 57 22 Herr
678 389 111 26 Sanmark,
799 395 45 16 som
860 389 80 21 anmäl-

114 421 33 18 tes
162 417 130 22 fortfarande
306 424 51 15 vara
372 418 54 27 sjuk.

182 475 70 21 Sedan
273 475 55 21 Herr
350 475 188 21 Talmannen
561 475 107 21 meddelat
690 474 250 22 Talmanskonferensens

113 503 70 22 beslut
201 509 34 16 om
250 505 33 20 att
298 503 62 27 plena
376 503 68 22 skulle
460 510 41 21 ega
516 510 46 15 rum
577 504 103 27 imorgon
688 504 159 27 föremiddagen
862 505 57 20 samt
933 504 7 20 i

113 531 37 22 fall
173 532 22 21 af
209 532 66 21 behof
288 532 61 21 äfven
365 532 27 27 på
408 532 168 28 eftermiddagen
592 532 107 22 äfvensom
715 532 6 21 i
737 533 90 26 måndag
842 531 99 22 föremid-

113 561 69 26 dagen
204 561 110 26 föredrogs
337 561 104 21 särskilda
464 561 47 21 från
535 561 138 21 medstånden
693 561 106 22 ankomna
813 561 127 27 protokolls-

113 589 82 28 utdrag,
211 589 72 22 hvilka
297 589 47 22 icke
359 589 32 22 till
406 590 77 27 åtgärd
498 589 130 22 föranledde.

181 664 120 27 Föredrogs
319 664 163 27 Lagutskottets
497 665 7 20 i
520 664 71 27 tryckt
606 664 54 21 form
676 663 32 22 till
724 663 101 22 Ståndets
841 663 99 22 medlem-

113 699 46 15 mar
181 693 99 21 utdelade
296 693 126 21 hemställan
437 693 34 21 till
487 693 99 26 samtliga
601 693 67 21 Stånd
684 699 34 15 om
734 692 101 22 förstärkt
850 692 90 22 Utskott

113 721 8 21 i
133 721 60 27 fråga
216 727 33 16 om
272 721 59 22 Hans
346 721 119 28 Kejserliga
481 721 113 27 Majestäts
609 721 77 28 nådiga
702 721 131 28 proposition
849 721 40 22 N:o
905 722 34 21 44.

181 778 42 21 Vid
238 778 155 27 behandlingen
409 779 23 21 af
445 779 60 21 detta
521 778 78 22 ärende
614 779 124 26 godkändes
754 781 49 19 utan
819 778 120 22 diskussion

113 807 18 26 ej
153 807 81 22 mindre
257 807 121 22 Utskottets
394 808 28 26 på
437 807 61 22 sidan
515 808 12 21 3
543 807 124 22 framstälda
683 807 78 27 förslag
776 807 31 21 till
823 807 116 22 resolution

113 838 27 19 än
163 836 98 27 samtliga
278 836 80 27 förslag
376 836 32 21 till
425 836 307 27 omröstningspropositioner.
763 836 48 21 Med
827 836 113 27 anledning

113 864 22 21 af
156 865 62 21 väckt
240 865 62 26 fråga
316 871 34 15 om
366 865 103 21 utseende
482 865 23 21 af
519 865 138 27 suppleanter
672 865 32 21 till
720 865 36 21 det
770 865 116 21 förstärkta
900 864 40 22 Ut-

113 893 82 22 skottet
209 895 92 25 utspann
316 894 32 27 sig
364 893 94 28 följande
474 893 132 22 diskussion:

182 950 56 22 Herr
254 951 148 21 Höckert:
432 951 43 27 Jag
490 951 34 21 för
539 951 42 21 min
598 951 33 21 del
646 957 63 15 anser
724 951 37 21 det
775 950 120 27 lämpligast
908 952 31 19 att

113 979 90 22 Ståndet
217 981 59 20 utser
290 979 54 22 först
359 980 26 21 de
400 979 56 22 elfva
471 979 146 22 ledamöterne
632 980 31 21 uti
677 979 36 22 det
723 979 116 22 förstärkta
851 979 89 22 Utskot-

113 1010 32 19 tet
159 1007 40 22 och
215 1008 64 21 sedan
295 1011 31 18 ett
342 1009 52 20 visst
409 1009 59 20 antal
483 1009 144 26 suppleanter,
643 1008 71 21 hvilka
724 1009 46 20 icke
784 1008 75 21 endast
870 1008 69 21 skulle

113 1038 80 20 ersätta
215 1037 27 20 de
264 1037 106 21 ordinarie
393 1037 166 21 medlemmarne
579 1040 51 18 utan
653 1037 61 21 äfven
730 1037 26 21 de
771 1039 66 19 extra.
867 1036 73 27 Enligt

114 1065 40 21 den
169 1065 78 27 praxis,
263 1071 45 16 som
323 1065 57 22 förut
394 1066 57 27 gjort
467 1066 32 26 sig
513 1065 106 28 gällande,
634 1065 98 22 inträffar
744 1066 36 21 det
796 1067 31 20 att
843 1065 25 21 de
884 1065 54 22 ordi-

113 1094 59 21 narie
192 1094 164 21 medlemmarne
371 1095 7 20 i
393 1094 113 21 Utskottet
528 1095 72 20 kunna
625 1096 91 19 ersättas
737 1094 24 21 af
781 1096 30 19 tre
828 1093 51 22 eller
894 1093 46 28 fyra

113 1123 142 26 suppleanter,
278 1123 122 27 isynnerhet
422 1123 57 21 inom
495 1125 154 19 sammansatta
664 1122 94 25 Utskott,
774 1122 109 22 hvaremot
898 1122 42 22 alla

112 1151 27 21 de
161 1151 61 26 elfva,
244 1157 46 15 som
316 1151 77 22 invalts
416 1152 32 21 till
472 1152 37 21 det
531 1151 116 22 förstärkta
669 1151 117 26 Utskottet,
808 1151 64 21 hafva
894 1150 46 22 haft

113 1181 62 25 ingen
203 1180 118 27 suppleant.
352 1180 34 21 Då
408 1182 69 19 större
496 1180 91 21 chancer
609 1180 102 27 föreligga
734 1182 32 19 att
782 1187 25 14 en
823 1180 52 21 eller
888 1179 52 22 flere

111 1207 22 22 af
157 1208 27 21 de
209 1209 54 20 elfva
287 1209 81 26 nödgas
392 1215 53 15 vara
470 1209 141 21 frånvarande
626 1211 26 18 än
678 1211 32 19 att
737 1211 31 19 ett
791 1209 53 21 fåtal
866 1208 24 21 af
913 1208 26 22 de

112 1237 106 21 ordinarie
241 1237 145 22 ledamöterne
409 1238 82 26 nödgas
514 1237 110 27 uteblifva,
641 1237 61 23 torde
718 1237 35 23 det
768 1244 51 15 vara
834 1243 25 15 en
876 1237 64 27 rigtig

112 1267 71 25 utväg,
207 1272 44 16 som
267 1272 29 15 nu
310 1266 7 21 i
332 1267 53 21 sista
400 1267 93 21 stunden
510 1266 65 22 borde
590 1266 106 26 beträdas,
712 1266 33 22 för
760 1269 32 19 att
807 1266 46 21 icke
868 1266 70 21 ästad-

112 1295 85 21 komma
212 1294 96 28 uppskof,
325 1297 33 19 att
373 1295 107 28 nemligen
496 1296 90 21 Ständet
601 1295 67 22 skulle
685 1296 118 21 bestämma
818 1294 33 27 sig
865 1294 32 22 för
908 1296 32 20 att

111 1329 51 15 anse
185 1324 136 26 suppleanter
336 1324 6 20 i
358 1324 113 22 Utskottet
493 1324 88 21 valbara
601 1324 31 21 till
648 1324 137 21 medlemmar
799 1324 31 21 uti
846 1323 35 21 det
897 1323 42 21 för-

112 1352 82 21 stärkta
209 1352 111 22 Utskottet
342 1352 39 22 och
404 1353 103 27 derjemte
523 1354 46 20 utse
585 1354 32 20 tre
630 1352 52 22 eller
696 1353 46 26 fyra
756 1352 137 28 suppleanter
908 1352 31 21 uti

112 1380 37 22 det
171 1380 116 22 förstärkta
309 1381 119 26 Utskottet,
446 1388 46 15 som
512 1381 68 21 skulle
595 1383 81 20 ersätta
691 1382 45 21 icke
752 1382 75 21 endast
842 1381 26 21 de
883 1380 56 22 ordi-

111 1408 59 22 narie
185 1409 144 22 ledamöterne
344 1410 8 21 i
368 1410 111 21 Utskottet
494 1412 52 19 utan
561 1410 62 21 äfven
639 1410 26 21 de
681 1410 54 21 elfva
750 1410 32 21 till
795 1409 144 26 förstärkning

112 1437 88 22 invalde.
230 1438 111 22 Huruvida
364 1439 37 21 det
425 1439 72 21 kunde
518 1445 62 15 anses
602 1438 97 28 lämpligt
721 1439 33 21 till
768 1438 134 22 undvikande
917 1438 24 21 af

111 1466 105 22 särskilda
239 1467 122 27 omgängar,
382 1469 32 20 att
435 1468 92 21 Ständet
549 1467 68 21 skulle
640 1468 83 21 besluta
744 1470 32 19 att
798 1467 26 21 de
839 1468 33 20 tre
887 1466 52 22 eller

111 1495 53 27 fyra,
180 1501 45 16 som
241 1498 37 19 äro
294 1498 95 19 närmast
404 1496 6 21 i
426 1496 89 22 rösteta]
530 1496 68 22 skulle
613 1502 61 16 anses
690 1502 50 16 vara
755 1495 32 22 till
802 1495 137 27 suppleanter
