1078 1781
292 104 179 22 Borgareståndet
487 104 55 18 1877.
567 105 26 17 29
606 104 120 18 December.
859 98 57 21 2663

158 172 57 23 Herr
236 172 171 23 Talmannen
430 173 105 28 upplyste,
558 172 49 23 med
629 172 115 27 anledning
761 172 25 22 af
799 172 60 22 detta
872 174 43 26 ytt-

89 202 74 25 rande,
179 204 32 19 att
224 201 93 28 följande
332 201 137 22 medlemmar
485 201 23 22 af
521 201 98 24 Ståndet,
634 201 106 27 nemligen
759 201 81 22 Herrar
850 201 66 22 Cron-

89 231 50 25 vall,
155 230 117 25 Molander,
288 230 109 22 Ahlström
414 230 39 21 och
467 230 118 25 Wendelin,
597 229 89 22 oaktadt
697 229 62 22 deras
769 229 147 27 permissions-

89 259 32 22 tid
139 265 38 15 var
195 259 159 27 tilländalupen,
369 265 52 15 voro
437 258 47 22 från
500 259 79 26 dagens
595 258 158 22 sammanträde
768 258 146 22 frånvarande.

158 315 57 22 Herr
230 315 127 22 Höckert:
387 316 43 21 Det
444 318 24 19 är
483 315 47 22 från
545 316 43 21 min
603 316 47 21 sida
664 315 118 28 ingalunda
797 315 118 28 kitslighet,

90 351 47 15 som
153 346 72 20 manat
240 345 44 26 mig
293 347 33 18 att
336 344 74 22 härom
423 346 52 25 göra
485 351 26 15 en
520 344 147 27 anmärkning,
680 347 52 19 utan
743 345 37 20 det
790 346 24 19 är
824 346 92 19 tvärtom

90 373 77 22 endast
188 373 32 21 för
242 373 159 22 bibehållandet
416 373 23 21 af
453 373 42 27 god
511 373 97 27 ordning,
624 379 46 16 som
683 373 37 27 jag
736 375 54 20 trott
805 373 43 27 mig
863 373 53 21 böra

90 402 57 21 fästa
169 401 100 22 Ståndets
284 402 188 27 uppmärksamhet
488 403 27 26 på
531 402 36 21 det
582 402 100 21 inträdda
696 401 150 22 förhållandet.
875 401 41 27 Jag

91 431 40 20 har
153 431 107 21 dessutom
282 430 115 27 anledning
418 433 31 19 att
471 431 74 21 befara
567 433 33 18 att
618 437 26 15 en
660 431 39 21 och
714 436 70 16 annan
799 431 43 20 kan
857 429 59 22 tolka

91 465 27 16 en
136 459 128 27 likgiltighet
278 459 48 21 från
342 459 100 22 Ståndets
457 459 47 21 sida
519 459 81 22 derhän
616 461 32 19 att
663 459 91 22 Ståndet
769 459 68 22 skulle
852 461 64 19 ämna

93 487 82 22 öfverse
197 489 49 20 med
267 489 32 20 ett
320 487 68 28 dylikt
405 488 190 21 tillbakasättande
611 488 23 21 af
648 487 27 22 de
689 488 84 27 pligter,
788 493 46 16 som
850 487 66 27 enligt

92 516 44 21 min
151 517 65 21 tanke
230 516 71 27 åligga
315 516 73 27 hvarje
403 519 158 25 representant;
577 516 39 22 och
632 523 34 15 om
679 517 37 27 jag
732 516 34 21 för
780 516 136 27 ögonblicket

91 545 20 27 ej
135 545 37 21 vill
195 547 52 25 göra
266 545 66 27 något
355 545 105 22 bestämdt
481 545 96 27 yrkande
593 546 47 21 med
656 545 116 27 anledning
782 545 22 22 af
817 545 42 22 den
874 545 42 22 för-

92 573 119 27 summelse,
226 579 45 16 som
287 574 89 21 kommit
392 574 61 21 dessa
468 575 139 20 medlemmar
622 573 32 22 till
669 573 48 28 last,
732 575 24 20 så
766 575 24 20 är
800 574 36 22 det
847 573 68 22 under

90 602 106 22 förbehåll
218 604 40 25 att,
274 608 34 15 om
324 603 27 21 de
366 603 62 21 äfven
443 603 68 21 under
527 605 62 20 nästa
604 603 159 21 sammanträde
778 604 37 20 äro
831 602 84 22 frånva-

91 631 72 26 rande,
179 631 28 22 då
222 631 20 21 få
258 631 132 22 återkomma
405 631 32 22 till
453 632 73 21 saken.

158 688 31 21 På
211 687 99 22 anhållan
334 688 22 21 af
378 689 56 21 Herr
449 689 92 22 Olsoni
557 688 44 23 blef
615 689 75 27 frågan
706 688 104 27 bordlagd
826 688 32 22 till
875 687 42 22 föl-

87 717 66 26 jande
168 717 163 22 sammanträde.

159 849 171 21 Sammanträdet
345 849 74 22 afslöts
434 850 92 21 klockan
543 849 45 22 half
603 851 31 20 ett
648 849 28 27 på
691 849 176 27 eftermiddagen.
