1078 1781
298 106 180 21 Borgareständet
491 107 54 17 1877.
570 106 27 17 28
609 106 117 18 December.
872 102 56 20 2639

282 243 146 33 Fredagen
449 243 54 26 den
523 242 38 27 28
580 242 161 27 December.

169 346 34 22 Kl.
220 347 55 21 elfva
291 346 159 27 föremiddagen
467 346 172 22 sammanträdde
654 346 180 26 Borgareståndet
842 347 31 21 till
882 347 44 27 ple-

100 382 57 15 num.
187 375 41 22 Vid
251 375 95 22 anstäldt
368 381 83 21 upprop
470 375 104 21 befunnos
591 375 66 26 öfrige
674 375 100 21 Ståndets
789 375 138 22 medlemmar

101 404 181 21 tillstädeskomne
298 406 58 19 utom
372 404 81 21 Herrar
468 403 106 25 Cronvall,
592 403 118 26 Molander,
726 403 116 27 Ahlström,
860 404 66 21 Törn-

101 433 54 25 roth,
176 433 105 26 Boström,
304 432 110 25 Vendelin,
438 432 39 25 Ek,
501 432 105 27 Sopanen,
623 432 31 21 W.
671 432 80 27 Nystén
767 433 39 21 och
821 433 27 21 K.
862 433 64 27 Berg,

101 449 72 34 hvilka
196 462 47 21 med
266 461 101 22 Ständets
390 461 126 26 begifvande
535 467 51 15 voro
602 461 46 21 frän
664 464 60 18 orten
741 457 113 49 bortreste,
870 450 57 33 samt

100 491 57 20 Herr
171 490 95 27 Liljeros,
282 496 44 15 som
342 489 105 22 anmältes
463 489 54 27 sjuk.

169 634 118 26 Föredrogs
310 633 106 22 särskilda
440 633 47 22 från
510 633 139 22 medständen
672 633 106 22 ankomna
798 634 128 26 protokolis-

99 663 84 26 utdrag,
199 662 73 22 hvilka
286 663 47 20 icke
348 662 115 27 päkallade
478 663 77 26 ätgärd
571 662 46 21 frän
633 662 190 27 Borgareständets
837 663 52 20 sida.

168 805 120 28 Föredrogs
310 805 222 27 Jernvägsutskottets
555 805 118 27 bordlagda
696 805 108 22 skrifvelse
827 805 33 22 för
882 806 41 21 den

99 835 27 21 22
150 835 142 20 innevarande
315 834 124 27 December,
463 835 46 20 deri
533 834 111 22 Utskottet
659 835 113 25 meddelar,
788 836 32 19 att
836 840 87 15 numera

99 863 162 22 Ständerbeslut
281 863 93 26 föreläge
390 869 33 15 om
439 863 144 27 anläggandet
597 863 68 21 under
680 865 107 20 närmaste
802 863 84 21 framtid
903 864 23 20 af

99 891 129 22 bandelarne
250 891 245 22 Tammerfors—Etsäri
515 892 38 21 och
570 892 242 25 Etsäri—Nikolaistad,
829 898 46 15 men
891 894 33 19 att

98 920 34 21 för
155 920 22 21 sä
198 920 44 21 vidt
258 920 65 27 angår
339 920 73 26 frågan
428 927 33 14 om
479 921 74 26 anslag
569 921 32 20 för
617 921 93 20 nämnda
725 920 107 26 bandelar,
849 920 74 22 endast

98 949 84 21 Preste-
198 949 39 21 och
246 949 184 26 Borgareständen
439 949 57 21 velat
504 949 33 21 för
543 949 122 21 ändamälet
673 949 113 27 disponera
797 949 127 26 20.750,000

98 977 67 27 mark,
189 977 27 27 pä
234 979 44 20 sätt
292 977 112 22 Utskottet
419 977 74 22 derom
510 977 116 28 föreslagit,
642 978 111 21 hvaremot
768 978 156 27 Ridderskapet

98 1006 39 21 och
160 1006 74 26 Adeln,
258 1007 6 20 i
279 1006 220 21 öfverensstämmelse
522 1007 48 20 med
586 1007 39 20 sitt
640 1007 90 26 tidigare
745 1006 68 22 beslut
829 1007 6 20 i
851 1007 72 26 saken,

98 1035 33 21 för
155 1035 67 21 denna
241 1035 55 26 gäng
311 1035 111 21 inskränkt
437 1035 104 27 anslaget,
557 1035 24 21 sä
596 1037 33 19 att
644 1036 36 20 det
696 1035 66 21 under
777 1037 62 19 nästa
854 1035 69 21 landt-

98 1063 125 27 dagsperiod
246 1063 18 26 ej
288 1063 56 27 finge
370 1063 131 28 öfverskjuta
522 1066 33 19 tre
571 1064 97 27 miljoner
683 1064 59 21 mark
758 1064 32 21 för
805 1063 72 27 hvarje
892 1064 30 25 är,

97 1094 56 19 samt
168 1092 160 21 Bondeständet
343 1092 47 21 icke
405 1092 57 21 velat
478 1092 79 27 bevilja
572 1093 75 26 anslag
662 1092 33 21 för
710 1093 150 21 meranämnda
870 1093 53 20 ban-

98 1121 69 25 delar;
183 1121 39 21 och
238 1121 123 21 hemställer
376 1121 111 21 Utskottet
503 1121 48 21 med
563 1121 115 26 anledning
694 1121 66 25 häraf,
778 1123 32 19 att
820 1121 103 26 Borgare-

97 1149 86 22 ståndet
204 1150 33 21 för
258 1150 32 20 sin
313 1149 33 22 del
370 1150 73 23 måtte,
463 1150 87 27 jemlikt
573 1151 26 20 72
623 1150 12 26 $&
657 1156 63 15 mom.
736 1151 13 19 2
765 1149 23 22 af
801 1149 122 26 landtdags-

97 1178 123 27 ordningen,
236 1178 114 27 hänskjuta
373 1178 89 21 ärendet
485 1179 31 20 uti
531 1178 163 27 ifrägavarande
710 1179 34 20 del
759 1178 32 21 till
807 1177 117 28 afgörande

97 1207 23 21 af
133 1207 103 21 förstärkt
250 1207 149 22 Statsutskott.

166 1264 74 22 Denna
255 1264 111 22 skrifvelse
381 1264 125 22 föranledde
521 1271 29 15 nu
565 1264 95 28 följande
676 1264 129 22 diskussion:

166 1322 55 21 Herr
245 1322 151 22 Sanmark:
426 1321 159 28 Ridderskapet
608 1322 40 22 och
668 1322 68 21 Adeln
756 1322 45 26 har,
817 1321 69 22 säsom
902 1321 22 22 af

97 1350 69 22 denna
188 1350 110 22 skrifvelse
320 1350 100 26 framgär,
442 1351 48 21 icke
505 1351 82 21 kunnat
602 1351 114 26 godkänna
733 1351 120 21 Utskottets
868 1356 54 16 sam-

97 1379 253 27 manjemkningsförslag,
364 1379 109 27 grundadt
488 1380 27 26 pä
531 1380 36 20 tvä
583 1379 77 22 Ständs
672 1380 75 24 beslut,
756 1381 32 19 att
798 1379 126 27 20,750,000

96 1408 61 21 mark
180 1408 69 21 skulle
271 1408 70 21 ansläs
364 1408 32 21 till
419 1408 26 21 de
469 1408 99 21 beslutna
585 1408 202 27 jernvägsliniernas
802 1408 119 25 utförande,

95 1439 52 18 utan
170 1436 76 22 önskat
268 1436 32 22 till
322 1437 63 21 dessa
402 1436 226 28 jernvägsbyggnader
649 1437 60 21 anslä
731 1443 26 15 en
772 1437 54 26 ärlig
841 1442 83 16 summa

95 1465 23 21 af
138 1467 32 19 tre
187 1465 97 27 miljoner
299 1465 67 26 mark,
382 1471 46 15 som
444 1465 19 27 ej
479 1464 56 28 finge
551 1466 132 27 öfverstigas.
714 1466 66 20 Detta
796 1466 69 20 beslut
880 1471 43 15 mo-

95 1494 78 21 tiveras
190 1494 85 22 dermed
290 1496 32 20 att
338 1500 48 15 man
402 1494 78 21 önskat
496 1494 139 27 iakttagande
650 1494 22 22 af
681 1494 130 22 kontinuitet
823 1494 33 21 vid
866 1494 57 26 jern-
