1078 1781
294 113 178 19 Borgareständet
485 112 56 17 1877.
565 113 24 16 14
601 112 119 17 December.
859 106 58 22 2349

86 182 7 21 i
108 181 126 27 lottningen,
257 182 23 21 sä
303 181 53 22 skall
372 182 42 21 han
429 182 7 21 i
459 182 72 21 stället
555 182 85 26 deltaga
656 181 6 21 i
677 181 93 27 följande
786 182 59 21 årets
860 182 54 21 lott-

85 211 110 26 dragning.
225 210 67 21 Deraf
313 217 61 20 synes
396 211 46 20 äter
458 213 33 18 att
507 211 36 20 det
559 211 46 20 icke
621 213 24 18 är
660 211 76 20 endast
752 217 26 14 en
794 213 51 18 utan
860 211 52 20 flere

86 239 124 26 ärsklasser,
226 245 45 14 som
288 239 84 21 komma
387 241 32 19 att
435 239 86 26 deltaga
537 239 6 20 i
559 239 125 26 lottningen.
715 239 81 21 Herrar
815 239 102 21 Lindelöf

87 267 39 22 och
141 268 95 26 Procop6
252 267 62 22 hafva
330 268 70 21 derför
415 268 57 27 gjort
488 268 33 25 sig
537 268 98 27 skyldiga
648 268 33 21 till
697 270 31 19 ett
744 268 95 27 misstag.

156 325 57 21 Herr
228 325 111 21 Kurtén:
369 325 41 26 Jag
432 325 39 21 ber
495 327 32 19 att
543 327 45 19 mot
609 325 57 21 Herr
688 325 69 26 Bergh
774 325 22 21 få
811 325 104 21 anmärka

85 356 35 19 att
135 354 36 21 det
187 354 54 21 dock
256 354 6 20 i
278 353 74 27 sjelfva
368 354 73 21 verket
457 355 24 20 är
497 353 56 21 blott
564 360 25 15 en
598 353 99 26 ärsklass,
708 360 46 15 som
764 354 65 26 enligt
840 354 74 26 regeln

87 383 42 20 kan
151 383 67 20 kallas
241 382 32 21 till
289 383 97 25 lottning.
417 383 47 20 Kan
489 383 68 26 nägon
581 382 22 21 fä
619 382 95 27 uppskof,
736 383 25 20 sä
776 385 23 18 är
815 383 37 20 det
866 383 48 21 icke

87 418 59 15 mera
168 411 28 26 pä
216 411 68 26 grund
306 411 22 21 af
342 411 11 26 $
370 412 12 20 6
398 417 45 15 som
459 411 42 21 han
517 411 74 21 instält
607 411 32 26 sig
655 411 31 21 till
704 411 98 27 lottning,
819 414 51 18 utan
887 412 29 26 pä

87 440 68 27 grund
171 440 20 20 af
207 440 35 21 det
257 440 105 21 särskilda
377 440 96 21 tillstånd
490 440 41 20 han
555 439 92 22 erhållit.
679 440 61 21 Hvad
753 440 46 21 åter
815 439 99 22 vidkom-

87 475 45 15 mer
148 468 121 21 införandet
284 468 23 21 af
321 469 61 20 ordet
391 469 70 24 ,äret*
478 469 91 20 emellan
585 469 66 20 orden
669 468 94 27 ,hvilka*
779 469 40 21 och
834 469 79 26 ,före",

87 498 24 21 sä
127 497 117 27 medgifver
264 497 36 26 jag
315 499 33 19 att
370 497 35 21 det
420 497 125 26 visserligen
567 497 55 21 hade
638 498 54 20 varit
708 503 25 15 en
751 497 70 22 bättre
836 497 79 22 stilise-

88 527 56 26 ring;
169 532 47 15 men
232 526 28 21 dä
274 526 7 20 i
296 526 68 21 första
378 528 71 19 satsen
473 526 72 26 ingår:
563 526 46 24 ,till
633 526 91 26 lottning
740 527 67 20 kallas
828 526 82 27 årligen

87 555 78 21 endast
187 561 25 14 en
223 554 141 22 åldersklass"
388 555 24 20 sä
434 556 24 19 är
482 555 36 20 det
533 554 108 27 sjeiffallet
656 556 32 19 att
704 555 64 26 något
784 555 75 21 tvifvel
875 561 35 15 om

88 585 58 19 rätta
161 583 131 21 förstäendet
314 583 22 21 af
356 584 70 21 denna
446 583 102 27 paragraf
573 583 46 21 icke
642 584 42 20 kan
708 583 84 22 inträffa
816 591 35 14 om
866 583 48 22 icke

87 612 100 26 möjligen
203 611 66 22 första
284 612 89 27 gången,
390 612 26 21 dä
432 611 104 22 kallelsen
552 612 31 21 till
599 612 91 27 lottning
706 612 54 21 sker.
792 612 49 22 Men
853 613 62 20 äfven

85 641 30 20 dä
130 643 46 19 tror
189 641 36 26 jag
240 643 32 18 att
288 647 48 14 man
352 643 43 19 rätt
410 641 55 20 skall
482 640 68 21 förstä
572 641 69 20 denna
656 641 106 27 paragraf,
778 641 87 21 hvarför
878 641 39 27 jag

87 669 48 22 icke
150 675 63 15 anser
228 670 42 26 mig
286 669 52 22 böra
353 669 88 22 förorda
456 669 72 26 nägon
543 669 124 27 förändring
682 669 22 21 af
718 670 130 22 densamma.

158 727 55 21 Herr
228 727 148 27 Lindberg:
406 727 41 26 Jag
470 727 39 22 ber
532 729 33 20 att
579 727 22 22 fä
619 727 129 22 understöda
768 727 55 21 Herr
839 727 77 27 Björk-

86 756 60 21 sténs
175 755 186 28 ändringsförslag,
389 755 74 22 såvida
493 756 111 21 Utskottet
630 756 116 21 bibehåller
772 756 145 27 förklaringen

88 784 56 21 hvad
167 785 48 20 med
237 784 129 21 åldersklass
388 785 53 20 skall
466 784 85 25 förstås,
575 785 105 29 nemligen
696 785 26 20 de
736 785 119 27 ynglingar,
872 791 45 15 som

87 813 47 21 före
158 813 40 21 den
216 815 8 18 1
242 813 89 21 Januari
356 813 46 26 fyllt
424 813 95 27 tjuguett
543 814 30 21 år.
604 802 136 33 Åtminstone
756 813 111 22 undanber
880 814 38 27 jag

87 842 44 27 mig
146 844 33 19 att
195 843 77 20 räknas
288 842 32 21 till
337 841 61 22 dessa
412 842 121 27 ynglingar.

158 899 56 21 Herr
230 899 136 21 Höckert:
396 900 41 26 Jag
461 901 46 19 tror
533 906 48 14 man
597 900 71 21 kunde
684 900 84 21 komma
784 899 45 22 från
847 900 69 21 denna

87 927 142 27 misstydning
244 933 75 21 genom
336 931 32 18 att
384 931 79 23 svänga
478 934 35 15 om
529 929 147 26 ordalydelsen
693 928 99 21 sålunda:
808 928 37 27 ,de
864 935 52 20 yng-

88 957 75 26 lingar,
186 956 72 21 hvilka
282 956 48 27 fyllt
349 957 92 26 tjuguett
458 957 24 20 år
501 957 67 21 under
583 958 47 20 året
645 959 48 19 näst
708 957 45 21 före
769 957 35 21 det
820 957 27 20 då
862 963 53 20 upp-

88 985 65 21 bådet
175 985 54 21 skall
252 985 56 22 ske."
338 985 33 21 Då
386 987 24 19 är
426 985 36 22 det
478 986 77 26 tydligt
571 986 86 26 utsagdt
672 986 55 21 hvad
742 992 46 15 som
804 985 55 22 afses
875 986 40 21 och

88 1014 42 21 kan
145 1014 48 21 icke
207 1013 70 22 lemna
292 1021 45 14 rum
354 1014 32 21 för
402 1013 65 28 något
484 1014 155 26 missförstånd,
655 1015 85 20 hvarför
754 1015 36 26 jag
801 1014 117 27 tillstyrker

85 1043 44 20 den
145 1043 23 20 af
181 1043 43 26 mig
240 1049 27 14 nu
283 1042 119 27 föreslagna
418 1043 148 21 redaktionen.

159 1089 55 20 Herr
229 1088 108 27 Nybom:
368 1084 67 26 Äfven
449 1089 40 27 jag
499 1089 118 27 tillstyrker
627 1089 55 21 Herr
693 1089 125 32 Björksténs
829 1089 86 33 förslag,

87 1119 24 25 ty
134 1117 24 21 så
180 1117 47 26 ifrig
250 1118 118 21 beundrare
390 1117 22 22 af
433 1117 124 22 Utskottets
580 1118 78 26 förslag
683 1120 23 19 är
719 1118 38 27 jag
772 1118 45 21 icke
833 1120 32 19 att
878 1118 38 27 jag

89 1145 69 22 skulle
173 1145 72 22 kunna
260 1147 113 26 godkänna
390 1147 35 20 det
440 1147 49 20 med
506 1147 55 20 både
577 1147 28 20 fel
620 1135 39 33 och
674 1147 127 26 förtjenster.
832 1147 33 21 Då
876 1147 41 20 här

88 1175 168 26 uppenbarligen
278 1175 112 26 föreligger
412 1177 31 19 ett
465 1175 36 25 fel,
517 1181 45 16 som
578 1176 43 21 kan
634 1175 144 26 undanrödjas
793 1175 39 22 och
849 1175 65 22 saken

89 1203 90 21 sålunda
201 1203 131 27 förtydligas,
348 1204 24 21 så
387 1204 37 21 vill
447 1203 132 22 åtminstone
593 1205 36 26 jag
644 1206 77 25 antaga
737 1205 40 20 den
793 1204 123 27 föreslagna

89 1231 159 27 förändringen.

160 1278 55 21 Herr
229 1278 133 26 Ignatius:
393 1274 68 26 Äfven
475 1279 38 27 jag
528 1279 96 22 anhåller
639 1281 31 19 att
686 1280 21 20 få
717 1279 130 21 understöda
858 1279 57 21 Herr

88 1306 125 27 Björksténs
234 1306 85 28 förslag,
342 1308 89 21 emedan
450 1308 39 26 jag
514 1314 62 15 anser
595 1310 31 19 att
642 1308 125 27 paragrafen
783 1308 76 21 endast
874 1308 42 21 kan

89 1336 64 20 vinna
174 1335 27 27 på
223 1342 26 14 en
268 1336 66 21 sådan
358 1336 181 28 omformulering.
570 1336 41 28 Jag
633 1337 68 21 håller
721 1337 108 21 dessutom
841 1336 75 24 före,
904 1331 15 38 i

88 1364 68 21 likhet
172 1364 46 21 med
234 1364 56 22 Herr
306 1365 131 26 Tengström,
451 1367 34 19 att
497 1366 108 26 uttrycket
616 1365 127 21 åldersklass
754 1365 39 21 här
801 1367 24 19 är
835 1365 81 26 ganska

89 1392 113 22 sväfvande
218 1393 40 21 och
273 1393 42 21 kan
337 1393 110 22 föranleda
469 1394 116 22 osäkerhet
601 1394 28 21 då
644 1394 90 26 lottning
750 1395 66 21 första
831 1394 83 26 gången

88 1421 57 21 skall
161 1422 133 21 verkställas.

159 1467 61 21 Efter
235 1468 88 21 härmed
338 1468 93 22 afslutad
448 1468 122 22 diskussion
585 1469 122 22 framstälde
723 1469 56 21 Herr
797 1469 120 21 Talman-

87 1502 52 15 nen
155 1496 31 21 till
203 1496 90 22 Ståndet
308 1496 94 27 följande
416 1497 170 27 propositioner:
