1078 1781
279 114 178 20 Borgareständet
471 114 53 18 1877.
549 114 24 17 10
586 114 118 18 December.
844 109 56 21 2237

756 169 8 9 .

279 183 57 26 giskt
356 183 102 26 skicklige
479 184 38 21 och
539 183 84 22 bildade
645 185 55 25 män,
722 183 72 22 hvilka
817 184 81 21 enhvar

280 212 56 21 inom
359 213 37 20 sitt
417 212 85 21 distrikt
525 212 121 21 handhafva
667 212 65 27 sagde
754 212 143 33 inspektion
887 208 15 41 i

280 241 219 21 öfverensstämmelse
527 241 48 20 med
602 241 40 21 den
663 241 136 26 instruktion,
822 247 45 15 som
890 241 7 20 i

280 269 77 21 sädant
372 269 100 22 afseende
487 269 20 22 af
523 269 229 28 Skolöfverstyrelsen
752 269 33 28 för
800 270 47 21 dem
865 271 33 19 ut-

280 298 82 25 färdas;
381 298 39 21 och
431 298 124 21 ankommer
566 299 36 20 det
613 298 12 21 &
636 297 97 22 bemälda
744 293 154 32 Öfverstyrelse

280 329 32 18 att
332 315 47 32 icke
399 326 89 21 allenast
506 327 119 21 bestämma
640 327 258 26 inspektionsdistriktens

280 355 86 25 storlek,
388 357 50 19 utan
453 355 62 22 äfven
531 358 32 19 att
577 358 79 24 antaga
672 355 39 22 och
727 355 106 26 entlediga
849 355 49 21 ifrä-

280 384 119 25 gavarande
414 384 127 27 tjenstemän
557 385 56 20 samt
628 384 33 21 för
676 384 46 21 dem
735 383 106 22 fastställa
852 384 48 21 skä-

280 412 38 27 ligt
334 413 84 21 arvode.

141 475 78 21 Vinnes
235 475 33 20 för
284 475 69 21 denna
368 475 132 27 proposition
511 476 46 21 icke
568 475 102 28 lagenligt
680 475 109 28 pluralitet
801 475 96 22 förfaller

70 502 76 28 frågan
162 503 108 26 angående
285 503 124 22 förenämda
426 504 81 27 anslag.

316 578 33 21 2:0
365 577 132 22 beträffande
513 580 116 19 momentet
644 579 20 20 4.

141 639 127 22 Godkänner
284 640 126 21 Förstärkta
426 641 165 21 Statsutskottet
607 640 158 22 Sammansatta
780 641 67 22 Stats-
860 640 40 22 och

71 668 224 22 Ekonomiutskottets
310 669 91 27 förslag:

347 739 32 20 att
395 737 118 22 Ständerne
526 738 66 27 jemte
609 738 97 21 anmälan
718 740 32 19 att
761 738 64 26 något
837 737 64 22 semi-

278 766 82 21 narium
382 767 32 20 för
436 767 124 21 utbildande
581 766 23 21 af
626 767 68 21 lärare
716 767 40 21 och
780 767 120 21 lärarinnor

279 794 33 21 för
332 795 118 21 småskolor
470 796 67 26 enligt
558 795 131 22 Ständernas
704 795 56 26 åsigt
775 795 46 22 icke
837 797 24 20 är
876 795 25 21 af

278 823 101 22 behofvet
390 824 116 26 påkalladt,
518 824 48 21 ville
577 824 33 21 för
621 812 141 33 instundande
774 824 128 28 bevillnings

278 852 75 26 period
368 853 60 20 anslå
442 859 26 14 en
484 859 81 15 summa
581 853 24 21 af
621 853 74 26 10,000
711 853 60 21 mark
787 855 32 20 att
834 853 22 21 af
862 849 38 25 Öf-

278 881 140 26 verstyrelsen
436 881 33 21 för
490 881 151 22 skolväsendet
661 881 108 22 användas
790 881 32 21 till
837 887 60 16 arvo-

279 909 39 21 den
329 903 23 28 åt
363 909 79 22 sådana
453 910 164 21 folkskollärare
628 910 39 21 och
678 910 220 25 folkskollärarinnor,

278 943 46 16 som
341 945 75 20 genom
439 939 92 20 särskild
553 939 150 26 undervisning
722 939 83 21 utbilda
826 938 69 22 lärare

279 967 40 21 och
335 967 118 21 lärarinnor
467 967 34 21 för
515 967 128 22 småskolor.

141 1029 78 22 Vinnes
239 1029 18 28 ej
276 1029 93 28 lagenlig
387 1030 111 26 pluralitet
515 1030 34 21 för
565 1030 69 21 denna
648 1030 139 27 proposition,
803 1029 96 22 förfaller

70 1058 83 27 frågan.

314 1121 33 21 3:0
364 1121 132 22 beträffande
511 1123 118 20 momontet
641 1123 11 20 5

141 1184 128 22 Godkänner
284 1184 126 22 Förstärkta
426 1184 165 22 Statsutskottet
607 1185 157 21 Sammansatta
777 1185 68 22 Stats-
858 1184 41 22 och

71 1213 224 22 Ekonomiutskottets
313 1213 92 28 förslag
396 1209 14 37 :

347 1284 33 20 att
395 1282 120 22 Ständerna
531 1282 49 22 ville
591 1282 32 22 till
633 1282 120 22 beredande
764 1282 24 22 af
799 1282 101 26 utvidgad

279 1311 151 27 undervisning
445 1312 6 20 i
467 1311 55 27 slöjd
538 1312 35 20 vid
589 1311 150 22 seminarierna
754 1311 40 21 och
806 1310 93 23 folksko-

278 1339 56 21 lorna
345 1335 87 36 -bevilja
448 1340 77 25 84,600
541 1340 61 21 mark
617 1342 33 19 att
665 1340 50 27 utgå
725 1340 67 21 under
802 1342 96 19 närmast

278 1368 94 27 följande
390 1368 210 28 bevillningsperiod.

141 1430 79 22 Vinnes
235 1431 19 26 ej
270 1431 93 27 lagenlig
378 1431 111 27 pluralitet
500 1431 33 21 för
545 1432 68 21 denna
624 1431 137 27 proposition,
772 1430 128 25 framställes

70 1458 93 28 följande
176 1460 146 26 proposition
309 1454 16 37 :
