1078 1781
302 108 179 22 Borgareståndet
493 108 55 18 1877.
569 109 23 17 21
605 108 118 18 December.
872 102 56 22 2599

99 185 52 14 nom
166 178 41 21 den
221 178 115 27 inledning,
352 184 46 15 som
415 179 161 20 reservanterne
592 177 111 27 föreslagit
716 176 39 23 och
766 176 45 22 deri
822 176 26 21 de
859 176 70 22 erinra

99 207 42 21 och
157 206 62 28 bedja
234 213 34 15 om
284 213 26 15 en
326 207 132 26 proposition
474 206 32 21 till
523 208 61 20 nästa
599 206 102 27 landtdag
716 212 35 15 om
766 211 26 15 en
802 211 28 21 ny
840 205 88 22 konces-

100 235 97 26 sionslag.
226 235 42 26 Jag
282 235 39 21 ber
341 235 90 22 sålunda
446 237 33 19 att
497 235 21 22 få
532 235 88 21 förorda
637 234 148 22 förkastandet
802 233 23 22 af
840 233 89 22 Utskot-

100 266 43 19 tets
158 263 134 22 betänkande
308 263 39 22 och
362 266 34 19 att
411 263 90 22 Ståndet
516 263 67 22 måtte
599 265 51 26 taga
665 265 172 20 reservanternes
848 261 81 28 förslag

99 293 70 21 ander
182 292 135 27 granskning.

169 350 56 21 Herr
240 350 118 27 Procopé
378 350 101 21 förenade
494 350 33 27 sig
542 350 48 21 med
606 350 56 21 Herr
677 349 115 22 Fabritius.

169 407 55 21 Herr
239 407 109 27 Nybom:
379 407 42 28 Jag
435 407 43 21 kan
493 407 48 22 icke
555 413 52 15 anse
618 407 40 21 den
669 407 25 21 af
703 408 160 20 reservanterne
873 405 55 22 före-

97 436 78 27 slagna
196 435 60 27 lagen
272 442 51 15 vara
345 435 83 28 lycklig.
458 436 77 21 Första
553 435 127 28 paragrafen
699 435 56 22 talar
770 441 34 16 om
819 441 63 21 ,vare
896 434 32 21 in-

100 465 99 26 teckning
214 465 7 20 i
236 464 67 21 sådan
318 464 128 27 anläggning
462 465 67 21 under
546 464 158 22 nedanstående
720 464 70 21 vilkor
799 463 83 22 tillåten
895 463 33 21 till

101 493 99 21 säkerhet
214 493 34 21 för
260 493 86 22 fordran
362 493 6 21 i
384 493 117 27 penningar
516 493 52 22 eller
583 499 63 15 varor
658 493 32 21 till
700 493 53 21 visst
763 493 83 26 belopp,
857 492 71 21 hvilka

99 521 126 22 försträckts
236 521 52 22 eller
297 521 129 22 försträckas
435 522 127 27 jernvägens
573 528 64 21 egare
647 521 32 22 till
687 523 79 26 vägens
773 521 154 26 fullbordande,

99 550 113 21 underhåll
234 550 52 21 eller
309 550 138 27 begagnande
466 557 20 15 o.
501 557 18 15 s.
535 551 30 21 v.*
595 551 41 26 Jag
650 553 37 19 vet
701 551 46 21 icke
762 550 86 21 hvarför
863 549 65 27 något

97 579 79 21 sådant
197 579 55 21 skall
270 579 49 27 ingå
334 579 38 21 der
388 581 32 19 att
435 579 36 21 det
486 581 24 19 är
525 579 32 22 till
570 579 128 27 jernvägens
712 579 149 21 fullbordande
876 579 52 20 eller

98 607 118 28 byggande,
232 614 44 15 som
293 614 25 15 en
331 608 164 27 jernvägsegare
510 607 33 22 får
558 610 95 25 upptaga
667 608 35 21 lån
718 608 40 21 och
774 608 43 21 låta
828 607 100 22 inteckna

98 636 130 21 densamma.
259 636 33 21 Dä
307 643 26 14 en
349 636 101 27 fastighet
465 637 52 25 eljes
532 637 116 25 intecknas,
663 638 25 19 är
702 637 37 21 det
754 637 32 20 för
796 636 131 26 intecknings

99 665 150 21 innehafvaren
275 665 118 21 detsamma
415 665 86 21 hvartill
523 665 145 27 penningarne
688 665 107 22 användas
813 665 40 21 och
868 664 60 21 svärt

99 693 62 22 torde
184 693 36 22 det
242 693 68 22 blifva
331 697 33 18 att
386 694 75 21 utreda
482 693 85 22 hvartill
583 694 27 21 de
625 694 111 21 användts.
767 694 42 21 Det
824 693 41 21 kan
880 692 47 22 icke

97 724 68 19 annat
179 724 28 19 än
221 722 57 27 gifva
293 722 114 27 anledning
420 722 32 21 till
468 723 76 20 trassel
557 723 39 21 och
607 724 51 26 göra
670 723 40 20 den
722 722 123 21 tillämnade
855 721 73 22 säker-

99 751 64 21 heten
177 751 81 26 ganska
273 751 83 26 prekär.
375 751 80 21 Vidare
470 751 89 22 föresläs
574 751 7 21 i
592 751 68 22 första
670 751 126 27 paragrafen
806 750 121 27 inteckning

98 780 7 20 i
121 779 135 27 lösegendom
278 779 40 22 och
341 780 60 21 detta
416 781 23 20 är
458 780 67 27 enligt
540 780 43 21 min
598 781 66 20 tanke
679 780 88 21 alldeles
782 779 89 22 absurdt
886 779 41 21 och

99 808 42 21 blir
160 808 75 21 endast
254 814 26 15 en
300 808 80 21 chimär
395 808 106 21 säkerhet.
532 809 57 21 Herr
604 809 108 21 Fabritius
726 809 38 21 har
779 808 97 21 anmärkt
891 814 36 15 om

97 836 14 27 $
125 837 14 20 4
155 838 32 19 att
207 837 205 26 inteckningsrätten
428 837 42 21 kan
485 837 98 27 upphöra
598 837 56 22 efter
668 837 70 27 någon
754 837 30 21 tid
799 843 35 15 om
850 836 77 27 gäiden

97 867 26 19 är
139 865 72 21 betald
226 866 52 21 eller
292 866 52 21 icke.
361 865 80 23 Genom
458 866 69 27 lagen,
538 866 66 21 sädan
616 866 40 21 den
668 872 28 15 nu
707 868 24 19 är
742 865 135 25 formulerad,
887 865 41 21 blir

97 893 84 22 säledes
196 894 164 22 förmänsrätten
378 895 85 26 mycket
479 895 88 25 chimär,
578 895 87 21 hvarför
672 895 38 26 jag
721 894 33 22 för
766 895 44 20 min
821 894 34 21 del
865 899 63 16 anser

97 923 39 20 det
150 929 51 15 vara
215 923 70 21 bättre
300 925 33 19 att
348 923 63 22 hafva
426 923 63 26 ingen
506 923 33 27 lag
555 925 27 19 än
597 926 33 19 att
645 923 63 22 hafva
718 930 25 14 en
754 923 66 22 sädan
830 923 40 26 lag,
880 928 46 16 som

97 951 44 21 kan
156 951 62 22 locka
232 951 141 28 oförständigt
388 951 43 22 folk
447 954 33 19 att
495 952 58 27 gifva
568 952 117 27 penningar
696 952 32 21 till
736 951 190 28 jernvägsföretag.

98 979 60 22 Hvar
180 980 38 21 och
242 986 32 21 en,
290 986 46 15 som
356 981 108 26 verkligen
489 981 79 21 förstär
589 981 65 21 saken
678 981 40 21 och
736 983 24 19 är
776 981 48 20 män
839 986 35 15 om
890 980 37 21 sitt

97 1008 82 27 kapital
199 1009 55 20 skall
277 1009 46 21 icke
350 1009 56 27 gifva
420 1009 119 26 penningar
554 1012 45 19 mot
613 1009 67 21 sådan
696 1009 105 22 säkerhet.
832 1008 94 22 Hufvud-

97 1037 74 24 saken,
186 1043 44 15 som
252 1039 38 24 gör
313 1038 69 21 denna
401 1037 34 28 lag
457 1038 80 26 prekär
556 1040 30 24 är,
602 1037 70 22 såsom
687 1038 57 21 Herr
759 1037 107 22 Fabritius
881 1043 46 15 om-

99 1066 97 25 nämnde,
212 1065 40 22 den
268 1067 184 24 omständigheten
468 1069 33 19 att
516 1068 76 20 nästan
608 1067 6 20 i
631 1067 71 25 hvarje
718 1066 101 28 paragraf
827 1066 65 21 basen
902 1067 25 19 är

98 1094 159 21 koncessionen.
288 1094 50 22 Man
354 1095 36 21 vill
412 1097 53 24 göra
488 1102 25 15 en
537 1095 35 27 lag
590 1101 33 16 om
643 1095 122 27 inteckning
780 1095 7 21 i
802 1097 31 19 ett
849 1094 78 27 objekt,

96 1129 47 15 som
159 1122 91 27 lagligen
265 1123 46 22 icke
327 1123 41 22 kan
384 1123 67 22 finnas
467 1123 40 27 till,
521 1126 24 25 ty
560 1130 25 15 en
601 1124 126 21 koncession
743 1124 6 21 i
761 1124 113 27 jernvägar
884 1123 42 20 kan

95 1151 68 27 enligt
175 1152 51 21 våra
245 1151 61 27 lagar
321 1152 47 21 icke
383 1152 74 25 finnas,
474 1159 34 14 om
525 1153 105 26 nemligen
646 1152 118 22 Ständerne
779 1151 64 22 hafva
858 1151 69 27 någon

96 1180 90 26 aktoing
201 1180 33 21 för
248 1181 47 21 sina
310 1187 55 20 egna
380 1181 83 21 fattade
478 1181 71 22 beslut
564 1181 52 22 eller
631 1187 51 15 anse
697 1181 47 22 dem
760 1181 23 22 af
794 1181 68 26 någon
875 1180 51 27 vigt.

97 1208 43 22 Det
154 1214 38 15 var
212 1211 172 20 reservanternes
406 1210 86 26 mening
507 1211 33 20 att
555 1209 93 22 undvika
664 1210 64 25 detta,
745 1216 48 15 men
808 1209 69 22 såsom
890 1209 36 26 jag

97 1237 65 22 redan
178 1237 34 21 vid
227 1243 26 16 en
269 1237 129 27 föregående
413 1238 130 27 behandling
557 1238 24 22 af
590 1238 75 28 frågan
677 1239 117 25 anmärkte,
804 1238 54 21 låter
868 1237 59 22 detta

97 1266 33 27 sig
149 1266 48 22 icke
218 1268 58 25 göra.
306 1267 58 21 Herr
385 1267 25 21 E.
426 1267 72 27 Bergh
513 1267 40 21 har
567 1267 124 27 visserligen
706 1267 61 27 gifvit
782 1267 68 21 denna
864 1266 62 22 Stän-

95 1295 78 21 dernes
189 1295 159 27 ståndaktighet
364 1296 40 21 och
420 1296 41 21 den
477 1296 45 26 vigt
538 1296 26 21 de
579 1296 51 27 vilja
642 1296 56 27 gifva
713 1297 47 21 sina
771 1296 47 21 med
828 1295 38 22 allt
879 1295 48 21 skäl

96 1323 82 21 fattade
200 1324 77 26 beslut,
293 1324 44 21 fula
356 1330 70 20 namn,
442 1331 50 15 men
505 1325 37 27 jag
557 1325 68 21 skulle
641 1324 112 28 föredraga
768 1326 33 20 att
815 1324 56 27 gifva
886 1324 41 21 den

97 1352 78 22 vackra
197 1358 71 16 namn.
298 1352 57 22 Herr
373 1353 70 27 Bergh
459 1353 40 21 har
513 1353 58 27 gjort
585 1354 37 21 det
637 1354 27 26 på
679 1354 69 27 grund
764 1353 60 22 deraf
837 1354 33 20 att
884 1352 42 21 han

96 1386 63 16 anser
174 1381 26 21 de
215 1381 163 28 häntydningar,
395 1388 48 15 man
459 1382 63 27 gifvit
537 1388 35 15 om
588 1382 56 21 huru
658 1388 26 15 en
700 1382 173 26 koncessionslag
887 1380 40 22 bör

97 1416 52 14 vara
170 1409 98 27 affattad,
284 1410 46 21 icke
346 1416 52 16 vara
420 1411 23 21 så
461 1410 133 28 vällyckade.
625 1410 35 22 Mä
675 1410 25 22 så
714 1417 52 15 vara
780 1410 40 22 och
835 1410 22 21 af
871 1409 56 22 hvad

96 1438 43 21 han
154 1438 69 22 anfört
243 1439 43 21 kan
299 1438 38 28 jag
350 1438 53 28 gilla
418 1440 92 26 mycket,
525 1446 48 14 men
589 1440 36 21 det
641 1442 23 19 är
679 1439 47 22 icke
741 1440 72 26 derpå,
829 1445 45 15 som
890 1438 36 22 det

96 1466 70 22 beror.
196 1466 40 22 Om
259 1467 120 22 Ständerne
400 1467 70 27 någon
492 1469 56 26 gång
566 1467 64 22 hafva
645 1474 25 16 en
687 1468 81 22 mindre
784 1468 75 27 lyckad
874 1472 52 22 upp-

96 1495 93 27 fattning
211 1495 23 21 af
254 1495 120 28 föreslagna
392 1496 69 28 lagen,
477 1497 26 21 så
525 1496 62 28 följer
609 1497 47 21 icke
678 1496 61 22 deraf
758 1498 33 20 att
803 1496 123 28 regeringen
