1078 1781
294 120 180 21 Borgareståndet
486 120 55 18 1877.
562 121 24 16 14
598 120 119 17 December.
847 113 54 21 2371

73 189 47 21 den.
150 189 62 21 Hvad
228 188 36 22 det
280 188 132 22 vidkommer
427 190 34 20 att
475 188 99 27 förlänga
589 188 136 27 tjenstetiden
742 187 32 22 till
788 188 116 21 etthundra

72 217 60 27 tjugu
155 217 73 27 dagar,
251 217 25 22 så
298 220 45 19 tror
363 217 37 27 jag
422 219 39 24 att,
485 224 34 15 om
541 217 100 27 öfningen
656 216 128 22 verkställes
798 216 28 27 på
840 216 63 21 nittio

73 246 72 26 dagar,
160 251 99 16 reserven
276 246 73 21 dervid
365 245 41 22 blir
421 246 127 27 tillräckligt
563 245 63 22 öfvad
643 245 39 22 och
697 247 33 20 att
746 251 33 15 om
795 251 49 15 man
860 245 44 26 läg-

71 281 39 20 ger
125 275 32 20 till
181 274 73 21 trettio
277 275 72 26 dagar,
366 274 35 21 det
421 275 97 21 kommer
533 277 33 18 att
581 274 88 21 inverka
684 273 104 28 betydligt
802 273 28 27 på
844 273 60 22 kost-

72 303 101 21 naderna.
204 302 78 22 Derför
298 303 33 21 får
344 303 37 27 jag
397 303 33 21 för
445 303 45 21 min
507 303 34 21 del
557 303 88 21 förorda
660 304 33 20 att
711 303 60 20 detta
786 302 118 27 stadgande

72 332 67 21 måtte
155 331 119 22 bibehållas
289 331 77 22 sådant
380 332 37 21 det
432 331 23 22 af
469 331 115 22 Utskottet
599 333 24 20 är
639 331 122 28 föreslaget.

141 389 57 20 Herr
213 387 123 28 Öhberg:
366 388 41 27 Jag
423 388 39 21 har
473 388 70 22 blifvit
552 388 146 22 förekommen
709 388 21 21 af
742 388 52 21 Herr
807 383 96 37 Procopé.

71 417 42 27 Jag
129 417 42 21 kan
187 417 45 21 icke
248 417 67 21 heller
330 417 58 21 finna
403 419 68 19 annat
486 419 27 19 än
529 419 33 19 att
578 417 37 22 det
627 419 24 19 är
662 417 94 27 tydligen
768 416 136 22 föreskrifvet

73 448 32 19 att
127 446 27 21 de
177 445 34 22 till
232 452 100 15 reserven
355 446 96 21 hörande
473 445 62 22 skola
550 445 81 22 infinna
650 446 33 26 sig
698 445 32 22 till
747 446 156 25 öfningsmöten

73 474 41 22 och
136 476 33 19 att
195 475 61 20 dessa
272 475 52 20 böra
346 474 70 21 hållas
431 475 69 21 under
515 475 26 21 de
557 474 68 22 första
640 475 57 20 åren.
727 474 50 21 Man
793 474 110 21 bestämde

73 503 62 22 nittio
151 503 67 26 dagar
233 505 51 19 utan
300 505 33 19 att
348 505 100 20 närmare
467 503 120 22 bestämma
595 503 54 21 huru
658 503 77 26 många
744 503 75 26 dagars
830 502 73 27 öfning

74 531 36 22 det
125 532 68 21 första
208 532 52 25 året,
277 531 55 22 huru
346 533 77 26 många
439 532 36 21 det
491 533 68 20 andra
575 532 40 21 och
629 532 55 21 huru
696 531 76 27 många
782 532 36 21 det
827 531 75 27 tredje,

73 561 89 21 emedan
186 560 112 22 Utskottet
320 561 66 26 ansåg
408 561 37 21 det
463 561 53 21 böra
532 561 51 21 bero
599 561 22 20 af
635 560 79 21 befälet
729 560 40 22 och
784 560 54 21 huru
853 566 50 15 man

73 595 78 20 genom
167 589 147 21 erfarenheten
330 589 68 21 finner
413 589 36 22 det
465 595 52 15 vara
532 589 50 21 bäst
597 589 39 22 och
651 589 93 26 klokast,
760 589 99 27 antingen
870 591 32 19 att

73 618 37 21 det
124 616 78 23 "första
224 617 47 22 året
294 617 64 22 hafva
380 617 73 28 längre
477 618 158 27 öfningsmöten
658 618 40 21 och
720 617 27 22 de
762 624 74 15 senare
851 619 51 20 åren

73 647 86 20 kortare
182 646 52 21 eller
257 646 39 21 ock
319 647 100 26 möjligen
442 647 44 21 lika
502 647 63 27 länge
581 647 43 20 alla
639 649 32 18 tre
686 647 57 21 åren.
773 647 41 26 Jag
829 646 74 27 tycker

73 675 38 21 det
126 677 25 19 är
166 675 58 21 klart
239 675 39 21 och
295 675 77 26 tydligt
387 675 136 22 föreskrifvet
539 677 33 19 att
587 675 61 22 dessa
664 675 154 27 öfningsmöten
833 675 69 21 måste

73 703 75 22 hållas.
179 703 61 22 Hvad
264 703 26 22 de
306 704 62 21 nittio
392 705 94 26 dagarne
507 704 134 21 vidkommer
655 704 24 21 så
694 704 38 21 har
744 703 44 28 jag,
803 704 40 21 och
858 706 44 19 tro-

73 732 56 27 ligen
145 732 63 21 äfven
223 733 73 25 andra,
312 733 59 20 svårt
386 735 32 19 att
433 735 52 24 säga
501 739 34 14 om
552 733 27 20 de
594 734 37 20 äro
646 732 133 27 tillräckliga,
791 733 111 25 militärer,

73 761 40 21 har
125 761 38 27 jag
178 761 55 26 hört,
249 767 51 15 anse
316 761 62 21 nittio
395 761 66 27 dagar
477 767 52 16 vara
545 761 129 27 tillräckligt.

142 819 57 20 Herr
220 818 130 21 Höckert:
382 819 33 20 Då
434 818 37 27 jag
494 819 120 26 genomläst
639 819 69 20 denna
730 818 105 27 paragraf,
855 825 46 15 som

75 846 112 22 Utskottet
210 847 38 21 här
272 847 39 20 har
331 847 99 27 inskjutit
445 847 6 21 i
467 847 39 22 sitt
529 847 141 26 betänkande,
692 848 50 21 fann
763 847 36 27 jag
821 847 41 21 den
876 847 25 21 så

73 875 67 26 ihälig
163 875 39 22 och
225 875 114 27 bristfällig
362 879 32 18 att
418 876 39 21 den
482 878 77 19 nästan
575 876 38 27 såg
628 878 24 19 ut
667 882 45 15 som
728 882 25 15 en
769 875 76 26 tanke;
861 875 40 22 och

74 904 40 21 den
131 904 161 27 omredigering,
308 904 112 21 Utskottet
435 905 124 21 sedermera
574 905 62 26 gifvit
651 905 23 20 åt
690 905 122 21 densamma
825 911 76 20 genom

73 935 33 19 att
121 933 68 21 under
204 933 100 21 rubriken
320 933 88 27 tryckfel
424 933 53 22 söka
493 933 95 27 inskjuta
617 936 33 19 tre
665 933 38 21 ord
719 933 27 26 på
754 933 67 21 andra
828 933 72 25 raden,

73 961 40 21 har
136 961 47 22 icke
205 961 68 21 heller
295 961 134 27 synnerligen
453 961 117 22 förbättrat
592 964 78 19 texten.
706 962 75 21 Denna
802 961 101 28 paragraf

73 990 67 21 borde
163 989 33 22 väl
218 989 108 22 innehålla
349 993 31 19 ett
400 990 130 27 fullkomligt
546 991 87 26 positivt
648 991 117 26 stadgande
781 990 72 21 derom
868 992 33 19 att

73 1025 100 15 reserven
196 1018 54 21 skall
274 1019 66 26 öfvas,
362 1019 81 21 hvilket
462 1020 119 26 stadgande
597 1019 39 21 här
650 1021 24 19 är
689 1022 75 24 ytterst
780 1019 120 21 sväfvande.

73 1047 43 21 Det
131 1047 60 21 heter
206 1047 106 27 nemligen
328 1049 31 20 att
374 1054 99 15 reserven
490 1050 24 19 är
530 1047 84 28 skyldig
629 1050 32 19 att
676 1047 80 22 infinna
769 1048 33 27 sig
817 1048 27 27 på
855 1047 45 22 kal-

73 1076 64 25 lelse;
160 1081 47 16 men
231 1082 34 15 om
288 1076 63 27 ingen
374 1077 89 20 kallelse
485 1076 98 22 utfärdas
606 1077 23 21 så
645 1076 41 21 blir
701 1077 35 20 det
752 1077 61 26 ingen
829 1076 72 27 öfning

72 1104 53 21 utaf.
155 1104 41 27 Jag
218 1111 62 15 anser
303 1105 61 21 äfven
381 1105 7 21 i
403 1105 70 21 likhet
495 1105 48 21 med
567 1105 56 22 Herr
640 1105 92 26 Krogius
748 1107 32 20 att
795 1105 36 22 det
846 1105 55 22 hade

72 1133 56 21 varit
149 1133 97 27 lämpligt
269 1135 32 19 att
323 1133 120 22 bestämma
466 1133 56 22 huru
545 1134 78 27 många
637 1134 150 27 öfningsdagar
801 1140 99 15 reserven

72 1161 41 22 bör
127 1168 50 15 vara
193 1162 175 26 sammandragen
384 1163 68 20 under
468 1163 27 20 de
510 1162 58 22 olika
581 1163 140 26 öfningsåren,
732 1163 89 20 sälunda
836 1163 64 20 likväl

73 1192 32 19 att
121 1191 36 20 det
172 1191 66 20 första
260 1191 48 20 året
323 1191 66 21 borde
412 1193 96 25 upptaga
523 1197 26 15 en
565 1191 48 21 vida
629 1191 72 27 längre
716 1191 30 21 tid
761 1193 27 19 än
803 1191 26 21 de
845 1191 56 21 båda

72 1219 137 21 återstående
232 1219 56 21 åren.
319 1219 46 22 Den
388 1219 123 28 föreslagna
534 1220 103 21 terminen
659 1219 68 22 skulle
748 1220 36 27 jag
805 1219 95 22 deremot

72 1254 51 15 anse
139 1254 51 15 vara
205 1247 128 28 fullkomligt
348 1248 123 27 tillräcklig.
503 1248 63 22 JIvad
581 1249 131 21 vidkommer
726 1248 123 22 Utskottets
857 1248 43 22 för-

72 1276 47 28 slag
139 1279 33 19 att
195 1276 87 22 kallelse
305 1277 68 21 skulle
397 1277 98 21 utfärdas
518 1278 24 21 af
555 1278 219 27 generalguvernören
789 1283 62 15 anser
863 1277 37 27 jag

72 1304 61 22 äfven
157 1305 36 21 det
215 1312 51 15 vara
288 1308 78 24 ytterst
389 1306 118 27 olämpligt,
523 1308 23 25 ty
562 1312 34 15 om
620 1307 67 21 denne
702 1306 137 27 embetsman,
854 1312 46 15 som

73 1334 54 21 efter
142 1334 56 21 hvad
211 1334 37 27 jag
263 1336 52 24 tror,
332 1335 33 21 för
380 1335 46 21 sina
441 1335 103 26 åtgärder
565 1335 46 21 icke
627 1335 45 21 står
686 1335 7 21 i
708 1335 70 27 någon
793 1334 107 27 ansvarig-

71 1362 38 22 het
130 1362 33 22 för
185 1362 55 22 finsk
255 1362 41 28 lag,
312 1365 52 19 utan
387 1365 39 25 gör
441 1364 41 20 och
507 1364 54 20 låter
576 1364 55 21 efter
645 1364 111 26 godtycke,
772 1363 128 22 åsidosätter

72 1393 32 19 att
127 1391 84 21 utfärda
236 1391 95 27 kallelse,
352 1392 24 21 så
391 1392 33 21 lär
441 1392 42 21 han
500 1392 47 22 icke
563 1392 71 22 derför
648 1392 72 21 kunna
735 1392 27 27 på
777 1392 65 27 något
857 1393 43 20 sätt

72 1420 75 21 ställas
161 1420 32 21 till
218 1426 83 16 ansvar.
332 1420 40 27 Jag
388 1420 49 22 ville
459 1420 72 22 derför
547 1421 64 21 hafva
626 1422 69 20 denna
711 1421 84 27 mening
810 1421 6 21 i
832 1420 68 22 första

71 1451 118 19 momentet
213 1449 81 21 ändrad
318 1449 87 26 derhän,
431 1451 33 20 att
488 1450 93 21 allenast
603 1450 134 25 terminerne,
760 1451 39 19 när
814 1451 86 19 mötena

71 1477 93 27 vidtaga,
190 1477 128 22 bestämmas
343 1478 23 21 af
390 1478 229 28 generalguvernören.
659 1478 41 22 Det
722 1478 68 22 skulle
818 1477 82 23 således

71 1505 115 22 ankomma
207 1506 28 27 pä
250 1506 222 28 generalguvernören
488 1501 13 38 —
515 1506 52 22 eller
587 1506 76 28 högsta
682 1507 158 22 befälhafvaren
866 1508 33 20 att
