1078 1781
266 108 178 20 Borgareständet
457 109 55 17 1877.
537 109 23 17 14
572 109 120 17 December.
828 103 56 21 2333

58 177 70 26 någon
158 176 171 28 värnepligtslag.
360 176 89 23 Ständet
472 176 40 22 har
544 177 76 21 endast
649 176 94 22 beslutat
765 176 49 27 ingå
837 178 5 20 i
859 184 25 15 en

58 205 119 27 detaljerad
199 205 129 28 granskning
351 205 21 22 af
391 205 124 22 Utskottets
539 205 80 27 förslag
641 205 107 26 grundadt
763 206 27 27 på
805 205 79 22 allmän

58 234 119 27 värnepligt
192 234 40 21 och
247 234 108 27 ingenting
370 237 75 23 annat;
463 235 65 25 något
543 236 66 19 annat
624 234 41 21 kan
678 234 38 27 jag
730 234 47 21 icke
794 234 44 21 inse
852 236 33 19 att

57 263 101 21 Ståndets
174 263 57 20 förut
246 263 81 21 fattade
343 263 70 21 beslut
428 263 94 20 innebär.
552 263 41 27 Jag
602 263 139 21 understöder
753 263 61 21 äfven
828 263 56 21 Herr

57 291 102 27 Chydenii
175 291 78 27 förslag
261 293 32 20 att
305 291 115 27 uppskjuta
430 291 157 27 behandlingen
604 291 22 21 af
635 291 66 21 första
711 291 40 22 och
762 291 122 27 isynnerhet

57 320 67 21 andra
140 320 134 27 paragrafen,
290 320 27 21 då
332 320 34 21 det
379 320 24 27 ju
418 320 47 21 icke
482 320 40 21 kan
538 321 86 20 komma
640 320 6 21 i
660 321 60 25 fråga
733 322 33 19 att
776 319 109 28 upphäfva

57 348 66 27 något
137 348 108 27 gammalt,
260 349 64 21 innan
340 355 48 14 man
404 352 35 18 vet
456 349 56 21 hvad
527 355 49 15 man
592 350 67 20 sätter
674 349 6 21 i
696 349 78 21 stället.

126 405 57 22 Herr
198 405 32 21 W.
246 405 112 28 Nystén:
388 406 40 26 Jag
444 406 68 21 måste
528 405 107 27 medgifva
650 408 32 18 att
698 405 35 21 det
744 405 83 22 formelt
838 405 46 22 icke

58 433 115 27 föreligger
197 435 65 25 något
285 433 105 22 definitivt
414 434 79 25 beslut;
509 435 72 20 derom
603 437 33 18 att
658 434 156 27 härordningen
830 433 55 22 skall

57 463 94 26 grundas
167 463 27 26 på
211 463 240 27 värnepligtssystemet,
467 469 48 15 men
531 463 27 21 då
574 463 105 22 Ståndet
672 459 11 35 i
695 463 37 26 går
748 469 75 20 genom
841 469 43 15 om-

58 492 96 26 röstning
169 491 106 22 förkastat
290 491 42 22 alla
348 491 66 22 andra
430 491 81 27 förslag
526 492 6 20 i
544 491 66 22 saken
618 493 24 20 så
652 489 88 24 inhebär
749 492 59 21 detta
819 491 65 22 redan

59 522 31 19 ett
105 520 162 27 godkännande,
284 527 33 14 om
334 520 64 21 ocksä
415 520 45 21 icke
476 520 92 21 formelt.

127 577 57 22 Herr
199 577 160 22 Talmannen
374 577 127 22 framstälde
516 577 53 22 härä
585 577 94 27 följande

127 634 186 27 Proposition:
345 635 38 24 De,
406 641 45 14 som
475 635 50 26 vilja
551 636 32 20 att
605 634 150 22 diskussionen
776 635 109 27 angäende

58 664 13 26 8
88 665 9 18 1
121 663 54 21 skall
198 663 75 26 fortgå,
296 669 63 15 svara
371 663 40 27 ja;
428 663 32 25 de,
483 669 45 16 som
551 663 50 26 vilja
623 665 33 20 att
672 663 48 22 med
735 663 150 22 diskussionen

58 692 91 21 rörande
165 691 18 27 ej
199 692 81 21 mindre
296 693 12 25 $
326 693 9 20 1
353 693 26 20 än
396 692 12 27 $
424 693 11 20 2
453 692 54 21 skall
527 692 62 21 anstä
605 692 54 21 intill
675 693 47 20 dess
738 691 147 27 författnings-

58 720 103 27 förslaget
176 721 7 20 i
198 720 64 27 öfrigt
278 721 141 26 genomgätts,
435 727 63 14 svara
514 721 49 26 nej.

127 778 76 20 Denna
225 778 132 27 proposition
379 777 129 22 besvarades
532 777 34 22 vid
581 778 85 21 anstäld
682 777 95 27 votering
794 777 47 22 med
857 778 26 21 29

56 806 27 27 ja
99 806 39 21 och
156 807 25 20 12
198 806 51 27 nej.

127 863 57 22 Herr
196 863 160 22 Talmannen
372 863 123 26 tillfrågade
510 863 53 21 härä
571 863 95 26 Ständet,
676 863 107 22 huruvida
795 863 89 21 Stäodet

59 892 94 21 önskade
176 894 38 23 att,
235 892 84 27 jemligt
342 892 72 21 derom
437 892 124 21 framstäldt
583 892 100 27 yrkande,
699 892 11 27 &
729 894 8 19 1
756 891 38 22 och
818 892 66 21 första

59 923 116 19 momentet
190 921 22 21 af
226 921 13 27 &
257 922 39 20 124
312 921 68 21 skulle
396 921 27 27 pä
439 927 26 14 en
481 921 56 27 gång
553 921 126 21 diskuteras.

128 977 50 22 Med
194 977 114 28 anledning
323 977 61 22 häraf
397 977 85 28 yttrade

129 1035 58 21 Herr
202 1035 142 21 Lindelöf:
374 1035 42 26 Jag
431 1035 33 20 för
480 1035 43 20 min
540 1035 34 21 del
590 1041 62 15 anser
660 1035 35 21 det
704 1035 46 21 icke
759 1041 50 15 vara
818 1035 68 26 nägon

59 1064 57 21 vinst
132 1066 32 19 att
179 1064 176 21 sammanblanda
370 1064 62 21 dessa
448 1063 56 22 bäda
517 1063 131 28 paragrafer.
679 1064 42 21 Det
731 1065 25 19 är
765 1063 122 27 visserligen

60 1095 63 18 sannt
139 1094 32 19 att
193 1094 4 19 1
216 1099 62 14 mom.
294 1092 23 21 af
331 1093 12 25 $
361 1093 40 20 124
416 1093 179 26 sammanhänger
611 1092 48 21 med
677 1095 8 18 1
703 1093 10 25 $
729 1092 39 21 och
784 1094 52 19 nära
846 1098 42 20 nog

59 1121 119 21 innehäller
193 1127 81 15 samma
290 1121 138 26 bestämning,
445 1127 49 15 men
511 1121 60 21 deraf
585 1120 60 27 följer
660 1121 46 21 icke
724 1121 161 26 nödvändigtvis

58 1151 35 20 att
109 1150 61 21 dessa
186 1149 55 22 bäda
256 1149 124 27 paragrafer
395 1150 27 26 pä
437 1156 26 15 en
480 1150 55 27 gäng
551 1149 60 22 skola
627 1149 112 27 företagas,
755 1149 35 21 det
806 1151 24 19 är
846 1149 42 22 tids

59 1185 42 20 nog
117 1180 32 19 att
164 1180 39 19 när
218 1185 48 14 man
282 1178 96 21 kommer
393 1178 32 21 till
441 1179 11 25 &
470 1179 41 20 124
527 1178 27 21 dä
569 1178 115 21 formulera
699 1178 47 21 dess
763 1178 66 21 första
843 1183 43 16 mo-

60 1209 59 19 ment
134 1207 6 20 i
156 1207 217 21 öfverensstämmelse
389 1207 48 21 med
453 1207 36 21 det
506 1207 75 25 beslut,
598 1213 45 15 som
655 1206 67 21 blifvit
734 1206 78 21 fattadt
820 1206 67 21 under

61 1237 10 20 1
89 1235 19 29 8.
138 1235 41 27 Jag
201 1242 63 15 anser
278 1236 46 21 icke
342 1236 69 26 nägon
428 1235 81 27 verklig
522 1235 56 22 vinst
589 1241 51 15 vara
654 1237 33 20 att
702 1237 64 19 vänta
781 1235 60 21 deraf
855 1237 32 19 att

61 1270 48 16 man
125 1264 86 26 frängär
227 1264 160 27 paragrafernes
403 1264 162 27 ordningsföljd,
580 1267 51 19 utan
646 1264 64 27 yrkar
725 1266 33 19 att
774 1264 114 21 diskussio-

61 1299 40 15 nen
117 1293 50 21 sker
181 1294 8 20 i
205 1293 39 21 den
260 1293 91 27 ordning
366 1292 154 28 paragraferna
535 1293 137 21 förekomma.

128 1356 57 21 Herr
200 1356 174 21 Talmannen
390 1356 125 21 framstälde
531 1356 48 21 med
595 1356 112 26 anledning
722 1356 62 21 häraf
795 1354 92 28 följande

128 1412 196 28 Proposition:
355 1413 39 26 De,
410 1419 45 15 som
471 1413 51 27 vilja
537 1415 33 19 att
586 1413 147 21 diskussionen
749 1419 28 15 nu
792 1413 54 21 skall
858 1413 30 21 in-

58 1441 95 21 skränka
176 1442 32 26 sig
229 1442 32 21 till
276 1442 13 26 $
308 1444 17 24 1,
341 1448 62 15 svara
419 1442 32 27 ja;
468 1442 33 26 de,
517 1448 46 15 som
579 1442 50 26 vilja
644 1444 32 20 att
692 1441 145 22 diskussionen
854 1441 34 21 mä

59 1472 50 19 röra
131 1470 82 32 sig
185 1466 30 40 pä
233 1476 81 16 samma
328 1470 56 28 gång
400 1476 33 16 om
450 1471 11 26 $
481 1472 9 20 1
508 1470 39 22 och
563 1470 66 22 första
644 1472 116 20 momentet
775 1470 23 22 af
811 1471 12 26 $
841 1470 46 27 124,

56 1504 65 17 svara
136 1505 47 21 nej.
