1078 1781
188 106 58 21 2210
402 110 181 22 Borgareståndet
595 111 54 17 1877.
675 111 12 17 7
700 111 117 17 December.

187 180 103 21 hållande
306 180 22 21 af
342 179 188 22 meromförmälda
545 179 84 26 förbud,
645 179 66 21 likväl
726 179 6 21 i
746 179 59 22 detta
816 179 146 28 tvifvelaktiga
973 179 44 26 fall

186 209 40 21 och
250 209 26 21 dä
300 208 58 22 olika
376 208 80 27 äsigter
471 208 74 21 härom
561 208 61 21 äfven
638 207 57 22 inom
710 207 111 22 Utskottet
837 209 94 25 uttalats,
947 211 71 19 ansett

185 237 33 25 sig
241 237 54 22 böra
318 237 110 21 vördsamt
442 237 89 26 inbjuda
546 243 20 15 o.
582 243 16 15 s.
614 239 33 18 v.*
678 237 42 26 Jag
735 238 46 19 tror
796 237 61 21 dessa
872 237 92 27 grunder
978 239 41 20 äro

183 265 133 28 fullkomligt
334 265 80 26 riktiga
429 265 39 22 och
483 265 97 21 förordar
596 265 85 22 derföre
692 265 325 28 sammanjemkningsförslaget.

255 323 57 21 Herr
333 322 156 27 Ignatius:
520 322 41 27 Jag
581 325 45 19 tror
641 322 131 21 fortfarande
788 324 32 19 att
835 322 110 22 Utskottet
960 323 57 27 tagit

186 351 90 22 alideles
293 351 68 26 miste,
378 351 27 21 dä
421 351 36 21 det
473 353 70 19 ansett
558 353 33 19 att
606 357 48 15 man
670 351 57 21 velat
742 351 94 21 utesluta
852 351 61 21 dessa
928 351 39 21 ord
982 352 35 21 för

185 382 32 19 att
240 381 91 20 sälunda
353 379 75 22 hindra
451 386 25 15 en
501 379 140 28 dryckesrörd
663 385 77 22 person
756 382 33 19 att
804 380 20 21 fä
839 380 61 25 köra;
916 381 100 24 orsaken,

185 409 102 21 hvarföre
310 415 50 14 man
375 409 56 21 velat
447 409 70 20 denna
531 408 138 27 uteslutning,
686 411 24 18 är
726 409 45 20 helt
786 409 72 20 enkelt
873 409 39 20 den
928 411 32 19 att
976 408 41 22 Ut-

185 437 89 26 skottet,
290 443 76 21 genom
390 440 32 18 att
435 437 113 26 adoptera
570 437 66 21 orden
652 437 66 24 ,eller
733 439 25 18 är
774 437 149 26 dryckesrörd*
939 437 77 22 erkänt

185 468 34 19 att
241 472 27 15 en
291 466 140 27 dryckesrörd
455 472 78 21 person
553 467 24 19 är
595 465 120 26 berättigad
734 467 32 20 att
782 465 21 22 fä
818 465 54 22 häst.
903 466 10 21 I
928 466 38 21 vär
980 466 36 25 lag

185 494 68 21 finnes
275 495 54 20 dock
350 494 19 27 ej
385 495 64 26 något
465 494 123 27 stadgande,
605 500 44 15 som
666 495 22 20 åt
704 501 24 14 en
745 495 94 20 drucken
855 500 75 21 person
946 494 71 21 skulle

185 529 26 21 ge
234 523 68 21 denna
325 523 112 26 rättighet;
461 523 111 21 Utskottet
595 522 38 21 har
653 523 83 21 säledes
750 523 44 26 just
809 523 70 21 häruti
895 523 73 26 begätt
983 525 32 19 ett

184 552 96 26 misstag,
305 552 89 21 emedan
418 551 111 22 Utskottet
552 551 19 27 ej
587 551 65 22 fästat
667 551 101 22 afseende
783 552 34 21 vid
832 551 55 22 hvad
903 551 89 22 Ständet
1007 552 7 21 i

186 580 37 21 det
239 580 111 21 afseendet
365 580 121 27 egentligen
501 579 86 28 äsyftat.

254 637 57 22 Herr
334 637 156 22 Molander:
521 637 60 21 Inom
605 637 112 21 Utskottet
734 636 76 21 väckte
829 636 35 27 jag
880 642 80 15 samma
976 637 38 26 pä-

185 667 95 26 stäende,
302 673 46 14 som
371 666 55 21 Herr
447 666 95 27 Ignatius
561 672 36 19 nu,
618 665 39 22 och
675 665 37 28 jag
732 665 69 21 mäste
820 664 130 22 fortfarande
970 665 44 21 vid-

184 695 59 21 hålla
264 697 33 19 att
320 695 60 21 detta
402 695 54 21 hade
480 695 53 20 varit
556 695 40 20 den
619 697 57 18 rätta
695 693 319 28 sammanjemkningsgrunden.

184 724 41 26 Jag
247 729 63 16 anser
330 723 65 22 ocksä
412 726 32 18 att
462 723 122 22 Utskottets
600 723 90 21 motiver
706 723 123 21 tillkommit
844 722 122 27 derigenom
981 724 33 19 att

185 752 113 21 Utskottet
313 752 103 21 förutsatt
430 751 155 24 förhällanden,
602 758 44 15 som
658 751 114 22 Utskottet
782 751 18 26 ej
814 751 43 20 haft
868 751 32 26 sig
911 750 103 27 bekanta;

184 781 48 21 icke
247 781 41 20 kan
304 781 113 21 Utskottet
432 780 27 27 pä
475 787 52 20 egen
544 780 56 21 hand
617 780 66 27 skapa
699 780 90 21 motiver
804 779 94 21 hvarken
913 779 33 21 för
961 779 54 21 Bor-

184 809 138 27 gareständet
338 809 52 21 eller
405 809 65 26 något
485 811 65 19 annat
565 809 74 21 Stånd.
669 808 183 27 Borgareständet
868 808 38 21 har
922 807 18 27 ej
951 808 64 26 sagdt

184 838 117 27 nägonting
322 840 72 23 annat,
410 840 27 19 än
460 839 32 20 att
514 837 37 21 det
574 837 37 22 vill
633 839 33 20 att
686 838 61 20 dessa
769 837 38 21 ord
826 837 60 20 skola
901 837 113 20 uteslutas.

185 866 83 22 Genom
291 868 33 19 att
346 866 118 21 emellertid
487 866 100 21 betrakta
609 872 26 15 en
658 866 149 26 efterföljande
822 865 19 28 8,
857 865 37 21 der
909 865 104 26 Borgare-

184 895 86 21 ständet
285 895 109 26 ingenting
409 895 99 24 beslutat,
524 894 39 21 har
578 895 112 21 Utskottet
703 895 91 20 kommit
809 893 31 22 till
857 894 39 21 den
912 893 55 27 äsigt
980 896 35 19 att

183 924 184 26 Borgareständet
389 925 72 20 menat
483 923 24 22 sä
526 923 39 21 och
588 924 29 21 sä.
648 923 46 21 Den
718 923 56 26 äsigt
786 923 37 26 jag
839 922 103 21 förfäktar
957 929 56 14 vann

183 953 66 20 redan
272 953 58 20 inom
355 952 110 21 Utskottet
487 953 115 26 pluralitet,
623 951 67 22 ehuru
713 952 41 21 den
770 951 37 22 föll
822 951 35 21 vid
871 951 144 27 justeringen;

185 981 41 22 den
242 981 42 21 kan
300 981 83 21 säledes
398 981 33 20 väl
447 981 44 20 täla
506 983 33 19 att
553 981 61 21 äfven
630 981 39 20 här
684 981 48 21 litet
748 981 99 20 funderas
863 981 33 25 pä.

253 1039 56 20 Herr
325 1039 33 20 W.
374 1038 111 27 Nystön:
516 1037 41 27 Jag
580 1037 33 22 för
636 1038 43 21 min
700 1038 34 21 del
756 1037 95 22 ansluter
866 1037 42 26 mig
923 1037 33 20 till
972 1036 41 22 Ut-

182 1067 94 22 skottets
298 1066 301 27 sammanjemkningsförslag.
629 1067 33 20 Då
685 1066 113 21 Utskottet
816 1066 6 21 i
839 1066 59 21 detta
917 1067 96 20 moment

182 1095 66 22 infört
272 1096 36 21 det
328 1095 117 27 stadgande
467 1097 32 19 att
514 1095 139 27 dryckesrörd
669 1101 77 21 person
763 1095 19 27 ej
798 1094 32 22 fär
845 1095 59 25 köra,
920 1094 40 21 och
976 1095 36 20 tvä

183 1124 68 22 Ständ
275 1125 117 20 utelemnat
412 1124 68 21 denna
496 1123 139 27 bestämning,
652 1130 47 15 men
715 1123 57 22 blott
786 1123 33 21 för
834 1125 32 19 att
881 1123 89 26 tillägga
985 1129 27 14 en

182 1155 57 19 ännu
262 1159 45 15 mer
325 1153 156 21 inskränkande
497 1152 134 27 bestämning
646 1152 73 21 derom
736 1154 32 19 att
784 1158 25 15 en
825 1151 94 22 drucken
935 1157 77 21 person

181 1182 20 26 ej
225 1181 33 22 fär
281 1181 123 27 skjutshäst,
428 1181 23 21 sä
473 1187 62 21 synes
558 1181 36 21 det
617 1181 105 26 sjelffallet
747 1183 33 18 att
794 1181 63 20 dessa
872 1180 67 21 Ständ
954 1181 58 19 ännu

181 1210 83 21 mindre
288 1211 82 20 kunnat
392 1210 53 27 hysa
467 1210 40 21 den
531 1210 55 24 äsigt
608 1211 33 19 att
663 1216 26 14 en
708 1209 140 27 dryckesrörd
867 1215 77 20 person
963 1208 54 27 sjelf

181 1238 69 22 skulle
270 1239 21 21 fä
306 1239 54 21 köra
380 1239 81 21 hästen.
491 1239 57 21 Herr
563 1238 95 27 Ignatius
674 1238 38 22 har
728 1238 101 21 anmärkt
844 1240 32 19 att
891 1237 6 21 i
912 1237 100 27 gällande

180 1268 36 26 lag
232 1268 18 26 ej
266 1268 67 21 finnes
345 1268 70 26 något.
422 1267 96 21 tillstånd
531 1267 33 21 för
575 1274 26 14 en
613 1267 141 27 dryckesrörd
764 1272 77 22 person
853 1268 32 20 att
900 1266 22 21 få
932 1266 80 26 skjuts-

181 1296 55 22 häst.
266 1296 39 21 Ett
320 1296 77 21 sådant
412 1296 97 21 tillstånd
524 1295 101 22 behöfves
641 1296 63 21 också
720 1296 26 26 ej,
764 1296 88 20 emedan
868 1295 36 21 det
914 1294 19 27 ej
944 1294 68 21 finnes

181 1326 65 26 något
270 1324 86 26 förbud;
373 1324 39 22 och
435 1324 23 22 så
474 1324 60 26 länge
550 1327 31 18 ett
597 1324 76 22 sådant
689 1324 18 27 ej
724 1324 75 26 finnes,
815 1325 24 20 så
854 1325 24 19 är
893 1323 61 21 äfven
970 1323 41 21 den

181 1353 95 21 druckne
300 1353 121 27 berättigad
443 1355 33 19 att
497 1354 22 20 få
533 1353 54 21 häst.
617 1352 83 22 Genom
716 1355 34 19 att
765 1353 98 26 utstryka
878 1352 60 21 detta
953 1352 58 20 stad-

181 1382 69 26 gande
265 1382 85 21 komme
366 1388 48 15 man
430 1382 82 21 således
528 1382 80 21 derhän
624 1384 32 18 att
672 1388 26 15 en
714 1381 143 27 dryckesrörd
872 1386 76 22 person
964 1380 50 21 icke

180 1410 92 22 allenast
287 1410 33 22 får
334 1410 56 27 häst,
406 1412 51 20 utan
473 1410 60 22 äfven
549 1410 48 28 sjelf
612 1410 32 21 får
658 1410 60 21 köra.

250 1467 55 22 Herr
326 1468 144 26 Ignatius:
501 1467 235 27 Sammanjemkningen
756 1473 50 15 vore
821 1467 71 26 riktig,
908 1472 34 15 om
958 1466 54 21 Bor-

177 1496 150 28 gareståndets
343 1496 70 22 beslut
428 1498 32 20 att
475 1496 107 22 utelemna
597 1497 26 21 de
639 1497 7 20 i
661 1496 59 27 fråga
737 1496 92 21 varande
841 1496 65 21 orden
918 1494 95 23 tillkom-
