1078 1781
283 121 178 22 Borgareståndet
474 122 53 18 1877.
552 123 11 16 7
575 122 117 17 December.
849 116 54 21 2201

149 191 121 22 Utskottets
286 191 79 27 förslag
381 191 132 21 beträffande

422 247 25 29 $$
465 249 8 19 1
492 247 39 22 och
547 249 20 24 2,

149 305 123 22 föranledde
288 305 18 27 ej
323 305 32 21 till
370 305 75 27 åtgärd
461 304 45 22 från
523 304 191 27 Borgareståndets
729 304 52 21 sida.

149 362 112 27 Förslaget
277 361 133 22 beträffande

150 419 12 27 $
179 420 12 20 3
207 419 37 27 gaf
260 418 114 27 anledning
393 419 31 20 till
440 419 93 27 följande
554 418 130 22 diskussion:

150 482 57 22 Herr
221 482 199 26 Tengström:
451 481 123 22 Utskottets
596 481 80 27 förslag
694 481 32 22 till
742 481 164 27 sammanjemk-

81 511 50 26 ning
145 511 7 20 i
168 511 68 20 denna
252 510 33 21 del
301 511 42 20 kan
356 510 38 28 jag
409 510 47 21 icke
470 511 119 26 godkänna.
617 510 42 21 Det
674 516 28 15 nu
717 509 94 22 rådande
827 509 79 22 förhål-

81 539 74 21 landet
170 541 24 19 är
209 541 31 19 att
252 539 127 26 skjutslaget
394 541 86 24 utgöres
496 539 6 21 i
518 541 31 19 ett
565 539 97 27 tingslag,
679 538 40 22 och
734 539 33 20 till
783 539 124 25 förändring

81 568 7 20 i
110 567 60 22 detta
193 567 133 22 förhållande
349 567 63 22 hafva
434 567 76 22 endast
533 568 36 21 två
585 567 74 25 Stånd,
687 567 156 27 Ridderskapet
867 567 39 21 och

82 596 68 21 Adeln
166 598 55 19 samt
236 596 167 26 Presteständet,
419 596 125 27 obetingadt
559 595 84 22 bifallit.
673 595 49 22 Men
738 596 27 21 då
780 596 76 21 endast
870 596 36 21 två

83 625 79 21 Stånds
185 624 60 22 bifall
266 625 34 21 till
321 631 27 14 en
364 624 159 27 lagförändring
539 624 119 26 förefinnes,
674 624 24 21 så
713 624 66 22 borde
798 624 108 27 ändrings-

82 653 102 27 förslaget
201 653 91 22 förfalla.
323 653 161 22 Bondeståndet
501 653 40 22 har
559 653 121 27 ovilkorligt
698 653 38 21 och
752 653 155 27 Borgarestån-

82 682 37 21 det
140 682 109 27 vilkorligt
272 681 52 22 eller
344 682 67 21 delvis
431 684 89 19 motsatt
541 682 32 27 sig
588 681 123 28 ändringen.
740 681 91 22 Derutaf
845 681 62 27 följer

82 712 33 19 att
133 710 101 27 förslaget
252 710 31 21 till
303 710 91 27 ändring
411 711 42 20 kan
469 711 125 26 godkännas
609 711 76 20 endast
699 710 33 21 till
748 711 41 20 den
805 710 33 21 del
853 709 54 22 Bor-

83 739 137 26 gareståndet
235 739 78 21 bifallit
328 739 33 22 till
378 739 123 27 detsamma,
517 739 53 22 eller
585 739 69 22 såvidt
670 739 36 21 det
722 741 36 19 rör
769 739 137 27 skjutslagets

82 767 162 28 öfverflyttande
265 767 48 22 från
334 767 114 28 tingslaget
468 768 33 21 till
521 767 49 22 hela
588 767 94 22 häradet.
712 767 79 22 Härtill
811 768 96 21 kommer

82 798 55 19 ännu
153 798 34 19 att
202 796 26 21 de
243 797 35 20 två
294 796 73 25 Stånd,
382 802 45 15 som
443 796 78 21 bifallit
543 796 109 27 förslaget,
671 796 73 27 sjelfve
760 798 36 19 äro
813 795 93 22 befriade

81 825 47 22 från
144 825 286 27 skjutsningsskyldigheten,
446 825 67 21 under
528 825 36 22 det
580 825 36 21 det
631 825 73 25 Stånd,
720 831 45 15 som
776 827 79 24 tungan
866 824 40 21 och

81 853 168 27 olägenheterna
266 853 23 22 af
308 853 279 28 skjuteningsskyldigheter
602 853 86 27 åligger,
704 853 104 27 nemligen
823 853 83 21 Bonde-

81 882 94 25 ståndet,
195 881 45 22 helt
261 882 39 21 och
320 882 66 21 hållet
400 884 75 25 vägrat
491 882 60 21 bifall
574 881 33 22 till
623 882 149 27 förändringen
796 881 39 22 och
850 881 57 21 velat

83 910 107 22 bibehålla
213 911 36 20 det
266 910 71 27 gamla
352 911 150 26 förhållandet,
519 917 44 15 som
580 911 90 21 Ståndet
684 910 90 21 sålunda
789 912 70 19 ansett
874 909 34 22 för

83 939 33 27 sig
135 939 115 26 lindrigare
268 939 40 21 och
324 939 83 21 mindre
422 939 143 27 betungande.
595 939 34 22 Då
644 946 26 14 nu
687 939 111 21 Utskottet
813 939 46 21 icke
874 940 34 19 ut-

82 968 47 26 gått
145 967 47 22 från
205 969 57 20 rätta
276 968 96 26 grunden
384 968 33 21 för
427 968 330 27 sammanjemkningsförslagets
769 967 138 27 uppgörande

80 997 26 20 så
124 1002 63 15 anser
200 996 36 27 jag
250 996 36 21 det
301 996 19 27 ej
337 997 52 21 böra
404 996 21 22 af
438 997 182 27 Borgareståndet
635 996 129 27 godkännas.
795 996 40 21 Det
851 997 57 20 rätta

83 1025 55 21 hade
154 1025 55 21 varit
224 1026 32 20 att
272 1025 193 26 Borgareståndets
481 1025 76 25 beslut,
573 1025 70 22 såsom
659 1025 145 21 förmedlande
817 1024 90 21 emellan

82 1053 191 27 Borgareståndets
296 1053 98 22 absoluta
417 1054 106 27 vägrande
545 1054 40 21 och
609 1054 25 21 de
657 1053 35 22 två
712 1054 67 21 första
802 1053 106 21 Ståndens

83 1082 99 21 absoluta
204 1082 67 27 bifall,
292 1082 56 21 hade
368 1082 71 21 blifvit
461 1082 105 27 gällande.
597 1083 33 20 Då
652 1082 36 21 det
711 1088 27 15 nu
762 1082 18 26 ej
799 1081 43 22 kan
857 1087 51 15 vara

80 1110 61 27 fråga
157 1117 34 14 om
203 1113 32 19 att
245 1111 106 26 uppkasta
362 1113 31 19 ett
403 1113 48 25 nytt
461 1111 299 26 sammanjemkningsförslag,
772 1113 50 18 utan
833 1110 76 21 endast

82 1141 31 18 att
135 1141 79 24 antaga
234 1139 52 21 eller
307 1139 97 22 förkasta
419 1140 36 21 det
470 1139 145 27 förevarande,
632 1139 22 21 så
670 1139 33 21 får
716 1139 37 26 jag
768 1139 33 20 för
817 1139 42 21 min
875 1138 33 21 del

82 1167 96 28 afstyrka
194 1167 47 22 dess
256 1167 162 28 godkännande.

151 1231 56 21 Herr
244 1237 126 15 Jansson:
393 1231 41 27 Jag
449 1231 38 21 ber
503 1233 32 19 att
550 1234 45 18 mot
606 1231 54 21 Herr
670 1231 125 27 Tengström
806 1231 21 21 få
839 1230 70 22 erinra

81 1261 33 19 att
137 1260 41 21 den
201 1259 83 27 vanliga
306 1260 96 26 grunden
426 1260 33 21 för
474 1260 204 26 sammanjemkning
694 1260 38 20 här
748 1262 24 19 är
787 1259 58 27 följd.
876 1258 33 22 Då

81 1288 106 27 Borgare-
202 1288 38 21 och
256 1288 175 22 Bondeståndens
447 1289 68 21 beslut
531 1288 46 22 icke
593 1288 193 26 öfverensstämma,
803 1288 24 21 så
847 1294 62 20 synes

81 1317 37 21 det
141 1323 50 15 vara
212 1316 104 28 naturligt
338 1319 34 19 att
392 1316 123 22 Utskottets
537 1317 141 26 betänkande,
699 1316 110 27 godkändt
830 1316 23 21 af
873 1316 36 21 två

81 1345 76 27 Stånd,
177 1346 72 26 lägges
265 1345 32 21 till
313 1346 69 26 grund
399 1346 33 21 för
447 1345 323 27 sammanjemkningsförslaget.

151 1408 56 21 Herr
229 1408 199 27 Tengström:
459 1408 42 22 Det
524 1408 39 22 har
581 1408 122 28 visserligen
729 1408 82 21 kunnat
838 1407 72 21 hända

81 1438 38 24 att,
139 1436 28 21 då
188 1437 35 21 två
246 1436 68 22 Stånd
338 1436 54 22 varit
414 1443 50 15 ense
486 1437 48 21 med
557 1436 117 27 Utskottet,
690 1437 70 21 dettas
777 1436 133 22 betänkande

81 1464 56 28 lagts
160 1465 32 21 till
215 1465 68 27 grund
306 1464 34 22 för
364 1465 328 28 sammanjemkningsförslaget;
718 1472 47 15 men
789 1465 60 21 detta
871 1465 39 20 har

80 1493 97 22 inträffat
196 1494 75 21 endast
286 1494 5 20 i
308 1494 36 21 det
360 1494 37 21 fall
417 1496 33 19 att
471 1494 145 22 betänkandet
631 1494 109 21 bibehållit
756 1494 94 21 rådande
866 1493 43 21 för-
