<?xml version="1.0" encoding="UTF-8"?>
<alto xmlns="http://www.loc.gov/standards/alto/ns-v3#" xmlns:xlink="http://www.w3.org/1999/xlink" xmlns:xsi="http://www.w3.org/2001/XMLSchema-instance" xsi:schemaLocation="http://www.loc.gov/standards/alto/ns-v3# http://www.loc.gov/alto/v3/alto-3-0.xsd">
	<Description>
		<MeasurementUnit>pixel</MeasurementUnit>
		<sourceImageInformation>
			<fileName>/tmp/tess_m36578eh_input.PNG</fileName>
		</sourceImageInformation>
		<OCRProcessing ID="OCR_0">
			<ocrProcessingStep>
				<processingSoftware>
					<softwareName>tesseract 5.3.4</softwareName>
				</processingSoftware>
			</ocrProcessingStep>
		</OCRProcessing>
	</Description>
	<Layout>
		<Page WIDTH="1078" HEIGHT="1781" PHYSICAL_IMG_NR="0" ID="page_0">
			<PrintSpace HPOS="0" VPOS="0" WIDTH="1078" HEIGHT="1781">
				<ComposedBlock ID="cblock_0" HPOS="161" VPOS="98" WIDTH="635" HEIGHT="35">
					<TextBlock ID="block_0" HPOS="161" VPOS="98" WIDTH="635" HEIGHT="35">
						<TextLine ID="line_0" HPOS="161" VPOS="98" WIDTH="635" HEIGHT="35">
							<String ID="string_0" HPOS="161" VPOS="98" WIDTH="61" HEIGHT="35" WC="0.96" CONTENT="2588"/><SP WIDTH="148" VPOS="98" HPOS="222"/>
							<String ID="string_1" HPOS="370" VPOS="108" WIDTH="180" HEIGHT="22" WC="0.91" CONTENT="Borgareståndet"/><SP WIDTH="12" VPOS="108" HPOS="550"/>
							<String ID="string_2" HPOS="562" VPOS="109" WIDTH="54" HEIGHT="17" WC="0.96" CONTENT="1877."/><SP WIDTH="24" VPOS="109" HPOS="616"/>
							<String ID="string_3" HPOS="640" VPOS="110" WIDTH="23" HEIGHT="16" WC="0.96" CONTENT="21"/><SP WIDTH="13" VPOS="110" HPOS="663"/>
							<String ID="string_4" HPOS="676" VPOS="109" WIDTH="120" HEIGHT="17" WC="0.96" CONTENT="December."/>
						</TextLine>
					</TextBlock>
				</ComposedBlock>
				<GraphicalElement ID="cblock_1" HPOS="164" VPOS="136" WIDTH="797" HEIGHT="5"></GraphicalElement >
				<ComposedBlock ID="cblock_2" HPOS="165" VPOS="176" WIDTH="837" HEIGHT="315">
					<TextBlock ID="block_1" HPOS="165" VPOS="176" WIDTH="837" HEIGHT="315">
						<TextLine ID="line_1" HPOS="166" VPOS="176" WIDTH="829" HEIGHT="30">
							<String ID="string_5" HPOS="166" VPOS="177" WIDTH="62" HEIGHT="22" WC="0.96" CONTENT="delen"/><SP WIDTH="22" VPOS="177" HPOS="228"/>
							<String ID="string_6" HPOS="250" VPOS="177" WIDTH="24" HEIGHT="22" WC="0.93" CONTENT="af"/><SP WIDTH="13" VPOS="177" HPOS="274"/>
							<String ID="string_7" HPOS="287" VPOS="177" WIDTH="319" HEIGHT="29" WC="0.82" CONTENT="sammanjemkningsförslaget"/><SP WIDTH="15" VPOS="177" HPOS="606"/>
							<String ID="string_8" HPOS="621" VPOS="177" WIDTH="108" HEIGHT="27" WC="0.43" CONTENT="beträffar,"/><SP WIDTH="15" VPOS="177" HPOS="729"/>
							<String ID="string_9" HPOS="744" VPOS="177" WIDTH="182" HEIGHT="28" WC="0.92" CONTENT="Borgareständet"/><SP WIDTH="15" VPOS="177" HPOS="926"/>
							<String ID="string_10" HPOS="941" VPOS="176" WIDTH="54" HEIGHT="23" WC="0.96" CONTENT="böra"/>
						</TextLine>
						<TextLine ID="line_2" HPOS="165" VPOS="206" WIDTH="829" HEIGHT="28">
							<String ID="string_11" HPOS="165" VPOS="206" WIDTH="99" HEIGHT="22" WC="0.93" CONTENT="förkasta"/><SP WIDTH="14" VPOS="206" HPOS="264"/>
							<String ID="string_12" HPOS="278" VPOS="207" WIDTH="231" HEIGHT="27" WC="0.90" CONTENT="sammanjemkningen"/><SP WIDTH="15" VPOS="207" HPOS="509"/>
							<String ID="string_13" HPOS="524" VPOS="207" WIDTH="67" HEIGHT="21" WC="0.96" CONTENT="under"/><SP WIDTH="16" VPOS="207" HPOS="591"/>
							<String ID="string_14" HPOS="607" VPOS="207" WIDTH="137" HEIGHT="21" WC="0.96" CONTENT="förklarande"/><SP WIDTH="15" VPOS="207" HPOS="744"/>
							<String ID="string_15" HPOS="759" VPOS="209" WIDTH="33" HEIGHT="19" WC="0.96" CONTENT="att"/><SP WIDTH="15" VPOS="209" HPOS="792"/>
							<String ID="string_16" HPOS="807" VPOS="206" WIDTH="40" HEIGHT="22" WC="0.96" CONTENT="den"/><SP WIDTH="13" VPOS="206" HPOS="847"/>
							<String ID="string_17" HPOS="860" VPOS="206" WIDTH="34" HEIGHT="22" WC="0.96" CONTENT="del"/><SP WIDTH="10" VPOS="206" HPOS="894"/>
							<String ID="string_18" HPOS="904" VPOS="206" WIDTH="24" HEIGHT="22" WC="0.93" CONTENT="af"/><SP WIDTH="10" VPOS="206" HPOS="928"/>
							<String ID="string_19" HPOS="938" VPOS="213" WIDTH="56" HEIGHT="15" WC="0.90" CONTENT="sam-"/>
						</TextLine>
						<TextLine ID="line_3" HPOS="166" VPOS="235" WIDTH="826" HEIGHT="27">
							<String ID="string_20" HPOS="166" VPOS="235" WIDTH="192" HEIGHT="27" WC="0.91" CONTENT="manjemkningen,"/><SP WIDTH="23" VPOS="235" HPOS="358"/>
							<String ID="string_21" HPOS="381" VPOS="242" WIDTH="46" HEIGHT="15" WC="0.93" CONTENT="som"/><SP WIDTH="22" VPOS="242" HPOS="427"/>
							<String ID="string_22" HPOS="449" VPOS="235" WIDTH="46" HEIGHT="22" WC="0.90" CONTENT="deri"/><SP WIDTH="23" VPOS="235" HPOS="495"/>
							<String ID="string_23" HPOS="518" VPOS="235" WIDTH="92" HEIGHT="27" WC="0.92" CONTENT="beröres,"/><SP WIDTH="23" VPOS="235" HPOS="610"/>
							<String ID="string_24" HPOS="633" VPOS="235" WIDTH="39" HEIGHT="22" WC="0.93" CONTENT="har"/><SP WIDTH="18" VPOS="235" HPOS="672"/>
							<String ID="string_25" HPOS="690" VPOS="235" WIDTH="122" HEIGHT="27" WC="0.92" CONTENT="derigenom"/><SP WIDTH="15" VPOS="235" HPOS="812"/>
							<String ID="string_26" HPOS="827" VPOS="237" WIDTH="34" HEIGHT="20" WC="0.96" CONTENT="att"/><SP WIDTH="13" VPOS="237" HPOS="861"/>
							<String ID="string_27" HPOS="874" VPOS="235" WIDTH="37" HEIGHT="22" WC="0.96" CONTENT="två"/><SP WIDTH="14" VPOS="235" HPOS="911"/>
							<String ID="string_28" HPOS="925" VPOS="235" WIDTH="67" HEIGHT="22" WC="0.96" CONTENT="Stånd"/>
						</TextLine>
						<TextLine ID="line_4" HPOS="165" VPOS="263" WIDTH="830" HEIGHT="28">
							<String ID="string_29" HPOS="165" VPOS="266" WIDTH="89" HEIGHT="19" WC="0.95" CONTENT="stannat"/><SP WIDTH="14" VPOS="266" HPOS="254"/>
							<String ID="string_30" HPOS="268" VPOS="266" WIDTH="46" HEIGHT="19" WC="0.96" CONTENT="mot"/><SP WIDTH="14" VPOS="266" HPOS="314"/>
							<String ID="string_31" HPOS="328" VPOS="265" WIDTH="42" HEIGHT="24" WC="0.96" CONTENT="två,"/><SP WIDTH="16" VPOS="265" HPOS="370"/>
							<String ID="string_32" HPOS="386" VPOS="264" WIDTH="96" HEIGHT="21" WC="0.94" CONTENT="förfallit."/><SP WIDTH="29" VPOS="264" HPOS="482"/>
							<String ID="string_33" HPOS="511" VPOS="264" WIDTH="48" HEIGHT="21" WC="0.96" CONTENT="Mot"/><SP WIDTH="22" VPOS="264" HPOS="559"/>
							<String ID="string_34" HPOS="581" VPOS="264" WIDTH="58" HEIGHT="21" WC="0.96" CONTENT="förra"/><SP WIDTH="15" VPOS="264" HPOS="639"/>
							<String ID="string_35" HPOS="654" VPOS="264" WIDTH="62" HEIGHT="21" WC="0.96" CONTENT="delen"/><SP WIDTH="15" VPOS="264" HPOS="716"/>
							<String ID="string_36" HPOS="731" VPOS="264" WIDTH="24" HEIGHT="21" WC="0.93" CONTENT="af"/><SP WIDTH="15" VPOS="264" HPOS="755"/>
							<String ID="string_37" HPOS="770" VPOS="263" WIDTH="225" HEIGHT="28" WC="0.91" CONTENT="sammanjemknings-"/>
						</TextLine>
						<TextLine ID="line_5" HPOS="166" VPOS="292" WIDTH="828" HEIGHT="27">
							<String ID="string_38" HPOS="166" VPOS="292" WIDTH="104" HEIGHT="27" WC="0.96" CONTENT="förslaget"/><SP WIDTH="21" VPOS="292" HPOS="270"/>
							<String ID="string_39" HPOS="291" VPOS="292" WIDTH="40" HEIGHT="22" WC="0.96" CONTENT="har"/><SP WIDTH="19" VPOS="292" HPOS="331"/>
							<String ID="string_40" HPOS="350" VPOS="293" WIDTH="38" HEIGHT="26" WC="0.93" CONTENT="jag"/><SP WIDTH="22" VPOS="293" HPOS="388"/>
							<String ID="string_41" HPOS="410" VPOS="293" WIDTH="97" HEIGHT="21" WC="0.92" CONTENT="deremot"/><SP WIDTH="21" VPOS="293" HPOS="507"/>
							<String ID="string_42" HPOS="528" VPOS="293" WIDTH="111" HEIGHT="26" WC="0.96" CONTENT="ingenting"/><SP WIDTH="14" VPOS="293" HPOS="639"/>
							<String ID="string_43" HPOS="653" VPOS="294" WIDTH="32" HEIGHT="20" WC="0.96" CONTENT="att"/><SP WIDTH="14" VPOS="294" HPOS="685"/>
							<String ID="string_44" HPOS="699" VPOS="293" WIDTH="109" HEIGHT="21" WC="0.91" CONTENT="anmärka."/><SP WIDTH="32" VPOS="293" HPOS="808"/>
							<String ID="string_45" HPOS="840" VPOS="292" WIDTH="45" HEIGHT="22" WC="0.95" CONTENT="Den"/><SP WIDTH="16" VPOS="292" HPOS="885"/>
							<String ID="string_46" HPOS="901" VPOS="292" WIDTH="93" HEIGHT="22" WC="0.96" CONTENT="nämnda"/>
						</TextLine>
						<TextLine ID="line_6" HPOS="166" VPOS="321" WIDTH="828" HEIGHT="28">
							<String ID="string_47" HPOS="166" VPOS="321" WIDTH="152" HEIGHT="27" WC="0.90" CONTENT="inbjudningen"/><SP WIDTH="22" VPOS="321" HPOS="318"/>
							<String ID="string_48" HPOS="340" VPOS="321" WIDTH="69" HEIGHT="22" WC="0.95" CONTENT="skulle"/><SP WIDTH="21" VPOS="321" HPOS="409"/>
							<String ID="string_49" HPOS="430" VPOS="321" WIDTH="82" HEIGHT="28" WC="0.96" CONTENT="grunda"/><SP WIDTH="22" VPOS="321" HPOS="512"/>
							<String ID="string_50" HPOS="534" VPOS="321" WIDTH="32" HEIGHT="27" WC="0.96" CONTENT="sig"/><SP WIDTH="22" VPOS="321" HPOS="566"/>
							<String ID="string_51" HPOS="588" VPOS="321" WIDTH="29" HEIGHT="28" WC="0.95" CONTENT="på"/><SP WIDTH="20" VPOS="321" HPOS="617"/>
							<String ID="string_52" HPOS="637" VPOS="327" WIDTH="26" HEIGHT="16" WC="0.89" CONTENT="en"/><SP WIDTH="21" VPOS="327" HPOS="663"/>
							<String ID="string_53" HPOS="684" VPOS="321" WIDTH="134" HEIGHT="27" WC="0.89" CONTENT="supposition"/><SP WIDTH="17" VPOS="321" HPOS="818"/>
							<String ID="string_54" HPOS="835" VPOS="323" WIDTH="31" HEIGHT="20" WC="0.96" CONTENT="att"/><SP WIDTH="15" VPOS="323" HPOS="866"/>
							<String ID="string_55" HPOS="881" VPOS="321" WIDTH="113" HEIGHT="22" WC="0.96" CONTENT="Utskottet"/>
						</TextLine>
						<TextLine ID="line_7" HPOS="166" VPOS="349" WIDTH="828" HEIGHT="28">
							<String ID="string_56" HPOS="166" VPOS="352" WIDTH="73" HEIGHT="19" WC="0.95" CONTENT="menat"/><SP WIDTH="15" VPOS="352" HPOS="239"/>
							<String ID="string_57" HPOS="254" VPOS="352" WIDTH="65" HEIGHT="19" WC="0.96" CONTENT="annat"/><SP WIDTH="15" VPOS="352" HPOS="319"/>
							<String ID="string_58" HPOS="334" VPOS="351" WIDTH="27" HEIGHT="20" WC="0.96" CONTENT="än"/><SP WIDTH="16" VPOS="351" HPOS="361"/>
							<String ID="string_59" HPOS="377" VPOS="351" WIDTH="37" HEIGHT="20" WC="0.96" CONTENT="det"/><SP WIDTH="14" VPOS="351" HPOS="414"/>
							<String ID="string_60" HPOS="428" VPOS="349" WIDTH="90" HEIGHT="26" WC="0.96" CONTENT="skrifvit,"/><SP WIDTH="15" VPOS="349" HPOS="518"/>
							<String ID="string_61" HPOS="533" VPOS="356" WIDTH="48" HEIGHT="15" WC="0.97" CONTENT="men"/><SP WIDTH="16" VPOS="356" HPOS="581"/>
							<String ID="string_62" HPOS="597" VPOS="356" WIDTH="26" HEIGHT="15" WC="0.97" CONTENT="en"/><SP WIDTH="15" VPOS="356" HPOS="623"/>
							<String ID="string_63" HPOS="638" VPOS="350" WIDTH="66" HEIGHT="21" WC="0.93" CONTENT="sådan"/><SP WIDTH="19" VPOS="350" HPOS="704"/>
							<String ID="string_64" HPOS="723" VPOS="350" WIDTH="132" HEIGHT="27" WC="0.92" CONTENT="supposition"/><SP WIDTH="15" VPOS="350" HPOS="855"/>
							<String ID="string_65" HPOS="870" VPOS="349" WIDTH="62" HEIGHT="22" WC="0.96" CONTENT="torde"/><SP WIDTH="14" VPOS="349" HPOS="932"/>
							<String ID="string_66" HPOS="946" VPOS="349" WIDTH="48" HEIGHT="22" WC="0.96" CONTENT="icke"/>
						</TextLine>
						<TextLine ID="line_8" HPOS="166" VPOS="378" WIDTH="829" HEIGHT="28">
							<String ID="string_67" HPOS="166" VPOS="384" WIDTH="52" HEIGHT="15" WC="0.95" CONTENT="vara"/><SP WIDTH="15" VPOS="384" HPOS="218"/>
							<String ID="string_68" HPOS="233" VPOS="378" WIDTH="127" HEIGHT="28" WC="0.96" CONTENT="berättigad."/><SP WIDTH="30" VPOS="378" HPOS="360"/>
							<String ID="string_69" HPOS="390" VPOS="379" WIDTH="41" HEIGHT="26" WC="0.96" CONTENT="Jag"/><SP WIDTH="14" VPOS="379" HPOS="431"/>
							<String ID="string_70" HPOS="445" VPOS="379" WIDTH="98" HEIGHT="20" WC="0.96" CONTENT="anhåller"/><SP WIDTH="9" VPOS="379" HPOS="543"/>
							<String ID="string_71" HPOS="552" VPOS="381" WIDTH="33" HEIGHT="19" WC="0.92" CONTENT="att"/><SP WIDTH="10" VPOS="381" HPOS="585"/>
							<String ID="string_72" HPOS="595" VPOS="379" WIDTH="188" HEIGHT="26" WC="0.92" CONTENT="Borgareståndet,"/><SP WIDTH="12" VPOS="379" HPOS="783"/>
							<String ID="string_73" HPOS="795" VPOS="379" WIDTH="48" HEIGHT="21" WC="0.93" CONTENT="med"/><SP WIDTH="12" VPOS="379" HPOS="843"/>
							<String ID="string_74" HPOS="855" VPOS="378" WIDTH="140" HEIGHT="22" WC="0.91" CONTENT="förkastande"/>
						</TextLine>
						<TextLine ID="line_9" HPOS="166" VPOS="406" WIDTH="836" HEIGHT="29">
							<String ID="string_75" HPOS="166" VPOS="407" WIDTH="24" HEIGHT="21" WC="0.96" CONTENT="af"/><SP WIDTH="12" VPOS="407" HPOS="190"/>
							<String ID="string_76" HPOS="202" VPOS="406" WIDTH="123" HEIGHT="23" WC="0.93" CONTENT="Utskottets"/><SP WIDTH="22" VPOS="406" HPOS="325"/>
							<String ID="string_77" HPOS="347" VPOS="407" WIDTH="324" HEIGHT="28" WC="0.91" CONTENT="sammanjemkningsförslag"/><SP WIDTH="-19" VPOS="407" HPOS="671"/>
							<String ID="string_78" HPOS="652" VPOS="402" WIDTH="10" HEIGHT="37" WC="0.92" CONTENT=","/><SP WIDTH="6" VPOS="402" HPOS="662"/>
							<String ID="string_79" HPOS="668" VPOS="402" WIDTH="12" HEIGHT="37" WC="0.96" CONTENT="i"/><SP WIDTH="7" VPOS="402" HPOS="680"/>
							<String ID="string_80" HPOS="687" VPOS="407" WIDTH="49" HEIGHT="22" WC="0.96" CONTENT="dess"/><SP WIDTH="21" VPOS="407" HPOS="736"/>
							<String ID="string_81" HPOS="757" VPOS="413" WIDTH="75" HEIGHT="16" WC="0.96" CONTENT="senare"/><SP WIDTH="23" VPOS="413" HPOS="832"/>
							<String ID="string_82" HPOS="855" VPOS="407" WIDTH="41" HEIGHT="26" WC="0.96" CONTENT="del,"/><SP WIDTH="15" VPOS="407" HPOS="896"/>
							<String ID="string_83" HPOS="911" VPOS="407" WIDTH="33" HEIGHT="21" WC="0.97" CONTENT="för"/><SP WIDTH="15" VPOS="407" HPOS="944"/>
							<String ID="string_84" HPOS="959" VPOS="407" WIDTH="43" HEIGHT="22" WC="0.78" CONTENT="sin”"/>
						</TextLine>
						<TextLine ID="line_10" HPOS="167" VPOS="435" WIDTH="825" HEIGHT="28">
							<String ID="string_85" HPOS="167" VPOS="435" WIDTH="35" HEIGHT="22" WC="0.95" CONTENT="del"/><SP WIDTH="8" VPOS="435" HPOS="202"/>
							<String ID="string_86" HPOS="210" VPOS="436" WIDTH="68" HEIGHT="21" WC="0.96" CONTENT="måtte"/><SP WIDTH="8" VPOS="436" HPOS="278"/>
							<String ID="string_87" HPOS="286" VPOS="435" WIDTH="95" HEIGHT="22" WC="0.96" CONTENT="förklara"/><SP WIDTH="8" VPOS="435" HPOS="381"/>
							<String ID="string_88" HPOS="389" VPOS="435" WIDTH="185" HEIGHT="27" WC="0.96" CONTENT="framställningen"/><SP WIDTH="9" VPOS="435" HPOS="574"/>
							<String ID="string_89" HPOS="583" VPOS="442" WIDTH="34" HEIGHT="15" WC="0.93" CONTENT="om"/><SP WIDTH="11" VPOS="442" HPOS="617"/>
							<String ID="string_90" HPOS="628" VPOS="435" WIDTH="156" HEIGHT="28" WC="0.91" CONTENT="förminskning"/><SP WIDTH="8" VPOS="435" HPOS="784"/>
							<String ID="string_91" HPOS="792" VPOS="436" WIDTH="23" HEIGHT="21" WC="0.96" CONTENT="af"/><SP WIDTH="6" VPOS="436" HPOS="815"/>
							<String ID="string_92" HPOS="821" VPOS="435" WIDTH="40" HEIGHT="22" WC="0.96" CONTENT="den"/><SP WIDTH="11" VPOS="435" HPOS="861"/>
							<String ID="string_93" HPOS="872" VPOS="435" WIDTH="120" HEIGHT="22" WC="0.95" CONTENT="metalliska"/>
						</TextLine>
						<TextLine ID="line_11" HPOS="165" VPOS="464" WIDTH="454" HEIGHT="27">
							<String ID="string_94" HPOS="165" VPOS="464" WIDTH="90" HEIGHT="21" WC="0.93" CONTENT="kassans"/><SP WIDTH="16" VPOS="464" HPOS="255"/>
							<String ID="string_95" HPOS="271" VPOS="465" WIDTH="159" HEIGHT="26" WC="0.92" CONTENT="minimibelopp"/><SP WIDTH="14" VPOS="465" HPOS="430"/>
							<String ID="string_96" HPOS="444" VPOS="464" WIDTH="65" HEIGHT="21" WC="0.96" CONTENT="hafva"/><SP WIDTH="15" VPOS="464" HPOS="509"/>
							<String ID="string_97" HPOS="524" VPOS="464" WIDTH="95" HEIGHT="22" WC="0.94" CONTENT="förfallit."/>
						</TextLine>
					</TextBlock>
				</ComposedBlock>
				<ComposedBlock ID="cblock_3" HPOS="165" VPOS="521" WIDTH="829" HEIGHT="658">
					<TextBlock ID="block_2" HPOS="165" VPOS="521" WIDTH="829" HEIGHT="658">
						<TextLine ID="line_12" HPOS="234" VPOS="521" WIDTH="760" HEIGHT="28">
							<String ID="string_98" HPOS="234" VPOS="521" WIDTH="58" HEIGHT="22" WC="0.93" CONTENT="Herr"/><SP WIDTH="14" VPOS="521" HPOS="292"/>
							<String ID="string_99" HPOS="306" VPOS="521" WIDTH="125" HEIGHT="28" WC="0.91" CONTENT="Procopé:"/><SP WIDTH="32" VPOS="521" HPOS="431"/>
							<String ID="string_100" HPOS="463" VPOS="521" WIDTH="40" HEIGHT="22" WC="0.96" CONTENT="Om"/><SP WIDTH="15" VPOS="521" HPOS="503"/>
							<String ID="string_101" HPOS="518" VPOS="528" WIDTH="29" HEIGHT="15" WC="0.96" CONTENT="nu"/><SP WIDTH="16" VPOS="528" HPOS="547"/>
							<String ID="string_102" HPOS="563" VPOS="521" WIDTH="40" HEIGHT="22" WC="0.96" CONTENT="den"/><SP WIDTH="16" VPOS="521" HPOS="603"/>
							<String ID="string_103" HPOS="619" VPOS="521" WIDTH="58" HEIGHT="22" WC="0.96" CONTENT="förra."/><SP WIDTH="15" VPOS="521" HPOS="677"/>
							<String ID="string_104" HPOS="692" VPOS="521" WIDTH="62" HEIGHT="22" WC="0.96" CONTENT="delen"/><SP WIDTH="16" VPOS="521" HPOS="754"/>
							<String ID="string_105" HPOS="770" VPOS="521" WIDTH="24" HEIGHT="22" WC="0.96" CONTENT="af"/><SP WIDTH="13" VPOS="521" HPOS="794"/>
							<String ID="string_106" HPOS="807" VPOS="521" WIDTH="121" HEIGHT="22" WC="0.93" CONTENT="Utskottets"/><SP WIDTH="11" VPOS="521" HPOS="928"/>
							<String ID="string_107" HPOS="939" VPOS="527" WIDTH="55" HEIGHT="16" WC="0.91" CONTENT="sam-"/>
						</TextLine>
						<TextLine ID="line_13" HPOS="166" VPOS="549" WIDTH="827" HEIGHT="28">
							<String ID="string_108" HPOS="166" VPOS="550" WIDTH="250" HEIGHT="27" WC="0.91" CONTENT="manjemkningsförslag"/><SP WIDTH="14" VPOS="550" HPOS="416"/>
							<String ID="string_109" HPOS="430" VPOS="550" WIDTH="54" HEIGHT="21" WC="0.96" CONTENT="skall"/><SP WIDTH="15" VPOS="550" HPOS="484"/>
							<String ID="string_110" HPOS="499" VPOS="551" WIDTH="124" HEIGHT="26" WC="0.96" CONTENT="godkännas"/><SP WIDTH="17" VPOS="551" HPOS="623"/>
							<String ID="string_111" HPOS="640" VPOS="550" WIDTH="40" HEIGHT="21" WC="0.96" CONTENT="och"/><SP WIDTH="15" VPOS="550" HPOS="680"/>
							<String ID="string_112" HPOS="695" VPOS="557" WIDTH="49" HEIGHT="14" WC="0.95" CONTENT="man"/><SP WIDTH="11" VPOS="557" HPOS="744"/>
							<String ID="string_113" HPOS="755" VPOS="550" WIDTH="89" HEIGHT="22" WC="0.95" CONTENT="sålunda"/><SP WIDTH="12" VPOS="550" HPOS="844"/>
							<String ID="string_114" HPOS="856" VPOS="549" WIDTH="68" HEIGHT="22" WC="0.93" CONTENT="skulle"/><SP WIDTH="10" VPOS="549" HPOS="924"/>
							<String ID="string_115" HPOS="934" VPOS="550" WIDTH="59" HEIGHT="21" WC="0.92" CONTENT="bibe-"/>
						</TextLine>
						<TextLine ID="line_14" HPOS="166" VPOS="578" WIDTH="827" HEIGHT="28">
							<String ID="string_116" HPOS="166" VPOS="578" WIDTH="58" HEIGHT="22" WC="0.96" CONTENT="hålla"/><SP WIDTH="16" VPOS="578" HPOS="224"/>
							<String ID="string_117" HPOS="240" VPOS="578" WIDTH="40" HEIGHT="22" WC="0.93" CONTENT="den"/><SP WIDTH="16" VPOS="578" HPOS="280"/>
							<String ID="string_118" HPOS="296" VPOS="579" WIDTH="120" HEIGHT="27" WC="0.92" CONTENT="stilisering,"/><SP WIDTH="16" VPOS="579" HPOS="416"/>
							<String ID="string_119" HPOS="432" VPOS="585" WIDTH="46" HEIGHT="15" WC="0.96" CONTENT="som"/><SP WIDTH="16" VPOS="585" HPOS="478"/>
							<String ID="string_120" HPOS="494" VPOS="579" WIDTH="39" HEIGHT="21" WC="0.96" CONTENT="här"/><SP WIDTH="14" VPOS="579" HPOS="533"/>
							<String ID="string_121" HPOS="547" VPOS="579" WIDTH="73" HEIGHT="25" WC="0.96" CONTENT="finnes,"/><SP WIDTH="15" VPOS="579" HPOS="620"/>
							<String ID="string_122" HPOS="635" VPOS="579" WIDTH="40" HEIGHT="21" WC="0.96" CONTENT="och"/><SP WIDTH="16" VPOS="579" HPOS="675"/>
							<String ID="string_123" HPOS="691" VPOS="579" WIDTH="6" HEIGHT="20" WC="0.96" CONTENT="i"/><SP WIDTH="9" VPOS="579" HPOS="697"/>
							<String ID="string_124" HPOS="706" VPOS="579" WIDTH="41" HEIGHT="21" WC="0.96" CONTENT="den"/><SP WIDTH="10" VPOS="579" HPOS="747"/>
							<String ID="string_125" HPOS="757" VPOS="585" WIDTH="76" HEIGHT="15" WC="0.96" CONTENT="senare"/><SP WIDTH="12" VPOS="585" HPOS="833"/>
							<String ID="string_126" HPOS="845" VPOS="579" WIDTH="69" HEIGHT="26" WC="0.95" CONTENT="delen,"/><SP WIDTH="8" VPOS="579" HPOS="914"/>
							<String ID="string_127" HPOS="922" VPOS="578" WIDTH="71" HEIGHT="22" WC="0.94" CONTENT="såsom"/>
						</TextLine>
						<TextLine ID="line_15" HPOS="165" VPOS="607" WIDTH="826" HEIGHT="27">
							<String ID="string_128" HPOS="165" VPOS="607" WIDTH="114" HEIGHT="22" WC="0.95" CONTENT="Utskottet"/><SP WIDTH="22" VPOS="607" HPOS="279"/>
							<String ID="string_129" HPOS="301" VPOS="607" WIDTH="39" HEIGHT="22" WC="0.96" CONTENT="och"/><SP WIDTH="23" VPOS="607" HPOS="340"/>
							<String ID="string_130" HPOS="363" VPOS="607" WIDTH="67" HEIGHT="27" WC="0.88" CONTENT="några"/><SP WIDTH="21" VPOS="607" HPOS="430"/>
							<String ID="string_131" HPOS="451" VPOS="607" WIDTH="70" HEIGHT="22" WC="0.96" CONTENT="talare"/><SP WIDTH="15" VPOS="607" HPOS="521"/>
							<String ID="string_132" HPOS="536" VPOS="607" WIDTH="39" HEIGHT="22" WC="0.93" CONTENT="här"/><SP WIDTH="15" VPOS="607" HPOS="575"/>
							<String ID="string_133" HPOS="590" VPOS="607" WIDTH="51" HEIGHT="27" WC="0.92" CONTENT="afse,"/><SP WIDTH="15" VPOS="607" HPOS="641"/>
							<String ID="string_134" HPOS="656" VPOS="607" WIDTH="69" HEIGHT="22" WC="0.96" CONTENT="skulle"/><SP WIDTH="15" VPOS="607" HPOS="725"/>
							<String ID="string_135" HPOS="740" VPOS="607" WIDTH="109" HEIGHT="22" WC="0.95" CONTENT="bibehålla"/><SP WIDTH="15" VPOS="607" HPOS="849"/>
							<String ID="string_136" HPOS="864" VPOS="607" WIDTH="36" HEIGHT="22" WC="0.96" CONTENT="det"/><SP WIDTH="14" VPOS="607" HPOS="900"/>
							<String ID="string_137" HPOS="914" VPOS="607" WIDTH="77" HEIGHT="27" WC="0.95" CONTENT="gamla,"/>
						</TextLine>
						<TextLine ID="line_16" HPOS="166" VPOS="635" WIDTH="826" HEIGHT="28">
							<String ID="string_138" HPOS="166" VPOS="635" WIDTH="24" HEIGHT="22" WC="0.96" CONTENT="så"/><SP WIDTH="21" VPOS="635" HPOS="190"/>
							<String ID="string_139" HPOS="211" VPOS="635" WIDTH="43" HEIGHT="22" WC="0.96" CONTENT="kan"/><SP WIDTH="20" VPOS="635" HPOS="254"/>
							<String ID="string_140" HPOS="274" VPOS="636" WIDTH="38" HEIGHT="27" WC="0.96" CONTENT="jag"/><SP WIDTH="20" VPOS="636" HPOS="312"/>
							<String ID="string_141" HPOS="332" VPOS="636" WIDTH="47" HEIGHT="21" WC="0.96" CONTENT="icke"/><SP WIDTH="22" VPOS="636" HPOS="379"/>
							<String ID="string_142" HPOS="401" VPOS="636" WIDTH="55" HEIGHT="21" WC="0.96" CONTENT="fatta"/><SP WIDTH="16" VPOS="636" HPOS="456"/>
							<String ID="string_143" HPOS="472" VPOS="636" WIDTH="54" HEIGHT="21" WC="0.96" CONTENT="huru"/><SP WIDTH="16" VPOS="636" HPOS="526"/>
							<String ID="string_144" HPOS="542" VPOS="636" WIDTH="62" HEIGHT="21" WC="0.95" CONTENT="dessa"/><SP WIDTH="17" VPOS="636" HPOS="604"/>
							<String ID="string_145" HPOS="621" VPOS="636" WIDTH="56" HEIGHT="21" WC="0.96" CONTENT="båda"/><SP WIDTH="15" VPOS="636" HPOS="677"/>
							<String ID="string_146" HPOS="692" VPOS="636" WIDTH="61" HEIGHT="21" WC="0.96" CONTENT="delar"/><SP WIDTH="15" VPOS="636" HPOS="753"/>
							<String ID="string_147" HPOS="768" VPOS="636" WIDTH="67" HEIGHT="21" WC="0.96" CONTENT="skulle"/><SP WIDTH="16" VPOS="636" HPOS="835"/>
							<String ID="string_148" HPOS="851" VPOS="636" WIDTH="71" HEIGHT="21" WC="0.92" CONTENT="kunna"/><SP WIDTH="15" VPOS="636" HPOS="922"/>
							<String ID="string_149" HPOS="937" VPOS="642" WIDTH="55" HEIGHT="15" WC="0.89" CONTENT="sam-"/>
						</TextLine>
						<TextLine ID="line_17" HPOS="166" VPOS="664" WIDTH="826" HEIGHT="27">
							<String ID="string_150" HPOS="166" VPOS="665" WIDTH="132" HEIGHT="21" WC="0.87" CONTENT="manställas."/><SP WIDTH="30" VPOS="665" HPOS="298"/>
							<String ID="string_151" HPOS="328" VPOS="665" WIDTH="42" HEIGHT="21" WC="0.96" CONTENT="Det"/><SP WIDTH="23" VPOS="665" HPOS="370"/>
							<String ID="string_152" HPOS="393" VPOS="664" WIDTH="60" HEIGHT="22" WC="0.96" CONTENT="heter"/><SP WIDTH="15" VPOS="664" HPOS="453"/>
							<String ID="string_153" HPOS="468" VPOS="667" WIDTH="32" HEIGHT="19" WC="0.96" CONTENT="att"/><SP WIDTH="15" VPOS="667" HPOS="500"/>
							<String ID="string_154" HPOS="515" VPOS="665" WIDTH="41" HEIGHT="21" WC="0.96" CONTENT="den"/><SP WIDTH="16" VPOS="665" HPOS="556"/>
							<String ID="string_155" HPOS="572" VPOS="664" WIDTH="120" HEIGHT="22" WC="0.96" CONTENT="metalliska"/><SP WIDTH="19" VPOS="664" HPOS="692"/>
							<String ID="string_156" HPOS="711" VPOS="665" WIDTH="78" HEIGHT="21" WC="0.96" CONTENT="kassan"/><SP WIDTH="15" VPOS="665" HPOS="789"/>
							<String ID="string_157" HPOS="804" VPOS="664" WIDTH="55" HEIGHT="22" WC="0.96" CONTENT="skall"/><SP WIDTH="14" VPOS="664" HPOS="859"/>
							<String ID="string_158" HPOS="873" VPOS="665" WIDTH="71" HEIGHT="26" WC="0.96" CONTENT="uppgå"/><SP WIDTH="15" VPOS="665" HPOS="944"/>
							<String ID="string_159" HPOS="959" VPOS="665" WIDTH="33" HEIGHT="21" WC="0.96" CONTENT="till"/>
						</TextLine>
						<TextLine ID="line_18" HPOS="167" VPOS="693" WIDTH="825" HEIGHT="26">
							<String ID="string_160" HPOS="167" VPOS="693" WIDTH="137" HEIGHT="26" WC="0.91" CONTENT="20,000,000;"/><SP WIDTH="26" VPOS="693" HPOS="304"/>
							<String ID="string_161" HPOS="330" VPOS="693" WIDTH="65" HEIGHT="22" WC="0.96" CONTENT="sedan"/><SP WIDTH="21" VPOS="693" HPOS="395"/>
							<String ID="string_162" HPOS="416" VPOS="693" WIDTH="61" HEIGHT="22" WC="0.96" CONTENT="heter"/><SP WIDTH="23" VPOS="693" HPOS="477"/>
							<String ID="string_163" HPOS="500" VPOS="693" WIDTH="37" HEIGHT="22" WC="0.96" CONTENT="det"/><SP WIDTH="23" VPOS="693" HPOS="537"/>
							<String ID="string_164" HPOS="560" VPOS="694" WIDTH="47" HEIGHT="21" WC="0.96" CONTENT="åter"/><SP WIDTH="24" VPOS="694" HPOS="607"/>
							<String ID="string_165" HPOS="631" VPOS="696" WIDTH="33" HEIGHT="18" WC="0.96" CONTENT="att"/><SP WIDTH="22" VPOS="696" HPOS="664"/>
							<String ID="string_166" HPOS="686" VPOS="693" WIDTH="40" HEIGHT="22" WC="0.95" CONTENT="den"/><SP WIDTH="23" VPOS="693" HPOS="726"/>
							<String ID="string_167" HPOS="749" VPOS="694" WIDTH="47" HEIGHT="21" WC="0.96" CONTENT="icke"/><SP WIDTH="20" VPOS="694" HPOS="796"/>
							<String ID="string_168" HPOS="816" VPOS="693" WIDTH="33" HEIGHT="22" WC="0.96" CONTENT="får"/><SP WIDTH="21" VPOS="693" HPOS="849"/>
							<String ID="string_169" HPOS="870" VPOS="693" WIDTH="122" HEIGHT="26" WC="0.96" CONTENT="understiga"/>
						</TextLine>
						<TextLine ID="line_19" HPOS="167" VPOS="721" WIDTH="825" HEIGHT="27">
							<String ID="string_170" HPOS="167" VPOS="722" WIDTH="127" HEIGHT="26" WC="0.92" CONTENT="20,000,000"/><SP WIDTH="16" VPOS="722" HPOS="294"/>
							<String ID="string_171" HPOS="310" VPOS="721" WIDTH="40" HEIGHT="22" WC="0.96" CONTENT="och"/><SP WIDTH="22" VPOS="721" HPOS="350"/>
							<String ID="string_172" HPOS="372" VPOS="724" WIDTH="39" HEIGHT="24" WC="0.96" CONTENT="gör"/><SP WIDTH="24" VPOS="724" HPOS="411"/>
							<String ID="string_173" HPOS="435" VPOS="722" WIDTH="40" HEIGHT="21" WC="0.95" CONTENT="den"/><SP WIDTH="16" VPOS="722" HPOS="475"/>
							<String ID="string_174" HPOS="491" VPOS="722" WIDTH="36" HEIGHT="21" WC="0.96" CONTENT="det"/><SP WIDTH="15" VPOS="722" HPOS="527"/>
							<String ID="string_175" HPOS="542" VPOS="722" WIDTH="24" HEIGHT="21" WC="0.96" CONTENT="så"/><SP WIDTH="21" VPOS="722" HPOS="566"/>
							<String ID="string_176" HPOS="587" VPOS="722" WIDTH="69" HEIGHT="21" WC="0.96" CONTENT="måste"/><SP WIDTH="15" VPOS="722" HPOS="656"/>
							<String ID="string_177" HPOS="671" VPOS="722" WIDTH="40" HEIGHT="21" WC="0.93" CONTENT="den"/><SP WIDTH="17" VPOS="722" HPOS="711"/>
							<String ID="string_178" HPOS="728" VPOS="722" WIDTH="133" HEIGHT="26" WC="0.91" CONTENT="återbringas"/><SP WIDTH="14" VPOS="722" HPOS="861"/>
							<String ID="string_179" HPOS="875" VPOS="721" WIDTH="33" HEIGHT="22" WC="0.96" CONTENT="till"/><SP WIDTH="16" VPOS="721" HPOS="908"/>
							<String ID="string_180" HPOS="924" VPOS="722" WIDTH="68" HEIGHT="21" WC="0.96" CONTENT="denna"/>
						</TextLine>
						<TextLine ID="line_20" HPOS="166" VPOS="750" WIDTH="827" HEIGHT="28">
							<String ID="string_181" HPOS="166" VPOS="756" WIDTH="90" HEIGHT="15" WC="0.93" CONTENT="summa."/><SP WIDTH="30" VPOS="756" HPOS="256"/>
							<String ID="string_182" HPOS="286" VPOS="751" WIDTH="62" HEIGHT="21" WC="0.96" CONTENT="Huru"/><SP WIDTH="22" VPOS="751" HPOS="348"/>
							<String ID="string_183" HPOS="370" VPOS="751" WIDTH="62" HEIGHT="21" WC="0.96" CONTENT="dessa"/><SP WIDTH="22" VPOS="751" HPOS="432"/>
							<String ID="string_184" HPOS="454" VPOS="751" WIDTH="132" HEIGHT="27" WC="0.96" CONTENT="stadganden"/><SP WIDTH="23" VPOS="751" HPOS="586"/>
							<String ID="string_185" HPOS="609" VPOS="750" WIDTH="61" HEIGHT="22" WC="0.92" CONTENT="skola"/><SP WIDTH="21" VPOS="750" HPOS="670"/>
							<String ID="string_186" HPOS="691" VPOS="751" WIDTH="184" HEIGHT="26" WC="0.91" CONTENT="sammanbringas"/><SP WIDTH="22" VPOS="751" HPOS="875"/>
							<String ID="string_187" HPOS="897" VPOS="750" WIDTH="42" HEIGHT="21" WC="0.96" CONTENT="kan"/><SP WIDTH="15" VPOS="750" HPOS="939"/>
							<String ID="string_188" HPOS="954" VPOS="751" WIDTH="39" HEIGHT="26" WC="0.96" CONTENT="jag"/>
						</TextLine>
						<TextLine ID="line_21" HPOS="167" VPOS="779" WIDTH="825" HEIGHT="27">
							<String ID="string_189" HPOS="167" VPOS="779" WIDTH="47" HEIGHT="21" WC="0.96" CONTENT="icke"/><SP WIDTH="15" VPOS="779" HPOS="214"/>
							<String ID="string_190" HPOS="229" VPOS="779" WIDTH="61" HEIGHT="26" WC="0.96" CONTENT="fatta,"/><SP WIDTH="16" VPOS="779" HPOS="290"/>
							<String ID="string_191" HPOS="306" VPOS="781" WIDTH="51" HEIGHT="20" WC="0.92" CONTENT="utan"/><SP WIDTH="15" VPOS="781" HPOS="357"/>
							<String ID="string_192" HPOS="372" VPOS="779" WIDTH="90" HEIGHT="22" WC="0.92" CONTENT="behöfva"/><SP WIDTH="16" VPOS="779" HPOS="462"/>
							<String ID="string_193" HPOS="478" VPOS="779" WIDTH="26" HEIGHT="21" WC="0.95" CONTENT="de"/><SP WIDTH="15" VPOS="779" HPOS="504"/>
							<String ID="string_194" HPOS="519" VPOS="779" WIDTH="108" HEIGHT="27" WC="0.96" CONTENT="redigeras"/><SP WIDTH="16" VPOS="779" HPOS="627"/>
							<String ID="string_195" HPOS="643" VPOS="779" WIDTH="60" HEIGHT="27" WC="0.96" CONTENT="ånyo."/><SP WIDTH="31" VPOS="779" HPOS="703"/>
							<String ID="string_196" HPOS="734" VPOS="779" WIDTH="63" HEIGHT="22" WC="0.95" CONTENT="Hvad"/><SP WIDTH="16" VPOS="779" HPOS="797"/>
							<String ID="string_197" HPOS="813" VPOS="779" WIDTH="36" HEIGHT="21" WC="0.93" CONTENT="det"/><SP WIDTH="12" VPOS="779" HPOS="849"/>
							<String ID="string_198" HPOS="861" VPOS="779" WIDTH="131" HEIGHT="22" WC="0.92" CONTENT="vidkommer"/>
						</TextLine>
						<TextLine ID="line_22" HPOS="167" VPOS="807" WIDTH="825" HEIGHT="28">
							<String ID="string_199" HPOS="167" VPOS="809" WIDTH="33" HEIGHT="20" WC="0.96" CONTENT="att"/><SP WIDTH="22" VPOS="809" HPOS="200"/>
							<String ID="string_200" HPOS="222" VPOS="807" WIDTH="37" HEIGHT="22" WC="0.96" CONTENT="det"/><SP WIDTH="21" VPOS="807" HPOS="259"/>
							<String ID="string_201" HPOS="280" VPOS="807" WIDTH="47" HEIGHT="22" WC="0.96" CONTENT="icke"/><SP WIDTH="22" VPOS="807" HPOS="327"/>
							<String ID="string_202" HPOS="349" VPOS="814" WIDTH="51" HEIGHT="15" WC="0.96" CONTENT="vore"/><SP WIDTH="15" VPOS="814" HPOS="400"/>
							<String ID="string_203" HPOS="415" VPOS="807" WIDTH="46" HEIGHT="22" WC="0.96" CONTENT="skäl"/><SP WIDTH="22" VPOS="807" HPOS="461"/>
							<String ID="string_204" HPOS="483" VPOS="807" WIDTH="34" HEIGHT="22" WC="0.93" CONTENT="för"/><SP WIDTH="15" VPOS="807" HPOS="517"/>
							<String ID="string_205" HPOS="532" VPOS="808" WIDTH="180" HEIGHT="27" WC="0.92" CONTENT="Borgereståndet"/><SP WIDTH="15" VPOS="808" HPOS="712"/>
							<String ID="string_206" HPOS="727" VPOS="810" WIDTH="33" HEIGHT="19" WC="0.93" CONTENT="att"/><SP WIDTH="15" VPOS="810" HPOS="760"/>
							<String ID="string_207" HPOS="775" VPOS="807" WIDTH="82" HEIGHT="28" WC="0.91" CONTENT="påyrka"/><SP WIDTH="14" VPOS="807" HPOS="857"/>
							<String ID="string_208" HPOS="871" VPOS="807" WIDTH="121" HEIGHT="22" WC="0.96" CONTENT="återremiss"/>
						</TextLine>
						<TextLine ID="line_23" HPOS="167" VPOS="836" WIDTH="825" HEIGHT="27">
							<String ID="string_209" HPOS="167" VPOS="836" WIDTH="24" HEIGHT="21" WC="0.96" CONTENT="så"/><SP WIDTH="14" VPOS="836" HPOS="191"/>
							<String ID="string_210" HPOS="205" VPOS="842" WIDTH="64" HEIGHT="15" WC="0.95" CONTENT="anser"/><SP WIDTH="13" VPOS="842" HPOS="269"/>
							<String ID="string_211" HPOS="282" VPOS="837" WIDTH="36" HEIGHT="26" WC="0.96" CONTENT="jag"/><SP WIDTH="16" VPOS="837" HPOS="318"/>
							<String ID="string_212" HPOS="334" VPOS="838" WIDTH="32" HEIGHT="19" WC="0.93" CONTENT="att"/><SP WIDTH="22" VPOS="838" HPOS="366"/>
							<String ID="string_213" HPOS="388" VPOS="837" WIDTH="181" HEIGHT="26" WC="0.91" CONTENT="Borgareståndet"/><SP WIDTH="18" VPOS="837" HPOS="569"/>
							<String ID="string_214" HPOS="587" VPOS="836" WIDTH="85" HEIGHT="26" WC="0.96" CONTENT="likaväl,"/><SP WIDTH="17" VPOS="836" HPOS="672"/>
							<String ID="string_215" HPOS="689" VPOS="843" WIDTH="45" HEIGHT="14" WC="0.96" CONTENT="som"/><SP WIDTH="15" VPOS="843" HPOS="734"/>
							<String ID="string_216" HPOS="749" VPOS="836" WIDTH="74" HEIGHT="27" WC="0.96" CONTENT="hvarje"/><SP WIDTH="15" VPOS="836" HPOS="823"/>
							<String ID="string_217" HPOS="838" VPOS="838" WIDTH="65" HEIGHT="19" WC="0.96" CONTENT="annat"/><SP WIDTH="15" VPOS="838" HPOS="903"/>
							<String ID="string_218" HPOS="918" VPOS="836" WIDTH="74" HEIGHT="26" WC="0.95" CONTENT="Stånd,"/>
						</TextLine>
						<TextLine ID="line_24" HPOS="166" VPOS="864" WIDTH="826" HEIGHT="28">
							<String ID="string_219" HPOS="166" VPOS="864" WIDTH="41" HEIGHT="21" WC="0.96" CONTENT="bör"/><SP WIDTH="21" VPOS="864" HPOS="207"/>
							<String ID="string_220" HPOS="228" VPOS="865" WIDTH="54" HEIGHT="21" WC="0.96" CONTENT="söka"/><SP WIDTH="22" VPOS="865" HPOS="282"/>
							<String ID="string_221" HPOS="304" VPOS="871" WIDTH="23" HEIGHT="15" WC="0.95" CONTENT="se"/><SP WIDTH="23" VPOS="871" HPOS="327"/>
							<String ID="string_222" HPOS="350" VPOS="865" WIDTH="33" HEIGHT="21" WC="0.95" CONTENT="till"/><SP WIDTH="21" VPOS="865" HPOS="383"/>
							<String ID="string_223" HPOS="404" VPOS="867" WIDTH="33" HEIGHT="19" WC="0.95" CONTENT="att"/><SP WIDTH="19" VPOS="867" HPOS="437"/>
							<String ID="string_224" HPOS="456" VPOS="865" WIDTH="73" HEIGHT="26" WC="0.96" CONTENT="hvarje"/><SP WIDTH="15" VPOS="865" HPOS="529"/>
							<String ID="string_225" HPOS="544" VPOS="865" WIDTH="140" HEIGHT="27" WC="0.96" CONTENT="lagstiftning,"/><SP WIDTH="16" VPOS="865" HPOS="684"/>
							<String ID="string_226" HPOS="700" VPOS="871" WIDTH="45" HEIGHT="15" WC="0.96" CONTENT="som"/><SP WIDTH="17" VPOS="871" HPOS="745"/>
							<String ID="string_227" HPOS="762" VPOS="865" WIDTH="26" HEIGHT="22" WC="0.96" CONTENT="de"/><SP WIDTH="17" VPOS="865" HPOS="788"/>
							<String ID="string_228" HPOS="805" VPOS="865" WIDTH="83" HEIGHT="22" WC="0.96" CONTENT="besluta"/><SP WIDTH="14" VPOS="865" HPOS="888"/>
							<String ID="string_229" HPOS="902" VPOS="865" WIDTH="40" HEIGHT="26" WC="0.96" CONTENT="till,"/><SP WIDTH="15" VPOS="865" HPOS="942"/>
							<String ID="string_230" HPOS="957" VPOS="865" WIDTH="35" HEIGHT="21" WC="0.96" CONTENT="må"/>
						</TextLine>
						<TextLine ID="line_25" HPOS="167" VPOS="893" WIDTH="825" HEIGHT="28">
							<String ID="string_231" HPOS="167" VPOS="893" WIDTH="67" HEIGHT="21" WC="0.96" CONTENT="blifva"/><SP WIDTH="23" VPOS="893" HPOS="234"/>
							<String ID="string_232" HPOS="257" VPOS="893" WIDTH="24" HEIGHT="22" WC="0.96" CONTENT="så"/><SP WIDTH="22" VPOS="893" HPOS="281"/>
							<String ID="string_233" HPOS="303" VPOS="893" WIDTH="47" HEIGHT="22" WC="0.96" CONTENT="klar"/><SP WIDTH="16" VPOS="893" HPOS="350"/>
							<String ID="string_234" HPOS="366" VPOS="893" WIDTH="39" HEIGHT="22" WC="0.96" CONTENT="och"/><SP WIDTH="15" VPOS="893" HPOS="405"/>
							<String ID="string_235" HPOS="420" VPOS="893" WIDTH="67" HEIGHT="27" WC="0.95" CONTENT="tydlig"/><SP WIDTH="14" VPOS="893" HPOS="487"/>
							<String ID="string_236" HPOS="501" VPOS="896" WIDTH="34" HEIGHT="19" WC="0.96" CONTENT="att"/><SP WIDTH="15" VPOS="896" HPOS="535"/>
							<String ID="string_237" HPOS="550" VPOS="900" WIDTH="48" HEIGHT="15" WC="0.96" CONTENT="man"/><SP WIDTH="16" VPOS="900" HPOS="598"/>
							<String ID="string_238" HPOS="614" VPOS="894" WIDTH="46" HEIGHT="21" WC="0.92" CONTENT="icke"/><SP WIDTH="15" VPOS="894" HPOS="660"/>
							<String ID="string_239" HPOS="675" VPOS="893" WIDTH="103" HEIGHT="22" WC="0.92" CONTENT="behöfver"/><SP WIDTH="15" VPOS="893" HPOS="778"/>
							<String ID="string_240" HPOS="793" VPOS="895" WIDTH="76" HEIGHT="20" WC="0.96" CONTENT="stanna"/><SP WIDTH="15" VPOS="895" HPOS="869"/>
							<String ID="string_241" HPOS="884" VPOS="894" WIDTH="7" HEIGHT="20" WC="0.93" CONTENT="i"/><SP WIDTH="15" VPOS="894" HPOS="891"/>
							<String ID="string_242" HPOS="906" VPOS="893" WIDTH="86" HEIGHT="28" WC="0.92" CONTENT="tvehog-"/>
						</TextLine>
						<TextLine ID="line_26" HPOS="166" VPOS="921" WIDTH="826" HEIGHT="28">
							<String ID="string_243" HPOS="166" VPOS="921" WIDTH="76" HEIGHT="22" WC="0.91" CONTENT="senhet"/><SP WIDTH="16" VPOS="921" HPOS="242"/>
							<String ID="string_244" HPOS="258" VPOS="922" WIDTH="54" HEIGHT="21" WC="0.96" CONTENT="hvad"/><SP WIDTH="16" VPOS="922" HPOS="312"/>
							<String ID="string_245" HPOS="328" VPOS="923" WIDTH="48" HEIGHT="20" WC="0.96" CONTENT="med"/><SP WIDTH="16" VPOS="923" HPOS="376"/>
							<String ID="string_246" HPOS="392" VPOS="922" WIDTH="60" HEIGHT="27" WC="0.96" CONTENT="lagen"/><SP WIDTH="17" VPOS="922" HPOS="452"/>
							<String ID="string_247" HPOS="469" VPOS="929" WIDTH="79" HEIGHT="15" WC="0.95" CONTENT="menas."/><SP WIDTH="30" VPOS="929" HPOS="548"/>
							<String ID="string_248" HPOS="578" VPOS="922" WIDTH="34" HEIGHT="21" WC="0.93" CONTENT="Då"/><SP WIDTH="11" VPOS="922" HPOS="612"/>
							<String ID="string_249" HPOS="623" VPOS="922" WIDTH="38" HEIGHT="27" WC="0.94" CONTENT="jag"/><SP WIDTH="14" VPOS="922" HPOS="661"/>
							<String ID="string_250" HPOS="675" VPOS="923" WIDTH="85" HEIGHT="26" WC="0.96" CONTENT="yttrade"/><SP WIDTH="16" VPOS="923" HPOS="760"/>
							<String ID="string_251" HPOS="776" VPOS="922" WIDTH="43" HEIGHT="27" WC="0.96" CONTENT="mig"/><SP WIDTH="15" VPOS="922" HPOS="819"/>
							<String ID="string_252" HPOS="834" VPOS="924" WIDTH="32" HEIGHT="19" WC="0.96" CONTENT="att"/><SP WIDTH="14" VPOS="924" HPOS="866"/>
							<String ID="string_253" HPOS="880" VPOS="922" WIDTH="112" HEIGHT="21" WC="0.96" CONTENT="Utskottet"/>
						</TextLine>
						<TextLine ID="line_27" HPOS="166" VPOS="950" WIDTH="826" HEIGHT="28">
							<String ID="string_254" HPOS="166" VPOS="950" WIDTH="85" HEIGHT="21" WC="0.91" CONTENT="förfarit"/><SP WIDTH="15" VPOS="950" HPOS="251"/>
							<String ID="string_255" HPOS="266" VPOS="951" WIDTH="93" HEIGHT="26" WC="0.92" CONTENT="origtigt,"/><SP WIDTH="16" VPOS="951" HPOS="359"/>
							<String ID="string_256" HPOS="375" VPOS="951" WIDTH="71" HEIGHT="26" WC="0.96" CONTENT="utgick"/><SP WIDTH="6" VPOS="951" HPOS="446"/>
							<String ID="string_257" HPOS="452" VPOS="951" WIDTH="37" HEIGHT="27" WC="0.96" CONTENT="jag"/><SP WIDTH="8" VPOS="951" HPOS="489"/>
							<String ID="string_258" HPOS="497" VPOS="951" WIDTH="48" HEIGHT="21" WC="0.96" CONTENT="från"/><SP WIDTH="9" VPOS="951" HPOS="545"/>
							<String ID="string_259" HPOS="554" VPOS="951" WIDTH="27" HEIGHT="21" WC="0.96" CONTENT="de"/><SP WIDTH="7" VPOS="951" HPOS="581"/>
							<String ID="string_260" HPOS="588" VPOS="951" WIDTH="138" HEIGHT="27" WC="0.96" CONTENT="synpunkter,"/><SP WIDTH="8" VPOS="951" HPOS="726"/>
							<String ID="string_261" HPOS="734" VPOS="957" WIDTH="46" HEIGHT="15" WC="0.96" CONTENT="som"/><SP WIDTH="9" VPOS="957" HPOS="780"/>
							<String ID="string_262" HPOS="789" VPOS="951" WIDTH="111" HEIGHT="21" WC="0.96" CONTENT="Utskottet"/><SP WIDTH="7" VPOS="951" HPOS="900"/>
							<String ID="string_263" HPOS="907" VPOS="951" WIDTH="85" HEIGHT="21" WC="0.94" CONTENT="uttalat."/>
						</TextLine>
						<TextLine ID="line_28" HPOS="166" VPOS="978" WIDTH="826" HEIGHT="29">
							<String ID="string_264" HPOS="166" VPOS="979" WIDTH="41" HEIGHT="26" WC="0.93" CONTENT="Jag"/><SP WIDTH="23" VPOS="979" HPOS="207"/>
							<String ID="string_265" HPOS="230" VPOS="979" WIDTH="78" HEIGHT="22" WC="0.92" CONTENT="inlåter"/><SP WIDTH="21" VPOS="979" HPOS="308"/>
							<String ID="string_266" HPOS="329" VPOS="979" WIDTH="44" HEIGHT="28" WC="0.95" CONTENT="mig"/><SP WIDTH="15" VPOS="979" HPOS="373"/>
							<String ID="string_267" HPOS="388" VPOS="980" WIDTH="45" HEIGHT="21" WC="0.96" CONTENT="icke"/><SP WIDTH="23" VPOS="980" HPOS="433"/>
							<String ID="string_268" HPOS="456" VPOS="982" WIDTH="33" HEIGHT="19" WC="0.96" CONTENT="att"/><SP WIDTH="22" VPOS="982" HPOS="489"/>
							<String ID="string_269" HPOS="511" VPOS="979" WIDTH="92" HEIGHT="22" WC="0.96" CONTENT="bedöma"/><SP WIDTH="22" VPOS="979" HPOS="603"/>
							<String ID="string_270" HPOS="625" VPOS="979" WIDTH="106" HEIGHT="22" WC="0.93" CONTENT="huruvida"/><SP WIDTH="19" VPOS="979" HPOS="731"/>
							<String ID="string_271" HPOS="750" VPOS="979" WIDTH="123" HEIGHT="22" WC="0.96" CONTENT="Utskottets"/><SP WIDTH="15" VPOS="979" HPOS="873"/>
							<String ID="string_272" HPOS="888" VPOS="978" WIDTH="64" HEIGHT="23" WC="0.96" CONTENT="tanke"/><SP WIDTH="16" VPOS="978" HPOS="952"/>
							<String ID="string_273" HPOS="968" VPOS="981" WIDTH="24" HEIGHT="20" WC="0.96" CONTENT="är"/>
						</TextLine>
						<TextLine ID="line_29" HPOS="165" VPOS="1007" WIDTH="827" HEIGHT="28">
							<String ID="string_274" HPOS="165" VPOS="1007" WIDTH="67" HEIGHT="28" WC="0.96" CONTENT="rigtig"/><SP WIDTH="15" VPOS="1007" HPOS="232"/>
							<String ID="string_275" HPOS="247" VPOS="1008" WIDTH="53" HEIGHT="21" WC="0.96" CONTENT="eller"/><SP WIDTH="15" VPOS="1008" HPOS="300"/>
							<String ID="string_276" HPOS="315" VPOS="1008" WIDTH="47" HEIGHT="21" WC="0.96" CONTENT="icke"/><SP WIDTH="14" VPOS="1008" HPOS="362"/>
							<String ID="string_277" HPOS="376" VPOS="1008" WIDTH="73" HEIGHT="21" WC="0.96" CONTENT="derom"/><SP WIDTH="16" VPOS="1008" HPOS="449"/>
							<String ID="string_278" HPOS="465" VPOS="1009" WIDTH="32" HEIGHT="20" WC="0.93" CONTENT="att"/><SP WIDTH="16" VPOS="1009" HPOS="497"/>
							<String ID="string_279" HPOS="513" VPOS="1008" WIDTH="167" HEIGHT="27" WC="0.91" CONTENT="Ridderskapets"/><SP WIDTH="15" VPOS="1008" HPOS="680"/>
							<String ID="string_280" HPOS="695" VPOS="1009" WIDTH="40" HEIGHT="20" WC="0.92" CONTENT="och"/><SP WIDTH="16" VPOS="1009" HPOS="735"/>
							<String ID="string_281" HPOS="751" VPOS="1008" WIDTH="80" HEIGHT="21" WC="0.92" CONTENT="Adelns"/><SP WIDTH="15" VPOS="1008" HPOS="831"/>
							<String ID="string_282" HPOS="846" VPOS="1010" WIDTH="55" HEIGHT="19" WC="0.93" CONTENT="samt"/><SP WIDTH="8" VPOS="1010" HPOS="901"/>
							<String ID="string_283" HPOS="909" VPOS="1008" WIDTH="83" HEIGHT="22" WC="0.91" CONTENT="Preste-"/>
						</TextLine>
						<TextLine ID="line_30" HPOS="165" VPOS="1036" WIDTH="828" HEIGHT="27">
							<String ID="string_284" HPOS="165" VPOS="1036" WIDTH="98" HEIGHT="22" WC="0.91" CONTENT="ståndets"/><SP WIDTH="16" VPOS="1036" HPOS="263"/>
							<String ID="string_285" HPOS="279" VPOS="1036" WIDTH="69" HEIGHT="22" WC="0.95" CONTENT="beslut"/><SP WIDTH="15" VPOS="1036" HPOS="348"/>
							<String ID="string_286" HPOS="363" VPOS="1038" WIDTH="37" HEIGHT="20" WC="0.96" CONTENT="äro"/><SP WIDTH="16" VPOS="1038" HPOS="400"/>
							<String ID="string_287" HPOS="416" VPOS="1037" WIDTH="47" HEIGHT="21" WC="0.96" CONTENT="från"/><SP WIDTH="15" VPOS="1037" HPOS="463"/>
							<String ID="string_288" HPOS="478" VPOS="1037" WIDTH="121" HEIGHT="21" WC="0.96" CONTENT="hvarandra"/><SP WIDTH="20" VPOS="1037" HPOS="599"/>
							<String ID="string_289" HPOS="619" VPOS="1037" WIDTH="129" HEIGHT="26" WC="0.96" CONTENT="skiljaktiga,"/><SP WIDTH="16" VPOS="1037" HPOS="748"/>
							<String ID="string_290" HPOS="764" VPOS="1043" WIDTH="48" HEIGHT="15" WC="0.96" CONTENT="men"/><SP WIDTH="15" VPOS="1043" HPOS="812"/>
							<String ID="string_291" HPOS="827" VPOS="1036" WIDTH="112" HEIGHT="23" WC="0.96" CONTENT="Utskottet"/><SP WIDTH="15" VPOS="1036" HPOS="939"/>
							<String ID="string_292" HPOS="954" VPOS="1037" WIDTH="39" HEIGHT="22" WC="0.96" CONTENT="har"/>
						</TextLine>
						<TextLine ID="line_31" HPOS="165" VPOS="1065" WIDTH="827" HEIGHT="27">
							<String ID="string_293" HPOS="165" VPOS="1065" WIDTH="108" HEIGHT="27" WC="0.96" CONTENT="begagnat"/><SP WIDTH="15" VPOS="1065" HPOS="273"/>
							<String ID="string_294" HPOS="288" VPOS="1066" WIDTH="60" HEIGHT="21" WC="0.96" CONTENT="detta"/><SP WIDTH="15" VPOS="1066" HPOS="348"/>
							<String ID="string_295" HPOS="363" VPOS="1066" WIDTH="70" HEIGHT="21" WC="0.96" CONTENT="såsom"/><SP WIDTH="16" VPOS="1066" HPOS="433"/>
							<String ID="string_296" HPOS="449" VPOS="1066" WIDTH="66" HEIGHT="21" WC="0.96" CONTENT="motiv"/><SP WIDTH="16" VPOS="1066" HPOS="515"/>
							<String ID="string_297" HPOS="531" VPOS="1066" WIDTH="39" HEIGHT="21" WC="0.96" CONTENT="och"/><SP WIDTH="16" VPOS="1066" HPOS="570"/>
							<String ID="string_298" HPOS="586" VPOS="1067" WIDTH="86" HEIGHT="20" WC="0.95" CONTENT="stannat"/><SP WIDTH="15" VPOS="1067" HPOS="672"/>
							<String ID="string_299" HPOS="687" VPOS="1066" WIDTH="7" HEIGHT="21" WC="0.96" CONTENT="i"/><SP WIDTH="16" VPOS="1066" HPOS="694"/>
							<String ID="string_300" HPOS="710" VPOS="1066" WIDTH="36" HEIGHT="21" WC="0.96" CONTENT="det"/><SP WIDTH="24" VPOS="1066" HPOS="746"/>
							<String ID="string_301" HPOS="770" VPOS="1065" WIDTH="70" HEIGHT="22" WC="0.96" CONTENT="beslut"/><SP WIDTH="15" VPOS="1065" HPOS="840"/>
							<String ID="string_302" HPOS="855" VPOS="1068" WIDTH="33" HEIGHT="19" WC="0.96" CONTENT="att"/><SP WIDTH="15" VPOS="1068" HPOS="888"/>
							<String ID="string_303" HPOS="903" VPOS="1066" WIDTH="89" HEIGHT="21" WC="0.96" CONTENT="emedan"/>
						</TextLine>
						<TextLine ID="line_32" HPOS="165" VPOS="1093" WIDTH="828" HEIGHT="28">
							<String ID="string_304" HPOS="165" VPOS="1094" WIDTH="28" HEIGHT="21" WC="0.96" CONTENT="de"/><SP WIDTH="15" VPOS="1094" HPOS="193"/>
							<String ID="string_305" HPOS="208" VPOS="1095" WIDTH="37" HEIGHT="20" WC="0.93" CONTENT="äro"/><SP WIDTH="16" VPOS="1095" HPOS="245"/>
							<String ID="string_306" HPOS="261" VPOS="1094" WIDTH="113" HEIGHT="21" WC="0.92" CONTENT="afvikande"/><SP WIDTH="15" VPOS="1094" HPOS="374"/>
							<String ID="string_307" HPOS="389" VPOS="1094" WIDTH="25" HEIGHT="21" WC="0.97" CONTENT="så"/><SP WIDTH="14" VPOS="1094" HPOS="414"/>
							<String ID="string_308" HPOS="428" VPOS="1094" WIDTH="66" HEIGHT="21" WC="0.96" CONTENT="borde"/><SP WIDTH="16" VPOS="1094" HPOS="494"/>
							<String ID="string_309" HPOS="510" VPOS="1094" WIDTH="103" HEIGHT="27" WC="0.96" CONTENT="förslaget"/><SP WIDTH="15" VPOS="1094" HPOS="613"/>
							<String ID="string_310" HPOS="628" VPOS="1100" WIDTH="34" HEIGHT="15" WC="0.96" CONTENT="om"/><SP WIDTH="16" VPOS="1100" HPOS="662"/>
							<String ID="string_311" HPOS="678" VPOS="1095" WIDTH="91" HEIGHT="26" WC="0.96" CONTENT="ändring"/><SP WIDTH="10" VPOS="1095" HPOS="769"/>
							<String ID="string_312" HPOS="779" VPOS="1093" WIDTH="91" HEIGHT="22" WC="0.94" CONTENT="förfalla."/><SP WIDTH="30" VPOS="1093" HPOS="870"/>
							<String ID="string_313" HPOS="900" VPOS="1093" WIDTH="46" HEIGHT="22" WC="0.87" CONTENT="Allt"/><SP WIDTH="10" VPOS="1093" HPOS="946"/>
							<String ID="string_314" HPOS="956" VPOS="1094" WIDTH="37" HEIGHT="22" WC="0.96" CONTENT="det"/>
						</TextLine>
						<TextLine ID="line_33" HPOS="165" VPOS="1122" WIDTH="829" HEIGHT="28">
							<String ID="string_315" HPOS="165" VPOS="1128" WIDTH="46" HEIGHT="16" WC="0.96" CONTENT="som"/><SP WIDTH="15" VPOS="1128" HPOS="211"/>
							<String ID="string_316" HPOS="226" VPOS="1122" WIDTH="58" HEIGHT="22" WC="0.96" CONTENT="Herr"/><SP WIDTH="14" VPOS="1122" HPOS="284"/>
							<String ID="string_317" HPOS="298" VPOS="1123" WIDTH="125" HEIGHT="26" WC="0.96" CONTENT="Tengström"/><SP WIDTH="15" VPOS="1123" HPOS="423"/>
							<String ID="string_318" HPOS="438" VPOS="1123" WIDTH="71" HEIGHT="21" WC="0.96" CONTENT="anfört"/><SP WIDTH="14" VPOS="1123" HPOS="509"/>
							<String ID="string_319" HPOS="523" VPOS="1123" WIDTH="38" HEIGHT="22" WC="0.96" CONTENT="har"/><SP WIDTH="15" VPOS="1123" HPOS="561"/>
							<String ID="string_320" HPOS="576" VPOS="1123" WIDTH="47" HEIGHT="22" WC="0.93" CONTENT="icke"/><SP WIDTH="15" VPOS="1123" HPOS="623"/>
							<String ID="string_321" HPOS="638" VPOS="1123" WIDTH="60" HEIGHT="27" WC="0.91" CONTENT="gifvit"/><SP WIDTH="15" VPOS="1123" HPOS="698"/>
							<String ID="string_322" HPOS="713" VPOS="1123" WIDTH="43" HEIGHT="26" WC="0.96" CONTENT="mig"/><SP WIDTH="15" VPOS="1123" HPOS="756"/>
							<String ID="string_323" HPOS="771" VPOS="1123" WIDTH="66" HEIGHT="26" WC="0.96" CONTENT="något"/><SP WIDTH="14" VPOS="1123" HPOS="837"/>
							<String ID="string_324" HPOS="851" VPOS="1123" WIDTH="46" HEIGHT="21" WC="0.96" CONTENT="skäl"/><SP WIDTH="15" VPOS="1123" HPOS="897"/>
							<String ID="string_325" HPOS="912" VPOS="1123" WIDTH="33" HEIGHT="20" WC="0.96" CONTENT="till"/><SP WIDTH="15" VPOS="1123" HPOS="945"/>
							<String ID="string_326" HPOS="960" VPOS="1126" WIDTH="34" HEIGHT="18" WC="0.96" CONTENT="att"/>
						</TextLine>
						<TextLine ID="line_34" HPOS="165" VPOS="1151" WIDTH="232" HEIGHT="28">
							<String ID="string_327" HPOS="165" VPOS="1151" WIDTH="68" HEIGHT="22" WC="0.96" CONTENT="ändra"/><SP WIDTH="15" VPOS="1151" HPOS="233"/>
							<String ID="string_328" HPOS="248" VPOS="1152" WIDTH="49" HEIGHT="21" WC="0.96" CONTENT="mitt"/><SP WIDTH="14" VPOS="1152" HPOS="297"/>
							<String ID="string_329" HPOS="311" VPOS="1151" WIDTH="86" HEIGHT="28" WC="0.96" CONTENT="förslag."/>
						</TextLine>
					</TextBlock>
				</ComposedBlock>
				<ComposedBlock ID="cblock_4" HPOS="163" VPOS="1208" WIDTH="831" HEIGHT="310">
					<TextBlock ID="block_3" HPOS="163" VPOS="1208" WIDTH="831" HEIGHT="310">
						<TextLine ID="line_35" HPOS="234" VPOS="1208" WIDTH="758" HEIGHT="27">
							<String ID="string_330" HPOS="234" VPOS="1208" WIDTH="58" HEIGHT="21" WC="0.93" CONTENT="Herr"/><SP WIDTH="14" VPOS="1208" HPOS="292"/>
							<String ID="string_331" HPOS="306" VPOS="1208" WIDTH="129" HEIGHT="22" WC="0.92" CONTENT="Höckert:"/><SP WIDTH="31" VPOS="1208" HPOS="435"/>
							<String ID="string_332" HPOS="466" VPOS="1209" WIDTH="70" HEIGHT="21" WC="0.93" CONTENT="Sedan"/><SP WIDTH="21" VPOS="1209" HPOS="536"/>
							<String ID="string_333" HPOS="557" VPOS="1209" WIDTH="37" HEIGHT="26" WC="0.97" CONTENT="jag"/><SP WIDTH="22" VPOS="1209" HPOS="594"/>
							<String ID="string_334" HPOS="616" VPOS="1209" WIDTH="39" HEIGHT="21" WC="0.96" CONTENT="sist"/><SP WIDTH="15" VPOS="1209" HPOS="655"/>
							<String ID="string_335" HPOS="670" VPOS="1209" WIDTH="55" HEIGHT="21" WC="0.96" CONTENT="hade"/><SP WIDTH="17" VPOS="1209" HPOS="725"/>
							<String ID="string_336" HPOS="742" VPOS="1209" WIDTH="62" HEIGHT="20" WC="0.96" CONTENT="ordet"/><SP WIDTH="14" VPOS="1209" HPOS="804"/>
							<String ID="string_337" HPOS="818" VPOS="1209" WIDTH="41" HEIGHT="20" WC="0.96" CONTENT="har"/><SP WIDTH="11" VPOS="1209" HPOS="859"/>
							<String ID="string_338" HPOS="870" VPOS="1209" WIDTH="38" HEIGHT="26" WC="0.96" CONTENT="jag"/><SP WIDTH="14" VPOS="1209" HPOS="908"/>
							<String ID="string_339" HPOS="922" VPOS="1208" WIDTH="70" HEIGHT="22" WC="0.96" CONTENT="blifvit"/>
						</TextLine>
						<TextLine ID="line_36" HPOS="165" VPOS="1236" WIDTH="828" HEIGHT="28">
							<String ID="string_340" HPOS="165" VPOS="1236" WIDTH="86" HEIGHT="28" WC="0.96" CONTENT="upplyst"/><SP WIDTH="15" VPOS="1236" HPOS="251"/>
							<String ID="string_341" HPOS="266" VPOS="1243" WIDTH="35" HEIGHT="15" WC="0.96" CONTENT="om"/><SP WIDTH="16" VPOS="1243" HPOS="301"/>
							<String ID="string_342" HPOS="317" VPOS="1237" WIDTH="40" HEIGHT="21" WC="0.96" CONTENT="den"/><SP WIDTH="12" VPOS="1237" HPOS="357"/>
							<String ID="string_343" HPOS="369" VPOS="1237" WIDTH="91" HEIGHT="27" WC="0.96" CONTENT="mening,"/><SP WIDTH="15" VPOS="1237" HPOS="460"/>
							<String ID="string_344" HPOS="475" VPOS="1243" WIDTH="45" HEIGHT="16" WC="0.96" CONTENT="som"/><SP WIDTH="17" VPOS="1243" HPOS="520"/>
							<String ID="string_345" HPOS="537" VPOS="1237" WIDTH="111" HEIGHT="22" WC="0.96" CONTENT="Utskottet"/><SP WIDTH="15" VPOS="1237" HPOS="648"/>
							<String ID="string_346" HPOS="663" VPOS="1237" WIDTH="57" HEIGHT="22" WC="0.96" CONTENT="velat"/><SP WIDTH="15" VPOS="1237" HPOS="720"/>
							<String ID="string_347" HPOS="735" VPOS="1243" WIDTH="48" HEIGHT="15" WC="0.96" CONTENT="men"/><SP WIDTH="22" VPOS="1243" HPOS="783"/>
							<String ID="string_348" HPOS="805" VPOS="1237" WIDTH="59" HEIGHT="27" WC="0.96" CONTENT="långt"/><SP WIDTH="15" VPOS="1237" HPOS="864"/>
							<String ID="string_349" HPOS="879" VPOS="1237" WIDTH="55" HEIGHT="21" WC="0.93" CONTENT="ifrån"/><SP WIDTH="16" VPOS="1237" HPOS="934"/>
							<String ID="string_350" HPOS="950" VPOS="1237" WIDTH="43" HEIGHT="27" WC="0.91" CONTENT="lyc-"/>
						</TextLine>
						<TextLine ID="line_37" HPOS="164" VPOS="1265" WIDTH="828" HEIGHT="28">
							<String ID="string_351" HPOS="164" VPOS="1265" WIDTH="49" HEIGHT="22" WC="0.93" CONTENT="kats"/><SP WIDTH="15" VPOS="1265" HPOS="213"/>
							<String ID="string_352" HPOS="228" VPOS="1266" WIDTH="86" HEIGHT="27" WC="0.96" CONTENT="inlägga"/><SP WIDTH="14" VPOS="1266" HPOS="314"/>
							<String ID="string_353" HPOS="328" VPOS="1266" WIDTH="7" HEIGHT="21" WC="0.96" CONTENT="i"/><SP WIDTH="15" VPOS="1266" HPOS="335"/>
							<String ID="string_354" HPOS="350" VPOS="1266" WIDTH="38" HEIGHT="22" WC="0.93" CONTENT="sitt"/><SP WIDTH="14" VPOS="1266" HPOS="388"/>
							<String ID="string_355" HPOS="402" VPOS="1266" WIDTH="91" HEIGHT="26" WC="0.92" CONTENT="förslags"/><SP WIDTH="15" VPOS="1266" HPOS="493"/>
							<String ID="string_356" HPOS="508" VPOS="1272" WIDTH="75" HEIGHT="16" WC="0.96" CONTENT="senare"/><SP WIDTH="16" VPOS="1272" HPOS="583"/>
							<String ID="string_357" HPOS="599" VPOS="1266" WIDTH="40" HEIGHT="21" WC="0.95" CONTENT="del."/><SP WIDTH="24" VPOS="1266" HPOS="639"/>
							<String ID="string_358" HPOS="663" VPOS="1266" WIDTH="32" HEIGHT="21" WC="0.92" CONTENT="De"/><SP WIDTH="15" VPOS="1266" HPOS="695"/>
							<String ID="string_359" HPOS="710" VPOS="1266" WIDTH="226" HEIGHT="27" WC="0.90" CONTENT="Utskottsledamöter,"/><SP WIDTH="10" VPOS="1266" HPOS="936"/>
							<String ID="string_360" HPOS="946" VPOS="1272" WIDTH="46" HEIGHT="16" WC="0.96" CONTENT="som"/>
						</TextLine>
						<TextLine ID="line_38" HPOS="164" VPOS="1294" WIDTH="828" HEIGHT="28">
							<String ID="string_361" HPOS="164" VPOS="1296" WIDTH="69" HEIGHT="24" WC="0.96" CONTENT="yttrat"/><SP WIDTH="21" VPOS="1296" HPOS="233"/>
							<String ID="string_362" HPOS="254" VPOS="1294" WIDTH="33" HEIGHT="26" WC="0.95" CONTENT="sig"/><SP WIDTH="15" VPOS="1294" HPOS="287"/>
							<String ID="string_363" HPOS="302" VPOS="1294" WIDTH="7" HEIGHT="21" WC="0.95" CONTENT="i"/><SP WIDTH="15" VPOS="1294" HPOS="309"/>
							<String ID="string_364" HPOS="324" VPOS="1294" WIDTH="73" HEIGHT="26" WC="0.96" CONTENT="saken,"/><SP WIDTH="22" VPOS="1294" HPOS="397"/>
							<String ID="string_365" HPOS="419" VPOS="1294" WIDTH="64" HEIGHT="22" WC="0.96" CONTENT="hafva"/><SP WIDTH="21" VPOS="1294" HPOS="483"/>
							<String ID="string_366" HPOS="504" VPOS="1295" WIDTH="87" HEIGHT="27" WC="0.96" CONTENT="upplyst"/><SP WIDTH="14" VPOS="1295" HPOS="591"/>
							<String ID="string_367" HPOS="605" VPOS="1301" WIDTH="35" HEIGHT="15" WC="0.96" CONTENT="om"/><SP WIDTH="16" VPOS="1301" HPOS="640"/>
							<String ID="string_368" HPOS="656" VPOS="1297" WIDTH="32" HEIGHT="19" WC="0.96" CONTENT="att"/><SP WIDTH="15" VPOS="1297" HPOS="688"/>
							<String ID="string_369" HPOS="703" VPOS="1294" WIDTH="113" HEIGHT="22" WC="0.96" CONTENT="Utskottet"/><SP WIDTH="15" VPOS="1294" HPOS="816"/>
							<String ID="string_370" HPOS="831" VPOS="1296" WIDTH="71" HEIGHT="20" WC="0.95" CONTENT="ansett"/><SP WIDTH="15" VPOS="1296" HPOS="902"/>
							<String ID="string_371" HPOS="917" VPOS="1294" WIDTH="75" HEIGHT="28" WC="0.96" CONTENT="frågan"/>
						</TextLine>
						<TextLine ID="line_39" HPOS="165" VPOS="1322" WIDTH="829" HEIGHT="23">
							<String ID="string_372" HPOS="165" VPOS="1322" WIDTH="64" HEIGHT="22" WC="0.95" CONTENT="hafva"/><SP WIDTH="15" VPOS="1322" HPOS="229"/>
							<String ID="string_373" HPOS="244" VPOS="1322" WIDTH="89" HEIGHT="22" WC="0.95" CONTENT="förfallit"/><SP WIDTH="15" VPOS="1322" HPOS="333"/>
							<String ID="string_374" HPOS="348" VPOS="1324" WIDTH="88" HEIGHT="21" WC="0.96" CONTENT="emedan"/><SP WIDTH="15" VPOS="1324" HPOS="436"/>
							<String ID="string_375" HPOS="451" VPOS="1323" WIDTH="37" HEIGHT="21" WC="0.96" CONTENT="två"/><SP WIDTH="14" VPOS="1323" HPOS="488"/>
							<String ID="string_376" HPOS="502" VPOS="1324" WIDTH="68" HEIGHT="21" WC="0.96" CONTENT="Stånd"/><SP WIDTH="15" VPOS="1324" HPOS="570"/>
							<String ID="string_377" HPOS="585" VPOS="1325" WIDTH="87" HEIGHT="20" WC="0.96" CONTENT="stannat"/><SP WIDTH="15" VPOS="1325" HPOS="672"/>
							<String ID="string_378" HPOS="687" VPOS="1325" WIDTH="45" HEIGHT="20" WC="0.96" CONTENT="mot"/><SP WIDTH="11" VPOS="1325" HPOS="732"/>
							<String ID="string_379" HPOS="743" VPOS="1324" WIDTH="43" HEIGHT="21" WC="0.94" CONTENT="två."/><SP WIDTH="29" VPOS="1324" HPOS="786"/>
							<String ID="string_380" HPOS="815" VPOS="1324" WIDTH="44" HEIGHT="21" WC="0.94" CONTENT="Det"/><SP WIDTH="11" VPOS="1324" HPOS="859"/>
							<String ID="string_381" HPOS="870" VPOS="1325" WIDTH="58" HEIGHT="19" WC="0.96" CONTENT="rätta"/><SP WIDTH="10" VPOS="1325" HPOS="928"/>
							<String ID="string_382" HPOS="938" VPOS="1323" WIDTH="56" HEIGHT="22" WC="0.95" CONTENT="hade"/>
						</TextLine>
						<TextLine ID="line_40" HPOS="165" VPOS="1351" WIDTH="827" HEIGHT="29">
							<String ID="string_383" HPOS="165" VPOS="1351" WIDTH="28" HEIGHT="22" WC="0.96" CONTENT="då"/><SP WIDTH="15" VPOS="1351" HPOS="193"/>
							<String ID="string_384" HPOS="208" VPOS="1351" WIDTH="34" HEIGHT="21" WC="0.96" CONTENT="väl"/><SP WIDTH="16" VPOS="1351" HPOS="242"/>
							<String ID="string_385" HPOS="258" VPOS="1352" WIDTH="55" HEIGHT="20" WC="0.96" CONTENT="varit"/><SP WIDTH="15" VPOS="1352" HPOS="313"/>
							<String ID="string_386" HPOS="328" VPOS="1354" WIDTH="32" HEIGHT="19" WC="0.96" CONTENT="att"/><SP WIDTH="15" VPOS="1354" HPOS="360"/>
							<String ID="string_387" HPOS="375" VPOS="1352" WIDTH="84" HEIGHT="21" WC="0.96" CONTENT="anmäla"/><SP WIDTH="14" VPOS="1352" HPOS="459"/>
							<String ID="string_388" HPOS="473" VPOS="1354" WIDTH="33" HEIGHT="20" WC="0.96" CONTENT="att"/><SP WIDTH="14" VPOS="1354" HPOS="506"/>
							<String ID="string_389" HPOS="520" VPOS="1352" WIDTH="75" HEIGHT="28" WC="0.96" CONTENT="frågan"/><SP WIDTH="16" VPOS="1352" HPOS="595"/>
							<String ID="string_390" HPOS="611" VPOS="1352" WIDTH="96" HEIGHT="26" WC="0.96" CONTENT="förfallit,"/><SP WIDTH="11" VPOS="1352" HPOS="707"/>
							<String ID="string_391" HPOS="718" VPOS="1358" WIDTH="35" HEIGHT="16" WC="0.93" CONTENT="om"/><SP WIDTH="11" VPOS="1358" HPOS="753"/>
							<String ID="string_392" HPOS="764" VPOS="1352" WIDTH="105" HEIGHT="27" WC="0.92" CONTENT="nemligen"/><SP WIDTH="12" VPOS="1352" HPOS="869"/>
							<String ID="string_393" HPOS="881" VPOS="1351" WIDTH="111" HEIGHT="23" WC="0.96" CONTENT="Utskottet"/>
						</TextLine>
						<TextLine ID="line_41" HPOS="165" VPOS="1380" WIDTH="827" HEIGHT="28">
							<String ID="string_394" HPOS="165" VPOS="1381" WIDTH="65" HEIGHT="25" WC="0.95" CONTENT="ansåg"/><SP WIDTH="16" VPOS="1381" HPOS="230"/>
							<String ID="string_395" HPOS="246" VPOS="1386" WIDTH="27" HEIGHT="15" WC="0.96" CONTENT="en"/><SP WIDTH="15" VPOS="1386" HPOS="273"/>
							<String ID="string_396" HPOS="288" VPOS="1380" WIDTH="66" HEIGHT="22" WC="0.96" CONTENT="sådan"/><SP WIDTH="15" VPOS="1380" HPOS="354"/>
							<String ID="string_397" HPOS="369" VPOS="1380" WIDTH="98" HEIGHT="22" WC="0.95" CONTENT="anmälan"/><SP WIDTH="16" VPOS="1380" HPOS="467"/>
							<String ID="string_398" HPOS="483" VPOS="1381" WIDTH="72" HEIGHT="27" WC="0.96" CONTENT="nödig,"/><SP WIDTH="15" VPOS="1381" HPOS="555"/>
							<String ID="string_399" HPOS="570" VPOS="1387" WIDTH="48" HEIGHT="15" WC="0.96" CONTENT="men"/><SP WIDTH="16" VPOS="1387" HPOS="618"/>
							<String ID="string_400" HPOS="634" VPOS="1381" WIDTH="116" HEIGHT="27" WC="0.96" CONTENT="ingalunda"/><SP WIDTH="15" VPOS="1381" HPOS="750"/>
							<String ID="string_401" HPOS="765" VPOS="1380" WIDTH="56" HEIGHT="22" WC="0.96" CONTENT="hade"/><SP WIDTH="15" VPOS="1380" HPOS="821"/>
							<String ID="string_402" HPOS="836" VPOS="1380" WIDTH="112" HEIGHT="22" WC="0.92" CONTENT="Utskottet"/><SP WIDTH="8" VPOS="1380" HPOS="948"/>
							<String ID="string_403" HPOS="956" VPOS="1380" WIDTH="36" HEIGHT="22" WC="0.91" CONTENT="be-"/>
						</TextLine>
						<TextLine ID="line_42" HPOS="164" VPOS="1408" WIDTH="828" HEIGHT="28">
							<String ID="string_404" HPOS="164" VPOS="1408" WIDTH="49" HEIGHT="22" WC="0.92" CONTENT="höft"/><SP WIDTH="14" VPOS="1408" HPOS="213"/>
							<String ID="string_405" HPOS="227" VPOS="1408" WIDTH="114" HEIGHT="22" WC="0.85" CONTENT="hemstäiia"/><SP WIDTH="14" VPOS="1408" HPOS="341"/>
							<String ID="string_406" HPOS="355" VPOS="1408" WIDTH="106" HEIGHT="22" WC="0.93" CONTENT="huruvida"/><SP WIDTH="14" VPOS="1408" HPOS="461"/>
							<String ID="string_407" HPOS="475" VPOS="1409" WIDTH="170" HEIGHT="27" WC="0.86" CONTENT="Kidderskapets"/><SP WIDTH="9" VPOS="1409" HPOS="645"/>
							<String ID="string_408" HPOS="654" VPOS="1410" WIDTH="40" HEIGHT="21" WC="0.93" CONTENT="och"/><SP WIDTH="8" VPOS="1410" HPOS="694"/>
							<String ID="string_409" HPOS="702" VPOS="1410" WIDTH="83" HEIGHT="21" WC="0.92" CONTENT="Adelns"/><SP WIDTH="7" VPOS="1410" HPOS="785"/>
							<String ID="string_410" HPOS="792" VPOS="1411" WIDTH="58" HEIGHT="19" WC="0.93" CONTENT="samt"/><SP WIDTH="7" VPOS="1411" HPOS="850"/>
							<String ID="string_411" HPOS="857" VPOS="1409" WIDTH="135" HEIGHT="21" WC="0.91" CONTENT="Prestestån-"/>
						</TextLine>
						<TextLine ID="line_43" HPOS="165" VPOS="1437" WIDTH="827" HEIGHT="28">
							<String ID="string_412" HPOS="165" VPOS="1437" WIDTH="48" HEIGHT="22" WC="0.96" CONTENT="dets"/><SP WIDTH="22" VPOS="1437" HPOS="213"/>
							<String ID="string_413" HPOS="235" VPOS="1437" WIDTH="71" HEIGHT="21" WC="0.96" CONTENT="beslut"/><SP WIDTH="23" VPOS="1437" HPOS="306"/>
							<String ID="string_414" HPOS="329" VPOS="1438" WIDTH="55" HEIGHT="21" WC="0.93" CONTENT="hade"/><SP WIDTH="22" VPOS="1438" HPOS="384"/>
							<String ID="string_415" HPOS="406" VPOS="1438" WIDTH="93" HEIGHT="27" WC="0.90" CONTENT="förfallit,"/><SP WIDTH="16" VPOS="1438" HPOS="499"/>
							<String ID="string_416" HPOS="515" VPOS="1440" WIDTH="22" HEIGHT="25" WC="0.96" CONTENT="ty"/><SP WIDTH="15" VPOS="1440" HPOS="537"/>
							<String ID="string_417" HPOS="552" VPOS="1439" WIDTH="48" HEIGHT="21" WC="0.93" CONTENT="med"/><SP WIDTH="16" VPOS="1439" HPOS="600"/>
							<String ID="string_418" HPOS="616" VPOS="1438" WIDTH="118" HEIGHT="22" WC="0.92" CONTENT="detsamma"/><SP WIDTH="16" VPOS="1438" HPOS="734"/>
							<String ID="string_419" HPOS="750" VPOS="1438" WIDTH="112" HEIGHT="22" WC="0.91" CONTENT="Utskottet"/><SP WIDTH="14" VPOS="1438" HPOS="862"/>
							<String ID="string_420" HPOS="876" VPOS="1438" WIDTH="74" HEIGHT="27" WC="0.91" CONTENT="gjorde"/><SP WIDTH="15" VPOS="1438" HPOS="950"/>
							<String ID="string_421" HPOS="965" VPOS="1444" WIDTH="27" HEIGHT="16" WC="0.97" CONTENT="en"/>
						</TextLine>
						<TextLine ID="line_44" HPOS="165" VPOS="1465" WIDTH="827" HEIGHT="29">
							<String ID="string_422" HPOS="165" VPOS="1465" WIDTH="66" HEIGHT="22" WC="0.93" CONTENT="sädan"/><SP WIDTH="16" VPOS="1465" HPOS="231"/>
							<String ID="string_423" HPOS="247" VPOS="1465" WIDTH="136" HEIGHT="27" WC="0.92" CONTENT="hemställan,"/><SP WIDTH="23" VPOS="1465" HPOS="383"/>
							<String ID="string_424" HPOS="406" VPOS="1466" WIDTH="24" HEIGHT="22" WC="0.96" CONTENT="sä"/><SP WIDTH="15" VPOS="1466" HPOS="430"/>
							<String ID="string_425" HPOS="445" VPOS="1466" WIDTH="54" HEIGHT="22" WC="0.96" CONTENT="hade"/><SP WIDTH="16" VPOS="1466" HPOS="499"/>
							<String ID="string_426" HPOS="515" VPOS="1466" WIDTH="37" HEIGHT="22" WC="0.96" CONTENT="det"/><SP WIDTH="15" VPOS="1466" HPOS="552"/>
							<String ID="string_427" HPOS="567" VPOS="1466" WIDTH="55" HEIGHT="22" WC="0.93" CONTENT="varit"/><SP WIDTH="15" VPOS="1466" HPOS="622"/>
							<String ID="string_428" HPOS="637" VPOS="1467" WIDTH="75" HEIGHT="27" WC="0.92" CONTENT="nödigt"/><SP WIDTH="14" VPOS="1467" HPOS="712"/>
							<String ID="string_429" HPOS="726" VPOS="1468" WIDTH="34" HEIGHT="20" WC="0.93" CONTENT="att"/><SP WIDTH="14" VPOS="1468" HPOS="760"/>
							<String ID="string_430" HPOS="774" VPOS="1466" WIDTH="114" HEIGHT="22" WC="0.91" CONTENT="hemställa"/><SP WIDTH="15" VPOS="1466" HPOS="888"/>
							<String ID="string_431" HPOS="903" VPOS="1466" WIDTH="31" HEIGHT="22" WC="0.96" CONTENT="till"/><SP WIDTH="16" VPOS="1466" HPOS="934"/>
							<String ID="string_432" HPOS="950" VPOS="1466" WIDTH="42" HEIGHT="23" WC="0.96" CONTENT="alla"/>
						</TextLine>
						<TextLine ID="line_45" HPOS="163" VPOS="1494" WIDTH="829" HEIGHT="24">
							<String ID="string_433" HPOS="163" VPOS="1494" WIDTH="71" HEIGHT="22" WC="0.91" CONTENT="Ständ"/><SP WIDTH="14" VPOS="1494" HPOS="234"/>
							<String ID="string_434" HPOS="248" VPOS="1500" WIDTH="34" HEIGHT="16" WC="0.91" CONTENT="om"/><SP WIDTH="24" VPOS="1500" HPOS="282"/>
							<String ID="string_435" HPOS="306" VPOS="1495" WIDTH="46" HEIGHT="22" WC="0.91" CONTENT="icke"/><SP WIDTH="16" VPOS="1495" HPOS="352"/>
							<String ID="string_436" HPOS="368" VPOS="1494" WIDTH="42" HEIGHT="22" WC="0.93" CONTENT="alla"/><SP WIDTH="15" VPOS="1494" HPOS="410"/>
							<String ID="string_437" HPOS="425" VPOS="1495" WIDTH="106" HEIGHT="22" WC="0.91" CONTENT="Ständens"/><SP WIDTH="23" VPOS="1495" HPOS="531"/>
							<String ID="string_438" HPOS="554" VPOS="1495" WIDTH="70" HEIGHT="22" WC="0.96" CONTENT="beslut"/><SP WIDTH="15" VPOS="1495" HPOS="624"/>
							<String ID="string_439" HPOS="639" VPOS="1495" WIDTH="54" HEIGHT="22" WC="0.93" CONTENT="hade"/><SP WIDTH="14" VPOS="1495" HPOS="693"/>
							<String ID="string_440" HPOS="707" VPOS="1495" WIDTH="97" HEIGHT="22" WC="0.91" CONTENT="förfallit."/><SP WIDTH="30" VPOS="1495" HPOS="804"/>
							<String ID="string_441" HPOS="834" VPOS="1494" WIDTH="34" HEIGHT="23" WC="0.90" CONTENT="Dä"/><SP WIDTH="15" VPOS="1494" HPOS="868"/>
							<String ID="string_442" HPOS="883" VPOS="1494" WIDTH="56" HEIGHT="22" WC="0.93" CONTENT="hade"/><SP WIDTH="14" VPOS="1494" HPOS="939"/>
							<String ID="string_443" HPOS="953" VPOS="1495" WIDTH="39" HEIGHT="23" WC="0.93" CONTENT="Ut-"/>
						</TextLine>
					</TextBlock>
				</ComposedBlock>
			</PrintSpace>
		</Page>
	</Layout>
</alto>
