1078 1781
316 117 180 22 Borgareständet
507 116 58 18 1878.
590 117 14 17 4
615 116 94 17 Januari.
864 110 56 22 2697

92 193 63 16 svara
167 187 36 26 ja;
223 187 75 21 vinner
312 187 51 27 nej,
385 186 98 21 kommer
497 186 58 21 valet
577 187 34 20 att
632 185 93 27 försiggå
743 185 35 21 vid
794 185 125 27 morgonda-

92 221 52 23 gens
159 215 92 28 plenum.

161 272 76 21 Denna
258 271 132 28 proposition
413 271 128 22 besvarades
563 271 35 21 vid
614 271 85 21 anstäld
715 271 99 27 votering
829 270 47 22 med
892 271 27 21 22

90 302 27 26 ja
132 301 41 22 och
190 303 25 19 14
230 301 47 27 nej.

162 357 62 22 Valet
239 358 107 21 anstäldes
368 357 53 22 härå
444 358 48 21 med
516 357 71 22 slutna
603 358 71 21 sedlar
690 357 39 22 och
745 357 61 22 utföll
823 357 96 26 sålunda,

93 388 32 20 att
140 387 7 21 i
163 387 36 21 det
220 386 117 21 förstärkta
358 385 113 22 Utskottet
492 386 70 21 blefvo
581 387 95 21 invalde:
696 387 56 20 Herr
773 386 44 21 Lin
833 385 87 22 dblom

93 415 48 22 med
157 416 34 23 30,
206 415 56 22 Herr
285 415 115 21 Höckert
422 415 49 20 med
494 415 34 26 25,
555 415 56 21 Herr
626 415 100 27 Nybom
748 415 46 28 med
815 415 34 27 24,
864 415 57 21 Herr

93 443 129 23 Lindelöf
242 444 48 21 med
306 445 35 23 24,
357 443 55 22 Herr
428 443 118 28 Krogius
561 443 48 22 med
626 445 33 25 24,
674 443 57 22 Herr
746 443 111 27 Öhberg
872 443 48 21 med

93 473 34 26 23,
143 473 56 21 Herr
214 473 24 20 A.
255 472 148 27 Björkstén
419 472 48 21 med
483 473 34 24 21,
533 473 57 20 Herr
605 472 133 27 Lindberg
752 473 47 20 med
815 473 34 25 20,
863 472 58 21 Herr

93 501 129 22 Törnroth
240 502 47 20 med
305 503 32 23 19,
353 501 55 21 Herr
430 501 135 22 Snellman
588 501 49 22 med
660 501 26 21 19
709 501 40 22 och
771 501 56 21 Herr
842 501 78 22 Gadd

93 530 48 21 med
158 531 26 20 19
199 532 75 19 röster.

164 587 10 22 I
189 587 100 22 afseende
304 587 14 21 &
330 587 105 27 justering
457 587 110 27 upplästes
589 587 77 26 utdrag
682 593 25 15 ur
729 587 191 27 Borgareständets

95 616 108 27 protokoll
218 615 33 22 för
274 616 58 21 detta
348 616 85 26 plenum
457 616 110 27 amgäende
589 615 101 22 Ständets
708 615 71 22 beslut
794 616 39 21 och
849 616 72 26 ätgär-

95 645 38 21 der
148 645 7 21 i
170 645 113 26 anledning
306 644 23 21 af
343 647 154 19 sammansatta
515 645 55 27 Lag-
586 645 38 21 och
640 644 222 22 Ekonomiutskottets
876 644 45 27 just

95 673 133 22 behandlade
243 673 134 22 hemställan.

164 811 56 21 Herr
235 811 161 21 Talmannen
412 811 100 27 föredrog
527 818 25 15 en
569 811 46 22 frän
631 811 158 22 Sammansatta
811 810 55 27 Lag-
881 809 39 22 och

94 839 212 22 Ekonomiutskottet
327 840 126 21 ankommen
477 840 110 21 skrifvelse
609 839 25 22 af
647 840 107 27 gärdagen
777 838 144 22 innefattande

94 868 79 27 förslag
188 868 33 21 till
237 868 79 27 lydelse
332 868 32 21 för
380 868 12 29 8
410 869 25 21 13
451 875 63 15 mom.
531 870 12 19 5
559 869 6 21 i
581 869 37 21 det
633 869 23 20 af
670 868 118 21 Ständerne
801 867 120 27 handlagda

94 897 101 27 förslaget
210 897 32 21 till
257 897 125 27 förordning
397 897 111 27 angäende
523 897 135 27 näringarne.

163 948 74 21 Denna
253 948 110 22 skrifvelse
379 949 114 21 bordlades
508 948 34 22 till
557 948 169 28 morgondagens
741 948 92 27 plenum.

163 1051 79 22 Vidare
259 1052 99 27 föredrog
374 1052 54 21 Herr
443 1051 165 22 Talmannen
629 1051 32 22 till
677 1051 101 22 Ständets
792 1050 130 27 behandling

95 1080 158 21 Sammansatta
268 1080 69 22 Stats-
353 1081 40 21 och
408 1081 225 21 Ekonomiutskottets
651 1081 54 26 änyo
723 1079 85 28 afgifna,
829 1079 22 22 af
869 1079 52 22 Bor-

93 1109 140 26 gareständet
248 1109 68 22 under
331 1109 118 27 gärdagens
466 1110 86 26 plenum
568 1109 117 26 bordlagda
693 1109 135 21 betänkande
837 1108 40 21 N:o
889 1109 33 20 3a

94 1138 7 20 i
117 1137 113 27 anledning
246 1138 22 21 af
282 1138 59 21 Hans
365 1137 120 28 Kejserliga
508 1137 112 28 Majestäts
643 1137 83 26 Nädiga
742 1137 130 27 proposition
887 1136 34 21 till

94 1166 102 21 Finlands
221 1166 99 27 Ständer,
342 1167 108 26 angäende
466 1167 117 27 bevillning
599 1167 33 21 till
651 1165 206 28 fängelseväsendets
872 1165 49 21 ord-

93 1195 76 21 nande.

162 1245 67 23 Ordet
244 1246 104 27 begärdes
364 1247 74 21 härvid
455 1247 26 21 af

162 1304 56 21 Herr
256 1304 88 27 Nybom,
359 1310 45 16 som
420 1304 99 28 yttrade:
549 1304 44 22 För
607 1304 42 22 min
669 1304 34 21 del
721 1310 62 15 anser
796 1303 37 27 jag
848 1302 74 27 nödigt

93 1334 32 20 att
139 1332 189 27 Borgareständet,
345 1333 27 21 dä
386 1333 40 21 här
440 1333 117 27 föreligger
572 1335 31 19 ett
613 1335 47 25 nytt
670 1332 141 25 betänkande,
824 1331 98 27 uttryck-

93 1362 55 26 ligen
173 1361 93 22 besluter
291 1364 33 19 att
346 1361 103 22 vidblifva
473 1362 47 21 sina
542 1362 58 21 förra
620 1361 70 22 beslut
710 1360 32 22 för
757 1362 24 20 sä
796 1360 43 22 vidt
856 1360 66 27 angår

92 1389 146 28 fängelsernas
260 1390 46 22 inre
328 1390 153 26 organisation.
522 1390 66 22 Detta
612 1396 42 22 nya
677 1390 135 22 betänkande
827 1390 25 20 är
866 1388 56 22 ända

93 1418 32 21 till
141 1418 79 22 midten
236 1418 24 21 af
274 1419 65 21 femte
354 1419 60 21 sidan
428 1419 44 21 lika
489 1420 48 20 med
553 1419 36 21 det
604 1418 57 22 förra
676 1418 154 25 betänkandet;
847 1417 35 21 det
897 1418 25 20 är

93 1447 82 21 säledes
198 1454 26 14 en
247 1448 198 26 sammanställning
467 1447 23 22 af
511 1448 37 21 det
570 1448 57 21 förra
650 1448 145 21 betänkandet
817 1446 56 22 ända
888 1446 34 21 till

92 1475 81 21 midten
189 1475 22 21 af
226 1476 63 22 femte
305 1477 60 21 sidan
381 1476 40 21 och
436 1476 94 22 derefter
545 1476 66 27 nägot
625 1476 88 22 alldeles
731 1477 53 25 nytt.
815 1475 31 22 Pä
860 1474 61 22 sidan

93 1504 12 20 6
122 1504 30 22 uti
168 1504 37 22 det
220 1510 42 22 nya
278 1505 144 22 betänkandet
437 1504 63 22 heter
515 1504 48 22 det:
595 1522 10 11 ,
608 1504 112 22 Utskottet
737 1504 33 22 får
786 1504 70 26 alltså,
873 1504 48 21 med
