<?xml version="1.0" encoding="UTF-8"?>
<alto xmlns="http://www.loc.gov/standards/alto/ns-v3#" xmlns:xlink="http://www.w3.org/1999/xlink" xmlns:xsi="http://www.w3.org/2001/XMLSchema-instance" xsi:schemaLocation="http://www.loc.gov/standards/alto/ns-v3# http://www.loc.gov/alto/v3/alto-3-0.xsd">
	<Description>
		<MeasurementUnit>pixel</MeasurementUnit>
		<sourceImageInformation>
			<fileName>/tmp/tess_i1yl96q3_input.PNG</fileName>
		</sourceImageInformation>
		<OCRProcessing ID="OCR_0">
			<ocrProcessingStep>
				<processingSoftware>
					<softwareName>tesseract 5.3.4</softwareName>
				</processingSoftware>
			</ocrProcessingStep>
		</OCRProcessing>
	</Description>
	<Layout>
		<Page WIDTH="1078" HEIGHT="1781" PHYSICAL_IMG_NR="0" ID="page_0">
			<PrintSpace HPOS="0" VPOS="0" WIDTH="1078" HEIGHT="1781">
				<ComposedBlock ID="cblock_0" HPOS="318" VPOS="108" WIDTH="602" HEIGHT="24">
					<TextBlock ID="block_0" HPOS="318" VPOS="108" WIDTH="602" HEIGHT="24">
						<TextLine ID="line_0" HPOS="318" VPOS="108" WIDTH="602" HEIGHT="24">
							<String ID="string_0" HPOS="318" VPOS="110" WIDTH="182" HEIGHT="22" WC="0.91" CONTENT="Borgareståndet"/><SP WIDTH="11" VPOS="110" HPOS="500"/>
							<String ID="string_1" HPOS="511" VPOS="112" WIDTH="58" HEIGHT="18" WC="0.96" CONTENT="1878."/><SP WIDTH="20" VPOS="112" HPOS="569"/>
							<String ID="string_2" HPOS="589" VPOS="113" WIDTH="12" HEIGHT="16" WC="0.95" CONTENT="5"/><SP WIDTH="12" VPOS="113" HPOS="601"/>
							<String ID="string_3" HPOS="613" VPOS="112" WIDTH="94" HEIGHT="18" WC="0.95" CONTENT="Januari."/><SP WIDTH="157" VPOS="112" HPOS="707"/>
							<String ID="string_4" HPOS="864" VPOS="108" WIDTH="56" HEIGHT="20" WC="0.95" CONTENT="2747"/>
						</TextLine>
					</TextBlock>
				</ComposedBlock>
				<GraphicalElement ID="cblock_1" HPOS="92" VPOS="136" WIDTH="828" HEIGHT="12"></GraphicalElement >
				<ComposedBlock ID="cblock_2" HPOS="93" VPOS="180" WIDTH="827" HEIGHT="56">
					<TextBlock ID="block_1" HPOS="93" VPOS="180" WIDTH="827" HEIGHT="56">
						<TextLine ID="line_1" HPOS="93" VPOS="180" WIDTH="827" HEIGHT="29">
							<String ID="string_5" HPOS="93" VPOS="180" WIDTH="56" HEIGHT="23" WC="0.96" CONTENT="helst"/><SP WIDTH="22" VPOS="180" HPOS="149"/>
							<String ID="string_6" HPOS="171" VPOS="180" WIDTH="69" HEIGHT="22" WC="0.96" CONTENT="skulle"/><SP WIDTH="21" VPOS="180" HPOS="240"/>
							<String ID="string_7" HPOS="261" VPOS="186" WIDTH="23" HEIGHT="15" WC="0.96" CONTENT="se"/><SP WIDTH="18" VPOS="186" HPOS="284"/>
							<String ID="string_8" HPOS="302" VPOS="182" WIDTH="32" HEIGHT="20" WC="0.96" CONTENT="att"/><SP WIDTH="14" VPOS="182" HPOS="334"/>
							<String ID="string_9" HPOS="348" VPOS="180" WIDTH="72" HEIGHT="22" WC="0.96" CONTENT="kunde"/><SP WIDTH="18" VPOS="180" HPOS="420"/>
							<String ID="string_10" HPOS="438" VPOS="180" WIDTH="25" HEIGHT="21" WC="0.96" CONTENT="så"/><SP WIDTH="15" VPOS="180" HPOS="463"/>
							<String ID="string_11" HPOS="478" VPOS="180" WIDTH="85" HEIGHT="28" WC="0.96" CONTENT="mycket"/><SP WIDTH="14" VPOS="180" HPOS="563"/>
							<String ID="string_12" HPOS="577" VPOS="187" WIDTH="46" HEIGHT="15" WC="0.97" CONTENT="som"/><SP WIDTH="16" VPOS="187" HPOS="623"/>
							<String ID="string_13" HPOS="639" VPOS="180" WIDTH="82" HEIGHT="28" WC="0.95" CONTENT="möjligt"/><SP WIDTH="14" VPOS="180" HPOS="721"/>
							<String ID="string_14" HPOS="735" VPOS="181" WIDTH="114" HEIGHT="22" WC="0.96" CONTENT="förenklas."/><SP WIDTH="29" VPOS="181" HPOS="849"/>
							<String ID="string_15" HPOS="878" VPOS="181" WIDTH="42" HEIGHT="28" WC="0.96" CONTENT="Jag"/>
						</TextLine>
						<TextLine ID="line_2" HPOS="93" VPOS="209" WIDTH="468" HEIGHT="27">
							<String ID="string_16" HPOS="93" VPOS="210" WIDTH="86" HEIGHT="21" WC="0.96" CONTENT="förenar"/><SP WIDTH="14" VPOS="210" HPOS="179"/>
							<String ID="string_17" HPOS="193" VPOS="209" WIDTH="43" HEIGHT="27" WC="0.96" CONTENT="mig"/><SP WIDTH="15" VPOS="209" HPOS="236"/>
							<String ID="string_18" HPOS="251" VPOS="209" WIDTH="71" HEIGHT="21" WC="0.96" CONTENT="derför"/><SP WIDTH="14" VPOS="209" HPOS="322"/>
							<String ID="string_19" HPOS="336" VPOS="209" WIDTH="49" HEIGHT="22" WC="0.93" CONTENT="med"/><SP WIDTH="16" VPOS="209" HPOS="385"/>
							<String ID="string_20" HPOS="401" VPOS="209" WIDTH="55" HEIGHT="22" WC="0.38" CONTENT="Ilerr"/><SP WIDTH="15" VPOS="209" HPOS="456"/>
							<String ID="string_21" HPOS="471" VPOS="209" WIDTH="90" HEIGHT="22" WC="0.96" CONTENT="Kurtén."/>
						</TextLine>
					</TextBlock>
				</ComposedBlock>
				<ComposedBlock ID="cblock_3" HPOS="85" VPOS="265" WIDTH="835" HEIGHT="974">
					<TextBlock ID="block_2" HPOS="85" VPOS="265" WIDTH="835" HEIGHT="974">
						<TextLine ID="line_3" HPOS="162" VPOS="265" WIDTH="757" HEIGHT="28">
							<String ID="string_22" HPOS="162" VPOS="266" WIDTH="56" HEIGHT="21" WC="0.95" CONTENT="Herr"/><SP WIDTH="24" VPOS="266" HPOS="218"/>
							<String ID="string_23" HPOS="242" VPOS="265" WIDTH="119" HEIGHT="22" WC="0.95" CONTENT="Kurtén:"/><SP WIDTH="31" VPOS="265" HPOS="361"/>
							<String ID="string_24" HPOS="392" VPOS="266" WIDTH="44" HEIGHT="21" WC="0.96" CONTENT="Min"/><SP WIDTH="23" VPOS="266" HPOS="436"/>
							<String ID="string_25" HPOS="459" VPOS="267" WIDTH="142" HEIGHT="26" WC="0.96" CONTENT="anmärkning"/><SP WIDTH="22" VPOS="267" HPOS="601"/>
							<String ID="string_26" HPOS="623" VPOS="267" WIDTH="111" HEIGHT="26" WC="0.96" CONTENT="angående"/><SP WIDTH="24" VPOS="267" HPOS="734"/>
							<String ID="string_27" HPOS="758" VPOS="267" WIDTH="36" HEIGHT="21" WC="0.93" CONTENT="det"/><SP WIDTH="20" VPOS="267" HPOS="794"/>
							<String ID="string_28" HPOS="814" VPOS="267" WIDTH="105" HEIGHT="21" WC="0.92" CONTENT="förökade"/>
						</TextLine>
						<TextLine ID="line_4" HPOS="93" VPOS="294" WIDTH="827" HEIGHT="29">
							<String ID="string_29" HPOS="93" VPOS="295" WIDTH="85" HEIGHT="21" WC="0.96" CONTENT="arbetet"/><SP WIDTH="22" VPOS="295" HPOS="178"/>
							<String ID="string_30" HPOS="200" VPOS="294" WIDTH="70" HEIGHT="27" WC="0.96" CONTENT="gällde"/><SP WIDTH="22" VPOS="294" HPOS="270"/>
							<String ID="string_31" HPOS="292" VPOS="295" WIDTH="120" HEIGHT="27" WC="0.96" CONTENT="egentligen"/><SP WIDTH="16" VPOS="295" HPOS="412"/>
							<String ID="string_32" HPOS="428" VPOS="295" WIDTH="57" HEIGHT="22" WC="0.96" CONTENT="Herr"/><SP WIDTH="14" VPOS="295" HPOS="485"/>
							<String ID="string_33" HPOS="499" VPOS="295" WIDTH="102" HEIGHT="22" WC="0.96" CONTENT="Janssons"/><SP WIDTH="16" VPOS="295" HPOS="601"/>
							<String ID="string_34" HPOS="617" VPOS="295" WIDTH="79" HEIGHT="27" WC="0.96" CONTENT="förslag"/><SP WIDTH="15" VPOS="295" HPOS="696"/>
							<String ID="string_35" HPOS="711" VPOS="295" WIDTH="40" HEIGHT="22" WC="0.96" CONTENT="och"/><SP WIDTH="13" VPOS="295" HPOS="751"/>
							<String ID="string_36" HPOS="764" VPOS="296" WIDTH="37" HEIGHT="26" WC="0.96" CONTENT="jag"/><SP WIDTH="15" VPOS="296" HPOS="801"/>
							<String ID="string_37" HPOS="816" VPOS="298" WIDTH="45" HEIGHT="19" WC="0.96" CONTENT="tror"/><SP WIDTH="15" VPOS="298" HPOS="861"/>
							<String ID="string_38" HPOS="876" VPOS="295" WIDTH="44" HEIGHT="28" WC="0.96" CONTENT="mig"/>
						</TextLine>
						<TextLine ID="line_5" HPOS="93" VPOS="323" WIDTH="827" HEIGHT="28">
							<String ID="string_39" HPOS="93" VPOS="323" WIDTH="46" HEIGHT="21" WC="0.96" CONTENT="icke"/><SP WIDTH="21" VPOS="323" HPOS="139"/>
							<String ID="string_40" HPOS="160" VPOS="323" WIDTH="72" HEIGHT="21" WC="0.93" CONTENT="vidare"/><SP WIDTH="15" VPOS="323" HPOS="232"/>
							<String ID="string_41" HPOS="247" VPOS="323" WIDTH="91" HEIGHT="22" WC="0.92" CONTENT="behöfva"/><SP WIDTH="14" VPOS="323" HPOS="338"/>
							<String ID="string_42" HPOS="352" VPOS="324" WIDTH="87" HEIGHT="27" WC="0.91" CONTENT="utlägga"/><SP WIDTH="16" VPOS="324" HPOS="439"/>
							<String ID="string_43" HPOS="455" VPOS="323" WIDTH="59" HEIGHT="22" WC="0.92" CONTENT="hvari"/><SP WIDTH="16" VPOS="323" HPOS="514"/>
							<String ID="string_44" HPOS="530" VPOS="324" WIDTH="36" HEIGHT="21" WC="0.93" CONTENT="det"/><SP WIDTH="15" VPOS="324" HPOS="566"/>
							<String ID="string_45" HPOS="581" VPOS="324" WIDTH="103" HEIGHT="21" WC="0.92" CONTENT="förökade"/><SP WIDTH="16" VPOS="324" HPOS="684"/>
							<String ID="string_46" HPOS="700" VPOS="324" WIDTH="84" HEIGHT="21" WC="0.96" CONTENT="arbetet"/><SP WIDTH="15" VPOS="324" HPOS="784"/>
							<String ID="string_47" HPOS="799" VPOS="323" WIDTH="77" HEIGHT="27" WC="0.95" CONTENT="består,"/><SP WIDTH="16" VPOS="323" HPOS="876"/>
							<String ID="string_48" HPOS="892" VPOS="324" WIDTH="28" HEIGHT="21" WC="0.96" CONTENT="då"/>
						</TextLine>
						<TextLine ID="line_6" HPOS="93" VPOS="351" WIDTH="826" HEIGHT="28">
							<String ID="string_49" HPOS="93" VPOS="351" WIDTH="85" HEIGHT="22" WC="0.96" CONTENT="erfarne"/><SP WIDTH="22" VPOS="351" HPOS="178"/>
							<String ID="string_50" HPOS="200" VPOS="353" WIDTH="48" HEIGHT="20" WC="0.96" CONTENT="män"/><SP WIDTH="23" VPOS="353" HPOS="248"/>
							<String ID="string_51" HPOS="271" VPOS="352" WIDTH="69" HEIGHT="21" WC="0.92" CONTENT="såsom"/><SP WIDTH="23" VPOS="352" HPOS="340"/>
							<String ID="string_52" HPOS="363" VPOS="354" WIDTH="15" HEIGHT="19" WC="0.91" CONTENT="t."/><SP WIDTH="16" VPOS="354" HPOS="378"/>
							<String ID="string_53" HPOS="394" VPOS="359" WIDTH="32" HEIGHT="14" WC="0.96" CONTENT="ex."/><SP WIDTH="17" VPOS="359" HPOS="426"/>
							<String ID="string_54" HPOS="443" VPOS="352" WIDTH="56" HEIGHT="21" WC="0.93" CONTENT="Herr"/><SP WIDTH="15" VPOS="352" HPOS="499"/>
							<String ID="string_55" HPOS="514" VPOS="353" WIDTH="102" HEIGHT="26" WC="0.92" CONTENT="Ignatius,"/><SP WIDTH="16" VPOS="353" HPOS="616"/>
							<String ID="string_56" HPOS="632" VPOS="352" WIDTH="72" HEIGHT="22" WC="0.96" CONTENT="hvilka"/><SP WIDTH="16" VPOS="352" HPOS="704"/>
							<String ID="string_57" HPOS="720" VPOS="352" WIDTH="67" HEIGHT="22" WC="0.96" CONTENT="borde"/><SP WIDTH="14" VPOS="352" HPOS="787"/>
							<String ID="string_58" HPOS="801" VPOS="353" WIDTH="71" HEIGHT="21" WC="0.96" CONTENT="känna"/><SP WIDTH="14" VPOS="353" HPOS="872"/>
							<String ID="string_59" HPOS="886" VPOS="353" WIDTH="33" HEIGHT="21" WC="0.95" CONTENT="till"/>
						</TextLine>
						<TextLine ID="line_7" HPOS="93" VPOS="380" WIDTH="826" HEIGHT="29">
							<String ID="string_60" HPOS="93" VPOS="380" WIDTH="61" HEIGHT="21" WC="0.93" CONTENT="detta"/><SP WIDTH="14" VPOS="380" HPOS="154"/>
							<String ID="string_61" HPOS="168" VPOS="380" WIDTH="139" HEIGHT="26" WC="0.91" CONTENT="förbållande,"/><SP WIDTH="15" VPOS="380" HPOS="307"/>
							<String ID="string_62" HPOS="322" VPOS="381" WIDTH="64" HEIGHT="21" WC="0.93" CONTENT="hafva"/><SP WIDTH="15" VPOS="381" HPOS="386"/>
							<String ID="string_63" HPOS="401" VPOS="381" WIDTH="88" HEIGHT="22" WC="0.92" CONTENT="instämt"/><SP WIDTH="14" VPOS="381" HPOS="489"/>
							<String ID="string_64" HPOS="503" VPOS="381" WIDTH="33" HEIGHT="21" WC="0.96" CONTENT="uti"/><SP WIDTH="16" VPOS="381" HPOS="536"/>
							<String ID="string_65" HPOS="552" VPOS="381" WIDTH="49" HEIGHT="22" WC="0.96" CONTENT="mitt"/><SP WIDTH="14" VPOS="381" HPOS="601"/>
							<String ID="string_66" HPOS="615" VPOS="381" WIDTH="105" HEIGHT="28" WC="0.94" CONTENT="yttrande."/><SP WIDTH="32" VPOS="381" HPOS="720"/>
							<String ID="string_67" HPOS="752" VPOS="381" WIDTH="61" HEIGHT="21" WC="0.91" CONTENT="Hvad"/><SP WIDTH="15" VPOS="381" HPOS="813"/>
							<String ID="string_68" HPOS="828" VPOS="381" WIDTH="91" HEIGHT="22" WC="0.91" CONTENT="särkildt"/>
						</TextLine>
						<TextLine ID="line_8" HPOS="93" VPOS="408" WIDTH="825" HEIGHT="29">
							<String ID="string_69" HPOS="93" VPOS="408" WIDTH="131" HEIGHT="22" WC="0.91" CONTENT="vidkommer"/><SP WIDTH="22" VPOS="408" HPOS="224"/>
							<String ID="string_70" HPOS="246" VPOS="409" WIDTH="126" HEIGHT="27" WC="0.96" CONTENT="påståendet"/><SP WIDTH="22" VPOS="409" HPOS="372"/>
							<String ID="string_71" HPOS="394" VPOS="412" WIDTH="33" HEIGHT="19" WC="0.96" CONTENT="att"/><SP WIDTH="22" VPOS="412" HPOS="427"/>
							<String ID="string_72" HPOS="449" VPOS="416" WIDTH="26" HEIGHT="15" WC="0.96" CONTENT="en"/><SP WIDTH="23" VPOS="416" HPOS="475"/>
							<String ID="string_73" HPOS="498" VPOS="413" WIDTH="160" HEIGHT="24" WC="0.96" CONTENT="samvetsgrann"/><SP WIDTH="17" VPOS="413" HPOS="658"/>
							<String ID="string_74" HPOS="675" VPOS="410" WIDTH="97" HEIGHT="27" WC="0.96" CONTENT="taxering"/><SP WIDTH="18" VPOS="410" HPOS="772"/>
							<String ID="string_75" HPOS="790" VPOS="409" WIDTH="18" HEIGHT="27" WC="0.96" CONTENT="ej"/><SP WIDTH="16" VPOS="409" HPOS="808"/>
							<String ID="string_76" HPOS="824" VPOS="410" WIDTH="42" HEIGHT="21" WC="0.96" CONTENT="kan"/><SP WIDTH="14" VPOS="410" HPOS="866"/>
							<String ID="string_77" HPOS="880" VPOS="410" WIDTH="38" HEIGHT="21" WC="0.96" CONTENT="ske"/>
						</TextLine>
						<TextLine ID="line_9" HPOS="93" VPOS="437" WIDTH="824" HEIGHT="28">
							<String ID="string_78" HPOS="93" VPOS="443" WIDTH="35" HEIGHT="15" WC="0.96" CONTENT="om"/><SP WIDTH="15" VPOS="443" HPOS="128"/>
							<String ID="string_79" HPOS="143" VPOS="443" WIDTH="49" HEIGHT="15" WC="0.96" CONTENT="man"/><SP WIDTH="15" VPOS="443" HPOS="192"/>
							<String ID="string_80" HPOS="207" VPOS="437" WIDTH="46" HEIGHT="22" WC="0.93" CONTENT="icke"/><SP WIDTH="15" VPOS="437" HPOS="253"/>
							<String ID="string_81" HPOS="268" VPOS="440" WIDTH="82" HEIGHT="25" WC="0.91" CONTENT="uppgör"/><SP WIDTH="15" VPOS="440" HPOS="350"/>
							<String ID="string_82" HPOS="365" VPOS="438" WIDTH="117" HEIGHT="27" WC="0.96" CONTENT="beräkning"/><SP WIDTH="15" VPOS="438" HPOS="482"/>
							<String ID="string_83" HPOS="497" VPOS="439" WIDTH="54" HEIGHT="21" WC="0.93" CONTENT="efter"/><SP WIDTH="15" VPOS="439" HPOS="551"/>
							<String ID="string_84" HPOS="566" VPOS="439" WIDTH="80" HEIGHT="21" WC="0.92" CONTENT="enhvar"/><SP WIDTH="14" VPOS="439" HPOS="646"/>
							<String ID="string_85" HPOS="660" VPOS="438" WIDTH="22" HEIGHT="21" WC="0.96" CONTENT="af"/><SP WIDTH="15" VPOS="438" HPOS="682"/>
							<String ID="string_86" HPOS="697" VPOS="439" WIDTH="26" HEIGHT="21" WC="0.96" CONTENT="de"/><SP WIDTH="22" VPOS="439" HPOS="723"/>
							<String ID="string_87" HPOS="745" VPOS="438" WIDTH="69" HEIGHT="22" WC="0.93" CONTENT="skilda"/><SP WIDTH="10" VPOS="438" HPOS="814"/>
							<String ID="string_88" HPOS="824" VPOS="439" WIDTH="93" HEIGHT="24" WC="0.92" CONTENT="titlarne,"/>
						</TextLine>
						<TextLine ID="line_10" HPOS="91" VPOS="466" WIDTH="827" HEIGHT="28">
							<String ID="string_89" HPOS="91" VPOS="466" WIDTH="25" HEIGHT="21" WC="0.96" CONTENT="så"/><SP WIDTH="15" VPOS="466" HPOS="116"/>
							<String ID="string_90" HPOS="131" VPOS="466" WIDTH="38" HEIGHT="21" WC="0.96" CONTENT="ber"/><SP WIDTH="13" VPOS="466" HPOS="169"/>
							<String ID="string_91" HPOS="182" VPOS="466" WIDTH="36" HEIGHT="27" WC="0.96" CONTENT="jag"/><SP WIDTH="15" VPOS="466" HPOS="218"/>
							<String ID="string_92" HPOS="233" VPOS="468" WIDTH="32" HEIGHT="19" WC="0.96" CONTENT="att"/><SP WIDTH="15" VPOS="468" HPOS="265"/>
							<String ID="string_93" HPOS="280" VPOS="467" WIDTH="21" HEIGHT="21" WC="0.96" CONTENT="få"/><SP WIDTH="15" VPOS="467" HPOS="301"/>
							<String ID="string_94" HPOS="316" VPOS="467" WIDTH="84" HEIGHT="21" WC="0.95" CONTENT="anmäla"/><SP WIDTH="15" VPOS="467" HPOS="400"/>
							<String ID="string_95" HPOS="415" VPOS="469" WIDTH="33" HEIGHT="19" WC="0.96" CONTENT="att"/><SP WIDTH="15" VPOS="469" HPOS="448"/>
							<String ID="string_96" HPOS="463" VPOS="467" WIDTH="62" HEIGHT="21" WC="0.96" CONTENT="äfven"/><SP WIDTH="13" VPOS="467" HPOS="525"/>
							<String ID="string_97" HPOS="538" VPOS="467" WIDTH="37" HEIGHT="27" WC="0.96" CONTENT="jag"/><SP WIDTH="15" VPOS="467" HPOS="575"/>
							<String ID="string_98" HPOS="590" VPOS="467" WIDTH="63" HEIGHT="21" WC="0.96" CONTENT="suttit"/><SP WIDTH="16" VPOS="467" HPOS="653"/>
							<String ID="string_99" HPOS="669" VPOS="467" WIDTH="6" HEIGHT="20" WC="0.93" CONTENT="i"/><SP WIDTH="12" VPOS="467" HPOS="675"/>
							<String ID="string_100" HPOS="687" VPOS="467" WIDTH="231" HEIGHT="26" WC="0.92" CONTENT="bevillningskomiteer"/>
						</TextLine>
						<TextLine ID="line_11" HPOS="91" VPOS="494" WIDTH="827" HEIGHT="29">
							<String ID="string_101" HPOS="91" VPOS="494" WIDTH="41" HEIGHT="21" WC="0.96" CONTENT="och"/><SP WIDTH="15" VPOS="494" HPOS="132"/>
							<String ID="string_102" HPOS="147" VPOS="494" WIDTH="69" HEIGHT="27" WC="0.96" CONTENT="bjudit"/><SP WIDTH="14" VPOS="494" HPOS="216"/>
							<String ID="string_103" HPOS="230" VPOS="495" WIDTH="32" HEIGHT="22" WC="0.96" CONTENT="till"/><SP WIDTH="15" VPOS="495" HPOS="262"/>
							<String ID="string_104" HPOS="277" VPOS="497" WIDTH="33" HEIGHT="20" WC="0.96" CONTENT="att"/><SP WIDTH="14" VPOS="497" HPOS="310"/>
							<String ID="string_105" HPOS="324" VPOS="495" WIDTH="63" HEIGHT="22" WC="0.95" CONTENT="träffa"/><SP WIDTH="15" VPOS="495" HPOS="387"/>
							<String ID="string_106" HPOS="402" VPOS="495" WIDTH="36" HEIGHT="22" WC="0.96" CONTENT="det"/><SP WIDTH="15" VPOS="495" HPOS="438"/>
							<String ID="string_107" HPOS="453" VPOS="497" WIDTH="58" HEIGHT="20" WC="0.95" CONTENT="rätta"/><SP WIDTH="16" VPOS="497" HPOS="511"/>
							<String ID="string_108" HPOS="527" VPOS="502" WIDTH="47" HEIGHT="15" WC="0.96" CONTENT="men"/><SP WIDTH="8" VPOS="502" HPOS="574"/>
							<String ID="string_109" HPOS="582" VPOS="495" WIDTH="90" HEIGHT="22" WC="0.96" CONTENT="kommit"/><SP WIDTH="8" VPOS="495" HPOS="672"/>
							<String ID="string_110" HPOS="680" VPOS="496" WIDTH="32" HEIGHT="21" WC="0.96" CONTENT="till"/><SP WIDTH="13" VPOS="496" HPOS="712"/>
							<String ID="string_111" HPOS="725" VPOS="496" WIDTH="41" HEIGHT="21" WC="0.93" CONTENT="den"/><SP WIDTH="11" VPOS="496" HPOS="766"/>
							<String ID="string_112" HPOS="777" VPOS="495" WIDTH="141" HEIGHT="28" WC="0.91" CONTENT="öfvertygelse"/>
						</TextLine>
						<TextLine ID="line_12" HPOS="91" VPOS="523" WIDTH="827" HEIGHT="28">
							<String ID="string_113" HPOS="91" VPOS="525" WIDTH="34" HEIGHT="19" WC="0.96" CONTENT="att"/><SP WIDTH="24" VPOS="525" HPOS="125"/>
							<String ID="string_114" HPOS="149" VPOS="529" WIDTH="34" HEIGHT="15" WC="0.96" CONTENT="om"/><SP WIDTH="16" VPOS="529" HPOS="183"/>
							<String ID="string_115" HPOS="199" VPOS="523" WIDTH="34" HEIGHT="22" WC="0.93" CONTENT="för"/><SP WIDTH="15" VPOS="523" HPOS="233"/>
							<String ID="string_116" HPOS="248" VPOS="524" WIDTH="79" HEIGHT="21" WC="0.93" CONTENT="enhvar"/><SP WIDTH="14" VPOS="524" HPOS="327"/>
							<String ID="string_117" HPOS="341" VPOS="524" WIDTH="23" HEIGHT="21" WC="0.96" CONTENT="af"/><SP WIDTH="14" VPOS="524" HPOS="364"/>
							<String ID="string_118" HPOS="378" VPOS="524" WIDTH="26" HEIGHT="21" WC="0.96" CONTENT="de"/><SP WIDTH="16" VPOS="524" HPOS="404"/>
							<String ID="string_119" HPOS="420" VPOS="524" WIDTH="68" HEIGHT="21" WC="0.93" CONTENT="skilda"/><SP WIDTH="16" VPOS="524" HPOS="488"/>
							<String ID="string_120" HPOS="504" VPOS="524" WIDTH="87" HEIGHT="22" WC="0.91" CONTENT="titlarne"/><SP WIDTH="16" VPOS="524" HPOS="591"/>
							<String ID="string_121" HPOS="607" VPOS="524" WIDTH="54" HEIGHT="21" WC="0.91" CONTENT="skall"/><SP WIDTH="15" VPOS="524" HPOS="661"/>
							<String ID="string_122" HPOS="676" VPOS="526" WIDTH="106" HEIGHT="20" WC="0.91" CONTENT="omröstas"/><SP WIDTH="15" VPOS="526" HPOS="782"/>
							<String ID="string_123" HPOS="797" VPOS="524" WIDTH="54" HEIGHT="22" WC="0.96" CONTENT="huru"/><SP WIDTH="15" VPOS="524" HPOS="851"/>
							<String ID="string_124" HPOS="866" VPOS="525" WIDTH="52" HEIGHT="26" WC="0.96" CONTENT="högt"/>
						</TextLine>
						<TextLine ID="line_13" HPOS="93" VPOS="551" WIDTH="824" HEIGHT="29">
							<String ID="string_125" HPOS="93" VPOS="551" WIDTH="100" HEIGHT="28" WC="0.96" CONTENT="beloppet"/><SP WIDTH="22" VPOS="551" HPOS="193"/>
							<String ID="string_126" HPOS="215" VPOS="552" WIDTH="54" HEIGHT="21" WC="0.96" CONTENT="skall"/><SP WIDTH="22" VPOS="552" HPOS="269"/>
							<String ID="string_127" HPOS="291" VPOS="555" WIDTH="105" HEIGHT="25" WC="0.96" CONTENT="upptagas"/><SP WIDTH="18" VPOS="555" HPOS="396"/>
							<String ID="string_128" HPOS="414" VPOS="553" WIDTH="33" HEIGHT="21" WC="0.96" CONTENT="för"/><SP WIDTH="15" VPOS="553" HPOS="447"/>
							<String ID="string_129" HPOS="462" VPOS="555" WIDTH="33" HEIGHT="19" WC="0.96" CONTENT="att"/><SP WIDTH="15" VPOS="555" HPOS="495"/>
							<String ID="string_130" HPOS="510" VPOS="553" WIDTH="65" HEIGHT="21" WC="0.96" CONTENT="sedan"/><SP WIDTH="16" VPOS="553" HPOS="575"/>
							<String ID="string_131" HPOS="591" VPOS="553" WIDTH="72" HEIGHT="21" WC="0.96" CONTENT="kunna"/><SP WIDTH="15" VPOS="553" HPOS="663"/>
							<String ID="string_132" HPOS="678" VPOS="553" WIDTH="80" HEIGHT="21" WC="0.96" CONTENT="införas"/><SP WIDTH="16" VPOS="553" HPOS="758"/>
							<String ID="string_133" HPOS="774" VPOS="553" WIDTH="7" HEIGHT="21" WC="0.96" CONTENT="i"/><SP WIDTH="15" VPOS="553" HPOS="781"/>
							<String ID="string_134" HPOS="796" VPOS="553" WIDTH="121" HEIGHT="24" WC="0.96" CONTENT="kolumnen,"/>
						</TextLine>
						<TextLine ID="line_14" HPOS="93" VPOS="580" WIDTH="824" HEIGHT="28">
							<String ID="string_135" HPOS="93" VPOS="581" WIDTH="23" HEIGHT="20" WC="0.96" CONTENT="så"/><SP WIDTH="15" VPOS="581" HPOS="116"/>
							<String ID="string_136" HPOS="131" VPOS="580" WIDTH="105" HEIGHT="27" WC="0.96" CONTENT="fördröjer"/><SP WIDTH="15" VPOS="580" HPOS="236"/>
							<String ID="string_137" HPOS="251" VPOS="581" WIDTH="36" HEIGHT="22" WC="0.96" CONTENT="det"/><SP WIDTH="15" VPOS="581" HPOS="287"/>
							<String ID="string_138" HPOS="302" VPOS="581" WIDTH="90" HEIGHT="22" WC="0.96" CONTENT="arbetet."/><SP WIDTH="29" VPOS="581" HPOS="392"/>
							<String ID="string_139" HPOS="421" VPOS="581" WIDTH="42" HEIGHT="27" WC="0.96" CONTENT="Jag"/><SP WIDTH="15" VPOS="581" HPOS="463"/>
							<String ID="string_140" HPOS="478" VPOS="581" WIDTH="40" HEIGHT="22" WC="0.96" CONTENT="har"/><SP WIDTH="15" VPOS="581" HPOS="518"/>
							<String ID="string_141" HPOS="533" VPOS="581" WIDTH="62" HEIGHT="22" WC="0.95" CONTENT="suttit"/><SP WIDTH="15" VPOS="581" HPOS="595"/>
							<String ID="string_142" HPOS="610" VPOS="582" WIDTH="68" HEIGHT="21" WC="0.96" CONTENT="under"/><SP WIDTH="15" VPOS="582" HPOS="678"/>
							<String ID="string_143" HPOS="693" VPOS="583" WIDTH="53" HEIGHT="20" WC="0.96" CONTENT="nära"/><SP WIDTH="15" VPOS="583" HPOS="746"/>
							<String ID="string_144" HPOS="761" VPOS="587" WIDTH="41" HEIGHT="21" WC="0.95" CONTENT="nog"/><SP WIDTH="14" VPOS="587" HPOS="802"/>
							<String ID="string_145" HPOS="816" VPOS="581" WIDTH="49" HEIGHT="22" WC="0.96" CONTENT="hela"/><SP WIDTH="11" VPOS="581" HPOS="865"/>
							<String ID="string_146" HPOS="876" VPOS="582" WIDTH="41" HEIGHT="21" WC="0.96" CONTENT="den"/>
						</TextLine>
						<TextLine ID="line_15" HPOS="91" VPOS="609" WIDTH="827" HEIGHT="28">
							<String ID="string_147" HPOS="91" VPOS="609" WIDTH="32" HEIGHT="21" WC="0.95" CONTENT="tid"/><SP WIDTH="21" VPOS="609" HPOS="123"/>
							<String ID="string_148" HPOS="144" VPOS="609" WIDTH="37" HEIGHT="27" WC="0.96" CONTENT="jag"/><SP WIDTH="22" VPOS="609" HPOS="181"/>
							<String ID="string_149" HPOS="203" VPOS="610" WIDTH="55" HEIGHT="21" WC="0.96" CONTENT="varit"/><SP WIDTH="18" VPOS="610" HPOS="258"/>
							<String ID="string_150" HPOS="276" VPOS="610" WIDTH="91" HEIGHT="27" WC="0.96" CONTENT="köpman"/><SP WIDTH="16" VPOS="610" HPOS="367"/>
							<String ID="string_151" HPOS="383" VPOS="610" WIDTH="31" HEIGHT="21" WC="0.93" CONTENT="uti"/><SP WIDTH="14" VPOS="610" HPOS="414"/>
							<String ID="string_152" HPOS="428" VPOS="611" WIDTH="205" HEIGHT="26" WC="0.89" CONTENT="taxeringskomitén"/><SP WIDTH="17" VPOS="611" HPOS="633"/>
							<String ID="string_153" HPOS="650" VPOS="610" WIDTH="39" HEIGHT="21" WC="0.96" CONTENT="och"/><SP WIDTH="16" VPOS="610" HPOS="689"/>
							<String ID="string_154" HPOS="705" VPOS="611" WIDTH="38" HEIGHT="20" WC="0.96" CONTENT="der"/><SP WIDTH="15" VPOS="611" HPOS="743"/>
							<String ID="string_155" HPOS="758" VPOS="610" WIDTH="63" HEIGHT="21" WC="0.96" CONTENT="hafva"/><SP WIDTH="14" VPOS="610" HPOS="821"/>
							<String ID="string_156" HPOS="835" VPOS="611" WIDTH="21" HEIGHT="20" WC="0.96" CONTENT="vi"/><SP WIDTH="14" VPOS="611" HPOS="856"/>
							<String ID="string_157" HPOS="870" VPOS="610" WIDTH="48" HEIGHT="27" WC="0.96" CONTENT="gått"/>
						</TextLine>
						<TextLine ID="line_16" HPOS="92" VPOS="637" WIDTH="826" HEIGHT="28">
							<String ID="string_158" HPOS="92" VPOS="637" WIDTH="89" HEIGHT="28" WC="0.95" CONTENT="tillväga"/><SP WIDTH="22" VPOS="637" HPOS="181"/>
							<String ID="string_159" HPOS="203" VPOS="638" WIDTH="89" HEIGHT="21" WC="0.96" CONTENT="sålunda"/><SP WIDTH="22" VPOS="638" HPOS="292"/>
							<String ID="string_160" HPOS="314" VPOS="641" WIDTH="33" HEIGHT="18" WC="0.96" CONTENT="att"/><SP WIDTH="21" VPOS="641" HPOS="347"/>
							<String ID="string_161" HPOS="368" VPOS="639" WIDTH="21" HEIGHT="21" WC="0.96" CONTENT="vi"/><SP WIDTH="22" VPOS="639" HPOS="389"/>
							<String ID="string_162" HPOS="411" VPOS="639" WIDTH="100" HEIGHT="26" WC="0.96" CONTENT="upptagit"/><SP WIDTH="15" VPOS="639" HPOS="511"/>
							<String ID="string_163" HPOS="526" VPOS="639" WIDTH="26" HEIGHT="21" WC="0.96" CONTENT="de"/><SP WIDTH="21" VPOS="639" HPOS="552"/>
							<String ID="string_164" HPOS="573" VPOS="639" WIDTH="70" HEIGHT="21" WC="0.92" CONTENT="skilda"/><SP WIDTH="15" VPOS="639" HPOS="643"/>
							<String ID="string_165" HPOS="658" VPOS="639" WIDTH="87" HEIGHT="21" WC="0.92" CONTENT="titlarne"/><SP WIDTH="16" VPOS="639" HPOS="745"/>
							<String ID="string_166" HPOS="761" VPOS="639" WIDTH="39" HEIGHT="22" WC="0.96" CONTENT="och"/><SP WIDTH="15" VPOS="639" HPOS="800"/>
							<String ID="string_167" HPOS="815" VPOS="639" WIDTH="103" HEIGHT="26" WC="0.96" CONTENT="granskat"/>
						</TextLine>
						<TextLine ID="line_17" HPOS="90" VPOS="667" WIDTH="826" HEIGHT="27">
							<String ID="string_168" HPOS="90" VPOS="667" WIDTH="81" HEIGHT="20" WC="0.90" CONTENT="enhvar"/><SP WIDTH="22" VPOS="667" HPOS="171"/>
							<String ID="string_169" HPOS="193" VPOS="667" WIDTH="32" HEIGHT="21" WC="0.96" CONTENT="för"/><SP WIDTH="21" VPOS="667" HPOS="225"/>
							<String ID="string_170" HPOS="246" VPOS="667" WIDTH="43" HEIGHT="26" WC="0.96" CONTENT="sig;"/><SP WIDTH="21" VPOS="667" HPOS="289"/>
							<String ID="string_171" HPOS="310" VPOS="667" WIDTH="36" HEIGHT="27" WC="0.96" CONTENT="jag"/><SP WIDTH="22" VPOS="667" HPOS="346"/>
							<String ID="string_172" HPOS="368" VPOS="667" WIDTH="79" HEIGHT="22" WC="0.96" CONTENT="saknar"/><SP WIDTH="22" VPOS="667" HPOS="447"/>
							<String ID="string_173" HPOS="469" VPOS="667" WIDTH="83" HEIGHT="22" WC="0.96" CONTENT="således"/><SP WIDTH="15" VPOS="667" HPOS="552"/>
							<String ID="string_174" HPOS="567" VPOS="668" WIDTH="46" HEIGHT="21" WC="0.96" CONTENT="icke"/><SP WIDTH="16" VPOS="668" HPOS="613"/>
							<String ID="string_175" HPOS="629" VPOS="667" WIDTH="121" HEIGHT="22" WC="0.96" CONTENT="erfarenhet"/><SP WIDTH="15" VPOS="667" HPOS="750"/>
							<String ID="string_176" HPOS="765" VPOS="667" WIDTH="6" HEIGHT="22" WC="0.96" CONTENT="i"/><SP WIDTH="16" VPOS="667" HPOS="771"/>
							<String ID="string_177" HPOS="787" VPOS="668" WIDTH="40" HEIGHT="21" WC="0.96" CONTENT="den"/><SP WIDTH="16" VPOS="668" HPOS="827"/>
							<String ID="string_178" HPOS="843" VPOS="669" WIDTH="73" HEIGHT="25" WC="0.96" CONTENT="vägen."/>
						</TextLine>
						<TextLine ID="line_18" HPOS="90" VPOS="695" WIDTH="827" HEIGHT="28">
							<String ID="string_179" HPOS="90" VPOS="695" WIDTH="41" HEIGHT="27" WC="0.96" CONTENT="Jag"/><SP WIDTH="23" VPOS="695" HPOS="131"/>
							<String ID="string_180" HPOS="154" VPOS="695" WIDTH="39" HEIGHT="21" WC="0.96" CONTENT="har"/><SP WIDTH="20" VPOS="695" HPOS="193"/>
							<String ID="string_181" HPOS="213" VPOS="695" WIDTH="61" HEIGHT="22" WC="0.96" CONTENT="äfven"/><SP WIDTH="16" VPOS="695" HPOS="274"/>
							<String ID="string_182" HPOS="290" VPOS="697" WIDTH="62" HEIGHT="20" WC="0.96" CONTENT="suttit"/><SP WIDTH="15" VPOS="697" HPOS="352"/>
							<String ID="string_183" HPOS="367" VPOS="696" WIDTH="6" HEIGHT="21" WC="0.93" CONTENT="i"/><SP WIDTH="16" VPOS="696" HPOS="373"/>
							<String ID="string_184" HPOS="389" VPOS="696" WIDTH="232" HEIGHT="27" WC="0.92" CONTENT="bevillningskomiteer"/><SP WIDTH="19" VPOS="696" HPOS="621"/>
							<String ID="string_185" HPOS="640" VPOS="696" WIDTH="39" HEIGHT="21" WC="0.96" CONTENT="och"/><SP WIDTH="16" VPOS="696" HPOS="679"/>
							<String ID="string_186" HPOS="695" VPOS="696" WIDTH="39" HEIGHT="21" WC="0.95" CONTENT="har"/><SP WIDTH="15" VPOS="696" HPOS="734"/>
							<String ID="string_187" HPOS="749" VPOS="702" WIDTH="49" HEIGHT="15" WC="0.96" CONTENT="man"/><SP WIDTH="15" VPOS="702" HPOS="798"/>
							<String ID="string_188" HPOS="813" VPOS="696" WIDTH="47" HEIGHT="27" WC="0.93" CONTENT="gått"/><SP WIDTH="14" VPOS="696" HPOS="860"/>
							<String ID="string_189" HPOS="874" VPOS="695" WIDTH="43" HEIGHT="22" WC="0.92" CONTENT="till-"/>
						</TextLine>
						<TextLine ID="line_19" HPOS="91" VPOS="724" WIDTH="826" HEIGHT="27">
							<String ID="string_190" HPOS="91" VPOS="725" WIDTH="54" HEIGHT="25" WC="0.96" CONTENT="väga"/><SP WIDTH="22" VPOS="725" HPOS="145"/>
							<String ID="string_191" HPOS="167" VPOS="725" WIDTH="27" HEIGHT="26" WC="0.96" CONTENT="på"/><SP WIDTH="18" VPOS="725" HPOS="194"/>
							<String ID="string_192" HPOS="212" VPOS="724" WIDTH="87" HEIGHT="27" WC="0.96" CONTENT="ungefär"/><SP WIDTH="15" VPOS="724" HPOS="299"/>
							<String ID="string_193" HPOS="314" VPOS="731" WIDTH="81" HEIGHT="15" WC="0.96" CONTENT="samma"/><SP WIDTH="15" VPOS="731" HPOS="395"/>
							<String ID="string_194" HPOS="410" VPOS="727" WIDTH="50" HEIGHT="24" WC="0.96" CONTENT="sätt,"/><SP WIDTH="15" VPOS="727" HPOS="460"/>
							<String ID="string_195" HPOS="475" VPOS="731" WIDTH="48" HEIGHT="15" WC="0.96" CONTENT="men"/><SP WIDTH="17" VPOS="731" HPOS="523"/>
							<String ID="string_196" HPOS="540" VPOS="731" WIDTH="48" HEIGHT="15" WC="0.96" CONTENT="man"/><SP WIDTH="16" VPOS="731" HPOS="588"/>
							<String ID="string_197" HPOS="604" VPOS="725" WIDTH="39" HEIGHT="21" WC="0.96" CONTENT="har"/><SP WIDTH="15" VPOS="725" HPOS="643"/>
							<String ID="string_198" HPOS="658" VPOS="725" WIDTH="46" HEIGHT="21" WC="0.93" CONTENT="icke"/><SP WIDTH="16" VPOS="725" HPOS="704"/>
							<String ID="string_199" HPOS="720" VPOS="727" WIDTH="105" HEIGHT="20" WC="0.91" CONTENT="omröstat"/><SP WIDTH="15" VPOS="727" HPOS="825"/>
							<String ID="string_200" HPOS="840" VPOS="731" WIDTH="34" HEIGHT="15" WC="0.96" CONTENT="om"/><SP WIDTH="16" VPOS="731" HPOS="874"/>
							<String ID="string_201" HPOS="890" VPOS="725" WIDTH="27" HEIGHT="21" WC="0.96" CONTENT="de"/>
						</TextLine>
						<TextLine ID="line_20" HPOS="91" VPOS="752" WIDTH="826" HEIGHT="23">
							<String ID="string_202" HPOS="91" VPOS="752" WIDTH="70" HEIGHT="21" WC="0.92" CONTENT="skilda"/><SP WIDTH="15" VPOS="752" HPOS="161"/>
							<String ID="string_203" HPOS="176" VPOS="753" WIDTH="85" HEIGHT="21" WC="0.93" CONTENT="titlarne"/><SP WIDTH="15" VPOS="753" HPOS="261"/>
							<String ID="string_204" HPOS="276" VPOS="755" WIDTH="52" HEIGHT="19" WC="0.93" CONTENT="utan"/><SP WIDTH="16" VPOS="755" HPOS="328"/>
							<String ID="string_205" HPOS="344" VPOS="754" WIDTH="60" HEIGHT="21" WC="0.91" CONTENT="edast"/><SP WIDTH="16" VPOS="754" HPOS="404"/>
							<String ID="string_206" HPOS="420" VPOS="760" WIDTH="33" HEIGHT="15" WC="0.93" CONTENT="om"/><SP WIDTH="20" VPOS="760" HPOS="453"/>
							<String ID="string_207" HPOS="473" VPOS="753" WIDTH="183" HEIGHT="22" WC="0.91" CONTENT="hufvudsumman."/><SP WIDTH="31" VPOS="753" HPOS="656"/>
							<String ID="string_208" HPOS="687" VPOS="753" WIDTH="63" HEIGHT="22" WC="0.94" CONTENT="Hvad"/><SP WIDTH="14" VPOS="753" HPOS="750"/>
							<String ID="string_209" HPOS="764" VPOS="753" WIDTH="47" HEIGHT="22" WC="0.93" CONTENT="åter"/><SP WIDTH="12" VPOS="753" HPOS="811"/>
							<String ID="string_210" HPOS="823" VPOS="753" WIDTH="94" HEIGHT="21" WC="0.92" CONTENT="vidkom-"/>
						</TextLine>
						<TextLine ID="line_21" HPOS="91" VPOS="781" WIDTH="826" HEIGHT="28">
							<String ID="string_211" HPOS="91" VPOS="787" WIDTH="46" HEIGHT="15" WC="0.96" CONTENT="mer"/><SP WIDTH="22" VPOS="787" HPOS="137"/>
							<String ID="string_212" HPOS="159" VPOS="781" WIDTH="119" HEIGHT="22" WC="0.94" CONTENT="Utskottets"/><SP WIDTH="22" VPOS="781" HPOS="278"/>
							<String ID="string_213" HPOS="300" VPOS="782" WIDTH="78" HEIGHT="27" WC="0.96" CONTENT="förslag"/><SP WIDTH="14" VPOS="782" HPOS="378"/>
							<String ID="string_214" HPOS="392" VPOS="782" WIDTH="25" HEIGHT="21" WC="0.96" CONTENT="så"/><SP WIDTH="14" VPOS="782" HPOS="417"/>
							<String ID="string_215" HPOS="431" VPOS="782" WIDTH="37" HEIGHT="21" WC="0.96" CONTENT="vill"/><SP WIDTH="21" VPOS="782" HPOS="468"/>
							<String ID="string_216" HPOS="489" VPOS="782" WIDTH="38" HEIGHT="27" WC="0.96" CONTENT="jag"/><SP WIDTH="14" VPOS="782" HPOS="527"/>
							<String ID="string_217" HPOS="541" VPOS="782" WIDTH="55" HEIGHT="21" WC="0.96" CONTENT="fästa"/><SP WIDTH="15" VPOS="782" HPOS="596"/>
							<String ID="string_218" HPOS="611" VPOS="782" WIDTH="215" HEIGHT="27" WC="0.96" CONTENT="uppmärksamheten"/><SP WIDTH="16" VPOS="782" HPOS="826"/>
							<String ID="string_219" HPOS="842" VPOS="782" WIDTH="28" HEIGHT="27" WC="0.96" CONTENT="på"/><SP WIDTH="13" VPOS="782" HPOS="870"/>
							<String ID="string_220" HPOS="883" VPOS="784" WIDTH="34" HEIGHT="19" WC="0.96" CONTENT="att"/>
						</TextLine>
						<TextLine ID="line_22" HPOS="89" VPOS="809" WIDTH="827" HEIGHT="28">
							<String ID="string_221" HPOS="89" VPOS="809" WIDTH="46" HEIGHT="22" WC="0.96" CONTENT="icke"/><SP WIDTH="16" VPOS="809" HPOS="135"/>
							<String ID="string_222" HPOS="151" VPOS="816" WIDTH="37" HEIGHT="15" WC="0.96" CONTENT="ens"/><SP WIDTH="23" VPOS="816" HPOS="188"/>
							<String ID="string_223" HPOS="211" VPOS="810" WIDTH="35" HEIGHT="21" WC="0.96" CONTENT="det"/><SP WIDTH="14" VPOS="810" HPOS="246"/>
							<String ID="string_224" HPOS="260" VPOS="811" WIDTH="129" HEIGHT="21" WC="0.96" CONTENT="intressanta"/><SP WIDTH="15" VPOS="811" HPOS="389"/>
							<String ID="string_225" HPOS="404" VPOS="810" WIDTH="52" HEIGHT="22" WC="0.93" CONTENT="eller"/><SP WIDTH="15" VPOS="810" HPOS="456"/>
							<String ID="string_226" HPOS="471" VPOS="811" WIDTH="80" HEIGHT="26" WC="0.92" CONTENT="vigtiga"/><SP WIDTH="15" VPOS="811" HPOS="551"/>
							<String ID="string_227" HPOS="566" VPOS="811" WIDTH="120" HEIGHT="21" WC="0.96" CONTENT="statistiska"/><SP WIDTH="19" VPOS="811" HPOS="686"/>
							<String ID="string_228" HPOS="705" VPOS="811" WIDTH="65" HEIGHT="21" WC="0.96" CONTENT="målet"/><SP WIDTH="16" VPOS="811" HPOS="770"/>
							<String ID="string_229" HPOS="786" VPOS="811" WIDTH="41" HEIGHT="21" WC="0.96" CONTENT="kan"/><SP WIDTH="16" VPOS="811" HPOS="827"/>
							<String ID="string_230" HPOS="843" VPOS="810" WIDTH="73" HEIGHT="22" WC="0.96" CONTENT="vinnas"/>
						</TextLine>
						<TextLine ID="line_23" HPOS="90" VPOS="839" WIDTH="827" HEIGHT="27">
							<String ID="string_231" HPOS="90" VPOS="845" WIDTH="76" HEIGHT="19" WC="0.96" CONTENT="genom"/><SP WIDTH="23" VPOS="845" HPOS="166"/>
							<String ID="string_232" HPOS="189" VPOS="840" WIDTH="36" HEIGHT="20" WC="0.96" CONTENT="det"/><SP WIDTH="22" VPOS="840" HPOS="225"/>
							<String ID="string_233" HPOS="247" VPOS="839" WIDTH="78" HEIGHT="26" WC="0.96" CONTENT="förslag"/><SP WIDTH="22" VPOS="839" HPOS="325"/>
							<String ID="string_234" HPOS="347" VPOS="839" WIDTH="111" HEIGHT="22" WC="0.96" CONTENT="Utskottet"/><SP WIDTH="18" VPOS="839" HPOS="458"/>
							<String ID="string_235" HPOS="476" VPOS="839" WIDTH="121" HEIGHT="26" WC="0.96" CONTENT="framställt,"/><SP WIDTH="24" VPOS="839" HPOS="597"/>
							<String ID="string_236" HPOS="621" VPOS="839" WIDTH="86" HEIGHT="27" WC="0.96" CONTENT="sålänge"/><SP WIDTH="19" VPOS="839" HPOS="707"/>
							<String ID="string_237" HPOS="726" VPOS="840" WIDTH="36" HEIGHT="21" WC="0.96" CONTENT="det"/><SP WIDTH="16" VPOS="840" HPOS="762"/>
							<String ID="string_238" HPOS="778" VPOS="839" WIDTH="81" HEIGHT="22" WC="0.93" CONTENT="faktum"/><SP WIDTH="15" VPOS="839" HPOS="859"/>
							<String ID="string_239" HPOS="874" VPOS="839" WIDTH="43" HEIGHT="21" WC="0.92" CONTENT="exi-"/>
						</TextLine>
						<TextLine ID="line_24" HPOS="91" VPOS="867" WIDTH="826" HEIGHT="28">
							<String ID="string_240" HPOS="91" VPOS="870" WIDTH="69" HEIGHT="19" WC="0.91" CONTENT="sterar"/><SP WIDTH="19" VPOS="870" HPOS="160"/>
							<String ID="string_241" HPOS="179" VPOS="869" WIDTH="33" HEIGHT="20" WC="0.96" CONTENT="att"/><SP WIDTH="15" VPOS="869" HPOS="212"/>
							<String ID="string_242" HPOS="227" VPOS="874" WIDTH="49" HEIGHT="15" WC="0.96" CONTENT="man"/><SP WIDTH="17" VPOS="874" HPOS="276"/>
							<String ID="string_243" HPOS="293" VPOS="868" WIDTH="28" HEIGHT="27" WC="0.96" CONTENT="på"/><SP WIDTH="15" VPOS="868" HPOS="321"/>
							<String ID="string_244" HPOS="336" VPOS="875" WIDTH="25" HEIGHT="14" WC="0.95" CONTENT="en"/><SP WIDTH="16" VPOS="875" HPOS="361"/>
							<String ID="string_245" HPOS="377" VPOS="871" WIDTH="35" HEIGHT="18" WC="0.96" CONTENT="ort"/><SP WIDTH="15" VPOS="871" HPOS="412"/>
							<String ID="string_246" HPOS="427" VPOS="868" WIDTH="110" HEIGHT="21" WC="0.96" CONTENT="beskattas"/><SP WIDTH="16" VPOS="868" HPOS="537"/>
							<String ID="string_247" HPOS="553" VPOS="869" WIDTH="33" HEIGHT="20" WC="0.96" CONTENT="för"/><SP WIDTH="15" VPOS="869" HPOS="586"/>
							<String ID="string_248" HPOS="601" VPOS="867" WIDTH="28" HEIGHT="22" WC="0.96" CONTENT="all"/><SP WIDTH="15" VPOS="867" HPOS="629"/>
							<String ID="string_249" HPOS="644" VPOS="868" WIDTH="32" HEIGHT="21" WC="0.96" CONTENT="sin"/><SP WIDTH="15" VPOS="868" HPOS="676"/>
							<String ID="string_250" HPOS="691" VPOS="868" WIDTH="100" HEIGHT="26" WC="0.95" CONTENT="inkomst,"/><SP WIDTH="14" VPOS="868" HPOS="791"/>
							<String ID="string_251" HPOS="805" VPOS="867" WIDTH="63" HEIGHT="22" WC="0.96" CONTENT="äfven"/><SP WIDTH="15" VPOS="867" HPOS="868"/>
							<String ID="string_252" HPOS="883" VPOS="867" WIDTH="34" HEIGHT="22" WC="0.96" CONTENT="för"/>
						</TextLine>
						<TextLine ID="line_25" HPOS="91" VPOS="896" WIDTH="825" HEIGHT="26">
							<String ID="string_253" HPOS="91" VPOS="897" WIDTH="102" HEIGHT="25" WC="0.95" CONTENT="egendom"/><SP WIDTH="23" VPOS="897" HPOS="193"/>
							<String ID="string_254" HPOS="216" VPOS="896" WIDTH="52" HEIGHT="22" WC="0.95" CONTENT="eller"/><SP WIDTH="20" VPOS="896" HPOS="268"/>
							<String ID="string_255" HPOS="288" VPOS="897" WIDTH="57" HEIGHT="20" WC="0.96" CONTENT="vinst"/><SP WIDTH="21" VPOS="897" HPOS="345"/>
							<String ID="string_256" HPOS="366" VPOS="903" WIDTH="46" HEIGHT="15" WC="0.96" CONTENT="som"/><SP WIDTH="17" VPOS="903" HPOS="412"/>
							<String ID="string_257" HPOS="429" VPOS="903" WIDTH="49" HEIGHT="14" WC="0.95" CONTENT="man"/><SP WIDTH="16" VPOS="903" HPOS="478"/>
							<String ID="string_258" HPOS="494" VPOS="897" WIDTH="47" HEIGHT="20" WC="0.95" CONTENT="haft"/><SP WIDTH="15" VPOS="897" HPOS="541"/>
							<String ID="string_259" HPOS="556" VPOS="897" WIDTH="47" HEIGHT="21" WC="0.96" CONTENT="från"/><SP WIDTH="16" VPOS="897" HPOS="603"/>
							<String ID="string_260" HPOS="619" VPOS="897" WIDTH="67" HEIGHT="21" WC="0.96" CONTENT="andra"/><SP WIDTH="14" VPOS="897" HPOS="686"/>
							<String ID="string_261" HPOS="700" VPOS="899" WIDTH="65" HEIGHT="19" WC="0.94" CONTENT="orter."/><SP WIDTH="31" VPOS="899" HPOS="765"/>
							<String ID="string_262" HPOS="796" VPOS="896" WIDTH="39" HEIGHT="21" WC="0.93" CONTENT="Om"/><SP WIDTH="18" VPOS="896" HPOS="835"/>
							<String ID="string_263" HPOS="853" VPOS="899" WIDTH="15" HEIGHT="18" WC="0.92" CONTENT="t."/><SP WIDTH="16" VPOS="899" HPOS="868"/>
							<String ID="string_264" HPOS="884" VPOS="902" WIDTH="32" HEIGHT="15" WC="0.96" CONTENT="ex."/>
						</TextLine>
						<TextLine ID="line_26" HPOS="88" VPOS="925" WIDTH="829" HEIGHT="27">
							<String ID="string_265" HPOS="88" VPOS="931" WIDTH="27" HEIGHT="14" WC="0.96" CONTENT="en"/><SP WIDTH="16" VPOS="931" HPOS="115"/>
							<String ID="string_266" HPOS="131" VPOS="931" WIDTH="84" HEIGHT="21" WC="0.96" CONTENT="person,"/><SP WIDTH="15" VPOS="931" HPOS="215"/>
							<String ID="string_267" HPOS="230" VPOS="931" WIDTH="26" HEIGHT="21" WC="0.93" CONTENT="en"/><SP WIDTH="15" VPOS="931" HPOS="256"/>
							<String ID="string_268" HPOS="271" VPOS="925" WIDTH="126" HEIGHT="27" WC="0.92" CONTENT="tjensteman"/><SP WIDTH="11" VPOS="925" HPOS="397"/>
							<String ID="string_269" HPOS="408" VPOS="925" WIDTH="7" HEIGHT="21" WC="0.96" CONTENT="i"/><SP WIDTH="11" VPOS="925" HPOS="415"/>
							<String ID="string_270" HPOS="426" VPOS="925" WIDTH="138" HEIGHT="27" WC="0.96" CONTENT="Helsingfors,"/><SP WIDTH="13" VPOS="925" HPOS="564"/>
							<String ID="string_271" HPOS="577" VPOS="931" WIDTH="50" HEIGHT="21" WC="0.96" CONTENT="eger"/><SP WIDTH="14" VPOS="931" HPOS="627"/>
							<String ID="string_272" HPOS="641" VPOS="925" WIDTH="55" HEIGHT="22" WC="0.96" CONTENT="bruk"/><SP WIDTH="15" VPOS="925" HPOS="696"/>
							<String ID="string_273" HPOS="711" VPOS="925" WIDTH="32" HEIGHT="22" WC="0.96" CONTENT="uti"/><SP WIDTH="11" VPOS="925" HPOS="743"/>
							<String ID="string_274" HPOS="754" VPOS="925" WIDTH="95" HEIGHT="26" WC="0.91" CONTENT="Savolax,"/><SP WIDTH="8" VPOS="925" HPOS="849"/>
							<String ID="string_275" HPOS="857" VPOS="925" WIDTH="60" HEIGHT="26" WC="0.91" CONTENT="jord-"/>
						</TextLine>
						<TextLine ID="line_27" HPOS="89" VPOS="953" WIDTH="828" HEIGHT="28">
							<String ID="string_276" HPOS="89" VPOS="954" WIDTH="104" HEIGHT="26" WC="0.96" CONTENT="egendom"/><SP WIDTH="15" VPOS="954" HPOS="193"/>
							<String ID="string_277" HPOS="208" VPOS="953" WIDTH="7" HEIGHT="21" WC="0.96" CONTENT="i"/><SP WIDTH="15" VPOS="953" HPOS="215"/>
							<String ID="string_278" HPOS="230" VPOS="953" WIDTH="137" HEIGHT="22" WC="0.93" CONTENT="Österbotten"/><SP WIDTH="16" VPOS="953" HPOS="367"/>
							<String ID="string_279" HPOS="383" VPOS="960" WIDTH="19" HEIGHT="15" WC="0.93" CONTENT="o."/><SP WIDTH="16" VPOS="960" HPOS="402"/>
							<String ID="string_280" HPOS="418" VPOS="960" WIDTH="16" HEIGHT="15" WC="0.96" CONTENT="s."/><SP WIDTH="17" VPOS="960" HPOS="434"/>
							<String ID="string_281" HPOS="451" VPOS="960" WIDTH="19" HEIGHT="15" WC="0.96" CONTENT="v."/><SP WIDTH="17" VPOS="960" HPOS="470"/>
							<String ID="string_282" HPOS="487" VPOS="954" WIDTH="40" HEIGHT="21" WC="0.96" CONTENT="och"/><SP WIDTH="15" VPOS="954" HPOS="527"/>
							<String ID="string_283" HPOS="542" VPOS="953" WIDTH="33" HEIGHT="22" WC="0.96" CONTENT="för"/><SP WIDTH="10" VPOS="953" HPOS="575"/>
							<String ID="string_284" HPOS="585" VPOS="954" WIDTH="38" HEIGHT="21" WC="0.96" CONTENT="allt"/><SP WIDTH="12" VPOS="954" HPOS="623"/>
							<String ID="string_285" HPOS="635" VPOS="954" WIDTH="60" HEIGHT="21" WC="0.93" CONTENT="detta"/><SP WIDTH="11" VPOS="954" HPOS="695"/>
							<String ID="string_286" HPOS="706" VPOS="956" WIDTH="84" HEIGHT="19" WC="0.93" CONTENT="taxeras"/><SP WIDTH="10" VPOS="956" HPOS="790"/>
							<String ID="string_287" HPOS="800" VPOS="954" WIDTH="7" HEIGHT="21" WC="0.93" CONTENT="i"/><SP WIDTH="12" VPOS="954" HPOS="807"/>
							<String ID="string_288" HPOS="819" VPOS="953" WIDTH="98" HEIGHT="28" WC="0.93" CONTENT="Helsing-"/>
						</TextLine>
						<TextLine ID="line_28" HPOS="89" VPOS="981" WIDTH="826" HEIGHT="29">
							<String ID="string_289" HPOS="89" VPOS="981" WIDTH="45" HEIGHT="22" WC="0.96" CONTENT="fors"/><SP WIDTH="15" VPOS="981" HPOS="134"/>
							<String ID="string_290" HPOS="149" VPOS="982" WIDTH="41" HEIGHT="21" WC="0.96" CONTENT="och"/><SP WIDTH="15" VPOS="982" HPOS="190"/>
							<String ID="string_291" HPOS="205" VPOS="982" WIDTH="100" HEIGHT="27" WC="0.93" CONTENT="beloppet"/><SP WIDTH="15" VPOS="982" HPOS="305"/>
							<String ID="string_292" HPOS="320" VPOS="982" WIDTH="78" HEIGHT="22" WC="0.92" CONTENT="införes"/><SP WIDTH="15" VPOS="982" HPOS="398"/>
							<String ID="string_293" HPOS="413" VPOS="983" WIDTH="68" HEIGHT="21" WC="0.93" CONTENT="under"/><SP WIDTH="15" VPOS="983" HPOS="481"/>
							<String ID="string_294" HPOS="496" VPOS="983" WIDTH="70" HEIGHT="21" WC="0.90" CONTENT="skilda"/><SP WIDTH="15" VPOS="983" HPOS="566"/>
							<String ID="string_295" HPOS="581" VPOS="983" WIDTH="113" HEIGHT="21" WC="0.91" CONTENT="samhälls-"/><SP WIDTH="16" VPOS="983" HPOS="694"/>
							<String ID="string_296" HPOS="710" VPOS="983" WIDTH="39" HEIGHT="21" WC="0.93" CONTENT="och"/><SP WIDTH="15" VPOS="983" HPOS="749"/>
							<String ID="string_297" HPOS="764" VPOS="982" WIDTH="151" HEIGHT="28" WC="0.92" CONTENT="yrkesklasser,"/>
						</TextLine>
						<TextLine ID="line_29" HPOS="88" VPOS="1010" WIDTH="827" HEIGHT="29">
							<String ID="string_298" HPOS="88" VPOS="1010" WIDTH="25" HEIGHT="21" WC="0.95" CONTENT="sä"/><SP WIDTH="22" VPOS="1010" HPOS="113"/>
							<String ID="string_299" HPOS="135" VPOS="1010" WIDTH="42" HEIGHT="21" WC="0.96" CONTENT="blir"/><SP WIDTH="22" VPOS="1010" HPOS="177"/>
							<String ID="string_300" HPOS="199" VPOS="1010" WIDTH="41" HEIGHT="21" WC="0.93" CONTENT="han"/><SP WIDTH="24" VPOS="1010" HPOS="240"/>
							<String ID="string_301" HPOS="264" VPOS="1011" WIDTH="134" HEIGHT="28" WC="0.95" CONTENT="naturligtvis"/><SP WIDTH="23" VPOS="1011" HPOS="398"/>
							<String ID="string_302" HPOS="421" VPOS="1011" WIDTH="6" HEIGHT="21" WC="0.96" CONTENT="i"/><SP WIDTH="23" VPOS="1011" HPOS="427"/>
							<String ID="string_303" HPOS="450" VPOS="1011" WIDTH="133" HEIGHT="26" WC="0.96" CONTENT="Helsingfors"/><SP WIDTH="22" VPOS="1011" HPOS="583"/>
							<String ID="string_304" HPOS="605" VPOS="1017" WIDTH="44" HEIGHT="16" WC="0.93" CONTENT="som"/><SP WIDTH="17" VPOS="1017" HPOS="649"/>
							<String ID="string_305" HPOS="666" VPOS="1011" WIDTH="128" HEIGHT="27" WC="0.92" CONTENT="tjensteman"/><SP WIDTH="15" VPOS="1011" HPOS="794"/>
							<String ID="string_306" HPOS="809" VPOS="1014" WIDTH="106" HEIGHT="24" WC="0.96" CONTENT="upptagen"/>
						</TextLine>
						<TextLine ID="line_30" HPOS="90" VPOS="1039" WIDTH="826" HEIGHT="28">
							<String ID="string_307" HPOS="90" VPOS="1039" WIDTH="48" HEIGHT="22" WC="0.96" CONTENT="med"/><SP WIDTH="20" VPOS="1039" HPOS="138"/>
							<String ID="string_308" HPOS="158" VPOS="1039" WIDTH="48" HEIGHT="22" WC="0.96" CONTENT="hela"/><SP WIDTH="14" VPOS="1039" HPOS="206"/>
							<String ID="string_309" HPOS="220" VPOS="1039" WIDTH="33" HEIGHT="21" WC="0.93" CONTENT="sin"/><SP WIDTH="15" VPOS="1039" HPOS="253"/>
							<String ID="string_310" HPOS="268" VPOS="1040" WIDTH="93" HEIGHT="21" WC="0.96" CONTENT="inkomst"/><SP WIDTH="15" VPOS="1040" HPOS="361"/>
							<String ID="string_311" HPOS="376" VPOS="1040" WIDTH="46" HEIGHT="21" WC="0.96" CONTENT="från"/><SP WIDTH="20" VPOS="1040" HPOS="422"/>
							<String ID="string_312" HPOS="442" VPOS="1040" WIDTH="27" HEIGHT="21" WC="0.96" CONTENT="de"/><SP WIDTH="16" VPOS="1040" HPOS="469"/>
							<String ID="string_313" HPOS="485" VPOS="1040" WIDTH="57" HEIGHT="21" WC="0.93" CONTENT="olika"/><SP WIDTH="15" VPOS="1040" HPOS="542"/>
							<String ID="string_314" HPOS="557" VPOS="1040" WIDTH="66" HEIGHT="27" WC="0.96" CONTENT="yrken"/><SP WIDTH="15" VPOS="1040" HPOS="623"/>
							<String ID="string_315" HPOS="638" VPOS="1040" WIDTH="42" HEIGHT="21" WC="0.93" CONTENT="han"/><SP WIDTH="15" VPOS="1040" HPOS="680"/>
							<String ID="string_316" HPOS="695" VPOS="1039" WIDTH="113" HEIGHT="22" WC="0.92" CONTENT="bedrifver."/><SP WIDTH="30" VPOS="1039" HPOS="808"/>
							<String ID="string_317" HPOS="838" VPOS="1039" WIDTH="11" HEIGHT="22" WC="0.91" CONTENT="I"/><SP WIDTH="15" VPOS="1039" HPOS="849"/>
							<String ID="string_318" HPOS="864" VPOS="1039" WIDTH="52" HEIGHT="21" WC="0.92" CONTENT="Hel-"/>
						</TextLine>
						<TextLine ID="line_31" HPOS="89" VPOS="1067" WIDTH="826" HEIGHT="29">
							<String ID="string_319" HPOS="89" VPOS="1067" WIDTH="92" HEIGHT="28" WC="0.93" CONTENT="singfors"/><SP WIDTH="22" VPOS="1067" HPOS="181"/>
							<String ID="string_320" HPOS="203" VPOS="1068" WIDTH="106" HEIGHT="28" WC="0.92" CONTENT="bedrifver"/><SP WIDTH="15" VPOS="1068" HPOS="309"/>
							<String ID="string_321" HPOS="324" VPOS="1069" WIDTH="42" HEIGHT="21" WC="0.93" CONTENT="han"/><SP WIDTH="16" VPOS="1069" HPOS="366"/>
							<String ID="string_322" HPOS="382" VPOS="1069" WIDTH="226" HEIGHT="26" WC="0.92" CONTENT="tjenstemannayrket,"/><SP WIDTH="16" VPOS="1069" HPOS="608"/>
							<String ID="string_323" HPOS="624" VPOS="1068" WIDTH="6" HEIGHT="21" WC="0.96" CONTENT="i"/><SP WIDTH="16" VPOS="1068" HPOS="630"/>
							<String ID="string_324" HPOS="646" VPOS="1069" WIDTH="92" HEIGHT="21" WC="0.93" CONTENT="Savolax"/><SP WIDTH="15" VPOS="1069" HPOS="738"/>
							<String ID="string_325" HPOS="753" VPOS="1068" WIDTH="106" HEIGHT="21" WC="0.92" CONTENT="bedrifver"/><SP WIDTH="13" VPOS="1068" HPOS="859"/>
							<String ID="string_326" HPOS="872" VPOS="1068" WIDTH="43" HEIGHT="21" WC="0.97" CONTENT="han"/>
						</TextLine>
						<TextLine ID="line_32" HPOS="89" VPOS="1096" WIDTH="827" HEIGHT="27">
							<String ID="string_327" HPOS="89" VPOS="1096" WIDTH="125" HEIGHT="27" WC="0.96" CONTENT="bergsbruk,"/><SP WIDTH="22" VPOS="1096" HPOS="214"/>
							<String ID="string_328" HPOS="236" VPOS="1097" WIDTH="6" HEIGHT="20" WC="0.96" CONTENT="i"/><SP WIDTH="22" VPOS="1097" HPOS="242"/>
							<String ID="string_329" HPOS="264" VPOS="1097" WIDTH="138" HEIGHT="22" WC="0.96" CONTENT="Österbotten"/><SP WIDTH="20" VPOS="1097" HPOS="402"/>
							<String ID="string_330" HPOS="422" VPOS="1097" WIDTH="107" HEIGHT="26" WC="0.95" CONTENT="jordbruk"/><SP WIDTH="22" VPOS="1097" HPOS="529"/>
							<String ID="string_331" HPOS="551" VPOS="1097" WIDTH="39" HEIGHT="22" WC="0.96" CONTENT="och"/><SP WIDTH="24" VPOS="1097" HPOS="590"/>
							<String ID="string_332" HPOS="614" VPOS="1103" WIDTH="33" HEIGHT="15" WC="0.89" CONTENT="om"/><SP WIDTH="25" VPOS="1103" HPOS="647"/>
							<String ID="string_333" HPOS="672" VPOS="1097" WIDTH="46" HEIGHT="21" WC="0.96" CONTENT="icke"/><SP WIDTH="15" VPOS="1097" HPOS="718"/>
							<String ID="string_334" HPOS="733" VPOS="1097" WIDTH="39" HEIGHT="21" WC="0.97" CONTENT="allt"/><SP WIDTH="16" VPOS="1097" HPOS="772"/>
							<String ID="string_335" HPOS="788" VPOS="1097" WIDTH="59" HEIGHT="21" WC="0.96" CONTENT="detta"/><SP WIDTH="13" VPOS="1097" HPOS="847"/>
							<String ID="string_336" HPOS="860" VPOS="1096" WIDTH="56" HEIGHT="21" WC="0.96" CONTENT="skall"/>
						</TextLine>
						<TextLine ID="line_33" HPOS="89" VPOS="1125" WIDTH="826" HEIGHT="28">
							<String ID="string_337" HPOS="89" VPOS="1125" WIDTH="80" HEIGHT="22" WC="0.96" CONTENT="införas"/><SP WIDTH="18" VPOS="1125" HPOS="169"/>
							<String ID="string_338" HPOS="187" VPOS="1125" WIDTH="7" HEIGHT="21" WC="0.93" CONTENT="i"/><SP WIDTH="15" VPOS="1125" HPOS="194"/>
							<String ID="string_339" HPOS="209" VPOS="1125" WIDTH="69" HEIGHT="22" WC="0.92" CONTENT="skilda"/><SP WIDTH="14" VPOS="1125" HPOS="278"/>
							<String ID="string_340" HPOS="292" VPOS="1125" WIDTH="112" HEIGHT="22" WC="0.92" CONTENT="kolumner"/><SP WIDTH="14" VPOS="1125" HPOS="404"/>
							<String ID="string_341" HPOS="418" VPOS="1126" WIDTH="34" HEIGHT="21" WC="0.96" CONTENT="för"/><SP WIDTH="15" VPOS="1126" HPOS="452"/>
							<String ID="string_342" HPOS="467" VPOS="1132" WIDTH="27" HEIGHT="15" WC="0.93" CONTENT="en"/><SP WIDTH="16" VPOS="1132" HPOS="494"/>
							<String ID="string_343" HPOS="510" VPOS="1126" WIDTH="52" HEIGHT="21" WC="0.92" CONTENT="hvar"/><SP WIDTH="15" VPOS="1126" HPOS="562"/>
							<String ID="string_344" HPOS="577" VPOS="1125" WIDTH="22" HEIGHT="22" WC="0.96" CONTENT="af"/><SP WIDTH="14" VPOS="1125" HPOS="599"/>
							<String ID="string_345" HPOS="613" VPOS="1125" WIDTH="62" HEIGHT="22" WC="0.93" CONTENT="dessa"/><SP WIDTH="14" VPOS="1125" HPOS="675"/>
							<String ID="string_346" HPOS="689" VPOS="1125" WIDTH="73" HEIGHT="28" WC="0.92" CONTENT="yrken,"/><SP WIDTH="17" VPOS="1125" HPOS="762"/>
							<String ID="string_347" HPOS="779" VPOS="1125" WIDTH="24" HEIGHT="21" WC="0.93" CONTENT="sä"/><SP WIDTH="9" VPOS="1125" HPOS="803"/>
							<String ID="string_348" HPOS="812" VPOS="1127" WIDTH="103" HEIGHT="25" WC="0.92" CONTENT="upptages"/>
						</TextLine>
						<TextLine ID="line_34" HPOS="89" VPOS="1153" WIDTH="825" HEIGHT="28">
							<String ID="string_349" HPOS="89" VPOS="1153" WIDTH="36" HEIGHT="22" WC="0.93" CONTENT="det"/><SP WIDTH="14" VPOS="1153" HPOS="125"/>
							<String ID="string_350" HPOS="139" VPOS="1154" WIDTH="135" HEIGHT="27" WC="0.92" CONTENT="naturligtvis"/><SP WIDTH="15" VPOS="1154" HPOS="274"/>
							<String ID="string_351" HPOS="289" VPOS="1155" WIDTH="68" HEIGHT="20" WC="0.96" CONTENT="under"/><SP WIDTH="15" VPOS="1155" HPOS="357"/>
							<String ID="string_352" HPOS="372" VPOS="1154" WIDTH="53" HEIGHT="21" WC="0.93" CONTENT="hans"/><SP WIDTH="16" VPOS="1154" HPOS="425"/>
							<String ID="string_353" HPOS="441" VPOS="1154" WIDTH="160" HEIGHT="21" WC="0.92" CONTENT="samhällsklass"/><SP WIDTH="12" VPOS="1154" HPOS="601"/>
							<String ID="string_354" HPOS="613" VPOS="1154" WIDTH="19" HEIGHT="21" WC="0.92" CONTENT="d."/><SP WIDTH="11" VPOS="1154" HPOS="632"/>
							<String ID="string_355" HPOS="643" VPOS="1161" WIDTH="18" HEIGHT="14" WC="0.96" CONTENT="v."/><SP WIDTH="12" VPOS="1161" HPOS="661"/>
							<String ID="string_356" HPOS="673" VPOS="1161" WIDTH="16" HEIGHT="14" WC="0.93" CONTENT="s."/><SP WIDTH="12" VPOS="1161" HPOS="689"/>
							<String ID="string_357" HPOS="701" VPOS="1154" WIDTH="69" HEIGHT="21" WC="0.91" CONTENT="säsom"/><SP WIDTH="12" VPOS="1154" HPOS="770"/>
							<String ID="string_358" HPOS="782" VPOS="1154" WIDTH="132" HEIGHT="27" WC="0.91" CONTENT="tjensteman."/>
						</TextLine>
						<TextLine ID="line_35" HPOS="85" VPOS="1182" WIDTH="831" HEIGHT="28">
							<String ID="string_359" HPOS="85" VPOS="1182" WIDTH="44" HEIGHT="27" WC="0.92" CONTENT="Jag"/><SP WIDTH="22" VPOS="1182" HPOS="129"/>
							<String ID="string_360" HPOS="151" VPOS="1183" WIDTH="73" HEIGHT="26" WC="0.92" CONTENT="pästär"/><SP WIDTH="22" VPOS="1183" HPOS="224"/>
							<String ID="string_361" HPOS="246" VPOS="1185" WIDTH="32" HEIGHT="19" WC="0.93" CONTENT="att"/><SP WIDTH="15" VPOS="1185" HPOS="278"/>
							<String ID="string_362" HPOS="293" VPOS="1183" WIDTH="113" HEIGHT="22" WC="0.92" CONTENT="resultatet"/><SP WIDTH="15" VPOS="1183" HPOS="406"/>
							<String ID="string_363" HPOS="421" VPOS="1183" WIDTH="47" HEIGHT="21" WC="0.92" CONTENT="icke"/><SP WIDTH="17" VPOS="1183" HPOS="468"/>
							<String ID="string_364" HPOS="485" VPOS="1183" WIDTH="40" HEIGHT="21" WC="0.96" CONTENT="blir"/><SP WIDTH="16" VPOS="1183" HPOS="525"/>
							<String ID="string_365" HPOS="541" VPOS="1183" WIDTH="42" HEIGHT="27" WC="0.96" CONTENT="det,"/><SP WIDTH="15" VPOS="1183" HPOS="583"/>
							<String ID="string_366" HPOS="598" VPOS="1189" WIDTH="46" HEIGHT="15" WC="0.96" CONTENT="som"/><SP WIDTH="16" VPOS="1189" HPOS="644"/>
							<String ID="string_367" HPOS="660" VPOS="1189" WIDTH="48" HEIGHT="15" WC="0.93" CONTENT="man"/><SP WIDTH="16" VPOS="1189" HPOS="708"/>
							<String ID="string_368" HPOS="724" VPOS="1185" WIDTH="74" HEIGHT="19" WC="0.92" CONTENT="väntat"/><SP WIDTH="14" VPOS="1185" HPOS="798"/>
							<String ID="string_369" HPOS="812" VPOS="1184" WIDTH="51" HEIGHT="19" WC="0.96" CONTENT="utan"/><SP WIDTH="16" VPOS="1184" HPOS="863"/>
							<String ID="string_370" HPOS="879" VPOS="1182" WIDTH="37" HEIGHT="21" WC="0.96" CONTENT="det"/>
						</TextLine>
						<TextLine ID="line_36" HPOS="88" VPOS="1210" WIDTH="593" HEIGHT="29">
							<String ID="string_371" HPOS="88" VPOS="1210" WIDTH="41" HEIGHT="22" WC="0.86" CONTENT="blir"/><SP WIDTH="15" VPOS="1210" HPOS="129"/>
							<String ID="string_372" HPOS="144" VPOS="1211" WIDTH="76" HEIGHT="22" WC="0.96" CONTENT="endast"/><SP WIDTH="14" VPOS="1211" HPOS="220"/>
							<String ID="string_373" HPOS="234" VPOS="1214" WIDTH="34" HEIGHT="19" WC="0.93" CONTENT="att"/><SP WIDTH="14" VPOS="1214" HPOS="268"/>
							<String ID="string_374" HPOS="282" VPOS="1211" WIDTH="76" HEIGHT="22" WC="0.92" CONTENT="föröka"/><SP WIDTH="14" VPOS="1211" HPOS="358"/>
							<String ID="string_375" HPOS="372" VPOS="1211" WIDTH="84" HEIGHT="22" WC="0.96" CONTENT="arbetet"/><SP WIDTH="15" VPOS="1211" HPOS="456"/>
							<String ID="string_376" HPOS="471" VPOS="1214" WIDTH="53" HEIGHT="19" WC="0.93" CONTENT="utan"/><SP WIDTH="16" VPOS="1214" HPOS="524"/>
							<String ID="string_377" HPOS="540" VPOS="1211" WIDTH="65" HEIGHT="27" WC="0.91" CONTENT="nägot"/><SP WIDTH="14" VPOS="1211" HPOS="605"/>
							<String ID="string_378" HPOS="619" VPOS="1218" WIDTH="62" HEIGHT="21" WC="0.92" CONTENT="gagn."/>
						</TextLine>
					</TextBlock>
				</ComposedBlock>
				<ComposedBlock ID="cblock_4" HPOS="83" VPOS="1267" WIDTH="832" HEIGHT="224">
					<TextBlock ID="block_3" HPOS="83" VPOS="1267" WIDTH="832" HEIGHT="224">
						<TextLine ID="line_37" HPOS="156" VPOS="1267" WIDTH="759" HEIGHT="29">
							<String ID="string_379" HPOS="156" VPOS="1268" WIDTH="57" HEIGHT="22" WC="0.93" CONTENT="Herr"/><SP WIDTH="21" VPOS="1268" HPOS="213"/>
							<String ID="string_380" HPOS="234" VPOS="1269" WIDTH="108" HEIGHT="27" WC="0.95" CONTENT="Nybom:"/><SP WIDTH="31" VPOS="1269" HPOS="342"/>
							<String ID="string_381" HPOS="373" VPOS="1269" WIDTH="56" HEIGHT="21" WC="0.93" CONTENT="Herr"/><SP WIDTH="14" VPOS="1269" HPOS="429"/>
							<String ID="string_382" HPOS="443" VPOS="1269" WIDTH="116" HEIGHT="27" WC="0.96" CONTENT="Björkstén"/><SP WIDTH="10" VPOS="1269" HPOS="559"/>
							<String ID="string_383" HPOS="569" VPOS="1269" WIDTH="40" HEIGHT="21" WC="0.93" CONTENT="har"/><SP WIDTH="10" VPOS="1269" HPOS="609"/>
							<String ID="string_384" HPOS="619" VPOS="1269" WIDTH="137" HEIGHT="21" WC="0.96" CONTENT="förekommit"/><SP WIDTH="10" VPOS="1269" HPOS="756"/>
							<String ID="string_385" HPOS="766" VPOS="1268" WIDTH="42" HEIGHT="27" WC="0.93" CONTENT="mig"/><SP WIDTH="9" VPOS="1268" HPOS="808"/>
							<String ID="string_386" HPOS="817" VPOS="1269" WIDTH="32" HEIGHT="20" WC="0.96" CONTENT="uti"/><SP WIDTH="10" VPOS="1269" HPOS="849"/>
							<String ID="string_387" HPOS="859" VPOS="1267" WIDTH="56" HEIGHT="22" WC="0.96" CONTENT="hvad"/>
						</TextLine>
						<TextLine ID="line_38" HPOS="85" VPOS="1297" WIDTH="830" HEIGHT="28">
							<String ID="string_388" HPOS="85" VPOS="1298" WIDTH="37" HEIGHT="26" WC="0.96" CONTENT="jag"/><SP WIDTH="16" VPOS="1298" HPOS="122"/>
							<String ID="string_389" HPOS="138" VPOS="1298" WIDTH="94" HEIGHT="22" WC="0.96" CONTENT="önskade"/><SP WIDTH="15" VPOS="1298" HPOS="232"/>
							<String ID="string_390" HPOS="247" VPOS="1300" WIDTH="52" HEIGHT="25" WC="0.96" CONTENT="säga"/><SP WIDTH="14" VPOS="1300" HPOS="299"/>
							<String ID="string_391" HPOS="313" VPOS="1298" WIDTH="32" HEIGHT="21" WC="0.96" CONTENT="till"/><SP WIDTH="15" VPOS="1298" HPOS="345"/>
							<String ID="string_392" HPOS="360" VPOS="1298" WIDTH="131" HEIGHT="21" WC="0.96" CONTENT="bemötande"/><SP WIDTH="14" VPOS="1298" HPOS="491"/>
							<String ID="string_393" HPOS="505" VPOS="1298" WIDTH="24" HEIGHT="21" WC="0.96" CONTENT="af"/><SP WIDTH="13" VPOS="1298" HPOS="529"/>
							<String ID="string_394" HPOS="542" VPOS="1298" WIDTH="57" HEIGHT="21" WC="0.96" CONTENT="Herr"/><SP WIDTH="8" VPOS="1298" HPOS="599"/>
							<String ID="string_395" HPOS="607" VPOS="1297" WIDTH="99" HEIGHT="22" WC="0.94" CONTENT="Jansson."/><SP WIDTH="30" VPOS="1297" HPOS="706"/>
							<String ID="string_396" HPOS="736" VPOS="1298" WIDTH="56" HEIGHT="21" WC="0.96" CONTENT="Herr"/><SP WIDTH="9" VPOS="1298" HPOS="792"/>
							<String ID="string_397" HPOS="801" VPOS="1297" WIDTH="114" HEIGHT="27" WC="0.96" CONTENT="Björkstén"/>
						</TextLine>
						<TextLine ID="line_39" HPOS="88" VPOS="1326" WIDTH="827" HEIGHT="28">
							<String ID="string_398" HPOS="88" VPOS="1326" WIDTH="39" HEIGHT="22" WC="0.96" CONTENT="har"/><SP WIDTH="22" VPOS="1326" HPOS="127"/>
							<String ID="string_399" HPOS="149" VPOS="1326" WIDTH="66" HEIGHT="22" WC="0.96" CONTENT="redan"/><SP WIDTH="23" VPOS="1326" HPOS="215"/>
							<String ID="string_400" HPOS="238" VPOS="1326" WIDTH="99" HEIGHT="22" WC="0.96" CONTENT="anmärkt"/><SP WIDTH="21" VPOS="1326" HPOS="337"/>
							<String ID="string_401" HPOS="358" VPOS="1329" WIDTH="33" HEIGHT="19" WC="0.96" CONTENT="att"/><SP WIDTH="22" VPOS="1329" HPOS="391"/>
							<String ID="string_402" HPOS="413" VPOS="1333" WIDTH="26" HEIGHT="15" WC="0.96" CONTENT="en"/><SP WIDTH="24" VPOS="1333" HPOS="439"/>
							<String ID="string_403" HPOS="463" VPOS="1326" WIDTH="22" HEIGHT="22" WC="0.96" CONTENT="af"/><SP WIDTH="22" VPOS="1326" HPOS="485"/>
							<String ID="string_404" HPOS="507" VPOS="1327" WIDTH="26" HEIGHT="21" WC="0.93" CONTENT="de"/><SP WIDTH="15" VPOS="1327" HPOS="533"/>
							<String ID="string_405" HPOS="548" VPOS="1327" WIDTH="113" HEIGHT="27" WC="0.91" CONTENT="vigtigaste"/><SP WIDTH="16" VPOS="1327" HPOS="661"/>
							<String ID="string_406" HPOS="677" VPOS="1326" WIDTH="117" HEIGHT="26" WC="0.96" CONTENT="kolumner,"/><SP WIDTH="15" VPOS="1326" HPOS="794"/>
							<String ID="string_407" HPOS="809" VPOS="1326" WIDTH="106" HEIGHT="26" WC="0.95" CONTENT="nämligen"/>
						</TextLine>
						<TextLine ID="line_40" HPOS="87" VPOS="1354" WIDTH="828" HEIGHT="28">
							<String ID="string_408" HPOS="87" VPOS="1355" WIDTH="28" HEIGHT="21" WC="0.93" CONTENT="de"/><SP WIDTH="14" VPOS="1355" HPOS="115"/>
							<String ID="string_409" HPOS="129" VPOS="1355" WIDTH="81" HEIGHT="27" WC="0.88" CONTENT="afdrag,"/><SP WIDTH="16" VPOS="1355" HPOS="210"/>
							<String ID="string_410" HPOS="226" VPOS="1361" WIDTH="46" HEIGHT="15" WC="0.96" CONTENT="som"/><SP WIDTH="16" VPOS="1361" HPOS="272"/>
							<String ID="string_411" HPOS="288" VPOS="1355" WIDTH="52" HEIGHT="21" WC="0.96" CONTENT="böra"/><SP WIDTH="16" VPOS="1355" HPOS="340"/>
							<String ID="string_412" HPOS="356" VPOS="1355" WIDTH="44" HEIGHT="26" WC="0.96" CONTENT="ske,"/><SP WIDTH="16" VPOS="1355" HPOS="400"/>
							<String ID="string_413" HPOS="416" VPOS="1355" WIDTH="23" HEIGHT="21" WC="0.96" CONTENT="af"/><SP WIDTH="13" VPOS="1355" HPOS="439"/>
							<String ID="string_414" HPOS="452" VPOS="1355" WIDTH="58" HEIGHT="21" WC="0.96" CONTENT="Herr"/><SP WIDTH="9" VPOS="1355" HPOS="510"/>
							<String ID="string_415" HPOS="519" VPOS="1355" WIDTH="92" HEIGHT="21" WC="0.96" CONTENT="Jansson"/><SP WIDTH="12" VPOS="1355" HPOS="611"/>
							<String ID="string_416" HPOS="623" VPOS="1354" WIDTH="69" HEIGHT="22" WC="0.96" CONTENT="blifvit"/><SP WIDTH="10" VPOS="1354" HPOS="692"/>
							<String ID="string_417" HPOS="702" VPOS="1355" WIDTH="105" HEIGHT="21" WC="0.96" CONTENT="oberörda"/><SP WIDTH="10" VPOS="1355" HPOS="807"/>
							<String ID="string_418" HPOS="817" VPOS="1354" WIDTH="34" HEIGHT="21" WC="0.96" CONTENT="vid"/><SP WIDTH="11" VPOS="1354" HPOS="851"/>
							<String ID="string_419" HPOS="862" VPOS="1354" WIDTH="53" HEIGHT="21" WC="0.95" CONTENT="hans"/>
						</TextLine>
						<TextLine ID="line_41" HPOS="87" VPOS="1383" WIDTH="828" HEIGHT="27">
							<String ID="string_420" HPOS="87" VPOS="1384" WIDTH="135" HEIGHT="26" WC="0.95" CONTENT="uppräkning"/><SP WIDTH="22" VPOS="1384" HPOS="222"/>
							<String ID="string_421" HPOS="244" VPOS="1384" WIDTH="23" HEIGHT="21" WC="0.96" CONTENT="af"/><SP WIDTH="19" VPOS="1384" HPOS="267"/>
							<String ID="string_422" HPOS="286" VPOS="1384" WIDTH="78" HEIGHT="26" WC="0.96" CONTENT="nödiga"/><SP WIDTH="22" VPOS="1384" HPOS="364"/>
							<String ID="string_423" HPOS="386" VPOS="1384" WIDTH="119" HEIGHT="21" WC="0.95" CONTENT="kolumner."/><SP WIDTH="38" VPOS="1384" HPOS="505"/>
							<String ID="string_424" HPOS="543" VPOS="1384" WIDTH="49" HEIGHT="21" WC="0.95" CONTENT="Han"/><SP WIDTH="22" VPOS="1384" HPOS="592"/>
							<String ID="string_425" HPOS="614" VPOS="1383" WIDTH="63" HEIGHT="21" WC="0.95" CONTENT="har"/><SP WIDTH="-12" VPOS="1383" HPOS="677"/>
							<String ID="string_426" HPOS="665" VPOS="1379" WIDTH="17" HEIGHT="36" WC="0.96" CONTENT="i"/><SP WIDTH="22" VPOS="1379" HPOS="682"/>
							<String ID="string_427" HPOS="704" VPOS="1384" WIDTH="72" HEIGHT="21" WC="0.96" CONTENT="stället"/><SP WIDTH="25" VPOS="1384" HPOS="776"/>
							<String ID="string_428" HPOS="801" VPOS="1383" WIDTH="62" HEIGHT="27" WC="0.95" CONTENT="yrkat"/><SP WIDTH="24" VPOS="1383" HPOS="863"/>
							<String ID="string_429" HPOS="887" VPOS="1383" WIDTH="28" HEIGHT="27" WC="0.95" CONTENT="på"/>
						</TextLine>
						<TextLine ID="line_42" HPOS="87" VPOS="1412" WIDTH="828" HEIGHT="27">
							<String ID="string_430" HPOS="87" VPOS="1412" WIDTH="121" HEIGHT="21" WC="0.96" CONTENT="införandet"/><SP WIDTH="22" VPOS="1412" HPOS="208"/>
							<String ID="string_431" HPOS="230" VPOS="1412" WIDTH="23" HEIGHT="22" WC="0.96" CONTENT="af"/><SP WIDTH="19" VPOS="1412" HPOS="253"/>
							<String ID="string_432" HPOS="272" VPOS="1418" WIDTH="26" HEIGHT="16" WC="0.96" CONTENT="en"/><SP WIDTH="22" VPOS="1418" HPOS="298"/>
							<String ID="string_433" HPOS="320" VPOS="1413" WIDTH="86" HEIGHT="21" WC="0.96" CONTENT="kolumn"/><SP WIDTH="18" VPOS="1413" HPOS="406"/>
							<String ID="string_434" HPOS="424" VPOS="1412" WIDTH="33" HEIGHT="21" WC="0.93" CONTENT="för"/><SP WIDTH="16" VPOS="1412" HPOS="457"/>
							<String ID="string_435" HPOS="473" VPOS="1412" WIDTH="158" HEIGHT="27" WC="0.92" CONTENT="förmögenhets"/><SP WIDTH="15" VPOS="1412" HPOS="631"/>
							<String ID="string_436" HPOS="646" VPOS="1412" WIDTH="90" HEIGHT="26" WC="0.95" CONTENT="tillväxt,"/><SP WIDTH="16" VPOS="1412" HPOS="736"/>
							<String ID="string_437" HPOS="752" VPOS="1418" WIDTH="48" HEIGHT="15" WC="0.96" CONTENT="men"/><SP WIDTH="16" VPOS="1418" HPOS="800"/>
							<String ID="string_438" HPOS="816" VPOS="1412" WIDTH="59" HEIGHT="21" WC="0.96" CONTENT="detta"/><SP WIDTH="15" VPOS="1412" HPOS="875"/>
							<String ID="string_439" HPOS="890" VPOS="1413" WIDTH="25" HEIGHT="19" WC="0.96" CONTENT="är"/>
						</TextLine>
						<TextLine ID="line_43" HPOS="83" VPOS="1439" WIDTH="831" HEIGHT="29">
							<String ID="string_440" HPOS="83" VPOS="1440" WIDTH="25" HEIGHT="27" WC="0.96" CONTENT="ju"/><SP WIDTH="15" VPOS="1440" HPOS="108"/>
							<String ID="string_441" HPOS="123" VPOS="1440" WIDTH="127" HEIGHT="28" WC="0.95" CONTENT="inkomsten,"/><SP WIDTH="16" VPOS="1440" HPOS="250"/>
							<String ID="string_442" HPOS="266" VPOS="1441" WIDTH="40" HEIGHT="21" WC="0.96" CONTENT="och"/><SP WIDTH="15" VPOS="1441" HPOS="306"/>
							<String ID="string_443" HPOS="321" VPOS="1447" WIDTH="27" HEIGHT="15" WC="0.97" CONTENT="en"/><SP WIDTH="14" VPOS="1447" HPOS="348"/>
							<String ID="string_444" HPOS="362" VPOS="1440" WIDTH="88" HEIGHT="22" WC="0.96" CONTENT="kolumn"/><SP WIDTH="16" VPOS="1440" HPOS="450"/>
							<String ID="string_445" HPOS="466" VPOS="1441" WIDTH="34" HEIGHT="21" WC="0.96" CONTENT="för"/><SP WIDTH="15" VPOS="1441" HPOS="500"/>
							<String ID="string_446" HPOS="515" VPOS="1441" WIDTH="70" HEIGHT="21" WC="0.96" CONTENT="denna"/><SP WIDTH="13" VPOS="1441" HPOS="585"/>
							<String ID="string_447" HPOS="598" VPOS="1440" WIDTH="68" HEIGHT="22" WC="0.96" CONTENT="finnes"/><SP WIDTH="15" VPOS="1440" HPOS="666"/>
							<String ID="string_448" HPOS="681" VPOS="1441" WIDTH="79" HEIGHT="26" WC="0.90" CONTENT="redan;"/><SP WIDTH="16" VPOS="1441" HPOS="760"/>
							<String ID="string_449" HPOS="776" VPOS="1440" WIDTH="51" HEIGHT="22" WC="0.93" CONTENT="flere"/><SP WIDTH="15" VPOS="1440" HPOS="827"/>
							<String ID="string_450" HPOS="842" VPOS="1439" WIDTH="72" HEIGHT="23" WC="0.92" CONTENT="behöf-"/>
						</TextLine>
						<TextLine ID="line_44" HPOS="86" VPOS="1469" WIDTH="104" HEIGHT="22">
							<String ID="string_451" HPOS="86" VPOS="1475" WIDTH="35" HEIGHT="15" WC="0.92" CONTENT="ves"/><SP WIDTH="16" VPOS="1475" HPOS="121"/>
							<String ID="string_452" HPOS="137" VPOS="1469" WIDTH="53" HEIGHT="22" WC="0.96" CONTENT="icke."/>
						</TextLine>
					</TextBlock>
				</ComposedBlock>
			</PrintSpace>
		</Page>
	</Layout>
</alto>
