1078 1781
302 114 178 23 Borgareståndet
492 115 59 18 1878.
571 116 27 17 22
610 115 94 18 Januari.
862 109 57 22 2941

300 263 144 35 Tisdagen
461 263 56 28 den
535 263 39 27 22
592 264 128 27 Januari.

167 349 34 22 KI.
226 351 25 20 12
267 349 113 28 middagen
398 351 173 21 sammanträdde
586 350 181 28 Borgareständet
782 350 31 22 till
829 350 92 27 plenum,

97 378 73 23 dervid
193 378 192 22 tillstädeskommo
407 379 101 22 Ständets
524 379 66 27 öfrige
609 379 125 26 ledamöter,
749 379 49 22 med
812 379 110 26 undantag

95 407 26 22 af
141 407 80 22 Herrar
234 407 107 28 Boström,
356 407 33 22 Ek
405 407 39 22 och
459 408 34 21 W.
507 408 90 27 Nystön,
612 408 74 21 hvilka
700 408 49 21 med
764 407 100 22 Ständets
879 407 43 22 till-

96 436 63 21 stånd
176 442 52 15 voro
247 435 47 22 från
309 439 61 18 orten
386 436 113 27 bortreste,
515 437 56 21 Herr
586 436 22 22 S.
624 437 113 27 Björkstén
752 443 46 15 som
813 437 24 21 af
849 436 73 22 samti-

96 465 47 26 digt
164 464 159 22 sammanträde
345 465 23 21 af
388 465 247 27 Expeditionsutskottet
650 465 115 22 hindrades
779 467 33 20 att
826 466 96 25 närvara,

96 493 57 22 Herr
180 493 112 22 Molander
318 494 33 21 för
378 493 85 22 hvilken
484 493 180 28 sjukdomsförfall
684 493 110 26 anmältes,
812 493 110 22 äfvensom

96 521 82 22 Herrar
197 522 129 27 Helsingius,
346 522 121 27 Chydenius
482 523 40 21 och
537 523 20 21 J.
572 523 25 21 A.
613 522 88 28 Nyst6n,
717 522 32 22 för
764 523 73 21 hvilka
851 521 71 23 förfall

97 551 47 21 icke
159 550 183 29 tillkännagifvits.

166 694 120 27 Föredrogs
308 693 40 23 och
370 693 72 23 bifölls
465 695 56 21 Herr
542 694 127 22 Wendelins
690 694 101 22 anhällan
806 696 33 20 att
855 694 67 21 under

97 722 136 22 återstående
248 723 62 22 delen
326 723 22 21 af
360 723 131 27 landtdagen
507 723 22 22 få
543 729 52 16 vara
610 723 146 22 frånvarande.

166 871 120 28 Föredrogs
306 872 106 21 särskilda
429 872 47 21 frän
491 872 140 21 medständen
646 872 107 21 ankomna
768 871 154 28 protokollsut-

98 900 59 27 drag,
172 900 72 22 hvilka
257 900 47 22 icke
319 901 114 27 päkallade
448 901 77 27 ätgärd
540 901 47 21 frän
603 901 191 27 Borgareständets
808 901 54 22 sida.

167 1044 119 27 Föredrogs
308 1045 31 20 ett
360 1044 77 27 utdrag
451 1050 27 15 ur
492 1043 170 22 Bondeständets
677 1043 107 28 protokoll
799 1043 33 22 för
847 1043 76 28 gärda-

97 1078 48 21 gen,
160 1072 150 22 innehällande
326 1072 64 22 bland
406 1075 72 24 annat,
493 1075 33 19 att
540 1073 161 21 Bondeständet
710 1073 8 20 i
727 1072 61 27 fräga
798 1078 34 15 om
845 1072 79 27 nädiga

97 1101 161 27 propositionen
280 1101 41 21 N:o
337 1102 28 20 44
380 1101 88 22 beslutit
483 1103 39 25 att,
538 1101 27 21 dä
580 1107 88 15 numera
683 1101 12 27 $
712 1103 24 20 19
752 1102 84 21 komme
852 1102 32 20 att
898 1107 26 15 ur

97 1130 102 26 förslaget
214 1129 32 22 till
261 1129 131 28 förordning,
407 1130 110 27 angäende
531 1130 122 21 bekännare
668 1130 23 21 af
700 1129 131 22 fremmande
841 1129 82 22 kristen

99 1157 92 22 troslära
206 1159 7 20 i
228 1158 90 21 Finland
342 1159 40 21 och
403 1159 61 21 deras
479 1158 171 28 religionsfrihet,
666 1159 58 26 utgä,
739 1158 135 27 inledningen
890 1157 34 22 till

98 1186 132 23 Ständernas
251 1187 148 28 underdäniga
421 1193 50 16 svar
492 1188 13 21 &
528 1187 40 22 den
591 1187 77 26 nädiga
683 1187 158 27 propositionen
857 1186 67 21 borde

98 1215 95 28 undergä
215 1215 66 22 sädan
296 1216 156 27 omarbetning,
468 1218 33 19 att
516 1216 56 21 hvad
587 1215 135 27 inledningen
736 1215 107 22 innehölle
859 1215 65 26 angä-

98 1243 55 23 ende
175 1244 161 28 pgrekisk-ryska
359 1244 168 22 trosförvandter
549 1244 69 22 skulle
641 1244 92 22 derifrän
753 1245 114 25 uteslutas;
884 1243 39 22 och

98 1272 55 22 hade
169 1273 159 22 Bondeständet
344 1273 78 22 derhos
437 1274 58 21 velat
509 1274 89 26 inbjuda
613 1274 139 21 medständen
767 1275 32 20 att
815 1279 34 15 om
864 1272 60 22 detta

97 1302 171 22 Bondeständets
284 1302 71 22 beslut
370 1303 32 27 sig
412 1302 80 22 förena.

167 1360 75 21 Denna
264 1360 127 26 inbjudning
405 1360 125 22 föranledde
545 1359 93 28 följande
654 1359 131 22 diskussion
775 1355 12 36 :

167 1416 56 22 Herr
237 1416 126 22 Jansson:
379 1416 73 27 Enligt
467 1416 42 22 min
525 1416 136 28 uppfattning
676 1416 74 27 borde,
766 1416 65 22 sedan
841 1415 83 22 Bonde-

98 1444 86 22 ständet
207 1445 38 21 och
268 1445 61 21 äfven
349 1445 26 21 de
391 1445 68 27 öfriga
475 1445 94 22 Ständen
582 1445 110 27 godkändt
708 1444 84 28 frägans
807 1444 117 28 afgörande

98 1473 32 21 uti
154 1473 103 22 förstärkt
276 1473 96 27 Utskott,
388 1474 71 27 nägon
475 1474 66 21 sädan
557 1474 126 26 inbjudning
698 1474 47 21 icke
760 1473 164 27 ifrägakomma;

98 1501 163 23 Ständerbeslut
283 1502 40 22 har
341 1502 115 22 förklarats
471 1502 7 21 i
494 1503 43 21 alla
551 1502 69 28 öfriga
635 1502 59 22 delar
708 1502 109 28 föreligga,
833 1502 27 21 dä
875 1507 49 16 man
