1078 1781
279 116 179 22 Borgareståndet
470 117 56 17 1877.
549 117 24 17 10
587 117 117 17 December.
844 110 58 21 2229

72 186 113 21 kännande
208 185 22 21 af
251 186 69 21 denna
344 186 68 27 punkt
428 186 118 21 bestämma
562 187 33 20 att
611 185 39 21 den
666 185 34 21 del
716 185 23 21 af
753 185 149 26 bankvinsten,

72 220 46 16 som
134 214 46 21 icke
195 214 96 21 kommer
306 215 32 20 att
354 215 113 24 användas,
484 214 54 21 skall
555 214 64 21 blifva
633 214 7 21 i
656 213 83 22 banken
756 214 143 21 innestående.

72 243 42 21 Det
137 243 89 21 innebär
248 243 82 21 således
350 245 30 19 ett
395 243 157 27 förtydligande
568 243 22 20 af
605 242 99 22 Ståndets
721 242 69 21 beslut
804 242 7 21 i
827 243 74 25 saken,

72 271 99 22 hvarföre
185 271 197 28 protokollsutdrag
400 271 61 21 äfven
477 272 39 21 bör
531 271 49 27 afgå
595 271 33 21 till
644 271 173 24 Bankutskottet,
831 271 70 21 såsom

72 306 49 15 svar
136 301 27 26 på
179 301 48 20 dess
245 300 134 21 betänkande
394 301 40 20 N:o
451 301 19 20 1.
502 300 56 21 Herr
574 300 122 21 Lindbloms
712 299 141 27 anmärkning
867 302 33 18 att

73 329 120 21 Ständerna
216 329 69 21 kunde
308 329 85 20 komma
416 331 33 18 att
472 329 78 26 bevilja
571 335 46 14 mer
632 330 25 19 än
674 328 140 21 bankvinsten
830 327 72 22 kunde

72 357 98 24 betäcka,
185 357 74 21 träffar
274 357 19 27 ej
309 358 69 20 denna
397 357 76 27 punkt;
490 364 45 15 mer
551 359 26 19 än
594 357 94 21 bankens
703 357 56 21 vinst
775 357 47 25 kan,
834 357 67 26 enligt

72 386 69 21 denna
164 386 78 27 punkts
264 385 86 28 lydelse,
366 386 19 26 ej
404 387 85 20 komma
504 387 6 20 i
526 385 60 27 fråga
606 387 32 20 att
652 385 24 22 af
690 385 83 22 banken
789 385 112 21 levereras.

71 415 88 20 Besluta
175 414 119 22 Ständerna
309 416 68 19 större
393 414 95 27 utgifter,
504 415 24 20 så
544 415 34 20 må
594 415 26 20 de
635 415 64 20 också
714 421 22 14 se
747 414 33 21 till
790 413 109 22 hvarifrån

71 443 69 21 medel
156 443 32 21 till
205 443 61 21 deras
282 443 136 21 bestridande
433 443 62 21 skola
511 446 67 23 tagas.
608 443 91 21 Komma
715 443 25 21 de
757 442 90 21 nämnda
863 448 37 15 sex

72 471 133 22 millionerna
227 471 19 27 ej
270 474 33 19 att
326 471 113 27 erfordras,
463 472 24 21 så
508 471 94 28 framgår
617 472 61 21 äfven
694 471 22 22 af
728 471 96 27 punkten
839 472 14 19 4
868 473 32 19 att

71 500 61 27 ingen
149 500 34 21 del
199 500 23 21 af
239 501 138 20 bankvinsten
397 501 96 20 kommer
510 503 33 19 att
561 503 61 24 tagas
638 500 5 21 i
659 500 98 27 anspråk.
788 500 10 21 I
813 499 86 22 hvilken

71 529 102 21 händelse
195 535 45 15 som
264 529 56 21 helst
342 535 62 15 anser
421 529 36 26 jag
478 531 32 19 att
526 530 19 20 vi
561 529 47 21 icke
623 529 27 27 på
665 529 65 26 något
745 530 44 20 sätt
804 530 37 19 äro
857 528 43 21 för-

71 557 104 22 hindrade
191 559 32 20 att
238 558 112 26 godkänna
366 559 69 20 denna
450 558 74 26 punkt.

140 620 55 21 Herr
217 621 139 26 Procopé:
388 621 32 21 Då
443 627 48 14 man
515 621 88 26 medger
624 622 32 19 att
674 619 94 22 bankens
784 620 55 21 vinst
855 620 45 21 står

71 648 32 21 till
127 649 128 21 Ständernas
278 649 130 27 förfogande,
431 649 24 21 så
478 649 61 27 följer
555 649 34 21 väl
613 649 61 21 deraf
690 649 44 21 helt
749 649 102 26 naturligt
866 650 33 19 att

71 677 120 22 Ständerna
206 678 52 21 böra
273 678 83 21 besluta
371 678 54 21 huru
441 678 48 21 med
505 678 69 21 denna
591 677 55 22 vinst
661 677 53 21 skall
730 677 98 21 förfaras.
849 677 49 21 Mitt

71 706 80 27 förslag
166 707 39 26 går
217 706 45 27 just
277 709 23 18 ut
315 707 28 26 på
358 709 33 18 att
406 707 97 25 Ståndet,
524 707 2 20 i
542 706 153 26 sammanhang
710 706 48 21 med
774 705 123 22 behandlin-

69 741 41 20 gen
135 735 22 21 af
179 735 58 21 detta
260 737 99 24 moment,
376 735 60 21 skola
452 735 56 21 fatta
524 737 31 19 ett
571 735 76 21 sådant
662 735 76 21 beslut.
768 735 41 26 Jag
824 735 39 20 har
878 734 19 27 ej

69 763 58 21 velat
150 763 66 21 inlåta
239 763 43 27 mig
302 765 28 25 på
350 764 70 26 någon
443 764 121 21 diskussion
585 764 79 24 derom,
680 769 48 15 men
751 763 41 21 kan
808 763 54 21 dock
878 763 19 25 ej

70 792 114 27 godkänna
207 792 57 21 Herr
285 792 95 27 Nyboms
403 792 80 27 förslag
501 793 6 20 i
523 793 60 20 detta
607 792 107 25 afseende;
728 791 40 28 jag
789 791 38 22 har
842 791 56 21 blott

70 821 57 20 velat
149 821 118 21 förbehålla
290 821 42 26 mig
348 823 39 21 att,
411 821 26 21 då
461 821 41 21 den
517 827 29 15 nu
562 821 127 26 föredragna
704 821 94 26 punkten
813 823 13 18 4
842 820 55 21 före-

70 849 98 21 kommer
190 849 31 21 till
242 849 121 27 afgörande,
379 849 180 22 Bankutskottets
575 849 134 22 betänkande
724 849 41 21 N:o
782 851 8 19 1
809 849 66 21 måtte
891 848 6 20 i

70 877 154 27 sammanhang
247 878 85 21 dermed
352 878 91 27 afgöras.
474 879 66 20 Detta
555 878 40 21 bör
611 878 54 21 dock
680 878 46 21 icke
742 878 38 21 ske
795 883 34 20 nu,
845 879 52 19 utan

70 906 94 22 biträder
177 907 36 26 jag
229 907 56 21 Herr
300 907 124 21 Lindbloms
439 907 81 26 förslag
536 913 34 15 om
586 906 97 27 uppskof.

137 969 70 21 Sedan
224 969 145 22 diskussionen
384 969 53 22 härå
452 969 115 24 afstannat,
583 969 123 22 framstälde
717 969 55 21 Herr
783 969 114 21 Talman-

69 1003 41 16 nen
127 997 32 22 till
174 998 130 21 besvarande
320 998 92 27 följande

137 1059 194 28 Proposition:
362 1061 38 25 De,
416 1067 45 14 som
480 1061 115 26 godkänna
611 1060 93 27 punkten
720 1061 34 20 4:0
771 1060 22 21 af
806 1059 90 22 Utskot-

68 1090 42 19 tets
126 1088 13 21 å
153 1088 39 21 sid.
209 1090 27 19 34
252 1088 142 22 formulerade
410 1089 80 26 förslag
506 1089 31 21 till
554 1089 76 25 beslut,
646 1095 61 14 svara
717 1088 37 27 ja;
767 1089 72 20 vinner
850 1088 47 26 nej,

68 1123 63 15 anses
146 1117 90 21 Ståndet
251 1117 88 21 beslutit
354 1120 32 19 att
401 1117 98 26 företaga
515 1118 70 21 denna
595 1117 67 27 punkt
673 1117 31 21 till
716 1117 116 27 afgörande
842 1116 54 21 först

67 1145 66 22 sedan
157 1145 68 27 öfriga
248 1148 72 24 poster
343 1146 6 21 i
372 1145 178 23 Statsutskottets
573 1146 137 21 förevarande
733 1145 71 28 kalkyl
827 1144 70 22 blifvit

70 1173 105 22 definitivt
189 1174 119 22 faststälda.

136 1237 162 27 Propositionen
314 1237 127 22 besvarades
457 1238 49 22 med
523 1237 154 27 öfvervägande
692 1237 45 27 nej.

136 1300 59 21 Härä
211 1300 117 27 öfvergicks
344 1300 31 21 till
391 1300 131 28 behandling
537 1300 23 22 af
574 1300 121 22 Utskottets
710 1300 14 21 å
738 1300 38 21 sid.
794 1300 26 20 36
831 1299 64 21 fram-

67 1328 69 21 stälda
157 1328 80 28 förslag
259 1329 110 27 angående
392 1329 26 21 de
441 1330 81 26 anslag,
537 1336 45 14 som
604 1329 68 21 under
687 1329 49 21 åren
754 1329 140 21 1878—1882

66 1356 67 22 borde
149 1357 46 21 från
211 1357 185 22 bränvinsskatten
412 1358 82 27 årligen
509 1358 62 26 utgå;
583 1358 72 21 dervid
666 1359 74 25 posten
753 1359 39 24 1:0,
804 1356 93 28 660,000

65 1385 68 27 mark,
149 1386 123 26 godkändes
287 1388 51 19 utan
355 1386 127 22 diskussion.

133 1442 136 22 Beträffande
291 1445 75 25 posten
388 1444 41 26 2:0,
445 1444 93 26 200,000
557 1444 60 21 mark
636 1444 52 26 egde
704 1443 92 27 följande
812 1442 83 22 diskus-

64 1470 48 22 sion
129 1477 56 15 rum:
