1078 1781
154 99 57 21 2472
362 104 180 22 Borgareståndet
555 105 54 17 1877.
633 105 22 17 17
667 104 119 18 December.

152 173 56 22 skall
232 174 74 21 kunna
328 173 55 22 fatta
404 175 33 19 att
457 179 26 15 en
505 173 103 28 paragraf
624 174 31 21 uti
671 180 25 15 en
713 172 36 29 lag
763 173 55 22 skall
833 173 106 22 innehålla
954 175 31 20 ett

152 201 73 28 påbud
240 201 33 22 för
288 202 85 21 landets
390 201 91 22 Ständer
495 204 33 19 att
543 204 52 25 göra
610 202 122 26 bevillning,
742 201 28 22 då
785 202 35 21 det
835 202 7 21 i
854 202 133 27 grundlagen

152 230 62 22 heter
236 233 34 19 att
291 231 85 21 landets
398 230 92 22 Ständer
509 237 39 20 ega
563 233 32 19 att
611 231 58 21 öfver
685 231 69 21 denna
769 231 38 21 sak
821 231 78 25 rådslå,
913 231 73 26 jemka

153 259 39 22 och
216 259 60 21 afslå.
306 259 46 21 När
374 265 49 15 man
446 259 39 21 har
503 259 60 22 detta
579 259 68 22 såsom
660 259 112 28 grundlag,
788 259 23 22 så
827 259 106 22 förefaller
949 259 36 22 det

152 288 44 26 mig
220 289 33 20 att
276 288 36 21 det
332 288 47 21 icke
395 288 41 21 kan
451 288 64 21 hafva
529 289 59 26 legat
603 289 6 20 i
625 288 69 26 någon
710 287 129 27 lagstiftares
853 288 85 27 mening
952 289 34 20 att

153 316 120 22 Ständerne
296 318 37 19 äro
357 317 95 26 skyldige
475 318 33 19 att
530 318 77 25 utgöra
630 323 25 15 en
679 316 120 27 bevillning.
830 316 48 21 Men
900 323 34 14 om
948 316 38 27 jag

153 345 64 21 också
241 351 63 16 anser
327 345 65 21 saken
416 345 29 26 så,
467 345 34 21 vill
523 345 44 26 jag,
583 345 28 21 då
633 345 129 27 paragrafen
782 345 23 21 af
818 345 49 21 flere
884 345 103 21 Ståndets

153 373 139 22 medlemmar
314 373 82 22 kunnat
412 373 128 22 missförstås
556 373 38 22 och
611 374 36 21 det
662 375 24 20 är
701 376 32 19 ett
749 374 74 21 tecken
839 375 32 20 att
886 373 40 22 den
942 373 44 22 kan

153 401 136 26 missförstås,
306 402 40 21 och
359 403 37 26 jag
411 402 33 21 för
459 403 133 20 närvarande
607 402 47 21 icke
666 409 35 14 ser
711 402 70 27 någon
792 402 135 26 formulering
938 408 46 15 som

152 436 51 16 vore
226 431 90 26 lämplig
338 431 40 21 och
401 431 23 21 så
443 431 67 26 tydlig
525 433 32 19 att
573 431 40 21 den
629 431 46 21 icke
690 431 43 21 kan
750 431 132 25 missförstås,
898 430 87 22 anhålla

153 465 34 15 om
211 459 123 22 återremiss
350 460 6 20 i
373 460 35 20 det
431 459 54 27 syfte
508 462 38 23 att,
563 466 34 14 om
619 459 166 22 militiefondens
805 459 113 26 tillgångar
937 459 47 21 icke

152 488 65 21 räcka
233 488 38 23 till,
287 488 56 21 hvad
359 488 122 21 derutöfver
496 489 42 20 kan
551 488 6 21 i
568 489 77 20 sådant
656 488 99 21 afseende
767 488 105 21 erfordras
883 488 103 21 betäckes

152 517 24 20 af
189 517 69 20 medel
274 523 44 14 som
335 517 41 20 kan
394 517 21 20 af
429 517 118 21 Ständerna
563 517 71 21 dertill
650 517 90 21 anvisas.

222 573 56 21 Herr
301 573 143 22 Snellman:
475 573 93 22 Numera
586 573 39 22 ber
642 574 37 27 jag
695 573 77 22 endast
787 580 33 15 om
836 573 98 22 tillåtelse
950 575 34 19 att

153 601 76 22 förena
244 603 44 26 mig
303 603 6 20 i
326 602 56 21 Herr
398 602 101 27 Chydenii
514 605 85 19 senaste
614 603 106 26 yttrande.

221 659 57 21 Herr
300 659 151 28 Lindberg:
483 655 66 26 Äfven
571 659 37 27 jag
629 659 39 22 ber
690 661 32 20 att
746 659 21 21 få
789 659 73 21 förena
876 659 42 26 mig
934 659 50 20 med

151 687 58 22 Herr
224 687 122 28 Chydenius
362 688 39 21 och
417 688 38 21 har
471 688 53 21 intet
539 688 72 21 vidare
627 691 31 18 att
674 688 95 27 tillägga.

222 745 57 21 Herr
301 745 134 26 Procopt:
465 745 74 21 Ehuru
561 745 35 26 jag
618 745 34 21 för
674 745 44 21 min
740 745 34 21 del
797 751 62 14 anser
874 746 32 19 att
921 744 62 21 ordet

153 773 127 25 anvisade”
302 773 89 21 innebär
411 774 44 26 just
477 774 36 21 det
536 775 32 20 att
591 774 61 21 dessa
675 773 69 22 medel
766 775 37 20 äro
821 773 23 21 af
864 773 118 21 Ständerne

151 801 102 28 anslagne
269 801 32 22 för
317 802 59 21 detta
392 802 104 25 ändamål,
512 803 24 20 så
551 801 35 22 vill
597 802 37 27 jag
649 802 55 21 dock
719 802 75 21 förena
808 801 43 28 mig
866 802 48 21 med
927 801 57 26 dem,

152 836 45 15 som
213 831 51 26 vilja
278 831 63 20 hafva
356 837 26 14 en
393 831 121 21 återremiss
525 830 53 21 efter
590 831 128 26 paragrafen
730 831 42 21 kan
784 830 118 27 misstydas,
914 830 68 21 ehuru

148 859 38 26 jag
201 859 33 21 för
250 859 42 21 min
308 859 34 21 del
358 859 47 22 icke
420 860 41 20 kan
477 859 53 22 fatta
545 861 32 19 att
593 860 40 20 den
650 860 41 21 kan
702 859 136 21 missförstås.
862 859 72 20 Skulle
946 859 36 20 det

151 888 51 21 heta
225 888 129 27 ,anslagna*
374 889 28 20 dä
422 888 70 21 kunde
514 889 36 20 det
571 888 77 21 lättare
664 888 137 25 missförstås,
819 893 47 16 men
882 887 38 21 här
936 887 48 21 står

151 916 143 27 uttryckligen
311 917 129 24 ,anvisade*.

194 971 2 2 *
221 973 71 22 Sedan
308 973 148 22 diskussionen
472 973 113 22 förklarats
601 973 99 28 afslutad,
709 973 132 22 framställde
857 973 55 21 Herr
927 973 56 20 Tal-

151 1007 107 16 mannen
275 1002 93 27 följande
382 1002 166 27 propositioner:

219 1058 171 27 Proposition
416 1059 39 21 N:o
479 1061 20 19 1:
529 1059 38 27 De,
589 1065 45 15 som
658 1059 83 21 direkte
764 1059 113 26 godkänna
900 1059 12 26 $
934 1059 49 25 123,

151 1093 62 14 svara
233 1087 37 26 ja;
294 1087 73 21 vinner
387 1087 46 27 nej,
448 1088 95 21 kommer
558 1090 32 19 att
606 1089 105 20 omröstas
727 1087 104 21 huruvida
847 1087 31 21 till
894 1087 86 21 kontra-

150 1115 134 26 proposition
306 1116 55 21 skall
384 1119 89 24 antagas
496 1117 55 20 Herr
573 1117 93 20 Kurténs
688 1117 98 26 yrkande
808 1118 32 19 att
855 1115 126 28 paragrafen

149 1143 56 22 skall
227 1145 169 20 återremitteras
416 1145 33 20 för
465 1145 147 26 omarbetning
627 1145 24 21 af
664 1151 76 15 senare
756 1145 110 26 meningen
882 1145 6 20 i
904 1145 76 20 sådant

150 1172 55 27 syfte
220 1175 34 18 att
275 1173 33 21 för
323 1173 136 21 bestridande
475 1173 22 21 af
510 1173 143 22 kostnaderne
669 1174 33 20 för
718 1176 127 24 truppernas
860 1173 121 26 utrustning

149 1201 41 21 och
206 1201 119 26 underhäll,
342 1202 61 25 skall,
418 1203 71 20 derest
504 1203 140 20 statsverkets
660 1202 108 21 ordinarie
783 1201 113 27 tillgångar
908 1201 71 22 dertill

149 1229 19 27 ej
190 1229 72 25 förslä,
279 1229 22 23 af
322 1230 119 22 Ständerne
456 1231 6 21 i
479 1231 69 27 vanlig
569 1231 92 27 ordning
680 1231 69 21 medel
765 1231 76 23 ansläs,
858 1230 50 22 eller
925 1231 57 20 Herr

149 1258 103 27 Chydenii
268 1259 96 27 yrkande
379 1262 32 18 att
426 1260 125 25 Ständerne,
564 1260 66 26 jemte
643 1260 166 26 godkännandet
821 1259 22 21 af
852 1259 127 27 paragrafen

148 1287 7 20 i
172 1286 70 28 öfrigt,
258 1288 67 21 måtte
341 1288 156 21 återremittera
513 1288 123 22 densamma
650 1289 34 20 för
698 1288 174 26 omformulering
886 1288 6 20 i
902 1288 77 21 sådant

148 1315 56 27 syfte
226 1318 34 19 att
278 1316 120 27 otvetydigt
413 1316 34 22 må
463 1317 63 21 derur
541 1316 82 28 framgå
639 1318 31 20 att
686 1316 57 22 hvad
759 1316 84 22 utöfver
858 1316 123 21 militiefon-

148 1344 53 21 dens
220 1344 121 27 disponibla
356 1345 113 27 tillgångar
485 1346 31 20 till
534 1348 126 24 truppernas
676 1346 123 26 utrustning
813 1345 40 21 och
868 1344 111 22 underhåll

147 1372 109 22 användes
272 1373 63 21 beror
351 1374 27 26 på
393 1374 80 21 medels
486 1374 114 21 anvisande
617 1374 71 22 dertill
704 1374 22 21 af
742 1374 125 21 Ständerne.

216 1430 42 22 Vid
274 1431 28 27 på
317 1431 93 27 begäran
426 1431 106 22 verkstäld
550 1432 96 26 votering
662 1431 129 21 besvarades
803 1431 69 21 denna
882 1431 98 27 proposi-

146 1459 46 21 tion
208 1460 47 20 med
273 1461 26 20 18
312 1460 28 26 ja
355 1460 39 21 och
411 1460 26 21 25
453 1460 50 26 nej.
