1078 1781
297 110 180 20 Borgareståndet
489 110 56 17 1877.
571 111 23 15 12
606 109 118 18 December.

859 104 55 20 2253

87 179 42 21 kan
151 178 20 27 ej
187 180 65 20 annat
267 180 27 19 än
310 178 78 22 föreslå
404 178 134 22 densammas
553 178 155 27 godkännande
724 179 5 20 i
746 178 120 21 hufvudsak
881 178 34 21 så-

87 213 45 16 som
147 207 111 22 Utskottet
272 207 96 22 föreslår.
391 207 70 21 Saken
477 209 24 19 är
515 207 20 26 ej
551 213 28 20 ny
594 207 33 21 för
643 207 35 21 det
688 207 69 21 finska
767 207 74 21 folket.
873 207 43 20 Vår

88 236 89 21 historia
200 235 97 26 förtäljer
318 235 84 28 mycket
425 242 34 15 om
483 236 118 21 Finnarnes
624 235 144 27 drabbningar
790 235 68 21 under
879 235 36 21 det

87 265 90 21 svenska
199 264 77 25 väldet,
292 264 28 21 dä
335 265 47 20 värt
396 264 44 21 folk
456 270 37 15 var
508 264 121 21 nödsakadt
645 267 31 18 att
691 264 97 21 försvara
803 264 32 26 sig
851 263 64 28 sjelft,

88 293 40 21 och
149 293 57 21 hvad
228 293 102 21 historien
351 293 102 27 förtäljer,
473 293 36 21 det
524 293 85 21 bevisar
624 293 122 26 ingalunda,
763 296 31 18 att
809 293 48 20 värt
871 292 44 21 folk

87 321 68 22 skulle
174 322 27 21 ha
219 322 88 26 förgätit
326 321 32 22 sin
374 322 59 26 pligt.
468 322 68 21 Dessa
555 322 85 21 minnen
658 321 28 22 ha
704 321 38 21 hos
763 327 35 16 oss
817 323 99 25 upprätt-

88 350 61 21 hällit
163 351 38 20 vär
216 350 102 21 folkanda
334 350 40 21 och
389 350 61 21 lifvat
465 356 41 15 oss.
537 350 119 21 Skalderna
670 349 64 22 hafva
753 350 96 27 beprisat
866 349 50 21 vära

87 379 92 21 forntida
202 379 90 26 bragder
314 379 40 21 och
370 379 60 21 skola
445 379 34 21 för
494 379 41 21 den
551 381 84 19 senaste
650 378 115 22 efterverld
783 379 52 21 bära
849 379 67 20 vittne

88 414 34 15 om
138 408 48 21 värt
200 407 55 22 folks
270 407 120 27 tapperhet.
420 407 73 22 Skulle
509 408 20 20 vi
545 407 34 21 väl
595 410 84 24 trampa
694 407 67 21 under
775 407 93 22 fötterna
879 407 37 20 vär

89 436 90 21 historia
193 436 40 21 och
248 435 52 22 vära
310 436 92 26 skalder,
418 437 95 21 erkänna
528 439 33 18 att
576 436 39 21 vär
630 437 98 20 mandom
744 435 118 22 försvunnit
876 435 40 21 och

89 465 62 26 neka,
170 467 33 19 att
226 464 19 21 vi
268 467 38 19 äro
329 465 52 21 barn
401 465 32 21 till
456 465 26 21 de
504 465 99 25 förfäder,
619 464 33 21 till
668 465 36 20 det
718 464 51 27 folk,
785 471 34 15 om
835 464 81 21 hvilket

89 493 88 21 skalden
193 493 94 27 sjunger:

158 521 72 27 »Täss,
254 521 70 22 Savon
346 522 81 26 joukko
451 522 79 27 tappeli
545 522 22 27 ja
580 522 52 27 joka
654 522 61 27 kynsi
734 522 93 27 kylmeni
842 521 74 22 edestä

88 550 93 22 Suomen
196 550 89 22 maan.*!

157 579 124 26 Ingalunda.
311 579 43 21 Det
377 578 68 22 finska
469 579 68 22 folket
558 580 42 21 kan
616 579 19 26 ej
651 585 51 15 vara
716 580 24 20 sä
756 579 124 26 försvasadt
896 578 21 21 af

89 607 80 25 freden,
184 610 32 19 att
231 608 36 21 det
283 607 68 22 skulle
367 607 84 27 förgäta
466 608 46 21 sina
528 608 100 25 förfäder,
644 608 32 26 sig
690 607 59 28 sjelft
760 608 39 21 och
809 609 39 20 sitt
858 607 57 21 land.

89 636 123 21 Utskottets
226 636 136 22 betänkande
378 637 61 25 visar,
454 639 33 19 att
501 638 24 20 sä
541 637 47 21 icke
604 639 25 18 är
644 636 60 21 fallet
720 636 39 21 och
775 637 36 20 det
824 638 25 19 är
859 638 57 19 otro-

89 665 40 27 ligt
143 667 33 19 att
196 665 77 21 folkets
292 667 172 25 representanter
486 665 70 22 skulle
572 665 50 27 vilja
637 667 52 25 göra
704 672 34 15 om
754 666 53 21 intet
823 665 92 21 Storfur-

90 697 58 18 stens
162 693 123 22 förtroende
300 693 40 22 och
355 693 37 22 sitt
407 694 56 21 folks
477 694 177 27 sjelfständighet.

159 722 41 27 Jag
215 722 90 21 föreslär
320 724 27 19 än
363 722 83 27 engäng
461 723 156 26 godkännande
632 723 23 20 af
664 722 252 22 Utskottsbetänkandet.

159 779 56 22 Herr
230 779 26 22 K.
272 779 25 22 F.
313 779 158 27 Ignatius:
502 782 8 18 I
527 783 90 18 motsats
633 782 44 19 mot
692 787 26 14 en
728 779 127 28 föregående
865 779 51 21 ärad

90 807 69 22 talare
182 808 68 21 häller
270 809 37 26 jag
329 809 53 25 före,
398 811 32 19 att
445 811 70 19 staten
532 809 39 21 har
586 815 26 15 en
628 809 124 26 obestridlig
768 808 102 27 rättighet
885 810 32 19 att

91 837 22 21 af
127 837 46 21 sine
187 837 140 27 medborgare
343 837 73 22 fordra
431 837 121 27 uppoffring
567 837 23 21 af
603 837 26 21 Hf
643 837 38 22 och
697 837 57 25 blod,
771 837 32 21 till
818 837 40 21 och
870 837 46 20 med

91 866 42 21 den
155 867 79 20 största
249 865 21 22 af
285 866 48 21 dem
356 865 48 27 alla,
428 866 107 27 nemligen
554 866 147 27 uppofiringen
716 866 23 21 af
754 866 48 21 dess
818 865 99 26 ungdom,

91 895 48 20 dess
161 896 70 19 söner.
262 894 45 21 Och
331 894 69 21 denna
424 895 121 26 uppoffring
568 897 24 19 är
607 895 73 25 sådan,
696 897 32 18 att
744 895 62 26 ingen
821 894 75 22 nation
912 893 6 21 i

91 922 94 27 verlden,
203 929 45 15 som
259 923 46 21 haft
320 923 52 22 eller
387 923 40 21 har
441 925 31 20 ett
488 923 118 22 fosterland
621 926 32 18 att
668 923 100 25 försvara,
784 923 81 21 kunnat
880 928 38 15 un-

92 951 109 27 dandraga
223 951 32 26 sig
276 951 129 26 densamma,
424 955 50 18 utan
490 953 68 20 mäste
574 952 130 21 underkasta
718 952 32 26 sig
765 951 152 28 uppoffringen.

92 981 38 20 Att
145 981 18 26 ej
180 979 66 22 heller
262 981 36 20 det
312 981 70 20 finska
397 981 68 21 folket
481 981 54 21 skall
551 981 65 21 tveka
626 981 40 21 och
676 981 46 21 icke
731 981 37 20 vill
780 979 138 27 undandraga

91 1009 33 26 sig
150 1008 148 27 uppfyllandet
326 1009 25 20 af
372 1009 69 21 denna
468 1010 169 26 medborgarens
662 1010 77 25 högsta
765 1009 39 22 och
833 1009 85 26 dyraste

91 1037 55 27 pligt
164 1040 38 23 att,
218 1037 27 21 dä
260 1037 181 22 fäderneslandets
458 1039 33 20 väl
506 1038 25 21 sä
545 1038 91 26 fordrar,
654 1038 58 26 gifva
726 1038 27 21 lif
766 1038 40 21 och
821 1037 51 21 blod
886 1036 33 21 för

92 1066 123 25 detsamma,
231 1067 73 20 derom
319 1066 75 26 finnes,
410 1066 68 22 skulle
492 1067 37 26 jag
545 1070 40 23 tro,
601 1067 75 21 endast
692 1073 25 14 en
728 1067 92 26 mening.
836 1079 27 2 —
879 1065 41 21 Or-

91 1095 73 25 saken,
188 1094 85 22 hvarför
298 1095 69 21 denna
386 1095 60 27 fräga
461 1095 34 22 för
510 1095 132 22 närvarande
662 1095 100 21 framstär
776 1095 25 21 sä
815 1094 103 26 allvarlig,

92 1123 124 21 framkallar
234 1123 24 22 sä
274 1123 84 27 mycket
376 1124 79 21 tvekan
471 1126 56 19 samt
542 1130 38 21 ger
595 1124 81 27 upphof
690 1124 33 21 till
739 1130 25 15 en
781 1123 77 26 mängd
870 1123 50 21 stri-

92 1152 51 26 diga
157 1152 86 25 äsigter,
258 1154 25 19 är
293 1153 40 20 den
349 1154 32 19 att
396 1153 146 26 värnepligten
558 1153 33 20 för
607 1159 28 14 nu
650 1152 96 22 lefvande
761 1152 124 27 generation
896 1153 24 18 är

92 1181 117 27 nägonting
230 1183 54 24 nytt,
307 1181 66 21 sedan
389 1181 20 21 vi
425 1182 30 21 uti
478 1185 60 18 snart
559 1181 74 26 sjuttio
656 1182 29 25 är,
708 1181 48 21 med
772 1181 109 26 undantag
898 1179 22 21 af

93 1209 66 25 några
179 1209 87 22 kortare
289 1209 141 27 mellantider,
451 1210 56 21 varit
522 1211 6 20 i
545 1210 82 21 saknad
649 1210 23 21 af
686 1216 52 20 egen
762 1210 86 21 militär.
878 1209 42 20 Det

92 1237 67 28 gäller
180 1239 33 20 för
228 1244 34 16 oss
277 1244 35 20 nu,
328 1238 46 22 icke
390 1241 34 19 att
438 1239 69 21 ändra
522 1241 32 19 ett
569 1239 64 21 redan
649 1239 57 21 förut
721 1238 133 22 existerande
869 1237 51 21 här-

92 1267 92 21 väsende
199 1267 32 21 till
246 1269 32 19 ett
292 1270 72 24 annat,
380 1267 66 27 bygdt
461 1268 28 26 pä
505 1274 59 15 mera
579 1268 99 26 tidsenlig
692 1268 74 26 grund,
783 1270 51 18 utan
850 1267 36 20 det
896 1268 24 19 är

92 1296 61 26 fräga
169 1302 33 14 om
217 1298 33 18 att
265 1296 70 21 införa
350 1298 31 19 ett
397 1298 47 24 nytt
459 1296 78 21 sädant
551 1296 86 22 hos'ett
653 1297 23 21 sä
690 1297 53 26 godt
754 1302 44 15 som
809 1296 111 26 vapenlöst

93 1324 52 26 folk,
169 1326 32 19 ett
221 1324 140 24 härväsende,
385 1324 81 22 hvilket
482 1327 24 19 är
522 1324 100 22 baseradt
638 1325 26 27 pä
680 1325 44 21 helt
746 1325 66 21 andra
827 1324 93 27 grunder

93 1355 28 19 än
139 1353 37 21 det
190 1353 7 20 i
212 1353 35 26 lag
267 1355 57 19 ännu
343 1353 99 27 gällande
462 1353 202 27 indelningsverket.
696 1354 74 21 Under
784 1353 80 21 sådana
880 1352 40 21 för-

93 1381 114 21 hällanden
230 1384 24 19 är
269 1382 36 21 det
320 1382 32 21 för
368 1388 35 15 oss
418 1382 98 27 omöjligt
531 1384 32 20 att
579 1382 23 21 af
615 1388 52 21 egen
688 1382 119 22 erfarenhet
830 1381 90 21 bedöma

93 1410 110 21 storleken
217 1410 21 21 af
253 1410 40 22 den
317 1410 74 25 börda,
412 1417 45 15 som
473 1413 25 19 är
513 1410 74 22 afsedd
603 1412 32 20 att
657 1410 91 28 aflyftas,
770 1410 39 22 och
832 1410 88 21 härmed

91 1438 93 26 jemföra
207 1439 39 21 den
268 1441 66 25 tunga
349 1439 85 21 hvilken
450 1440 56 21 skall
522 1440 63 21 träda
600 1440 7 20 i
622 1440 78 21 stället.
730 1440 79 21 Härtill
824 1439 96 21 kommer

94 1473 26 15 en
144 1467 144 27 betänklighet
310 1468 25 21 af
349 1468 36 21 det
408 1470 54 19 mest
485 1468 150 22 allvarsamma
656 1468 53 27 slag,
726 1474 24 15 en
767 1468 152 26 betänklighet,

94 1502 45 15 som
160 1496 134 22 framkallats
310 1496 22 22 af
346 1497 48 21 värt
410 1497 60 21 lands
486 1497 101 27 politiska
603 1496 139 27 förhällande,
758 1496 22 22 af
795 1497 47 21 dess
855 1496 65 21 union
