1078 1781
282 109 179 21 Borgareståndet
474 110 55 18 1877.
550 110 11 17 7
573 110 120 18 December.
837 104 57 21 2209

62 177 98 22 ståndets
183 177 154 22 ofvanberörda
359 178 133 27 inbjudning,
511 178 70 22 skulle
604 178 32 21 till
659 178 93 22 nämnde
772 178 67 22 Stånd
858 185 37 15 ex-

62 206 107 27 pedieras.

132 264 116 21 Momentet
276 265 12 20 8
311 264 7 20 i
342 263 325 28 sammanjemkningsförslaget,
692 264 81 21 hvilket
799 263 95 22 härefter

63 291 110 27 föredrogs
196 292 124 21 föranledde
335 293 18 26 ej
375 292 31 21 till
426 293 75 26 åtgärd
526 293 39 21 och
588 299 63 15 mom.
668 294 12 20 9
696 293 123 26 godkändes
842 295 52 19 utan

62 320 127 22 diskussion.

383 377 142 22 Momentet
543 379 32 21 10.

133 435 56 21 Herr
204 435 143 26 Ignatius:
377 435 41 28 Jag
433 435 68 21 skulle
517 435 33 22 för
566 435 42 22 min
624 435 33 22 del
673 438 33 19 tro
726 437 33 20 att
778 436 116 25 Utskottet,

62 463 36 21 vid
114 464 148 27 uppgörandet
277 464 23 21 af
318 464 37 21 sitt
370 464 306 27 sammanjemkningsförslag,
692 465 69 21 denna
776 465 56 26 gång
847 465 47 21 icke

63 491 74 22 träffat
153 493 35 20 det
204 495 63 18 rätta.
298 492 63 22 Såväl
378 493 85 21 Preste-
477 499 46 15 som
539 493 181 26 Borgareståndet
731 493 55 21 hade
797 493 97 22 uteslutit

63 521 67 20 orden
146 521 63 27 ,eller
224 523 24 19 är
264 521 160 27 dryckesrörd",
441 521 40 22 och
493 522 161 21 Bondeständet
665 528 45 15 som
721 522 45 21 helt
777 522 38 21 och
826 522 68 21 hållet

62 550 145 26 omredigerat
222 549 60 22 detta
297 552 100 24 moment,
413 550 55 21 hade
483 550 72 27 tillagt
570 557 26 14 en
611 550 91 22 särskild
714 551 135 26 bestämning
860 553 34 19 att

63 577 119 28 skjutshäst
208 578 18 27 ej
250 579 35 20 mä
310 578 67 28 gifvas
400 579 22 20 åt
445 579 141 26 dryckesrörd
608 585 84 20 person.
722 579 172 22 Presteständets

64 607 91 21 motiver
177 607 32 21 för
225 607 69 21 denna
309 607 130 27 uteslutning
455 609 38 20 äro
509 608 108 21 desamma
633 614 45 15 som
694 607 24 22 af
731 607 163 22 Bondeständet

64 635 70 21 blifvit
156 636 96 21 uttalade
272 636 38 21 och
330 642 52 20 som,
398 636 66 26 enligt
480 636 55 21 hvad
549 636 37 27 jag
601 636 82 22 minnes
698 636 24 21 af
736 637 156 25 diskussionen,

64 663 63 22 äfven
143 664 57 21 inom
216 664 180 26 Borgareständet
411 665 75 26 gjorde
501 665 32 26 sig
549 665 104 26 gällande.
684 665 42 22 Det
741 672 45 20 var,
799 671 34 16 om
845 665 49 21 mitt

64 692 72 21 minne
159 693 18 26 ej
199 693 77 27 sviker,
297 693 45 27 just
362 693 43 27 jag,
429 699 46 15 som
498 693 92 27 föreslog
605 696 33 19 att
652 694 94 21 utesluta
762 694 25 21 de
803 694 92 21 anförda

64 721 74 22 orden.
169 721 102 22 Deremot
293 728 37 15 var
352 723 37 20 det
407 722 7 21 i
430 722 181 27 Borgareständet
633 723 18 26 ej
676 722 59 27 fråga
759 729 34 15 om
815 725 34 18 att
871 723 24 21 åt

64 750 142 27 dryckesrörd
221 757 76 20 person
314 753 65 24 vägra
395 750 125 27 skjutshäst,
537 751 89 21 emedan
641 757 49 15 man
706 751 47 22 icke
764 751 49 21 ville
828 751 67 21 inläta

63 779 34 26 sig
120 779 27 26 pä
170 779 165 28 bestämningar,
351 785 45 16 som
418 779 72 21 kunde
505 786 26 20 ge
547 780 114 26 anledning
677 780 33 21 till
725 780 107 21 missbruk
848 780 47 21 från

64 807 156 27 gästgifvarens
235 808 56 25 sida;
308 814 48 15 man
367 809 66 26 ansäg
444 808 109 21 allmänna
563 808 74 27 lagens
648 809 158 27 bestämningar
816 809 7 20 i
836 809 60 21 detta

65 835 37 22 fall
118 843 51 14 vara
191 836 135 27 tillräckliga.
356 836 41 27 Jag
419 837 91 21 föreslår
532 839 33 19 att
588 837 188 27 Borgareständet,
791 837 48 21 med
853 837 43 21 för-

64 864 105 22 kastande
185 865 23 20 af
221 865 326 27 sammanjemkningsförslaget,
563 865 78 22 vidblir
656 866 38 21 sitt
709 865 58 22 förra
782 866 77 22 beslut.

136 921 58 22 Herr
216 922 120 21 Jansson:
367 919 66 25 Äfven
457 922 58 22 inom
534 923 112 22 Utskottet
664 923 107 22 uttalades
786 923 112 22 enahanda

64 950 64 27 äsigt,
144 957 45 15 som
206 951 40 20 den
262 951 55 21 Herr
331 951 93 27 Ignatius
440 951 40 21 här
495 951 124 25 framhällit,
635 958 47 15 men
694 952 70 21 kunde
775 952 47 21 icke
833 952 65 21 vinna

65 979 120 26 pluralitet;
201 979 34 21 vid
254 979 132 27 justeringen
407 980 112 27 frängingo
535 981 32 20 till
583 980 40 21 och
639 981 47 20 med
703 981 25 21 de
744 981 61 20 flesta
820 980 23 21 af
857 980 40 21 mi-

66 1008 106 21 noriteten
188 1008 47 21 frän
255 1009 69 20 denna
339 1009 61 26 äsigt,
416 1009 39 20 och
472 1009 36 21 det
523 1009 28 27 pä
567 1009 26 21 de
609 1009 100 27 grunder,
725 1015 45 15 som
786 1009 111 21 Utskottet

64 1036 30 27 pä
116 1037 60 20 sidan
193 1037 26 20 14
239 1037 86 20 uttalar.
356 1037 42 21 Det
416 1037 63 21 fanns
499 1037 123 26 visserligen
638 1040 32 19 tre
686 1037 78 22 Ständs
779 1037 70 22 beslut
864 1039 33 20 att

64 1065 69 21 orden
155 1065 67 25 eller
244 1067 24 19 är
290 1065 151 28 dryckesrörd*
457 1066 72 21 skulle
545 1066 52 27 utgå
611 1073 26 14 ur
651 1067 65 21 slutet
731 1066 23 21 af
768 1067 12 26 $
797 1067 35 25 19;
849 1072 48 15 men

65 1093 29 21 dä
109 1093 36 22 tvä
168 1094 66 21 Ständ
258 1094 54 21 hade
334 1095 78 20 önskat
434 1096 32 19 ett
487 1101 60 15 mera
566 1095 131 21 omfattande
712 1095 124 27 stadgande,
852 1101 45 15 som

65 1121 47 22 helt
134 1122 40 21 och
197 1122 67 21 hållet
285 1122 83 27 förbjöd
384 1125 33 19 att
431 1123 72 22 lemna
518 1123 49 22 häst
582 1123 21 22 åt
620 1123 139 28 dryckesrörd
775 1130 83 21 person,
874 1123 24 21 så

66 1151 68 21 måste
150 1157 49 15 man
214 1151 135 27 naturligtvis
364 1151 168 27 sammanjemka
547 1153 28 26 på
590 1152 41 21 den
646 1153 68 26 grund
728 1155 32 19 att
772 1153 67 26 desse,
851 1158 46 15 som

66 1179 56 21 hade
137 1180 57 21 velat
215 1180 35 21 det
270 1182 75 25 större,
362 1181 61 20 äfven
438 1181 52 20 ville
505 1181 37 20 det
557 1181 89 26 mindre,
663 1181 52 21 eller
730 1183 32 19 att
778 1181 60 21 detta
854 1181 43 21 för-

66 1207 44 22 bud
133 1208 68 21 skulle
224 1209 92 26 qvarstå.
347 1209 112 21 Utskottet
481 1209 91 27 redogör
587 1209 6 21 i
610 1209 66 22 första
697 1209 83 28 stycket
794 1210 28 27 på
837 1209 61 22 sidan

68 1237 27 21 14
111 1237 33 21 för
159 1237 61 21 dessa
230 1238 104 26 grunder:
360 1254 7 8 ,
375 1237 40 22 Vid
426 1237 79 22 sådant
515 1238 133 22 förhållande
659 1244 61 22 synes
731 1238 34 22 väl
776 1240 32 20 tre
819 1238 79 22 Ständs

67 1265 71 21 beslut
163 1267 86 25 qvarstå
272 1266 78 26 derom,
366 1269 32 19 att
422 1267 36 20 det
477 1267 6 21 i
504 1267 12 27 $
534 1268 25 20 19
572 1274 63 14 mom.
651 1268 12 20 5
679 1267 104 27 ingående
798 1267 100 21 förbudet

67 1294 34 21 för
117 1294 140 27 dryckesrörd
272 1296 90 20 resande
377 1297 33 19 att
428 1296 54 20 köra
497 1296 119 26 skjutshäst
631 1296 61 21 äfven
708 1296 66 21 borde
789 1296 108 21 bortfalla.

66 1322 52 22 Men
142 1324 27 20 då
191 1323 85 22 Preste-
299 1324 39 21 och
360 1324 173 26 Bondestånden,
549 1330 34 16 om
607 1325 26 21 de
648 1325 64 21 också
730 1324 57 22 velat
803 1324 95 22 utesluta

67 1352 142 21 nästnämnda
224 1352 84 27 förbud,
323 1352 73 26 likväl,
412 1353 6 21 i
435 1352 36 22 det
487 1353 26 21 de
529 1353 68 21 tillika
613 1354 77 20 uttalat
705 1354 32 26 sig
752 1353 33 21 för
801 1354 36 20 det
852 1359 47 15 om-

66 1379 107 23 förmälda
188 1380 221 28 tilläggsstadgandet,
422 1387 45 15 som
482 1382 75 21 endast
568 1382 89 21 innebär
668 1382 76 21 förbud
756 1382 32 21 för
799 1382 99 27 dryckes-

67 1409 50 21 rörd
141 1409 90 21 resande
251 1412 32 18 att
298 1410 47 21 föra
363 1412 126 24 tömmarne,
506 1410 39 21 har
561 1410 110 22 Utskottet
686 1423 28 3 —
729 1410 74 22 härvid
819 1410 81 22 tilläm-

67 1438 71 26 pande
153 1438 62 22 äfven
231 1438 71 26 regeln
317 1438 33 22 för
366 1438 105 22 sökandet
487 1438 23 22 af
523 1439 109 27 pluralitet
643 1439 33 21 vid
687 1439 122 27 skiljaktiga
819 1440 81 26 åsigter

67 1468 48 22 »att
138 1466 40 22 den
201 1473 45 15 som
262 1466 36 22 vill
319 1473 45 15 mer
379 1467 37 21 vill
431 1469 96 19 närmast
543 1468 103 26 mindre",
663 1480 27 3 —
706 1468 39 21 och
761 1468 95 26 oaktadt,
872 1468 29 26 pä

67 1495 141 22 nästanförda
231 1496 93 26 grunder
347 1498 33 19 tre
402 1496 80 21 Stånds
503 1496 70 22 beslut
589 1496 188 22 öfverensstämma
792 1502 34 16 om
843 1496 58 22 bibe-

798 1536 33 17 139
