<?xml version="1.0" encoding="UTF-8"?>
<alto xmlns="http://www.loc.gov/standards/alto/ns-v3#" xmlns:xlink="http://www.w3.org/1999/xlink" xmlns:xsi="http://www.w3.org/2001/XMLSchema-instance" xsi:schemaLocation="http://www.loc.gov/standards/alto/ns-v3# http://www.loc.gov/alto/v3/alto-3-0.xsd">
	<Description>
		<MeasurementUnit>pixel</MeasurementUnit>
		<sourceImageInformation>
			<fileName>/tmp/tess_etwynvan_input.PNG</fileName>
		</sourceImageInformation>
		<OCRProcessing ID="OCR_0">
			<ocrProcessingStep>
				<processingSoftware>
					<softwareName>tesseract 5.3.4</softwareName>
				</processingSoftware>
			</ocrProcessingStep>
		</OCRProcessing>
	</Description>
	<Layout>
		<Page WIDTH="1078" HEIGHT="1781" PHYSICAL_IMG_NR="0" ID="page_0">
			<PrintSpace HPOS="0" VPOS="0" WIDTH="1078" HEIGHT="1781">
				<ComposedBlock ID="cblock_0" HPOS="167" VPOS="94" WIDTH="623" HEIGHT="34">
					<TextBlock ID="block_0" HPOS="167" VPOS="94" WIDTH="623" HEIGHT="34">
						<TextLine ID="line_0" HPOS="167" VPOS="94" WIDTH="623" HEIGHT="34">
							<String ID="string_0" HPOS="167" VPOS="94" WIDTH="57" HEIGHT="34" WC="0.95" CONTENT="2550"/><SP WIDTH="152" VPOS="94" HPOS="224"/>
							<String ID="string_1" HPOS="376" VPOS="104" WIDTH="181" HEIGHT="21" WC="0.91" CONTENT="Borgareståndet"/><SP WIDTH="12" VPOS="104" HPOS="557"/>
							<String ID="string_2" HPOS="569" VPOS="105" WIDTH="54" HEIGHT="17" WC="0.95" CONTENT="1877."/><SP WIDTH="19" VPOS="105" HPOS="623"/>
							<String ID="string_3" HPOS="642" VPOS="106" WIDTH="24" HEIGHT="16" WC="0.96" CONTENT="19"/><SP WIDTH="6" VPOS="106" HPOS="666"/>
							<String ID="string_4" HPOS="672" VPOS="105" WIDTH="118" HEIGHT="18" WC="0.96" CONTENT="December."/>
						</TextLine>
					</TextBlock>
				</ComposedBlock>
				<GraphicalElement ID="cblock_1" HPOS="167" VPOS="130" WIDTH="830" HEIGHT="10"></GraphicalElement >
				<ComposedBlock ID="cblock_2" HPOS="166" VPOS="172" WIDTH="832" HEIGHT="309">
					<TextBlock ID="block_1" HPOS="166" VPOS="172" WIDTH="832" HEIGHT="309">
						<TextLine ID="line_1" HPOS="236" VPOS="172" WIDTH="761" HEIGHT="28">
							<String ID="string_5" HPOS="236" VPOS="172" WIDTH="57" HEIGHT="23" WC="0.93" CONTENT="Herr"/><SP WIDTH="15" VPOS="172" HPOS="293"/>
							<String ID="string_6" HPOS="308" VPOS="172" WIDTH="141" HEIGHT="23" WC="0.88" CONTENT="Höckert:"/><SP WIDTH="17" VPOS="172" HPOS="449"/>
							<String ID="string_7" HPOS="466" VPOS="173" WIDTH="71" HEIGHT="22" WC="0.92" CONTENT="Sedan"/><SP WIDTH="16" VPOS="173" HPOS="537"/>
							<String ID="string_8" HPOS="553" VPOS="173" WIDTH="91" HEIGHT="22" WC="0.92" CONTENT="Ståndet"/><SP WIDTH="14" VPOS="173" HPOS="644"/>
							<String ID="string_9" HPOS="658" VPOS="180" WIDTH="90" HEIGHT="15" WC="0.96" CONTENT="numera"/><SP WIDTH="12" VPOS="180" HPOS="748"/>
							<String ID="string_10" HPOS="760" VPOS="174" WIDTH="6" HEIGHT="21" WC="0.96" CONTENT="i"/><SP WIDTH="12" VPOS="174" HPOS="766"/>
							<String ID="string_11" HPOS="778" VPOS="174" WIDTH="48" HEIGHT="21" WC="0.93" CONTENT="dess"/><SP WIDTH="9" VPOS="174" HPOS="826"/>
							<String ID="string_12" HPOS="835" VPOS="173" WIDTH="162" HEIGHT="27" WC="0.89" CONTENT="bufvudsakliga"/>
						</TextLine>
						<TextLine ID="line_2" HPOS="167" VPOS="201" WIDTH="829" HEIGHT="28">
							<String ID="string_13" HPOS="167" VPOS="201" WIDTH="41" HEIGHT="22" WC="0.93" CONTENT="och"/><SP WIDTH="10" VPOS="201" HPOS="208"/>
							<String ID="string_14" HPOS="218" VPOS="202" WIDTH="203" HEIGHT="27" WC="0.91" CONTENT="grundväsendtliga"/><SP WIDTH="10" VPOS="202" HPOS="421"/>
							<String ID="string_15" HPOS="431" VPOS="201" WIDTH="66" HEIGHT="27" WC="0.96" CONTENT="delar,"/><SP WIDTH="8" VPOS="201" HPOS="497"/>
							<String ID="string_16" HPOS="505" VPOS="203" WIDTH="81" HEIGHT="24" WC="0.93" CONTENT="antagit"/><SP WIDTH="8" VPOS="203" HPOS="586"/>
							<String ID="string_17" HPOS="594" VPOS="202" WIDTH="253" HEIGHT="27" WC="0.91" CONTENT="Värnepligtsutskottets"/><SP WIDTH="8" VPOS="202" HPOS="847"/>
							<String ID="string_18" HPOS="855" VPOS="202" WIDTH="141" HEIGHT="25" WC="0.96" CONTENT="betänkande,"/>
						</TextLine>
						<TextLine ID="line_3" HPOS="166" VPOS="230" WIDTH="830" HEIGHT="28">
							<String ID="string_19" HPOS="166" VPOS="230" WIDTH="82" HEIGHT="27" WC="0.92" CONTENT="nödgas"/><SP WIDTH="18" VPOS="230" HPOS="248"/>
							<String ID="string_20" HPOS="266" VPOS="231" WIDTH="44" HEIGHT="27" WC="0.93" CONTENT="jag,"/><SP WIDTH="23" VPOS="231" HPOS="310"/>
							<String ID="string_21" HPOS="333" VPOS="230" WIDTH="83" HEIGHT="22" WC="0.93" CONTENT="utöfver"/><SP WIDTH="19" VPOS="230" HPOS="416"/>
							<String ID="string_22" HPOS="435" VPOS="231" WIDTH="25" HEIGHT="20" WC="0.96" CONTENT="de"/><SP WIDTH="16" VPOS="231" HPOS="460"/>
							<String ID="string_23" HPOS="476" VPOS="231" WIDTH="156" HEIGHT="21" WC="0.96" CONTENT="reservationer"/><SP WIDTH="13" VPOS="231" HPOS="632"/>
							<String ID="string_24" HPOS="645" VPOS="231" WIDTH="37" HEIGHT="27" WC="0.96" CONTENT="jag"/><SP WIDTH="15" VPOS="231" HPOS="682"/>
							<String ID="string_25" HPOS="697" VPOS="233" WIDTH="45" HEIGHT="19" WC="0.96" CONTENT="mot"/><SP WIDTH="14" VPOS="233" HPOS="742"/>
							<String ID="string_26" HPOS="756" VPOS="231" WIDTH="67" HEIGHT="27" WC="0.96" CONTENT="några"/><SP WIDTH="16" VPOS="231" HPOS="823"/>
							<String ID="string_27" HPOS="839" VPOS="231" WIDTH="157" HEIGHT="26" WC="0.96" CONTENT="bestämningar"/>
						</TextLine>
						<TextLine ID="line_4" HPOS="166" VPOS="259" WIDTH="831" HEIGHT="28">
							<String ID="string_28" HPOS="166" VPOS="259" WIDTH="7" HEIGHT="20" WC="0.93" CONTENT="i"/><SP WIDTH="24" VPOS="259" HPOS="173"/>
							<String ID="string_29" HPOS="197" VPOS="259" WIDTH="56" HEIGHT="21" WC="0.95" CONTENT="vissa"/><SP WIDTH="21" VPOS="259" HPOS="253"/>
							<String ID="string_30" HPOS="274" VPOS="259" WIDTH="126" HEIGHT="27" WC="0.96" CONTENT="paragrafer"/><SP WIDTH="18" VPOS="259" HPOS="400"/>
							<String ID="string_31" HPOS="418" VPOS="259" WIDTH="86" HEIGHT="25" WC="0.94" CONTENT="anmält,"/><SP WIDTH="15" VPOS="259" HPOS="504"/>
							<String ID="string_32" HPOS="519" VPOS="259" WIDTH="125" HEIGHT="28" WC="0.96" CONTENT="ytterligare"/><SP WIDTH="14" VPOS="259" HPOS="644"/>
							<String ID="string_33" HPOS="658" VPOS="259" WIDTH="106" HEIGHT="27" WC="0.96" CONTENT="nedlägga"/><SP WIDTH="16" VPOS="259" HPOS="764"/>
							<String ID="string_34" HPOS="780" VPOS="266" WIDTH="25" HEIGHT="15" WC="0.96" CONTENT="en"/><SP WIDTH="15" VPOS="266" HPOS="805"/>
							<String ID="string_35" HPOS="820" VPOS="260" WIDTH="78" HEIGHT="21" WC="0.96" CONTENT="allmän"/><SP WIDTH="16" VPOS="260" HPOS="898"/>
							<String ID="string_36" HPOS="914" VPOS="261" WIDTH="83" HEIGHT="25" WC="0.96" CONTENT="protest"/>
						</TextLine>
						<TextLine ID="line_5" HPOS="166" VPOS="287" WIDTH="830" HEIGHT="28">
							<String ID="string_37" HPOS="166" VPOS="289" WIDTH="47" HEIGHT="20" WC="0.92" CONTENT="mot"/><SP WIDTH="22" VPOS="289" HPOS="213"/>
							<String ID="string_38" HPOS="235" VPOS="287" WIDTH="102" HEIGHT="22" WC="0.90" CONTENT="Ståndets"/><SP WIDTH="15" VPOS="287" HPOS="337"/>
							<String ID="string_39" HPOS="352" VPOS="287" WIDTH="72" HEIGHT="22" WC="0.95" CONTENT="beslut"/><SP WIDTH="15" VPOS="287" HPOS="424"/>
							<String ID="string_40" HPOS="439" VPOS="290" WIDTH="32" HEIGHT="19" WC="0.96" CONTENT="att"/><SP WIDTH="16" VPOS="290" HPOS="471"/>
							<String ID="string_41" HPOS="487" VPOS="291" WIDTH="77" HEIGHT="24" WC="0.96" CONTENT="antaga"/><SP WIDTH="16" VPOS="291" HPOS="564"/>
							<String ID="string_42" HPOS="580" VPOS="289" WIDTH="78" HEIGHT="20" WC="0.93" CONTENT="allmän"/><SP WIDTH="17" VPOS="289" HPOS="658"/>
							<String ID="string_43" HPOS="675" VPOS="288" WIDTH="119" HEIGHT="27" WC="0.92" CONTENT="värnepligt"/><SP WIDTH="16" VPOS="288" HPOS="794"/>
							<String ID="string_44" HPOS="810" VPOS="288" WIDTH="6" HEIGHT="21" WC="0.96" CONTENT="i"/><SP WIDTH="15" VPOS="288" HPOS="816"/>
							<String ID="string_45" HPOS="831" VPOS="289" WIDTH="39" HEIGHT="20" WC="0.96" CONTENT="den"/><SP WIDTH="16" VPOS="289" HPOS="870"/>
							<String ID="string_46" HPOS="886" VPOS="288" WIDTH="54" HEIGHT="21" WC="0.96" CONTENT="form"/><SP WIDTH="16" VPOS="288" HPOS="940"/>
							<String ID="string_47" HPOS="956" VPOS="287" WIDTH="40" HEIGHT="23" WC="0.96" CONTENT="och"/>
						</TextLine>
						<TextLine ID="line_6" HPOS="166" VPOS="315" WIDTH="830" HEIGHT="28">
							<String ID="string_48" HPOS="166" VPOS="315" WIDTH="142" HEIGHT="28" WC="0.96" CONTENT="tillämpning,"/><SP WIDTH="16" VPOS="315" HPOS="308"/>
							<String ID="string_49" HPOS="324" VPOS="323" WIDTH="45" HEIGHT="15" WC="0.96" CONTENT="som"/><SP WIDTH="16" VPOS="323" HPOS="369"/>
							<String ID="string_50" HPOS="385" VPOS="316" WIDTH="146" HEIGHT="22" WC="0.96" CONTENT="betänkandet"/><SP WIDTH="14" VPOS="316" HPOS="531"/>
							<String ID="string_51" HPOS="545" VPOS="317" WIDTH="124" HEIGHT="21" WC="0.95" CONTENT="innehåller."/><SP WIDTH="31" VPOS="317" HPOS="669"/>
							<String ID="string_52" HPOS="700" VPOS="317" WIDTH="41" HEIGHT="26" WC="0.96" CONTENT="Jag"/><SP WIDTH="16" VPOS="317" HPOS="741"/>
							<String ID="string_53" HPOS="757" VPOS="317" WIDTH="78" HEIGHT="21" WC="0.96" CONTENT="önskar"/><SP WIDTH="15" VPOS="317" HPOS="835"/>
							<String ID="string_54" HPOS="850" VPOS="317" WIDTH="22" HEIGHT="21" WC="0.95" CONTENT="få"/><SP WIDTH="14" VPOS="317" HPOS="872"/>
							<String ID="string_55" HPOS="886" VPOS="317" WIDTH="32" HEIGHT="21" WC="0.93" CONTENT="till"/><SP WIDTH="14" VPOS="317" HPOS="918"/>
							<String ID="string_56" HPOS="932" VPOS="316" WIDTH="64" HEIGHT="22" WC="0.92" CONTENT="Stån-"/>
						</TextLine>
						<TextLine ID="line_7" HPOS="167" VPOS="344" WIDTH="831" HEIGHT="28">
							<String ID="string_57" HPOS="167" VPOS="344" WIDTH="48" HEIGHT="22" WC="0.96" CONTENT="dets"/><SP WIDTH="21" VPOS="344" HPOS="215"/>
							<String ID="string_58" HPOS="236" VPOS="345" WIDTH="108" HEIGHT="27" WC="0.93" CONTENT="protokoll"/><SP WIDTH="22" VPOS="345" HPOS="344"/>
							<String ID="string_59" HPOS="366" VPOS="345" WIDTH="130" HEIGHT="21" WC="0.82" CONTENT="antecknadt"/><SP WIDTH="19" VPOS="345" HPOS="496"/>
							<String ID="string_60" HPOS="515" VPOS="348" WIDTH="33" HEIGHT="19" WC="0.96" CONTENT="att"/><SP WIDTH="13" VPOS="348" HPOS="548"/>
							<String ID="string_61" HPOS="561" VPOS="345" WIDTH="36" HEIGHT="27" WC="0.96" CONTENT="jag"/><SP WIDTH="15" VPOS="345" HPOS="597"/>
							<String ID="string_62" HPOS="612" VPOS="345" WIDTH="46" HEIGHT="22" WC="0.96" CONTENT="icke"/><SP WIDTH="16" VPOS="345" HPOS="658"/>
							<String ID="string_63" HPOS="674" VPOS="345" WIDTH="94" HEIGHT="27" WC="0.96" CONTENT="bidragit"/><SP WIDTH="16" VPOS="345" HPOS="768"/>
							<String ID="string_64" HPOS="784" VPOS="345" WIDTH="31" HEIGHT="22" WC="0.95" CONTENT="till"/><SP WIDTH="16" VPOS="345" HPOS="815"/>
							<String ID="string_65" HPOS="831" VPOS="345" WIDTH="129" HEIGHT="26" WC="0.95" CONTENT="antagandet"/><SP WIDTH="14" VPOS="345" HPOS="960"/>
							<String ID="string_66" HPOS="974" VPOS="345" WIDTH="24" HEIGHT="22" WC="0.96" CONTENT="af"/>
						</TextLine>
						<TextLine ID="line_8" HPOS="167" VPOS="373" WIDTH="829" HEIGHT="28">
							<String ID="string_67" HPOS="167" VPOS="373" WIDTH="59" HEIGHT="22" WC="0.96" CONTENT="detta"/><SP WIDTH="23" VPOS="373" HPOS="226"/>
							<String ID="string_68" HPOS="249" VPOS="374" WIDTH="143" HEIGHT="25" WC="0.96" CONTENT="betänkande,"/><SP WIDTH="26" VPOS="374" HPOS="392"/>
							<String ID="string_69" HPOS="418" VPOS="375" WIDTH="89" HEIGHT="20" WC="0.94" CONTENT="emedan"/><SP WIDTH="16" VPOS="375" HPOS="507"/>
							<String ID="string_70" HPOS="523" VPOS="374" WIDTH="48" HEIGHT="21" WC="0.96" CONTENT="mitt"/><SP WIDTH="15" VPOS="374" HPOS="571"/>
							<String ID="string_71" HPOS="586" VPOS="377" WIDTH="94" HEIGHT="18" WC="0.95" CONTENT="samvete"/><SP WIDTH="15" VPOS="377" HPOS="680"/>
							<String ID="string_72" HPOS="695" VPOS="375" WIDTH="47" HEIGHT="20" WC="0.96" CONTENT="icke"/><SP WIDTH="16" VPOS="375" HPOS="742"/>
							<String ID="string_73" HPOS="758" VPOS="374" WIDTH="81" HEIGHT="21" WC="0.96" CONTENT="tillåter"/><SP WIDTH="15" VPOS="374" HPOS="839"/>
							<String ID="string_74" HPOS="854" VPOS="374" WIDTH="42" HEIGHT="27" WC="0.96" CONTENT="mig"/><SP WIDTH="15" VPOS="374" HPOS="896"/>
							<String ID="string_75" HPOS="911" VPOS="376" WIDTH="33" HEIGHT="19" WC="0.93" CONTENT="att"/><SP WIDTH="14" VPOS="376" HPOS="944"/>
							<String ID="string_76" HPOS="958" VPOS="380" WIDTH="38" HEIGHT="15" WC="0.92" CONTENT="un-"/>
						</TextLine>
						<TextLine ID="line_9" HPOS="167" VPOS="401" WIDTH="829" HEIGHT="29">
							<String ID="string_77" HPOS="167" VPOS="401" WIDTH="101" HEIGHT="22" WC="0.92" CONTENT="derkasta"/><SP WIDTH="15" VPOS="401" HPOS="268"/>
							<String ID="string_78" HPOS="283" VPOS="403" WIDTH="48" HEIGHT="20" WC="0.96" CONTENT="vårt"/><SP WIDTH="14" VPOS="403" HPOS="331"/>
							<String ID="string_79" HPOS="345" VPOS="402" WIDTH="45" HEIGHT="21" WC="0.96" CONTENT="folk"/><SP WIDTH="15" VPOS="402" HPOS="390"/>
							<String ID="string_80" HPOS="405" VPOS="402" WIDTH="92" HEIGHT="27" WC="0.96" CONTENT="lottning"/><SP WIDTH="16" VPOS="402" HPOS="497"/>
							<String ID="string_81" HPOS="513" VPOS="402" WIDTH="39" HEIGHT="22" WC="0.93" CONTENT="och"/><SP WIDTH="15" VPOS="402" HPOS="552"/>
							<String ID="string_82" HPOS="567" VPOS="403" WIDTH="67" HEIGHT="26" WC="0.90" CONTENT="derpå"/><SP WIDTH="15" VPOS="403" HPOS="634"/>
							<String ID="string_83" HPOS="649" VPOS="403" WIDTH="98" HEIGHT="27" WC="0.93" CONTENT="grundad"/><SP WIDTH="15" VPOS="403" HPOS="747"/>
							<String ID="string_84" HPOS="762" VPOS="403" WIDTH="148" HEIGHT="26" WC="0.93" CONTENT="tvångstjenst,"/><SP WIDTH="15" VPOS="403" HPOS="910"/>
							<String ID="string_85" HPOS="925" VPOS="409" WIDTH="26" HEIGHT="15" WC="0.93" CONTENT="en"/><SP WIDTH="10" VPOS="409" HPOS="951"/>
							<String ID="string_86" HPOS="961" VPOS="403" WIDTH="35" HEIGHT="20" WC="0.91" CONTENT="åt-"/>
						</TextLine>
						<TextLine ID="line_10" HPOS="166" VPOS="431" WIDTH="829" HEIGHT="28">
							<String ID="string_87" HPOS="166" VPOS="431" WIDTH="60" HEIGHT="26" WC="0.91" CONTENT="gärd,"/><SP WIDTH="22" VPOS="431" HPOS="226"/>
							<String ID="string_88" HPOS="248" VPOS="437" WIDTH="46" HEIGHT="15" WC="0.96" CONTENT="som"/><SP WIDTH="20" VPOS="437" HPOS="294"/>
							<String ID="string_89" HPOS="314" VPOS="431" WIDTH="38" HEIGHT="27" WC="0.96" CONTENT="jag"/><SP WIDTH="22" VPOS="431" HPOS="352"/>
							<String ID="string_90" HPOS="374" VPOS="431" WIDTH="47" HEIGHT="21" WC="0.96" CONTENT="icke"/><SP WIDTH="20" VPOS="431" HPOS="421"/>
							<String ID="string_91" HPOS="441" VPOS="431" WIDTH="70" HEIGHT="21" WC="0.95" CONTENT="skulle"/><SP WIDTH="17" VPOS="431" HPOS="511"/>
							<String ID="string_92" HPOS="528" VPOS="433" WIDTH="71" HEIGHT="20" WC="0.96" CONTENT="ansett"/><SP WIDTH="16" VPOS="433" HPOS="599"/>
							<String ID="string_93" HPOS="615" VPOS="431" WIDTH="42" HEIGHT="28" WC="0.96" CONTENT="mig"/><SP WIDTH="15" VPOS="431" HPOS="657"/>
							<String ID="string_94" HPOS="672" VPOS="432" WIDTH="73" HEIGHT="21" WC="0.93" CONTENT="kunna"/><SP WIDTH="15" VPOS="432" HPOS="745"/>
							<String ID="string_95" HPOS="760" VPOS="431" WIDTH="95" HEIGHT="22" WC="0.91" CONTENT="hvarken"/><SP WIDTH="14" VPOS="431" HPOS="855"/>
							<String ID="string_96" HPOS="869" VPOS="431" WIDTH="33" HEIGHT="22" WC="0.96" CONTENT="för"/><SP WIDTH="14" VPOS="431" HPOS="902"/>
							<String ID="string_97" HPOS="916" VPOS="431" WIDTH="79" HEIGHT="22" WC="0.96" CONTENT="samtid"/>
						</TextLine>
						<TextLine ID="line_11" HPOS="166" VPOS="459" WIDTH="299" HEIGHT="22">
							<String ID="string_98" HPOS="166" VPOS="459" WIDTH="52" HEIGHT="21" WC="0.92" CONTENT="eller"/><SP WIDTH="14" VPOS="459" HPOS="218"/>
							<String ID="string_99" HPOS="232" VPOS="459" WIDTH="115" HEIGHT="22" WC="0.90" CONTENT="efterverld"/><SP WIDTH="16" VPOS="459" HPOS="347"/>
							<String ID="string_100" HPOS="363" VPOS="459" WIDTH="102" HEIGHT="22" WC="0.96" CONTENT="försvara."/>
						</TextLine>
					</TextBlock>
				</ComposedBlock>
				<ComposedBlock ID="cblock_3" HPOS="165" VPOS="516" WIDTH="830" HEIGHT="57">
					<TextBlock ID="block_2" HPOS="165" VPOS="516" WIDTH="830" HEIGHT="57">
						<TextLine ID="line_12" HPOS="234" VPOS="516" WIDTH="761" HEIGHT="28">
							<String ID="string_101" HPOS="234" VPOS="516" WIDTH="57" HEIGHT="22" WC="0.96" CONTENT="Herr"/><SP WIDTH="14" VPOS="516" HPOS="291"/>
							<String ID="string_102" HPOS="305" VPOS="516" WIDTH="97" HEIGHT="22" WC="0.92" CONTENT="Julin:"/><SP WIDTH="16" VPOS="516" HPOS="402"/>
							<String ID="string_103" HPOS="418" VPOS="517" WIDTH="41" HEIGHT="26" WC="0.96" CONTENT="Jag"/><SP WIDTH="15" VPOS="517" HPOS="459"/>
							<String ID="string_104" HPOS="474" VPOS="517" WIDTH="36" HEIGHT="21" WC="0.95" CONTENT="vill"/><SP WIDTH="15" VPOS="517" HPOS="510"/>
							<String ID="string_105" HPOS="525" VPOS="517" WIDTH="74" HEIGHT="22" WC="0.96" CONTENT="förena"/><SP WIDTH="15" VPOS="517" HPOS="599"/>
							<String ID="string_106" HPOS="614" VPOS="518" WIDTH="43" HEIGHT="26" WC="0.96" CONTENT="mig"/><SP WIDTH="15" VPOS="518" HPOS="657"/>
							<String ID="string_107" HPOS="672" VPOS="517" WIDTH="7" HEIGHT="21" WC="0.96" CONTENT="i"/><SP WIDTH="15" VPOS="517" HPOS="679"/>
							<String ID="string_108" HPOS="694" VPOS="517" WIDTH="41" HEIGHT="22" WC="0.96" CONTENT="den"/><SP WIDTH="16" VPOS="517" HPOS="735"/>
							<String ID="string_109" HPOS="751" VPOS="517" WIDTH="22" HEIGHT="21" WC="0.96" CONTENT="af"/><SP WIDTH="15" VPOS="517" HPOS="773"/>
							<String ID="string_110" HPOS="788" VPOS="517" WIDTH="57" HEIGHT="22" WC="0.93" CONTENT="Herr"/><SP WIDTH="12" VPOS="517" HPOS="845"/>
							<String ID="string_111" HPOS="857" VPOS="517" WIDTH="95" HEIGHT="21" WC="0.92" CONTENT="Höckert"/><SP WIDTH="10" VPOS="517" HPOS="952"/>
							<String ID="string_112" HPOS="962" VPOS="516" WIDTH="33" HEIGHT="21" WC="0.96" CONTENT="till"/>
						</TextLine>
						<TextLine ID="line_13" HPOS="165" VPOS="545" WIDTH="348" HEIGHT="28">
							<String ID="string_113" HPOS="165" VPOS="545" WIDTH="131" HEIGHT="26" WC="0.96" CONTENT="protokollet"/><SP WIDTH="15" VPOS="545" HPOS="296"/>
							<String ID="string_114" HPOS="311" VPOS="545" WIDTH="100" HEIGHT="22" WC="0.96" CONTENT="anmälda"/><SP WIDTH="15" VPOS="545" HPOS="411"/>
							<String ID="string_115" HPOS="426" VPOS="547" WIDTH="87" HEIGHT="26" WC="0.95" CONTENT="protest."/>
						</TextLine>
					</TextBlock>
				</ComposedBlock>
				<ComposedBlock ID="cblock_4" HPOS="165" VPOS="602" WIDTH="829" HEIGHT="171">
					<TextBlock ID="block_3" HPOS="165" VPOS="602" WIDTH="829" HEIGHT="171">
						<TextLine ID="line_14" HPOS="234" VPOS="602" WIDTH="760" HEIGHT="27">
							<String ID="string_116" HPOS="234" VPOS="602" WIDTH="56" HEIGHT="21" WC="0.96" CONTENT="Herr"/><SP WIDTH="15" VPOS="602" HPOS="290"/>
							<String ID="string_117" HPOS="305" VPOS="602" WIDTH="142" HEIGHT="21" WC="0.93" CONTENT="Jansson:"/><SP WIDTH="16" VPOS="602" HPOS="447"/>
							<String ID="string_118" HPOS="463" VPOS="602" WIDTH="70" HEIGHT="22" WC="0.93" CONTENT="Jemte"/><SP WIDTH="16" VPOS="602" HPOS="533"/>
							<String ID="string_119" HPOS="549" VPOS="603" WIDTH="35" HEIGHT="21" WC="0.96" CONTENT="det"/><SP WIDTH="14" VPOS="603" HPOS="584"/>
							<String ID="string_120" HPOS="598" VPOS="603" WIDTH="36" HEIGHT="26" WC="0.96" CONTENT="jag"/><SP WIDTH="14" VPOS="603" HPOS="634"/>
							<String ID="string_121" HPOS="648" VPOS="603" WIDTH="86" HEIGHT="20" WC="0.96" CONTENT="förenar"/><SP WIDTH="16" VPOS="603" HPOS="734"/>
							<String ID="string_122" HPOS="750" VPOS="602" WIDTH="42" HEIGHT="27" WC="0.96" CONTENT="mig"/><SP WIDTH="15" VPOS="602" HPOS="792"/>
							<String ID="string_123" HPOS="807" VPOS="609" WIDTH="34" HEIGHT="14" WC="0.96" CONTENT="om"/><SP WIDTH="16" VPOS="609" HPOS="841"/>
							<String ID="string_124" HPOS="857" VPOS="602" WIDTH="39" HEIGHT="21" WC="0.95" CONTENT="den"/><SP WIDTH="16" VPOS="602" HPOS="896"/>
							<String ID="string_125" HPOS="912" VPOS="603" WIDTH="82" HEIGHT="26" WC="0.95" CONTENT="protest"/>
						</TextLine>
						<TextLine ID="line_15" HPOS="165" VPOS="630" WIDTH="829" HEIGHT="28">
							<String ID="string_126" HPOS="165" VPOS="630" WIDTH="57" HEIGHT="22" WC="0.93" CONTENT="Herr"/><SP WIDTH="20" VPOS="630" HPOS="222"/>
							<String ID="string_127" HPOS="242" VPOS="631" WIDTH="96" HEIGHT="21" WC="0.88" CONTENT="Höckert"/><SP WIDTH="21" VPOS="631" HPOS="338"/>
							<String ID="string_128" HPOS="359" VPOS="631" WIDTH="63" HEIGHT="27" WC="0.95" CONTENT="gjort,"/><SP WIDTH="19" VPOS="631" HPOS="422"/>
							<String ID="string_129" HPOS="441" VPOS="631" WIDTH="36" HEIGHT="21" WC="0.96" CONTENT="vill"/><SP WIDTH="13" VPOS="631" HPOS="477"/>
							<String ID="string_130" HPOS="490" VPOS="631" WIDTH="37" HEIGHT="27" WC="0.96" CONTENT="jag"/><SP WIDTH="16" VPOS="631" HPOS="527"/>
							<String ID="string_131" HPOS="543" VPOS="631" WIDTH="100" HEIGHT="21" WC="0.96" CONTENT="särskildt"/><SP WIDTH="15" VPOS="631" HPOS="643"/>
							<String ID="string_132" HPOS="658" VPOS="631" WIDTH="90" HEIGHT="27" WC="0.96" CONTENT="tillägga"/><SP WIDTH="14" VPOS="631" HPOS="748"/>
							<String ID="string_133" HPOS="762" VPOS="633" WIDTH="33" HEIGHT="19" WC="0.96" CONTENT="att"/><SP WIDTH="15" VPOS="633" HPOS="795"/>
							<String ID="string_134" HPOS="810" VPOS="631" WIDTH="26" HEIGHT="21" WC="0.93" CONTENT="de"/><SP WIDTH="15" VPOS="631" HPOS="836"/>
							<String ID="string_135" HPOS="851" VPOS="630" WIDTH="143" HEIGHT="26" WC="0.91" CONTENT="ändringsför-"/>
						</TextLine>
						<TextLine ID="line_16" HPOS="166" VPOS="659" WIDTH="828" HEIGHT="28">
							<String ID="string_136" HPOS="166" VPOS="659" WIDTH="47" HEIGHT="28" WC="0.96" CONTENT="slag"/><SP WIDTH="9" VPOS="659" HPOS="213"/>
							<String ID="string_137" HPOS="222" VPOS="659" WIDTH="38" HEIGHT="27" WC="0.96" CONTENT="jag"/><SP WIDTH="11" VPOS="659" HPOS="260"/>
							<String ID="string_138" HPOS="271" VPOS="659" WIDTH="73" HEIGHT="22" WC="0.96" CONTENT="tillåtit"/><SP WIDTH="11" VPOS="659" HPOS="344"/>
							<String ID="string_139" HPOS="355" VPOS="660" WIDTH="43" HEIGHT="27" WC="0.96" CONTENT="mig"/><SP WIDTH="10" VPOS="660" HPOS="398"/>
							<String ID="string_140" HPOS="408" VPOS="660" WIDTH="125" HEIGHT="23" WC="0.96" CONTENT="framställa,"/><SP WIDTH="11" VPOS="660" HPOS="533"/>
							<String ID="string_141" HPOS="544" VPOS="660" WIDTH="39" HEIGHT="21" WC="0.96" CONTENT="har"/><SP WIDTH="10" VPOS="660" HPOS="583"/>
							<String ID="string_142" HPOS="593" VPOS="660" WIDTH="34" HEIGHT="26" WC="0.96" CONTENT="jag"/><SP WIDTH="11" VPOS="660" HPOS="627"/>
							<String ID="string_143" HPOS="638" VPOS="660" WIDTH="56" HEIGHT="27" WC="0.96" CONTENT="gjort"/><SP WIDTH="12" VPOS="660" HPOS="694"/>
							<String ID="string_144" HPOS="706" VPOS="660" WIDTH="33" HEIGHT="21" WC="0.96" CONTENT="för"/><SP WIDTH="11" VPOS="660" HPOS="739"/>
							<String ID="string_145" HPOS="750" VPOS="662" WIDTH="32" HEIGHT="18" WC="0.97" CONTENT="att"/><SP WIDTH="14" VPOS="662" HPOS="782"/>
							<String ID="string_146" HPOS="796" VPOS="659" WIDTH="3" HEIGHT="21" WC="0.96" CONTENT="i"/><SP WIDTH="12" VPOS="659" HPOS="799"/>
							<String ID="string_147" HPOS="811" VPOS="659" WIDTH="118" HEIGHT="27" WC="0.96" CONTENT="möjligaste"/><SP WIDTH="11" VPOS="659" HPOS="929"/>
							<String ID="string_148" HPOS="940" VPOS="659" WIDTH="54" HEIGHT="21" WC="0.95" CONTENT="mått"/>
						</TextLine>
						<TextLine ID="line_17" HPOS="165" VPOS="687" WIDTH="829" HEIGHT="28">
							<String ID="string_149" HPOS="165" VPOS="688" WIDTH="70" HEIGHT="21" WC="0.96" CONTENT="lindra"/><SP WIDTH="15" VPOS="688" HPOS="235"/>
							<String ID="string_150" HPOS="250" VPOS="688" WIDTH="106" HEIGHT="27" WC="0.96" CONTENT="följderna"/><SP WIDTH="15" VPOS="688" HPOS="356"/>
							<String ID="string_151" HPOS="371" VPOS="689" WIDTH="23" HEIGHT="20" WC="0.96" CONTENT="af"/><SP WIDTH="14" VPOS="689" HPOS="394"/>
							<String ID="string_152" HPOS="408" VPOS="689" WIDTH="40" HEIGHT="20" WC="0.96" CONTENT="den"/><SP WIDTH="16" VPOS="689" HPOS="448"/>
							<String ID="string_153" HPOS="464" VPOS="689" WIDTH="35" HEIGHT="26" WC="0.96" CONTENT="lag"/><SP WIDTH="15" VPOS="689" HPOS="499"/>
							<String ID="string_154" HPOS="514" VPOS="695" WIDTH="48" HEIGHT="14" WC="0.96" CONTENT="man"/><SP WIDTH="14" VPOS="695" HPOS="562"/>
							<String ID="string_155" HPOS="576" VPOS="688" WIDTH="70" HEIGHT="21" WC="0.96" CONTENT="stiftat"/><SP WIDTH="13" VPOS="688" HPOS="646"/>
							<String ID="string_156" HPOS="659" VPOS="689" WIDTH="40" HEIGHT="20" WC="0.96" CONTENT="och"/><SP WIDTH="11" VPOS="689" HPOS="699"/>
							<String ID="string_157" HPOS="710" VPOS="695" WIDTH="45" HEIGHT="14" WC="0.92" CONTENT="som"/><SP WIDTH="13" VPOS="695" HPOS="755"/>
							<String ID="string_158" HPOS="768" VPOS="687" WIDTH="135" HEIGHT="28" WC="0.92" CONTENT="pluraliteten"/><SP WIDTH="11" VPOS="687" HPOS="903"/>
							<String ID="string_159" HPOS="914" VPOS="688" WIDTH="6" HEIGHT="20" WC="0.93" CONTENT="i"/><SP WIDTH="11" VPOS="688" HPOS="920"/>
							<String ID="string_160" HPOS="931" VPOS="687" WIDTH="63" HEIGHT="22" WC="0.92" CONTENT="Stån-"/>
						</TextLine>
						<TextLine ID="line_18" HPOS="166" VPOS="716" WIDTH="827" HEIGHT="28">
							<String ID="string_161" HPOS="166" VPOS="716" WIDTH="37" HEIGHT="21" WC="0.96" CONTENT="det"/><SP WIDTH="17" VPOS="716" HPOS="203"/>
							<String ID="string_162" HPOS="220" VPOS="717" WIDTH="89" HEIGHT="26" WC="0.96" CONTENT="antagit."/><SP WIDTH="19" VPOS="717" HPOS="309"/>
							<String ID="string_163" HPOS="328" VPOS="717" WIDTH="41" HEIGHT="26" WC="0.96" CONTENT="Jag"/><SP WIDTH="16" VPOS="717" HPOS="369"/>
							<String ID="string_164" HPOS="385" VPOS="717" WIDTH="37" HEIGHT="21" WC="0.96" CONTENT="har"/><SP WIDTH="15" VPOS="717" HPOS="422"/>
							<String ID="string_165" HPOS="437" VPOS="717" WIDTH="56" HEIGHT="27" WC="0.96" CONTENT="gjort"/><SP WIDTH="16" VPOS="717" HPOS="493"/>
							<String ID="string_166" HPOS="509" VPOS="717" WIDTH="36" HEIGHT="22" WC="0.96" CONTENT="det"/><SP WIDTH="15" VPOS="717" HPOS="545"/>
							<String ID="string_167" HPOS="560" VPOS="717" WIDTH="46" HEIGHT="21" WC="0.96" CONTENT="icke"/><SP WIDTH="16" VPOS="717" HPOS="606"/>
							<String ID="string_168" HPOS="622" VPOS="717" WIDTH="71" HEIGHT="21" WC="0.96" CONTENT="derför"/><SP WIDTH="15" VPOS="717" HPOS="693"/>
							<String ID="string_169" HPOS="708" VPOS="719" WIDTH="34" HEIGHT="19" WC="0.96" CONTENT="att"/><SP WIDTH="11" VPOS="719" HPOS="742"/>
							<String ID="string_170" HPOS="753" VPOS="716" WIDTH="39" HEIGHT="27" WC="0.96" CONTENT="jag"/><SP WIDTH="14" VPOS="716" HPOS="792"/>
							<String ID="string_171" HPOS="806" VPOS="717" WIDTH="124" HEIGHT="26" WC="0.96" CONTENT="godkänner"/><SP WIDTH="14" VPOS="717" HPOS="930"/>
							<String ID="string_172" HPOS="944" VPOS="716" WIDTH="49" HEIGHT="21" WC="0.96" CONTENT="idén"/>
						</TextLine>
						<TextLine ID="line_19" HPOS="166" VPOS="745" WIDTH="626" HEIGHT="28">
							<String ID="string_173" HPOS="166" VPOS="747" WIDTH="52" HEIGHT="20" WC="0.96" CONTENT="utan"/><SP WIDTH="15" VPOS="747" HPOS="218"/>
							<String ID="string_174" HPOS="233" VPOS="745" WIDTH="35" HEIGHT="22" WC="0.96" CONTENT="för"/><SP WIDTH="14" VPOS="745" HPOS="268"/>
							<String ID="string_175" HPOS="282" VPOS="747" WIDTH="33" HEIGHT="20" WC="0.96" CONTENT="att"/><SP WIDTH="15" VPOS="747" HPOS="315"/>
							<String ID="string_176" HPOS="330" VPOS="745" WIDTH="22" HEIGHT="22" WC="0.96" CONTENT="få"/><SP WIDTH="14" VPOS="745" HPOS="352"/>
							<String ID="string_177" HPOS="366" VPOS="745" WIDTH="62" HEIGHT="28" WC="0.96" CONTENT="lagen"/><SP WIDTH="15" VPOS="745" HPOS="428"/>
							<String ID="string_178" HPOS="443" VPOS="748" WIDTH="34" HEIGHT="19" WC="0.95" CONTENT="att"/><SP WIDTH="14" VPOS="748" HPOS="477"/>
							<String ID="string_179" HPOS="491" VPOS="747" WIDTH="27" HEIGHT="26" WC="0.96" CONTENT="gå"/><SP WIDTH="14" VPOS="747" HPOS="518"/>
							<String ID="string_180" HPOS="532" VPOS="746" WIDTH="8" HEIGHT="21" WC="0.96" CONTENT="i"/><SP WIDTH="15" VPOS="746" HPOS="540"/>
							<String ID="string_181" HPOS="555" VPOS="752" WIDTH="26" HEIGHT="15" WC="0.93" CONTENT="en"/><SP WIDTH="16" VPOS="752" HPOS="581"/>
							<String ID="string_182" HPOS="597" VPOS="745" WIDTH="115" HEIGHT="22" WC="0.90" CONTENT="humanare"/><SP WIDTH="18" VPOS="745" HPOS="712"/>
							<String ID="string_183" HPOS="730" VPOS="745" WIDTH="62" HEIGHT="21" WC="0.96" CONTENT="anda."/>
						</TextLine>
					</TextBlock>
				</ComposedBlock>
				<ComposedBlock ID="cblock_5" HPOS="163" VPOS="802" WIDTH="829" HEIGHT="79">
					<TextBlock ID="block_4" HPOS="163" VPOS="802" WIDTH="829" HEIGHT="79">
						<TextLine ID="line_20" HPOS="233" VPOS="802" WIDTH="759" HEIGHT="27">
							<String ID="string_184" HPOS="233" VPOS="802" WIDTH="107" HEIGHT="27" WC="0.90" CONTENT="Ytterliga"/><SP WIDTH="21" VPOS="802" HPOS="340"/>
							<String ID="string_185" HPOS="361" VPOS="803" WIDTH="157" HEIGHT="21" WC="0.93" CONTENT="reservationer"/><SP WIDTH="15" VPOS="803" HPOS="518"/>
							<String ID="string_186" HPOS="533" VPOS="803" WIDTH="104" HEIGHT="21" WC="0.91" CONTENT="anmältes"/><SP WIDTH="16" VPOS="803" HPOS="637"/>
							<String ID="string_187" HPOS="653" VPOS="803" WIDTH="23" HEIGHT="21" WC="0.93" CONTENT="af"/><SP WIDTH="15" VPOS="803" HPOS="676"/>
							<String ID="string_188" HPOS="691" VPOS="803" WIDTH="108" HEIGHT="21" WC="0.92" CONTENT="Herrarne"/><SP WIDTH="15" VPOS="803" HPOS="799"/>
							<String ID="string_189" HPOS="814" VPOS="803" WIDTH="178" HEIGHT="25" WC="0.96" CONTENT="Borgström,"/>
						</TextLine>
						<TextLine ID="line_21" HPOS="163" VPOS="830" WIDTH="829" HEIGHT="28">
							<String ID="string_190" HPOS="163" VPOS="831" WIDTH="88" HEIGHT="26" WC="0.93" CONTENT="Gadd,"/><SP WIDTH="16" VPOS="831" HPOS="251"/>
							<String ID="string_191" HPOS="267" VPOS="831" WIDTH="154" HEIGHT="26" WC="0.91" CONTENT="Törnroth,"/><SP WIDTH="15" VPOS="831" HPOS="421"/>
							<String ID="string_192" HPOS="436" VPOS="831" WIDTH="179" HEIGHT="27" WC="0.91" CONTENT="Helsingius,"/><SP WIDTH="13" VPOS="831" HPOS="615"/>
							<String ID="string_193" HPOS="628" VPOS="832" WIDTH="151" HEIGHT="26" WC="0.92" CONTENT="Lindberg,"/><SP WIDTH="16" VPOS="832" HPOS="779"/>
							<String ID="string_194" HPOS="795" VPOS="831" WIDTH="19" HEIGHT="21" WC="0.91" CONTENT="J."/><SP WIDTH="16" VPOS="831" HPOS="814"/>
							<String ID="string_195" HPOS="830" VPOS="831" WIDTH="27" HEIGHT="21" WC="0.89" CONTENT="A."/><SP WIDTH="15" VPOS="831" HPOS="857"/>
							<String ID="string_196" HPOS="872" VPOS="830" WIDTH="120" HEIGHT="27" WC="0.91" CONTENT="Nystén,"/>
						</TextLine>
						<TextLine ID="line_22" HPOS="164" VPOS="859" WIDTH="369" HEIGHT="22">
							<String ID="string_197" HPOS="164" VPOS="859" WIDTH="142" HEIGHT="22" WC="0.94" CONTENT="Cronvall"/><SP WIDTH="16" VPOS="859" HPOS="306"/>
							<String ID="string_198" HPOS="322" VPOS="859" WIDTH="39" HEIGHT="22" WC="0.94" CONTENT="och"/><SP WIDTH="16" VPOS="859" HPOS="361"/>
							<String ID="string_199" HPOS="377" VPOS="859" WIDTH="156" HEIGHT="22" WC="0.95" CONTENT="Molander."/>
						</TextLine>
					</TextBlock>
				</ComposedBlock>
				<ComposedBlock ID="cblock_6" HPOS="159" VPOS="917" WIDTH="835" HEIGHT="601">
					<TextBlock ID="block_5" HPOS="159" VPOS="917" WIDTH="835" HEIGHT="601">
						<TextLine ID="line_23" HPOS="232" VPOS="917" WIDTH="760" HEIGHT="28">
							<String ID="string_200" HPOS="232" VPOS="917" WIDTH="58" HEIGHT="22" WC="0.96" CONTENT="Herr"/><SP WIDTH="22" VPOS="917" HPOS="290"/>
							<String ID="string_201" HPOS="312" VPOS="917" WIDTH="181" HEIGHT="28" WC="0.96" CONTENT="Chydenius:"/><SP WIDTH="24" VPOS="917" HPOS="493"/>
							<String ID="string_202" HPOS="517" VPOS="918" WIDTH="96" HEIGHT="21" WC="0.96" CONTENT="Emedan"/><SP WIDTH="20" VPOS="918" HPOS="613"/>
							<String ID="string_203" HPOS="633" VPOS="917" WIDTH="37" HEIGHT="28" WC="0.95" CONTENT="jag"/><SP WIDTH="23" VPOS="917" HPOS="670"/>
							<String ID="string_204" HPOS="693" VPOS="917" WIDTH="67" HEIGHT="22" WC="0.96" CONTENT="fattar"/><SP WIDTH="14" VPOS="917" HPOS="760"/>
							<String ID="string_205" HPOS="774" VPOS="919" WIDTH="33" HEIGHT="20" WC="0.96" CONTENT="att"/><SP WIDTH="14" VPOS="919" HPOS="807"/>
							<String ID="string_206" HPOS="821" VPOS="917" WIDTH="73" HEIGHT="26" WC="0.95" CONTENT="frågan"/><SP WIDTH="16" VPOS="917" HPOS="894"/>
							<String ID="string_207" HPOS="910" VPOS="923" WIDTH="34" HEIGHT="15" WC="0.92" CONTENT="om"/><SP WIDTH="15" VPOS="923" HPOS="944"/>
							<String ID="string_208" HPOS="959" VPOS="917" WIDTH="33" HEIGHT="20" WC="0.92" CONTENT="in-"/>
						</TextLine>
						<TextLine ID="line_24" HPOS="163" VPOS="945" WIDTH="829" HEIGHT="28">
							<String ID="string_209" HPOS="163" VPOS="951" WIDTH="85" HEIGHT="21" WC="0.90" CONTENT="gressen"/><SP WIDTH="24" VPOS="951" HPOS="248"/>
							<String ID="string_210" HPOS="272" VPOS="946" WIDTH="33" HEIGHT="21" WC="0.95" CONTENT="till"/><SP WIDTH="22" VPOS="946" HPOS="305"/>
							<String ID="string_211" HPOS="327" VPOS="947" WIDTH="62" HEIGHT="26" WC="0.96" CONTENT="lagen"/><SP WIDTH="15" VPOS="947" HPOS="389"/>
							<String ID="string_212" HPOS="404" VPOS="948" WIDTH="58" HEIGHT="20" WC="0.96" CONTENT="ännu"/><SP WIDTH="14" VPOS="948" HPOS="462"/>
							<String ID="string_213" HPOS="476" VPOS="946" WIDTH="45" HEIGHT="21" WC="0.95" CONTENT="står"/><SP WIDTH="16" VPOS="946" HPOS="521"/>
							<String ID="string_214" HPOS="537" VPOS="948" WIDTH="76" HEIGHT="25" WC="0.96" CONTENT="öppen,"/><SP WIDTH="15" VPOS="948" HPOS="613"/>
							<String ID="string_215" HPOS="628" VPOS="947" WIDTH="24" HEIGHT="20" WC="0.96" CONTENT="så"/><SP WIDTH="15" VPOS="947" HPOS="652"/>
							<String ID="string_216" HPOS="667" VPOS="946" WIDTH="98" HEIGHT="22" WC="0.96" CONTENT="anhåller"/><SP WIDTH="12" VPOS="946" HPOS="765"/>
							<String ID="string_217" HPOS="777" VPOS="946" WIDTH="38" HEIGHT="27" WC="0.96" CONTENT="jag"/><SP WIDTH="15" VPOS="946" HPOS="815"/>
							<String ID="string_218" HPOS="830" VPOS="948" WIDTH="32" HEIGHT="19" WC="0.96" CONTENT="att"/><SP WIDTH="15" VPOS="948" HPOS="862"/>
							<String ID="string_219" HPOS="877" VPOS="945" WIDTH="21" HEIGHT="22" WC="0.96" CONTENT="få"/><SP WIDTH="16" VPOS="945" HPOS="898"/>
							<String ID="string_220" HPOS="914" VPOS="945" WIDTH="78" HEIGHT="21" WC="0.96" CONTENT="föreslå"/>
						</TextLine>
						<TextLine ID="line_25" HPOS="163" VPOS="973" WIDTH="831" HEIGHT="29">
							<String ID="string_221" HPOS="163" VPOS="981" WIDTH="26" HEIGHT="14" WC="0.93" CONTENT="en"/><SP WIDTH="24" VPOS="981" HPOS="189"/>
							<String ID="string_222" HPOS="213" VPOS="974" WIDTH="86" HEIGHT="27" WC="0.90" CONTENT="tilläggs"/><SP WIDTH="22" VPOS="974" HPOS="299"/>
							<String ID="string_223" HPOS="321" VPOS="974" WIDTH="134" HEIGHT="27" WC="0.93" CONTENT="bestämning"/><SP WIDTH="23" VPOS="974" HPOS="455"/>
							<String ID="string_224" HPOS="478" VPOS="975" WIDTH="74" HEIGHT="21" WC="0.92" CONTENT="deruti."/><SP WIDTH="29" VPOS="975" HPOS="552"/>
							<String ID="string_225" HPOS="581" VPOS="975" WIDTH="42" HEIGHT="26" WC="0.96" CONTENT="Jag"/><SP WIDTH="22" VPOS="975" HPOS="623"/>
							<String ID="string_226" HPOS="645" VPOS="975" WIDTH="39" HEIGHT="21" WC="0.96" CONTENT="har"/><SP WIDTH="22" VPOS="975" HPOS="684"/>
							<String ID="string_227" HPOS="706" VPOS="975" WIDTH="104" HEIGHT="27" WC="0.96" CONTENT="tillstyrkt"/><SP WIDTH="15" VPOS="975" HPOS="810"/>
							<String ID="string_228" HPOS="825" VPOS="974" WIDTH="131" HEIGHT="27" WC="0.95" CONTENT="antagandet"/><SP WIDTH="14" VPOS="974" HPOS="956"/>
							<String ID="string_229" HPOS="970" VPOS="973" WIDTH="24" HEIGHT="22" WC="0.96" CONTENT="af"/>
						</TextLine>
						<TextLine ID="line_26" HPOS="163" VPOS="1003" WIDTH="829" HEIGHT="28">
							<String ID="string_230" HPOS="163" VPOS="1003" WIDTH="70" HEIGHT="21" WC="0.96" CONTENT="denna"/><SP WIDTH="23" VPOS="1003" HPOS="233"/>
							<String ID="string_231" HPOS="256" VPOS="1003" WIDTH="34" HEIGHT="28" WC="0.96" CONTENT="lag"/><SP WIDTH="22" VPOS="1003" HPOS="290"/>
							<String ID="string_232" HPOS="312" VPOS="1003" WIDTH="40" HEIGHT="22" WC="0.96" CONTENT="och"/><SP WIDTH="24" VPOS="1003" HPOS="352"/>
							<String ID="string_233" HPOS="376" VPOS="1004" WIDTH="59" HEIGHT="21" WC="0.96" CONTENT="detta"/><SP WIDTH="22" VPOS="1004" HPOS="435"/>
							<String ID="string_234" HPOS="457" VPOS="1004" WIDTH="136" HEIGHT="21" WC="0.96" CONTENT="betänkande"/><SP WIDTH="22" VPOS="1004" HPOS="593"/>
							<String ID="string_235" HPOS="615" VPOS="1003" WIDTH="32" HEIGHT="22" WC="0.96" CONTENT="för"/><SP WIDTH="21" VPOS="1003" HPOS="647"/>
							<String ID="string_236" HPOS="668" VPOS="1006" WIDTH="33" HEIGHT="19" WC="0.96" CONTENT="att"/><SP WIDTH="19" VPOS="1006" HPOS="701"/>
							<String ID="string_237" HPOS="720" VPOS="1003" WIDTH="52" HEIGHT="21" WC="0.95" CONTENT="våra"/><SP WIDTH="15" VPOS="1003" HPOS="772"/>
							<String ID="string_238" HPOS="787" VPOS="1003" WIDTH="205" HEIGHT="22" WC="0.95" CONTENT="efterkommande"/><SP WIDTH="-13" VPOS="1003" HPOS="992"/>
							<String ID="string_239" HPOS="979" VPOS="999" WIDTH="18" HEIGHT="37" WC="0.96" CONTENT="i"/>
						</TextLine>
						<TextLine ID="line_27" HPOS="162" VPOS="1031" WIDTH="830" HEIGHT="28">
							<String ID="string_240" HPOS="162" VPOS="1031" WIDTH="92" HEIGHT="28" WC="0.96" CONTENT="krigstid"/><SP WIDTH="22" VPOS="1031" HPOS="254"/>
							<String ID="string_241" HPOS="276" VPOS="1032" WIDTH="46" HEIGHT="21" WC="0.96" CONTENT="icke"/><SP WIDTH="22" VPOS="1032" HPOS="322"/>
							<String ID="string_242" HPOS="344" VPOS="1032" WIDTH="35" HEIGHT="21" WC="0.96" CONTENT="må"/><SP WIDTH="21" VPOS="1032" HPOS="379"/>
							<String ID="string_243" HPOS="400" VPOS="1032" WIDTH="67" HEIGHT="21" WC="0.96" CONTENT="sakna"/><SP WIDTH="22" VPOS="1032" HPOS="467"/>
							<String ID="string_244" HPOS="489" VPOS="1033" WIDTH="36" HEIGHT="20" WC="0.95" CONTENT="det"/><SP WIDTH="15" VPOS="1033" HPOS="525"/>
							<String ID="string_245" HPOS="540" VPOS="1032" WIDTH="55" HEIGHT="27" WC="0.95" CONTENT="stöd,"/><SP WIDTH="16" VPOS="1032" HPOS="595"/>
							<String ID="string_246" HPOS="611" VPOS="1038" WIDTH="45" HEIGHT="15" WC="0.95" CONTENT="som"/><SP WIDTH="16" VPOS="1038" HPOS="656"/>
							<String ID="string_247" HPOS="672" VPOS="1039" WIDTH="26" HEIGHT="14" WC="0.96" CONTENT="en"/><SP WIDTH="16" VPOS="1039" HPOS="698"/>
							<String ID="string_248" HPOS="714" VPOS="1032" WIDTH="112" HEIGHT="27" WC="0.96" CONTENT="beväpnad"/><SP WIDTH="15" VPOS="1032" HPOS="826"/>
							<String ID="string_249" HPOS="841" VPOS="1031" WIDTH="73" HEIGHT="22" WC="0.96" CONTENT="nation"/><SP WIDTH="16" VPOS="1031" HPOS="914"/>
							<String ID="string_250" HPOS="930" VPOS="1031" WIDTH="62" HEIGHT="22" WC="0.96" CONTENT="alltid"/>
						</TextLine>
						<TextLine ID="line_28" HPOS="162" VPOS="1060" WIDTH="830" HEIGHT="28">
							<String ID="string_251" HPOS="162" VPOS="1060" WIDTH="46" HEIGHT="27" WC="0.96" CONTENT="har,"/><SP WIDTH="21" VPOS="1060" HPOS="208"/>
							<String ID="string_252" HPOS="229" VPOS="1067" WIDTH="49" HEIGHT="15" WC="0.96" CONTENT="men"/><SP WIDTH="21" VPOS="1067" HPOS="278"/>
							<String ID="string_253" HPOS="299" VPOS="1061" WIDTH="37" HEIGHT="21" WC="0.96" CONTENT="det"/><SP WIDTH="21" VPOS="1061" HPOS="336"/>
							<String ID="string_254" HPOS="357" VPOS="1067" WIDTH="63" HEIGHT="21" WC="0.96" CONTENT="synes"/><SP WIDTH="21" VPOS="1067" HPOS="420"/>
							<String ID="string_255" HPOS="441" VPOS="1061" WIDTH="43" HEIGHT="26" WC="0.96" CONTENT="mig"/><SP WIDTH="15" VPOS="1061" HPOS="484"/>
							<String ID="string_256" HPOS="499" VPOS="1061" WIDTH="64" HEIGHT="22" WC="0.96" CONTENT="också"/><SP WIDTH="15" VPOS="1061" HPOS="563"/>
							<String ID="string_257" HPOS="578" VPOS="1063" WIDTH="33" HEIGHT="20" WC="0.96" CONTENT="att"/><SP WIDTH="14" VPOS="1063" HPOS="611"/>
							<String ID="string_258" HPOS="625" VPOS="1061" WIDTH="21" HEIGHT="21" WC="0.96" CONTENT="vi"/><SP WIDTH="14" VPOS="1061" HPOS="646"/>
							<String ID="string_259" HPOS="660" VPOS="1061" WIDTH="48" HEIGHT="22" WC="0.96" CONTENT="icke"/><SP WIDTH="16" VPOS="1061" HPOS="708"/>
							<String ID="string_260" HPOS="724" VPOS="1061" WIDTH="54" HEIGHT="21" WC="0.96" CONTENT="böra"/><SP WIDTH="14" VPOS="1061" HPOS="778"/>
							<String ID="string_261" HPOS="792" VPOS="1061" WIDTH="53" HEIGHT="21" WC="0.95" CONTENT="söka"/><SP WIDTH="15" VPOS="1061" HPOS="845"/>
							<String ID="string_262" HPOS="860" VPOS="1060" WIDTH="65" HEIGHT="21" WC="0.96" CONTENT="binda"/><SP WIDTH="15" VPOS="1060" HPOS="925"/>
							<String ID="string_263" HPOS="940" VPOS="1060" WIDTH="52" HEIGHT="21" WC="0.96" CONTENT="våra"/>
						</TextLine>
						<TextLine ID="line_29" HPOS="162" VPOS="1088" WIDTH="830" HEIGHT="28">
							<String ID="string_264" HPOS="162" VPOS="1089" WIDTH="183" HEIGHT="22" WC="0.95" CONTENT="efterkommande"/><SP WIDTH="14" VPOS="1089" HPOS="345"/>
							<String ID="string_265" HPOS="359" VPOS="1089" WIDTH="35" HEIGHT="22" WC="0.96" CONTENT="vid"/><SP WIDTH="16" VPOS="1089" HPOS="394"/>
							<String ID="string_266" HPOS="410" VPOS="1096" WIDTH="26" HEIGHT="15" WC="0.96" CONTENT="en"/><SP WIDTH="15" VPOS="1096" HPOS="436"/>
							<String ID="string_267" HPOS="451" VPOS="1092" WIDTH="66" HEIGHT="24" WC="0.96" CONTENT="tunga"/><SP WIDTH="14" VPOS="1092" HPOS="517"/>
							<String ID="string_268" HPOS="531" VPOS="1090" WIDTH="74" HEIGHT="26" WC="0.96" CONTENT="längre"/><SP WIDTH="14" VPOS="1090" HPOS="605"/>
							<String ID="string_269" HPOS="619" VPOS="1091" WIDTH="27" HEIGHT="20" WC="0.93" CONTENT="än"/><SP WIDTH="16" VPOS="1091" HPOS="646"/>
							<String ID="string_270" HPOS="662" VPOS="1090" WIDTH="76" HEIGHT="26" WC="0.92" CONTENT="nödigt"/><SP WIDTH="16" VPOS="1090" HPOS="738"/>
							<String ID="string_271" HPOS="754" VPOS="1091" WIDTH="28" HEIGHT="20" WC="0.96" CONTENT="är."/><SP WIDTH="23" VPOS="1091" HPOS="782"/>
							<String ID="string_272" HPOS="805" VPOS="1089" WIDTH="12" HEIGHT="22" WC="0.96" CONTENT="I"/><SP WIDTH="10" VPOS="1089" HPOS="817"/>
							<String ID="string_273" HPOS="827" VPOS="1088" WIDTH="115" HEIGHT="23" WC="0.96" CONTENT="allmänhet"/><SP WIDTH="10" VPOS="1088" HPOS="942"/>
							<String ID="string_274" HPOS="952" VPOS="1088" WIDTH="40" HEIGHT="21" WC="0.96" CONTENT="har"/>
						</TextLine>
						<TextLine ID="line_30" HPOS="162" VPOS="1117" WIDTH="830" HEIGHT="28">
							<String ID="string_275" HPOS="162" VPOS="1117" WIDTH="41" HEIGHT="22" WC="0.96" CONTENT="den"/><SP WIDTH="15" VPOS="1117" HPOS="203"/>
							<String ID="string_276" HPOS="218" VPOS="1118" WIDTH="110" HEIGHT="27" WC="0.96" CONTENT="principen"/><SP WIDTH="15" VPOS="1118" HPOS="328"/>
							<String ID="string_277" HPOS="343" VPOS="1118" WIDTH="56" HEIGHT="27" WC="0.96" CONTENT="gjort"/><SP WIDTH="16" VPOS="1118" HPOS="399"/>
							<String ID="string_278" HPOS="415" VPOS="1119" WIDTH="32" HEIGHT="26" WC="0.96" CONTENT="sig"/><SP WIDTH="14" VPOS="1119" HPOS="447"/>
							<String ID="string_279" HPOS="461" VPOS="1119" WIDTH="98" HEIGHT="26" WC="0.96" CONTENT="gällande"/><SP WIDTH="16" VPOS="1119" HPOS="559"/>
							<String ID="string_280" HPOS="575" VPOS="1118" WIDTH="62" HEIGHT="21" WC="0.96" CONTENT="äfven"/><SP WIDTH="16" VPOS="1118" HPOS="637"/>
							<String ID="string_281" HPOS="653" VPOS="1119" WIDTH="34" HEIGHT="20" WC="0.96" CONTENT="vid"/><SP WIDTH="12" VPOS="1119" HPOS="687"/>
							<String ID="string_282" HPOS="699" VPOS="1119" WIDTH="71" HEIGHT="20" WC="0.93" CONTENT="denna"/><SP WIDTH="10" VPOS="1119" HPOS="770"/>
							<String ID="string_283" HPOS="780" VPOS="1117" WIDTH="102" HEIGHT="28" WC="0.92" CONTENT="landtdag"/><SP WIDTH="11" VPOS="1117" HPOS="882"/>
							<String ID="string_284" HPOS="893" VPOS="1120" WIDTH="32" HEIGHT="19" WC="0.96" CONTENT="att"/><SP WIDTH="10" VPOS="1120" HPOS="925"/>
							<String ID="string_285" HPOS="935" VPOS="1117" WIDTH="57" HEIGHT="22" WC="0.95" CONTENT="hvad"/>
						</TextLine>
						<TextLine ID="line_31" HPOS="161" VPOS="1146" WIDTH="830" HEIGHT="28">
							<String ID="string_286" HPOS="161" VPOS="1146" WIDTH="21" HEIGHT="21" WC="0.96" CONTENT="vi"/><SP WIDTH="21" VPOS="1146" HPOS="182"/>
							<String ID="string_287" HPOS="203" VPOS="1148" WIDTH="26" HEIGHT="20" WC="0.97" CONTENT="än"/><SP WIDTH="15" VPOS="1148" HPOS="229"/>
							<String ID="string_288" HPOS="244" VPOS="1148" WIDTH="60" HEIGHT="25" WC="0.92" CONTENT="göra,"/><SP WIDTH="18" VPOS="1148" HPOS="304"/>
							<String ID="string_289" HPOS="322" VPOS="1147" WIDTH="92" HEIGHT="27" WC="0.91" CONTENT="pålägga"/><SP WIDTH="14" VPOS="1147" HPOS="414"/>
							<String ID="string_290" HPOS="428" VPOS="1153" WIDTH="26" HEIGHT="15" WC="0.96" CONTENT="en"/><SP WIDTH="15" VPOS="1153" HPOS="454"/>
							<String ID="string_291" HPOS="469" VPOS="1147" WIDTH="58" HEIGHT="21" WC="0.96" CONTENT="skatt"/><SP WIDTH="15" VPOS="1147" HPOS="527"/>
							<String ID="string_292" HPOS="542" VPOS="1147" WIDTH="52" HEIGHT="21" WC="0.96" CONTENT="eller"/><SP WIDTH="15" VPOS="1147" HPOS="594"/>
							<String ID="string_293" HPOS="609" VPOS="1147" WIDTH="73" HEIGHT="27" WC="0.95" CONTENT="dylikt,"/><SP WIDTH="16" VPOS="1147" HPOS="682"/>
							<String ID="string_294" HPOS="698" VPOS="1147" WIDTH="26" HEIGHT="21" WC="0.96" CONTENT="så"/><SP WIDTH="16" VPOS="1147" HPOS="724"/>
							<String ID="string_295" HPOS="740" VPOS="1147" WIDTH="38" HEIGHT="21" WC="0.96" CONTENT="har"/><SP WIDTH="16" VPOS="1147" HPOS="778"/>
							<String ID="string_296" HPOS="794" VPOS="1147" WIDTH="35" HEIGHT="21" WC="0.96" CONTENT="det"/><SP WIDTH="15" VPOS="1147" HPOS="829"/>
							<String ID="string_297" HPOS="844" VPOS="1147" WIDTH="58" HEIGHT="21" WC="0.96" CONTENT="skett"/><SP WIDTH="14" VPOS="1147" HPOS="902"/>
							<String ID="string_298" HPOS="916" VPOS="1146" WIDTH="33" HEIGHT="21" WC="0.96" CONTENT="för"/><SP WIDTH="16" VPOS="1146" HPOS="949"/>
							<String ID="string_299" HPOS="965" VPOS="1152" WIDTH="26" HEIGHT="15" WC="0.96" CONTENT="en"/>
						</TextLine>
						<TextLine ID="line_32" HPOS="161" VPOS="1175" WIDTH="830" HEIGHT="28">
							<String ID="string_300" HPOS="161" VPOS="1175" WIDTH="99" HEIGHT="21" WC="0.95" CONTENT="bestämd"/><SP WIDTH="23" VPOS="1175" HPOS="260"/>
							<String ID="string_301" HPOS="283" VPOS="1175" WIDTH="100" HEIGHT="27" WC="0.95" CONTENT="tidpunkt"/><SP WIDTH="22" VPOS="1175" HPOS="383"/>
							<String ID="string_302" HPOS="405" VPOS="1175" WIDTH="39" HEIGHT="22" WC="0.96" CONTENT="och"/><SP WIDTH="19" VPOS="1175" HPOS="444"/>
							<String ID="string_303" HPOS="463" VPOS="1176" WIDTH="38" HEIGHT="21" WC="0.96" CONTENT="bör"/><SP WIDTH="16" VPOS="1176" HPOS="501"/>
							<String ID="string_304" HPOS="517" VPOS="1176" WIDTH="68" HEIGHT="21" WC="0.96" CONTENT="denna"/><SP WIDTH="15" VPOS="1176" HPOS="585"/>
							<String ID="string_305" HPOS="600" VPOS="1176" WIDTH="82" HEIGHT="27" WC="0.96" CONTENT="princip"/><SP WIDTH="16" VPOS="1176" HPOS="682"/>
							<String ID="string_306" HPOS="698" VPOS="1176" WIDTH="63" HEIGHT="21" WC="0.96" CONTENT="äfven"/><SP WIDTH="15" VPOS="1176" HPOS="761"/>
							<String ID="string_307" HPOS="776" VPOS="1175" WIDTH="107" HEIGHT="27" WC="0.96" CONTENT="tillämpas"/><SP WIDTH="15" VPOS="1175" HPOS="883"/>
							<String ID="string_308" HPOS="898" VPOS="1175" WIDTH="28" HEIGHT="27" WC="0.93" CONTENT="på"/><SP WIDTH="16" VPOS="1175" HPOS="926"/>
							<String ID="string_309" HPOS="942" VPOS="1176" WIDTH="49" HEIGHT="20" WC="0.91" CONTENT="när-"/>
						</TextLine>
						<TextLine ID="line_33" HPOS="161" VPOS="1203" WIDTH="830" HEIGHT="28">
							<String ID="string_310" HPOS="161" VPOS="1204" WIDTH="94" HEIGHT="21" WC="0.96" CONTENT="varande"/><SP WIDTH="21" VPOS="1204" HPOS="255"/>
							<String ID="string_311" HPOS="276" VPOS="1204" WIDTH="120" HEIGHT="27" WC="0.94" CONTENT="lagförslag,"/><SP WIDTH="20" VPOS="1204" HPOS="396"/>
							<String ID="string_312" HPOS="416" VPOS="1210" WIDTH="46" HEIGHT="15" WC="0.92" CONTENT="som"/><SP WIDTH="22" VPOS="1210" HPOS="462"/>
							<String ID="string_313" HPOS="484" VPOS="1204" WIDTH="151" HEIGHT="27" WC="0.90" CONTENT="obestridligen"/><SP WIDTH="20" VPOS="1204" HPOS="635"/>
							<String ID="string_314" HPOS="655" VPOS="1205" WIDTH="91" HEIGHT="20" WC="0.96" CONTENT="innebär"/><SP WIDTH="16" VPOS="1205" HPOS="746"/>
							<String ID="string_315" HPOS="762" VPOS="1203" WIDTH="40" HEIGHT="22" WC="0.96" CONTENT="den"/><SP WIDTH="15" VPOS="1203" HPOS="802"/>
							<String ID="string_316" HPOS="817" VPOS="1206" WIDTH="81" HEIGHT="19" WC="0.95" CONTENT="största"/><SP WIDTH="15" VPOS="1206" HPOS="898"/>
							<String ID="string_317" HPOS="913" VPOS="1203" WIDTH="23" HEIGHT="22" WC="0.96" CONTENT="af"/><SP WIDTH="13" VPOS="1203" HPOS="936"/>
							<String ID="string_318" HPOS="949" VPOS="1203" WIDTH="42" HEIGHT="22" WC="0.94" CONTENT="alla"/>
						</TextLine>
						<TextLine ID="line_34" HPOS="161" VPOS="1232" WIDTH="830" HEIGHT="28">
							<String ID="string_319" HPOS="161" VPOS="1232" WIDTH="27" HEIGHT="22" WC="0.96" CONTENT="de"/><SP WIDTH="15" VPOS="1232" HPOS="188"/>
							<String ID="string_320" HPOS="203" VPOS="1235" WIDTH="84" HEIGHT="24" WC="0.96" CONTENT="tungor,"/><SP WIDTH="16" VPOS="1235" HPOS="287"/>
							<String ID="string_321" HPOS="303" VPOS="1239" WIDTH="45" HEIGHT="15" WC="0.96" CONTENT="som"/><SP WIDTH="16" VPOS="1239" HPOS="348"/>
							<String ID="string_322" HPOS="364" VPOS="1232" WIDTH="83" HEIGHT="22" WC="0.96" CONTENT="landets"/><SP WIDTH="16" VPOS="1232" HPOS="447"/>
							<String ID="string_323" HPOS="463" VPOS="1233" WIDTH="168" HEIGHT="27" WC="0.96" CONTENT="representation"/><SP WIDTH="13" VPOS="1233" HPOS="631"/>
							<String ID="string_324" HPOS="644" VPOS="1233" WIDTH="34" HEIGHT="21" WC="0.96" CONTENT="vid"/><SP WIDTH="12" VPOS="1233" HPOS="678"/>
							<String ID="string_325" HPOS="690" VPOS="1233" WIDTH="71" HEIGHT="21" WC="0.93" CONTENT="denna"/><SP WIDTH="10" VPOS="1233" HPOS="761"/>
							<String ID="string_326" HPOS="771" VPOS="1233" WIDTH="101" HEIGHT="26" WC="0.91" CONTENT="landtdag"/><SP WIDTH="11" VPOS="1233" HPOS="872"/>
							<String ID="string_327" HPOS="883" VPOS="1232" WIDTH="39" HEIGHT="22" WC="0.96" CONTENT="har"/><SP WIDTH="11" VPOS="1232" HPOS="922"/>
							<String ID="string_328" HPOS="933" VPOS="1232" WIDTH="58" HEIGHT="27" WC="0.96" CONTENT="ålagt"/>
						</TextLine>
						<TextLine ID="line_35" HPOS="160" VPOS="1261" WIDTH="832" HEIGHT="27">
							<String ID="string_329" HPOS="160" VPOS="1261" WIDTH="85" HEIGHT="21" WC="0.93" CONTENT="landets"/><SP WIDTH="20" VPOS="1261" HPOS="245"/>
							<String ID="string_330" HPOS="265" VPOS="1261" WIDTH="165" HEIGHT="22" WC="0.92" CONTENT="skattebärande"/><SP WIDTH="15" VPOS="1261" HPOS="430"/>
							<String ID="string_331" HPOS="445" VPOS="1262" WIDTH="135" HEIGHT="22" WC="0.96" CONTENT="innevånare."/><SP WIDTH="30" VPOS="1262" HPOS="580"/>
							<String ID="string_332" HPOS="610" VPOS="1262" WIDTH="112" HEIGHT="22" WC="0.96" CONTENT="Utskottet"/><SP WIDTH="17" VPOS="1262" HPOS="722"/>
							<String ID="string_333" HPOS="739" VPOS="1262" WIDTH="39" HEIGHT="20" WC="0.96" CONTENT="har"/><SP WIDTH="15" VPOS="1262" HPOS="778"/>
							<String ID="string_334" HPOS="793" VPOS="1262" WIDTH="122" HEIGHT="26" WC="0.96" CONTENT="visserligen"/><SP WIDTH="16" VPOS="1262" HPOS="915"/>
							<String ID="string_335" HPOS="931" VPOS="1262" WIDTH="7" HEIGHT="20" WC="0.96" CONTENT="i"/><SP WIDTH="15" VPOS="1262" HPOS="938"/>
							<String ID="string_336" HPOS="953" VPOS="1261" WIDTH="39" HEIGHT="21" WC="0.96" CONTENT="sitt"/>
						</TextLine>
						<TextLine ID="line_36" HPOS="160" VPOS="1289" WIDTH="831" HEIGHT="29">
							<String ID="string_337" HPOS="160" VPOS="1289" WIDTH="137" HEIGHT="23" WC="0.96" CONTENT="betänkande"/><SP WIDTH="22" VPOS="1289" HPOS="297"/>
							<String ID="string_338" HPOS="319" VPOS="1290" WIDTH="53" HEIGHT="26" WC="0.96" CONTENT="tagit"/><SP WIDTH="22" VPOS="1290" HPOS="372"/>
							<String ID="string_339" HPOS="394" VPOS="1290" WIDTH="8" HEIGHT="21" WC="0.96" CONTENT="i"/><SP WIDTH="22" VPOS="1290" HPOS="402"/>
							<String ID="string_340" HPOS="424" VPOS="1290" WIDTH="141" HEIGHT="22" WC="0.96" CONTENT="betraktande"/><SP WIDTH="21" VPOS="1290" HPOS="565"/>
							<String ID="string_341" HPOS="586" VPOS="1297" WIDTH="81" HEIGHT="15" WC="0.96" CONTENT="samma"/><SP WIDTH="14" VPOS="1297" HPOS="667"/>
							<String ID="string_342" HPOS="681" VPOS="1291" WIDTH="140" HEIGHT="27" WC="0.95" CONTENT="synpunkter,"/><SP WIDTH="15" VPOS="1291" HPOS="821"/>
							<String ID="string_343" HPOS="836" VPOS="1296" WIDTH="48" HEIGHT="16" WC="0.96" CONTENT="men"/><SP WIDTH="16" VPOS="1296" HPOS="884"/>
							<String ID="string_344" HPOS="900" VPOS="1291" WIDTH="36" HEIGHT="21" WC="0.96" CONTENT="det"/><SP WIDTH="15" VPOS="1291" HPOS="936"/>
							<String ID="string_345" HPOS="951" VPOS="1290" WIDTH="40" HEIGHT="21" WC="0.96" CONTENT="har"/>
						</TextLine>
						<TextLine ID="line_37" HPOS="161" VPOS="1318" WIDTH="830" HEIGHT="28">
							<String ID="string_346" HPOS="161" VPOS="1318" WIDTH="46" HEIGHT="22" WC="0.96" CONTENT="icke"/><SP WIDTH="22" VPOS="1318" HPOS="207"/>
							<String ID="string_347" HPOS="229" VPOS="1318" WIDTH="91" HEIGHT="22" WC="0.96" CONTENT="kommit"/><SP WIDTH="20" VPOS="1318" HPOS="320"/>
							<String ID="string_348" HPOS="340" VPOS="1319" WIDTH="73" HEIGHT="27" WC="0.96" CONTENT="längre"/><SP WIDTH="21" VPOS="1319" HPOS="413"/>
							<String ID="string_349" HPOS="434" VPOS="1321" WIDTH="28" HEIGHT="19" WC="0.93" CONTENT="än"/><SP WIDTH="18" VPOS="1321" HPOS="462"/>
							<String ID="string_350" HPOS="480" VPOS="1319" WIDTH="31" HEIGHT="21" WC="0.95" CONTENT="till"/><SP WIDTH="16" VPOS="1319" HPOS="511"/>
							<String ID="string_351" HPOS="527" VPOS="1321" WIDTH="33" HEIGHT="19" WC="0.96" CONTENT="att"/><SP WIDTH="15" VPOS="1321" HPOS="560"/>
							<String ID="string_352" HPOS="575" VPOS="1319" WIDTH="79" HEIGHT="22" WC="0.96" CONTENT="föreslå"/><SP WIDTH="15" VPOS="1319" HPOS="654"/>
							<String ID="string_353" HPOS="669" VPOS="1326" WIDTH="26" HEIGHT="15" WC="0.96" CONTENT="en"/><SP WIDTH="17" VPOS="1326" HPOS="695"/>
							<String ID="string_354" HPOS="712" VPOS="1319" WIDTH="91" HEIGHT="27" WC="0.96" CONTENT="petition"/><SP WIDTH="16" VPOS="1319" HPOS="803"/>
							<String ID="string_355" HPOS="819" VPOS="1322" WIDTH="34" HEIGHT="18" WC="0.96" CONTENT="att"/><SP WIDTH="13" VPOS="1322" HPOS="853"/>
							<String ID="string_356" HPOS="866" VPOS="1319" WIDTH="125" HEIGHT="27" WC="0.96" CONTENT="regeringen"/>
						</TextLine>
						<TextLine ID="line_38" HPOS="160" VPOS="1347" WIDTH="831" HEIGHT="27">
							<String ID="string_357" HPOS="160" VPOS="1347" WIDTH="59" HEIGHT="21" WC="0.96" CONTENT="inom"/><SP WIDTH="17" VPOS="1347" HPOS="219"/>
							<String ID="string_358" HPOS="236" VPOS="1348" WIDTH="31" HEIGHT="20" WC="0.96" CONTENT="tio"/><SP WIDTH="21" VPOS="1348" HPOS="267"/>
							<String ID="string_359" HPOS="288" VPOS="1348" WIDTH="25" HEIGHT="20" WC="0.96" CONTENT="år"/><SP WIDTH="20" VPOS="1348" HPOS="313"/>
							<String ID="string_360" HPOS="333" VPOS="1347" WIDTH="68" HEIGHT="22" WC="0.94" CONTENT="måtte"/><SP WIDTH="14" VPOS="1347" HPOS="401"/>
							<String ID="string_361" HPOS="415" VPOS="1348" WIDTH="108" HEIGHT="26" WC="0.96" CONTENT="förelägga"/><SP WIDTH="14" VPOS="1348" HPOS="523"/>
							<String ID="string_362" HPOS="537" VPOS="1350" WIDTH="32" HEIGHT="19" WC="0.96" CONTENT="ett"/><SP WIDTH="14" VPOS="1350" HPOS="569"/>
							<String ID="string_363" HPOS="583" VPOS="1348" WIDTH="79" HEIGHT="26" WC="0.96" CONTENT="förslag"/><SP WIDTH="15" VPOS="1348" HPOS="662"/>
							<String ID="string_364" HPOS="677" VPOS="1348" WIDTH="34" HEIGHT="21" WC="0.96" CONTENT="till"/><SP WIDTH="16" VPOS="1348" HPOS="711"/>
							<String ID="string_365" HPOS="727" VPOS="1348" WIDTH="93" HEIGHT="21" WC="0.96" CONTENT="revision"/><SP WIDTH="15" VPOS="1348" HPOS="820"/>
							<String ID="string_366" HPOS="835" VPOS="1347" WIDTH="21" HEIGHT="23" WC="0.96" CONTENT="af"/><SP WIDTH="15" VPOS="1347" HPOS="856"/>
							<String ID="string_367" HPOS="871" VPOS="1348" WIDTH="71" HEIGHT="21" WC="0.96" CONTENT="denna"/><SP WIDTH="14" VPOS="1348" HPOS="942"/>
							<String ID="string_368" HPOS="956" VPOS="1347" WIDTH="35" HEIGHT="27" WC="0.96" CONTENT="lag"/>
						</TextLine>
						<TextLine ID="line_39" HPOS="160" VPOS="1376" WIDTH="830" HEIGHT="28">
							<String ID="string_369" HPOS="160" VPOS="1376" WIDTH="53" HEIGHT="21" WC="0.96" CONTENT="eller"/><SP WIDTH="15" VPOS="1376" HPOS="213"/>
							<String ID="string_370" HPOS="228" VPOS="1376" WIDTH="117" HEIGHT="27" WC="0.96" CONTENT="framlägga"/><SP WIDTH="15" VPOS="1376" HPOS="345"/>
							<String ID="string_371" HPOS="360" VPOS="1382" WIDTH="27" HEIGHT="15" WC="0.96" CONTENT="en"/><SP WIDTH="15" VPOS="1382" HPOS="387"/>
							<String ID="string_372" HPOS="402" VPOS="1382" WIDTH="33" HEIGHT="22" WC="0.96" CONTENT="ny."/><SP WIDTH="20" VPOS="1382" HPOS="435"/>
							<String ID="string_373" HPOS="455" VPOS="1376" WIDTH="29" HEIGHT="22" WC="0.96" CONTENT="Så"/><SP WIDTH="14" VPOS="1376" HPOS="484"/>
							<String ID="string_374" HPOS="498" VPOS="1377" WIDTH="84" HEIGHT="26" WC="0.96" CONTENT="mycket"/><SP WIDTH="15" VPOS="1377" HPOS="582"/>
							<String ID="string_375" HPOS="597" VPOS="1383" WIDTH="49" HEIGHT="15" WC="0.96" CONTENT="man"/><SP WIDTH="14" VPOS="1383" HPOS="646"/>
							<String ID="string_376" HPOS="660" VPOS="1379" WIDTH="28" HEIGHT="19" WC="0.96" CONTENT="än"/><SP WIDTH="15" VPOS="1379" HPOS="688"/>
							<String ID="string_377" HPOS="703" VPOS="1376" WIDTH="49" HEIGHT="22" WC="0.96" CONTENT="ofta"/><SP WIDTH="14" VPOS="1376" HPOS="752"/>
							<String ID="string_378" HPOS="766" VPOS="1376" WIDTH="55" HEIGHT="22" WC="0.96" CONTENT="varit"/><SP WIDTH="15" VPOS="1376" HPOS="821"/>
							<String ID="string_379" HPOS="836" VPOS="1376" WIDTH="50" HEIGHT="27" WC="0.96" CONTENT="böjd"/><SP WIDTH="15" VPOS="1376" HPOS="886"/>
							<String ID="string_380" HPOS="901" VPOS="1378" WIDTH="33" HEIGHT="19" WC="0.93" CONTENT="att"/><SP WIDTH="14" VPOS="1378" HPOS="934"/>
							<String ID="string_381" HPOS="948" VPOS="1376" WIDTH="42" HEIGHT="22" WC="0.92" CONTENT="för-"/>
						</TextLine>
						<TextLine ID="line_40" HPOS="161" VPOS="1404" WIDTH="830" HEIGHT="29">
							<String ID="string_382" HPOS="161" VPOS="1404" WIDTH="79" HEIGHT="22" WC="0.93" CONTENT="blanda"/><SP WIDTH="14" VPOS="1404" HPOS="240"/>
							<String ID="string_383" HPOS="254" VPOS="1405" WIDTH="116" HEIGHT="26" WC="0.92" CONTENT="petitioner"/><SP WIDTH="15" VPOS="1405" HPOS="370"/>
							<String ID="string_384" HPOS="385" VPOS="1405" WIDTH="48" HEIGHT="21" WC="0.93" CONTENT="med"/><SP WIDTH="16" VPOS="1405" HPOS="433"/>
							<String ID="string_385" HPOS="449" VPOS="1405" WIDTH="202" HEIGHT="28" WC="0.91" CONTENT="lagbestämningar,"/><SP WIDTH="15" VPOS="1405" HPOS="651"/>
							<String ID="string_386" HPOS="666" VPOS="1405" WIDTH="25" HEIGHT="22" WC="0.96" CONTENT="så"/><SP WIDTH="14" VPOS="1405" HPOS="691"/>
							<String ID="string_387" HPOS="705" VPOS="1407" WIDTH="27" HEIGHT="19" WC="0.96" CONTENT="är"/><SP WIDTH="14" VPOS="1407" HPOS="732"/>
							<String ID="string_388" HPOS="746" VPOS="1405" WIDTH="38" HEIGHT="21" WC="0.96" CONTENT="det"/><SP WIDTH="14" VPOS="1405" HPOS="784"/>
							<String ID="string_389" HPOS="798" VPOS="1405" WIDTH="55" HEIGHT="21" WC="0.93" CONTENT="dock"/><SP WIDTH="15" VPOS="1405" HPOS="853"/>
							<String ID="string_390" HPOS="868" VPOS="1405" WIDTH="78" HEIGHT="27" WC="0.96" CONTENT="tydligt"/><SP WIDTH="12" VPOS="1405" HPOS="946"/>
							<String ID="string_391" HPOS="958" VPOS="1406" WIDTH="33" HEIGHT="20" WC="0.96" CONTENT="att"/>
						</TextLine>
						<TextLine ID="line_41" HPOS="160" VPOS="1433" WIDTH="830" HEIGHT="27">
							<String ID="string_392" HPOS="160" VPOS="1433" WIDTH="27" HEIGHT="21" WC="0.96" CONTENT="de"/><SP WIDTH="14" VPOS="1433" HPOS="187"/>
							<String ID="string_393" HPOS="201" VPOS="1433" WIDTH="116" HEIGHT="26" WC="0.96" CONTENT="ingalunda"/><SP WIDTH="15" VPOS="1433" HPOS="317"/>
							<String ID="string_394" HPOS="332" VPOS="1433" WIDTH="64" HEIGHT="21" WC="0.64" CONTENT="hafva"/><SP WIDTH="14" VPOS="1433" HPOS="396"/>
							<String ID="string_395" HPOS="410" VPOS="1440" WIDTH="81" HEIGHT="15" WC="0.96" CONTENT="samma"/><SP WIDTH="15" VPOS="1440" HPOS="491"/>
							<String ID="string_396" HPOS="506" VPOS="1434" WIDTH="57" HEIGHT="21" WC="0.96" CONTENT="kraft"/><SP WIDTH="12" VPOS="1434" HPOS="563"/>
							<String ID="string_397" HPOS="575" VPOS="1434" WIDTH="39" HEIGHT="22" WC="0.96" CONTENT="och"/><SP WIDTH="11" VPOS="1434" HPOS="614"/>
							<String ID="string_398" HPOS="625" VPOS="1434" WIDTH="87" HEIGHT="21" WC="0.96" CONTENT="verkan."/><SP WIDTH="23" VPOS="1434" HPOS="712"/>
							<String ID="string_399" HPOS="735" VPOS="1434" WIDTH="33" HEIGHT="20" WC="0.96" CONTENT="En"/><SP WIDTH="11" VPOS="1434" HPOS="768"/>
							<String ID="string_400" HPOS="779" VPOS="1434" WIDTH="58" HEIGHT="26" WC="0.96" CONTENT="dylik"/><SP WIDTH="10" VPOS="1434" HPOS="837"/>
							<String ID="string_401" HPOS="847" VPOS="1434" WIDTH="90" HEIGHT="26" WC="0.96" CONTENT="petition"/><SP WIDTH="11" VPOS="1434" HPOS="937"/>
							<String ID="string_402" HPOS="948" VPOS="1433" WIDTH="42" HEIGHT="22" WC="0.97" CONTENT="kan"/>
						</TextLine>
						<TextLine ID="line_42" HPOS="159" VPOS="1462" WIDTH="831" HEIGHT="28">
							<String ID="string_403" HPOS="159" VPOS="1462" WIDTH="125" HEIGHT="26" WC="0.96" CONTENT="regeringen"/><SP WIDTH="20" VPOS="1462" HPOS="284"/>
							<String ID="string_404" HPOS="304" VPOS="1462" WIDTH="55" HEIGHT="22" WC="0.95" CONTENT="efter"/><SP WIDTH="17" VPOS="1462" HPOS="359"/>
							<String ID="string_405" HPOS="376" VPOS="1462" WIDTH="31" HEIGHT="22" WC="0.96" CONTENT="tio"/><SP WIDTH="21" VPOS="1462" HPOS="407"/>
							<String ID="string_406" HPOS="428" VPOS="1462" WIDTH="25" HEIGHT="21" WC="0.95" CONTENT="år"/><SP WIDTH="23" VPOS="1462" HPOS="453"/>
							<String ID="string_407" HPOS="476" VPOS="1462" WIDTH="56" HEIGHT="22" WC="0.95" CONTENT="fästa"/><SP WIDTH="15" VPOS="1462" HPOS="532"/>
							<String ID="string_408" HPOS="547" VPOS="1463" WIDTH="44" HEIGHT="27" WC="0.96" CONTENT="vigt"/><SP WIDTH="15" VPOS="1463" HPOS="591"/>
							<String ID="string_409" HPOS="606" VPOS="1463" WIDTH="35" HEIGHT="21" WC="0.96" CONTENT="vid"/><SP WIDTH="15" VPOS="1463" HPOS="641"/>
							<String ID="string_410" HPOS="656" VPOS="1462" WIDTH="52" HEIGHT="22" WC="0.96" CONTENT="eller"/><SP WIDTH="16" VPOS="1462" HPOS="708"/>
							<String ID="string_411" HPOS="724" VPOS="1462" WIDTH="46" HEIGHT="22" WC="0.96" CONTENT="låta"/><SP WIDTH="15" VPOS="1462" HPOS="770"/>
							<String ID="string_412" HPOS="785" VPOS="1462" WIDTH="70" HEIGHT="22" WC="0.88" CONTENT="blifva."/><SP WIDTH="30" VPOS="1462" HPOS="855"/>
							<String ID="string_413" HPOS="885" VPOS="1462" WIDTH="26" HEIGHT="21" WC="0.96" CONTENT="Vi"/><SP WIDTH="15" VPOS="1462" HPOS="911"/>
							<String ID="string_414" HPOS="926" VPOS="1462" WIDTH="64" HEIGHT="22" WC="0.96" CONTENT="hafva"/>
						</TextLine>
						<TextLine ID="line_43" HPOS="160" VPOS="1490" WIDTH="830" HEIGHT="28">
							<String ID="string_415" HPOS="160" VPOS="1490" WIDTH="100" HEIGHT="27" WC="0.96" CONTENT="ofantligt"/><SP WIDTH="15" VPOS="1490" HPOS="260"/>
							<String ID="string_416" HPOS="275" VPOS="1491" WIDTH="75" HEIGHT="27" WC="0.96" CONTENT="många"/><SP WIDTH="16" VPOS="1491" HPOS="350"/>
							<String ID="string_417" HPOS="366" VPOS="1490" WIDTH="96" HEIGHT="28" WC="0.96" CONTENT="exempel"/><SP WIDTH="10" VPOS="1490" HPOS="462"/>
							<String ID="string_418" HPOS="472" VPOS="1491" WIDTH="28" HEIGHT="27" WC="0.96" CONTENT="på"/><SP WIDTH="10" VPOS="1491" HPOS="500"/>
							<String ID="string_419" HPOS="510" VPOS="1493" WIDTH="33" HEIGHT="19" WC="0.93" CONTENT="att"/><SP WIDTH="13" VPOS="1493" HPOS="543"/>
							<String ID="string_420" HPOS="556" VPOS="1492" WIDTH="114" HEIGHT="26" WC="0.92" CONTENT="petitioner"/><SP WIDTH="10" VPOS="1492" HPOS="670"/>
							<String ID="string_421" HPOS="680" VPOS="1492" WIDTH="7" HEIGHT="20" WC="0.95" CONTENT="i"/><SP WIDTH="11" VPOS="1492" HPOS="687"/>
							<String ID="string_422" HPOS="698" VPOS="1491" WIDTH="28" HEIGHT="22" WC="0.93" CONTENT="de"/><SP WIDTH="11" VPOS="1491" HPOS="726"/>
							<String ID="string_423" HPOS="737" VPOS="1491" WIDTH="114" HEIGHT="27" WC="0.92" CONTENT="vigtigaste"/><SP WIDTH="11" VPOS="1491" HPOS="851"/>
							<String ID="string_424" HPOS="862" VPOS="1491" WIDTH="128" HEIGHT="27" WC="0.89" CONTENT="angelägen-"/>
						</TextLine>
					</TextBlock>
				</ComposedBlock>
			</PrintSpace>
		</Page>
	</Layout>
</alto>
