1078 1781
145 119 62 34 2510
344 127 181 23 Borgareståndet
537 128 56 18 1877.
619 129 23 17 19
654 128 120 18 December.

147 197 64 26 järvi.
242 197 40 22 Om
305 198 47 21 åter
374 203 26 16 en
422 197 126 27 indjudning
569 199 95 25 antages,
684 198 23 21 så
723 199 24 20 är
762 197 28 21 då
804 196 74 27 frågan
893 197 90 21 härnäst

151 226 98 21 kommer
269 226 46 21 före
330 233 26 14 en
373 226 103 27 tredjedel
492 226 23 21 af
529 225 101 22 Ståndets
645 227 140 20 medlemmar
800 225 62 22 borta
876 225 40 22 och
932 225 48 21 der-

151 255 83 26 igenom
259 254 41 22 blir
322 255 86 27 frågans
426 255 80 26 utgång
521 256 56 20 ännu
593 261 59 15 mera
667 254 134 27 äfventyrad.
830 253 40 27 Jag
884 253 99 22 anhåller

150 283 72 21 derför
246 285 33 19 att
304 283 181 27 Borgareståndet
511 283 48 21 ville
581 283 73 21 skrida
677 283 33 21 till
734 282 93 22 definitiv
845 283 99 26 pröfning
958 281 24 22 af

149 312 71 21 denna
235 311 126 28 inbjudning
376 311 40 22 och
431 312 73 21 dervid
521 312 118 21 bestämma
654 311 31 28 sig
700 312 34 21 för
750 311 48 22 dess
813 311 124 27 antagande.

220 369 56 21 Herr
291 369 25 21 E.
331 369 106 26 Bergh:
469 368 72 21 Ehuru
562 369 37 27 jag
619 369 34 21 vid
669 369 87 26 frågans
771 367 126 28 föregående
912 367 68 21 hand-

148 397 101 27 läggning
265 397 39 22 har
319 399 70 20 röstat
403 397 32 21 för
450 404 25 14 en
491 397 56 22 bana
563 398 80 26 dragen
658 399 99 19 närmare
772 397 24 20 åt
809 397 83 24 kusten,
907 397 24 20 så
941 395 40 22 ber

148 426 39 27 jag
209 426 55 21 dock
287 432 28 15 nu
337 429 33 18 att
385 426 21 21 få
422 426 85 21 förorda
537 427 129 26 antagandet
682 426 23 21 af
720 424 258 27 sammanjemkningsför-

151 455 69 27 slaget
235 455 40 21 och
288 455 37 26 jag
340 457 39 24 gör
394 455 36 20 det
444 454 23 21 af
481 454 35 21 två
532 455 52 20 skäl.
615 455 43 21 För
674 455 36 21 det
726 454 68 21 första
808 455 24 20 är
847 453 69 21 banan
931 453 50 21 främ

151 483 56 22 Vasa
230 483 32 21 till
286 483 72 21 Etseri
382 489 25 15 en
429 483 62 26 bana,
513 489 46 15 som
582 483 83 22 ändock
686 484 71 25 någon
773 483 54 26 gång
843 482 6 21 i
865 481 113 22 framtiden

150 511 84 22 komme
258 513 32 19 att
305 512 87 26 byggas,
408 512 38 21 och
462 511 42 22 kan
520 518 47 15 man
584 518 52 15 vara
651 511 47 22 fullt
714 511 103 22 förvissad
833 517 41 18 om,
890 511 32 20 att
938 511 40 20 den

149 540 56 21 skall
220 539 66 22 blifva
301 540 139 27 inbringande
456 541 52 20 eller
524 540 128 21 ätminstone
668 540 87 21 afkasta
770 546 58 15 mera
843 541 26 19 än
885 545 44 14 som
946 545 32 14 er-

149 569 85 21 fordras
256 569 32 20 till
311 569 142 21 betäckandet
476 568 23 21 af
513 569 217 21 trafikkostnaderna.
762 568 42 21 Det
819 568 91 21 återstår
924 567 56 21 säle-

151 597 38 22 des
199 599 32 19 att
247 597 115 27 öfverväga
370 598 104 21 huruvida
482 598 36 21 det
525 597 42 21 kan
575 604 52 15 vara
633 597 99 25 förenligt
741 597 47 21 med
797 597 100 26 planerna
906 595 33 21 för
947 598 33 18 ett

150 626 102 21 framtida
266 626 138 27 jernvägsnät
420 629 31 18 att
467 626 69 27 bygga
551 626 70 21 banan
637 626 47 21 från
700 625 145 22 Tammerfors
860 624 32 21 till
907 625 71 20 Etseri

151 655 40 21 och
216 655 74 20 dervid
312 655 39 20 bör
373 657 59 24 tagas
452 655 7 21 i
480 655 141 21 betraktande
642 657 32 19 att
694 661 26 15 en
737 654 85 27 jernväg
838 653 40 21 bör
899 653 80 26 byggas

151 683 40 21 och
207 683 69 21 skulle
292 683 48 22 med
355 683 29 22 all
399 683 100 22 säkerhet
514 684 7 20 i
537 683 113 22 framtiden
666 684 81 27 byggas
758 682 32 22 till
800 681 116 28 Jyväskylä
925 681 53 22 eller

151 712 7 20 i
174 711 117 22 allmänhet
314 712 47 21 inät
383 713 71 20 landet
470 712 38 21 och
524 712 6 21 i
545 712 77 21 sädant
637 712 100 21 afseende
753 711 61 21 torde
829 710 150 26 sträckningen

151 742 58 19 öster
224 747 33 14 om
274 740 106 27 Näsijärvi
395 741 42 21 läta
453 740 95 22 försvara
563 741 37 26 sig.
631 741 42 27 Jag
688 743 47 18 tror
750 740 37 21 det
801 745 42 20 nog
855 739 66 21 finnes
931 739 46 20 skäl

150 771 35 19 att
199 769 65 26 draga
280 775 25 15 en
321 769 57 22 bana
392 775 75 21 genom
484 769 109 21 trakterna
608 769 62 26 kring
685 769 151 21 Keurunselkä
851 767 39 22 och
904 767 74 26 frägan

151 797 43 22 blir
216 797 83 22 säledes
322 798 56 21 blott
399 798 40 21 den
462 797 138 22 hvilkendera
615 797 23 22 af
652 798 26 21 de
693 797 121 26 föreslagna
830 797 94 20 banorna
940 796 39 21 bör

150 825 65 22 hafva
230 826 118 21 företrädet
364 828 32 19 att
410 826 80 27 byggas
506 827 96 26 tidigare.
634 827 10 20 I
660 827 59 20 detta
735 825 99 22 afseende
845 825 38 21 har
890 824 38 27 jag
937 825 41 26 gif-

150 855 32 21 vit
201 855 107 21 företräde
324 855 22 21 ät
362 855 68 21 banan
446 855 47 21 frän
509 855 112 26 Loimijoki
637 856 59 25 längs
712 855 78 20 kusten
806 854 31 21 till
853 853 61 27 Vasa,
930 859 48 15 men

151 883 69 22 denna
243 883 54 22 bana
320 883 39 22 har
381 883 55 22 fallit
458 884 40 21 och
518 884 36 20 det
569 884 93 21 äterstär
676 883 85 22 säledes
777 883 54 21 blott
846 882 69 21 banan
931 881 47 22 frän

150 911 145 22 Tammerfors
310 912 32 21 till
358 912 56 21 Vasa
430 912 47 22 med
493 919 25 14 en
535 913 103 26 dragning
653 913 23 20 ät
689 913 85 24 kusten,
785 917 48 15 men
844 911 69 21 denna
922 910 57 21 bana

150 940 40 21 har
206 941 36 20 det
256 940 62 22 svära
334 941 28 20 fel
376 943 33 19 att
424 947 51 15 vara
489 941 88 21 alldeles
593 941 118 27 obestämd,
728 943 23 24 ty
766 940 68 26 ingen,
850 945 45 15 som
910 941 69 19 röstat

150 969 33 21 för
199 969 129 25 densamma,
344 972 46 19 tror
402 969 43 28 jag,
461 969 67 22 skulle
544 969 67 22 önska
625 975 23 16 se
664 969 39 22 den
720 970 80 25 dragen
811 968 6 21 i
828 968 40 21 den
879 967 101 27 rigtning,

151 1003 46 16 som
220 998 163 26 öfverstyrelsen
402 998 116 27 föreslagit,
537 998 105 26 nämligen
658 1005 77 20 genom
751 997 128 26 Honkajoki,
893 996 86 21 Kauha-

147 1026 46 27 joki
210 1027 39 20 och
265 1027 103 25 Kurikka,
385 1027 72 21 hvilka
472 1028 43 24 äro,
531 1026 66 27 enligt
612 1027 54 21 hvad
677 1027 38 27 jag
726 1027 87 24 känner,
823 1025 64 27 högst
897 1025 82 26 olämp-

150 1055 43 27 liga
215 1055 39 21 och
278 1055 100 27 oländiga
399 1058 57 19 orter
479 1055 47 22 med
548 1055 61 26 ringa
631 1055 86 22 framtid
742 1054 34 21 för
794 1054 37 27 sig.
860 1053 34 22 Dä
909 1054 70 20 denna

150 1083 150 22 obestämdhet
323 1084 67 26 ligger
412 1086 57 19 emot
490 1085 68 20 denna
578 1084 56 21 bana
648 1084 39 21 och
704 1089 50 16 man
770 1083 47 21 icke
832 1088 37 15 ens
881 1084 99 19 närmare

150 1113 42 20 kan
213 1112 128 21 föreskrifva
363 1113 56 21 huru
441 1113 69 21 banan
533 1113 66 21 borde
621 1113 77 27 dragas
722 1114 98 19 närmare
843 1111 33 21 vid
895 1111 83 24 kusten,

149 1141 25 20 så
203 1147 62 16 anser
289 1141 37 27 jag
354 1147 51 16 vara
431 1141 60 27 ringa
515 1141 76 22 förlust
616 1147 34 16 om
676 1141 71 22 denna
773 1140 56 21 bana
853 1139 61 22 faller
938 1139 40 21 och

149 1169 68 22 skulle
240 1169 38 28 jag
300 1170 46 21 icke
372 1170 50 27 vilja
445 1171 82 20 riskera
553 1176 25 15 en
603 1170 127 27 inbjudning
756 1169 33 21 för
813 1169 123 20 densamma
957 1167 25 22 af

149 1199 38 20 det
212 1199 45 20 skäl
281 1201 32 18 att
334 1205 34 15 om
392 1201 30 19 ett
437 1199 67 21 Ständ
520 1198 68 21 skulle
603 1199 28 26 gä
645 1199 22 20 in
682 1199 28 26 pä
726 1197 152 27 inbjudningen
893 1196 39 21 och
948 1199 32 18 ett

149 1229 66 19 annat
225 1227 102 27 förkasta,
338 1227 20 21 vi
370 1227 67 22 skulle
447 1227 21 21 få
480 1228 35 20 två
526 1227 67 22 Stånd
603 1229 45 20 mot
658 1228 36 20 två
707 1227 41 21 och
760 1226 122 27 derigenom
890 1227 32 20 ett
932 1227 47 19 out-

149 1256 89 21 redbart
261 1257 76 21 trassel
353 1256 77 21 hvaraf
449 1256 79 27 följden
552 1256 39 21 lätt
614 1256 72 21 kunde
708 1256 68 21 blifva
795 1257 32 19 att
842 1254 48 21 hela
905 1254 74 26 frågan

149 1284 69 22 skulle
241 1284 91 22 förfalla.
362 1284 26 22 Vi
410 1285 68 21 skulle
497 1285 121 26 derigenom
634 1285 46 21 åter
695 1284 21 22 få
733 1286 32 20 ett
780 1283 88 27 sorgligt
883 1282 96 27 exempel

149 1313 28 27 pä
200 1313 54 21 huru
270 1314 84 21 landets
370 1314 90 21 Ständer
475 1314 6 20 i
496 1314 32 20 sin
544 1313 96 21 envishet
655 1314 63 26 lägga
734 1312 83 22 landets
833 1311 146 22 välförstädda

149 1342 106 21 intressen
271 1343 27 27 pä
314 1342 51 27 spel,
382 1349 25 14 en
422 1342 39 22 sak
476 1348 45 16 som
537 1342 99 27 slutligen
651 1342 70 21 skulle
732 1342 87 20 komma
829 1342 32 20 att
871 1340 108 21 användas

149 1376 46 15 som
215 1374 113 23 argument
348 1373 44 19 mot
408 1371 35 21 det
458 1371 191 27 parlamentariska
664 1372 104 25 systemet
783 1370 7 20 i
805 1370 47 21 värt
867 1368 56 22 land.
953 1368 26 21 Vi

149 1399 54 21 böra
225 1400 65 21 också
313 1400 65 21 tänka
401 1400 27 26 pä
443 1402 32 19 att
490 1400 77 25 landet,
582 1408 47 13 sum
645 1399 143 21 underkastar
800 1398 33 26 sig
845 1398 67 26 aryga
925 1402 54 21 upp-

149 1427 103 27 offringar
268 1428 32 21 för
318 1428 165 27 uppehällandet
498 1428 23 21 af
535 1428 35 21 det
585 1427 193 27 parlamentariska
794 1428 107 26 systemet,
911 1425 68 21 måste

148 1458 53 24 göra
217 1456 33 27 sig
265 1457 40 21 den
321 1457 73 27 frågan
414 1457 71 21 hvilka
500 1456 82 22 frukter
597 1457 62 21 dessa
670 1456 147 28 uppoffringar
827 1454 101 26 medföra,
940 1455 40 20 när

149 1485 37 21 det
209 1491 34 15 ser
264 1486 86 26 förslag,
373 1492 45 15 som
441 1485 166 27 uppenbarligen
627 1485 45 21 afse
688 1485 86 21 landets
789 1484 40 25 väl,
845 1482 83 23 förfalla
942 1483 37 21 det

149 1520 40 15 ena
211 1514 55 22 efter
286 1515 36 21 det
337 1514 67 22 andra
418 1520 75 22 genom
510 1514 130 22 Ständernas
656 1513 98 23 envishet
770 1513 39 21 och
822 1512 109 26 oförmäga
946 1513 34 20 att
