1078 1781
163 102 57 24 2784
386 107 180 22 Borgareståndet
579 108 56 18 1878.
659 108 24 17 10
695 107 95 18 Januari.

163 176 98 24 ståndets
276 176 112 23 uttalande
402 177 8 22 i
421 176 72 24 saken,
515 177 43 28 Jag
567 179 39 24 gör
616 177 37 22 det
662 176 64 23 likväl
737 176 68 23 under
815 176 40 23 den
865 175 129 28 uttryckliga

163 205 161 28 förutsättning,
340 212 46 15 som
402 206 61 22 äfven
473 206 27 21 de
512 205 130 28 föregående
652 206 97 21 talarena
760 205 63 22 hafva
833 204 159 29 antydningsvis

163 236 81 25 nämnt,
264 234 112 28 nemligen,
392 237 32 19 att
442 235 60 21 detta
519 234 173 24 Presteståndets
709 235 112 21 uttalande
839 234 27 27 på
880 234 55 22 intet
949 234 43 20 sätt

164 263 34 22 får
216 269 52 16 vara
288 266 32 19 ett
335 263 70 22 vilkor
419 263 30 23 uti
464 263 249 27 Bevillningsutskottets
734 262 135 23 betänkande
889 262 53 22 eller
961 263 32 20 ett

164 291 69 22 vilkor
255 291 33 22 för
308 291 106 22 Ståndens
435 291 121 28 antagande
571 291 22 22 af
607 292 26 21 de
648 292 38 21 der
701 294 110 25 upptagna
825 291 120 27 grunderna
959 289 34 22 för

164 321 156 26 bevillningens
346 321 123 26 utgörande,
489 323 52 19 utan
567 322 33 20 att
624 321 114 21 resultatet
760 321 23 21 af
802 319 191 28 Borgareståndets

164 350 122 26 antagande
300 349 24 22 af
337 349 158 27 inbjudningen,
509 349 83 22 hvilket
609 349 61 22 äfven
688 349 37 27 jag
744 349 34 22 för
793 349 43 21 min
851 349 34 22 del
900 348 36 21 vill
951 348 42 21 för-

165 378 59 26 orda,
247 377 69 23 skulle
338 378 66 21 blifva
424 378 45 21 helt
489 377 74 22 enkelt
587 378 36 22 det
648 380 33 19 att
705 377 168 27 anmärkningen
892 377 34 21 till
947 377 13 27 &
980 377 14 21 4

164 406 32 22 uti
216 407 41 21 den
280 406 78 27 nådiga
380 407 158 27 propositionen
561 413 35 15 om
621 406 179 27 stämpelskatten
823 405 69 22 skulle
914 407 78 25 utstry-

165 435 40 22 kas
226 435 48 22 med
297 435 131 27 beläggande
448 435 23 21 af
489 441 27 16 en
537 435 118 27 förklaring
682 435 88 21 hvarför
792 435 41 21 den
856 434 68 22 blifvit
939 436 54 25 stry-

165 464 50 21 ken.
238 464 78 21 Denna
340 464 145 27 anmärkning,
507 470 46 15 som
573 464 118 21 innehåller
706 466 32 19 att
753 463 160 22 Bondeståndet
927 463 67 21 borde

165 499 52 14 vara
239 492 93 21 befriadt
352 492 46 22 från
421 493 117 26 utgörande
559 492 23 22 af
601 493 158 26 stämpelskatt,
774 493 85 21 komme
876 498 28 15 nu
919 493 75 20 natur-

165 521 71 27 ligtvis
257 523 33 19 att
316 521 91 26 förfalla,
430 527 47 16 men
503 521 28 22 då
553 527 26 15 en
600 522 24 21 så
645 521 66 27 vigtig
734 521 89 27 ändring
845 521 55 24 sker,
924 520 24 21 så
970 521 24 20 är

166 550 37 21 det
224 549 47 22 skäl
294 551 33 20 att
350 549 95 22 förklara
463 550 124 21 densamma
601 549 40 22 och
657 550 40 21 den
712 549 107 22 förklaras
834 555 75 21 genom
925 549 69 21 denna

165 579 175 20 Presteståndets
360 578 123 22 resolution.
513 579 76 21 Denna
609 578 142 27 anmärkning
773 579 113 26 utstrykes,
905 577 89 22 emedan

165 607 163 22 Bondeståndet
350 607 107 26 sjelfmant
478 607 40 22 och
539 607 23 22 af
581 613 54 21 egen
649 607 112 28 ingifvelse
776 607 47 26 gått
837 607 22 21 in
874 606 66 27 derpå
954 605 41 22 och

166 635 40 22 har
221 635 163 22 Bondeståndet
401 636 46 27 gått
461 636 22 21 in
499 636 67 27 derpå
580 641 76 22 genom
672 638 33 19 att
719 637 103 26 uppsätta
836 635 32 22 till
884 635 26 21 de
925 634 70 27 öfriga

167 664 96 22 Ständen
283 664 59 21 detta
357 664 75 27 vilkor,
447 670 46 15 som
508 664 164 22 Presteständet
687 670 28 15 nu
730 667 73 19 senast
817 664 40 21 har
870 663 125 22 formulerat

167 693 91 22 sålunda
272 693 106 26 nemligen
393 695 33 20 att
440 692 48 22 hela
502 693 178 27 stämpelskatten
696 693 88 27 beviljas
799 693 27 27 på
839 693 35 20 det
884 691 69 22 vilkor
962 693 34 20 att

167 722 27 21 de
209 722 91 25 570,000
316 722 61 21 mark
392 721 33 22 för
439 721 69 22 finska
523 722 73 21 skolor
611 723 103 26 upptagas
730 721 59 22 såväl
799 721 28 27 på
837 721 41 22 den
888 720 107 22 ordinarie

167 756 46 16 som
228 751 41 20 den
284 752 61 20 extra
360 750 107 21 ordinarie
477 750 113 27 budgeten.
614 750 41 27 Jag
665 752 46 19 tror
722 750 66 21 också
798 752 33 19 att
840 749 43 22 alla
893 749 101 26 Stånden,

167 779 66 22 sedan
249 779 27 21 de
290 779 64 21 fattat
368 779 65 21 saken
449 779 95 26 sålunda,
559 779 62 22 skola
633 779 65 21 blifva
710 785 50 15 ense
770 785 35 15 om
818 779 69 21 denna
898 777 96 27 ändring.

167 807 42 27 Jag
230 808 43 21 kan
296 807 55 22 dock
373 807 113 27 omöjligen
504 807 28 28 gå
547 807 21 22 in
583 808 67 26 derpå
662 809 32 20 att
710 807 70 22 denna
795 807 117 22 resolution
927 806 68 22 skulle

167 838 63 25 göras
246 836 33 21 till
294 838 31 19 ett
340 836 70 22 vilkor
424 836 32 21 för
471 837 132 26 antagandet
617 836 24 21 af
654 837 28 21 de
696 836 102 27 grunder,
813 835 107 22 hvarefter
930 837 66 20 stäm-

167 865 123 26 pelskatten
312 865 55 21 skall
390 865 106 27 uppbäras
517 865 40 21 och
578 867 94 25 utgöras,
688 865 40 21 och
747 865 39 26 jag
807 865 37 21 ber
859 866 31 19 att
906 863 98 26 Ståndet.

167 893 51 22 ville
232 893 75 22 förena
322 893 31 27 sig
368 899 35 16 om
418 895 32 20 ett
465 893 124 28 uttryckligt
601 893 111 22 uttalande
724 893 68 22 häraf.
815 893 40 21 Om
864 893 36 27 jag
910 893 86 21 förstått

168 922 82 21 Herrar
270 922 83 22 Kurtén
376 922 40 21 och
438 922 99 22 Lindelöf
556 924 45 19 rätt
618 923 24 21 så
661 922 63 21 hafva
740 922 26 21 de
783 922 74 27 antydt
872 921 124 26 detsamma,

167 957 49 16 men
236 951 38 27 jag
292 951 70 21 skulle
380 951 66 21 önska
460 953 33 19 att
509 951 59 22 detta
583 951 143 27 uttryckligen
741 950 108 22 uttalades
864 950 28 21 då
906 949 90 23 Ståndet

168 982 91 25 antager
274 979 68 22 denna
357 979 170 22 Presteståndets
541 979 131 28 inbjudning.

238 1036 56 22 Herr
315 1036 77 22 Julin:
422 1036 46 22 Den
486 1036 145 28 formulering,
645 1043 45 15 som
706 1037 59 21 förra
780 1036 80 22 hälften
876 1035 24 22 af
912 1035 84 22 Preste-

168 1065 99 22 ståndets
288 1065 127 28 inbjudning
434 1065 119 22 innehåller
572 1066 42 21 kan
627 1065 37 28 jag
679 1065 47 22 icke
740 1065 73 22 förena
828 1065 42 26 mig
885 1071 41 15 om.
955 1064 42 22 Det

168 1093 62 22 heter
252 1094 38 21 der
312 1096 33 19 att
367 1094 69 21 denna
456 1094 171 22 Bondeståndets
642 1094 104 27 afsägelse
762 1094 24 21 af
799 1094 32 21 sin
847 1093 103 27 rättighet
964 1093 33 22 till

168 1122 102 22 befrielse
290 1122 48 22 från
356 1122 151 28 kartaafgiften
530 1123 69 22 skulle
620 1129 50 15 vara
685 1123 100 26 gällande
799 1123 75 22 endast
889 1122 67 21 under
971 1121 26 22 de

169 1153 109 20 närmaste
300 1151 42 22 fem
366 1151 51 22 åren
438 1151 52 22 eller
511 1153 82 20 rättare
615 1151 62 27 sagdt
696 1151 24 22 så
736 1152 63 26 länge
814 1151 70 22 denna
898 1151 100 26 stämpel-

169 1180 171 27 pappersstadga
360 1181 25 20 är
406 1180 104 27 gällande.
541 1180 40 22 Om
605 1181 53 21 1882
678 1180 35 21 års
734 1179 93 22 Ständer
841 1179 102 22 förändra
958 1179 41 22 den

169 1208 53 22 allra
243 1209 79 21 minsta
340 1208 59 22 siffra
418 1208 51 22 eller
479 1211 52 24 göra
546 1209 66 27 något
627 1211 66 19 annat
707 1208 75 27 tillägg
798 1208 51 22 eller
863 1208 90 26 ändring
967 1208 33 21 uti

169 1238 124 21 densamma
314 1237 25 22 så
360 1237 40 22 har
420 1237 161 23 Bondeståndet
595 1239 45 20 rätt
654 1240 33 19 att
702 1239 58 26 säga,
776 1239 33 20 att
824 1237 40 22 den
879 1236 121 28 skyldighet

169 1266 38 22 det
220 1267 70 26 åtagit
304 1266 34 26 sig
352 1266 35 22 vid
405 1267 53 21 1877
474 1266 35 22 års
524 1266 103 28 landtdag
641 1268 33 20 att
684 1266 98 27 begagna
792 1266 116 27 stämpladt
919 1271 81 21 papper

169 1296 26 20 är
209 1301 29 15 nu
253 1294 120 28 upphäfven
392 1295 39 21 och
446 1296 33 21 att
494 1295 37 22 det
545 1295 34 21 för
593 1295 115 21 framtiden
723 1295 38 21 vill
776 1294 92 22 vidhålla
884 1294 26 22 de
925 1294 75 27 rättig-

169 1322 62 22 heter
251 1324 36 21 det
309 1324 53 26 egde
382 1323 47 22 före
449 1324 62 21 1877.
541 1324 126 21 Emellertid
684 1323 98 22 kommer
803 1323 82 27 tillfölje
902 1322 25 22 af
940 1322 60 22 detta

170 1351 76 27 beslut,
263 1358 34 15 om
320 1352 40 22 den
383 1352 119 28 föreslagna
522 1352 165 28 formuleringen
702 1352 132 27 godkännes,
849 1352 104 27 styrelsen
967 1353 33 20 att

170 1381 99 21 använda
289 1381 109 26 betydliga
419 1381 69 22 medel
510 1380 33 22 för
564 1381 133 22 inrättandet
718 1380 25 22 af
756 1380 67 26 högre
838 1380 99 22 läroverk
952 1380 48 22 med

170 1408 83 22 finskan
276 1409 32 21 till
328 1409 233 27 undervisningsspråk,
576 1410 77 22 medan
675 1410 27 21 de
721 1410 29 21 då
764 1409 33 22 till
812 1409 52 27 följd
879 1408 25 22 af
916 1408 85 22 Bonde-

170 1438 97 22 ståndets
290 1438 106 26 åtagande
422 1438 122 28 påräknade
569 1438 121 22 tillskotten
711 1438 8 21 i
742 1438 150 27 bevillningen,
912 1437 89 23 sålunda

170 1466 86 22 komme
278 1468 33 20 att
333 1467 55 21 efter
410 1468 54 21 1882
480 1467 35 22 års
530 1467 53 21 eller
598 1468 70 26 någon
684 1467 94 27 följande
794 1466 102 27 landtdag
910 1467 34 21 att
958 1466 43 22 för-

171 1495 81 22 svinna.
282 1495 74 23 Skulle
384 1496 159 22 Bondeståndet
570 1496 67 27 enligt
664 1496 175 22 Presteståndets
862 1494 139 28 formulering
