1078 1781
279 118 178 22 Borgareståndet
470 119 57 17 1877.
549 120 24 16 21
585 119 119 18 December.
851 114 56 20 2607

79 189 98 20 satserna
192 187 7 22 i
214 187 38 22 vår
266 194 28 15 nu
308 187 99 27 gällande
422 187 171 28 inteckningslag
608 189 33 20 att
654 187 100 22 inteckna
764 187 143 27 lösegendom,

80 215 69 22 skulle
161 216 38 27 jag
215 216 79 21 föreslå
308 218 33 19 att
356 216 67 21 andra
437 218 118 19 momentet
570 217 56 26 finge
642 216 41 22 den
696 216 86 27 lydelse,
793 223 46 15 som
851 216 57 22 Herr

79 245 149 27 Montgomery
242 245 8 21 i
264 245 33 21 sin
312 245 131 22 reservation
459 244 96 22 föreslår.

149 308 56 21 Herr
219 307 114 28 Nybom:
363 309 41 26 Jag
428 308 56 21 hade
499 308 20 26 ej
534 308 69 21 heller
617 308 71 27 någon
711 314 70 15 annan
801 307 63 27 afsigt
879 309 27 20 än

79 338 33 19 att
133 337 130 21 understöda
284 336 57 22 Herr
362 337 160 27 Montgomerys
546 337 129 21 reservation
699 336 27 27 på
747 337 27 21 de
788 336 47 22 skäl
851 336 55 22 Herr

78 365 110 22 Fabritius
202 365 66 21 redan
284 365 94 22 anförde.

148 428 57 22 Herr
245 430 121 25 Procopé:
397 429 42 26 Jag
461 428 98 22 anhåller
581 429 65 21 också
669 430 33 19 att
717 428 22 21 få
754 428 74 21 förena
843 429 43 26 mig
900 429 6 20 i

79 457 70 21 denna
163 457 137 22 reservation.

146 520 57 21 Herr
225 519 21 22 S.
271 520 152 27 Björkstén:
463 520 47 21 Den
532 520 162 27 ifrågavarande
716 520 160 27 bestämningen
899 521 6 20 i

78 549 60 20 detta
153 551 94 18 moment
269 551 24 18 är
308 549 70 21 införd
400 549 179 26 hufvudsakligen
595 549 32 21 för
642 551 32 19 att
690 549 120 26 derigenom
827 549 79 21 bereda

78 583 25 15 en
119 577 81 27 köpare
215 577 110 27 möjlighet
340 580 33 19 att
388 581 58 18 strax
462 577 56 22 efter
529 578 97 21 executiv
635 577 125 27 försäljning
771 578 71 21 kunna
852 584 42 21 upp

78 605 102 22 rätthålla
203 605 97 22 trafiken.
331 607 86 20 Liksom
440 606 35 21 vid
497 607 147 26 pantsättning
659 607 23 20 af
696 606 209 27 fabriksanläggning

77 635 138 26 lösegendom
231 634 66 27 ingår,
308 635 24 21 så
340 635 76 27 ansågs
426 635 71 22 denna
505 635 135 27 bestämning
649 635 129 26 fullkomligt
786 635 28 27 på
823 641 82 15 samma

78 663 47 22 skäl
140 663 73 22 kunna
227 663 111 22 försvaras.

147 727 56 20 Herr
218 727 24 20 E.
257 727 96 27 Bergh:
384 722 68 26 Äfven
472 727 38 26 jag
532 727 39 21 ber
594 728 32 19 att
648 726 22 21 få
694 726 87 22 förorda
796 726 60 21 bifall
871 727 33 20 till

77 755 123 22 Utskottets
215 755 140 22 betänkande.
386 755 26 22 Vi
428 755 63 22 hafva
507 755 32 22 för
554 755 132 22 närvarande
708 757 31 20 ett
754 755 55 27 slags
825 755 79 21 inteck-

77 783 57 27 ning,
150 790 45 15 som
211 784 81 21 medför
306 784 124 27 inteckning
444 784 7 21 i
467 784 144 27 lösegendom,
627 784 39 21 den
690 783 108 22 såkallade
813 783 90 22 fabriks-

77 812 148 27 inteckningen
248 813 40 21 och
303 813 67 21 ehuru
385 813 38 21 der
438 813 164 26 lösegendomen
626 813 44 20 ofta
686 815 24 18 är
725 813 85 26 mycket
826 813 77 21 lättare

77 843 33 19 att
131 841 87 27 åtskilja
242 841 46 22 från
311 841 40 22 den
374 841 56 22 fasta
454 841 41 22 och
517 841 33 22 till
566 841 39 22 och
621 841 48 21 med
684 841 48 21 hela
748 841 154 27 anläggningen

77 869 72 22 består
164 869 23 22 af
201 869 141 27 lösegendom,
358 871 24 20 så
397 870 39 21 har
451 877 49 14 man
517 870 124 21 förnummit
656 870 82 27 ganska
750 870 52 21 liten
817 869 85 27 olägen-

77 898 37 21 het
129 899 22 20 af
165 899 60 20 detta
240 899 137 21 förhållande.
408 899 62 21 Hvad
485 899 115 26 jernvägen
617 898 100 21 beträffar
732 898 24 22 sä
772 900 24 19 är
810 899 40 20 den
859 900 43 19 rör-

76 926 43 27 liga
133 927 124 21 materielen
273 930 31 19 ett
316 928 131 26 nödvändigt
463 928 107 27 appendix
585 927 33 22 till
629 928 39 20 den
680 927 56 21 fasta
746 927 156 27 anläggningen

77 955 38 22 och
131 955 40 22 har
185 955 89 22 afskildt
288 956 47 21 frän
352 957 123 21 densamma
490 956 82 27 ganska
587 956 48 21 litet
648 956 73 21 värde.
751 955 77 22 Dertill
843 955 58 22 kom-

76 991 45 14 mer
143 987 56 18 ännu
222 987 32 19 att
270 985 6 20 i
291 985 155 21 koncessionen
469 985 137 21 föreskrifves
629 987 31 19 ett
675 985 109 21 minimum
799 984 23 21 af
836 984 66 27 rörlig

76 1013 96 21 materiel
195 1013 23 21 sä
241 1016 32 18 att
296 1016 15 18 t.
336 1020 31 15 ex.
390 1014 154 21 koncessionen
567 1013 41 21 kan
624 1013 108 22 förverkas
748 1019 34 15 om
797 1013 47 21 icke
859 1013 43 20 till-

75 1041 82 28 räcklig
179 1042 65 26 rörlig
269 1043 96 20 materiel
387 1042 120 21 förefinnes.
538 1042 74 21 Skulle
631 1048 27 15 nu
673 1042 87 26 stadgas
775 1043 32 20 att
823 1042 79 21 inteck-

75 1070 51 27 ning
141 1071 46 21 icke
203 1070 81 21 medför
299 1071 137 21 förmänsrätt
452 1071 33 20 till
501 1071 65 26 rörlig
582 1070 95 22 materiel
693 1074 51 17 utan
760 1072 32 19 att
807 1070 41 21 den
859 1070 42 21 kan

75 1099 100 21 särskildt
191 1101 99 21 utmätas,
312 1100 24 21 sä
358 1100 71 21 kunde
445 1099 60 22 detta
523 1100 64 21 lända
602 1099 133 27 intecknings
750 1098 151 22 innehafvaren

75 1127 32 21 till
123 1127 83 27 förfäng
222 1128 121 27 derigenom
366 1131 32 18 att
422 1128 155 21 koncessionen
593 1128 89 21 sälunda
696 1128 69 21 skulle
780 1127 64 22 blifva
859 1127 42 22 för-

73 1156 80 21 verkad
169 1157 40 20 och
224 1157 286 26 inteckningsinnehafvaren
527 1157 65 21 blifva
608 1157 90 20 lidande.
728 1157 42 26 Jag
790 1162 63 15 anser
867 1156 34 21 sä-

73 1185 59 21 ledes
147 1187 33 19 att
195 1185 40 21 den
251 1185 97 22 rullande
363 1185 126 22 materielen
505 1186 40 21 bör
559 1185 111 21 betraktas
680 1185 70 21 säsom
761 1185 96 21 hörande
867 1185 32 21 till

73 1213 128 27 fastigheten
223 1214 39 21 och
283 1214 98 21 förordar
403 1214 167 27 godkännandet
585 1213 23 22 af
622 1214 122 21 Utskottets
760 1213 139 22 betänkande.

142 1278 57 20 Herr
216 1277 132 28 Procop6:
386 1278 41 21 Vid
450 1277 204 27 fabriksinteckning
683 1277 108 21 meddelas
820 1277 80 21 inteck-

73 1306 51 26 ning
147 1306 6 21 i
175 1306 142 28 lösegendom,
340 1306 69 27 förlag
431 1306 41 22 och
488 1306 138 24 materialier,
650 1306 75 22 endast
747 1306 27 21 dä
798 1306 60 26 fräga
875 1308 25 19 är

73 1341 34 15 om
122 1335 202 27 förlagsinteckning
340 1335 39 21 och
395 1335 27 21 dä
437 1337 162 19 reservanterne
615 1335 63 21 hafva
697 1334 108 26 föreslagit
820 1337 33 19 att
867 1334 32 21 in-

72 1363 101 27 teckning
189 1364 75 21 endast
278 1364 68 21 skulle
362 1364 109 21 meddelas
488 1364 31 20 till
536 1364 79 21 sädana
627 1363 84 27 belopp,
719 1369 45 15 som
774 1362 124 22 försträckts

72 1392 33 21 till
117 1392 127 27 jernvägens
266 1392 156 27 fullbordande,
447 1392 114 22 underhäll
577 1392 52 21 eller
650 1392 144 27 begagnande,
810 1392 24 21 sä
850 1398 49 14 vore

73 1421 36 21 det
121 1420 24 27 ju
160 1422 33 20 att
209 1420 109 22 betraktas
333 1421 70 21 säsom
420 1428 25 14 en
461 1421 80 27 förlags
551 1421 127 27 inteckning.
710 1421 49 21 Men
770 1420 28 21 dä
809 1420 89 22 Ständet

71 1449 100 21 uteslutit
186 1449 26 22 de
226 1450 63 21 rader
312 1449 46 22 frän
374 1450 67 21 första
463 1452 118 19 momentet
595 1456 76 20 genom
687 1450 71 20 hvilka
774 1449 67 21 denna
857 1448 40 22 för-

72 1478 110 26 lagsnatur
191 1479 112 26 uttryckts,
319 1478 71 22 kunna
399 1478 62 22 dessa
469 1478 183 26 försträckningar
662 1478 47 22 icke
720 1484 58 15 mera
789 1478 109 21 betraktas

72 1506 69 22 säsom
157 1506 115 28 förlagslän
288 1510 50 19 utan
354 1507 70 22 säsom
441 1514 26 15 en
480 1507 157 27 försträckning
646 1507 32 21 till
692 1506 205 28 jernvägsbyggaren
