1078 1781
274 113 182 23 Borgareståndet
467 115 56 17 1877.
549 115 25 17 14
586 114 123 18 December.
841 110 57 21 2389

67 184 32 20 ett
113 182 141 23 hundradetal
269 182 77 27 lärare,
362 183 24 21 så
400 185 36 20 vet
449 183 39 27 jag
503 182 48 23 icke
565 182 57 23 hvad
636 189 46 16 som
698 182 69 23 skulle
780 182 77 24 hindra
864 185 34 21 att

66 211 44 22 alla
125 211 63 22 dessa
201 211 105 22 förklaras
321 211 42 22 fria
376 211 49 22 från
439 212 62 21 aktiv
516 212 148 27 tjenstgöring.

136 268 57 22 Herr
210 269 160 21 Fabritius:
401 269 51 21 Icke
467 269 70 21 heller
549 269 38 27 jag
601 269 68 21 finner
679 269 94 21 hvarken
784 269 7 21 i
801 269 97 27 proposi-

66 297 81 25 tionen,
163 297 143 22 betänkandet
318 297 52 22 eller
380 297 24 21 af
413 297 26 22 de
450 297 50 22 utaf
509 297 102 22 Ståndets
622 297 143 24 medlemmar,
776 303 44 16 som
832 297 66 22 hafva

66 325 83 22 biträdt
165 325 150 26 betänkandet,
330 326 66 27 något
406 326 47 21 skäl
465 333 52 15 vara
527 326 85 22 anfördt
622 326 34 21 för
666 328 33 19 att
709 325 117 22 skollärare
837 326 61 22 skola

67 353 92 22 framför
173 355 67 21 andra
255 361 103 20 personer
372 361 52 15 vara
439 355 97 22 befriade
551 355 46 22 från
613 355 58 21 aktiv
684 355 146 26 tjenstgöring.
845 355 53 22 Frå-

66 389 42 20 gan
123 385 25 19 är
162 383 47 22 icke
224 383 67 22 heller
306 383 22 21 af
338 384 69 26 någon
418 384 24 21 så
453 383 110 28 obetydlig
573 383 97 28 praktisk
680 383 116 27 betydelse,
808 383 89 22 emedan

65 413 118 20 momentet
205 413 24 20 är
250 412 24 21 så
296 412 89 21 allmänt
406 412 68 22 hållet
495 414 33 19 att
544 412 60 22 detta
618 412 110 27 undantag
744 411 61 22 äfven
821 411 77 22 hänför

66 440 33 26 sig
120 440 33 22 till
174 440 160 22 folkskollärare
350 441 40 21 och
405 441 70 21 lärare
491 441 36 21 vid
543 441 42 22 alla
600 441 86 27 möjliga
701 441 148 27 inrättningar,
863 440 34 22 till

67 469 73 22 hvilka
155 469 61 22 äfven
232 475 100 21 personer
347 469 35 22 vid
398 475 67 22 yngre
480 469 25 22 år
517 469 72 22 kunna
599 470 63 21 vinna
672 469 91 22 inträde.
777 469 42 28 Jag
828 469 69 22 skulle

67 497 72 22 derför
161 498 79 21 föreslå
262 500 126 19 momentets
411 498 138 22 uteslutande
569 498 58 25 eller,
643 505 34 15 om
698 498 36 21 det
749 498 147 24 bibehålles,
885 493 14 35 i

67 526 77 22 sådant
159 526 36 22 fall
211 533 25 15 en
252 527 121 21 återremiss
388 527 7 21 i
410 527 37 22 det
462 527 55 27 syfte
533 529 32 20 att
575 527 75 22 endast
660 527 36 21 vid
707 529 81 20 statens
798 526 99 23 läroverk

66 555 98 22 anstälde
179 555 40 22 och
234 555 189 28 befullmäktigade
439 556 71 21 lärare
526 555 35 22 må
575 556 66 21 blifva
656 555 101 22 befriade.

135 612 57 22 Herr
206 612 32 21 W.
254 613 117 26 Nystén:
401 612 50 22 Med
467 613 138 28 åberopande
620 613 23 21 af
656 613 27 22 de
698 613 53 27 skäl,
766 619 45 16 som
827 613 23 22 af
863 613 33 22 åt-

66 640 86 28 skilliga
174 641 68 22 talare
265 641 67 22 blifvit
353 641 97 24 anförda,
467 641 37 22 vill
516 642 37 27 jag
568 642 75 21 förena
658 642 42 26 mig
716 642 48 21 med
780 642 54 25 dem,
849 648 47 16 som

65 669 64 22 hafva
144 669 63 28 yrkat
222 672 32 19 att
269 670 59 21 detta
343 673 95 25 moment
454 671 68 21 måtte
537 671 46 21 helt
597 670 40 22 och
653 670 67 22 hållet
733 671 59 26 utgå.
822 670 74 22 Skulle

66 698 37 21 det
123 698 96 22 deremot
241 698 124 27 bibehållas,
381 699 25 21 sä
423 705 64 15 anser
497 699 38 27 jag
550 699 36 22 det
600 703 52 18 vara
666 699 74 27 nödigt
756 701 32 20 att
802 699 7 22 i
824 699 72 22 stället

65 726 34 23 för
114 727 96 26 ,lärare*
227 728 35 21 det
277 727 67 22 måtte
360 728 50 21 heta
424 728 121 27 ,ordinarie
560 728 86 22 lärare".

135 785 56 20 Herr
211 785 131 21 Boström:
372 785 43 28 Jag
436 785 44 22 kan
504 785 47 22 icke
572 785 69 22 heller
659 791 51 16 anse
728 787 33 20 att
776 785 69 22 denna
859 785 36 22 be-

65 813 108 28 stämning
188 815 25 20 är
227 813 23 22 af
263 814 24 21 så
303 813 60 28 ringa
376 814 45 26 vigt
436 814 7 21 i
459 814 110 27 praktiskt
580 814 122 21 hänseende
712 820 45 15 som
768 813 55 22 Herr
833 813 62 27 Igna-

64 842 43 21 tius
129 841 40 22 har
191 842 122 25 framhållit,
329 843 89 20 emedan
437 849 26 15 en
483 843 66 21 sådan
565 843 142 27 värnepligtig
721 843 43 21 kan
779 842 68 21 under
861 844 34 20 tre

64 870 36 21 års
114 870 32 21 tid
164 870 80 22 erhålla
259 871 92 27 uppskof
366 871 48 22 med
429 872 33 20 sin
478 872 142 27 tjenstgöring
635 872 66 26 enligt
716 871 12 27 $
745 872 33 25 31,
794 871 31 22 uti
843 871 51 21 hvil-

63 899 42 22 ken
128 899 102 28 paragraf
244 899 7 22 i
267 900 36 21 det
324 899 111 22 afseendet
450 900 48 21 icke
521 900 40 21 har
578 899 120 28 föreslagits
716 901 70 26 någon
805 899 90 27 ändring

64 927 40 22 och
127 934 26 15 en
174 934 77 21 person
266 929 6 20 i
288 928 60 27 fråga
368 929 91 21 sålunda
474 929 43 21 kan
533 929 64 21 hafva
611 929 48 27 fyllt
674 929 38 21 sitt
726 928 129 27 tjugufjerde
870 927 25 22 år

63 956 65 21 innan
150 956 42 22 han
214 957 72 21 kunde
306 957 88 22 komma
408 958 7 21 i
431 957 74 27 tjenst.
535 957 42 22 Vid
596 957 70 22 denna
683 957 61 22 ålder
758 959 24 19 är
797 957 37 21 det
848 957 46 21 icke

63 991 60 16 mera
143 985 66 27 något
232 985 94 28 ovanligt
341 988 32 19 att
388 992 26 15 en
430 992 79 21 person
524 986 41 21 kan
581 986 83 22 erhålla
678 986 65 27 tjenst
758 992 46 15 som
819 985 75 26 lärare,

63 1013 124 28 isynnerhet
209 1014 27 21 dä
258 1014 39 21 här
319 1015 47 21 icke
388 1016 25 19 är
428 1015 71 21 afsedt
515 1015 75 21 endast
605 1015 69 21 lärare
689 1015 35 21 vid
740 1014 60 22 lärda
815 1014 78 26 skolor,

62 1045 53 18 utan
130 1042 43 21 alla
187 1043 80 25 skolor,
282 1043 58 22 såväl
356 1043 62 22 lärda
432 1043 75 22 skolor
521 1049 46 16 som
582 1043 119 22 realskolor
716 1043 40 22 och
771 1043 123 22 folkskolor.

63 1071 50 22 Men
129 1071 28 22 då
171 1071 36 22 det
222 1071 13 22 å
250 1072 67 21 andra
332 1072 60 21 sidan
408 1073 24 20 är
447 1071 47 22 utaf
509 1072 40 21 den
560 1074 81 20 största
650 1073 44 26 vigt
705 1074 31 20 att
747 1072 69 21 lärare
826 1071 68 22 finnes

63 1099 32 22 uti
109 1099 44 22 alla
169 1100 61 21 dessa
244 1101 73 21 skolor
332 1100 32 22 för
378 1103 34 19 att
428 1101 73 21 kunna
517 1101 97 27 bibringa
629 1101 98 21 eleverna
742 1101 41 23 den
796 1100 97 27 kunskap

63 1128 40 22 och
119 1129 26 20 de
161 1129 95 26 insigter,
271 1129 72 21 hvilka
358 1129 58 27 gifva
431 1129 65 22 dessa
511 1129 70 22 elever
591 1129 117 28 eftergifter
718 1129 6 21 i
736 1129 62 21 deras
808 1129 86 26 tjenste-

62 1157 129 27 skyldighet,
207 1157 23 22 så
245 1164 63 15 anser
322 1158 36 27 jag
373 1160 119 19 momentet
507 1158 54 21 böra
576 1159 92 26 qvarstå,
683 1158 27 21 då
723 1158 37 21 det
772 1157 61 22 torde
843 1163 51 16 vara

63 1185 24 22 af
99 1187 69 20 större
183 1186 45 27 vigt
243 1189 33 18 att
292 1187 62 21 dessa
369 1186 71 22 elever
455 1187 88 21 komma
557 1189 34 19 att
603 1186 81 22 erhålla
695 1187 61 21 dessa
766 1186 128 27 kunskaper,

63 1216 27 19 än
105 1216 33 19 att
153 1214 98 22 lärarena
266 1215 75 27 sjelfva
356 1215 62 22 träda
433 1216 7 20 i
456 1216 61 21 aktiv
532 1216 71 27 tjenst.

131 1271 56 22 Herr
210 1272 24 21 E.
250 1272 98 27 Bergh:
378 1273 43 27 Jag
443 1272 71 22 skulle
535 1279 96 21 upprepa
646 1273 50 21 mitt
709 1272 95 28 yrkande
819 1272 27 27 på
860 1274 34 20 att

62 1300 50 22 hela
133 1303 117 19 momentet
269 1302 67 21 måtte
356 1302 110 26 utstrykas
483 1301 40 22 och
539 1302 89 21 sålunda
643 1301 47 22 icke
704 1302 66 26 något
784 1301 110 27 undantag

61 1330 64 26 göras
137 1329 34 21 för
185 1329 118 22 skollärare
318 1330 6 21 i
340 1332 82 20 statens
439 1330 66 26 tjenst
521 1330 51 22 eller
587 1330 108 22 ordinarie
710 1329 116 22 skollärare
841 1330 53 21 eller

62 1358 74 26 dylikt.
167 1358 43 27 Jag
223 1358 69 22 skulle
308 1359 32 21 till
356 1358 40 22 och
412 1358 49 22 med
477 1365 52 15 anse
545 1359 36 21 det
597 1359 33 21 för
645 1365 26 15 en
687 1358 107 28 synnerlig
809 1358 83 22 förmon

61 1386 35 22 för
119 1386 26 22 de
168 1386 107 22 blifvande
296 1387 147 22 skollärarena
465 1387 76 27 sjelfva
563 1394 34 15 om
616 1388 27 21 de
657 1387 69 22 blefve
740 1388 8 21 i
762 1386 84 22 tillfälle
860 1388 33 20 att

61 1414 120 28 tjenstgöra
195 1417 32 20 ett
242 1416 24 21 år
280 1416 36 22 vid
332 1416 92 21 aktiven.
443 1416 66 21 Först
524 1416 39 22 och
579 1416 77 22 främst
665 1416 102 21 behöfves
778 1416 35 21 det
823 1415 69 27 någon

61 1444 58 26 slags
139 1443 118 23 skollärare
274 1445 57 21 inom
348 1444 26 22 de
389 1444 74 22 aktiva
479 1446 124 26 trupperna,
619 1447 23 25 ty
657 1451 25 15 en
698 1447 46 19 stor
759 1444 35 22 del
808 1444 23 21 af
844 1444 48 21 dem

61 1478 47 16 som
123 1472 87 22 komma
224 1472 23 22 in
262 1473 38 27 dit,
315 1473 61 22 torde
391 1473 35 21 väl
441 1473 96 22 behöfva
551 1473 70 27 någon
633 1473 57 27 slags
701 1473 150 27 undervisning
860 1472 32 22 uti

225 1529 5 7 N
