1078 1781
155 113 56 21 2740
373 118 179 21 Borgareståndet
563 119 58 17 1878.
650 120 12 16 6
674 119 95 17 Januari.

223 187 27 29 88
266 188 34 26 28,
317 187 33 26 29,
366 189 34 25 30,
416 187 24 22 31
459 187 40 22 och
515 188 26 21 32
557 188 130 27 godkändes.

538 273 13 29 s
567 274 35 21 33.

223 330 58 22 Herr
296 331 26 21 E.
337 330 94 27 Bergh:
461 330 51 22 Med
527 331 99 22 afseende
642 331 12 21 å
670 331 36 21 det
721 331 86 26 förslag,
817 337 46 15 som
879 330 107 22 förekom-

155 365 46 16 mer
215 359 8 22 i
238 359 68 22 första
327 359 107 22 klämmen
455 359 29 28 pä
499 359 62 22 sidan
582 360 13 21 9
611 361 47 23 ,att
672 359 120 22 Ständerne
808 359 48 22 ville
871 359 39 22 hos
926 359 59 22 Hans

155 387 120 28 Kejserliga
290 387 102 28 Majestät
407 387 150 28 underdänigst
572 388 86 21 anhälla
674 390 38 24 att,
728 388 25 21 sä
768 388 62 27 länge
840 387 64 22 finskt
915 387 20 22 öl
945 387 41 22 och

155 419 74 24 porter
245 416 7 21 i
267 416 92 22 Finland
375 417 116 24 beskattas,
507 417 73 27 dylika
594 417 7 21 i
616 417 164 27 Kejsaredömet
790 416 125 22 tillverkade
926 416 60 27 dryc-

155 445 40 22 ker
214 445 66 21 mätte
296 445 35 21 vid
353 445 87 22 införsel
458 445 33 22 till
505 445 92 22 Finland
612 445 101 27 beläggas
728 445 49 22 med
793 451 26 15 en
836 445 54 22 efter
907 444 78 22 förhäl-

156 473 91 22 landena
268 473 86 28 lämpad
377 473 114 28 tullafgift*
509 474 69 21 skulle
599 474 37 27 jag
654 474 88 21 anhålla
760 475 33 20 att
807 473 55 28 uti
857 469 12 36 $
878 473 27 22 33
920 473 66 21 måtte

156 502 86 26 införas,
260 503 56 20 efter
338 503 66 20 orden
427 502 242 27 ,spelkortfabrikanter
691 505 56 19 samt
768 502 134 21 innehafvare
918 501 23 22 af
954 501 32 22 öl-

156 531 40 21 och
207 531 206 27 porterbryggerier*
423 531 66 22 orden
500 531 119 27 jäfvensom
630 532 129 26 importörer
768 531 24 21 af
799 531 111 21 utländskt
917 530 21 21 öl
946 529 40 22 och

156 559 83 27 porter"
254 560 91 21 emedan
360 566 50 15 man
424 566 76 21 genom
516 560 60 22 detta
592 560 74 27 tillägg
681 560 67 27 enligt
764 559 44 22 min
818 560 56 27 äsigt
886 559 70 21 kunde
965 558 22 22 få

157 594 26 15 en
206 587 116 29 bevillning
344 591 44 18 satt
406 589 27 26 pä
449 589 112 21 utländskt
576 589 21 21 öl
613 589 40 21 och
668 591 80 24 porter,
763 591 52 18 utan
830 591 31 18 att
877 588 59 21 detta
951 587 35 22 be-

156 616 64 22 höfde
242 616 66 22 blifva
330 623 27 15 en
379 617 46 21 tull.
453 617 41 26 Jag
516 618 69 21 mäste
605 617 91 26 beklaga
714 619 32 19 att
762 617 147 21 diskussionen
924 616 23 21 af
960 617 26 21 de

157 645 69 27 öfriga
240 645 153 27 paragraferne
408 645 90 28 begynte
513 646 28 27 gå
555 647 24 20 sä
594 646 81 27 hastigt
689 648 33 19 att
733 646 38 27 jag
782 645 142 22 försummade
934 646 53 25 göra

157 680 81 15 samma
255 674 141 27 anmärkning
411 675 7 20 i
432 675 13 26 $
461 675 13 21 8
490 674 84 22 hvilken
591 675 54 21 hade
660 674 64 22 bordt
739 675 22 20 få
776 676 32 19 ett
823 674 67 27 dylikt
904 673 81 27 tillägg.

157 702 50 22 Men
228 703 28 21 dä
278 703 161 21 Presteständet
459 703 40 21 har
520 703 168 22 äterremitterat
707 703 12 27 $
736 705 13 19 8
764 709 45 15 som
825 703 12 27 $
853 703 26 20 33
894 702 32 21 till
942 708 44 15 om-

157 731 122 28 redigering
298 731 41 22 och
360 731 146 22 diskussionen
525 732 73 21 derom
614 731 120 28 egentligen
750 731 40 21 hör
805 731 33 21 till
853 731 40 22 den
908 731 22 21 af
944 731 43 26 mig

157 761 129 20 omnämnda
308 759 106 22 klämmen
430 761 13 21 &
457 760 59 22 sidan
541 761 19 23 9,
575 761 24 20 sä
619 761 62 20 torde
697 760 37 21 det
749 766 52 15 vara
815 759 124 26 tillräckligt
954 761 33 20 att

158 788 39 21 här
212 790 54 25 göra
281 791 31 19 ett
329 788 104 22 förbehåll
448 789 40 21 och
503 789 110 22 utsträcka
629 789 59 21 detta
700 788 105 22 förbehåll
821 788 60 21 äfven
896 787 32 22 till
940 788 14 27 $
966 789 20 25 8,

157 817 34 21 för
205 819 33 20 att
252 817 123 22 sedermera
390 818 132 21 äterkomma
536 818 33 21 till
582 817 66 22 saken
664 818 65 21 sedan
740 817 94 27 afgjordt
845 816 69 22 blifvit
923 816 64 22 huru-

157 846 50 21 vida
229 846 37 21 det
286 852 51 15 vore
360 846 74 27 nödigt
453 848 33 20 att
503 847 27 26 gä
545 847 22 20 in
582 846 33 21 till
632 847 59 20 Hans
706 846 103 27 Majestät
824 846 47 21 med
886 845 100 22 anhällan

157 880 35 15 om
207 874 92 22 särskild
314 874 165 27 tullagstiftning
494 875 53 21 eller
561 881 35 15 om
611 875 67 22 mälet
692 875 48 21 icke
755 874 71 21 kunde
839 874 43 21 lika
892 874 40 21 lätt
942 873 45 22 vin-

157 909 39 16 nas
211 903 7 21 i
233 903 56 22 form
312 903 22 22 af
353 903 116 28 bevillning
489 903 90 22 sålunda
599 905 32 20 att
651 904 131 26 importörer
799 902 23 22 af
837 902 111 22 utländskt
966 902 21 21 öl

157 931 42 22 och
213 934 74 25 porter
302 932 68 21 skulle
386 932 76 21 liksom
477 932 124 21 tillverkare
616 933 23 21 af
653 932 108 21 inhemskt
774 931 20 22 öl
805 931 38 22 och
854 933 72 25 porter
935 937 52 16 vara

157 960 78 27 ålagda
257 963 33 19 att
310 960 100 27 uppgifva
432 961 55 21 huru
502 961 84 27 mycket
601 961 26 22 de
643 961 119 27 importera
776 959 22 22 af
812 960 90 21 nämnde
916 966 70 15 varor.

157 989 76 22 Denna
243 989 85 27 uppgift
338 989 71 22 kunde
418 990 65 21 sedan
494 989 143 22 kontrolleras
647 995 77 21 genom
735 988 180 28 tulljournalerne,
925 988 62 22 hvar-

157 1017 84 27 igenom
256 1024 28 15 en
298 1019 69 20 större
382 1018 82 27 garanti
482 1018 71 21 kunde
570 1018 33 22 fås
618 1018 33 21 för
666 1019 63 20 dessa
744 1017 120 28 uppgifters
879 1017 107 27 rigtighet.

158 1046 95 21 Sålunda
274 1046 69 22 blefve
366 1046 37 22 det
423 1047 47 21 icke
485 1047 130 27 nödvändigt
631 1049 32 19 att
678 1047 86 27 ingripa
779 1046 7 21 i
802 1046 59 21 Hans
876 1046 111 27 Majestäts

157 1075 122 27 prerogativ
295 1077 32 19 att
342 1075 90 27 pålägga
447 1075 40 22 tull
502 1075 52 22 eller
569 1075 127 27 petitionera
708 1075 75 22 derom
794 1077 51 19 utan
857 1081 49 14 man
916 1074 71 21 kunde

158 1103 100 22 beskatta
272 1103 157 28 importörerna
444 1104 48 21 med
507 1111 26 14 en
549 1104 116 27 bevillning
675 1104 78 21 liksom
764 1103 26 22 de
800 1103 112 22 inhemska
922 1103 65 21 fabri-

158 1133 112 21 kanterna.
299 1133 43 20 Det
356 1134 25 19 är
396 1132 34 21 väl
449 1133 46 21 icke
511 1132 75 28 troligt
601 1135 33 19 att
649 1133 27 26 på
691 1133 68 26 högre
775 1134 34 19 ort
824 1133 68 26 någon
908 1131 79 27 svårig-

158 1161 37 21 het
217 1161 54 21 skall
295 1163 64 24 möta,
375 1163 23 25 ty
410 1161 37 27 jag
467 1166 45 17 tror
530 1164 33 19 att
577 1161 104 28 styrelsen
696 1161 48 22 icke
759 1161 33 21 för
807 1161 40 21 den
862 1160 55 22 skull
932 1160 55 22 skall

158 1189 45 22 låta
217 1189 49 22 hela
281 1189 216 28 bevillningsstadgan
512 1190 92 21 förfalla.

227 1247 57 22 Herr
306 1246 124 28 Liljeros:
460 1247 61 22 Hvad
543 1247 168 28 importerandet
734 1247 22 22 af
779 1247 109 22 utländskt
908 1247 20 21 öl
948 1246 39 22 och

158 1278 73 24 porter
253 1276 134 21 vidkommer
409 1276 23 21 så
454 1282 62 16 anser
533 1276 37 27 jag
585 1277 63 21 dessa
662 1277 91 21 artiklar
768 1282 52 16 vara
834 1276 90 26 belagda
938 1274 50 23 med

158 1304 127 27 tillräckligt
303 1305 42 27 hög
364 1304 38 22 tull
418 1304 33 22 för
466 1307 33 19 att
514 1305 47 21 dem
577 1305 101 21 behöfver
694 1306 88 26 åläggas
797 1305 69 26 någon
881 1304 55 22 skild
951 1304 37 22 be-

158 1333 169 27 villningsafgift.
348 1333 159 27 Importörerna
522 1336 85 19 taxeras
622 1334 65 21 redan
700 1334 34 21 för
744 1334 47 21 sina
799 1334 116 20 inkomster
925 1333 62 21 hvar-

158 1362 33 20 för
207 1368 49 14 man
271 1362 42 21 kan
328 1363 52 25 säga
395 1364 32 19 att
442 1362 36 21 det
493 1362 113 22 utländska
621 1363 44 21 ölet
680 1362 85 22 betalar
780 1362 115 26 bevillning
905 1361 83 22 utöfver

159 1390 41 21 den
215 1390 48 22 icke
285 1390 123 27 ohetydliga
429 1390 106 27 tullafgift,
551 1397 46 15 som
617 1391 71 21 derför
703 1391 104 25 erlägges.
837 1390 40 22 Om
890 1391 36 26 jag
940 1390 48 22 icke

159 1418 135 22 missminner
308 1419 50 26 mig,
374 1419 24 21 sä
413 1421 63 25 utgör
491 1420 40 21 den
547 1421 14 19 4
575 1420 61 21 mark
651 1420 28 21 20
694 1420 65 27 penni
774 1420 33 21 för
817 1419 107 27 lispundet
934 1420 54 20 hvil-

158 1448 38 21 ket
218 1447 66 22 borde
307 1447 64 22 blifva
395 1448 89 26 ungefär
499 1448 28 22 60
542 1448 63 27 penni
625 1448 34 22 för
673 1449 95 21 kannan.
798 1448 41 27 Jag
853 1448 36 21 vill
904 1447 84 22 minnas

159 1478 33 20 att
206 1476 25 22 sä
249 1476 101 22 förhäller
364 1476 34 28 sig
413 1476 40 22 och
468 1477 34 21 vid
518 1477 77 21 sädant
609 1476 134 22 förhällande
759 1482 63 16 anser
835 1476 35 27 jag
885 1478 33 20 att
932 1476 56 22 hvad

160 1505 36 21 det
210 1504 114 22 utländska
340 1504 43 22 ölet
399 1505 136 27 vidkommer,
551 1506 62 26 ingen
630 1505 116 27 bevillning
759 1506 39 20 bör
808 1505 84 22 komma
892 1500 14 37 i
920 1504 67 29 fräga.
