1078 1781
311 119 181 21 Borgareståndet
504 120 59 16 1878.
584 120 14 16 8
609 119 94 17 Januari.
862 114 54 21 2761

90 189 33 28 sig
145 190 59 26 prest
226 190 52 19 utan
301 195 25 14 en
351 188 119 27 förklaring
490 189 33 20 att
538 188 27 21 de
581 188 69 21 dertill
666 190 36 19 äro
718 188 140 27 berättigade,
873 189 45 21 ifall

93 218 61 21 deras
170 216 201 27 samfundsordning
385 217 79 21 sådant
479 217 122 26 medgifver.
632 217 73 26 Enligt
727 216 6 29 $
750 217 12 20 2
779 217 60 21 skola
854 220 65 18 samt-

91 247 43 26 liga
159 245 253 26 dissenterförsamlingar
436 245 94 21 inlemna
551 245 32 21 till
607 245 134 26 regeringens
764 246 154 26 godkännande

91 275 32 21 sin
139 274 198 27 samfundsordning
352 274 39 21 och
408 274 5 21 i
431 274 70 21 denna
516 274 200 26 samfundsordning
732 274 20 21 få
768 275 31 25 de,
810 274 5 21 i
825 274 93 27 enlighet

90 303 49 22 med
157 303 46 20 sina
223 303 99 26 religiösa
337 303 114 25 tänkesätt,
469 303 68 20 ordna
553 303 36 20 det
604 302 138 25 förhällande,
760 309 44 15 som
820 303 11 26 $
847 303 12 20 3
875 309 43 15 om-

91 334 95 19 nämner.
217 331 42 22 Det
280 331 61 26 enda,
362 337 44 15 som
430 331 81 27 äligger
527 331 47 21 dem
591 331 65 26 enligt
672 332 10 25 $
699 333 19 24 3,
734 331 66 26 gäller
815 332 102 21 förestän-

93 361 71 24 daren,
187 366 47 15 men
257 360 68 21 denna
341 360 148 21 föreständare
504 360 39 21 har
559 360 109 26 ingenting
683 362 33 19 att
730 360 67 21 skaffa
813 361 47 20 med
876 360 42 21 för-

91 389 130 26 samlingens
236 389 101 26 religiösa
352 388 149 22 förhällanden
517 391 51 18 utan
581 395 57 14 mera
649 389 48 20 med
708 389 62 20 deras
780 389 139 21 ekonomiska

91 417 178 26 angelägenheter
284 417 39 21 och
340 417 74 27 dylikt.
445 417 32 21 De
493 417 160 27 grekisk-ryska
669 417 176 27 församlingarne
855 417 63 22 hafva

91 446 65 21 redan
173 452 28 15 nu
216 446 151 27 föreständare,
376 446 67 21 ehuru
459 447 26 20 de
501 446 47 21 icke
563 445 69 22 kallas
647 445 145 22 föreständare
808 449 51 18 utan
873 453 45 14 om-

91 475 109 21 budsmän.

161 531 56 22 Herr
231 532 129 26 Ignatius:
391 532 43 21 Det
457 534 24 19 är
501 531 47 22 icke
563 531 60 27 fråga
639 538 32 15 om
688 532 33 21 val
738 531 21 22 af
773 532 146 21 föreståndare

92 560 51 21 eller
159 562 58 25 prest
232 563 50 18 utan
299 567 33 14 om
348 562 33 19 att
396 561 36 20 det
448 562 24 19 är
488 560 93 22 Senaten
597 560 40 21 och
652 563 138 24 guvernören,
806 567 45 15 som
864 561 54 21 skall

93 589 104 21 stadfästa
220 589 60 21 valen
296 589 24 21 af
333 589 62 21 dessa
410 589 155 21 föreständare.
597 589 61 21 Hvad
673 589 75 27 sjelfva
763 589 155 22 föreständare-

93 617 145 28 befattningen
261 617 137 26 vidkommer,
414 618 23 21 sä
453 620 46 19 tror
512 618 38 26 jag
565 619 32 20 att
614 618 54 21 Herr
684 618 107 21 Fabritius
806 619 113 26 misstager

93 647 38 26 sig,
147 647 27 20 dä
189 646 41 21 han
246 648 61 24 säger
322 649 32 18 att
370 653 25 14 en
411 647 66 20 sådan
494 647 126 26 befattning,
637 653 44 14 som
697 647 13 26 &
726 648 12 19 3
756 647 97 25 omtalar,
861 647 57 21 förut

93 675 102 21 existerat
217 675 30 21 uti
264 675 25 20 de
304 675 163 27 grekisk-ryska
482 675 182 27 församlingarne.
695 675 44 21 Här
754 676 45 20 stär
814 678 32 19 att
862 675 56 22 före-

92 704 127 21 ständarene
242 703 69 26 åligga
333 706 44 25 att
399 704 56 21 inom
481 711 25 14 en
528 704 77 21 månad
621 704 53 21 efter
689 704 73 27 hvarje
778 704 34 21 års
828 704 43 21 slut
886 704 32 21 till

92 734 132 25 guvernören
252 731 89 22 aflemna
372 733 134 26 förteckning
535 733 13 21 å
576 733 160 26 församlingens
760 732 158 27 medlemmar",

93 767 48 14 men
157 761 36 21 det
206 763 24 19 är
244 761 66 26 enligt
325 761 35 27 lag
376 761 46 21 icke
438 761 161 27 grekisk-ryska
614 761 168 27 presterskapets
798 761 121 28 skyldighet

93 791 32 19 att
140 791 96 25 uppgöra
251 789 71 28 dylika
337 790 164 26 förteckningar.
532 790 43 21 Det
589 791 25 20 är
629 790 61 21 dessa
706 790 39 21 och
761 790 76 27 många
852 790 68 21 andra

94 818 132 27 stadganden
242 824 44 15 som
303 818 45 21 icke
364 819 71 20 kunna
452 818 107 27 tillämpas
574 819 28 26 på
618 819 53 20 dem.

162 875 69 22 Sedan
248 876 145 21 diskussionen
409 876 75 27 härpå,
499 878 52 19 enär
566 876 61 27 ingen
644 876 73 21 vidare
732 877 98 20 anmälde
845 876 31 25 sig
887 876 32 21 till

93 904 123 21 erhållande
238 904 23 21 af
282 905 66 26 ordet,
371 904 116 22 förklarats
509 905 101 25 afslutad,
633 905 131 21 framställde
787 905 55 21 Herr
864 905 55 21 Tal-

93 939 113 15 mannen
222 933 93 26 följande

162 990 188 26 Proposition:
386 991 38 26 De,
452 997 47 15 som
526 991 114 26 godkänna
666 991 122 22 Utskottets
814 997 106 16 samman-

91 1019 202 26 jemkningsförslag
308 1019 33 21 för
356 1019 69 21 såvidt
441 1019 36 21 det
493 1019 66 26 angår
574 1019 139 22 förevarande
729 1020 114 25 inledning,
859 1026 63 15 svara

91 1048 36 27 ja;
151 1048 32 23 de,
207 1054 45 15 som
275 1048 50 26 vilja
344 1050 33 19 att
393 1048 98 26 Ståndet,
507 1048 48 21 med
571 1048 136 22 vidhållande
723 1049 23 20 af
760 1049 37 20 sitt
812 1049 57 20 förra
885 1049 35 20 be-

95 1076 42 21 slut
152 1077 7 20 i
175 1077 72 26 saken,
263 1076 54 21 skall
334 1076 96 22 förkasta
445 1077 321 27 sammanjemkningsförslaget
781 1078 6 20 i
799 1077 69 22 denna
879 1077 42 25 del,

94 1109 63 17 svara
172 1105 45 26 nej.

163 1161 74 22 Svaret
252 1162 13 21 å
281 1162 68 21 denna
364 1163 23 20 af
398 1163 57 21 Herr
471 1163 156 21 Talmannen
643 1163 133 21 framställda
787 1163 133 27 proposition

95 1189 67 27 utföll,
175 1191 53 20 efter
244 1191 36 21 det
295 1191 133 26 omröstning
442 1191 29 27 på
486 1191 95 27 begäran
597 1191 70 22 blifvit
682 1191 98 28 anställd,
796 1192 47 21 med
860 1193 26 19 16
896 1191 25 28 ja

95 1219 38 21 och
152 1220 25 21 19
193 1219 46 27 nej.

163 1276 46 22 Mot
232 1278 59 20 detta
312 1276 22 22 af
355 1276 91 22 Ståndet
470 1277 82 21 fattade
576 1277 69 22 beslut
668 1278 68 26 afgafs
753 1278 130 22 reservation
899 1278 25 21 af

94 1305 81 21 Herrar
189 1305 143 27 Lindblom,
350 1306 138 25 Molander,
504 1306 72 21 Gadd
592 1306 39 21 och
648 1306 124 27 Sopanen.

163 1362 121 22 Utskottets
300 1362 80 28 förslag
395 1362 134 22 beträffande

164 1420 139 26 Ingressen
319 1419 123 23 föranledde
457 1420 95 27 följande
567 1422 99 26 yttrande
682 1422 22 20 af

163 1477 55 21 Herr
238 1477 146 22 Fabritius:
416 1478 102 21 Ständets
539 1480 84 19 senaste
642 1478 69 22 beslut
726 1479 62 21 torde
803 1478 65 22 också
883 1478 38 26 på-

93 1505 58 21 kalla
173 1506 145 22 vidhållandet
340 1506 22 22 af
384 1506 102 22 Ståndets
501 1506 72 22 beslut
587 1507 8 21 i
611 1507 69 21 denna
695 1507 40 27 del,
752 1508 88 21 emedan
856 1507 66 27 något
