1078 1781
177 101 57 22 2394
372 107 179 21 Borgareständet
563 108 56 17 1877.
641 108 24 17 14
678 108 120 17 December.

175 176 26 21 de
211 175 108 28 verkligen
333 176 119 27 gvarblifva
466 176 7 22 i
488 176 124 27 utöfningen
623 176 22 22 af
654 176 39 22 sitt
702 176 60 28 yrke,
773 176 34 21 mä
819 176 63 22 blifva
892 174 110 24 frikallade

173 205 47 21 frän
236 205 41 22 den
292 205 140 27 tjenstgöring
447 205 128 28 paragrafen
590 205 98 22 omtalar.

243 262 57 21 Herr
317 261 144 22 Ahlström:
492 262 61 21 Hvad
573 262 36 21 det
625 263 65 26 angär
704 268 47 15 som
767 261 56 22 Herr
837 261 80 28 Nystön
932 261 70 22 anfört

174 292 33 26 att
221 290 42 22 han
279 291 47 21 icke
340 291 66 26 ansäg
422 291 36 21 det
473 291 40 21 alls
527 291 54 21 höra
596 291 32 21 till
643 291 156 27 sjömansyrket
814 293 32 19 att
861 291 98 26 navigera
973 289 29 28 pä

175 319 117 27 Ostersjön,
307 320 24 21 sä
352 319 38 21 vill
410 319 37 27 jag
469 319 90 28 upplysa
577 322 32 19 att
625 319 35 22 det
673 320 45 27 just
734 321 24 20 är
774 319 43 26 der,
831 325 45 16 som
891 319 111 28 ynglingar

174 348 35 21 vid
224 348 41 21 den
283 347 73 22 åldern
376 348 61 21 skola
454 348 125 27 praktisera.
609 348 56 21 Förr
679 348 21 21 få
715 348 27 21 de
757 347 48 22 icke
819 348 53 27 hyra
887 348 27 27 pä
929 348 72 26 längre

173 377 107 21 farvatten
293 379 27 19 än
336 377 26 21 de
377 376 62 22 hafva
455 377 130 27 praktiserat
599 377 28 27 pä
643 377 87 21 kortare
745 376 114 22 farvatten.

243 433 57 22 Herr
314 434 133 26 Procop6:
478 434 56 21 Herr
549 434 108 21 Fabritius
672 434 40 21 har
721 433 111 27 föreslagit
843 440 25 15 en
879 433 122 22 äterremiss

174 463 6 20 i
197 462 36 21 det
248 463 54 26 syfte
317 464 33 20 att
365 465 134 20 matroserna
513 463 66 21 borde
595 463 77 20 utreda
687 464 33 19 att
736 463 26 20 de
774 462 63 21 hafva
848 462 54 21 varit
912 463 6 20 i
930 462 71 27 tjenst.

174 491 46 21 Här
242 493 26 19 är
290 491 61 24 fräga
369 497 34 15 om
419 493 32 20 att
467 492 26 20 de
508 493 91 20 tvertom
615 491 61 22 skola
691 491 75 27 styrka
781 493 32 19 att
829 491 25 21 de
869 491 85 21 komma
969 492 33 20 att

176 525 49 16 vara
240 519 7 21 i
263 519 65 27 tjenst
344 519 39 22 och
397 519 37 28 jag
449 519 33 22 för
497 520 43 21 min
557 520 34 21 del
606 520 42 21 kan
664 520 48 21 icke
727 519 58 22 finna
800 521 32 20 att
847 519 36 22 det
898 521 24 20 är
937 519 65 27 nägot

174 548 46 21 skäl
236 548 6 21 i
260 550 33 19 att
316 549 157 20 äterremittera
495 549 128 26 stadgandet
638 549 7 20 i
661 549 36 21 det
720 547 99 22 afseende
840 550 32 19 att
895 548 26 21 de
941 547 61 22 skola

174 577 77 20 utreda
272 579 32 19 att
327 577 26 21 de
375 577 56 21 förut
453 577 56 21 varit
523 578 7 20 i
546 577 72 27 tjenst.
648 577 43 22 Det
713 579 25 19 är
760 577 59 26 fråga
837 583 33 15 om
888 579 32 19 att
936 577 26 21 de
974 576 28 21 dä

174 605 61 22 skola
250 611 53 15 vara
317 605 7 21 i
339 606 65 26 tjenst
420 608 37 19 när
473 606 62 21 deras
551 605 251 28 värnepligtsskyldighet
817 608 59 24 tages
886 606 6 20 i
903 605 98 27 anspräk.

175 634 41 26 Jag
239 634 42 21 kan
304 634 82 21 säledes
408 635 47 20 icke
478 635 75 20 förena
568 635 42 26 mig
625 635 6 20 i
647 635 56 20 Herr
718 634 91 21 Fabritii
825 634 78 27 förslag
918 635 40 20 och
974 633 28 22 dä

175 663 39 20 här
229 663 33 20 för
278 663 63 26 öfrigt
356 663 46 21 icke
417 663 39 21 har
472 663 70 21 blifvit
557 663 114 21 framfördt
686 663 67 27 nägot
768 663 53 24 skäl,
837 669 44 15 som
898 663 56 21 talar
969 662 33 21 för

175 693 33 20 att
229 693 118 20 momentet
369 692 68 21 skulle
455 692 110 26 uteslutas,
581 692 25 21 sä
620 692 98 21 förordar
732 691 37 28 jag
784 691 47 22 dess
847 691 154 22 bibehällande.

243 749 57 21 Herr
314 749 117 27 Nybom:
455 744 68 26 Äfven
537 749 37 26 jag
589 755 62 15 anser
666 750 32 20 att
714 748 36 21 det
766 748 68 21 skulle
844 748 65 21 verka
920 747 83 28 mycket

174 777 89 26 menligt
280 777 28 27 pä
328 778 38 21 vär
386 777 76 27 sjöfart
481 784 34 15 om
531 778 60 21 detta
605 780 95 19 moment
716 777 69 21 skulle
800 777 90 27 strykas.
920 776 82 22 Beträf-

174 805 64 22 fande
261 806 153 24 skollärarena,
433 806 24 21 sä
479 807 123 20 anmärktes
625 806 36 21 det
683 808 39 25 att,
738 812 34 15 om
794 806 25 20 de
835 805 67 22 skulle
918 805 84 26 befrias,

174 834 77 22 sädant
273 835 71 21 kunde
366 835 49 21 leda
436 835 33 21 till
488 837 33 19 att
535 835 22 21 fä
571 835 236 26 skolläraretjensterna
822 834 81 21 mindre
919 834 33 21 väl
968 833 35 22 be-

175 865 62 19 satta.
268 863 66 22 Detta
356 863 42 21 blir
419 863 46 22 icke
485 863 60 22 fallet
565 864 48 21 med
629 863 89 27 sjömän.
749 863 44 21 Der
807 865 38 19 äro
860 863 86 21 farorna
961 862 41 21 och

175 891 159 27 svärigheterna
356 892 84 27 mycket
462 894 68 19 större
553 894 27 19 än
599 894 33 19 att
647 893 76 26 utgöra
738 891 136 28 soldattjenst
890 891 39 22 och
945 891 58 21 svärt

175 920 41 21 blir
232 921 36 20 det
286 920 62 21 äfven
363 921 34 21 för
412 927 25 14 en
453 921 81 25 sjöman
551 923 32 19 att
598 921 22 21 få
635 921 34 20 för
684 921 32 26 sig
732 920 81 21 vikarie
828 920 70 21 såsom
914 919 36 22 det
964 919 39 27 går

175 955 27 15 an
225 949 33 21 för
280 949 151 21 skollärarena.
461 949 31 27 Ty
507 949 124 27 sjömannen
654 949 42 21 kan
719 955 53 15 vara
786 949 8 21 i
809 949 121 21 Australien
952 948 52 21 eller

175 978 66 27 nägot
256 981 65 18 annat
338 977 88 28 aflägset
440 978 49 21 land
506 978 39 21 och
561 978 37 21 det
613 978 41 21 blir
669 978 59 21 svärt
744 977 34 22 för
788 977 76 22 honom
876 979 32 19 att
918 977 86 21 komma

175 1006 47 21 hem
238 1007 40 20 och
294 1007 58 20 svärt
367 1007 40 20 blir
422 1007 36 21 det
474 1007 60 21 äfven
549 1009 33 19 att
598 1007 73 21 skicka
686 1007 32 20 dit
734 1012 26 15 en
776 1006 87 21 vikarie.
889 1006 114 21 Dessutom

175 1037 37 19 äro
234 1035 124 26 sjömännen
376 1035 24 21 sä
416 1035 32 21 väl
465 1035 90 22 drillade
570 1037 32 20 att
617 1035 26 21 de
658 1037 38 20 äro
712 1035 25 21 sä
752 1035 53 27 godt
819 1041 45 15 som
880 1033 124 27 fullfärdiga

175 1063 95 22 soldater
289 1065 39 20 när
343 1070 49 15 man
408 1064 41 21 kan
465 1063 92 22 behöfva
572 1064 97 21 använda
684 1064 56 21 dem.
771 1063 42 21 Det
828 1065 24 20 är
867 1063 83 22 säledes
965 1062 39 22 allt

175 1092 45 21 skäl
236 1092 33 21 för
284 1095 127 19 momentets
427 1092 155 22 bibehällande.

244 1149 58 22 Herr
324 1149 171 27 Tengström:
526 1149 34 22 Då
579 1150 37 27 jag
638 1149 87 22 förenar
748 1149 44 28 mig
812 1149 49 21 med
884 1149 55 25 dem,
958 1154 46 15 som

175 1177 63 22 hafva
260 1179 63 26 yrkat
345 1178 149 22 bibehållande
513 1178 24 21 af
551 1179 60 20 detta
626 1180 100 23 moment,
743 1178 24 21 sä
783 1177 35 22 vill
832 1177 36 27 jag
883 1177 71 22 erinra
969 1183 35 15 om

175 1207 107 26 ätskilliga
304 1207 24 21 af
349 1207 26 21 de
391 1207 181 26 omständigheter
590 1213 45 15 som
650 1209 53 25 göra
719 1207 37 20 det
771 1208 76 19 nästan
863 1205 32 22 till
910 1212 26 15 en
952 1205 53 21 nöd-

175 1235 115 28 vändighet
306 1238 32 19 att
353 1237 78 25 antaga
445 1236 41 21 och
502 1235 107 22 bibehälla
620 1235 125 22 detsamma.
768 1235 104 27 Sjöresor,
883 1233 123 29 isynnerhet

175 1264 28 26 pä
218 1264 26 22 de
259 1266 69 20 större
343 1264 127 24 farvattnen,
487 1265 69 21 säsom
572 1265 26 21 de
614 1264 130 22 australiska
758 1264 40 21 och
813 1263 83 22 indiska
905 1265 53 25 göra
968 1262 37 22 det

175 1292 97 27 omöjligt
294 1293 32 21 för
349 1294 26 20 de
397 1293 177 27 kofferdisjömän,
590 1300 45 14 som
651 1293 87 22 befinna
753 1293 33 26 sig
801 1292 27 27 pä
843 1292 80 22 sädana
938 1297 66 20 resor,

175 1323 34 19 att
226 1322 80 20 infinna
326 1322 32 26 sig
372 1322 8 21 i
395 1322 58 20 aktiv
468 1322 65 26 tjenst
548 1322 27 21 de
590 1322 25 21 är
630 1322 27 21 dä
670 1322 78 21 sädant
763 1321 67 21 borde
845 1321 44 21 ske.
920 1320 85 22 Sädana

175 1356 60 15 resor
257 1351 65 21 räcka
344 1353 40 23 tre,
400 1350 47 28 fyra
469 1351 40 21 och
531 1350 40 22 fem
590 1351 31 25 är,
637 1350 40 22 och
692 1352 34 20 att
741 1350 122 21 sedermera
878 1349 80 21 infinna
972 1349 33 26 sig

175 1378 34 22 till
228 1384 110 16 reservens
361 1379 155 27 öfningsmöten
535 1378 71 23 skulle
627 1378 87 22 beröfva
730 1385 26 15 en
772 1378 81 28 sjöman
869 1378 53 21 hans
937 1384 67 20 uppe-

175 1407 57 21 hälle
254 1408 34 21 för
309 1408 50 21 hela
380 1408 53 21 året.
463 1408 49 21 Han
527 1408 69 22 skulle
611 1410 105 24 nemligen
732 1409 83 25 nödgas
829 1408 77 20 stanna
920 1407 85 20 hemma

175 1435 41 22 den
231 1436 39 27 tid,
286 1436 28 21 dä
328 1443 26 15 en
370 1442 27 21 ny
412 1442 48 16 resa
475 1436 67 22 borde
557 1436 113 27 företagas,
682 1436 40 22 och
732 1438 40 19 när
783 1436 42 21 han
836 1435 65 22 sedan
911 1434 94 28 urtjenat

174 1464 33 22 sin
228 1464 39 26 tid,
283 1464 24 22 sä
328 1465 70 21 skulle
420 1465 99 27 lägenhet
542 1465 33 21 för
590 1466 77 20 honom
684 1465 48 21 icke
748 1471 59 15 mera
820 1463 78 28 uppstå
914 1463 24 21 af
952 1463 54 22 brist

175 1493 28 27 pä
226 1493 76 28 fartyg.
332 1494 127 27 Isynnerhet
481 1494 68 21 skulle
572 1494 42 21 han
632 1494 28 21 dä
674 1494 47 21 icke
737 1493 73 21 kunna
825 1492 133 22 äterkomma
972 1492 33 22 till
