1078 1781
360 120 178 21 Borgareständet
551 119 128 17 1877—1878.
878 115 55 19 3015

192 196 34 13 om
242 189 221 27 lagstiftningsåtgärd
479 190 79 19 derhän
575 191 30 18 att
621 189 133 20 handlandes
776 191 42 18 rätt
833 191 31 18 att
879 189 55 24 sälja

192 219 142 26 spritdrycker
350 219 68 19 blefve
433 219 117 19 inskränkt.
582 219 8 18 I
607 219 32 24 72,
656 219 32 19 76.
720 219 24 19 R.
761 218 8 19 I
786 219 96 31 83—84,
907 218 27 19 Se

193 247 153 20 ekonomiutsk.
363 248 40 19 bet.
420 247 39 20 N:o
475 247 33 20 15.

193 282 33 13 om
242 278 30 17 att
288 277 46 18 med
358 276 123 19 statsmedel
505 275 65 20 måtte
585 276 93 25 grundas
694 282 26 13 en
736 281 123 20 gemensam
882 282 52 19 pen-

193 305 123 19 sionskassa
339 305 31 19 för
393 305 156 20 folkskolornas
573 304 98 26 samtliga
692 305 104 19 ordinarie
811 304 67 20 lärare
894 304 39 20 och

193 333 115 20 lärarinnor
324 333 59 20 såväl
399 333 27 26 på
446 334 71 19 landet
533 339 45 14 som
595 334 6 18 i
617 333 99 20 städerna
732 335 56 17 samt
803 333 31 19 för
849 333 84 20 ordina-

193 362 28 19 rie
233 362 210 20 folkskolelärarenas
455 363 66 18 enkor
535 362 39 19 och
585 362 56 19 barn.
669 362 8 19 I
694 362 104 19 98—100.
821 362 25 19 A.
867 362 66 19 1150.

193 393 29 17 att
238 391 67 19 lärare
322 397 44 13 som
383 390 45 21 från
443 393 64 17 annat
523 391 106 25 offentligt
644 391 95 19 läroverk
755 389 87 27 öfvergå
857 390 31 19 till
900 397 34 13 se-

193 420 111 19 minarium
326 420 57 25 finge
406 420 64 19 räkna
493 420 31 19 sin
548 418 126 27 föregående
698 419 109 25 tjenstetid
823 419 33 19 till
871 419 62 26 godo.

194 449 8 18 I
220 449 116 19 125—126.
368 449 22 18 R.
407 449 7 18 I
432 449 49 22 168;
498 455 22 13 se
537 448 56 19 allm.
609 448 55 19 besv.
680 449 56 18 utsk.
753 448 40 19 bet.
809 454 35 13 n:o
861 448 32 20 12.

193 478 29 18 att
243 477 295 26 undervisningsanstalterna
560 477 6 19 i
589 477 57 19 östra
669 477 60 19 delen
754 477 22 19 af
793 477 71 19 landet
886 476 48 20 med

193 506 105 19 svenskan
315 506 31 19 till
362 505 227 26 undervisningsspråk
614 504 64 21 måtte
696 505 128 20 fortfarande
839 504 95 21 bibehål-

193 535 31 18 las
240 534 40 20 och
296 536 30 17 ett
341 535 132 25 fullständigt
495 535 84 26 lyceum
596 534 80 25 jemväl
692 535 47 19 med
756 534 88 19 svenskt
859 534 75 19 under-

193 562 160 27 visningsspråk
369 563 5 19 i
392 563 79 26 Kuopio
487 563 46 20 stad
551 563 46 20 med
613 563 35 19 det
663 563 66 19 första
744 563 95 19 inrättas.
868 563 9 18 I
894 563 40 19 140

193 593 75 18 —141.
299 592 48 19 R.I
364 593 50 22 141;
430 599 23 12 se
468 592 57 19 allm.
542 592 56 19 besv.
615 592 54 19 utsk.
687 592 39 19 bet.
744 592 39 19 N:o
801 591 30 20 17.

193 621 49 19 dess
257 621 123 25 yttranden:

226 649 10 19 I
252 650 89 19 98—99,
365 650 104 22 99—100,
490 649 117 22 125-—126,
627 649 116 21 140—141,
762 649 45 24 150,
825 649 46 22 168,
887 649 47 24 247,

194 679 46 20 339,
256 679 48 22 407,
321 679 118 18 437.—438.

225 706 19 20 II
260 707 48 24 516,
332 707 46 24 536,
404 707 47 24 540,
467 707 47 23 541,
531 707 46 22 542,
595 707 118 22 545—546,
730 707 119 25 166—567,
865 707 68 19 623—

194 736 46 20 624.
258 736 118 22 847—848,
394 736 46 18 925.

226 764 28 19 HI
279 765 59 21 1242,
363 765 60 21 1243,
449 765 59 19 1244,
532 764 146 22 1534-—1535,
704 765 60 22 1540,
789 764 145 19 1542—1543.

226 793 29 18 IV
281 793 59 23 1626,
365 793 145 21 1627—1628,
536 793 146 23 1629—1630,
708 793 61 22 1633,
788 793 146 22 1750—1751,

195 822 61 21 1818,
273 822 61 22 1821,
352 822 60 21 1986,
430 821 61 20 2035.

226 849 19 19 V
268 851 147 21 2317—2318,
445 850 147 23 2341—2342,
616 850 60 24 2343,
700 850 62 24 2363,
786 850 148 23 2365—2366,

194 879 60 22 2368,
279 879 60 21 2371,
364 879 60 23 2398,
448 879 61 18 2399.
532 879 60 21 2410,
609 879 61 22 2434,
687 879 147 22 2527—2528,
851 879 83 18 2537—

194 908 61 21 2538,
278 907 60 19 2546,
361 907 146 23 2563—2564,
524 907 146 23 2568
594 903 9 33 —
610 907 60 23 2569,
690 907 50 19 2627
753 907 81 22 —2628,
851 907 83 20 2635—

193 936 61 22 2636,
278 936 61 23 2647,
363 936 148 22 2785—2786,
535 936 62 22 2794,
621 936 59 22 2795,
706 936 61 22 2796,
792 936 62 23 2805,
874 936 60 20 2806,

195 965 61 22 2807,
273 965 61 22 2808,
351 964 62 22 2816,
430 964 61 23 2901,
509 964 61 19 2902,
587 964 61 19 2908.

105 981 31 42 öl,
153 993 115 25 bevillning
284 993 30 19 för
330 995 58 17 utom
404 993 89 18 Finland
508 993 129 22 tillverkadt,
654 999 45 13 som
716 993 32 19 till
764 993 71 19 landet
846 992 88 24 införes;

195 1027 22 14 se
233 1021 212 20 ekonomiutskottets
461 1021 133 20 betänkande
609 1027 35 14 n:o
660 1021 19 20 6.

111 1038 96 43 Örnberg,
223 1049 22 20 C.
263 1051 31 22 A.,
317 1050 200 23 Hofrättsassessor;
539 1050 120 25 fullmäktig
674 1051 32 18 för
721 1050 139 25 Helsingfors.
890 1050 9 19 I
916 1049 17 20 1.

195 1079 89 19 medlem
301 1080 5 17 i
323 1079 146 25 deputationen
487 1079 32 19 för
535 1078 98 19 anhållan
652 1085 32 13 om
702 1079 142 19 utnämnande
859 1079 22 18 af
894 1079 41 19 tal-

195 1113 47 14 man
258 1107 40 20 och
314 1107 133 20 vicetalman.
478 1107 6 19 1
503 1109 18 18 35.

194 1136 125 19 vicetalman
337 1137 6 18 i
359 1135 182 26 Borgareständet.
559 1136 8 19 I
583 1137 20 18 3.

194 1165 89 19 medlem
299 1165 7 18 i
322 1165 260 25 helsningsdeputationen
598 1165 31 19 till
646 1163 137 21 medständen
800 1166 55 17 samt
870 1165 64 25 depu-

193 1194 105 19 tationens
314 1193 124 20 ordförande
454 1194 6 19 i
475 1193 154 26 Ridderskapet
645 1193 39 20 och
701 1193 75 20 Adeln.
807 1193 8 19 I
831 1193 20 19 4.

193 1222 90 19 medlem
299 1222 6 19 i
322 1224 57 17 stora
395 1222 154 26 deputationen.
581 1222 8 19 I
605 1222 19 19 5.

193 1251 93 19 ledamot
302 1251 5 19 i
323 1251 240 20 talmanskonferensen.
595 1251 8 19 I
620 1251 32 19 14.

193 1280 87 19 elektor.
310 1280 10 18 I
338 1281 31 18 16.

192 1308 94 20 ledamot
302 1308 6 19 i
324 1308 145 26 lagutskottet.
501 1308 8 19 1
525 1309 33 19 32.

221 1337 33 19 d:o
274 1332 15 36 —
300 1338 6 18 i
322 1338 239 25 expeditionsutskottet.
589 1337 8 19 I
615 1336 45 20 193.

190 1366 89 19 medlem
300 1366 6 18 i
329 1366 320 26 lyckönskningsdeputationen
672 1366 5 18 i
702 1365 40 19 anl
767 1366 22 18 af
812 1366 23 18 H.
857 1365 21 19 K.
896 1365 38 19 M:s

189 1395 177 25 tronbestigning.
400 1395 8 18 I
426 1394 45 20 194.

191 1423 91 20 ledamot
299 1424 5 18 i
321 1423 240 26 värnepligtsutskottet.
593 1423 8 19 I
617 1424 47 18 375.

191 1452 89 19 medlem
304 1452 6 18 i
334 1452 319 26 lyckönskningsdeputationen
678 1452 5 18 i
707 1451 41 19 anl.
772 1452 22 18 af
816 1452 21 18 11.
857 1451 20 19 K.
896 1452 38 18 M:s

190 1480 129 26 födelsedag.
350 1481 18 19 II
385 1481 118 19 583—584.

191 1510 53 18 afled
262 1510 19 18 d.
299 1510 11 18 2
327 1509 49 19 Juni
396 1510 59 18 1877.
487 1509 28 19 III
533 1510 46 19 931.
