1078 1781
328 106 181 21 Borgareständet
521 106 57 18 1878.
601 107 13 16 6
626 106 93 17 Januari.
875 100 57 22 2743

173 175 56 22 Herr
250 175 92 22 Bade:
372 174 42 29 Jag
436 174 39 22 ber
489 176 32 20 att
536 174 21 23 fä
572 174 74 22 förena
661 174 44 27 mig
720 174 48 22 med
784 174 55 22 Herr
853 174 78 27 Bergh.

105 204 42 27 Jag
166 204 67 21 finner
255 204 105 27 nemligen
382 210 27 15 en
424 203 101 27 tullafgift
541 203 72 22 derför
627 203 103 27 olämplig
745 205 32 20 att
792 203 40 21 den
847 203 85 22 komme

105 235 34 19 att
159 232 57 28 gälla
237 232 33 22 för
291 233 111 21 obestämd
425 232 32 21 tid
479 232 28 21 dä
529 232 96 21 deremot
640 239 27 14 en
682 231 116 28 bevillning
812 232 42 21 kan
870 232 62 21 hvart

105 261 65 22 femte
185 261 24 22 är
223 261 83 22 ändras.

174 324 56 21 Herr
245 324 146 27 Liljeros:
421 324 42 26 Jag
483 323 85 22 förenar
583 324 43 27 mig
638 329 65 22 gerna
715 323 49 22 med
781 323 56 22 Herr
854 323 76 28 Bergh,

105 353 7 20 i
127 352 40 21 den
182 353 24 21 af
218 353 78 21 honom
312 355 72 19 senast
398 352 96 22 uttalade
509 352 62 27 äsigt.

174 420 55 22 Herr
244 421 127 22 Kurtén:
401 420 44 22 För
463 421 43 21 min
522 421 34 21 del
571 427 63 16 anser
646 421 38 27 jag
699 422 33 20 att
746 421 69 26 någon
831 420 38 21 tull
884 420 47 21 icke

104 455 67 20 gerna
192 449 41 22 kan
257 449 33 22 fäs
312 449 62 28 älagd
398 449 36 22 det
452 449 65 27 ryska
531 449 44 22 ölet
591 455 34 16 om
641 449 135 27 reciprocitet
790 449 8 21 i
813 449 69 21 denna
896 449 35 28 del

105 478 104 21 existerar
229 478 39 22 och
284 478 65 21 finskt
365 477 20 22 öl
401 478 32 21 får
448 478 128 26 importeras
591 477 32 22 till
639 477 104 28 Ryssland
759 480 51 19 utan
825 477 45 22 tull.
900 478 32 21 Ar

104 506 61 21 detta
180 506 45 22 icke
241 507 60 21 fallet
316 507 24 21 sä
355 507 39 21 bör
410 506 34 21 väl
460 507 40 21 tull
515 507 72 21 kunna
599 507 107 25 utverkas,
714 509 22 25 ty
751 513 34 15 om
801 507 39 21 tull
855 506 76 21 existe-

105 541 36 15 rar
155 535 33 21 för
203 535 78 27 import
296 535 46 22 från
358 535 91 22 Finland
463 535 32 21 till
511 535 113 28 Ryssland,
640 536 24 21 så
680 535 38 21 bör
733 535 66 22 sådan
814 535 33 21 väl
860 535 71 21 kunna

106 564 101 21 utverkas
227 564 33 21 för
285 564 79 27 import
378 564 47 21 från
441 563 106 28 Ryssland
563 563 32 22 till
610 563 97 22 Finland.
738 565 38 20 Att
791 563 88 28 belägga
894 564 37 21 det

106 592 142 27 importerade
271 593 43 21 ölet
335 593 40 21 och
396 592 102 22 särskildt
517 593 37 21 det
575 593 145 26 importerade
741 593 63 26 ryska
825 593 43 21 ölet
882 592 49 22 med

104 627 27 14 en
148 621 114 27 bevillning
277 627 63 16 anser
352 621 38 27 jag
404 627 52 16 vara
471 621 122 27 opraktiskt
608 621 40 22 och
663 621 7 21 i
685 621 75 27 sjelfva
772 621 73 22 verket
855 623 24 19 är
890 621 41 21 den

105 650 110 24 orättvisa,
238 657 45 14 som
302 650 134 21 hemlandets
451 650 154 21 ölfabrikanter
619 650 69 21 skulle
704 650 44 21 lida
762 650 120 27 derigenom
897 651 34 20 att

105 678 27 21 de
147 678 85 27 erlägga
247 678 114 27 bevillning
376 679 34 21 för
426 679 35 21 det
477 679 21 21 öl
513 679 27 21 de
555 679 99 21 tillverka
670 679 27 20 då
712 679 95 21 deremot
819 679 37 20 det
866 679 64 26 ryska

105 707 44 21 ölet
170 707 33 22 får
224 707 47 22 fritt
293 707 32 22 hit
342 707 80 22 införas
438 708 23 21 så
477 707 109 27 obetydlig
601 709 32 20 att
648 707 41 21 den
705 707 46 22 icke
766 707 39 22 bör
819 706 111 22 föranleda

104 735 34 22 till
159 736 90 21 särskild
272 736 75 27 åtgärd
368 735 63 22 hvars
452 736 91 21 resultat
558 735 69 22 skulle
642 742 51 15 vara
708 736 62 26 högst
785 735 143 28 tvifvelaktig;

105 766 22 25 ty
151 765 65 21 redan
237 765 118 21 kostnaden
378 765 34 21 för
432 765 107 26 packning
554 765 23 21 af
591 765 36 21 det
641 765 65 27 ryska
721 765 49 25 ölet,
786 771 44 14 som
846 764 31 21 hit
891 764 39 21 im-

105 795 103 24 porteras,
230 795 24 20 är
275 793 51 22 flere
346 793 81 28 gånger
448 793 66 26 högre
537 795 27 20 än
583 793 140 26 bevillningen
738 793 29 27 på
782 793 148 22 motsvarande

104 823 101 24 qvantum
221 822 27 21 öl.
278 822 42 26 Jag
334 828 74 15 menar
424 822 83 21 således
522 824 33 19 att
570 822 86 27 sålänge
671 821 105 28 nämligen
788 821 141 26 bevillningen

103 851 26 20 är
143 851 24 20 så
181 850 41 27 låg,
237 857 45 15 som
298 851 41 21 den
356 850 33 22 för
404 851 133 21 närvarande
552 853 31 23 är,
599 851 40 21 och
654 851 46 21 icke
716 851 63 21 beror
793 851 26 26 på
832 851 98 26 uppmät-

104 878 51 28 ning
169 879 23 21 af
206 879 36 22 det
257 879 126 22 tillverkade
399 879 101 27 beloppet
515 881 51 20 utan
582 879 45 22 helt
639 879 72 22 enkelt
721 879 27 27 på
760 879 169 21 fabrikanternes

103 907 88 27 uppgift,
211 908 35 21 det
262 907 89 22 afsedda
366 908 91 27 skyddet
472 908 33 21 för
521 908 40 21 den
577 908 111 22 inhemska
703 907 155 22 fabrikationen
873 909 24 20 är
909 907 23 22 af

103 936 134 27 temmeligen
253 937 109 26 obetydlig
377 936 70 22 eftekt.

172 999 56 21 Herr
252 999 124 28 Nybom:
407 999 43 22 Det
475 1000 120 27 antagande
620 999 56 22 Herr
698 999 82 22 Kurtén
802 999 73 27 gjorde
898 1001 32 20 att

104 1027 65 22 finskt
185 1027 20 21 öl
220 1028 69 21 skulle
304 1035 51 14 vara
370 1028 90 21 tullfritt
475 1029 35 20 vid
526 1029 79 26 import
619 1028 33 21 till
667 1028 106 27 Ryssland
788 1027 95 22 förekom
900 1027 30 22 äf-

102 1062 41 15 ven
158 1056 7 21 i
180 1056 160 22 Presteständet
356 1057 39 21 och
410 1057 46 21 blef
470 1057 39 21 der
523 1057 46 22 icke
585 1057 91 25 bemött;
698 1057 38 26 jag
750 1057 40 21 har
807 1056 70 22 derför
896 1057 33 21 sä-

103 1085 85 26 mycket
210 1091 59 15 mera
291 1085 46 22 skäl
358 1087 33 20 att
413 1091 29 15 nu
461 1085 88 22 bemöta
564 1085 118 22 detsamma
697 1085 45 22 här.
772 1085 75 22 Finskt
862 1085 21 22 öl
897 1085 33 22 fär

102 1113 89 22 alldeles
213 1114 48 21 icke
279 1114 33 21 till
327 1113 106 28 Ryssland
448 1114 127 27 importeras
591 1117 51 19 utan
658 1116 24 19 är
697 1114 142 21 konfiskation
854 1113 76 22 under-

103 1141 93 22 kastadt.
226 1142 73 22 Skulle
322 1143 36 21 det
380 1142 67 22 finnes
466 1143 136 27 reciprocitet
625 1143 24 21 sä
663 1145 33 19 att
711 1143 65 21 finskt
791 1143 20 21 öl
826 1142 56 27 finge
897 1142 32 21 till

103 1170 105 27 Ryssland
227 1171 81 22 införas
331 1172 24 21 sä
376 1171 70 22 skulle
465 1171 38 27 jag
525 1171 46 22 icke
593 1171 67 22 heller
674 1171 53 28 yrka
742 1171 28 28 pä
784 1171 65 27 nägra
864 1171 66 21 andra

101 1199 108 27 åtgärder,
224 1201 23 26 ty
263 1199 27 22 dä
306 1200 68 21 skulle
390 1200 91 22 rättvisa
497 1200 99 26 existera,
612 1206 48 15 men
676 1200 26 22 dä
718 1201 24 20 sä
756 1200 46 22 icke
818 1201 24 20 är
851 1199 79 22 förhäl-

102 1227 79 28 landet,
196 1228 68 22 mäste
279 1235 50 15 man
344 1228 65 22 tänka
424 1229 29 27 pä
467 1229 68 22 andra
549 1231 96 25 utvägar.

171 1291 57 22 Herr
250 1292 166 27 Lindberg:
445 1291 42 28 Jag
502 1292 33 22 fär
549 1292 171 27 upplysningsvis
736 1291 96 23 meddela
846 1292 33 20 att
894 1291 36 22 det

102 1320 48 21 icke
173 1322 24 19 är
212 1320 109 28 förbjudet
338 1322 32 20 att
384 1320 71 22 införa
470 1320 66 22 finskt
551 1321 21 21 öl
587 1321 32 21 till
634 1321 113 27 Ryssland,
762 1326 47 16 men
824 1320 37 22 det
875 1320 55 22 skall

103 1348 157 22 tullbehandlas
280 1350 29 26 pä
333 1355 81 16 samma
436 1351 51 24 sätt,
507 1355 46 15 som
569 1349 38 22 allt
622 1352 66 19 annat
703 1350 20 20 öl
739 1356 45 15 som
804 1349 126 27 importeras

102 1377 42 21 och
166 1376 82 23 betalas
270 1377 71 22 derför
356 1378 7 20 i
378 1377 40 22 tull
442 1378 27 21 15
491 1378 70 27 kopek
581 1384 38 20 per
635 1378 86 27 boutelj.
751 1377 78 22 Vidare
845 1378 35 21 vill
892 1377 38 27 jag

102 1406 87 21 bemöta
207 1406 56 22 Herr
285 1406 95 22 Kurtens
402 1406 119 27 påstående
543 1408 33 20 att
601 1406 127 27 ölimporten
743 1412 50 16 vore
807 1406 23 21 af
843 1406 24 21 sä
878 1406 52 22 liten

102 1434 135 28 betydenhet.
267 1435 42 27 Jag
324 1435 39 21 har
377 1435 123 21 erfarenhet
514 1435 7 21 i
537 1437 72 20 ämnet
623 1436 65 21 sedan
704 1436 40 20 den
754 1435 32 21 tid
796 1435 27 21 dä
830 1434 36 28 jag
876 1434 54 28 egde

102 1462 121 28 ölbryggeri
243 1463 7 21 i
267 1465 59 20 östra
341 1464 62 22 delen
418 1463 25 21 af
456 1464 80 22 landet.
566 1464 41 26 Jag
622 1466 36 20 vet
672 1466 33 20 att
720 1464 69 22 denna
803 1464 79 26 import
895 1464 35 20 ut-
