1078 1781
160 120 55 20 2612
352 123 180 22 Borgareständet
544 124 54 18 1877.
623 124 23 17 21
659 124 120 18 December.

229 193 220 27 Proposition:
480 193 39 27 De,
546 199 47 16 som
615 193 83 22 direkte
720 192 115 27 godkänna
857 192 67 23 första
944 198 47 15 mo-

161 223 81 20 mentet
262 221 24 22 af
300 222 13 27 &
330 223 19 24 2,
364 227 63 16 svara
439 222 42 27 ja;
496 221 76 22 vinner
587 222 55 27 nej,
658 221 97 22 kommer
768 223 33 20 att
811 223 105 20 omröstas
926 221 65 21 huru-

160 250 50 22 vida
224 250 35 21 till
274 250 211 27 kontraproposition
501 250 56 21 skall
571 252 90 25 antagas
676 250 57 21 Herr
748 249 89 22 Fabritii
848 250 101 27 yrkande,
959 251 33 20 att

161 279 70 27 nägon
246 279 104 27 vigtigare
366 278 91 22 domstol
472 279 7 20 i
495 278 79 26 landet,
584 278 128 28 exempelvis
722 278 207 22 Rädstufvurätten
922 274 12 36 i
940 278 50 22 Hel-

161 307 98 28 singfors,
278 307 56 22 skall
348 313 52 16 vara
416 307 69 22 forum
501 307 33 21 för
549 307 42 22 alla
606 307 80 22 sädana
701 307 192 27 intecknings-mäl,
904 307 87 22 hvarom

160 337 8 20 i
183 336 71 21 denna
269 337 35 26 lag
319 338 24 19 är
358 335 67 28 fråga,
441 336 52 21 eller
507 336 57 21 Herr
579 336 107 27 Procopes
701 335 81 28 förslag
797 337 32 20 att
843 336 69 21 forum
925 335 66 22 borde

161 371 53 15 vara
236 365 92 21 domstol
344 364 14 21 &
373 365 40 21 den
429 367 40 23 ort,
486 365 38 21 der
536 365 100 27 jernvägs
651 364 138 22 innehafvare
804 366 24 20 är
842 364 82 22 boende
940 364 51 22 eller

162 399 35 16 om
212 393 43 22 han
271 395 25 20 är
310 393 135 28 utländning,
461 393 38 22 der
513 393 54 22 hans
583 392 112 23 inhemska
710 393 81 22 ombud
805 395 25 19 är
845 393 77 22 bosatt.

230 451 165 26 Propositionen
418 451 127 21 besvarades
565 451 23 21 af
607 451 90 21 Ständet
712 450 50 22 med
778 450 107 22 obestridd
902 450 90 27 röstplu-

162 479 71 33 ralitet
264 479 126 22 jakande.

231 537 66 21 Mom.
313 537 13 20 2
341 537 130 27 godkändes.

232 595 11 25 8
260 594 19 21 3.
310 593 64 22 Mom.
392 595 9 19 1
419 593 39 22 och
475 595 10 19 2
502 593 130 27 godkändes.

554 680 11 25 8
582 681 19 19 4.

232 736 58 22 Herr
312 735 123 28 Nybom:
465 736 42 27 Jag
528 736 35 21 för
585 737 43 20 min
644 736 33 21 del
693 742 64 15 anser
772 736 36 21 det
823 742 51 15 vara
889 737 57 20 orätt
961 738 32 19 att

163 764 77 27 stadga
266 765 66 27 något
354 765 82 26 sådant,
459 770 46 16 som
527 766 34 20 att
584 765 205 26 inteckningsrätten
811 764 68 22 skulle
901 765 27 27 gå
951 764 42 22 för-

163 793 63 22 lorad
248 799 36 16 om
304 793 116 28 jernvägen
435 793 84 22 komme
535 795 33 20 att
583 793 83 22 tillfalla
681 793 126 28 regeringen
822 793 38 22 och
876 793 68 22 skulle
956 793 38 27 jag

165 821 73 22 derför
260 822 81 27 päyrka
364 822 123 21 äterremiss
505 822 6 21 i
527 822 77 21 sädant
619 822 53 27 syfte
688 824 33 19 att
737 821 149 28 inteckningen
902 822 40 21 blir
958 821 35 22 be-

165 851 89 21 stäende
276 850 34 22 till
332 851 47 21 dess
402 851 77 26 gälden
498 852 25 20 är
538 851 81 26 betald;
642 851 38 27 gär
693 851 117 27 jernvägen
825 851 34 20 till
874 851 81 21 kronan
970 851 24 21 sä

164 879 45 22 stär
224 879 150 27 inteckningen
390 879 64 22 likväl
470 885 57 21 gvar.

234 936 58 21 Herr
306 937 26 20 E.
374 936 83 27 Bergh:
487 937 74 21 Redan
577 936 57 22 förut
648 937 39 21 har
701 937 38 21 det
753 936 70 22 blifvit
832 936 120 21 framhället
962 938 32 19 att

166 965 74 27 dylika
260 965 37 21 fall
318 965 92 21 existera
433 965 32 21 för
480 965 134 22 närvarande
629 966 34 21 vid
678 965 124 27 inteckning
817 965 6 21 i
839 964 155 28 arrendebygg-

165 993 73 25 nader,
250 994 38 21 der
298 994 97 21 vilkoren
406 995 37 20 äro
454 994 81 21 sädana
545 996 32 19 att
588 994 125 27 byggnaden
725 994 36 21 vid
774 993 89 22 arrende
873 993 69 22 tidens
952 993 43 22 slut

164 1022 41 22 bör
224 1022 86 22 tillfalla
331 1022 112 27 fastighets
473 1023 158 21 innehafvaren.
669 1023 85 21 Sädana
782 1022 212 27 arrendebyggnader

165 1051 69 21 finnes
258 1051 36 21 det
309 1051 7 21 i
332 1051 78 26 mängd
431 1051 68 21 under
521 1051 133 27 Helsingfors
673 1052 55 23 stad,
744 1051 39 21 der
798 1051 158 21 villa-omrädet
970 1052 25 19 är

165 1080 165 21 utarrenderadt
349 1080 69 21 under
439 1080 76 21 sädant
537 1080 104 21 förbehäll
657 1082 33 19 att
705 1081 28 20 dä
748 1079 149 22 arrendetiden
913 1081 24 20 är
952 1079 42 22 slut

166 1108 125 27 byggnaden
312 1108 96 21 tillfaller
428 1109 81 21 staden.
539 1109 43 20 För
597 1111 32 18 att
645 1109 60 21 dessa
721 1108 138 27 byggnander
874 1109 34 20 mä
923 1109 72 20 kunna

165 1137 118 26 intecknas,
299 1137 91 21 ansökes
406 1137 44 21 ofta
465 1137 40 22 hos
520 1137 205 27 Stadsfullmäktige,
733 1137 33 21 till
780 1136 72 22 hvilka
866 1137 63 21 äfven
939 1137 57 21 Herr

165 1165 84 28 Nybom
273 1165 45 28 hör,
332 1165 98 22 tillständ
453 1168 33 19 att
507 1168 52 19 utan
582 1166 87 21 stadens
691 1166 96 21 hörande
800 1165 104 22 öfverläta
919 1165 76 22 besitt-

165 1195 134 26 ningsrätten
322 1194 32 21 till
378 1195 87 20 marken
481 1194 40 21 och
547 1195 37 21 det
605 1194 64 28 gifves
691 1194 158 27 försträckning
870 1196 45 19 mot
938 1194 58 27 dylik

165 1223 123 26 inteckning
311 1223 61 21 äfven
393 1223 70 22 såsom
482 1223 38 28 jag
539 1223 109 22 förmodar
662 1223 24 22 af
698 1224 52 21 våra
765 1223 84 27 privata
864 1223 131 21 bankinrätt-

165 1252 82 27 ningar,
263 1254 53 20 utan
330 1254 34 19 att
378 1252 65 26 något
457 1258 49 15 men
522 1252 60 22 deraf
595 1252 141 27 uppkommit.

235 1310 57 21 Herr
307 1309 186 27 Tengström:
523 1309 73 27 Enligt
611 1310 56 21 Herr
682 1308 96 29 Nyboms
794 1308 55 28 åsigt
864 1309 68 21 skulle
946 1309 50 21 hela

166 1338 37 22 det
224 1338 70 22 vilkor
316 1344 45 15 som
384 1338 153 22 koncessionen
560 1338 119 22 innehåller
700 1340 34 19 att
758 1344 27 15 en
798 1338 88 26 jernväg
901 1337 54 22 efter
970 1344 26 15 en

166 1367 45 21 viss
233 1367 39 27 tid,
287 1366 55 22 skall
358 1367 48 21 med
422 1366 52 22 eller
488 1369 52 19 utan
556 1368 59 20 lösen
631 1366 85 22 tillfalla
731 1366 90 27 kronan,
838 1362 157 42 tillintetgöras,

165 1398 24 24 ty
211 1401 26 15 en
261 1384 151 32 koncessionär
434 1395 91 22 hehäfde
549 1395 55 22 blott
625 1395 45 22 låta
689 1395 102 22 inteckna
813 1401 26 15 cn
859 1394 89 28 jernväg
962 1395 34 21 till

165 1418 82 27 dubbla
272 1424 52 22 eller
348 1423 113 22 tredubbla
484 1424 101 27 beloppet
606 1424 23 21 af
649 1424 48 22 dess
718 1424 74 25 värde,
814 1424 33 21 för
867 1426 33 19 att
914 1423 82 22 kronan

165 1452 70 22 skulle
258 1459 52 15 vara
324 1451 50 29 föga
390 1452 81 27 betjent
486 1452 23 22 af
523 1459 26 15 en
565 1453 109 27 egendom,
691 1458 45 16 som
753 1454 25 19 är
796 1452 24 22 så
836 1452 96 21 belastad
947 1453 48 21 med

165 1481 96 21 skulder.
292 1482 42 20 Det
356 1481 42 21 kan
421 1482 83 21 således
526 1481 47 22 icke
595 1482 27 26 gå
644 1481 33 21 för
697 1481 33 27 sig
750 1483 34 19 att
799 1482 32 20 ett
845 1481 77 21 sådant
936 1481 60 21 stad-

165 1510 70 26 gande
258 1510 80 22 införes
360 1510 40 21 här
424 1510 39 22 och
487 1510 40 22 den
549 1516 45 16 som
613 1510 68 28 gifver
696 1510 35 21 lån
748 1511 46 20 mot
809 1516 26 16 en
851 1510 145 27 inteckning
984 1506 17 36 i
