1078 1781
143 106 58 22 2842
357 112 180 22 Borgareståndet
549 114 60 18 1878.
633 114 20 17 11
665 113 95 19 Januari.

352 250 148 35 Fredagen
517 251 57 27 den
592 251 27 27 11
637 251 129 28 Januari.

213 354 35 22 Kl.
259 355 13 21 6
283 354 166 28 eftermiddagen
459 355 175 22 sammanträdde
644 355 182 28 Borgareståndet
836 355 32 22 till
879 355 92 27 plenum.

143 383 44 22 Vid
201 383 96 22 anstäldt
307 389 83 22 upprop
407 383 219 23 befunnos-Ståndets
641 384 67 28 öfrige
724 384 118 22 ledamöter
857 383 115 22 tillstädes-

143 412 78 21 komne
243 412 49 21 med
314 413 109 26 undantag
445 413 23 21 af
483 412 82 22 Herrar
579 413 98 22 Boström
693 413 41 22 och
748 412 32 23 W.
798 412 86 28 Nystén,
900 411 72 22 hvilka

144 440 50 22 med
216 440 102 23 Ständets
339 440 96 22 tillstånd
454 447 51 16 voro
521 441 47 22 från
584 443 61 20 orten
660 441 113 27 bortreste,
790 441 55 22 Herr
860 440 110 26 Sanmark,

143 475 47 16 som
205 469 23 21 af
242 469 98 27 sjukdom
356 469 114 22 hindrades
485 471 33 20 att
534 471 91 20 närvara
639 472 55 20 samt
715 471 55 21 Herr
788 469 114 26 Snellman,
918 469 53 22 hvil-

143 498 42 21 ken
201 498 132 21 sistnämnda
348 498 54 21 dock
417 498 49 22 kort
482 499 54 21 efter
551 500 106 26 uppropet
671 499 34 28 sig
719 499 79 21 infann.

212 646 58 22 Herr
284 646 166 23 Talmannen
469 646 96 28 uppläste
581 647 32 22 till
626 647 106 28 justering
742 647 79 27 utdrag
832 653 25 16 ur
866 647 104 26 Borgare-

143 675 97 22 ständets
262 675 107 27 protokoll
385 675 34 22 för
433 676 120 27 gårdagens
571 675 43 22 för-
629 676 39 21 och
684 676 163 27 eftermiddags-
862 675 108 22 äfvensom

141 703 72 22 denna
228 704 52 27 dags
295 704 221 27 förmiddagsplenum.

213 841 101 22 Derefter
329 841 110 27 föredrogs
453 841 24 22 af
489 841 58 22 Herr
557 841 72 22 Talm
637 848 89 15 annen
736 841 234 28 ,Värnepligtsutskot-

142 871 44 20 tets
208 869 80 28 förslag
308 869 33 23 till
364 870 204 27 sammanjemkning
583 871 23 21 af
622 870 106 22 Ständens
744 870 7 21 i
767 871 56 21 vissa
838 870 59 21 delar
911 869 59 28 skilj-

141 897 75 28 aktiga
238 898 71 22 beslut
332 899 47 21 med
401 898 98 22 afseende
521 899 13 21 &
555 899 256 28 Värnepligtsutskottets
834 898 135 22 betänkande

141 927 41 21 N:o
199 928 19 25 2,
234 933 34 16 om
284 927 115 22 anvisande
418 927 23 22 af
454 927 70 22 medel
539 928 32 21 till
587 927 137 22 bestridande
739 927 26 22 af
778 927 142 22 kostnaderne
935 927 34 22 för

140 955 79 22 allmän
234 956 130 27 värnepligts
379 955 110 23 införande
504 956 7 21 i
526 956 93 22 landet."

209 1013 68 21 Detta
292 1013 134 22 betänkande
440 1013 115 22 bordlades
569 1014 34 21 till
617 1013 172 28 morgondagens
803 1013 92 27 plenum.

208 1069 78 23 Vidare
301 1070 110 27 föredrogs
425 1070 22 22 af
460 1071 56 21 Herr
531 1071 180 22 Talmannen
726 1077 27 15 en
769 1070 48 22 frän
825 1069 143 23 Statsutskot-

140 1100 32 20 tet
187 1099 127 22 ankommen
330 1099 24 22 sä
368 1099 91 28 lydande
474 1099 121 22 skrifvelse:

373 1185 40 21 Till
428 1185 111 28 Vällofliga
553 1185 187 28 Borgareständet.

209 1242 71 22 Sedan
296 1242 130 22 Ständernas
441 1241 199 29 Bankfullmäktige,
656 1249 46 15 som
719 1242 55 22 efter
788 1242 55 22 1872
853 1242 35 22 års
899 1242 71 22 landt-

139 1270 42 27 dag
203 1270 46 22 haft
269 1271 72 27 tillsyn
356 1271 59 21 öfver
430 1271 129 22 Ständernas
575 1271 97 27 ekonom,
688 1271 32 22 uti
735 1270 113 22 skrifvelse
863 1270 24 22 af
900 1271 41 21 den
956 1272 13 20 7

139 1299 96 22 sistlidne
251 1300 97 22 Oktober
362 1299 123 27 framhållit,
501 1300 64 21 bland
579 1302 73 25 annat,
668 1301 27 21 de
710 1299 111 28 betydliga
836 1299 134 22 försändain-

138 1332 40 22 gar
193 1328 133 22 Ständernas
341 1328 104 22 bibliotek
460 1328 85 22 erhällit
559 1335 77 21 genom
652 1329 92 22 svenska
757 1328 125 27 riksdagens
893 1327 77 22 biblio-

139 1356 83 22 tekarie
236 1356 193 23 Filosofiedoktorn
445 1358 26 21 D.
487 1357 27 21 M.
529 1357 102 27 Sandahl,
646 1357 87 22 hvilken
749 1357 48 21 icke
811 1356 91 22 allenast
914 1356 56 22 varit

139 1384 48 29 den,
210 1391 47 16 som
278 1386 163 27 ursprungligen
459 1386 67 21 inledt
541 1386 86 28 utbytet
642 1386 78 22 mellan
736 1385 93 23 svenska
843 1386 127 27 riksdagens

137 1413 42 22 och
194 1413 103 22 Finlands
312 1414 104 22 Ständers
430 1414 105 22 bibliotek
544 1416 57 20 samt
609 1414 134 23 fortfarande
751 1414 78 22 försett
837 1414 133 22 sistnämnda

138 1441 105 23 bibliotek
259 1442 48 22 med
322 1442 7 22 i
344 1442 87 29 Sverige
446 1444 152 21 utkommande
613 1444 59 21 såväl
687 1442 228 29 riksdagshandlingar
929 1442 40 22 och

137 1470 234 23 komitebetänkanden
393 1478 46 16 som
461 1472 254 28 författningssamlingar
738 1471 41 23 och
801 1473 66 20 annat
883 1470 87 23 officielt

137 1500 69 27 tryck,
227 1502 53 20 utan
303 1500 40 22 ock
362 1500 32 22 tid
417 1501 53 22 efter
493 1506 70 16 annan
585 1500 95 23 hitsändt
703 1507 27 15 en
754 1502 47 20 stor
816 1500 77 28 mängd
908 1500 60 23 äldre
