1078 1781
183 118 57 21 2290
381 124 179 21 Borgareständet
573 124 52 17 1877.
649 125 25 16 12
686 124 118 17 December.

183 193 75 26 tyckes
273 193 51 26 vilja
338 193 41 21 stå.
410 193 10 21 I
434 195 91 20 motsats
540 193 73 22 dertill
628 193 43 21 kan
684 193 37 27 jag
736 192 46 22 icke
797 192 45 22 inse
857 195 71 23 annat,
940 194 26 19 än
979 194 32 19 att

183 221 37 22 det
238 223 25 19 är
283 222 112 21 nationens
412 222 8 21 i
435 222 48 21 dess
499 221 79 24 helhet,
595 222 90 21 likasom
701 221 73 27 hvarje
789 221 149 27 medborgares
954 220 57 27 skyl-

184 250 73 27 dighet
272 251 40 20 och
328 251 103 26 rättighet
445 252 57 19 samt
514 251 47 21 med
578 251 61 20 deras
650 250 114 27 värdighet
776 250 235 24 öfverensstämmande,

184 280 33 20 att
232 279 136 26 personligen
392 279 62 21 träda
477 279 56 21 inom
549 279 103 21 skranket
668 279 40 22 och
723 279 47 21 med
787 278 49 21 mod
853 279 5 20 i
874 278 82 21 bröstet
972 277 39 22 och

184 309 69 25 öppen
270 313 77 21 panna,
362 307 48 22 icke
426 308 48 21 med
489 310 58 19 toma
563 308 46 26 ord,
623 307 97 22 försvara
734 307 47 22 sina
797 307 91 26 dyrbara
899 307 111 21 intressen.

183 335 49 22 Men
249 335 33 22 för
297 338 33 19 att
345 336 73 21 kunna
432 338 52 25 göra
500 336 65 25 detta,
582 339 24 18 är
621 337 36 20 det
672 336 40 21 ock
728 336 38 21 vår
781 335 53 27 pligt
850 338 31 19 att
896 335 63 24 tillse,
976 335 36 21 det

183 365 21 20 vi
226 364 6 21 i
256 364 72 22 farans
351 365 64 21 stund
437 365 47 21 icke
505 367 38 19 äro
567 365 106 21 oberedde
692 365 39 21 och
747 364 70 22 såsom
833 364 179 27 boskapshjordar

183 393 58 21 föras
257 393 33 21 till
306 393 147 26 slagtbänken.
484 393 78 21 Derför
577 393 36 22 må
627 394 19 21 vi
662 393 56 28 sörja
734 393 33 21 för
778 395 33 18 att
826 393 72 26 hvarje
914 393 97 20 medbor-

183 428 59 21 gare,
258 428 46 15 som
320 421 55 22 skall
390 422 81 27 skydda
486 428 41 19 oss,
544 422 91 21 erbåller
651 422 40 21 den
706 422 34 21 för
754 421 120 22 ändamålet
886 422 78 26 nödiga
978 421 33 21 in-

184 451 78 26 sigten,
278 451 99 26 öfningen
400 453 55 19 samt
477 453 32 19 att
524 450 42 21 han
582 451 46 21 icke
644 451 106 27 förgäfves
766 450 114 27 uppoffras.
909 449 103 22 Finlands

183 479 94 26 ungdom
300 479 40 21 och
363 481 49 19 män
433 479 64 22 hafva
518 479 77 27 många
617 479 80 28 gånger
719 479 59 21 förut
800 479 57 21 såväl
873 479 27 26 på
915 479 97 26 Europas

184 507 86 27 slagfält
286 514 45 15 som
347 507 7 22 i
370 510 48 24 eget
432 508 50 21 land
497 508 54 21 visat
567 508 32 27 sig
609 509 72 20 kunna
691 508 79 26 kämpa
780 507 33 22 för
823 508 36 21 det
870 509 62 19 rätta.
957 507 55 21 Der-

184 536 32 21 för
238 535 65 22 hafva
326 537 26 20 de
375 536 61 21 äfven
457 536 86 22 erhållit
563 537 137 21 erkännande
715 537 55 20 både
786 537 22 20 af
826 536 67 21 fiende
909 536 39 21 och
964 537 46 19 vän.

183 565 41 26 Jag
239 567 46 18 tror
302 565 38 21 och
356 565 81 27 hoppas
453 565 96 26 förvisso,
565 567 33 20 att
613 566 39 21 den
670 566 41 27 dag
726 565 70 26 aldrig
811 565 82 26 randas,
908 567 39 18 när
962 564 51 21 våre

184 595 63 19 söner
262 593 62 22 skola
339 600 51 15 vara
405 594 32 21 till
453 595 40 20 den
508 594 54 27 grad
577 594 153 26 bortklemade,
746 593 46 22 usle
807 594 39 20 och
861 593 105 28 oduglige,
978 595 32 18 att

185 622 26 21 de
225 621 47 22 icke
293 623 71 20 kunde
380 622 80 27 framgå
476 623 6 20 i
498 623 80 21 striden
595 625 50 19 utan
661 623 78 21 tvekan
756 622 38 21 och
809 623 51 26 visa,
876 624 32 19 att
924 622 26 21 de
964 621 48 22 icke

184 651 133 27 vanslägtats
336 650 46 22 från
398 652 49 20 våre
462 651 100 21 förfäder.
579 664 27 2 —
621 651 136 21 Beträffande
774 651 35 21 det
824 657 28 15 nu
867 650 145 27 föreliggande

184 679 104 28 förslaget
310 679 33 22 till
363 679 118 28 värnepligt
496 680 7 20 i
518 681 48 20 vårt
582 680 55 25 land,
654 680 23 21 så
693 680 68 21 måste
774 680 37 26 jag
827 681 63 25 öppet
906 681 57 24 säga,
978 681 32 18 att

184 708 160 21 reservationen
359 709 35 20 vid
410 708 67 21 första
491 709 175 26 genomläsandet
680 709 28 26 på
722 708 44 26 mig
781 708 72 27 gjorde
869 710 30 19 ett
914 707 51 27 godt
980 707 31 21 in-

184 737 68 27 tryck,
268 737 90 21 emedan
378 737 38 27 jag
437 737 82 27 trodde,
534 739 33 19 att
589 743 48 15 man
661 737 72 21 kunde
755 737 65 26 enligt
842 736 169 21 reservationens

183 765 81 27 förslag
279 765 94 22 undvika
389 765 96 27 lottning,
502 765 85 22 hvilken
603 766 6 21 i
624 766 43 21 alla
682 766 36 21 fall
735 766 67 20 måste
817 771 51 14 vara
884 765 32 21 för
932 764 79 21 enhvar

183 801 46 14 mer
252 793 53 22 eller
328 794 82 21 mindre
432 794 155 21 afskräckande
611 795 38 20 och
668 794 133 27 följaktligen
817 793 60 22 äfven
893 793 118 26 förkastlig.

183 823 50 21 Men
256 823 66 21 sedan
343 823 36 26 jag
402 824 97 20 närmare
522 825 72 24 trängt
612 823 20 21 in
648 823 7 21 i
671 824 66 20 saken
753 823 39 20 och
808 823 6 20 i
829 822 114 27 synnerhet
958 821 53 22 efter

184 851 36 22 det
232 851 39 27 jag
287 851 71 21 blifvit
373 851 5 21 i
395 851 83 22 tillfälle
493 853 32 20 att
541 854 50 24 taga
607 852 119 21 kännedom
744 857 33 15 om
794 851 25 21 de
833 851 117 25 slutsatser,
961 856 49 15 man

183 880 37 21 vill
244 880 66 26 draga
332 886 26 15 ur
381 880 26 21 de
429 880 107 22 allmänna
553 881 141 26 principerna,
709 881 24 20 så
752 880 38 21 har
802 880 37 26 jag
853 879 111 26 emottagit
980 881 32 19 ett

183 909 77 21 bittert
282 909 90 27 intryck,
386 909 38 27 jag
445 909 40 21 har
507 909 52 21 känt
581 909 48 21 mitt
650 909 71 26 hjerta
742 908 115 26 beklämdt,
873 908 87 21 emedan
974 907 37 27 jag

182 937 91 22 kommit
289 937 33 21 till
337 937 40 21 den
388 937 61 22 klara
459 937 70 27 insigt,
541 940 38 23 att,
591 944 33 15 om
636 938 159 21 reservationen
806 937 68 21 skulle
884 936 64 21 hafva
959 936 53 27 god-

183 966 70 27 känts,
269 972 50 15 man
334 966 24 21 så
370 966 99 27 ofantligt
479 967 40 20 lätt
530 967 81 20 kunnat
625 966 33 21 slå
673 967 21 20 in
705 967 29 26 på
745 972 26 15 en
782 967 45 25 väg,
839 965 84 21 hvilken
933 965 35 26 jag
977 964 34 21 för

183 995 42 21 min
237 994 35 21 del
282 995 46 21 icke
340 995 42 21 kan
390 995 57 26 gilla,
458 995 39 21 och
509 995 120 26 derigenom
641 995 71 21 kunde
723 996 57 19 sätta
793 995 28 26 på
831 993 43 28 spel
886 993 58 22 såväl
954 994 56 20 mina

182 1023 154 27 medborgares
355 1029 45 16 som
422 1024 56 21 mina
494 1029 53 21 egna
562 1024 111 21 intressen.
702 1024 43 25 Jag
760 1023 55 21 hade
830 1023 106 26 nemligen
952 1024 60 21 trott,

183 1054 32 19 att
238 1052 70 21 denna
330 1053 149 26 förespegling,
495 1055 32 18 att
549 1053 92 26 lottning
663 1053 46 20 icke
734 1053 84 20 komme
838 1051 5 21 i
860 1051 67 27 fråga,
943 1051 69 20 skulle

182 1081 96 21 medföra
293 1081 67 26 något
374 1087 61 20 gagn,
448 1087 48 15 men
504 1082 37 25 jag
552 1081 39 20 har
601 1081 120 27 lyckligtvis
732 1080 69 21 blifvit
811 1080 110 21 medveten
932 1079 80 26 derom,

182 1112 39 24 att,
237 1109 62 22 äfven
315 1110 48 20 med
378 1110 145 21 undvikandet
537 1109 24 21 af
575 1110 61 21 ordet
651 1109 94 26 lottning
757 1115 25 15 en
793 1109 66 21 sådan
869 1108 64 21 likväl
944 1108 68 27 ligger

182 1138 33 21 till
230 1138 70 27 grund
319 1138 33 21 för
367 1139 157 20 reservationen
540 1138 39 21 och
595 1139 59 20 detta
670 1139 6 20 i
692 1138 88 21 svårare
796 1137 40 21 och
851 1143 44 15 mer
911 1136 101 27 förhatlig

181 1167 55 22 form
259 1169 27 19 än
310 1167 56 21 hvad
387 1167 242 21 utskottsbetänkandet
645 1166 125 22 innehåller.
800 1167 65 20 Detta
880 1165 132 22 sistnämnda

181 1196 40 21 har
235 1195 49 22 icke
300 1197 31 20 ett
346 1196 78 21 sådant
439 1195 56 28 syfte
510 1202 45 15 som
570 1202 49 15 man
635 1195 40 22 här
690 1196 58 21 velat
763 1195 68 26 påstå,
848 1194 51 22 eller
914 1197 32 18 att
961 1194 51 21 lott-

181 1224 77 27 ningen
274 1224 71 28 gällde
361 1224 25 21 lif
400 1224 39 21 och
450 1219 61 32 "blod,
527 1227 51 18 utan
589 1225 56 20 afser
656 1225 76 20 endast
743 1226 32 19 att
785 1223 80 27 utvälja
875 1224 47 21 dem
933 1223 77 32 hvilka,

182 1259 34 15 om
233 1253 41 21 ock
289 1253 49 21 med
354 1253 120 27 uppoffring
489 1241 22 33 af
525 1254 69 26 nägon
611 1254 31 20 tid
658 1254 39 20 och
713 1253 64 21 möda
792 1252 53 21 böra
857 1252 101 21 inträda
949 1247 13 37 i
971 1251 40 21 den

181 1282 67 25 skola,
266 1282 78 21 hvarur
368 1282 69 21 lärare
460 1283 32 20 för
514 1288 99 15 reserven
635 1282 86 21 komme
745 1284 33 18 att
793 1281 58 27 utgä.
881 1280 45 22 Och
942 1280 69 22 denna

181 1310 39 21 sak
234 1310 109 22 förefaller
358 1311 43 26 mig
416 1310 45 22 icke
477 1310 100 27 förhatlig
593 1311 40 21 den
648 1310 110 22 förefaller
774 1310 42 26 mig
817 1288 101 43 alldeles
929 1308 29 22 lik
970 1309 40 21 den

181 1338 109 28 händelse,
307 1340 27 20 då
357 1327 78 40 många
457 1340 69 20 elever
541 1340 53 20 söka
609 1340 84 20 inträde
708 1340 7 20 i
732 1340 32 20 ett
779 1338 105 26 läroverk,
900 1344 49 15 men
963 1337 49 21 icke

180 1367 43 22 alla
244 1356 74 33 kunna
341 1370 60 24 tagas
424 1370 62 24 emot,
505 1370 52 19 utan
579 1374 26 15 en
628 1368 35 21 del
679 1369 69 20 måste
764 1367 82 26 afvisas,
862 1354 88 34 hvarvid
965 1366 46 21 ofta

180 1402 43 8 nog
245 1402 58 9 mera
326 1396 105 15 godtycke
454 1398 25 13 än
503 1397 5 14 i
532 1396 140 22 förevarande
687 1396 39 22 fall
741 1396 43 21 kan
799 1402 40 20 ega
854 1401 54 16 rum.
938 1394 73 27 Enligt

180 1411 42 13 nog
245 1411 61 7 mera
326 1412 105 12 godtycke
453 1412 28 6 än
502 1412 7 6 i
531 1412 56 6 förev

179 1425 159 22 reservationen
360 1425 97 22 kommer
479 1425 61 27 ingen
563 1425 94 27 lottning
672 1427 32 19 att
720 1413 104 39 försiggå
829 1424 72 21 förrän
916 1424 6 20 i
938 1414 73 30 farans

181 1453 69 27 stund,
266 1455 40 19 när
322 1454 36 20 det
373 1454 42 21 blir
430 1454 61 26 fråga
506 1460 33 15 om
555 1454 72 21 hvilka
642 1442 24 33 af
680 1454 63 21 desse
759 1453 111 27 ynglingar
885 1452 61 22 skola
957 1452 53 21 offra

179 1482 39 22 sitt
239 1470 26 33 lif
286 1482 40 22 och
350 1482 57 22 blod.
437 1483 66 21 Desse
525 1483 73 21 kunna
620 1482 106 27 nemligen
750 1482 28 21 då
792 1488 51 15 vara
859 1481 61 21 säkre
936 1483 31 19 att
984 1481 26 21 de

180 1511 65 27 draga
268 1517 27 16 en
318 1511 112 27 ödesdiger
452 1511 40 22 lott
510 1518 26 14 ur
551 1518 74 20 urnan,
641 1513 23 25 ty
679 1511 28 27 på
723 1511 42 21 den
781 1516 109 16 nummern
905 1510 65 21 beror
985 1509 27 21 lif
