1078 1781
164 112 57 22 2466
362 118 179 21 Borgareståndet
553 119 56 17 1877.
635 119 22 17 17
669 119 119 17 December.

235 187 57 21 Herr
307 187 130 27 Procopé:
468 187 73 27 Enligt
557 187 54 22 hvad
622 188 36 27 jag
673 188 43 21 kan
732 187 69 22 erinra
810 187 43 28 mig
863 187 135 22 framställde

165 215 57 22 Herr
237 215 92 22 Jansson
345 216 35 21 vid
396 216 155 26 behandlingen
567 216 24 21 af
606 217 68 21 första
686 216 133 27 paragrafen,
829 219 32 18 att
872 217 123 21 densamma

165 245 67 21 måtte
258 244 81 21 lemnas
362 245 107 20 beroende
489 245 33 21 till
538 245 49 21 dess
608 246 52 20 sista
675 245 125 27 paragrafen
816 245 68 21 skulle
903 245 91 27 afgöras,

165 273 81 21 hvilket
262 273 80 27 förslag
358 273 28 21 då
401 273 134 22 förkastades
551 273 86 22 hvarför
648 274 38 27 jag
700 274 65 21 också
781 280 28 14 nu
824 273 33 22 får
868 274 81 27 påyrka
961 276 34 19 att

166 301 56 22 Herr
243 301 123 22 Molanders
390 301 81 28 förslag
495 302 47 21 icke
565 302 67 21 måtte
654 303 126 26 godkännas
802 305 50 18 utan
867 302 130 27 paragrafen

165 333 97 24 antagas.

234 387 57 22 Herr
306 387 120 22 Höckert:
457 388 32 21 De
503 387 53 27 skäl,
573 394 44 15 som
634 388 27 21 då
676 388 100 21 anfördes
793 391 44 18 mot
856 387 56 22 Herr
928 388 64 21 Jans-

165 422 51 15 sons
231 416 79 26 förslag
326 416 63 21 hafva
405 423 88 15 numera
509 417 90 21 förlorat
614 416 28 21 all
658 416 115 27 betydelse,
789 419 21 24 ty
827 417 27 21 då
869 417 67 26 ansåg
946 423 51 14 man

165 445 47 21 skäl
227 445 115 21 förefinnas
357 447 32 19 att
404 446 103 26 genomgå
525 445 191 27 värnepligtslagen
732 445 7 21 i
756 445 47 21 dess
818 447 56 19 rätta
889 451 105 15 samman-

165 473 65 28 hang,
246 480 47 15 men
310 480 28 14 nu
354 473 63 22 hafva
433 474 19 21 vi
467 475 124 26 genomgått
606 474 40 21 den
662 475 38 20 och
716 474 68 27 syssla
800 473 48 22 med
868 474 66 26 något
948 481 48 14 som

166 502 95 27 framgår
283 503 70 20 såsom
370 502 112 27 ovilkorlig
505 503 52 26 följd
573 503 21 20 af
609 503 198 26 värnepligtslagen.
837 503 41 26 Jag
899 502 95 21 biträder

166 531 72 21 derför
255 531 55 21 Herr
325 531 121 21 Molanders
461 531 80 27 förslag
556 533 32 19 att
603 531 90 21 Ståndet
709 531 55 21 först
778 531 67 21 måtte
861 533 50 24 taga
926 531 68 21 under

165 560 130 25 behandling
310 561 12 24 S
340 561 46 24 124,
403 560 88 21 emedan
499 560 37 27 jag
547 565 62 16 anser
619 562 32 19 att
662 560 119 21 Ständerne
792 560 121 26 derigenom
924 559 72 22 skulle

165 589 86 20 komma
273 588 32 21 till
329 595 24 14 en
378 590 98 19 närmare
497 588 40 21 och
557 589 134 21 bestämdare
706 588 64 27 insigt
786 588 72 21 derom
874 588 56 21 hvad
946 589 49 20 med

166 618 13 26 $
197 618 40 20 122
254 617 119 26 egentligen
391 617 60 21 afses.

235 674 57 21 Herr
306 674 130 27 Procop6:
467 675 55 21 Herr
537 675 96 20 Höckert
647 674 40 21 har
697 674 124 26 visserligen
833 676 47 24 sagt
890 676 32 19 att
934 675 60 20 detta

165 703 81 26 kapitel
262 703 120 27 egentligen
398 703 47 22 icke
456 703 38 20 hör
504 703 31 21 till
547 703 200 26 värnepligtslagen,
761 709 46 14 men
820 702 90 22 Ständet
920 703 73 26 tyckes

166 732 47 21 icke
236 731 110 28 godkändt
362 732 68 21 denna
446 731 55 27 äsigt
516 733 51 20 utan
584 732 64 20 redan
664 731 61 26 gillat
740 731 107 21 särskilda
862 732 133 26 paragrafer,

166 760 71 21 säsom
253 760 95 21 hörande
373 761 34 20 till
423 761 198 26 värnepligtslagen,
641 760 85 21 hvarför
740 760 36 27 jag
792 760 31 21 för
839 760 42 21 min
897 760 34 21 del
947 760 48 21 icke

166 789 42 20 kan
223 789 56 21 fatta
294 791 33 19 att
342 789 62 20 dessa
419 789 66 21 motiv
500 789 69 21 skulle
585 789 108 21 kullhäfva
709 789 26 20 de
751 788 57 22 förra
824 788 99 22 motiven.

201 859 2 2 +
234 846 56 21 Herr
306 845 159 28 Chydenius:
495 846 42 27 Jag
560 845 33 22 för
608 846 42 21 min
667 846 34 21 del
716 846 43 21 kan
774 846 47 21 icke
837 845 47 22 fullt
899 846 45 21 inse
959 847 33 20 att

165 875 38 21 det
218 874 70 22 skulle
304 875 95 21 medföra
414 875 69 26 nägon
499 875 106 26 synnerlig
621 875 115 26 olägenhet
751 876 33 19 att
799 874 68 27 fortgä
886 875 47 20 med
950 875 42 20 dis-

165 904 113 21 kussionen
294 903 7 21 i
317 904 39 21 den
370 903 95 26 ordning,
481 909 45 15 som
543 903 150 27 paragraferne
708 905 38 20 äro
762 905 107 25 upptagne
885 903 41 26 uti;
943 909 49 15 men

165 933 28 20 dä
208 932 106 26 åtskilliga
337 931 218 22 Ständsmedlemmar
578 934 70 19 ansett
670 932 36 21 det
727 932 71 26 lämpa
821 933 32 25 sig
872 931 70 22 bättre
957 932 36 21 för

165 961 62 21 deras
243 963 44 19 sätt
302 963 32 18 att
350 967 23 14 se
388 961 64 21 saken
469 961 38 21 och
523 963 52 24 göra
591 960 65 21 detaf
667 960 82 27 ganska
760 961 164 25 aktningsvärda
935 967 55 14 sam-

163 989 145 27 vetsskrupler
329 989 39 21 och
390 989 35 27 jag
447 989 32 21 för
499 989 42 21 min
565 989 33 21 del
614 989 45 21 icke
675 989 41 21 kan
733 990 44 20 inse
793 991 32 19 att
841 989 18 20 vi
875 989 116 26 nägonting

163 1018 69 21 skulle
248 1018 81 21 förlora
351 1018 65 26 derpä
439 1024 33 15 om
488 1018 20 21 vi
523 1018 100 21 omställa
639 1017 161 27 paragrafernes
817 1017 134 28 behandling,
966 1019 27 20 sä

163 1047 98 20 anhäller
274 1047 36 26 jag
326 1047 32 20 för
374 1047 42 20 min
433 1047 34 21 del
482 1049 32 18 att
529 1047 38 20 hos
583 1047 90 21 Ständet
688 1047 22 20 fä
726 1047 108 26 tillstyrka
845 1048 31 19 ett
888 1045 102 28 välvilligt

163 1075 184 27 tillmötesgäende
364 1077 44 19 mot
424 1075 25 22 de
465 1075 74 27 gjorda
554 1075 130 27 yrkandena.

232 1132 69 22 Sedan
318 1132 146 21 diskussionen
488 1131 133 22 beträffande
643 1131 56 22 Herr
715 1132 122 21 Molanders
853 1131 79 28 förslag
948 1132 44 21 för-

161 1161 83 22 klarats
260 1161 92 21 afslutad
368 1161 130 21 framställde
514 1161 56 21 Herr
585 1160 177 22 Talmannen
779 1160 93 27 följande

231 1218 193 27 Proposition:
454 1218 38 26 De,
503 1224 45 15 som
561 1218 49 27 vilja
621 1220 32 19 att
662 1218 149 21 diskussionen
821 1218 93 21 rörande
924 1219 11 25 $
949 1219 42 20 122

161 1254 27 14 nu
211 1247 55 21 skall
288 1247 75 26 fortgä,
384 1253 62 15 svara
459 1247 34 27 ja;
515 1247 74 21 vinner
604 1247 47 27 nej,
671 1247 98 21 kommer
794 1247 47 21 med
860 1246 40 22 den
917 1247 73 21 vidare

161 1276 157 27 behandlingen
334 1276 22 20 af
372 1276 68 20 denna
455 1276 102 26 paragraf
572 1278 32 19 att
619 1277 61 20 anstå
701 1276 57 20 intill
775 1276 48 21 dess
845 1276 5 26 $
868 1276 40 21 124
923 1276 7 20 i
946 1276 46 20 för-

160 1304 120 27 fattningen
296 1304 22 22 af
331 1304 90 22 Ständet
436 1304 120 27 handlagts.

228 1362 43 21 Vid
294 1362 27 26 pä
340 1362 78 26 begäre

159 1390 49 22 med
224 1391 27 21 23
265 1391 27 27 ja
308 1390 39 22 och
363 1391 28 15 20
407 1390 40 21 nej

421 1368 12 14 n
457 1362 92 21 anställd
571 1362 98 26 votering
685 1362 128 21 besvarades
828 1361 162 27 propositionen

427 1397 28 21 ej.

228 1448 58 21 Herr
301 1448 146 26 Lindberg:
477 1448 40 26 Jag
533 1447 50 22 ville
599 1447 55 22 blott
662 1448 105 20 anmärka
775 1449 44 19 mot
828 1447 55 21 Herr
892 1447 98 27 Procopé

157 1478 34 19 att
207 1476 36 21 det
266 1483 50 14 vore
338 1479 32 19 ett
388 1477 76 26 vigtigt
479 1477 47 21 skäl
541 1478 32 20 att
593 1476 22 21 få
630 1476 5 20 i
652 1476 193 27 värnepligtslagen
861 1476 69 21 införd
946 1476 41 21 den

157 1504 25 22 af
197 1504 55 22 Herr
277 1505 121 27 Chydenius
414 1505 120 27 föreslagna
551 1505 161 27 bestämningen
732 1511 35 15 om
784 1505 25 21 de
825 1504 57 22 olika
897 1511 91 21 vapnen,
