<?xml version="1.0" encoding="UTF-8"?>
<alto xmlns="http://www.loc.gov/standards/alto/ns-v3#" xmlns:xlink="http://www.w3.org/1999/xlink" xmlns:xsi="http://www.w3.org/2001/XMLSchema-instance" xsi:schemaLocation="http://www.loc.gov/standards/alto/ns-v3# http://www.loc.gov/alto/v3/alto-3-0.xsd">
	<Description>
		<MeasurementUnit>pixel</MeasurementUnit>
		<sourceImageInformation>
			<fileName>/tmp/tess_gtole5v1_input.PNG</fileName>
		</sourceImageInformation>
		<OCRProcessing ID="OCR_0">
			<ocrProcessingStep>
				<processingSoftware>
					<softwareName>tesseract 5.3.4</softwareName>
				</processingSoftware>
			</ocrProcessingStep>
		</OCRProcessing>
	</Description>
	<Layout>
		<Page WIDTH="1078" HEIGHT="1781" PHYSICAL_IMG_NR="0" ID="page_0">
			<PrintSpace HPOS="0" VPOS="0" WIDTH="1078" HEIGHT="1781">
				<ComposedBlock ID="cblock_0" HPOS="315" VPOS="111" WIDTH="611" HEIGHT="28">
					<TextBlock ID="block_0" HPOS="315" VPOS="111" WIDTH="611" HEIGHT="28">
						<TextLine ID="line_0" HPOS="315" VPOS="111" WIDTH="611" HEIGHT="28">
							<String ID="string_0" HPOS="315" VPOS="117" WIDTH="178" HEIGHT="22" WC="0.91" CONTENT="Borgareståndet"/><SP WIDTH="12" VPOS="117" HPOS="493"/>
							<String ID="string_1" HPOS="505" VPOS="118" WIDTH="56" HEIGHT="18" WC="0.96" CONTENT="1878."/><SP WIDTH="25" VPOS="118" HPOS="561"/>
							<String ID="string_2" HPOS="586" VPOS="118" WIDTH="24" HEIGHT="17" WC="0.96" CONTENT="19"/><SP WIDTH="11" VPOS="118" HPOS="610"/>
							<String ID="string_3" HPOS="621" VPOS="117" WIDTH="95" HEIGHT="17" WC="0.77" CONTENT="Januari."/><SP WIDTH="153" VPOS="117" HPOS="716"/>
							<String ID="string_4" HPOS="869" VPOS="111" WIDTH="57" HEIGHT="22" WC="0.96" CONTENT="2929"/>
						</TextLine>
					</TextBlock>
				</ComposedBlock>
				<GraphicalElement ID="cblock_1" HPOS="114" VPOS="145" WIDTH="811" HEIGHT="6"></GraphicalElement >
				<ComposedBlock ID="cblock_2" HPOS="97" VPOS="185" WIDTH="850" HEIGHT="545">
					<TextBlock ID="block_1" HPOS="97" VPOS="185" WIDTH="850" HEIGHT="545">
						<TextLine ID="line_1" HPOS="167" VPOS="185" WIDTH="759" HEIGHT="28">
							<String ID="string_5" HPOS="167" VPOS="187" WIDTH="57" HEIGHT="22" WC="0.93" CONTENT="Herr"/><SP WIDTH="15" VPOS="187" HPOS="224"/>
							<String ID="string_6" HPOS="239" VPOS="187" WIDTH="117" HEIGHT="22" WC="0.90" CONTENT="Masalin:"/><SP WIDTH="31" VPOS="187" HPOS="356"/>
							<String ID="string_7" HPOS="387" VPOS="187" WIDTH="43" HEIGHT="26" WC="0.96" CONTENT="Jag"/><SP WIDTH="14" VPOS="187" HPOS="430"/>
							<String ID="string_8" HPOS="444" VPOS="186" WIDTH="93" HEIGHT="27" WC="0.96" CONTENT="begärde"/><SP WIDTH="22" VPOS="186" HPOS="537"/>
							<String ID="string_9" HPOS="559" VPOS="186" WIDTH="63" HEIGHT="22" WC="0.96" CONTENT="ordet"/><SP WIDTH="15" VPOS="186" HPOS="622"/>
							<String ID="string_10" HPOS="637" VPOS="185" WIDTH="34" HEIGHT="22" WC="0.96" CONTENT="för"/><SP WIDTH="14" VPOS="185" HPOS="671"/>
							<String ID="string_11" HPOS="685" VPOS="188" WIDTH="33" HEIGHT="19" WC="0.96" CONTENT="att"/><SP WIDTH="14" VPOS="188" HPOS="718"/>
							<String ID="string_12" HPOS="732" VPOS="186" WIDTH="34" HEIGHT="21" WC="0.96" CONTENT="för"/><SP WIDTH="14" VPOS="186" HPOS="766"/>
							<String ID="string_13" HPOS="780" VPOS="186" WIDTH="43" HEIGHT="21" WC="0.96" CONTENT="min"/><SP WIDTH="16" VPOS="186" HPOS="823"/>
							<String ID="string_14" HPOS="839" VPOS="186" WIDTH="34" HEIGHT="21" WC="0.93" CONTENT="del"/><SP WIDTH="15" VPOS="186" HPOS="873"/>
							<String ID="string_15" HPOS="888" VPOS="192" WIDTH="38" HEIGHT="15" WC="0.91" CONTENT="an-"/>
						</TextLine>
						<TextLine ID="line_2" HPOS="99" VPOS="213" WIDTH="848" HEIGHT="29">
							<String ID="string_16" HPOS="99" VPOS="216" WIDTH="58" HEIGHT="22" WC="0.79" CONTENT="hällä"/><SP WIDTH="21" VPOS="216" HPOS="157"/>
							<String ID="string_17" HPOS="178" VPOS="217" WIDTH="33" HEIGHT="20" WC="0.93" CONTENT="att"/><SP WIDTH="20" VPOS="217" HPOS="211"/>
							<String ID="string_18" HPOS="231" VPOS="215" WIDTH="91" HEIGHT="22" WC="0.93" CONTENT="Ständet"/><SP WIDTH="14" VPOS="215" HPOS="322"/>
							<String ID="string_19" HPOS="336" VPOS="215" WIDTH="49" HEIGHT="22" WC="0.96" CONTENT="ville"/><SP WIDTH="22" VPOS="215" HPOS="385"/>
							<String ID="string_20" HPOS="407" VPOS="215" WIDTH="114" HEIGHT="27" WC="0.93" CONTENT="godkänna"/><SP WIDTH="14" VPOS="215" HPOS="521"/>
							<String ID="string_21" HPOS="535" VPOS="215" WIDTH="249" HEIGHT="27" WC="0.92" CONTENT="Bevillningsutskottets"/><SP WIDTH="12" VPOS="215" HPOS="784"/>
							<String ID="string_22" HPOS="796" VPOS="213" WIDTH="130" HEIGHT="23" WC="0.93" CONTENT="förfarande."/><SP WIDTH="19" VPOS="213" HPOS="926"/>
							<String ID="string_23" HPOS="945" VPOS="229" WIDTH="2" HEIGHT="2" WC="0.75" CONTENT="-"/>
						</TextLine>
						<TextLine ID="line_3" HPOS="99" VPOS="242" WIDTH="827" HEIGHT="29">
							<String ID="string_24" HPOS="99" VPOS="243" WIDTH="34" HEIGHT="24" WC="0.96" CONTENT="De"/><SP WIDTH="21" VPOS="243" HPOS="133"/>
							<String ID="string_25" HPOS="154" VPOS="244" WIDTH="67" HEIGHT="27" WC="0.95" CONTENT="öfriga"/><SP WIDTH="22" VPOS="244" HPOS="221"/>
							<String ID="string_26" HPOS="243" VPOS="244" WIDTH="37" HEIGHT="21" WC="0.93" CONTENT="två"/><SP WIDTH="20" VPOS="244" HPOS="280"/>
							<String ID="string_27" HPOS="300" VPOS="244" WIDTH="166" HEIGHT="21" WC="0.91" CONTENT="medlemmarne"/><SP WIDTH="14" VPOS="244" HPOS="466"/>
							<String ID="string_28" HPOS="480" VPOS="244" WIDTH="7" HEIGHT="21" WC="0.96" CONTENT="i"/><SP WIDTH="15" VPOS="244" HPOS="487"/>
							<String ID="string_29" HPOS="502" VPOS="243" WIDTH="113" HEIGHT="23" WC="0.95" CONTENT="Utskottet"/><SP WIDTH="20" VPOS="243" HPOS="615"/>
							<String ID="string_30" HPOS="635" VPOS="243" WIDTH="64" HEIGHT="22" WC="0.96" CONTENT="hafva"/><SP WIDTH="21" VPOS="243" HPOS="699"/>
							<String ID="string_31" HPOS="720" VPOS="243" WIDTH="66" HEIGHT="21" WC="0.96" CONTENT="redan"/><SP WIDTH="15" VPOS="243" HPOS="786"/>
							<String ID="string_32" HPOS="801" VPOS="242" WIDTH="125" HEIGHT="29" WC="0.96" CONTENT="tillräckligt"/>
						</TextLine>
						<TextLine ID="line_4" HPOS="99" VPOS="271" WIDTH="827" HEIGHT="29">
							<String ID="string_33" HPOS="99" VPOS="273" WIDTH="71" HEIGHT="27" WC="0.96" CONTENT="utlagt"/><SP WIDTH="14" VPOS="273" HPOS="170"/>
							<String ID="string_34" HPOS="184" VPOS="273" WIDTH="72" HEIGHT="21" WC="0.93" CONTENT="saken."/><SP WIDTH="31" VPOS="273" HPOS="256"/>
							<String ID="string_35" HPOS="287" VPOS="273" WIDTH="63" HEIGHT="21" WC="0.96" CONTENT="Hvad"/><SP WIDTH="14" VPOS="273" HPOS="350"/>
							<String ID="string_36" HPOS="364" VPOS="273" WIDTH="36" HEIGHT="26" WC="0.96" CONTENT="jag"/><SP WIDTH="15" VPOS="273" HPOS="400"/>
							<String ID="string_37" HPOS="415" VPOS="279" WIDTH="28" HEIGHT="15" WC="0.96" CONTENT="nu"/><SP WIDTH="15" VPOS="279" HPOS="443"/>
							<String ID="string_38" HPOS="458" VPOS="274" WIDTH="96" HEIGHT="20" WC="0.96" CONTENT="närmast"/><SP WIDTH="7" VPOS="274" HPOS="554"/>
							<String ID="string_39" HPOS="561" VPOS="273" WIDTH="69" HEIGHT="20" WC="0.96" CONTENT="finner"/><SP WIDTH="7" VPOS="273" HPOS="630"/>
							<String ID="string_40" HPOS="637" VPOS="272" WIDTH="43" HEIGHT="27" WC="0.93" CONTENT="mig"/><SP WIDTH="8" VPOS="272" HPOS="680"/>
							<String ID="string_41" HPOS="688" VPOS="271" WIDTH="111" HEIGHT="22" WC="0.92" CONTENT="föranledd"/><SP WIDTH="8" VPOS="271" HPOS="799"/>
							<String ID="string_42" HPOS="807" VPOS="273" WIDTH="34" HEIGHT="20" WC="0.96" CONTENT="att"/><SP WIDTH="7" VPOS="273" HPOS="841"/>
							<String ID="string_43" HPOS="848" VPOS="273" WIDTH="78" HEIGHT="20" WC="0.96" CONTENT="nämna"/>
						</TextLine>
						<TextLine ID="line_5" HPOS="99" VPOS="299" WIDTH="828" HEIGHT="30">
							<String ID="string_44" HPOS="99" VPOS="303" WIDTH="31" HEIGHT="25" WC="0.95" CONTENT="är,"/><SP WIDTH="16" VPOS="303" HPOS="130"/>
							<String ID="string_45" HPOS="146" VPOS="303" WIDTH="33" HEIGHT="20" WC="0.96" CONTENT="att"/><SP WIDTH="20" VPOS="303" HPOS="179"/>
							<String ID="string_46" HPOS="199" VPOS="301" WIDTH="37" HEIGHT="27" WC="0.96" CONTENT="jag"/><SP WIDTH="21" VPOS="301" HPOS="236"/>
							<String ID="string_47" HPOS="257" VPOS="301" WIDTH="69" HEIGHT="22" WC="0.96" CONTENT="håller"/><SP WIDTH="16" VPOS="301" HPOS="326"/>
							<String ID="string_48" HPOS="342" VPOS="301" WIDTH="45" HEIGHT="22" WC="0.96" CONTENT="före"/><SP WIDTH="15" VPOS="301" HPOS="387"/>
							<String ID="string_49" HPOS="402" VPOS="303" WIDTH="33" HEIGHT="19" WC="0.96" CONTENT="att"/><SP WIDTH="18" VPOS="303" HPOS="435"/>
							<String ID="string_50" HPOS="453" VPOS="301" WIDTH="56" HEIGHT="22" WC="0.96" CONTENT="Herr"/><SP WIDTH="14" VPOS="301" HPOS="509"/>
							<String ID="string_51" HPOS="523" VPOS="301" WIDTH="127" HEIGHT="28" WC="0.96" CONTENT="Tengström"/><SP WIDTH="15" VPOS="301" HPOS="650"/>
							<String ID="string_52" HPOS="665" VPOS="300" WIDTH="107" HEIGHT="27" WC="0.96" CONTENT="misstagit"/><SP WIDTH="14" VPOS="300" HPOS="772"/>
							<String ID="string_53" HPOS="786" VPOS="301" WIDTH="39" HEIGHT="26" WC="0.95" CONTENT="sig,"/><SP WIDTH="16" VPOS="301" HPOS="825"/>
							<String ID="string_54" HPOS="841" VPOS="299" WIDTH="27" HEIGHT="22" WC="0.96" CONTENT="då"/><SP WIDTH="16" VPOS="299" HPOS="868"/>
							<String ID="string_55" HPOS="884" VPOS="300" WIDTH="43" HEIGHT="21" WC="0.96" CONTENT="han"/>
						</TextLine>
						<TextLine ID="line_6" HPOS="100" VPOS="329" WIDTH="827" HEIGHT="26">
							<String ID="string_56" HPOS="100" VPOS="329" WIDTH="123" HEIGHT="23" WC="0.91" CONTENT="frambåller"/><SP WIDTH="22" VPOS="329" HPOS="223"/>
							<String ID="string_57" HPOS="245" VPOS="332" WIDTH="33" HEIGHT="19" WC="0.96" CONTENT="att"/><SP WIDTH="14" VPOS="332" HPOS="278"/>
							<String ID="string_58" HPOS="292" VPOS="330" WIDTH="27" HEIGHT="21" WC="0.96" CONTENT="de"/><SP WIDTH="14" VPOS="330" HPOS="319"/>
							<String ID="string_59" HPOS="333" VPOS="331" WIDTH="34" HEIGHT="20" WC="0.96" CONTENT="tre"/><SP WIDTH="22" VPOS="331" HPOS="367"/>
							<String ID="string_60" HPOS="389" VPOS="329" WIDTH="77" HEIGHT="22" WC="0.93" CONTENT="ofrälse"/><SP WIDTH="21" VPOS="329" HPOS="466"/>
							<String ID="string_61" HPOS="487" VPOS="329" WIDTH="94" HEIGHT="22" WC="0.92" CONTENT="Stånden"/><SP WIDTH="16" VPOS="329" HPOS="581"/>
							<String ID="string_62" HPOS="597" VPOS="329" WIDTH="46" HEIGHT="22" WC="0.96" CONTENT="icke"/><SP WIDTH="12" VPOS="329" HPOS="643"/>
							<String ID="string_63" HPOS="655" VPOS="329" WIDTH="69" HEIGHT="22" WC="0.95" CONTENT="skulle"/><SP WIDTH="16" VPOS="329" HPOS="724"/>
							<String ID="string_64" HPOS="740" VPOS="329" WIDTH="63" HEIGHT="21" WC="0.93" CONTENT="hafva"/><SP WIDTH="14" VPOS="329" HPOS="803"/>
							<String ID="string_65" HPOS="817" VPOS="329" WIDTH="110" HEIGHT="26" WC="0.91" CONTENT="godkändt"/>
						</TextLine>
						<TextLine ID="line_7" HPOS="99" VPOS="357" WIDTH="827" HEIGHT="28">
							<String ID="string_66" HPOS="99" VPOS="359" WIDTH="153" HEIGHT="21" WC="0.96" CONTENT="användandet"/><SP WIDTH="14" VPOS="359" HPOS="252"/>
							<String ID="string_67" HPOS="266" VPOS="358" WIDTH="23" HEIGHT="22" WC="0.96" CONTENT="af"/><SP WIDTH="13" VPOS="358" HPOS="289"/>
							<String ID="string_68" HPOS="302" VPOS="360" WIDTH="32" HEIGHT="20" WC="0.96" CONTENT="ett"/><SP WIDTH="14" VPOS="360" HPOS="334"/>
							<String ID="string_69" HPOS="348" VPOS="358" WIDTH="53" HEIGHT="21" WC="0.96" CONTENT="visst"/><SP WIDTH="15" VPOS="358" HPOS="401"/>
							<String ID="string_70" HPOS="416" VPOS="358" WIDTH="79" HEIGHT="27" WC="0.96" CONTENT="belopp"/><SP WIDTH="15" VPOS="358" HPOS="495"/>
							<String ID="string_71" HPOS="510" VPOS="358" WIDTH="34" HEIGHT="21" WC="0.96" CONTENT="för"/><SP WIDTH="15" VPOS="358" HPOS="544"/>
							<String ID="string_72" HPOS="559" VPOS="359" WIDTH="36" HEIGHT="21" WC="0.93" CONTENT="det"/><SP WIDTH="16" VPOS="359" HPOS="595"/>
							<String ID="string_73" HPOS="611" VPOS="358" WIDTH="102" HEIGHT="27" WC="0.91" CONTENT="uppgifna"/><SP WIDTH="13" VPOS="358" HPOS="713"/>
							<String ID="string_74" HPOS="726" VPOS="357" WIDTH="129" HEIGHT="22" WC="0.95" CONTENT="ändamålet."/><SP WIDTH="30" VPOS="357" HPOS="855"/>
							<String ID="string_75" HPOS="885" VPOS="357" WIDTH="41" HEIGHT="22" WC="0.95" CONTENT="Om"/>
						</TextLine>
						<TextLine ID="line_8" HPOS="97" VPOS="386" WIDTH="830" HEIGHT="29">
							<String ID="string_76" HPOS="97" VPOS="387" WIDTH="39" HEIGHT="28" WC="0.96" CONTENT="jag"/><SP WIDTH="16" VPOS="387" HPOS="136"/>
							<String ID="string_77" HPOS="152" VPOS="387" WIDTH="47" HEIGHT="21" WC="0.96" CONTENT="icke"/><SP WIDTH="23" VPOS="387" HPOS="199"/>
							<String ID="string_78" HPOS="222" VPOS="389" WIDTH="57" HEIGHT="19" WC="0.96" CONTENT="orätt"/><SP WIDTH="23" VPOS="389" HPOS="279"/>
							<String ID="string_79" HPOS="302" VPOS="387" WIDTH="96" HEIGHT="21" WC="0.95" CONTENT="kommer"/><SP WIDTH="21" VPOS="387" HPOS="398"/>
							<String ID="string_80" HPOS="419" VPOS="387" WIDTH="50" HEIGHT="26" WC="0.96" CONTENT="ihåg"/><SP WIDTH="14" VPOS="387" HPOS="469"/>
							<String ID="string_81" HPOS="483" VPOS="387" WIDTH="165" HEIGHT="26" WC="0.96" CONTENT="formuleringen"/><SP WIDTH="15" VPOS="387" HPOS="648"/>
							<String ID="string_82" HPOS="663" VPOS="386" WIDTH="32" HEIGHT="21" WC="0.93" CONTENT="uti"/><SP WIDTH="15" VPOS="386" HPOS="695"/>
							<String ID="string_83" HPOS="710" VPOS="386" WIDTH="172" HEIGHT="22" WC="0.91" CONTENT="Presteståndets"/><SP WIDTH="14" VPOS="386" HPOS="882"/>
							<String ID="string_84" HPOS="896" VPOS="386" WIDTH="31" HEIGHT="21" WC="0.92" CONTENT="in-"/>
						</TextLine>
						<TextLine ID="line_9" HPOS="101" VPOS="415" WIDTH="826" HEIGHT="28">
							<String ID="string_85" HPOS="101" VPOS="416" WIDTH="108" HEIGHT="27" WC="0.96" CONTENT="bjudning,"/><SP WIDTH="21" VPOS="416" HPOS="209"/>
							<String ID="string_86" HPOS="230" VPOS="416" WIDTH="25" HEIGHT="21" WC="0.96" CONTENT="så"/><SP WIDTH="21" VPOS="416" HPOS="255"/>
							<String ID="string_87" HPOS="276" VPOS="417" WIDTH="88" HEIGHT="20" WC="0.96" CONTENT="nämnes"/><SP WIDTH="22" VPOS="417" HPOS="364"/>
							<String ID="string_88" HPOS="386" VPOS="421" WIDTH="97" HEIGHT="16" WC="0.96" CONTENT="summan"/><SP WIDTH="22" VPOS="421" HPOS="483"/>
							<String ID="string_89" HPOS="505" VPOS="416" WIDTH="124" HEIGHT="27" WC="0.89" CONTENT="visserligen"/><SP WIDTH="19" VPOS="416" HPOS="629"/>
							<String ID="string_90" HPOS="648" VPOS="415" WIDTH="54" HEIGHT="22" WC="0.96" CONTENT="först"/><SP WIDTH="15" VPOS="415" HPOS="702"/>
							<String ID="string_91" HPOS="717" VPOS="416" WIDTH="31" HEIGHT="21" WC="0.95" CONTENT="uti"/><SP WIDTH="16" VPOS="416" HPOS="748"/>
							<String ID="string_92" HPOS="764" VPOS="421" WIDTH="25" HEIGHT="16" WC="0.93" CONTENT="en"/><SP WIDTH="15" VPOS="421" HPOS="789"/>
							<String ID="string_93" HPOS="804" VPOS="415" WIDTH="123" HEIGHT="22" WC="0.91" CONTENT="mellanme-"/>
						</TextLine>
						<TextLine ID="line_10" HPOS="99" VPOS="443" WIDTH="827" HEIGHT="28">
							<String ID="string_94" HPOS="99" VPOS="445" WIDTH="58" HEIGHT="26" WC="0.96" CONTENT="ning,"/><SP WIDTH="14" VPOS="445" HPOS="157"/>
							<String ID="string_95" HPOS="171" VPOS="450" WIDTH="48" HEIGHT="15" WC="0.96" CONTENT="men"/><SP WIDTH="15" VPOS="450" HPOS="219"/>
							<String ID="string_96" HPOS="234" VPOS="444" WIDTH="122" HEIGHT="22" WC="0.96" CONTENT="sedermera"/><SP WIDTH="14" VPOS="444" HPOS="356"/>
							<String ID="string_97" HPOS="370" VPOS="446" WIDTH="75" HEIGHT="25" WC="0.96" CONTENT="yttras,"/><SP WIDTH="16" VPOS="446" HPOS="445"/>
							<String ID="string_98" HPOS="461" VPOS="446" WIDTH="32" HEIGHT="19" WC="0.96" CONTENT="att"/><SP WIDTH="12" VPOS="446" HPOS="493"/>
							<String ID="string_99" HPOS="505" VPOS="444" WIDTH="46" HEIGHT="27" WC="0.96" CONTENT="just"/><SP WIDTH="14" VPOS="444" HPOS="551"/>
							<String ID="string_100" HPOS="565" VPOS="445" WIDTH="70" HEIGHT="20" WC="0.96" CONTENT="denna"/><SP WIDTH="14" VPOS="445" HPOS="635"/>
							<String ID="string_101" HPOS="649" VPOS="450" WIDTH="83" HEIGHT="15" WC="0.96" CONTENT="summa"/><SP WIDTH="16" VPOS="450" HPOS="732"/>
							<String ID="string_102" HPOS="748" VPOS="443" WIDTH="54" HEIGHT="22" WC="0.96" CONTENT="skall"/><SP WIDTH="15" VPOS="443" HPOS="802"/>
							<String ID="string_103" HPOS="817" VPOS="443" WIDTH="109" HEIGHT="22" WC="0.96" CONTENT="användas"/>
						</TextLine>
						<TextLine ID="line_11" HPOS="100" VPOS="472" WIDTH="827" HEIGHT="28">
							<String ID="string_104" HPOS="100" VPOS="473" WIDTH="34" HEIGHT="22" WC="0.96" CONTENT="för"/><SP WIDTH="20" VPOS="473" HPOS="134"/>
							<String ID="string_105" HPOS="154" VPOS="472" WIDTH="126" HEIGHT="23" WC="0.93" CONTENT="ändamålet."/><SP WIDTH="31" VPOS="472" HPOS="280"/>
							<String ID="string_106" HPOS="311" VPOS="473" WIDTH="237" HEIGHT="27" WC="0.89" CONTENT="Bevillningsutskottet"/><SP WIDTH="22" VPOS="473" HPOS="548"/>
							<String ID="string_107" HPOS="570" VPOS="473" WIDTH="71" HEIGHT="21" WC="0.96" CONTENT="kunde"/><SP WIDTH="22" VPOS="473" HPOS="641"/>
							<String ID="string_108" HPOS="663" VPOS="473" WIDTH="67" HEIGHT="26" WC="0.96" CONTENT="enligt"/><SP WIDTH="15" VPOS="473" HPOS="730"/>
							<String ID="string_109" HPOS="745" VPOS="473" WIDTH="27" HEIGHT="20" WC="0.93" CONTENT="67"/><SP WIDTH="20" VPOS="473" HPOS="772"/>
							<String ID="string_110" HPOS="792" VPOS="473" WIDTH="13" HEIGHT="26" WC="0.83" CONTENT="$"/><SP WIDTH="23" VPOS="473" HPOS="805"/>
							<String ID="string_111" HPOS="828" VPOS="473" WIDTH="6" HEIGHT="21" WC="0.93" CONTENT="i"/><SP WIDTH="21" VPOS="473" HPOS="834"/>
							<String ID="string_112" HPOS="855" VPOS="472" WIDTH="72" HEIGHT="21" WC="0.91" CONTENT="landt-"/>
						</TextLine>
						<TextLine ID="line_12" HPOS="101" VPOS="501" WIDTH="826" HEIGHT="28">
							<String ID="string_113" HPOS="101" VPOS="502" WIDTH="171" HEIGHT="27" WC="0.91" CONTENT="dagsordningen"/><SP WIDTH="22" VPOS="502" HPOS="272"/>
							<String ID="string_114" HPOS="294" VPOS="501" WIDTH="47" HEIGHT="22" WC="0.93" CONTENT="icke"/><SP WIDTH="21" VPOS="501" HPOS="341"/>
							<String ID="string_115" HPOS="362" VPOS="501" WIDTH="80" HEIGHT="22" WC="0.92" CONTENT="förfara"/><SP WIDTH="21" VPOS="501" HPOS="442"/>
							<String ID="string_116" HPOS="463" VPOS="502" WIDTH="140" HEIGHT="26" WC="0.96" CONTENT="annorlunda,"/><SP WIDTH="20" VPOS="502" HPOS="603"/>
							<String ID="string_117" HPOS="623" VPOS="501" WIDTH="65" HEIGHT="22" WC="0.96" CONTENT="sedan"/><SP WIDTH="15" VPOS="501" HPOS="688"/>
							<String ID="string_118" HPOS="703" VPOS="501" WIDTH="112" HEIGHT="22" WC="0.96" CONTENT="Utskottet"/><SP WIDTH="14" VPOS="501" HPOS="815"/>
							<String ID="string_119" HPOS="829" VPOS="507" WIDTH="27" HEIGHT="15" WC="0.96" CONTENT="en"/><SP WIDTH="14" VPOS="507" HPOS="856"/>
							<String ID="string_120" HPOS="870" VPOS="501" WIDTH="57" HEIGHT="27" WC="0.96" CONTENT="gång"/>
						</TextLine>
						<TextLine ID="line_13" HPOS="101" VPOS="529" WIDTH="826" HEIGHT="28">
							<String ID="string_121" HPOS="101" VPOS="530" WIDTH="67" HEIGHT="27" WC="0.88" CONTENT="ansåg"/><SP WIDTH="20" VPOS="530" HPOS="168"/>
							<String ID="string_122" HPOS="188" VPOS="530" WIDTH="110" HEIGHT="27" WC="0.88" CONTENT="pluralitet"/><SP WIDTH="14" VPOS="530" HPOS="298"/>
							<String ID="string_123" HPOS="312" VPOS="536" WIDTH="52" HEIGHT="15" WC="0.96" CONTENT="vara"/><SP WIDTH="14" VPOS="536" HPOS="364"/>
							<String ID="string_124" HPOS="378" VPOS="536" WIDTH="91" HEIGHT="20" WC="0.95" CONTENT="vunnen,"/><SP WIDTH="18" VPOS="536" HPOS="469"/>
							<String ID="string_125" HPOS="487" VPOS="532" WIDTH="27" HEIGHT="19" WC="0.96" CONTENT="än"/><SP WIDTH="15" VPOS="532" HPOS="514"/>
							<String ID="string_126" HPOS="529" VPOS="533" WIDTH="33" HEIGHT="19" WC="0.93" CONTENT="att"/><SP WIDTH="16" VPOS="533" HPOS="562"/>
							<String ID="string_127" HPOS="578" VPOS="530" WIDTH="129" HEIGHT="21" WC="0.90" CONTENT="öfverlemna"/><SP WIDTH="18" VPOS="530" HPOS="707"/>
							<String ID="string_128" HPOS="725" VPOS="530" WIDTH="153" HEIGHT="27" WC="0.91" CONTENT="handlingarne"/><SP WIDTH="16" VPOS="530" HPOS="878"/>
							<String ID="string_129" HPOS="894" VPOS="529" WIDTH="33" HEIGHT="22" WC="0.96" CONTENT="till"/>
						</TextLine>
						<TextLine ID="line_14" HPOS="101" VPOS="558" WIDTH="827" HEIGHT="28">
							<String ID="string_130" HPOS="101" VPOS="559" WIDTH="259" HEIGHT="27" WC="0.91" CONTENT="Expeditionsutskottet;"/><SP WIDTH="22" VPOS="559" HPOS="360"/>
							<String ID="string_131" HPOS="382" VPOS="559" WIDTH="19" HEIGHT="26" WC="0.96" CONTENT="ej"/><SP WIDTH="17" VPOS="559" HPOS="401"/>
							<String ID="string_132" HPOS="418" VPOS="559" WIDTH="118" HEIGHT="22" WC="0.92" CONTENT="innehåller"/><SP WIDTH="18" VPOS="559" HPOS="536"/>
							<String ID="string_133" HPOS="554" VPOS="558" WIDTH="247" HEIGHT="28" WC="0.92" CONTENT="Bevillningsutskottets"/><SP WIDTH="14" VPOS="558" HPOS="801"/>
							<String ID="string_134" HPOS="815" VPOS="558" WIDTH="113" HEIGHT="21" WC="0.96" CONTENT="skrifvelse"/>
						</TextLine>
						<TextLine ID="line_15" HPOS="101" VPOS="587" WIDTH="827" HEIGHT="28">
							<String ID="string_135" HPOS="101" VPOS="587" WIDTH="34" HEIGHT="22" WC="0.92" CONTENT="till"/><SP WIDTH="15" VPOS="587" HPOS="135"/>
							<String ID="string_136" HPOS="150" VPOS="587" WIDTH="246" HEIGHT="28" WC="0.90" CONTENT="Expeditionsutskottet"/><SP WIDTH="16" VPOS="587" HPOS="396"/>
							<String ID="string_137" HPOS="412" VPOS="594" WIDTH="25" HEIGHT="15" WC="0.95" CONTENT="en"/><SP WIDTH="16" VPOS="594" HPOS="437"/>
							<String ID="string_138" HPOS="453" VPOS="594" WIDTH="110" HEIGHT="21" WC="0.95" CONTENT="noggrann"/><SP WIDTH="20" VPOS="594" HPOS="563"/>
							<String ID="string_139" HPOS="583" VPOS="588" WIDTH="116" HEIGHT="26" WC="0.96" CONTENT="anvisning,"/><SP WIDTH="16" VPOS="588" HPOS="699"/>
							<String ID="string_140" HPOS="715" VPOS="587" WIDTH="55" HEIGHT="21" WC="0.93" CONTENT="huru"/><SP WIDTH="9" VPOS="587" HPOS="770"/>
							<String ID="string_141" HPOS="779" VPOS="587" WIDTH="149" HEIGHT="27" WC="0.90" CONTENT="Expeditions-"/>
						</TextLine>
						<TextLine ID="line_16" HPOS="102" VPOS="615" WIDTH="826" HEIGHT="28">
							<String ID="string_142" HPOS="102" VPOS="616" WIDTH="107" HEIGHT="22" WC="0.96" CONTENT="utskottet"/><SP WIDTH="15" VPOS="616" HPOS="209"/>
							<String ID="string_143" HPOS="224" VPOS="616" WIDTH="34" HEIGHT="21" WC="0.92" CONTENT="må"/><SP WIDTH="23" VPOS="616" HPOS="258"/>
							<String ID="string_144" HPOS="281" VPOS="616" WIDTH="88" HEIGHT="27" WC="0.89" CONTENT="förfara,"/><SP WIDTH="23" VPOS="616" HPOS="369"/>
							<String ID="string_145" HPOS="392" VPOS="616" WIDTH="44" HEIGHT="21" WC="0.95" CONTENT="lika"/><SP WIDTH="21" VPOS="616" HPOS="436"/>
							<String ID="string_146" HPOS="457" VPOS="617" WIDTH="55" HEIGHT="26" WC="0.95" CONTENT="litet,"/><SP WIDTH="15" VPOS="617" HPOS="512"/>
							<String ID="string_147" HPOS="527" VPOS="622" WIDTH="46" HEIGHT="16" WC="0.96" CONTENT="som"/><SP WIDTH="16" VPOS="622" HPOS="573"/>
							<String ID="string_148" HPOS="589" VPOS="617" WIDTH="40" HEIGHT="20" WC="0.96" CONTENT="här"/><SP WIDTH="15" VPOS="617" HPOS="629"/>
							<String ID="string_149" HPOS="644" VPOS="616" WIDTH="66" HEIGHT="21" WC="0.96" CONTENT="finnes"/><SP WIDTH="15" VPOS="616" HPOS="710"/>
							<String ID="string_150" HPOS="725" VPOS="616" WIDTH="69" HEIGHT="26" WC="0.92" CONTENT="någon"/><SP WIDTH="16" VPOS="616" HPOS="794"/>
							<String ID="string_151" HPOS="810" VPOS="615" WIDTH="118" HEIGHT="28" WC="0.92" CONTENT="antydning"/>
						</TextLine>
						<TextLine ID="line_17" HPOS="102" VPOS="644" WIDTH="826" HEIGHT="28">
							<String ID="string_152" HPOS="102" VPOS="645" WIDTH="81" HEIGHT="22" WC="0.96" CONTENT="derom."/><SP WIDTH="30" VPOS="645" HPOS="183"/>
							<String ID="string_153" HPOS="213" VPOS="645" WIDTH="74" HEIGHT="22" WC="0.87" CONTENT="Såsom"/><SP WIDTH="16" VPOS="645" HPOS="287"/>
							<String ID="string_154" HPOS="303" VPOS="645" WIDTH="69" HEIGHT="27" WC="0.91" CONTENT="sagdt,"/><SP WIDTH="13" VPOS="645" HPOS="372"/>
							<String ID="string_155" HPOS="385" VPOS="644" WIDTH="38" HEIGHT="27" WC="0.96" CONTENT="jag"/><SP WIDTH="15" VPOS="644" HPOS="423"/>
							<String ID="string_156" HPOS="438" VPOS="644" WIDTH="38" HEIGHT="22" WC="0.96" CONTENT="ber"/><SP WIDTH="15" VPOS="644" HPOS="476"/>
							<String ID="string_157" HPOS="491" VPOS="647" WIDTH="32" HEIGHT="19" WC="0.96" CONTENT="att"/><SP WIDTH="15" VPOS="647" HPOS="523"/>
							<String ID="string_158" HPOS="538" VPOS="645" WIDTH="21" HEIGHT="21" WC="0.96" CONTENT="få"/><SP WIDTH="16" VPOS="645" HPOS="559"/>
							<String ID="string_159" HPOS="575" VPOS="644" WIDTH="86" HEIGHT="22" WC="0.96" CONTENT="förorda"/><SP WIDTH="15" VPOS="644" HPOS="661"/>
							<String ID="string_160" HPOS="676" VPOS="645" WIDTH="100" HEIGHT="21" WC="0.96" CONTENT="ärendets"/><SP WIDTH="14" VPOS="645" HPOS="776"/>
							<String ID="string_161" HPOS="790" VPOS="644" WIDTH="138" HEIGHT="27" WC="0.96" CONTENT="företagande"/>
						</TextLine>
						<TextLine ID="line_18" HPOS="101" VPOS="673" WIDTH="827" HEIGHT="28">
							<String ID="string_162" HPOS="101" VPOS="675" WIDTH="52" HEIGHT="20" WC="0.93" CONTENT="utan"/><SP WIDTH="24" VPOS="675" HPOS="153"/>
							<String ID="string_163" HPOS="177" VPOS="673" WIDTH="92" HEIGHT="28" WC="0.91" CONTENT="uppskof"/><SP WIDTH="20" VPOS="673" HPOS="269"/>
							<String ID="string_164" HPOS="289" VPOS="673" WIDTH="40" HEIGHT="22" WC="0.95" CONTENT="och"/><SP WIDTH="22" VPOS="673" HPOS="329"/>
							<String ID="string_165" HPOS="351" VPOS="673" WIDTH="155" HEIGHT="27" WC="0.95" CONTENT="godkännande"/><SP WIDTH="15" VPOS="673" HPOS="506"/>
							<String ID="string_166" HPOS="521" VPOS="673" WIDTH="23" HEIGHT="22" WC="0.96" CONTENT="af"/><SP WIDTH="13" VPOS="673" HPOS="544"/>
							<String ID="string_167" HPOS="557" VPOS="674" WIDTH="41" HEIGHT="21" WC="0.96" CONTENT="den"/><SP WIDTH="15" VPOS="674" HPOS="598"/>
							<String ID="string_168" HPOS="613" VPOS="673" WIDTH="143" HEIGHT="28" WC="0.96" CONTENT="uppfattning,"/><SP WIDTH="16" VPOS="673" HPOS="756"/>
							<String ID="string_169" HPOS="772" VPOS="675" WIDTH="32" HEIGHT="20" WC="0.96" CONTENT="att"/><SP WIDTH="14" VPOS="675" HPOS="804"/>
							<String ID="string_170" HPOS="818" VPOS="673" WIDTH="40" HEIGHT="22" WC="0.93" CONTENT="här"/><SP WIDTH="14" VPOS="673" HPOS="858"/>
							<String ID="string_171" HPOS="872" VPOS="673" WIDTH="56" HEIGHT="22" WC="0.92" CONTENT="före-"/>
						</TextLine>
						<TextLine ID="line_19" HPOS="101" VPOS="702" WIDTH="314" HEIGHT="28">
							<String ID="string_172" HPOS="101" VPOS="702" WIDTH="68" HEIGHT="28" WC="0.96" CONTENT="ligger"/><SP WIDTH="14" VPOS="702" HPOS="169"/>
							<String ID="string_173" HPOS="183" VPOS="702" WIDTH="47" HEIGHT="27" WC="0.93" CONTENT="fyra"/><SP WIDTH="15" VPOS="702" HPOS="230"/>
							<String ID="string_174" HPOS="245" VPOS="702" WIDTH="78" HEIGHT="22" WC="0.92" CONTENT="Stånds"/><SP WIDTH="15" VPOS="702" HPOS="323"/>
							<String ID="string_175" HPOS="338" VPOS="702" WIDTH="77" HEIGHT="22" WC="0.96" CONTENT="beslut."/>
						</TextLine>
					</TextBlock>
				</ComposedBlock>
				<ComposedBlock ID="cblock_3" HPOS="102" VPOS="758" WIDTH="830" HEIGHT="774">
					<TextBlock ID="block_2" HPOS="102" VPOS="758" WIDTH="830" HEIGHT="774">
						<TextLine ID="line_20" HPOS="171" VPOS="758" WIDTH="757" HEIGHT="29">
							<String ID="string_176" HPOS="171" VPOS="759" WIDTH="56" HEIGHT="22" WC="0.92" CONTENT="Herr"/><SP WIDTH="15" VPOS="759" HPOS="227"/>
							<String ID="string_177" HPOS="242" VPOS="759" WIDTH="138" HEIGHT="27" WC="0.92" CONTENT="Ignatius:"/><SP WIDTH="30" VPOS="759" HPOS="380"/>
							<String ID="string_178" HPOS="410" VPOS="760" WIDTH="57" HEIGHT="21" WC="0.95" CONTENT="Herr"/><SP WIDTH="15" VPOS="760" HPOS="467"/>
							<String ID="string_179" HPOS="482" VPOS="760" WIDTH="83" HEIGHT="27" WC="0.96" CONTENT="Nybom"/><SP WIDTH="16" VPOS="760" HPOS="565"/>
							<String ID="string_180" HPOS="581" VPOS="759" WIDTH="96" HEIGHT="25" WC="0.96" CONTENT="anförde,"/><SP WIDTH="15" VPOS="759" HPOS="677"/>
							<String ID="string_181" HPOS="692" VPOS="761" WIDTH="33" HEIGHT="20" WC="0.96" CONTENT="att"/><SP WIDTH="14" VPOS="761" HPOS="725"/>
							<String ID="string_182" HPOS="739" VPOS="759" WIDTH="37" HEIGHT="28" WC="0.96" CONTENT="jag"/><SP WIDTH="10" VPOS="759" HPOS="776"/>
							<String ID="string_183" HPOS="786" VPOS="759" WIDTH="68" HEIGHT="22" WC="0.96" CONTENT="skulle"/><SP WIDTH="10" VPOS="759" HPOS="854"/>
							<String ID="string_184" HPOS="864" VPOS="758" WIDTH="64" HEIGHT="22" WC="0.96" CONTENT="hafva"/>
						</TextLine>
						<TextLine ID="line_21" HPOS="102" VPOS="787" WIDTH="826" HEIGHT="28">
							<String ID="string_185" HPOS="102" VPOS="788" WIDTH="89" HEIGHT="27" WC="0.96" CONTENT="påstått,"/><SP WIDTH="16" VPOS="788" HPOS="191"/>
							<String ID="string_186" HPOS="207" VPOS="790" WIDTH="32" HEIGHT="20" WC="0.93" CONTENT="att"/><SP WIDTH="15" VPOS="790" HPOS="239"/>
							<String ID="string_187" HPOS="254" VPOS="788" WIDTH="90" HEIGHT="22" WC="0.92" CONTENT="Ståndet"/><SP WIDTH="14" VPOS="788" HPOS="344"/>
							<String ID="string_188" HPOS="358" VPOS="789" WIDTH="47" HEIGHT="21" WC="0.96" CONTENT="icke"/><SP WIDTH="16" VPOS="789" HPOS="405"/>
							<String ID="string_189" HPOS="421" VPOS="789" WIDTH="54" HEIGHT="20" WC="0.96" CONTENT="hade"/><SP WIDTH="16" VPOS="789" HPOS="475"/>
							<String ID="string_190" HPOS="491" VPOS="789" WIDTH="58" HEIGHT="21" WC="0.96" CONTENT="klart"/><SP WIDTH="14" VPOS="789" HPOS="549"/>
							<String ID="string_191" HPOS="563" VPOS="788" WIDTH="32" HEIGHT="22" WC="0.96" CONTENT="för"/><SP WIDTH="12" VPOS="788" HPOS="595"/>
							<String ID="string_192" HPOS="607" VPOS="789" WIDTH="39" HEIGHT="26" WC="0.95" CONTENT="sig,"/><SP WIDTH="16" VPOS="789" HPOS="646"/>
							<String ID="string_193" HPOS="662" VPOS="788" WIDTH="55" HEIGHT="21" WC="0.96" CONTENT="huru"/><SP WIDTH="15" VPOS="788" HPOS="717"/>
							<String ID="string_194" HPOS="732" VPOS="789" WIDTH="37" HEIGHT="20" WC="0.96" CONTENT="det"/><SP WIDTH="15" VPOS="789" HPOS="769"/>
							<String ID="string_195" HPOS="784" VPOS="787" WIDTH="101" HEIGHT="22" WC="0.96" CONTENT="förhåller"/><SP WIDTH="10" VPOS="787" HPOS="885"/>
							<String ID="string_196" HPOS="895" VPOS="787" WIDTH="33" HEIGHT="28" WC="0.96" CONTENT="sig"/>
						</TextLine>
						<TextLine ID="line_22" HPOS="103" VPOS="816" WIDTH="825" HEIGHT="29">
							<String ID="string_197" HPOS="103" VPOS="817" WIDTH="48" HEIGHT="21" WC="0.96" CONTENT="med"/><SP WIDTH="23" VPOS="817" HPOS="151"/>
							<String ID="string_198" HPOS="174" VPOS="817" WIDTH="69" HEIGHT="21" WC="0.96" CONTENT="denna"/><SP WIDTH="23" VPOS="817" HPOS="243"/>
							<String ID="string_199" HPOS="266" VPOS="817" WIDTH="46" HEIGHT="21" WC="0.92" CONTENT="sak."/><SP WIDTH="30" VPOS="817" HPOS="312"/>
							<String ID="string_200" HPOS="342" VPOS="817" WIDTH="44" HEIGHT="22" WC="0.96" CONTENT="Det"/><SP WIDTH="20" VPOS="817" HPOS="386"/>
							<String ID="string_201" HPOS="406" VPOS="817" WIDTH="39" HEIGHT="21" WC="0.96" CONTENT="har"/><SP WIDTH="21" VPOS="817" HPOS="445"/>
							<String ID="string_202" HPOS="466" VPOS="817" WIDTH="37" HEIGHT="28" WC="0.96" CONTENT="jag"/><SP WIDTH="15" VPOS="817" HPOS="503"/>
							<String ID="string_203" HPOS="518" VPOS="817" WIDTH="47" HEIGHT="22" WC="0.96" CONTENT="icke"/><SP WIDTH="15" VPOS="817" HPOS="565"/>
							<String ID="string_204" HPOS="580" VPOS="817" WIDTH="87" HEIGHT="27" WC="0.96" CONTENT="påstått,"/><SP WIDTH="15" VPOS="817" HPOS="667"/>
							<String ID="string_205" HPOS="682" VPOS="823" WIDTH="48" HEIGHT="15" WC="0.96" CONTENT="men"/><SP WIDTH="16" VPOS="823" HPOS="730"/>
							<String ID="string_206" HPOS="746" VPOS="817" WIDTH="34" HEIGHT="21" WC="0.96" CONTENT="väl"/><SP WIDTH="15" VPOS="817" HPOS="780"/>
							<String ID="string_207" HPOS="795" VPOS="816" WIDTH="78" HEIGHT="22" WC="0.96" CONTENT="uttalat"/><SP WIDTH="15" VPOS="816" HPOS="873"/>
							<String ID="string_208" HPOS="888" VPOS="817" WIDTH="40" HEIGHT="21" WC="0.96" CONTENT="den"/>
						</TextLine>
						<TextLine ID="line_23" HPOS="103" VPOS="845" WIDTH="825" HEIGHT="28">
							<String ID="string_209" HPOS="103" VPOS="845" WIDTH="111" HEIGHT="22" WC="0.96" CONTENT="förmodan"/><SP WIDTH="22" VPOS="845" HPOS="214"/>
							<String ID="string_210" HPOS="236" VPOS="847" WIDTH="32" HEIGHT="20" WC="0.96" CONTENT="att"/><SP WIDTH="16" VPOS="847" HPOS="268"/>
							<String ID="string_211" HPOS="284" VPOS="846" WIDTH="24" HEIGHT="21" WC="0.96" CONTENT="så"/><SP WIDTH="14" VPOS="846" HPOS="308"/>
							<String ID="string_212" HPOS="322" VPOS="852" WIDTH="37" HEIGHT="15" WC="0.96" CONTENT="var"/><SP WIDTH="21" VPOS="852" HPOS="359"/>
							<String ID="string_213" HPOS="380" VPOS="845" WIDTH="143" HEIGHT="22" WC="0.96" CONTENT="förhållandet"/><SP WIDTH="15" VPOS="845" HPOS="523"/>
							<String ID="string_214" HPOS="538" VPOS="845" WIDTH="49" HEIGHT="22" WC="0.96" CONTENT="med"/><SP WIDTH="16" VPOS="845" HPOS="587"/>
							<String ID="string_215" HPOS="603" VPOS="845" WIDTH="55" HEIGHT="22" WC="0.96" CONTENT="Herr"/><SP WIDTH="18" VPOS="845" HPOS="658"/>
							<String ID="string_216" HPOS="676" VPOS="845" WIDTH="90" HEIGHT="28" WC="0.96" CONTENT="Nybom."/><SP WIDTH="31" VPOS="845" HPOS="766"/>
							<String ID="string_217" HPOS="797" VPOS="847" WIDTH="39" HEIGHT="20" WC="0.96" CONTENT="Att"/><SP WIDTH="15" VPOS="847" HPOS="836"/>
							<String ID="string_218" HPOS="851" VPOS="851" WIDTH="25" HEIGHT="15" WC="0.90" CONTENT="en"/><SP WIDTH="16" VPOS="851" HPOS="876"/>
							<String ID="string_219" HPOS="892" VPOS="851" WIDTH="36" HEIGHT="16" WC="0.90" CONTENT="en-"/>
						</TextLine>
						<TextLine ID="line_24" HPOS="102" VPOS="873" WIDTH="826" HEIGHT="28">
							<String ID="string_220" HPOS="102" VPOS="873" WIDTH="57" HEIGHT="22" WC="0.96" CONTENT="skild"/><SP WIDTH="22" VPOS="873" HPOS="159"/>
							<String ID="string_221" HPOS="181" VPOS="874" WIDTH="90" HEIGHT="22" WC="0.96" CONTENT="medlem"/><SP WIDTH="24" VPOS="874" HPOS="271"/>
							<String ID="string_222" HPOS="295" VPOS="874" WIDTH="129" HEIGHT="22" WC="0.95" CONTENT="identifierar"/><SP WIDTH="21" VPOS="874" HPOS="424"/>
							<String ID="string_223" HPOS="445" VPOS="875" WIDTH="32" HEIGHT="26" WC="0.96" CONTENT="sig"/><SP WIDTH="22" VPOS="875" HPOS="477"/>
							<String ID="string_224" HPOS="499" VPOS="875" WIDTH="49" HEIGHT="21" WC="0.92" CONTENT="med"/><SP WIDTH="22" VPOS="875" HPOS="548"/>
							<String ID="string_225" HPOS="570" VPOS="874" WIDTH="91" HEIGHT="22" WC="0.91" CONTENT="Ständet"/><SP WIDTH="18" VPOS="874" HPOS="661"/>
							<String ID="string_226" HPOS="679" VPOS="876" WIDTH="25" HEIGHT="19" WC="0.96" CONTENT="är"/><SP WIDTH="14" VPOS="876" HPOS="704"/>
							<String ID="string_227" HPOS="718" VPOS="881" WIDTH="26" HEIGHT="14" WC="0.96" CONTENT="en"/><SP WIDTH="16" VPOS="881" HPOS="744"/>
							<String ID="string_228" HPOS="760" VPOS="875" WIDTH="45" HEIGHT="24" WC="0.96" CONTENT="sak,"/><SP WIDTH="16" VPOS="875" HPOS="805"/>
							<String ID="string_229" HPOS="821" VPOS="880" WIDTH="45" HEIGHT="15" WC="0.96" CONTENT="som"/><SP WIDTH="15" VPOS="880" HPOS="866"/>
							<String ID="string_230" HPOS="881" VPOS="874" WIDTH="47" HEIGHT="22" WC="0.96" CONTENT="icke"/>
						</TextLine>
						<TextLine ID="line_25" HPOS="103" VPOS="902" WIDTH="826" HEIGHT="29">
							<String ID="string_231" HPOS="103" VPOS="902" WIDTH="74" HEIGHT="28" WC="0.96" CONTENT="tyckes"/><SP WIDTH="20" VPOS="902" HPOS="177"/>
							<String ID="string_232" HPOS="197" VPOS="909" WIDTH="51" HEIGHT="15" WC="0.96" CONTENT="vara"/><SP WIDTH="20" VPOS="909" HPOS="248"/>
							<String ID="string_233" HPOS="268" VPOS="903" WIDTH="50" HEIGHT="22" WC="0.96" CONTENT="fullt"/><SP WIDTH="14" VPOS="903" HPOS="318"/>
							<String ID="string_234" HPOS="332" VPOS="903" WIDTH="94" HEIGHT="28" WC="0.96" CONTENT="lämplig."/><SP WIDTH="31" VPOS="903" HPOS="426"/>
							<String ID="string_235" HPOS="457" VPOS="903" WIDTH="125" HEIGHT="22" WC="0.93" CONTENT="Emellertid"/><SP WIDTH="18" VPOS="903" HPOS="582"/>
							<String ID="string_236" HPOS="600" VPOS="903" WIDTH="106" HEIGHT="21" WC="0.96" CONTENT="förklarar"/><SP WIDTH="14" VPOS="903" HPOS="706"/>
							<String ID="string_237" HPOS="720" VPOS="903" WIDTH="56" HEIGHT="21" WC="0.96" CONTENT="Herr"/><SP WIDTH="15" VPOS="903" HPOS="776"/>
							<String ID="string_238" HPOS="791" VPOS="902" WIDTH="90" HEIGHT="28" WC="0.96" CONTENT="Nybom,"/><SP WIDTH="15" VPOS="902" HPOS="881"/>
							<String ID="string_239" HPOS="896" VPOS="904" WIDTH="33" HEIGHT="21" WC="0.96" CONTENT="att"/>
						</TextLine>
						<TextLine ID="line_26" HPOS="104" VPOS="931" WIDTH="825" HEIGHT="28">
							<String ID="string_240" HPOS="104" VPOS="931" WIDTH="37" HEIGHT="22" WC="0.96" CONTENT="det"/><SP WIDTH="14" VPOS="931" HPOS="141"/>
							<String ID="string_241" HPOS="155" VPOS="931" WIDTH="162" HEIGHT="28" WC="0.92" CONTENT="ifrågavarande"/><SP WIDTH="15" VPOS="931" HPOS="317"/>
							<String ID="string_242" HPOS="332" VPOS="931" WIDTH="92" HEIGHT="22" WC="0.92" CONTENT="vilkoret"/><SP WIDTH="22" VPOS="931" HPOS="424"/>
							<String ID="string_243" HPOS="446" VPOS="938" WIDTH="39" HEIGHT="15" WC="0.92" CONTENT="var"/><SP WIDTH="14" VPOS="938" HPOS="485"/>
							<String ID="string_244" HPOS="499" VPOS="932" WIDTH="75" HEIGHT="21" WC="0.90" CONTENT="ställdt"/><SP WIDTH="15" VPOS="932" HPOS="574"/>
							<String ID="string_245" HPOS="589" VPOS="931" WIDTH="32" HEIGHT="22" WC="0.93" CONTENT="till"/><SP WIDTH="15" VPOS="931" HPOS="621"/>
							<String ID="string_246" HPOS="636" VPOS="931" WIDTH="139" HEIGHT="22" WC="0.92" CONTENT="medstånden"/><SP WIDTH="16" VPOS="931" HPOS="775"/>
							<String ID="string_247" HPOS="791" VPOS="931" WIDTH="39" HEIGHT="22" WC="0.96" CONTENT="och"/><SP WIDTH="13" VPOS="931" HPOS="830"/>
							<String ID="string_248" HPOS="843" VPOS="931" WIDTH="45" HEIGHT="28" WC="0.96" CONTENT="just"/><SP WIDTH="13" VPOS="931" HPOS="888"/>
							<String ID="string_249" HPOS="901" VPOS="932" WIDTH="28" HEIGHT="26" WC="0.96" CONTENT="på"/>
						</TextLine>
						<TextLine ID="line_27" HPOS="103" VPOS="959" WIDTH="826" HEIGHT="28">
							<String ID="string_250" HPOS="103" VPOS="960" WIDTH="42" HEIGHT="21" WC="0.96" CONTENT="den"/><SP WIDTH="22" VPOS="960" HPOS="145"/>
							<String ID="string_251" HPOS="167" VPOS="961" WIDTH="69" HEIGHT="26" WC="0.96" CONTENT="grund"/><SP WIDTH="22" VPOS="961" HPOS="236"/>
							<String ID="string_252" HPOS="258" VPOS="967" WIDTH="63" HEIGHT="14" WC="0.96" CONTENT="anser"/><SP WIDTH="25" VPOS="967" HPOS="321"/>
							<String ID="string_253" HPOS="346" VPOS="960" WIDTH="42" HEIGHT="22" WC="0.96" CONTENT="han"/><SP WIDTH="21" VPOS="960" HPOS="388"/>
							<String ID="string_254" HPOS="409" VPOS="963" WIDTH="32" HEIGHT="18" WC="0.96" CONTENT="att"/><SP WIDTH="23" VPOS="963" HPOS="441"/>
							<String ID="string_255" HPOS="464" VPOS="961" WIDTH="54" HEIGHT="21" WC="0.96" CONTENT="intet"/><SP WIDTH="22" VPOS="961" HPOS="518"/>
							<String ID="string_256" HPOS="540" VPOS="961" WIDTH="156" HEIGHT="21" WC="0.96" CONTENT="omnämnande"/><SP WIDTH="20" VPOS="961" HPOS="696"/>
							<String ID="string_257" HPOS="716" VPOS="961" WIDTH="73" HEIGHT="20" WC="0.96" CONTENT="derom"/><SP WIDTH="15" VPOS="961" HPOS="789"/>
							<String ID="string_258" HPOS="804" VPOS="960" WIDTH="39" HEIGHT="21" WC="0.96" CONTENT="bör"/><SP WIDTH="14" VPOS="960" HPOS="843"/>
							<String ID="string_259" HPOS="857" VPOS="959" WIDTH="72" HEIGHT="28" WC="0.96" CONTENT="ingå"/><SP WIDTH="-12" VPOS="959" HPOS="929"/>
							<String ID="string_260" HPOS="917" VPOS="955" WIDTH="15" HEIGHT="37" WC="0.96" CONTENT="i"/>
						</TextLine>
						<TextLine ID="line_28" HPOS="103" VPOS="988" WIDTH="827" HEIGHT="29">
							<String ID="string_261" HPOS="103" VPOS="988" WIDTH="131" HEIGHT="22" WC="0.92" CONTENT="Ständernas"/><SP WIDTH="22" VPOS="988" HPOS="234"/>
							<String ID="string_262" HPOS="256" VPOS="989" WIDTH="145" HEIGHT="28" WC="0.92" CONTENT="underdåniga"/><SP WIDTH="15" VPOS="989" HPOS="401"/>
							<String ID="string_263" HPOS="416" VPOS="989" WIDTH="175" HEIGHT="22" WC="0.91" CONTENT="svarsskrifvelse."/><SP WIDTH="30" VPOS="989" HPOS="591"/>
							<String ID="string_264" HPOS="621" VPOS="989" WIDTH="67" HEIGHT="22" WC="0.96" CONTENT="Hvem"/><SP WIDTH="22" VPOS="989" HPOS="688"/>
							<String ID="string_265" HPOS="710" VPOS="989" WIDTH="40" HEIGHT="21" WC="0.96" CONTENT="har"/><SP WIDTH="21" VPOS="989" HPOS="750"/>
							<String ID="string_266" HPOS="771" VPOS="989" WIDTH="85" HEIGHT="27" WC="0.95" CONTENT="upplyst"/><SP WIDTH="18" VPOS="989" HPOS="856"/>
							<String ID="string_267" HPOS="874" VPOS="989" WIDTH="56" HEIGHT="21" WC="0.96" CONTENT="Herr"/>
						</TextLine>
						<TextLine ID="line_29" HPOS="103" VPOS="1016" WIDTH="826" HEIGHT="29">
							<String ID="string_268" HPOS="103" VPOS="1016" WIDTH="85" HEIGHT="28" WC="0.96" CONTENT="Nybom"/><SP WIDTH="16" VPOS="1016" HPOS="188"/>
							<String ID="string_269" HPOS="204" VPOS="1023" WIDTH="34" HEIGHT="16" WC="0.95" CONTENT="om"/><SP WIDTH="23" VPOS="1023" HPOS="238"/>
							<String ID="string_270" HPOS="261" VPOS="1019" WIDTH="33" HEIGHT="20" WC="0.96" CONTENT="att"/><SP WIDTH="15" VPOS="1019" HPOS="294"/>
							<String ID="string_271" HPOS="309" VPOS="1017" WIDTH="36" HEIGHT="22" WC="0.96" CONTENT="det"/><SP WIDTH="15" VPOS="1017" HPOS="345"/>
							<String ID="string_272" HPOS="360" VPOS="1017" WIDTH="54" HEIGHT="22" WC="0.96" CONTENT="skall"/><SP WIDTH="16" VPOS="1017" HPOS="414"/>
							<String ID="string_273" HPOS="430" VPOS="1018" WIDTH="50" HEIGHT="26" WC="0.96" CONTENT="ingå"/><SP WIDTH="15" VPOS="1018" HPOS="480"/>
							<String ID="string_274" HPOS="495" VPOS="1018" WIDTH="6" HEIGHT="21" WC="0.93" CONTENT="i"/><SP WIDTH="16" VPOS="1018" HPOS="501"/>
							<String ID="string_275" HPOS="517" VPOS="1018" WIDTH="130" HEIGHT="21" WC="0.92" CONTENT="Ständernes"/><SP WIDTH="18" VPOS="1018" HPOS="647"/>
							<String ID="string_276" HPOS="665" VPOS="1018" WIDTH="144" HEIGHT="27" WC="0.91" CONTENT="underdåniga"/><SP WIDTH="15" VPOS="1018" HPOS="809"/>
							<String ID="string_277" HPOS="824" VPOS="1023" WIDTH="54" HEIGHT="21" WC="0.96" CONTENT="svar,"/><SP WIDTH="16" VPOS="1023" HPOS="878"/>
							<String ID="string_278" HPOS="894" VPOS="1023" WIDTH="35" HEIGHT="16" WC="0.96" CONTENT="om"/>
						</TextLine>
						<TextLine ID="line_30" HPOS="103" VPOS="1045" WIDTH="827" HEIGHT="28">
							<String ID="string_279" HPOS="103" VPOS="1045" WIDTH="22" HEIGHT="22" WC="0.95" CONTENT="vi"/><SP WIDTH="22" VPOS="1045" HPOS="125"/>
							<String ID="string_280" HPOS="147" VPOS="1046" WIDTH="58" HEIGHT="21" WC="0.96" CONTENT="hålla"/><SP WIDTH="22" VPOS="1046" HPOS="205"/>
							<String ID="string_281" HPOS="227" VPOS="1052" WIDTH="35" HEIGHT="15" WC="0.96" CONTENT="oss"/><SP WIDTH="21" VPOS="1052" HPOS="262"/>
							<String ID="string_282" HPOS="283" VPOS="1045" WIDTH="55" HEIGHT="23" WC="0.96" CONTENT="blott"/><SP WIDTH="22" VPOS="1045" HPOS="338"/>
							<String ID="string_283" HPOS="360" VPOS="1047" WIDTH="32" HEIGHT="21" WC="0.93" CONTENT="till"/><SP WIDTH="22" VPOS="1047" HPOS="392"/>
							<String ID="string_284" HPOS="414" VPOS="1047" WIDTH="248" HEIGHT="26" WC="0.92" CONTENT="Bevillningsutskottets"/><SP WIDTH="21" VPOS="1047" HPOS="662"/>
							<String ID="string_285" HPOS="683" VPOS="1046" WIDTH="116" HEIGHT="22" WC="0.95" CONTENT="skrifvelse."/><SP WIDTH="34" VPOS="1046" HPOS="799"/>
							<String ID="string_286" HPOS="833" VPOS="1047" WIDTH="43" HEIGHT="26" WC="0.95" CONTENT="Jag"/><SP WIDTH="14" VPOS="1047" HPOS="876"/>
							<String ID="string_287" HPOS="890" VPOS="1046" WIDTH="40" HEIGHT="21" WC="0.96" CONTENT="har"/>
						</TextLine>
						<TextLine ID="line_31" HPOS="104" VPOS="1074" WIDTH="826" HEIGHT="28">
							<String ID="string_288" HPOS="104" VPOS="1074" WIDTH="57" HEIGHT="22" WC="0.96" CONTENT="blott"/><SP WIDTH="15" VPOS="1074" HPOS="161"/>
							<String ID="string_289" HPOS="176" VPOS="1075" WIDTH="79" HEIGHT="21" WC="0.96" CONTENT="uttalat"/><SP WIDTH="15" VPOS="1075" HPOS="255"/>
							<String ID="string_290" HPOS="270" VPOS="1075" WIDTH="43" HEIGHT="21" WC="0.96" CONTENT="min"/><SP WIDTH="16" VPOS="1075" HPOS="313"/>
							<String ID="string_291" HPOS="329" VPOS="1075" WIDTH="97" HEIGHT="22" WC="0.93" CONTENT="enskilda"/><SP WIDTH="15" VPOS="1075" HPOS="426"/>
							<String ID="string_292" HPOS="441" VPOS="1075" WIDTH="56" HEIGHT="26" WC="0.92" CONTENT="åsigt"/><SP WIDTH="15" VPOS="1075" HPOS="497"/>
							<String ID="string_293" HPOS="512" VPOS="1075" WIDTH="39" HEIGHT="22" WC="0.96" CONTENT="och"/><SP WIDTH="16" VPOS="1075" HPOS="551"/>
							<String ID="string_294" HPOS="567" VPOS="1075" WIDTH="70" HEIGHT="21" WC="0.93" CONTENT="denna"/><SP WIDTH="14" VPOS="1075" HPOS="637"/>
							<String ID="string_295" HPOS="651" VPOS="1075" WIDTH="55" HEIGHT="26" WC="0.92" CONTENT="åsigt"/><SP WIDTH="10" VPOS="1075" HPOS="706"/>
							<String ID="string_296" HPOS="716" VPOS="1075" WIDTH="68" HEIGHT="27" WC="0.93" CONTENT="hyllas"/><SP WIDTH="10" VPOS="1075" HPOS="784"/>
							<String ID="string_297" HPOS="794" VPOS="1075" WIDTH="136" HEIGHT="26" WC="0.91" CONTENT="temmeligen"/>
						</TextLine>
						<TextLine ID="line_32" HPOS="103" VPOS="1103" WIDTH="827" HEIGHT="28">
							<String ID="string_298" HPOS="103" VPOS="1103" WIDTH="91" HEIGHT="22" WC="0.96" CONTENT="allmänt"/><SP WIDTH="15" VPOS="1103" HPOS="194"/>
							<String ID="string_299" HPOS="209" VPOS="1103" WIDTH="57" HEIGHT="22" WC="0.93" CONTENT="inom"/><SP WIDTH="14" VPOS="1103" HPOS="266"/>
							<String ID="string_300" HPOS="280" VPOS="1103" WIDTH="243" HEIGHT="28" WC="0.91" CONTENT="Bevillningsutskottet,"/><SP WIDTH="16" VPOS="1103" HPOS="523"/>
							<String ID="string_301" HPOS="539" VPOS="1110" WIDTH="48" HEIGHT="15" WC="0.96" CONTENT="men"/><SP WIDTH="16" VPOS="1110" HPOS="587"/>
							<String ID="string_302" HPOS="603" VPOS="1104" WIDTH="59" HEIGHT="21" WC="0.96" CONTENT="detta"/><SP WIDTH="21" VPOS="1104" HPOS="662"/>
							<String ID="string_303" HPOS="683" VPOS="1103" WIDTH="89" HEIGHT="22" WC="0.96" CONTENT="Utskott"/><SP WIDTH="14" VPOS="1103" HPOS="772"/>
							<String ID="string_304" HPOS="786" VPOS="1104" WIDTH="73" HEIGHT="27" WC="0.96" CONTENT="ansåg,"/><SP WIDTH="16" VPOS="1104" HPOS="859"/>
							<String ID="string_305" HPOS="875" VPOS="1103" WIDTH="55" HEIGHT="22" WC="0.95" CONTENT="efter"/>
						</TextLine>
						<TextLine ID="line_33" HPOS="105" VPOS="1131" WIDTH="825" HEIGHT="28">
							<String ID="string_306" HPOS="105" VPOS="1131" WIDTH="120" HEIGHT="22" WC="0.96" CONTENT="diskussion"/><SP WIDTH="16" VPOS="1131" HPOS="225"/>
							<String ID="string_307" HPOS="241" VPOS="1132" WIDTH="40" HEIGHT="21" WC="0.96" CONTENT="och"/><SP WIDTH="15" VPOS="1132" HPOS="281"/>
							<String ID="string_308" HPOS="296" VPOS="1133" WIDTH="133" HEIGHT="26" WC="0.96" CONTENT="omröstning"/><SP WIDTH="14" VPOS="1133" HPOS="429"/>
							<String ID="string_309" HPOS="443" VPOS="1133" WIDTH="24" HEIGHT="20" WC="0.96" CONTENT="af"/><SP WIDTH="14" VPOS="1133" HPOS="467"/>
							<String ID="string_310" HPOS="481" VPOS="1132" WIDTH="72" HEIGHT="23" WC="0.96" CONTENT="saken,"/><SP WIDTH="16" VPOS="1132" HPOS="553"/>
							<String ID="string_311" HPOS="569" VPOS="1134" WIDTH="33" HEIGHT="19" WC="0.96" CONTENT="att"/><SP WIDTH="15" VPOS="1134" HPOS="602"/>
							<String ID="string_312" HPOS="617" VPOS="1133" WIDTH="36" HEIGHT="21" WC="0.96" CONTENT="det"/><SP WIDTH="14" VPOS="1133" HPOS="653"/>
							<String ID="string_313" HPOS="667" VPOS="1133" WIDTH="47" HEIGHT="21" WC="0.96" CONTENT="icke"/><SP WIDTH="14" VPOS="1133" HPOS="714"/>
							<String ID="string_314" HPOS="728" VPOS="1139" WIDTH="51" HEIGHT="15" WC="0.96" CONTENT="vore"/><SP WIDTH="12" VPOS="1139" HPOS="779"/>
							<String ID="string_315" HPOS="791" VPOS="1132" WIDTH="97" HEIGHT="27" WC="0.96" CONTENT="lämpligt"/><SP WIDTH="9" VPOS="1132" HPOS="888"/>
							<String ID="string_316" HPOS="897" VPOS="1134" WIDTH="33" HEIGHT="19" WC="0.96" CONTENT="att"/>
						</TextLine>
						<TextLine ID="line_34" HPOS="103" VPOS="1159" WIDTH="827" HEIGHT="29">
							<String ID="string_317" HPOS="103" VPOS="1159" WIDTH="112" HEIGHT="23" WC="0.95" CONTENT="Utskottet"/><SP WIDTH="22" VPOS="1159" HPOS="215"/>
							<String ID="string_318" HPOS="237" VPOS="1161" WIDTH="69" HEIGHT="21" WC="0.93" CONTENT="skulle"/><SP WIDTH="21" VPOS="1161" HPOS="306"/>
							<String ID="string_319" HPOS="327" VPOS="1161" WIDTH="128" HEIGHT="21" WC="0.91" CONTENT="föreskrifva"/><SP WIDTH="15" VPOS="1161" HPOS="455"/>
							<String ID="string_320" HPOS="470" VPOS="1161" WIDTH="247" HEIGHT="27" WC="0.92" CONTENT="Expeditionsutskottet"/><SP WIDTH="14" VPOS="1161" HPOS="717"/>
							<String ID="string_321" HPOS="731" VPOS="1161" WIDTH="55" HEIGHT="21" WC="0.96" CONTENT="hvad"/><SP WIDTH="18" VPOS="1161" HPOS="786"/>
							<String ID="string_322" HPOS="804" VPOS="1161" WIDTH="36" HEIGHT="21" WC="0.96" CONTENT="det"/><SP WIDTH="24" VPOS="1161" HPOS="840"/>
							<String ID="string_323" HPOS="864" VPOS="1161" WIDTH="66" HEIGHT="21" WC="0.96" CONTENT="borde"/>
						</TextLine>
						<TextLine ID="line_35" HPOS="104" VPOS="1189" WIDTH="826" HEIGHT="28">
							<String ID="string_324" HPOS="104" VPOS="1191" WIDTH="53" HEIGHT="24" WC="0.95" CONTENT="göra"/><SP WIDTH="14" VPOS="1191" HPOS="157"/>
							<String ID="string_325" HPOS="171" VPOS="1189" WIDTH="8" HEIGHT="21" WC="0.96" CONTENT="i"/><SP WIDTH="15" VPOS="1189" HPOS="179"/>
							<String ID="string_326" HPOS="194" VPOS="1189" WIDTH="73" HEIGHT="22" WC="0.96" CONTENT="saken."/><SP WIDTH="34" VPOS="1189" HPOS="267"/>
							<String ID="string_327" HPOS="301" VPOS="1190" WIDTH="41" HEIGHT="21" WC="0.96" CONTENT="Det"/><SP WIDTH="22" VPOS="1190" HPOS="342"/>
							<String ID="string_328" HPOS="364" VPOS="1191" WIDTH="25" HEIGHT="20" WC="0.96" CONTENT="är"/><SP WIDTH="23" VPOS="1191" HPOS="389"/>
							<String ID="string_329" HPOS="412" VPOS="1190" WIDTH="43" HEIGHT="21" WC="0.93" CONTENT="min"/><SP WIDTH="21" VPOS="1190" HPOS="455"/>
							<String ID="string_330" HPOS="476" VPOS="1190" WIDTH="147" HEIGHT="27" WC="0.91" CONTENT="öfvertygelse,"/><SP WIDTH="15" VPOS="1190" HPOS="623"/>
							<String ID="string_331" HPOS="638" VPOS="1192" WIDTH="32" HEIGHT="19" WC="0.93" CONTENT="att"/><SP WIDTH="16" VPOS="1192" HPOS="670"/>
							<String ID="string_332" HPOS="686" VPOS="1189" WIDTH="244" HEIGHT="28" WC="0.92" CONTENT="Expeditionsutskottet"/>
						</TextLine>
						<TextLine ID="line_36" HPOS="104" VPOS="1217" WIDTH="826" HEIGHT="28">
							<String ID="string_333" HPOS="104" VPOS="1217" WIDTH="97" HEIGHT="22" WC="0.96" CONTENT="kommer"/><SP WIDTH="21" VPOS="1217" HPOS="201"/>
							<String ID="string_334" HPOS="222" VPOS="1220" WIDTH="33" HEIGHT="19" WC="0.95" CONTENT="att"/><SP WIDTH="21" VPOS="1220" HPOS="255"/>
							<String ID="string_335" HPOS="276" VPOS="1219" WIDTH="93" HEIGHT="21" WC="0.96" CONTENT="relatera"/><SP WIDTH="15" VPOS="1219" HPOS="369"/>
							<String ID="string_336" HPOS="384" VPOS="1218" WIDTH="99" HEIGHT="22" WC="0.96" CONTENT="ärendets"/><SP WIDTH="15" VPOS="1218" HPOS="483"/>
							<String ID="string_337" HPOS="498" VPOS="1219" WIDTH="61" HEIGHT="26" WC="0.96" CONTENT="gång."/><SP WIDTH="31" VPOS="1219" HPOS="559"/>
							<String ID="string_338" HPOS="590" VPOS="1219" WIDTH="42" HEIGHT="20" WC="0.96" CONTENT="Det"/><SP WIDTH="17" VPOS="1219" HPOS="632"/>
							<String ID="string_339" HPOS="649" VPOS="1219" WIDTH="97" HEIGHT="21" WC="0.96" CONTENT="kommer"/><SP WIDTH="14" VPOS="1219" HPOS="746"/>
							<String ID="string_340" HPOS="760" VPOS="1220" WIDTH="32" HEIGHT="20" WC="0.96" CONTENT="att"/><SP WIDTH="14" VPOS="1220" HPOS="792"/>
							<String ID="string_341" HPOS="806" VPOS="1218" WIDTH="39" HEIGHT="21" WC="0.96" CONTENT="ske"/><SP WIDTH="14" VPOS="1218" HPOS="845"/>
							<String ID="string_342" HPOS="859" VPOS="1218" WIDTH="71" HEIGHT="21" WC="0.96" CONTENT="såsom"/>
						</TextLine>
						<TextLine ID="line_37" HPOS="103" VPOS="1246" WIDTH="827" HEIGHT="29">
							<String ID="string_343" HPOS="103" VPOS="1252" WIDTH="27" HEIGHT="15" WC="0.96" CONTENT="en"/><SP WIDTH="23" VPOS="1252" HPOS="130"/>
							<String ID="string_344" HPOS="153" VPOS="1246" WIDTH="101" HEIGHT="22" WC="0.96" CONTENT="historisk"/><SP WIDTH="23" VPOS="1246" HPOS="254"/>
							<String ID="string_345" HPOS="277" VPOS="1247" WIDTH="76" HEIGHT="21" WC="0.96" CONTENT="insatts"/><SP WIDTH="22" VPOS="1247" HPOS="353"/>
							<String ID="string_346" HPOS="375" VPOS="1254" WIDTH="48" HEIGHT="15" WC="0.96" CONTENT="men"/><SP WIDTH="22" VPOS="1254" HPOS="423"/>
							<String ID="string_347" HPOS="445" VPOS="1247" WIDTH="49" HEIGHT="21" WC="0.96" CONTENT="icke"/><SP WIDTH="14" VPOS="1247" HPOS="494"/>
							<String ID="string_348" HPOS="508" VPOS="1247" WIDTH="32" HEIGHT="21" WC="0.96" CONTENT="uti"/><SP WIDTH="15" VPOS="1247" HPOS="540"/>
							<String ID="string_349" HPOS="555" VPOS="1254" WIDTH="26" HEIGHT="14" WC="0.96" CONTENT="en"/><SP WIDTH="20" VPOS="1254" HPOS="581"/>
							<String ID="string_350" HPOS="601" VPOS="1247" WIDTH="63" HEIGHT="22" WC="0.96" CONTENT="kläm."/><SP WIDTH="32" VPOS="1247" HPOS="664"/>
							<String ID="string_351" HPOS="696" VPOS="1247" WIDTH="56" HEIGHT="22" WC="0.95" CONTENT="Herr"/><SP WIDTH="21" VPOS="1247" HPOS="752"/>
							<String ID="string_352" HPOS="773" VPOS="1247" WIDTH="83" HEIGHT="28" WC="0.96" CONTENT="Nybom"/><SP WIDTH="22" VPOS="1247" HPOS="856"/>
							<String ID="string_353" HPOS="878" VPOS="1247" WIDTH="52" HEIGHT="21" WC="0.95" CONTENT="sade"/>
						</TextLine>
						<TextLine ID="line_38" HPOS="104" VPOS="1275" WIDTH="826" HEIGHT="28">
							<String ID="string_354" HPOS="104" VPOS="1277" WIDTH="39" HEIGHT="24" WC="0.96" CONTENT="att,"/><SP WIDTH="15" VPOS="1277" HPOS="143"/>
							<String ID="string_355" HPOS="158" VPOS="1277" WIDTH="39" HEIGHT="19" WC="0.92" CONTENT="när"/><SP WIDTH="14" VPOS="1277" HPOS="197"/>
							<String ID="string_356" HPOS="211" VPOS="1275" WIDTH="238" HEIGHT="27" WC="0.90" CONTENT="Bevillningsutskottet"/><SP WIDTH="15" VPOS="1275" HPOS="449"/>
							<String ID="string_357" HPOS="464" VPOS="1282" WIDTH="26" HEIGHT="15" WC="0.96" CONTENT="en"/><SP WIDTH="15" VPOS="1282" HPOS="490"/>
							<String ID="string_358" HPOS="505" VPOS="1276" WIDTH="56" HEIGHT="27" WC="0.96" CONTENT="gång"/><SP WIDTH="15" VPOS="1276" HPOS="561"/>
							<String ID="string_359" HPOS="576" VPOS="1278" WIDTH="70" HEIGHT="20" WC="0.96" CONTENT="ansett"/><SP WIDTH="15" VPOS="1278" HPOS="646"/>
							<String ID="string_360" HPOS="661" VPOS="1276" WIDTH="89" HEIGHT="22" WC="0.96" CONTENT="ärendet"/><SP WIDTH="14" VPOS="1276" HPOS="750"/>
							<String ID="string_361" HPOS="764" VPOS="1282" WIDTH="51" HEIGHT="16" WC="0.93" CONTENT="vara"/><SP WIDTH="14" VPOS="1282" HPOS="815"/>
							<String ID="string_362" HPOS="829" VPOS="1275" WIDTH="101" HEIGHT="27" WC="0.92" CONTENT="afgjordt,"/>
						</TextLine>
						<TextLine ID="line_39" HPOS="103" VPOS="1303" WIDTH="827" HEIGHT="29">
							<String ID="string_363" HPOS="103" VPOS="1304" WIDTH="25" HEIGHT="21" WC="0.96" CONTENT="så"/><SP WIDTH="23" VPOS="1304" HPOS="128"/>
							<String ID="string_364" HPOS="151" VPOS="1303" WIDTH="54" HEIGHT="22" WC="0.93" CONTENT="hade"/><SP WIDTH="21" VPOS="1303" HPOS="205"/>
							<String ID="string_365" HPOS="226" VPOS="1304" WIDTH="237" HEIGHT="27" WC="0.91" CONTENT="Bevillningsutskottet"/><SP WIDTH="23" VPOS="1304" HPOS="463"/>
							<String ID="string_366" HPOS="486" VPOS="1304" WIDTH="64" HEIGHT="22" WC="0.93" CONTENT="bordt"/><SP WIDTH="22" VPOS="1304" HPOS="550"/>
							<String ID="string_367" HPOS="572" VPOS="1304" WIDTH="116" HEIGHT="22" WC="0.95" CONTENT="inskränka"/><SP WIDTH="20" VPOS="1304" HPOS="688"/>
							<String ID="string_368" HPOS="708" VPOS="1305" WIDTH="32" HEIGHT="27" WC="0.95" CONTENT="sig"/><SP WIDTH="16" VPOS="1305" HPOS="740"/>
							<String ID="string_369" HPOS="756" VPOS="1304" WIDTH="32" HEIGHT="22" WC="0.95" CONTENT="till"/><SP WIDTH="18" VPOS="1304" HPOS="788"/>
							<String ID="string_370" HPOS="806" VPOS="1306" WIDTH="33" HEIGHT="20" WC="0.93" CONTENT="att"/><SP WIDTH="22" VPOS="1306" HPOS="839"/>
							<String ID="string_371" HPOS="861" VPOS="1304" WIDTH="69" HEIGHT="22" WC="0.90" CONTENT="öfver-"/>
						</TextLine>
						<TextLine ID="line_40" HPOS="104" VPOS="1332" WIDTH="827" HEIGHT="28">
							<String ID="string_372" HPOS="104" VPOS="1332" WIDTH="71" HEIGHT="22" WC="0.91" CONTENT="lemna"/><SP WIDTH="16" VPOS="1332" HPOS="175"/>
							<String ID="string_373" HPOS="191" VPOS="1332" WIDTH="153" HEIGHT="28" WC="0.91" CONTENT="handlingarne"/><SP WIDTH="10" VPOS="1332" HPOS="344"/>
							<String ID="string_374" HPOS="354" VPOS="1333" WIDTH="33" HEIGHT="21" WC="0.93" CONTENT="till"/><SP WIDTH="10" VPOS="1333" HPOS="387"/>
							<String ID="string_375" HPOS="397" VPOS="1334" WIDTH="254" HEIGHT="26" WC="0.92" CONTENT="Expeditionsutskottet."/><SP WIDTH="30" VPOS="1334" HPOS="651"/>
							<String ID="string_376" HPOS="681" VPOS="1334" WIDTH="43" HEIGHT="21" WC="0.96" CONTENT="Det"/><SP WIDTH="13" VPOS="1334" HPOS="724"/>
							<String ID="string_377" HPOS="737" VPOS="1335" WIDTH="25" HEIGHT="19" WC="0.97" CONTENT="är"/><SP WIDTH="12" VPOS="1335" HPOS="762"/>
							<String ID="string_378" HPOS="774" VPOS="1334" WIDTH="45" HEIGHT="26" WC="0.96" CONTENT="just"/><SP WIDTH="16" VPOS="1334" HPOS="819"/>
							<String ID="string_379" HPOS="835" VPOS="1332" WIDTH="42" HEIGHT="27" WC="0.17" CONTENT="det,"/><SP WIDTH="7" VPOS="1332" HPOS="877"/>
							<String ID="string_380" HPOS="884" VPOS="1339" WIDTH="47" HEIGHT="15" WC="0.17" CONTENT="som"/>
						</TextLine>
						<TextLine ID="line_41" HPOS="104" VPOS="1361" WIDTH="828" HEIGHT="28">
							<String ID="string_381" HPOS="104" VPOS="1361" WIDTH="237" HEIGHT="27" WC="0.91" CONTENT="Bevillningsutskottet"/><SP WIDTH="8" VPOS="1361" HPOS="341"/>
							<String ID="string_382" HPOS="349" VPOS="1362" WIDTH="39" HEIGHT="21" WC="0.96" CONTENT="har"/><SP WIDTH="8" VPOS="1362" HPOS="388"/>
							<String ID="string_383" HPOS="396" VPOS="1362" WIDTH="56" HEIGHT="27" WC="0.96" CONTENT="gjort"/><SP WIDTH="9" VPOS="1362" HPOS="452"/>
							<String ID="string_384" HPOS="461" VPOS="1362" WIDTH="40" HEIGHT="21" WC="0.96" CONTENT="och"/><SP WIDTH="10" VPOS="1362" HPOS="501"/>
							<String ID="string_385" HPOS="511" VPOS="1362" WIDTH="59" HEIGHT="21" WC="0.96" CONTENT="detta"/><SP WIDTH="8" VPOS="1362" HPOS="570"/>
							<String ID="string_386" HPOS="578" VPOS="1362" WIDTH="54" HEIGHT="21" WC="0.96" CONTENT="hade"/><SP WIDTH="9" VPOS="1362" HPOS="632"/>
							<String ID="string_387" HPOS="641" VPOS="1362" WIDTH="61" HEIGHT="22" WC="0.96" CONTENT="äfven"/><SP WIDTH="9" VPOS="1362" HPOS="702"/>
							<String ID="string_388" HPOS="711" VPOS="1362" WIDTH="55" HEIGHT="21" WC="0.96" CONTENT="Herr"/><SP WIDTH="8" VPOS="1362" HPOS="766"/>
							<String ID="string_389" HPOS="774" VPOS="1362" WIDTH="83" HEIGHT="27" WC="0.93" CONTENT="Nybom"/><SP WIDTH="11" VPOS="1362" HPOS="857"/>
							<String ID="string_390" HPOS="868" VPOS="1362" WIDTH="64" HEIGHT="21" WC="0.92" CONTENT="bordt"/>
						</TextLine>
						<TextLine ID="line_42" HPOS="105" VPOS="1389" WIDTH="825" HEIGHT="29">
							<String ID="string_391" HPOS="105" VPOS="1389" WIDTH="64" HEIGHT="27" WC="0.95" CONTENT="finna,"/><SP WIDTH="23" VPOS="1389" HPOS="169"/>
							<String ID="string_392" HPOS="192" VPOS="1396" WIDTH="34" HEIGHT="15" WC="0.96" CONTENT="om"/><SP WIDTH="23" VPOS="1396" HPOS="226"/>
							<String ID="string_393" HPOS="249" VPOS="1390" WIDTH="41" HEIGHT="22" WC="0.94" CONTENT="han"/><SP WIDTH="17" VPOS="1390" HPOS="290"/>
							<String ID="string_394" HPOS="307" VPOS="1390" WIDTH="41" HEIGHT="22" WC="0.96" CONTENT="läst"/><SP WIDTH="16" VPOS="1390" HPOS="348"/>
							<String ID="string_395" HPOS="364" VPOS="1391" WIDTH="70" HEIGHT="21" WC="0.96" CONTENT="bättre"/><SP WIDTH="16" VPOS="1391" HPOS="434"/>
							<String ID="string_396" HPOS="450" VPOS="1391" WIDTH="85" HEIGHT="27" WC="0.93" CONTENT="igenom"/><SP WIDTH="16" VPOS="1391" HPOS="535"/>
							<String ID="string_397" HPOS="551" VPOS="1390" WIDTH="247" HEIGHT="28" WC="0.91" CONTENT="Bevillningsutskottets"/><SP WIDTH="16" VPOS="1390" HPOS="798"/>
							<String ID="string_398" HPOS="814" VPOS="1390" WIDTH="116" HEIGHT="22" WC="0.96" CONTENT="skrifvelse."/>
						</TextLine>
						<TextLine ID="line_43" HPOS="105" VPOS="1418" WIDTH="827" HEIGHT="28">
							<String ID="string_399" HPOS="105" VPOS="1418" WIDTH="45" HEIGHT="21" WC="0.95" CONTENT="När"/><SP WIDTH="15" VPOS="1418" HPOS="150"/>
							<String ID="string_400" HPOS="165" VPOS="1418" WIDTH="40" HEIGHT="22" WC="0.95" CONTENT="här"/><SP WIDTH="14" VPOS="1418" HPOS="205"/>
							<String ID="string_401" HPOS="219" VPOS="1418" WIDTH="71" HEIGHT="23" WC="0.96" CONTENT="blifvit"/><SP WIDTH="15" VPOS="1418" HPOS="290"/>
							<String ID="string_402" HPOS="305" VPOS="1418" WIDTH="61" HEIGHT="28" WC="0.96" CONTENT="fråga"/><SP WIDTH="16" VPOS="1418" HPOS="366"/>
							<String ID="string_403" HPOS="382" VPOS="1425" WIDTH="34" HEIGHT="15" WC="0.96" CONTENT="om"/><SP WIDTH="16" VPOS="1425" HPOS="416"/>
							<String ID="string_404" HPOS="432" VPOS="1422" WIDTH="33" HEIGHT="18" WC="0.93" CONTENT="att"/><SP WIDTH="16" VPOS="1422" HPOS="465"/>
							<String ID="string_405" HPOS="481" VPOS="1420" WIDTH="94" HEIGHT="21" WC="0.92" CONTENT="Stånden"/><SP WIDTH="16" VPOS="1420" HPOS="575"/>
							<String ID="string_406" HPOS="591" VPOS="1419" WIDTH="68" HEIGHT="22" WC="0.96" CONTENT="skulle"/><SP WIDTH="15" VPOS="1419" HPOS="659"/>
							<String ID="string_407" HPOS="674" VPOS="1419" WIDTH="64" HEIGHT="22" WC="0.96" CONTENT="fattat"/><SP WIDTH="16" VPOS="1419" HPOS="738"/>
							<String ID="string_408" HPOS="754" VPOS="1420" WIDTH="56" HEIGHT="21" WC="0.96" CONTENT="olika"/><SP WIDTH="11" VPOS="1420" HPOS="810"/>
							<String ID="string_409" HPOS="821" VPOS="1419" WIDTH="75" HEIGHT="24" WC="0.96" CONTENT="beslut,"/><SP WIDTH="11" VPOS="1419" HPOS="896"/>
							<String ID="string_410" HPOS="907" VPOS="1418" WIDTH="25" HEIGHT="22" WC="0.96" CONTENT="så"/>
						</TextLine>
						<TextLine ID="line_44" HPOS="105" VPOS="1446" WIDTH="826" HEIGHT="29">
							<String ID="string_411" HPOS="105" VPOS="1446" WIDTH="39" HEIGHT="22" WC="0.96" CONTENT="ber"/><SP WIDTH="20" VPOS="1446" HPOS="144"/>
							<String ID="string_412" HPOS="164" VPOS="1447" WIDTH="38" HEIGHT="27" WC="0.96" CONTENT="jag"/><SP WIDTH="22" VPOS="1447" HPOS="202"/>
							<String ID="string_413" HPOS="224" VPOS="1449" WIDTH="32" HEIGHT="20" WC="0.96" CONTENT="att"/><SP WIDTH="22" VPOS="1449" HPOS="256"/>
							<String ID="string_414" HPOS="278" VPOS="1448" WIDTH="22" HEIGHT="21" WC="0.96" CONTENT="få"/><SP WIDTH="22" VPOS="1448" HPOS="300"/>
							<String ID="string_415" HPOS="322" VPOS="1448" WIDTH="90" HEIGHT="27" WC="0.96" CONTENT="upplysa"/><SP WIDTH="23" VPOS="1448" HPOS="412"/>
							<String ID="string_416" HPOS="435" VPOS="1450" WIDTH="33" HEIGHT="19" WC="0.96" CONTENT="att"/><SP WIDTH="15" VPOS="1450" HPOS="468"/>
							<String ID="string_417" HPOS="483" VPOS="1450" WIDTH="39" HEIGHT="19" WC="0.96" CONTENT="när"/><SP WIDTH="16" VPOS="1450" HPOS="522"/>
							<String ID="string_418" HPOS="538" VPOS="1448" WIDTH="69" HEIGHT="21" WC="0.93" CONTENT="denna"/><SP WIDTH="20" VPOS="1448" HPOS="607"/>
							<String ID="string_419" HPOS="627" VPOS="1448" WIDTH="124" HEIGHT="26" WC="0.90" CONTENT="inbjudning"/><SP WIDTH="15" VPOS="1448" HPOS="751"/>
							<String ID="string_420" HPOS="766" VPOS="1448" WIDTH="56" HEIGHT="26" WC="0.96" CONTENT="kom,"/><SP WIDTH="16" VPOS="1448" HPOS="822"/>
							<String ID="string_421" HPOS="838" VPOS="1448" WIDTH="22" HEIGHT="21" WC="0.96" CONTENT="så"/><SP WIDTH="17" VPOS="1448" HPOS="860"/>
							<String ID="string_422" HPOS="877" VPOS="1447" WIDTH="54" HEIGHT="22" WC="0.96" CONTENT="hade"/>
						</TextLine>
						<TextLine ID="line_45" HPOS="105" VPOS="1476" WIDTH="827" HEIGHT="28">
							<String ID="string_423" HPOS="105" VPOS="1476" WIDTH="59" HEIGHT="20" WC="0.93" CONTENT="såväl"/><SP WIDTH="22" VPOS="1476" HPOS="164"/>
							<String ID="string_424" HPOS="186" VPOS="1476" WIDTH="162" HEIGHT="22" WC="0.91" CONTENT="Presteståndet"/><SP WIDTH="20" VPOS="1476" HPOS="348"/>
							<String ID="string_425" HPOS="368" VPOS="1482" WIDTH="46" HEIGHT="16" WC="0.93" CONTENT="som"/><SP WIDTH="23" VPOS="1482" HPOS="414"/>
							<String ID="string_426" HPOS="437" VPOS="1476" WIDTH="162" HEIGHT="22" WC="0.92" CONTENT="Bondeståndet"/><SP WIDTH="22" VPOS="1476" HPOS="599"/>
							<String ID="string_427" HPOS="621" VPOS="1476" WIDTH="109" HEIGHT="28" WC="0.93" CONTENT="godkändt"/><SP WIDTH="27" VPOS="1476" HPOS="730"/>
							<String ID="string_428" HPOS="757" VPOS="1476" WIDTH="175" HEIGHT="22" WC="0.87" CONTENT="Statsutskottets"/>
						</TextLine>
						<TextLine ID="line_46" HPOS="105" VPOS="1504" WIDTH="827" HEIGHT="28">
							<String ID="string_429" HPOS="105" VPOS="1504" WIDTH="135" HEIGHT="22" WC="0.96" CONTENT="betänkande"/><SP WIDTH="15" VPOS="1504" HPOS="240"/>
							<String ID="string_430" HPOS="255" VPOS="1505" WIDTH="41" HEIGHT="22" WC="0.82" CONTENT="N:o"/><SP WIDTH="10" VPOS="1505" HPOS="296"/>
							<String ID="string_431" HPOS="306" VPOS="1506" WIDTH="32" HEIGHT="20" WC="0.89" CONTENT="12."/><SP WIDTH="16" VPOS="1506" HPOS="338"/>
							<String ID="string_432" HPOS="354" VPOS="1505" WIDTH="66" HEIGHT="22" WC="0.96" CONTENT="Detta"/><SP WIDTH="8" VPOS="1505" HPOS="420"/>
							<String ID="string_433" HPOS="428" VPOS="1504" WIDTH="137" HEIGHT="23" WC="0.96" CONTENT="betänkande"/><SP WIDTH="10" VPOS="1504" HPOS="565"/>
							<String ID="string_434" HPOS="575" VPOS="1505" WIDTH="55" HEIGHT="22" WC="0.93" CONTENT="hade"/><SP WIDTH="10" VPOS="1505" HPOS="630"/>
							<String ID="string_435" HPOS="640" VPOS="1506" WIDTH="95" HEIGHT="21" WC="0.91" CONTENT="deremot"/><SP WIDTH="13" VPOS="1506" HPOS="735"/>
							<String ID="string_436" HPOS="748" VPOS="1505" WIDTH="6" HEIGHT="21" WC="0.96" CONTENT="i"/><SP WIDTH="13" VPOS="1505" HPOS="754"/>
							<String ID="string_437" HPOS="767" VPOS="1506" WIDTH="62" HEIGHT="21" WC="0.96" CONTENT="dessa"/><SP WIDTH="11" VPOS="1506" HPOS="829"/>
							<String ID="string_438" HPOS="840" VPOS="1504" WIDTH="92" HEIGHT="28" WC="0.96" CONTENT="punkter"/>
						</TextLine>
					</TextBlock>
				</ComposedBlock>
				<ComposedBlock ID="cblock_4" HPOS="830" VPOS="1545" WIDTH="33" HEIGHT="18">
					<TextBlock ID="block_3" HPOS="830" VPOS="1545" WIDTH="33" HEIGHT="18">
						<TextLine ID="line_47" HPOS="830" VPOS="1545" WIDTH="33" HEIGHT="18">
							<String ID="string_439" HPOS="830" VPOS="1545" WIDTH="33" HEIGHT="18" WC="0.96" CONTENT="184"/>
						</TextLine>
					</TextBlock>
				</ComposedBlock>
			</PrintSpace>
		</Page>
	</Layout>
</alto>
