1078 1781
318 110 181 22 Borgareståndet
511 112 56 16 1878.
592 112 12 16 5
616 111 94 17 Januari.
872 107 56 21 2725

169 179 55 22 Herr
239 179 146 22 Molander:
410 180 44 21 För
469 180 44 21 min
529 180 33 21 del
579 180 39 22 har
626 180 38 27 jag
674 180 88 22 alldeles
772 186 82 17 samma
866 181 62 27 åsigt,

101 214 45 16 som
167 208 56 21 Herr
242 208 89 22 Kurtén.
361 209 57 21 Herr
433 208 108 28 Procopés
556 209 56 27 åsigt
628 208 199 23 öfverensstämmer
841 209 65 22 också
921 210 8 21 i

101 237 38 22 sak
149 237 95 25 dermed;
256 237 27 21 då
293 237 182 27 Borgareståndet
484 237 7 22 i
504 237 68 22 likhet
581 237 49 22 med
642 237 157 28 Ridderskapet
809 237 40 22 och
860 237 69 22 Adeln

101 265 86 22 beslutit
209 267 33 20 att
264 265 75 28 frågan
362 265 47 22 icke
431 265 32 22 får
485 266 91 26 förfalla,
591 266 99 27 qvarstår
706 266 60 22 detta
781 266 70 22 beslut
866 267 7 21 i
888 266 39 22 fall

100 294 170 22 Bondeståndets
285 293 126 28 inbjudning
425 294 48 22 icke
487 295 44 21 kan
546 295 65 21 vinna
625 295 115 27 pluralitet.

169 357 56 21 Herr
245 357 129 27 Procopé:
405 357 34 22 Då
457 358 26 21 de
499 363 108 22 personer,
624 364 44 15 som
684 359 68 26 yttrat
767 358 32 26 sig
813 358 63 21 hafva
891 364 37 15 an-

100 386 42 21 sett
162 387 33 20 att
216 385 42 22 alla
280 385 62 22 dessa
360 386 152 27 inbjudningar
527 386 54 22 böra
595 386 118 22 behandlas
728 386 32 22 uti
776 388 31 20 ett
823 393 105 15 samman-

100 413 63 28 hang,
178 415 24 21 så
222 414 37 21 vill
279 415 37 26 jag
338 415 34 21 för
394 415 43 21 min
453 415 34 22 del
503 415 47 22 icke
565 415 67 22 heller
646 417 58 20 sätta
719 415 43 27 mig
778 415 95 22 deremot
888 415 40 22 och

100 442 73 23 kunna
187 443 20 21 vi
222 443 83 22 således
319 449 66 22 gerna
401 443 111 22 diskutera
527 443 50 22 hela
591 443 82 28 frågan.

169 507 55 22 Herr
242 507 136 22 Lindelöf:
409 507 43 22 För
471 507 44 22 min
531 507 34 22 del
581 513 62 16 anser
656 507 38 28 jag
709 509 32 20 att
756 507 172 22 Presteståndets

101 535 60 22 äfven
182 542 46 15 som
250 535 158 28 Ridderskapet
428 536 40 22 och
492 536 81 21 Adelns
591 536 133 27 inbjudning,
740 536 33 21 för
787 536 24 21 så
826 536 46 21 vidt
887 535 41 22 den

100 564 71 21 kunde
189 571 61 15 anses
265 565 91 21 omfatta
371 565 81 26 frågan,
468 565 7 21 i
490 565 50 22 hela
555 565 32 21 sin
603 565 50 21 vidd
668 565 47 21 icke
730 565 42 21 kan
788 565 23 21 af
823 565 105 27 Borgare-

101 593 84 21 ståndet
207 593 89 22 bifallas.
327 593 33 22 Då
382 593 183 27 Borgareståndet
588 593 105 22 förklarat
714 593 33 28 sig
768 600 51 15 vara
842 593 22 22 af
886 593 41 22 den

100 621 56 27 åsigt
170 624 33 19 att
216 621 74 28 sjelfva
306 622 157 27 hufvudfrågan
478 623 66 20 redan
560 624 25 19 är
600 622 90 27 afgjord,
706 622 25 21 så
746 622 42 21 kan
798 622 37 27 jag
846 622 18 27 ej
875 628 52 15 anse

99 650 98 27 lämpligt
218 653 33 19 att
272 650 182 28 Borgareståndet
476 651 86 21 förenar
580 651 33 27 sig
628 657 34 15 om
679 652 31 20 ett
725 651 71 21 beslut
810 653 33 19 att
858 651 69 21 denna

100 679 140 27 hufvudfråga
262 679 36 22 det
314 679 91 22 oaktadt
420 679 142 28 tilläfventyrs
577 679 68 22 skulle
660 679 86 22 komma
761 679 67 22 under
842 678 84 28 ytterli-

99 713 52 21 gare
172 708 99 27 pröfning
293 707 23 22 af
336 708 105 21 förstärkt
463 708 98 22 Utskott.
591 708 42 21 Det
655 708 71 21 kunde
748 708 28 21 då
788 708 46 27 just
848 707 78 26 hända,

100 742 46 16 som
169 743 49 15 man
233 736 47 22 icke
296 737 83 25 önskar,
394 737 107 27 nämligen
517 739 33 20 att
564 736 156 28 hufvudfrågan
735 737 8 21 i
758 737 37 21 det
810 736 116 22 förstärkta

101 765 111 22 Utskottet
233 765 84 22 komme
340 767 32 20 att
395 765 58 22 falla.
482 766 41 25 Jag
545 765 85 22 förenar
652 766 43 26 mig
716 765 72 22 derför
806 765 49 22 med
870 765 57 22 Herr

100 793 124 28 Tengström
248 794 69 21 deruti
340 797 33 18 att
395 794 157 27 hufvudfrägan
567 796 25 19 är
606 794 84 27 afgjord
706 794 40 21 och
761 797 33 18 att
809 794 35 21 det
859 793 67 22 hellre

100 829 51 15 vore
165 823 46 21 skäl
226 825 33 19 att
270 823 27 21 de
312 822 69 27 öfriga
396 823 95 22 Stånden
507 823 98 27 inbjudas
621 826 33 18 att
668 822 74 22 förena
754 823 31 26 sig
801 829 34 15 om
846 829 80 15 samma

99 851 122 27 förklaring.
256 851 74 22 Skulle
354 858 26 15 en
402 851 67 22 sådan
495 851 127 28 inbjudning
643 852 63 21 vinna
729 851 59 22 bifall
811 851 24 22 så
857 851 69 22 blefve

101 879 59 22 deraf
181 880 135 27 naturligtvis
338 887 25 14 en
386 880 59 27 följd,
469 883 33 19 att
525 881 70 21 denna
613 881 34 21 del
663 880 23 21 af
700 879 74 27 frågan
790 880 47 22 icke
852 880 74 21 vidare

99 908 69 22 skulle
190 909 72 21 kunna
283 909 87 21 komma
391 909 32 21 till
439 909 104 22 förstärkt
558 909 96 22 Utskott.
684 909 62 21 Hvad
762 909 45 21 åter
823 909 36 21 det
873 909 53 21 sista

99 939 116 20 momentet
237 937 107 28 beträffar,
365 938 24 21 så
404 938 63 21 hafva
483 937 52 22 flere
550 937 68 22 talare
633 938 66 21 redan
714 939 68 26 yttrat
797 937 32 27 sig
845 937 81 22 derhän

99 968 34 19 att
153 965 171 22 Bondeståndets
346 966 127 27 inbjudning
488 967 7 21 i
511 967 68 21 denna
601 966 34 21 del
650 966 70 21 kunde
736 967 21 20 af
771 965 90 23 Ståndet
874 966 52 27 god-

100 994 87 21 kännas.
218 995 41 26 Jag
281 995 33 21 för
336 995 42 21 min
402 995 33 22 del
457 995 40 22 har
517 995 18 27 ej
556 995 67 21 heller
638 995 66 27 något
718 997 58 19 emot
790 997 33 18 att
837 995 24 21 så
876 995 50 21 sker

101 1023 39 21 och
162 1023 36 22 vill
220 1023 84 22 således
326 1023 74 22 förena
421 1023 43 27 mig
480 1024 7 21 i
503 1024 71 21 denna
591 1023 63 28 äsigt.
683 1023 41 27 Jag
738 1023 90 22 föreslår
843 1023 82 22 således

99 1052 131 27 antagandet
246 1052 21 21 af
281 1052 172 22 Bondeståndets
469 1052 126 27 inbjudning
611 1052 73 21 derom
700 1054 31 19 att
746 1051 179 28 Borgareståndet

100 1080 85 27 frångår
208 1081 38 22 sitt
268 1081 70 22 beslut
360 1081 110 26 angående
485 1081 54 22 sista
553 1083 124 23 momentet,
693 1087 48 15 men
756 1081 106 26 afstyrker
878 1081 46 21 der-

99 1111 58 19 emot
182 1109 26 22 de
226 1109 68 27 öfriga
310 1109 105 22 Ståndens
430 1109 128 28 inbjudning
573 1109 69 22 såvidt
657 1109 27 22 de
699 1109 77 22 beröra
790 1109 72 27 sjelfva
878 1109 47 22 huf-

99 1137 124 28 vudfrågan,
246 1138 85 22 hvilken
351 1139 39 26 jag
412 1138 66 22 redan
500 1145 63 15 anser
585 1145 52 14 vara
660 1138 82 27 afgjord
763 1137 39 23 och
818 1137 18 27 ej
853 1138 71 21 vidare

99 1166 72 21 kunna
185 1167 85 21 komma
285 1167 68 22 under
367 1167 116 27 afgörande
498 1167 23 22 af
534 1167 105 22 förstärkt
653 1167 95 21 Utskott.

167 1229 70 22 Sedan
253 1230 147 22 diskussionen
416 1230 68 28 härpå
499 1230 116 22 förklarats
625 1229 92 23 afslutad
728 1229 131 23 framställde
868 1229 56 22 Herr

99 1258 155 22 Talmannen
270 1258 92 28 följande

166 1322 182 27 Proposition:
380 1322 38 25 De,
433 1328 47 16 som
496 1322 51 28 vilja
562 1324 79 24 antaga
656 1322 170 21 Bondeståndets
841 1321 83 27 inbjud-

97 1350 57 27 ning,
176 1356 62 16 svara
258 1352 37 26 ja;
318 1352 75 20 vinner
416 1351 45 27 nej,
485 1351 97 22 kommer
604 1352 33 20 att
652 1352 105 20 omröstas
772 1350 104 22 huruvida
890 1350 34 22 till

97 1379 211 27 kontraproposition
324 1380 55 21 skall
395 1380 120 27 uppställas
530 1379 125 27 afböjandet
670 1379 22 22 af
706 1379 150 27 inbjudningen
871 1378 53 22 eller

97 1408 57 21 Herr
168 1408 136 27 Tengströms
320 1408 52 22 eller
387 1408 56 22 Herr
459 1408 95 22 Kurténs
569 1408 86 28 förslag.

165 1471 75 22 Denna
261 1471 23 22 af
305 1472 56 21 Herr
378 1471 157 22 Talmannen
551 1471 132 22 framställda
697 1471 131 33 proposition
846 1470 44 22 blef
903 1470 23 22 af

96 1499 91 23 Ståndet
201 1500 36 21 vid
252 1500 92 22 anställd
359 1500 98 27 votering
471 1500 106 22 besvarad
591 1500 50 22 med
656 1500 27 21 23
696 1500 28 27 ja
738 1500 40 22 och
794 1500 26 21 12
835 1499 49 27 nej.
