1078 1781
187 106 56 21 2282
383 110 179 23 Borgareståndet
576 113 53 17 1877.
654 113 23 17 12
689 113 119 17 December.

256 180 144 23 Fortfarande
420 187 107 22 upprepar
549 188 56 20 man,
621 182 53 21 att
670 176 15 37 i
693 182 69 21 denna
784 181 35 28 lag
841 181 92 28 lottning
947 181 66 27 ingår.

187 210 49 21 Men
260 209 43 22 alla
324 209 68 26 desse,
415 216 44 15 som
477 210 78 21 uttalat
570 210 76 22 sådant
662 210 63 22 hafva
741 210 7 21 i
763 210 74 27 sjelfva
853 211 73 20 verket
940 210 74 27 sjelfve

187 238 105 22 förfäktat
307 241 32 18 ett
355 239 189 27 lottningssystem.
575 239 30 27 Ty
621 239 41 22 den
678 239 155 27 värnepligtiga
847 239 98 27 ungdom,
960 238 52 22 hvil-

187 267 41 21 ken
243 267 67 27 enligt
334 267 62 22 deras
421 267 79 27 förslag
517 267 81 28 årligen
614 267 68 22 skulle
698 267 69 22 kallas
782 267 32 22 till
829 273 25 16 en
870 267 49 22 kort
935 267 78 27 öfning,

187 295 63 22 äfven
275 297 41 20 den
339 302 51 15 vore
408 297 145 20 underkastad
569 297 97 26 lottning,
683 296 27 21 då
725 296 37 21 det
776 296 69 27 gällde
860 299 32 18 att
907 296 50 27 fylla
973 296 40 21 den

187 324 45 21 lilla
254 330 80 19 reserv,
357 331 46 14 som
427 325 134 21 erfordrades
588 325 33 21 för
643 325 25 21 de
692 325 122 27 obetydliga
835 327 177 25 stamtrupperna.

187 353 121 25 Dessutom,
325 353 6 21 i
347 352 38 22 fall
407 354 59 21 detta
487 355 78 25 system
589 353 67 22 skulle
676 353 53 25 afse,
752 356 33 19 att
805 353 41 22 alle
861 353 151 28 värnepligtige

185 384 77 25 genast
276 381 69 22 skulle
362 382 58 21 bilda
435 381 138 27 fullständiga
589 382 120 27 bataljoner
724 382 40 21 och
776 382 88 21 sålunda
880 381 132 28 rycka
943 377 10 36 i
961 381 51 28 fält,

186 417 51 14 vore
252 410 60 21 detta
328 411 118 20 detsamma
462 417 44 15 som
523 413 32 19 att
571 411 73 21 skicka
659 411 41 21 den
716 411 129 26 ojemförligt
857 413 79 19 största
952 410 60 22 delen

186 439 23 21 af
223 439 51 21 våra
297 441 89 25 trupper
408 439 109 22 halföfvad
533 439 32 21 till
581 440 87 21 striden.
697 439 45 26 Mig
758 440 72 26 tyckes
845 439 59 22 detta
920 445 50 16 vara
986 445 25 15 en

185 467 155 27 betänklighet,
356 474 45 15 som
417 468 46 21 icke
480 468 55 21 blott
553 468 39 21 hos
615 468 73 27 hvarje
712 468 135 21 fosterlands-
876 470 51 19 utan
950 468 60 21 äfven

185 496 153 21 menniskovän
362 496 66 21 borde
450 497 77 26 uppstå
543 499 57 19 emot
616 499 108 25 systemet.
755 497 25 20 Vi
796 496 68 21 skulle
879 497 66 21 sända
961 496 50 21 våra

186 525 51 21 barn
261 524 32 21 till
316 525 146 26 slagtbänken.
493 525 56 21 Herr
572 525 71 28 Bergh
666 525 39 22 har
720 525 99 27 slutligen
836 528 57 18 emot
908 526 103 21 utskotts-

185 553 145 22 betänkandet
352 554 58 26 gjort
432 561 25 14 en
481 554 135 27 invändning,
637 560 46 15 som
696 554 38 27 jag
753 554 64 21 minst
832 553 46 22 från
894 555 58 20 detta
968 553 43 22 håll

185 582 68 21 skulle
276 581 66 22 hafva
365 584 74 19 väntat
453 583 49 26 mig,
518 583 111 26 nemligen,
645 586 33 18 att
693 589 48 14 man
758 589 75 20 genom
849 583 114 21 tillåtelsen
979 583 33 21 för

185 610 99 27 frivillige
300 613 32 19 att
348 612 85 20 anmäla
448 611 31 26 sig
494 611 81 22 lemnat
589 611 94 22 tillfället
698 613 32 20 att
741 611 90 27 kringgå
839 611 34 26 lag
882 613 64 25 öppet
956 614 55 19 samt

184 639 7 21 i
207 639 76 27 sjelfva
305 639 74 22 verket
402 642 111 25 upprättat
536 643 31 18 ett
586 640 190 27 värfningssystem
792 641 55 20 inom
864 640 72 27 hvarje
952 640 59 21 kom-

185 674 56 15 mun.
273 668 41 21 Det
330 667 115 22 förundrar
461 669 42 27 mig
519 672 31 18 att
567 669 69 21 denna
650 669 130 25 invändning
790 671 61 24 göres
859 669 23 20 af
889 675 25 14 en
927 675 83 20 person,

185 702 45 15 som
246 697 108 21 försvarar
368 697 215 27 värfningssystemet.
615 698 111 21 Huruvida
742 704 25 14 en
783 697 65 21 sådan
867 697 143 26 missuppfatt-

185 725 49 27 ning
256 725 25 21 af
301 725 150 28 förordningen
475 726 41 21 kan
539 727 84 26 uppstå,
647 726 73 21 derom
744 727 61 20 torde
829 726 105 26 åsigterna
961 732 50 15 vara

185 754 85 25 delade;
287 754 5 20 i
309 754 113 27 praktiken
439 755 64 21 borde
520 755 36 21 det
571 755 85 21 komma
671 757 33 19 att
719 756 58 19 stöta
784 755 28 26 på
819 755 104 20 oerhörda
932 755 78 26 svårig-

184 783 66 21 heter.
282 783 30 26 Ty
328 783 37 20 der
388 785 37 19 äro
440 783 47 21 icke
507 784 25 21 de
547 784 144 23 kommunala,
707 786 51 18 utan
776 783 116 21 individens
907 783 103 21 intressen

184 811 26 21 de
226 811 126 21 herskande.
384 811 42 22 Det
441 819 50 14 vore
507 812 38 21 ock
561 812 58 21 svårt
635 814 33 19 att
683 812 66 21 tänka
764 813 33 25 sig
812 818 25 15 en
853 812 23 21 så
892 814 44 19 stor
952 811 58 27 enig-

184 839 36 22 het
236 840 90 21 emellan
343 841 139 21 kommunens
495 841 144 26 medlemmar,
655 843 32 19 att
703 841 32 25 de,
752 847 45 14 som
813 840 45 21 icke
873 840 63 21 hafva
947 840 64 27 något

183 871 33 18 att
238 868 73 21 frukta
334 869 22 20 af
378 869 151 27 värnepligten,
552 869 69 22 skulle
643 869 97 27 uppoffra
763 869 33 26 sig
817 869 32 21 för
869 869 53 21 dem,
939 869 72 20 hvilka

184 897 98 26 möjligen
305 897 55 21 hade
376 900 32 19 att
430 898 73 21 frukta
518 898 77 21 derför.
626 898 49 21 Men
691 899 62 20 äfven
770 904 33 15 om
820 898 58 21 detta
893 904 51 15 vore
960 897 50 22 hän-

184 926 78 25 delsen,
286 926 23 21 så
330 928 24 19 är
370 927 36 20 det
422 933 25 14 en
463 927 44 26 sak,
523 933 46 15 som
586 927 46 21 icke
648 927 42 20 kan
706 927 88 20 hindras
809 926 39 21 och
864 927 6 20 i
887 926 71 27 hvarje
974 926 36 21 fall

184 954 40 21 blir
240 957 31 18 ett
287 955 107 26 undantag
409 955 46 22 från
471 956 77 26 regeln.

254 1012 54 21 Herr
332 1011 32 22 W.
380 1013 108 26 Nystén:
518 1013 41 27 Jag
582 1013 38 21 har
642 1013 76 26 begärt
742 1013 61 21 ordet
825 1013 33 20 för
877 1015 33 18 att
925 1012 86 21 bemöta

184 1040 66 27 några
265 1040 139 27 påståenden,
421 1042 46 21 dem
484 1041 56 22 Herr
554 1041 77 27 Bergh,
647 1041 94 25 Edvard,
758 1042 6 21 i
782 1041 37 22 sitt
834 1043 83 19 senaste
932 1041 78 21 andra-

183 1069 69 26 gande
276 1069 38 21 har
338 1069 120 22 framställt.
488 1070 56 21 Herr
559 1070 70 27 Bergh
645 1071 39 20 har
699 1070 105 21 förklarat
819 1071 32 25 sig
866 1076 51 15 vara
932 1069 78 22 anhän-

183 1103 50 21 gare
256 1097 22 22 af
299 1098 180 27 värnepligtsidén
501 1099 40 21 och
563 1099 68 27 hyllat
655 1099 40 21 den
717 1099 57 26 åsigt
789 1101 32 19 att
836 1099 105 21 individen
958 1098 52 21 eller

183 1125 161 28 medborgaren,
367 1127 61 21 äfven
451 1134 34 15 om
508 1128 77 21 sådant
607 1128 69 21 skulle
698 1128 48 21 leda
770 1127 32 21 till
824 1127 53 21 hans
894 1127 115 24 förintelse,

183 1155 52 26 egde
258 1155 64 21 ställa
344 1156 31 25 sig
391 1157 31 20 till
439 1157 37 20 det
491 1157 118 20 allmännas
625 1157 71 26 tjenst,
712 1157 28 20 då
755 1158 81 19 statens
851 1156 92 21 existens
958 1155 52 22 eller

183 1183 33 21 väl
232 1184 36 21 det
285 1184 105 21 fordrade.
421 1185 48 20 Men
485 1185 56 21 Herr
555 1185 70 27 Bergh
642 1185 38 21 har
696 1185 70 22 tillika
782 1184 109 26 förklarat,
908 1187 32 18 att
954 1184 56 21 med-

182 1211 105 27 borgaren
304 1213 72 20 derför
398 1213 47 22 icke
464 1215 23 19 är
503 1214 83 27 skyldig
602 1216 32 19 att
649 1214 133 21 underkasta
798 1214 31 25 sig
845 1213 164 27 vapenöfningar

183 1240 39 22 och
244 1241 110 22 kasernlif.
385 1242 33 21 Då
439 1243 118 21 emellertid
580 1243 82 27 engång
677 1242 109 22 individen
802 1248 62 15 anses
880 1241 82 28 skyldig
978 1244 30 19 att

183 1269 95 22 försvara
300 1271 38 20 sitt
361 1270 57 26 land,
433 1271 22 21 så
471 1273 24 19 är
511 1272 36 20 det
562 1272 65 26 enligt
643 1272 42 20 min
700 1271 66 22 tanke
782 1271 39 21 ock
837 1271 53 21 hans
905 1270 104 22 obestrid-

181 1297 43 27 liga
246 1299 104 27 rättighet
373 1302 33 18 att
428 1299 65 22 blifva
516 1300 61 21 öfvad
593 1301 6 20 i
615 1300 60 22 detta
698 1300 90 25 försvar,
811 1300 27 26 på
854 1300 36 20 det
906 1300 41 20 han
962 1299 46 21 icke

182 1326 66 22 måtte
272 1328 93 26 onyttigt
388 1328 40 21 och
451 1328 152 22 ändamålslöst
626 1328 116 28 uppoffras,
764 1331 50 18 utan
837 1327 172 22 fäderneslandet

182 1354 64 22 hafva
270 1356 36 21 det
328 1358 79 20 största
430 1357 87 27 möjliga
539 1364 54 20 gagn
617 1358 66 20 deraf.
714 1357 84 21 Landet
818 1357 37 21 bör
870 1356 82 22 således
968 1358 41 19 för-

182 1384 67 21 skaffa
265 1385 69 21 denna
350 1384 72 28 öfning
437 1386 23 20 åt
475 1386 154 27 medborgaren
648 1386 39 21 och
704 1386 69 21 denne
788 1386 47 21 åter
850 1387 24 19 är
890 1385 119 27 berättigad

181 1415 33 19 att
228 1412 74 22 fordra
317 1413 83 22 sådant.

251 1441 42 22 Det
309 1448 49 15 vore
374 1445 32 19 ett
421 1442 84 22 barbari
521 1446 32 18 att
568 1443 45 21 låta
629 1443 40 21 den
685 1444 5 20 i
707 1449 70 21 vapen
787 1443 46 21 icke
844 1442 98 22 inöfvade
950 1443 58 21 med-

181 1470 104 26 borgaren
309 1471 61 21 träda
386 1471 6 21 i
408 1472 117 21 militärens
548 1472 63 21 leder.
643 1472 31 21 En
698 1472 68 21 sådan
787 1472 58 21 armé
859 1477 37 15 var
912 1472 36 20 det
963 1478 45 15 som

181 1498 118 22 Frankrike
322 1499 54 22 efter
399 1499 57 22 Metz
479 1500 38 21 och
541 1500 80 22 S6dans
644 1500 38 22 fall
704 1500 129 27 uppställde.
865 1500 82 21 Oöfvad
963 1506 45 16 som
