1078 1781
162 104 58 22 2586
354 110 180 22 Borgareståndet
546 112 55 17 1877.
624 112 24 17 21
660 111 119 18 December.

163 178 125 23 Utskottets
302 178 135 23 betänkande
452 181 81 20 ansetts
549 181 77 26 utgöra
641 179 117 28 pluralitet,
781 186 48 15 men
840 182 44 20 mot
894 182 32 20 ett
940 179 51 22 slikt

162 207 122 22 förfarande
300 209 70 20 måste
382 208 37 27 jag
433 208 106 27 nedlägga
555 215 26 15 en
597 209 96 21 bestämd
708 211 90 25 protest.

233 265 57 21 Herr
305 265 131 21 Höckert:
467 265 74 22 Såsom
558 265 23 22 af
594 266 57 21 Herr
670 265 96 28 Procopé
780 266 54 21 först
849 266 86 21 nämdes
950 265 40 22 och

163 293 123 22 sedermera
300 293 24 21 af
338 294 56 21 Herr
409 293 124 27 Tengström
549 295 126 27 ytterligare
686 295 99 26 belystes,
794 301 62 20 synes
871 295 61 21 äfven
948 294 43 28 mig

163 322 114 27 uttrycken
292 322 40 21 och
348 323 111 26 meningen
475 323 6 20 i
497 323 124 22 Utskottets
635 323 294 28 sammanjemkningsförslag
944 323 46 21 icke

163 351 137 26 sammanstå,
316 353 22 25 ty
354 351 55 21 hade
425 351 110 27 meningen
552 352 61 25 varit,
629 352 69 21 såsom
718 352 38 27 jag
771 352 64 21 också
850 351 32 22 för
898 352 42 21 min
955 351 35 22 del

164 381 55 20 mest
239 385 51 16 vore
313 379 50 28 böjd
384 382 33 19 att
438 382 85 25 antaga,
542 383 33 18 att
590 381 88 26 inbjuda
694 381 158 26 Ridderskapet
866 380 40 22 och
921 380 68 21 Adeln

163 410 57 19 samt
235 408 163 22 Presteståndet
412 411 33 19 att
461 408 75 22 förena
552 409 32 27 sig
599 415 34 15 om
648 409 106 27 Borgare-
762 409 40 22 och
814 409 175 22 Bondeståndens

164 436 77 25 beslut,
264 437 24 21 så
310 437 56 22 hade
392 437 34 21 väl
447 437 319 27 sammanjemkningsförslaget
784 437 141 27 uttryckligen
941 437 49 22 bort

164 465 110 22 innehålla
296 465 66 22 detta.
393 466 33 21 Nu
447 467 48 20 åter
509 466 124 22 hemställer
648 466 113 22 Utskottet
776 469 32 18 att
823 466 167 27 Ridderskapets

164 493 41 22 och
227 494 81 21 Adelns
330 497 56 19 samt
409 495 172 21 Presteståndets
596 495 47 21 från
658 495 121 21 hvarandra
794 495 112 21 afvikande
921 495 69 21 beslut

165 523 65 21 borde
246 522 91 22 förfalla.
368 523 72 27 Enligt
455 523 43 21 min
514 524 65 21 tanke
595 523 66 22 borde
684 530 26 15 en
725 524 67 21 sådan
807 523 132 25 hemställan,
954 523 36 22 vid

163 557 28 15 en
206 551 66 21 sådan
295 552 95 27 tydning,
412 558 45 15 som
480 552 180 21 Bankutskottets
680 552 129 21 ordförande
824 552 39 21 här
878 552 7 21 i
901 552 89 21 Ståndet

165 580 87 26 lemnat,
275 581 55 20 varit
350 581 78 26 onödig
449 581 39 21 och
505 581 55 21 hade
576 581 111 21 Utskottet
702 581 64 21 bordt
781 581 115 21 inskränka
910 581 32 26 sig
957 581 33 21 till

163 614 27 15 en
206 609 98 21 anmälan
321 611 38 23 att,
384 609 28 21 då
427 610 36 21 två
477 609 68 22 Stånd
567 611 86 20 stannat
668 613 44 18 mot
728 610 42 25 två,
787 610 35 21 det
837 615 63 16 anser
914 609 76 22 försla-

163 639 38 24 get
215 643 51 16 vara
281 637 103 27 förfallet;
399 638 62 27 någon
477 638 91 21 särskild
585 638 133 28 hemställan,
733 641 33 18 att
774 638 166 27 Ridderskapets
950 638 39 21 och

163 665 80 22 Adelns
258 669 56 19 samt
328 667 172 21 Presteståndets
515 667 47 21 från
578 667 120 21 hvarandra
712 667 114 21 afvikande
839 667 69 21 beslut
922 666 68 22 skulle

164 694 93 27 förfalla,
280 695 55 21 hade
358 695 28 21 då
400 695 46 22 icke
461 695 91 22 behöfts.
583 695 65 22 Detta
666 697 25 20 är
705 696 33 21 för
753 695 44 26 mig
811 695 124 22 förvillande
950 695 39 22 och

163 722 72 22 derför
250 729 63 16 anser
326 723 37 27 jag
378 724 76 21 liksom
471 724 56 21 Herr
541 724 97 27 Procopé
653 731 26 14 en
694 724 122 22 återremiss
831 724 65 26 nödig
910 723 33 22 för
958 725 32 20 att

162 751 24 22 få
199 753 49 20 veta
263 752 55 21 hvad
333 752 112 22 Utskottet
459 753 120 27 egentligen
594 753 86 27 åsyftat.

233 809 56 21 Herr
304 809 129 27 Procopé:
464 809 37 22 Uti
523 809 43 25 fall,
589 810 38 21 der
650 809 36 22 två
708 809 68 22 Stånd
796 811 77 20 stanna
886 811 46 20 mot
946 809 43 26 två,

163 837 97 22 förfaller
274 837 80 28 frågan,
370 844 48 15 men
433 838 40 21 här
487 839 62 26 säger
564 838 113 21 Utskottet
692 841 33 18 att
740 839 36 20 två
791 838 67 21 Stånd
873 838 63 21 hafva
948 838 42 21 för-

163 869 51 18 enat
228 866 32 27 sig
276 867 47 21 med
338 866 111 22 Utskottet
464 867 40 21 och
520 867 124 21 hemställer
659 867 106 21 huruvida
777 866 46 22 icke
833 867 157 26 Ridderskapet

163 895 41 21 och
225 895 81 21 Adelns
330 897 56 20 samt
407 895 172 22 Presteståndets
595 895 46 22 från
656 895 122 22 hvarandra
793 895 112 22 afvikande
920 895 70 22 beslut

163 923 67 22 borde
245 924 91 21 förfalla.
365 925 43 26 Jag
422 923 39 22 har
476 924 46 21 icke
537 924 82 21 kunnat
634 925 98 26 uppfatta
747 926 33 19 att
790 924 37 21 det
836 924 55 21 varit
902 923 88 22 Utskot-

163 954 44 19 tets
221 952 65 27 afsigt
300 955 33 19 att
347 952 75 27 sjelfva
436 953 66 21 saken
517 953 67 21 borde
600 953 87 21 dermed
702 953 90 26 förfalla,
800 954 51 20 utan
866 954 33 20 att
914 953 26 20 de
954 953 36 21 två

163 980 107 23 Ståndens
286 981 69 22 beslut
370 981 61 22 skola
444 980 85 23 förfalla
545 981 39 22 och
600 982 37 21 det
659 981 103 22 förblifva
784 981 35 22 vid
835 981 26 22 de
875 981 37 22 två
922 981 68 28 öfriga

162 1009 108 22 Ståndens
294 1010 76 21 beslut.
401 1010 30 21 På
456 1010 41 21 den
522 1011 69 26 grund
614 1010 39 21 och
675 1010 28 27 på
724 1010 69 27 grund
815 1010 23 21 af
859 1010 55 21 hvad
934 1009 56 22 Herr

163 1038 96 21 Höckert
280 1039 115 21 framställt
416 1039 93 27 påyrkar
522 1039 37 27 jag
575 1040 32 20 att
627 1039 36 22 det
678 1039 129 21 åtminstone
822 1039 66 21 måtte
904 1039 85 26 uttalas,

163 1067 57 21 hvad
235 1066 122 23 Utskottets
372 1067 86 28 mening
473 1067 62 22 varit.
565 1067 10 22 1
590 1067 80 27 frågor,
686 1067 38 22 der
735 1067 37 22 två
782 1067 67 22 Stånd
860 1066 64 23 fattat
934 1073 56 16 sam-

162 1096 114 27 stämmiga
291 1096 71 21 beslut
376 1096 40 21 och
431 1097 36 20 två
482 1096 68 22 Stånd
565 1096 129 27 skiljaktiga,
707 1102 63 16 anser
782 1096 38 27 jag
835 1098 32 19 att
879 1095 112 22 Utskottet

163 1124 41 21 bör
218 1125 89 27 inbjuda
322 1125 27 21 de
363 1125 37 21 två
422 1131 75 15 senare
512 1127 32 19 att
559 1125 91 22 omfatta
665 1125 37 21 det
716 1125 78 24 beslut,
809 1125 89 21 hvarom
913 1124 26 22 de
954 1125 36 21 två

161 1153 61 22 förra
236 1153 34 28 sig
284 1154 90 21 förenat.

232 1211 58 21 Herr
304 1210 114 28 Nybom:
448 1211 43 21 Det
512 1210 61 22 heter
596 1213 33 19 att
650 1213 39 19 när
711 1211 37 21 två
769 1211 67 22 Stånd
855 1213 76 19 stanna
946 1212 45 20 mot

163 1239 38 22 två
215 1239 24 22 så
254 1239 76 22 förblir
344 1239 38 22 det
396 1239 35 22 vid
447 1239 36 22 det
498 1240 71 26 gamla
583 1239 40 23 och
639 1239 37 22 det
690 1241 25 20 är
730 1239 28 28 på
773 1239 70 22 denna
862 1239 67 28 grund
944 1245 46 16 som

163 1268 114 22 Utskottet
299 1270 71 20 ansett
390 1270 33 20 att
443 1268 62 22 äfven
526 1268 69 22 denna
617 1268 61 27 fråga
701 1268 67 22 borde
790 1268 99 22 förblifva
904 1268 35 21 vid
954 1268 37 22 det

162 1297 78 26 gamla,
264 1297 47 21 icke
333 1296 72 22 derför
427 1299 32 19 att
476 1296 35 22 två
525 1297 80 21 Stånds
626 1297 70 21 beslut
711 1299 38 20 äro
765 1297 159 27 samstämmiga
939 1298 52 20 utan

163 1324 72 22 derför
250 1328 33 19 att
297 1326 27 21 de
345 1326 156 27 samstämmigt
515 1326 95 21 beslutat
624 1328 33 19 att
672 1326 66 21 saken
759 1326 67 21 borde
841 1326 100 21 förblifva
956 1325 34 21 vid

163 1354 38 21 det
215 1354 76 26 gamla.
321 1354 79 22 Härtill
415 1354 96 22 kommer
525 1356 34 20 att
573 1354 27 22 de
616 1354 75 27 Stånd,
708 1360 46 16 som
770 1354 95 22 beslutat
880 1360 25 16 en
921 1354 70 21 förän-

162 1382 71 28 dring,
255 1383 57 21 varit
332 1383 57 21 olika
404 1382 6 22 i
427 1384 46 20 sina
495 1383 76 24 beslut,
593 1383 82 21 hvilket
696 1383 63 27 gifvit
780 1384 24 20 så
824 1383 83 27 mycket
922 1384 69 20 större

162 1410 49 22 skäl
226 1410 34 22 för
275 1411 111 22 Utskottet
400 1416 34 18 att
447 1412 80 21 föreslå
541 1415 34 18 att
589 1412 66 21 saken
670 1412 68 21 måtte
754 1411 22 22 få
790 1411 102 23 förblifva
906 1411 35 22 vid
954 1411 37 22 det

163 1440 78 26 gamla.
272 1440 57 22 Herr
343 1440 96 22 Höckert
453 1440 40 21 har
509 1442 70 20 ansett
594 1440 37 22 det
646 1440 112 28 olämpligt
772 1442 32 20 att
822 1440 169 22 Bankutskottet

163 1468 30 26 på
207 1468 66 22 sådan
296 1469 68 27 grund
386 1469 69 21 skulle
470 1468 114 23 hemställa
601 1469 32 21 till
648 1469 97 22 Stånden
760 1471 33 19 att
807 1469 66 22 saken
888 1469 68 21 måtte
969 1468 23 22 få

164 1496 102 23 förblifva
280 1498 36 21 vid
332 1497 36 22 det
382 1498 76 27 gamla,
474 1504 48 16 men
537 1498 35 21 för
589 1498 42 21 min
648 1498 34 21 del
697 1498 43 21 kan
754 1498 37 27 jag
801 1498 46 22 icke
859 1497 57 22 finna
926 1500 66 19 annat
