1078 1781
326 132 179 22 Borgareståndet
517 133 57 17 1878.
599 133 25 17 10
636 132 94 18 Januari.
873 128 54 21 2821

99 202 36 22 vid
156 201 170 23 Bondeständets
348 201 125 27 inbjudning
496 201 61 22 äfven
573 202 7 21 i
597 202 59 21 detta
671 201 38 22 fall
724 202 37 21 det
776 201 70 22 beslut
860 203 72 21 skulle

99 231 110 24 vidhällas,
224 236 45 16 som
285 230 89 21 Ständet
389 230 66 21 redan
471 230 57 22 förut
543 231 72 21 fattat.

170 288 55 21 Herr
247 287 142 27 Procop6:
420 287 142 22 Alldenstund
583 287 319 27 sammanjemkningsförslaget
922 289 8 20 i

100 317 71 21 denna
193 316 34 21 del
242 316 6 21 i
264 316 36 21 det
322 318 108 19 närmaste
452 316 201 21 öfverensstämmer
672 317 49 20 med
737 316 195 27 Borgareständets

100 345 60 21 förra
184 345 68 21 beslut
276 344 38 22 och
328 345 38 26 jag
381 345 60 21 äfven
458 345 33 21 för
507 345 43 21 min
567 345 32 21 del
617 351 62 15 anser
694 345 37 21 det
746 351 50 15 vara
811 345 71 21 bättre
897 347 34 19 att

100 374 37 21 det
152 373 142 26 föreskrifves,
311 376 32 19 att
358 373 150 27 församlingen
525 374 39 21 bör
579 374 97 27 uppbära
690 373 173 27 Presterskapets
878 373 50 22 aflö-

100 402 50 27 ning
170 402 39 21 och
230 404 109 25 presterne
362 401 74 28 sjelfva
459 402 80 21 befrias
563 403 91 20 derifrän
671 402 33 21 för
720 402 40 21 den
776 402 54 22 skull
846 402 40 21 och
902 403 28 20 då

97 431 37 26 jag
149 430 32 21 för
197 431 42 20 min
255 431 33 20 del
304 437 62 14 anser
382 433 32 19 att
429 431 64 21 sedan
510 431 161 21 Presteständet
686 431 97 21 uteslutit
801 431 41 21 den
855 431 6 21 i
871 431 58 21 förra

101 459 143 22 betänkandet
268 459 98 27 bifogade
389 459 136 22 föreskriften
549 460 73 21 derom
637 461 39 24 att,
691 465 34 16 om
742 459 124 27 löntagaren
882 460 52 27 sjelf

101 487 68 22 skulle
192 488 96 27 uppböra
310 488 32 21 sin
365 487 99 28 aflöning,
488 489 59 21 detta
566 488 54 21 skall
637 489 37 20 ske
690 489 67 26 enligt
772 495 26 14 en
813 489 23 21 af
850 489 80 20 honom

101 517 107 27 uppgjord
230 517 70 26 längd,
322 523 45 15 som
383 517 66 21 borde
466 517 62 21 hafva
544 517 115 27 undergätt
674 517 136 28 granskning,
827 517 36 22 det
878 523 54 15 vore

101 545 72 22 bättre
195 551 34 16 om
250 545 124 27 uppbörden
390 545 68 22 skulle
475 546 37 21 ske
528 546 54 21 efter
598 552 25 15 en
640 546 70 26 längd,
726 552 46 15 som
788 548 105 25 uppgöres
908 546 27 21 af

102 575 41 20 den
159 575 78 20 nämnd
254 580 44 15 som
314 574 216 27 församlingsboarne
545 575 33 20 för
594 575 59 20 detta
668 574 99 21 ändamål
780 574 63 22 hafva
853 575 77 21 tillsatt

102 603 39 21 och
157 603 19 27 ej
192 603 54 21 efter
261 603 69 26 nägon
346 603 109 26 annan,sä
469 603 38 22 ber
515 603 37 27 jag
562 605 33 19 att
606 603 21 21 fä
637 603 86 21 förorda
734 603 164 26 godkännandet
908 603 24 21 af

103 632 59 21 detta
177 631 300 28 sammanjemkningsförslag.

171 689 56 22 Herr
242 689 159 22 Cronvall:
430 689 42 26 Jag
487 689 69 22 skulle
571 689 32 21 för
620 690 42 20 min
678 689 34 21 del
729 689 87 21 förorda
826 691 104 24 antagan-

102 718 36 21 det
153 717 23 22 af
189 718 169 21 Bondeständets
373 718 131 26 inbjudning.
535 718 32 21 De
583 718 86 21 talande
685 717 52 27 skäl,
750 723 46 16 som
807 717 124 26 deputatio-

102 753 41 14 nen
165 746 40 21 här
226 747 123 25 framhällit,
369 746 43 21 tala
435 748 85 26 mycket
544 746 33 21 för
599 747 48 21 dess
670 747 126 26 antagande.
827 746 102 21 Försam-

101 775 71 26 lingen
195 775 41 21 kan
259 775 60 22 äfven
342 775 68 26 hafva,
434 776 70 21 säsom
528 775 27 22 dä
570 775 104 27 yttrades,
690 775 84 27 mycket
790 775 76 21 besvär
880 775 50 21 med

103 804 68 21 denna
195 804 96 27 uppbörd
314 804 39 21 och
377 804 85 27 mycket
485 804 146 21 trakasserier.
662 803 32 22 Dä
717 804 40 21 den
780 803 54 22 skall
850 803 32 22 till
897 804 34 21 sin

102 834 74 25 pastor
196 833 98 21 redovisa
310 833 33 20 för
358 833 131 26 uppbörden,
506 833 41 21 kan
564 833 40 21 den
621 833 45 20 dels
681 839 76 20 genom
774 831 87 27 felaktig
876 834 53 19 mät-

102 862 51 26 ning
172 861 44 22 dels
239 861 34 21 för
294 868 76 15 varans
390 861 89 27 brokiga
494 862 89 27 gvalitet
599 861 21 22 fä
635 861 117 21 vidkännas
766 861 95 21 klander.
892 861 39 21 Sä-

103 896 44 15 som
169 890 169 21 Bondeständets
359 890 124 27 deputation
508 891 38 20 här
568 889 105 26 framhöll,
690 889 80 22 händer
786 889 35 22 det
837 891 37 24 att,
891 891 41 20 när

102 919 107 26 allmogen
231 921 24 18 är
277 920 31 20 uti
328 921 31 19 ett
374 919 72 26 fattigt
463 919 102 24 tiliständ,
582 919 40 21 den
638 918 32 21 fär
685 918 47 21 föra
747 918 52 21 fram
815 918 41 21 den
871 924 59 20 vara,

103 953 44 15 som
165 947 41 21 den
221 947 40 22 fätt
277 947 46 22 frän
339 948 31 21 sin
386 948 103 26 egendom
506 947 39 22 och
557 950 92 25 presten,
660 953 46 15 som
719 946 38 22 bör
768 953 49 14 vara
828 953 26 14 en
865 947 64 20 krist-

102 975 29 28 lig
147 976 116 26 menniska,
280 977 40 20 kan
338 976 46 21 icke
399 976 72 21 fordra
485 979 71 18 annat.
572 977 41 26 Jag
624 982 63 15 anser
698 975 72 21 derför
780 977 32 19 att
823 975 36 21 det
869 977 23 19 är
903 981 27 16 en

103 1007 45 18 stor
176 1005 81 21 lättnad
284 1005 32 21 för
343 1004 152 27 församlingen
521 1007 32 19 att
579 1005 69 26 slippa
674 1004 98 21 besväret
796 1010 75 21 genom
896 1006 35 19 att

101 1035 86 24 pastorn
203 1033 49 27 sjelf
266 1033 125 22 verkställer
412 1034 32 21 sin
461 1033 97 27 uppbörd
575 1034 39 21 och
626 1033 70 21 derför
707 1028 49 37 anser
775 1033 35 26 jag
824 1032 60 22 äfven
896 1035 33 18 att

101 1061 90 22 Ständet
207 1062 39 21 bör
260 1065 77 24 antaga
354 1062 171 21 Bondeständets
541 1062 132 27 inbjudning,
690 1064 21 24 ty
728 1061 48 22 med
792 1061 40 21 den
848 1061 83 22 formu-

101 1091 67 26 lering
183 1091 126 26 paragrafen
324 1097 29 15 nu
369 1091 39 20 har
424 1091 75 21 vinner
514 1097 49 15 man
579 1091 46 21 icke
641 1089 128 28 syftemälet.

169 1147 56 22 Herr
248 1148 148 21 Jansson:
427 1148 42 26 Jag
492 1147 37 22 ber
547 1150 33 19 att
595 1147 21 22 fä
632 1147 112 22 framhälla
759 1149 33 20 att
806 1147 49 21 hela
870 1147 61 21 detta

101 1176 295 27 sammanjemkningsförslag
420 1177 39 20 har
481 1177 72 26 utgätt
576 1177 46 20 frän
639 1177 81 20 önskan
735 1178 32 19 att
782 1175 148 22 ästadkomma

101 1211 25 15 en
149 1205 211 27 ständerförfattning
376 1206 6 20 i
398 1205 69 21 denna
483 1206 24 20 sä
521 1205 80 26 vigtiga
617 1205 65 26 fräga.
713 1205 29 21 Sä
757 1207 25 18 är
796 1204 65 21 ocksä
870 1203 60 22 fallet

100 1233 133 23 beträffande
248 1234 13 27 $
279 1236 31 19 14.
341 1234 43 22 För
398 1234 43 21 min
458 1233 34 22 del
507 1235 24 20 är
545 1235 37 26 jag
597 1234 50 27 böjd
662 1233 33 22 för
710 1235 33 20 att
758 1235 77 25 antaga
845 1232 85 22 Bonde-

101 1262 96 22 ständets
219 1263 132 27 inbjudning,
375 1266 22 24 ty
419 1263 48 21 med
490 1262 137 27 paragrafens
650 1262 122 22 nuvarande
792 1261 138 27 formulering

100 1292 74 21 vinnes
197 1292 46 21 icke
266 1292 128 26 syftemälet.
424 1292 45 20 Der
491 1292 82 20 lemnas
589 1291 105 26 nämligen
710 1291 22 21 ät
747 1291 123 25 löntagaren
886 1292 44 19 rätt

99 1322 33 19 att
147 1320 48 26 sjelf
209 1320 115 22 verkställa
340 1320 31 21 sin
387 1320 105 26 uppbörd,
509 1327 33 14 om
559 1320 42 22 han
617 1320 76 21 sädant
704 1320 129 26 föredrager.
862 1318 68 22 Detta

99 1349 118 26 stadgande
232 1349 54 21 skall
302 1351 50 19 utan
368 1349 73 21 tvifvel
457 1349 111 21 föranleda
580 1348 70 22 dertill
661 1351 33 19 att
705 1348 85 26 enhvar,
805 1353 46 15 som
862 1347 68 21 finner

100 1377 32 27 sig
155 1377 104 21 besvärad
275 1377 22 21 af
310 1378 124 26 uppbörden
451 1378 39 21 och
505 1378 18 26 ej
536 1378 37 20 vill
583 1379 53 25 göra
646 1377 69 27 nägon
728 1377 53 21 affär
793 1376 24 21 af
825 1376 41 21 den
878 1376 19 21 d.
909 1378 19 18 ä.

100 1406 73 26 hvarje
196 1406 78 21 redbar
296 1408 108 25 prestman
430 1406 56 21 skall
509 1406 54 22 afstä
579 1406 47 21 från
642 1406 132 25 densamma;
798 1410 48 16 men
861 1404 69 21 finnes

100 1434 36 22 det
159 1434 99 28 möjligen
277 1436 69 26 nägon
364 1435 63 21 bland
442 1437 117 25 presterne,
574 1441 46 15 som
636 1434 36 21 vill
687 1434 60 22 deraf
760 1436 52 25 göra
827 1439 26 15 en
868 1432 60 26 affär,

99 1464 24 20 sä
135 1462 55 22 skall
201 1463 42 21 han
256 1464 44 21 läta
311 1464 123 27 uppbörden
445 1464 88 26 gvarstä
543 1464 34 20 vid
590 1464 36 20 det
636 1463 78 27 gamla.
739 1462 93 22 Sälunda
844 1462 85 20 komma

99 1491 27 21 de
141 1491 137 27 olägenheter
294 1494 32 19 att
342 1492 91 27 gvarstä,
450 1498 47 15 som
513 1498 48 15 man
574 1498 76 20 genom
662 1492 40 20 den
713 1490 149 28 ursprungliga
872 1490 58 21 stad-

99 1526 41 20 gan
163 1520 32 21 uti
218 1521 160 27 propositionen
394 1520 39 22 och
450 1520 147 22 betänkandet
618 1520 57 21 velat
690 1519 100 27 aflägsna.
821 1519 38 21 Ett
873 1518 56 26 skäl,
