1078 1781
152 93 56 21 2650
358 98 179 22 Borgareständet
551 99 54 17 1877.
629 98 27 18 28
666 98 120 18 December.

151 166 46 28 mig
211 166 75 28 gjorde
306 167 46 27 just
364 167 37 27 jag
424 167 40 22 den
487 167 142 27 anmärkning
650 168 33 21 att
702 173 49 16 man
766 166 19 27 ej
801 166 66 22 borde
883 167 7 21 i
904 166 74 27 förväg

151 195 120 22 bestämma
294 195 154 27 bevillningens
471 195 61 26 form,
555 196 64 21 innan
641 195 104 28 förslaget
760 195 32 22 till
807 195 88 28 stadgar
910 195 68 22 blifvit

151 224 23 21 af
189 224 91 22 Ståndet
294 224 124 27 granskadt.
447 225 43 26 Jag
505 231 62 15 anser
583 224 72 22 derför
671 227 32 19 att
718 224 176 22 Statsutskottets
904 224 74 22 betän-

151 253 71 21 kande
247 253 32 21 uti
300 253 147 27 ifrågakomna
471 253 34 22 del
517 253 69 22 borde
601 254 107 26 företagas
724 252 133 23 omedelbart
871 253 55 21 efter
940 253 37 20 be-

151 281 129 27 handlingen
303 281 22 22 af
346 281 248 28 Bevillningsutskottets
617 282 140 21 betänkande.
787 281 34 21 Då
840 282 38 27 jag
896 281 82 27 engång

151 309 77 28 begärt
243 310 69 27 ordet,
328 311 24 21 så
368 310 37 21 ber
417 311 38 26 jag
470 312 33 19 att
517 311 21 20 få
553 312 58 19 rätta
625 311 67 26 några
707 309 89 29 tryckfel
811 310 6 21 i
833 311 59 20 detta
904 309 74 22 betän-

150 339 77 21 kande.
258 339 44 21 Sid.
318 339 76 26 2,4:de
402 339 65 22 raden
479 339 98 22 nedifrån
585 339 46 22 står
640 339 109 26 ,millon*,
760 339 39 20 bör
808 345 51 15 vara
869 334 15 36 ,,
884 338 92 28 miljon”;

151 367 40 22 sid.
207 368 33 25 21,
266 369 43 20 5:te
331 368 66 21 raden
420 367 96 22 nedifrån
537 369 54 20 står:
608 368 156 27 ,verkställig*,
780 367 39 22 bör
834 373 52 16 vara
901 367 76 25 ,verk-

151 396 159 27 ställigheten*;
326 397 38 20 sid.
380 397 33 26 25,
429 398 10 25 $
455 397 34 26 36,
506 397 38 20 rad
562 399 9 18 1
588 397 45 21 står
645 392 18 36 ,,
659 396 142 26 behandlad",
812 396 39 21 bör
860 402 52 15 vara
925 396 51 26 ,,be-

152 425 110 21 handlad*.

220 482 56 21 Herr
291 482 116 27 Nybom:
437 483 41 26 Jag
500 489 63 14 anser
584 484 33 19 att
639 483 62 20 dessa
724 482 36 21 tvä
785 481 73 28 frägor
873 482 53 21 böra
941 481 36 22 be-

150 510 92 21 handlas
257 511 147 26 tillsammans,
420 517 47 15 men
483 511 88 21 föreslår
587 513 32 19 att
635 511 69 21 denna
715 511 128 26 behandling
854 510 123 27 uppskjutes

151 539 33 21 till
200 539 48 21 dess
264 539 253 28 Värnepligtsutskottets
532 539 135 22 betänkande
682 539 71 22 blifvit
768 539 98 27 afgjordt,
883 539 27 21 dä
929 545 48 15 man

151 568 33 21 får
199 570 49 19 veta
262 567 56 22 huru
333 571 45 18 stor
394 568 114 27 bevilining
523 568 109 27 verkligen
648 568 96 21 kommer
759 570 33 19 att
807 568 112 21 erfordras.

218 625 57 21 Herr
291 625 148 27 Procop&:
470 625 41 27 Jag
533 626 86 21 förenar
641 625 43 27 mig
706 625 48 22 med
777 625 55 21 Herr
847 625 83 27 Nybom
946 625 31 21 uti

150 654 106 25 förslaget
271 656 33 19 att
320 654 70 21 lemna
405 655 68 20 denna
488 654 61 26 fräga
571 654 107 21 beroende
693 654 32 21 till
742 654 48 21 dess
805 653 90 22 Ständet
910 653 67 22 slutli-

150 689 41 20 gen
207 683 78 27 afgjort
301 683 75 27 frägan
392 689 34 15 om
442 683 145 21 kostnaderna
601 683 33 21 för
649 683 152 26 värnepligten.

220 740 57 21 Herr
292 740 138 27 Ignatius:
461 740 39 21 Om
523 739 112 27 meningen
659 740 47 21 med
730 739 37 22 det
782 739 21 22 af
823 739 55 22 Herr
893 739 83 27 Nybom

150 768 122 27 föreslagna
287 769 127 26 uppskofvet
429 770 24 19 är
468 771 32 19 att
512 767 79 22 bereda
607 768 119 22 Ständerna
738 767 112 28 möjlighet
860 770 32 19 att
900 774 76 20 genom

151 803 26 15 en
193 797 56 21 ökad
266 797 209 26 inkomstbevillning
489 799 81 20 ersätta
585 797 41 21 den
641 803 89 21 summa,
746 803 46 15 som
801 803 76 20 genom
888 797 89 21 vakans-

150 825 125 27 afgifternas
297 825 87 28 möjliga
406 825 117 28 aflyftande
546 826 85 21 komme
646 828 33 19 att
694 826 27 27 gä
736 825 99 25 förlorad,
852 825 24 22 sä
891 825 37 22 ber
940 825 37 27 jag

150 856 34 19 att
198 854 22 21 fä
242 854 70 21 uttala
334 854 41 22 den
391 854 138 27 öfvertygelse
548 857 33 18 att
595 855 123 20 ändamälet
732 853 115 28 ingalunda
862 854 73 21 vinnes
949 855 28 26 pä

150 883 61 21 detta
226 885 50 19 sätt.
306 883 43 21 Det
364 885 24 19 är
404 883 16 28 ej
437 883 82 28 möjligt
534 885 33 19 att
583 883 42 21 öka
639 882 236 28 inkomstbevillningen
891 883 6 20 i
910 882 67 22 sädan

150 911 136 27 progression
307 913 33 20 att
362 918 49 15 man
426 912 71 21 kunde
512 912 21 21 fä
548 911 50 28 ihop
615 912 23 21 sä
653 914 59 19 stora
727 917 101 19 summor,
843 914 52 19 utan
910 911 67 22 mäste

149 946 51 15 man
214 941 7 20 i
236 940 78 21 sädant
328 940 37 21 fall
381 947 50 14 vara
446 940 89 21 betänkt
550 940 28 27 pä
593 941 67 20 andra
675 942 97 25 utvägar.
801 939 42 27 Jag
854 945 62 16 anser
929 940 48 21 der-

149 969 47 21 före
210 969 47 21 skäl
273 969 18 27 ej
307 969 113 21 förefinnas
435 971 32 19 att
481 969 116 27 uppskjuta
609 969 155 26 behandlingen
780 968 24 21 af
817 969 59 21 detta
891 969 85 20 ärende.

149 997 42 27 Jag
207 1000 46 19 tror
269 997 36 22 det
320 997 18 27 ej
355 997 34 22 vid
405 998 68 21 denna
487 997 103 27 landtdag
608 997 42 22 kan
666 998 65 21 blifva
752 997 61 27 fräga
828 1003 34 15 om
877 999 33 20 att
924 997 53 22 söka

149 1032 77 20 genom
248 1026 231 27 inkomstbevillning
474 1021 14 37 i
502 1026 69 27 nägon
587 1027 157 26 väsendtligare
760 1026 49 21 män
832 1025 42 22 öka
896 1027 80 20 statens

148 1055 124 22 inkomster.

219 1112 57 21 Herr
292 1112 124 27 Procop6:
446 1112 57 21 Utan
519 1114 32 19 att
566 1118 29 15 nu
607 1112 49 27 vilja
671 1112 67 21 inläta
751 1112 43 27 mig
802 1111 27 28 pä
840 1111 74 28 frågan
922 1112 54 21 huru

150 1141 204 27 vakansafgifterna,
376 1141 71 21 derest
468 1141 26 21 de
516 1141 87 21 komma
625 1143 33 19 att
673 1141 115 25 försvinna,
803 1140 61 22 skola
878 1142 98 25 ersättas,

150 1169 19 27 ej
184 1169 70 22 heller
278 1169 28 28 pä
320 1170 74 26 frågan
410 1170 79 25 derom,
505 1169 104 22 huruvida
623 1170 146 21 kostnaderna
784 1169 32 22 för
831 1169 145 27 värnepligten

150 1198 61 21 skola
226 1198 183 28 sammanbringas
424 1204 75 21 genom
515 1198 211 27 inkomstbevillning
741 1198 53 21 eller
808 1198 28 27 pä
851 1200 65 19 annat
926 1199 49 25 sätt,

150 1227 25 21 sä
196 1233 64 15 anser
280 1227 37 27 jag
339 1227 36 21 det
398 1227 53 21 dock
474 1233 51 15 vara
547 1227 75 27 nödigt
637 1229 32 19 att
684 1227 7 21 i
707 1227 41 21 den
766 1226 209 28 bevillningsstadga,

151 1256 121 21 Ständerna
287 1256 86 21 komma
388 1258 32 19 att
435 1257 84 25 antaga,
535 1255 78 22 införes
629 1256 42 21 alla
686 1256 26 22 de
728 1257 50 25 sätt,
794 1255 81 28 hvarpä
890 1256 87 26 pennin-

150 1290 39 20 gar
204 1284 61 22 skola
280 1284 116 27 anskaffas;
417 1290 34 16 om
473 1284 66 22 sedan
559 1284 142 28 bevillningen
717 1284 86 28 päföres
817 1284 93 22 inkomst
925 1284 52 22 eller

150 1312 82 27 kapital
247 1313 52 21 eller
312 1313 56 27 jord,
391 1313 51 21 eller
457 1313 65 27 något
541 1315 72 25 annat,
627 1313 25 21 sä
667 1314 39 21 bör
722 1313 56 21 dock
792 1312 39 22 allt
847 1314 59 20 detta
921 1319 55 15 sam-

150 1341 108 21 manföras
273 1342 7 20 i
296 1348 26 14 en
344 1342 207 27 bevillningsstadga,
575 1348 48 15 men
645 1342 47 21 icke
713 1341 52 22 flere
785 1341 80 22 sädana
879 1341 98 22 utfärdas

149 1372 28 19 än
193 1376 25 16 en
234 1370 34 22 för
282 1370 207 28 inkomstbevillning
504 1370 40 22 och
559 1377 27 15 en
601 1370 34 22 för
649 1370 117 28 bevilloing
782 1370 23 22 af
818 1376 70 15 annan
902 1372 40 20 art.

218 1427 59 22 Herr
292 1427 139 22 Höckert:
465 1427 72 27 Enligt
558 1428 43 21 min
623 1428 65 21 tanke
710 1430 26 19 är
756 1428 37 21 det
815 1426 107 28 sjelffallet
944 1429 33 20 att

149 1456 76 27 frägan
240 1462 36 16 om
291 1456 120 28 utgörande
426 1456 23 22 af
461 1456 79 22 allmän
555 1456 116 26 bevillning
686 1456 47 22 icke
749 1456 40 22 bör
803 1456 24 22 af
839 1456 91 22 Ständet
938 1456 38 22 be-

150 1485 90 21 handlas
255 1485 65 22 innan
343 1485 40 21 den
399 1485 24 21 sä
437 1485 85 22 kallade
537 1487 62 20 extra
614 1485 189 27 statsregleringen
819 1484 69 22 blifvit
903 1484 73 23 defini-
