1078 1781
184 109 56 22 2310
380 114 179 22 Borgareståndet
571 116 54 17 1877.
650 116 24 17 13
686 116 120 17 December.

183 183 51 22 Icke
249 183 68 22 heller
332 183 42 22 kan
391 191 48 15 man
455 186 84 26 antaga,
555 187 34 19 att
604 185 26 21 de
645 185 108 26 kaserner,
769 191 46 15 som
831 184 99 28 uppföras
941 185 32 21 för
983 185 27 21 de

184 213 160 27 värnepligtige,
360 213 62 22 skola
436 213 67 22 bebos
519 213 22 22 af
555 213 133 28 motstycken
704 213 33 22 till
753 213 70 27 hertig
833 213 65 22 Albas
909 213 39 22 och
959 213 51 22 Val-

183 240 102 23 lensteins
300 241 115 22 soldatesk.
445 242 42 21 Det
503 243 24 20 är
541 242 24 27 ju
580 242 106 21 blomman
698 242 23 22 af
731 242 83 21 landets
824 242 92 27 manliga
929 242 81 21 befolk-

183 270 57 27 ning,
256 269 65 22 friske
336 270 111 27 ynglingar
462 271 23 21 af
499 271 42 21 alla
555 271 63 21 stånd
634 271 39 21 och
686 271 89 26 klasser,
790 270 125 22 hvaribland
930 271 26 21 de
970 270 40 21 bil-

183 299 61 26 dade,
266 299 70 21 såsom
352 299 57 21 Herr
424 299 109 21 Ahlström
549 299 118 26 anmärkte,
683 299 69 22 måste
768 299 63 21 vinna
846 301 31 20 ett
890 299 52 22 visst
952 300 57 26 slags

183 327 134 27 superiorité,
341 327 37 22 det
400 329 24 19 är
445 329 66 24 desse,
533 328 72 21 hvilka
627 328 86 21 komma
728 329 33 20 att
776 327 55 22 lefva
846 328 163 21 tillsammans
997 323 16 35 i

182 355 136 22 kasernerne.
348 356 40 21 Att
410 356 68 21 finska
499 356 182 26 gardeskasernen
701 356 69 21 skulle
786 356 55 21 varit
856 356 55 21 känd
927 356 34 22 för
976 356 34 21 så-

183 384 55 21 dana
260 385 127 26 uppträden,
409 391 45 15 som
477 385 89 22 Schiller
581 385 95 21 berättar
691 385 28 22 ha
735 387 36 24 egt
786 391 46 14 rum
845 385 6 21 i
867 385 142 22 Vallensteins

182 413 66 26 läger,
264 413 40 21 har
315 413 38 27 jag
368 413 18 26 ej
403 413 48 22 hört
467 413 97 26 omtalas,
581 413 18 27 ej
615 413 66 22 heller
696 415 33 20 att
744 414 7 20 i
767 413 40 22 den
824 414 67 26 någon
906 413 103 27 oordning

182 441 120 27 försiggått.
332 442 39 21 Att
389 448 26 15 en
431 442 39 21 och
486 448 69 15 annan
571 443 138 26 gardesgosse
725 444 59 19 utom
799 442 91 26 tjensten
905 443 57 26 gjort
976 443 33 25 sig

182 470 84 27 skyldig
279 470 32 22 till
320 471 104 26 oordning
433 471 68 21 under
512 471 150 27 dryckesrördt
673 471 103 26 tillstånd,
789 471 36 21 det
832 473 24 18 är
864 471 18 26 ej
894 471 115 21 kasernens

181 499 37 26 fel,
234 501 52 19 utan
301 499 37 21 det
354 501 24 19 är
392 499 47 21 vårt
454 499 69 22 finska
537 499 166 28 nationallynne,
720 506 45 14 som
777 499 28 21 då
815 499 38 21 har
864 500 54 21 visat
928 500 32 26 sig
970 500 38 21 hos

182 529 55 20 dem.
267 527 103 22 Deremot
392 529 25 20 är
439 528 37 21 det
498 534 25 15 en
547 529 56 20 känd
625 529 44 26 sak,
688 530 32 19 att
736 529 76 25 många
827 528 95 24 slarfvar,
938 527 71 22 hvilka

181 556 71 27 börjat
268 556 55 21 lefva
338 557 6 20 i
361 557 69 20 denna
444 557 83 25 kasern,
544 557 63 21 hafva
623 557 69 21 blifvit
706 557 58 27 goda
779 557 138 26 medborgare
933 557 33 21 för
976 557 33 20 sin

182 584 136 22 återstående
341 584 73 22 lifstid.
445 585 90 21 Hvilken
559 587 24 20 är
605 591 28 15 nu
654 586 41 21 den
711 585 83 27 olycka,
809 591 45 15 som
870 585 138 22 kasernlifvet

182 613 84 22 medför
281 613 39 21 och
336 613 118 22 skrämmer
469 616 172 19 reservanternes
656 614 70 27 parti?
749 614 181 27 Lottdragningen
946 613 28 22 ha
982 614 26 21 de

181 641 81 22 lemnat
276 642 13 21 &
304 642 53 25 sido,
374 642 39 21 och
428 642 27 21 då
471 642 62 21 hafva
549 643 26 20 de
589 642 42 22 fått
646 642 138 21 kasernlifvet
799 641 32 22 till
847 642 116 27 käpphäst!

250 699 56 21 Herr
321 699 171 22 Lindblom:
508 699 41 27 Jag
560 699 39 21 har
609 699 75 26 begärt
695 699 63 22 ordet
769 699 74 21 endast
852 699 33 21 för
896 701 32 19 att
939 699 69 22 uttala

182 727 36 21 det
235 727 37 27 jag
288 727 6 21 i
309 727 119 22 hufvudsak
444 728 94 21 ansluter
553 729 43 26 mig
612 728 31 21 till
660 728 122 22 Utskottets
798 728 139 21 betänkande.
967 728 41 27 Jag

180 755 40 22 har
242 756 47 21 icke
312 757 66 26 några
393 763 41 20 nya
449 757 90 20 motiver
554 759 33 18 att
601 757 80 25 anföra,
698 759 51 19 utan
765 757 72 20 stöder
852 757 43 27 mig
910 757 27 26 på
952 757 55 25 dem,

180 790 47 15 som
249 785 66 21 redan
338 785 70 21 blifvit
428 785 95 27 anförda,
543 785 141 28 synnerligast
704 785 32 22 uti
752 785 57 21 Herr
824 785 92 22 Kurténs
932 785 76 22 andra-

179 813 75 26 gande.

248 871 57 21 Herr
329 871 146 21 Höckert:
498 871 33 21 Då
557 871 38 27 jag
617 871 67 22 under
706 871 122 27 gårdagens
850 871 157 22 sammanträde

181 899 58 26 afgaf
257 900 48 21 mitt
328 900 100 26 yttrande
442 899 6 21 i
464 906 29 15 nu
508 899 144 28 föreliggande
676 899 68 27 fråga,
760 906 38 14 var
813 900 35 21 det
863 899 144 22 hufvudsakli-

179 931 48 23 gast
238 934 27 15 ur
279 928 111 27 principiel
405 928 107 27 synpunkt
524 928 37 27 jag
572 930 102 19 motsatte
684 929 45 26 mig
740 929 37 20 det
787 928 121 27 personliga
919 929 88 26 tjenste-

181 957 86 26 tvånget
287 957 4 20 i
308 957 96 26 förening
420 957 48 21 med
480 957 79 25 lotteri,
573 963 45 16 som
634 959 64 24 utgör
713 957 97 27 grunden
826 957 33 21 för
874 957 40 21 den
930 957 78 27 nådiga

179 985 160 27 propositionen
360 985 40 22 och
418 985 255 27 Värnepligtsutskottets
688 986 7 21 i
711 986 63 21 dessa
790 986 59 21 delar
864 985 66 28 derpå
944 992 63 21 grun-

180 1013 54 22 dade
253 1014 140 23 betänkande,
412 1014 39 21 och
471 1015 36 26 jag
522 1015 113 21 förordade
651 1014 27 21 då
693 1014 71 21 tillika
780 1020 25 15 en
821 1014 185 27 militärorganisa-

179 1042 52 25 tion,
253 1043 97 26 grundad
373 1043 28 26 på
423 1043 48 21 vårt
495 1043 128 26 sekelgamla
638 1043 173 26 indelningsverk
827 1043 6 21 i
849 1043 95 26 förening
959 1043 48 21 med

179 1071 101 21 värfvade
302 1074 88 24 trupper
412 1071 32 22 för
465 1071 197 28 upprätthållandet
685 1072 22 21 af
728 1071 279 28 garnisionstjensgöringen

179 1099 7 21 i
209 1100 27 21 de
261 1101 64 24 orter,
349 1100 37 21 der
408 1100 75 21 sådant
506 1100 133 21 erfordrades
657 1103 56 18 samt
729 1100 83 21 slutade
829 1100 47 21 med
892 1102 32 19 att
938 1101 69 20 uttala

179 1128 44 27 mig
238 1128 81 21 därhän
335 1130 33 19 att
380 1129 43 27 jag,
439 1129 7 20 i
461 1129 101 21 händelse
579 1129 59 22 detta
652 1130 49 20 mitt
713 1129 81 26 förslag
806 1129 46 21 icke
862 1129 68 21 skulle
942 1129 64 21 vinna

179 1157 123 25 understöd,
317 1157 69 21 måste
400 1157 85 22 ansluta
501 1158 41 26 mig
557 1157 32 22 till
605 1159 55 20 Herr
674 1157 142 22 Silfversvans
831 1157 130 22 reservation
971 1157 35 22 så-

179 1191 45 16 som
246 1188 55 19 mest
316 1186 231 21 öfverensstämmande
562 1187 48 20 med
626 1187 44 20 min
685 1187 57 26 åsigt
758 1186 6 21 i
780 1186 73 21 saken.
882 1186 42 21 Det
939 1185 68 22 finnes

178 1213 66 22 likväl
266 1214 51 21 flera
339 1215 67 21 andra
424 1215 65 25 sidor,
504 1221 45 15 som
565 1215 52 22 böra
632 1215 112 22 betraktas
759 1214 40 22 och
814 1217 60 25 tagas
889 1215 6 20 i
912 1215 94 21 öfvervä-

178 1243 70 26 gande
270 1243 64 21 innan
357 1249 49 15 man
427 1243 99 22 definitift
549 1243 129 22 bestämmer
692 1244 40 28 sig,
748 1243 86 22 hvilken
849 1243 94 27 riktning
958 1249 48 16 man

178 1278 30 14 nu
226 1272 66 21 borde
307 1272 59 21 inslå.
397 1272 68 21 Bland
481 1272 62 22 dessa
557 1273 58 21 sidor
631 1273 89 26 intager,
738 1272 66 26 enligt
819 1272 43 21 min
878 1272 70 26 tanke,
964 1272 42 21 frå-

178 1306 41 21 gan
230 1306 35 16 om
276 1300 144 22 kostnaderna
430 1301 33 21 för
475 1301 38 21 den
525 1301 94 21 militära
629 1301 153 27 organisation,
794 1300 111 22 Utskottet
915 1307 29 15 nu
951 1300 55 22 före-

177 1328 51 27 slår,
243 1331 33 19 ett
290 1329 143 21 framstående
448 1336 54 15 rum.
517 1330 60 21 Efter
591 1330 124 22 Utskottets
732 1330 80 26 förslag
827 1330 81 26 uppgår
920 1330 41 20 den
973 1329 34 21 år-

178 1357 43 27 liga
236 1358 119 21 kostnaden
370 1358 32 21 till
418 1364 25 15 en
459 1364 82 16 summa
555 1359 24 21 af
588 1360 115 24 4,847,350
714 1358 70 25 mark,
796 1364 47 15 men
854 1358 73 21 dervid
938 1358 68 21 måste

178 1386 133 26 observeras,
333 1388 33 20 att
384 1386 32 22 uti
432 1387 84 26 bilagan
531 1387 41 21 N:o
588 1389 12 19 2
617 1387 21 21 af
652 1387 79 27 nådiga
746 1386 160 28 propositionen
922 1387 40 21 N:o
978 1387 27 21 41

177 1414 144 22 förekommer
344 1421 26 15 en
392 1415 140 27 anmärkning
553 1416 68 21 under
643 1416 26 21 de
694 1416 40 21 der
756 1415 178 27 sammandragna
949 1414 58 22 olika

177 1443 177 27 utgiftsposterna
366 1443 23 21 af
397 1444 99 26 innehåll,
507 1446 33 20 att
550 1445 61 21 dessa
622 1444 7 21 i
640 1444 26 22 de
673 1444 87 22 införda
772 1444 150 26 löneanslagen
936 1450 28 15 m.
977 1450 28 15 m.

177 1473 38 20 äro
238 1472 76 22 endast
335 1472 165 28 approximativt
522 1473 95 27 angifna;
641 1473 39 21 och
695 1479 51 15 man
762 1472 102 22 behöfver
878 1472 46 22 icke
939 1472 67 22 inlåta

178 1500 32 28 sig
224 1500 7 22 i
247 1507 27 15 en
291 1500 72 22 alltför
378 1507 109 21 noggrann
501 1502 130 27 granskning
646 1502 21 21 af
682 1502 64 21 dessa
760 1501 73 22 siffror
847 1501 33 21 för
895 1503 32 19 att
942 1500 63 28 finna,
