1078 1781
278 106 179 21 Borgareständet
469 106 55 18 1877.
550 106 23 18 12
586 106 118 17 December.
849 100 55 20 2299

76 181 27 15 en
127 174 60 27 pligt,
209 181 45 16 som
277 175 40 22 den
340 175 46 22 rike
408 175 19 26 ej
442 174 37 22 vill
501 174 58 29 fylla,
574 176 52 21 utan
645 174 42 22 kan
705 174 85 27 friköpa
803 174 32 27 sig
850 174 54 22 från.

78 203 59 22 Skall
159 203 49 22 idén
229 203 140 28 genomföras,
382 203 23 22 så
426 204 67 21 måste
513 204 42 21 alle
569 206 52 19 utan
637 203 109 26 undantag
761 203 62 21 träda
838 203 67 21 under

76 233 96 20 fanorna.
203 233 50 20 Deri
276 232 66 27 ligger
365 232 95 25 rättvisa,
483 232 47 21 icke
552 232 7 21 i
581 232 36 21 det
638 231 122 27 föreslagna
781 233 72 20 sättet.
877 243 27 3 —

76 261 152 21 Kostnaderna
246 261 59 26 spela
322 261 40 21 här
380 261 19 26 ej
414 262 70 26 någon
500 261 119 26 väsendtlig
635 261 39 21 rol.
704 261 42 20 Det
760 260 67 27 gäller
842 260 18 27 ej
876 266 29 15 nu

77 292 33 18 att
125 295 64 21 spara
204 289 27 27 på
246 289 67 27 några
327 289 87 27 lumpna
430 290 81 27 fyrkar,
527 290 28 26 på
567 289 66 27 några
644 289 124 22 tiotusental
777 289 60 21 mark
846 295 58 14 mera

77 317 53 22 eller
145 318 88 21 mindre.
264 318 42 21 Det
320 319 66 26 gäller
402 318 84 21 landets
498 318 63 21 bästa
572 318 57 25 blod,
645 318 48 21 dess
703 317 92 26 ungdom
806 317 40 21 och
856 317 48 21 dess

76 347 150 27 förhoppning,
238 349 22 24 ty
268 347 28 26 på
307 347 68 21 denna
385 347 104 27 ungdoms
500 347 40 21 fria
550 347 74 21 arbete
635 346 63 22 beror
706 347 36 20 vår
753 345 94 26 framtid,
857 345 47 22 icke

76 375 28 26 på
120 375 36 21 det
171 375 61 27 ringa
247 375 59 22 antal
322 375 117 26 bataljoner
455 376 20 21 vi
490 375 73 22 kunna
577 375 108 27 uppställa
700 375 39 21 och
756 381 45 15 som
817 376 53 24 väga
880 375 24 20 så

77 404 47 21 litet
139 404 6 20 i
161 404 80 26 krigets
256 404 93 27 vågskål.
379 404 86 27 Krigets
488 404 89 25 frukter,
598 403 88 22 hvarvid
709 403 50 22 blod
782 403 39 22 och
845 403 59 21 tårar

77 432 80 24 klibba,
172 435 36 19 äro
231 435 59 18 snart
308 433 120 21 försvunna.
459 433 83 21 Endast
558 433 36 21 det
609 432 89 27 fredliga
713 432 94 21 arbetets
822 431 82 22 frukter

76 467 52 15 vara
150 461 128 27 beständigt.
293 474 27 2 —
336 462 41 27 Jag
397 462 37 21 ber
455 461 78 26 derför,
550 463 32 19 att
597 461 20 21 vi
639 467 55 21 noga
712 461 34 21 må
761 460 93 21 betänka
869 465 35 16 oss

76 490 64 21 innan
163 490 20 20 vi
207 490 59 21 stifta
288 497 25 14 en
336 491 35 26 lag
391 491 6 20 i
412 490 140 21 förevarande
567 490 107 21 afseende.
704 489 36 21 Må
755 489 20 21 vi
791 489 46 22 icke
851 490 53 25 göra

74 524 37 15 oss
127 520 66 25 några
209 522 57 17 toma
282 519 170 26 förhoppningar.
483 519 31 21 På
530 519 48 21 dem
593 523 46 17 tror
648 519 38 26 jag
700 518 54 24 icke,
769 519 52 20 utan
834 523 69 17 anser,

75 549 34 19 att
124 547 20 20 vi
161 547 47 21 bäst
223 547 96 21 försvara
334 548 50 21 våra
400 547 133 27 rättigheter,
551 547 28 21 då
593 547 20 21 vi
629 550 75 24 trygga
718 553 35 15 oss
766 547 34 20 vid
811 546 40 22 den
862 546 41 26 lag,

76 581 45 16 som
137 578 24 19 är
176 582 34 15 oss
225 576 70 27 gifven
312 576 38 21 och
366 576 22 21 af
403 576 36 21 vår
455 578 75 25 regent
545 575 119 22 bekräftad.

145 633 56 21 Herr
216 633 141 21 Cronvall:
387 633 29 21 Ju
431 639 59 16 mera
506 639 49 15 man
571 633 120 27 begrundar
706 633 144 28 föreliggande
861 632 42 21 för-

74 661 53 27 slag,
150 668 50 14 vare
224 663 31 25 sig
270 662 6 20 i
292 662 159 27 propositionen
475 662 53 21 eller
547 661 123 22 Utskottets
686 661 140 24 betänkande,
843 661 59 21 desto

76 696 58 15 mera
155 690 52 21 ökas
227 697 52 14 oron
298 691 53 20 huru
367 691 69 21 denna
452 691 80 26 vigtiga
547 690 60 27 fråga
621 691 54 21 skall
692 691 61 20 lösas.
783 691 46 20 Den
844 690 59 21 ställ-

76 719 56 26 ning,
156 719 59 21 hvari
238 719 20 21 vi
274 719 32 21 stå
325 719 31 21 till
372 719 36 21 det
424 721 59 19 stora
498 719 128 26 kejsarriket
641 719 39 22 och
697 719 39 21 den
753 719 93 22 ovisshet
861 725 41 17 om,

74 747 33 21 för
130 747 71 21 hvilka
223 747 105 22 intressen
350 748 50 21 våra
423 750 62 19 söner
508 748 61 21 skola
592 747 63 22 kläda
676 747 72 27 blodig
763 748 86 26 skjorta,
864 749 40 24 gör

72 776 80 21 sakens
175 776 83 27 lösning
280 778 26 19 än
327 783 59 14 mera
406 777 118 20 invecklad.
555 777 10 20 I
585 777 69 20 denna
669 776 127 27 belägenhet
811 777 42 20 kan
866 775 37 28 jag

74 804 47 21 icke
144 807 66 19 annat
232 807 26 19 än
276 805 56 21 sluta
348 806 42 26 mig
405 805 30 21 till
452 805 27 21 de
495 805 80 27 åsigter
590 805 56 21 Herr
662 805 95 22 Höckert
772 805 39 21 har
826 804 77 22 uttalat

73 839 35 15 om
125 833 67 22 indelt
207 833 78 22 militär
300 834 40 21 och
355 833 99 22 värfvade
471 836 94 25 trupper.
589 834 67 21 Desse
666 833 63 22 hafva
739 833 96 26 frivilligt
845 833 58 21 trädt

74 862 6 20 i
104 862 130 26 krigstjenst,
258 863 39 20 och
321 863 46 25 den,
384 869 45 14 som
452 862 96 27 frivilligt
571 862 38 21 har
625 863 44 20 valt
686 862 38 21 sitt
738 863 60 26 yrke,
813 864 38 24 gör
866 861 38 22 det

73 890 66 21 också
154 891 55 26 bäst,
225 893 23 19 är
264 891 39 21 ock
319 891 121 27 lämpligast
455 891 80 22 dertill.
560 891 47 21 Han
623 891 42 21 kan
680 891 46 21 icke
742 891 66 21 heller
818 889 84 22 förebrä

74 919 133 26 lagstiftaren
222 920 52 21 eller
289 920 100 21 nationen
402 926 35 15 om
451 920 44 21 han
511 919 86 28 inslagit
613 926 25 15 en
651 919 77 28 oriktig
744 921 46 25 väg.
811 919 91 26 Tvingas

74 947 69 28 någon
160 948 95 21 deremot
270 951 32 18 att
318 948 54 27 välja
388 949 37 20 sitt
439 949 54 26 yrke
509 949 39 20 och
565 949 48 20 sker
629 948 59 21 detta
704 949 64 26 tvång
782 949 70 20 såsom
863 947 39 21 här

72 982 77 20 genom
166 977 97 27 lottning,
279 979 24 19 är
318 977 66 21 saken
400 977 103 27 förhatlig
518 977 39 21 och
573 977 89 26 skadlig,
678 979 23 25 ty
716 977 67 21 lotten
799 977 42 20 kan
851 976 51 21 falla

74 1005 23 20 så
113 1005 63 21 olika.
208 1005 52 26 Den,
277 1011 45 16 som
338 1012 62 15 anser
415 1005 31 26 sig
462 1006 29 21 ha
507 1006 54 21 intet
576 1006 7 21 i
598 1005 60 22 lifvet
673 1007 32 20 att
720 1005 85 26 förlora,
817 1007 25 19 är
852 1005 50 27 nöjd

73 1039 34 15 om
124 1034 67 21 lotten
208 1034 60 21 faller
284 1035 26 26 på
326 1034 84 21 honom.
441 1034 43 21 För
500 1041 25 14 en
541 1041 70 14 annan
627 1034 41 21 kan
685 1034 47 21 heia
748 1034 52 21 hans
816 1033 86 22 framtid

73 1062 123 27 derigenom
218 1063 26 26 gå
263 1063 101 21 förlorad.
380 1075 28 3 —
424 1063 48 21 Ifall
489 1063 60 21 detta
563 1063 24 21 af
601 1063 56 21 Herr
674 1063 95 21 Höckert
783 1062 120 25 föreslagna

73 1094 78 23 system
171 1091 46 21 icke
240 1091 73 22 vinner
336 1091 131 22 Ständernas
491 1091 72 28 gehör,
579 1092 68 21 måste
660 1091 38 28 jag
712 1091 84 22 ansluta
811 1091 43 26 mig
869 1090 33 22 till

72 1119 57 21 Herr
145 1119 138 23 Silfversvans
298 1121 137 20 reservation.
467 1121 66 20 Emot
548 1121 69 20 denna
633 1120 39 21 har
686 1127 49 14 man
751 1120 104 23 anmärkt,
871 1121 32 20 att

72 1148 40 21 den
129 1148 107 27 beväring,
251 1155 45 15 som
312 1149 22 20 af
348 1149 291 27 instruktionsbataljonerna
653 1149 68 21 skulle
736 1148 83 22 inöfvas
835 1148 17 26 ej
867 1151 35 18 ut-

70 1177 76 26 gjorde
169 1177 64 26 något
256 1177 67 27 skydd
347 1177 33 21 för
402 1178 47 21 vårt
471 1177 57 22 land.
558 1178 33 21 De
613 1177 73 27 påstås
702 1177 72 26 blifva,
790 1177 69 20 såsom
876 1183 26 14 en

72 1205 67 21 talare
155 1206 96 27 uttryckt
266 1207 37 26 sig,
318 1212 26 15 en
359 1206 100 21 fårskock
475 1213 47 14 som
538 1206 41 21 lätt
594 1206 42 21 kan
652 1206 103 26 skingras.
781 1206 42 26 Jag
833 1204 69 22 tviflar

71 1233 56 22 dock
142 1235 28 26 på
185 1237 31 19 att
232 1235 60 21 desse
307 1235 111 27 ynglingar
435 1235 48 21 med
500 1235 41 21 den
557 1235 81 21 exercis
654 1234 24 22 de
694 1234 40 22 fått
750 1234 39 22 och
804 1235 36 21 det
852 1234 49 22 mod

70 1262 28 21 de
120 1262 63 22 hafva
207 1263 23 21 så
253 1263 40 21 lätt
315 1264 68 21 skulle
404 1264 44 21 låta
469 1264 88 26 skingra
577 1264 38 27 sig,
637 1264 123 26 isynnerhet
774 1269 41 19 om,
831 1262 70 22 såsom

71 1291 57 21 Herr
143 1292 25 20 E.
183 1292 71 26 Bergh
270 1292 39 21 har
323 1292 116 27 föreslagit,
456 1292 127 28 öfningarna
597 1292 69 22 skulle
681 1292 61 27 börja
756 1292 65 22 redan
836 1292 7 20 i
854 1292 49 21 sko-

71 1320 62 21 lorna
156 1320 39 22 och
216 1321 38 21 der
269 1320 68 22 skulle
352 1321 92 21 omfatta
458 1321 62 21 äfven
536 1321 156 22 handterandet
707 1321 23 21 af
743 1326 74 22 vapen.
848 1320 54 21 Der-

71 1349 84 26 igenom
177 1349 68 21 skulle
268 1350 40 20 den
330 1350 105 21 blifvande
454 1350 206 26 beväringsmannen
676 1350 65 20 redan
756 1349 63 27 tidigt
834 1348 68 22 inlära

71 1378 32 26 sig
119 1378 40 21 den
175 1378 100 27 hällning,
291 1378 47 22 takt
354 1378 40 22 och
409 1378 102 27 ledighet,
527 1384 46 16 som
589 1378 32 22 för
632 1378 98 26 krigaren
741 1380 24 20 är
774 1377 128 27 nödvändig.

71 1418 27 3 —
114 1406 44 21 För
173 1406 66 28 öfrigt
254 1407 52 21 böra
322 1407 20 21 vi
357 1413 52 15 vara
424 1407 105 21 betänkta
544 1407 57 27 uppå
613 1409 33 19 att
656 1408 52 26 göra
718 1406 142 22 härväsendet
869 1406 33 21 för

71 1434 73 22 landet
158 1436 25 20 så
198 1435 88 27 lindrigt
300 1442 46 14 som
361 1435 90 27 möjligt,
469 1436 48 21 icke
532 1436 65 21 tänka
613 1438 32 18 att
660 1435 64 21 ställa
740 1435 65 22 saken
815 1435 30 24 så,
856 1440 46 16 som

70 1469 51 15 vore
137 1463 36 21 det
191 1464 49 27 krig
255 1464 43 21 alla
312 1464 31 21 år.
374 1464 26 21 Vi
415 1464 52 22 böra
484 1464 47 21 icke
548 1464 66 28 draga
630 1464 26 21 de
670 1464 91 27 fredliga
776 1464 125 21 arbetarene

70 1491 47 21 från
134 1492 61 21 deras
215 1492 72 27 yrken,
303 1494 22 25 ty
341 1493 28 26 på
385 1493 36 21 det
436 1492 93 28 fredliga
543 1493 96 21 arbetets
654 1492 108 22 förkofran
778 1493 65 21 beror
857 1492 45 21 lan-
