1078 1781
165 101 55 21 2328
364 106 179 22 Borgareståndet
556 106 55 18 1877.
635 108 23 16 14
670 107 118 17 December.

234 174 57 23 Herr
306 175 143 22 Molander:
480 176 41 26 Jag
543 176 87 21 förenar
652 175 43 28 mig
716 175 49 22 med
788 175 55 22 Herr
859 175 95 28 Procopé
969 175 23 22 så

165 203 85 28 mycket
266 211 45 14 mer
326 210 46 15 som
395 203 242 28 Värnepligtsutskottet
656 205 66 20 redan
738 205 39 20 har
792 206 70 19 svarat
877 205 28 26 på
920 204 72 27 frågan

165 239 77 21 genom
266 235 32 19 att
321 234 59 26 yttra
396 233 31 26 sig
446 233 58 21 öfver
519 233 74 21 hvilka
608 234 13 25 $8
652 233 36 21 det
703 239 63 16 anser
781 233 105 22 innehålla
901 233 91 22 bestäm-

165 261 76 27 ningar
262 261 23 22 af
298 261 186 27 grundlagsnatur.
515 261 73 22 Skulle
633 261 91 22 Utskottet
742 262 46 21 icke
803 261 62 22 hafva
880 261 56 27 gjort
952 261 42 26 det,

165 291 24 20 så
205 291 53 20 hade
274 297 49 14 man
338 291 82 20 kunnat
435 289 72 22 bifalla
515 290 156 27 Ridderskapet
679 290 39 22 och
729 290 78 21 Adelns
818 290 99 27 begäran,
926 290 67 21 ehuru

166 319 40 21 den
221 319 48 21 icke
284 321 25 18 är
324 318 48 21 fullt
387 319 230 21 öfverensstämmande
633 321 44 20 mot
692 319 242 27 landtdagsordningen
930 314 9 36 ;
945 325 48 15 men

165 353 29 16 nu
210 348 68 21 måste
294 353 48 16 man
359 347 71 27 afböja
444 347 160 27 inbjudningen.

235 405 57 21 Herr
307 404 163 27 Tengström:
489 400 15 36 1
527 404 68 21 likhet
610 405 47 20 med
669 405 26 21 de
708 404 37 21 två
759 404 126 27 föregående
896 404 98 21 talarena

166 434 68 21 skulle
258 433 62 22 äfven
333 433 38 27 jag
389 433 86 21 anhålla
489 435 33 18 att
537 433 151 27 inbjudningen
706 433 67 21 måtte
788 433 150 21 underkännas
953 433 40 21 och

166 462 90 27 afböjas.
287 462 42 21 Det
344 461 67 22 första
426 461 69 22 skälet
510 463 24 19 är
549 462 66 21 redan
631 462 95 25 nämndt,
742 461 104 27 nemligen
863 464 32 18 att
906 461 88 22 ärendet

167 493 23 20 är
205 491 75 21 beredt
296 490 24 21 af
333 492 32 19 ett
380 490 102 21 särskildt
497 490 77 21 tillsatt
589 490 95 25 Utskott,
700 497 45 14 som
758 490 39 21 har
812 490 46 21 haft
873 490 121 27 uppdraget

166 521 33 20 att
208 519 78 22 bereda
297 519 74 27 frågan
382 519 6 20 i
397 519 41 21 alla
447 519 26 20 de
483 519 134 21 hänseenden
627 525 25 15 ur
660 519 72 21 hvilka
741 519 74 26 frågan
824 519 41 21 kan
874 519 118 25 betraktas,

166 555 50 16 vare
232 548 32 26 sig
279 547 70 22 såsom
366 547 129 27 Lagutskott
511 547 51 21 eller
571 547 189 22 Ekonomiutskott
776 547 52 22 eller
843 547 150 22 Statsutskott.

167 577 28 22 Så
210 576 80 22 skedde
312 578 15 19 t.
344 583 32 14 ex.
400 577 46 20 med
469 576 228 26 Grundlagsutskottet
712 576 35 21 vid
763 577 54 20 1867
836 577 34 20 års
886 575 107 27 landtdag.

166 605 34 22 Då
216 605 92 21 behöfde
332 605 46 21 icke
403 605 151 26 Lagutskottet
577 605 48 21 med
647 604 90 22 ärendet
752 607 47 24 taga
817 605 68 26 någon
902 604 91 21 särskild

166 633 126 27 befattniog.
324 633 94 22 Sålunda
441 634 38 20 har
494 633 61 21 äfven
575 633 57 22 skett
648 634 47 20 med
711 633 282 26 kommunalförfattningen,

166 669 46 15 som
227 663 55 20 varit
298 662 109 21 förberedt
422 662 22 21 af
458 664 31 19 ett
504 661 101 22 särskildt
620 661 77 22 tillsatt
714 662 95 24 Utskott,
826 662 66 21 ehuru
915 661 60 22 äfven
988 661 6 21 i

167 692 125 21 densamma
314 691 188 27 grundlagsfrågor
525 690 38 21 och
589 691 107 20 bestämdt
719 691 126 21 markerade
870 689 124 29 grundlags-

167 720 74 26 frågor
256 719 139 22 förekommo.
426 720 79 20 Vidare
525 719 56 21 talar
595 719 12 27 &
623 720 27 20 30
666 719 7 21 i
689 719 242 27 Landtdagsordningen
947 719 47 26 tyd-

168 748 55 27 ligen
239 754 37 21 om
290 748 107 21 särskilda
412 748 95 25 Utskott,
517 754 44 15 som
571 747 119 22 Ständerna
706 750 38 19 äro
760 747 132 28 berättigade
908 749 32 20 att
952 747 42 21 till-

168 779 63 20 sätta.
262 777 96 21 Arendet
381 777 39 20 har
442 777 83 20 således
546 777 66 20 redan
635 776 70 22 blifvit
728 776 109 22 förberedt
855 776 62 21 äfven
935 776 7 21 i
958 776 36 21 det

167 805 107 26 afseende,
297 811 45 16 som
356 805 24 21 af
392 805 157 26 Ridderskapet
569 805 39 21 och
625 805 67 21 Adeln
708 811 28 15 nu
752 807 67 20 sättes
833 805 7 21 i
855 805 65 26 fråga.
951 805 43 20 För

168 835 36 20 det
218 834 68 21 andra
301 840 62 15 anser
376 834 37 27 jag
427 833 62 22 äfven
505 836 32 19 att
552 833 156 28 Ridderskapet
724 833 40 22 och
780 833 79 22 Adelns
874 835 47 25 steg
936 833 58 21 inne-

168 863 39 21 bär
229 869 25 15 en
278 863 90 21 blunder
393 863 44 21 deri
451 864 34 19 att
507 862 117 27 ordningen
641 862 71 21 blifvit
728 863 98 21 omvänd.
857 862 32 21 Då
904 862 90 21 Ridder-

167 891 77 27 skapet
267 891 39 22 och
322 891 68 22 Adeln
414 891 104 26 nemligen
541 891 64 21 hafva
621 894 71 18 ansett
708 893 33 19 att
758 891 151 26 Lagutskottet
924 890 69 21 skulle

167 920 70 21 utläta
252 920 32 26 sig
305 926 34 15 om
362 919 85 22 hvilken
470 919 66 27 fråga,
555 925 45 16 som
623 921 24 20 är
662 920 24 21 af
706 919 185 27 grundlagsnatur,
915 919 23 21 sä
954 919 39 21 har

168 949 117 26 ordningen
308 948 71 21 blifvit
416 949 23 21 isä
455 949 66 20 mätto
537 949 91 20 omvänd
650 952 32 18 att
698 949 89 21 Ständet
803 948 57 27 sjelft
874 948 56 21 hade
945 947 48 22 bort

168 977 46 22 före
230 977 102 21 remissen
356 977 117 21 bestämma
496 977 84 21 hvilken
596 977 65 26 fråga,
678 983 45 16 som
740 979 24 19 är
779 977 24 21 af
816 975 178 29 grundlagsnatur

168 1006 40 21 och
224 1006 83 21 säledes
323 1006 70 21 kunde
409 1005 31 22 till
456 1006 153 26 Lagutskottet
621 1006 133 26 hänskjutas.
783 1005 49 22 Man
841 1005 39 22 bör
888 1005 105 27 nemligen

168 1035 46 21 icke
231 1035 95 26 tillfräga
341 1034 114 22 Utskotten
478 1034 71 21 hvilka
571 1036 83 25 ämnen,
670 1041 46 14 som
733 1034 53 21 höra
802 1035 32 20 till
850 1034 62 21 deras
927 1033 65 22 hand-

167 1063 107 28 läggning,
290 1065 51 19 utan
358 1069 48 15 man
422 1063 140 21 öfverlemnar
566 1058 45 37 till
627 1063 108 22 Utskotten
752 1063 99 26 ärenden,
870 1069 45 14 som
932 1062 60 22 Stän-

169 1092 41 21 den
225 1093 65 20 sedan
306 1091 80 28 pröfva.
415 1092 42 21 Det
469 1092 60 21 heter
544 1098 33 15 om
593 1092 154 27 Lagutskottet
762 1092 31 21 uti
809 1092 23 20 31
846 1080 18 39 8
878 1091 22 21 af
914 1091 79 21 Landt-

169 1120 170 27 dagsordningen
356 1123 32 18 att
404 1121 35 20 det
455 1121 54 20 skall
525 1120 98 21 meddela
638 1121 112 20 utlätande
766 1120 58 21 öfver
833 1120 26 21 de
873 1119 46 22 frän
932 1119 61 22 Stän-

168 1149 41 21 den
224 1149 33 21 till
273 1150 119 20 detsamma
407 1149 153 21 öfverlemnade
576 1149 84 26 förslag,
678 1155 48 15 men
743 1149 69 27 nägon
829 1148 119 28 skyldighet
962 1148 33 21 för

167 1178 91 21 ständen
274 1179 33 20 att
319 1177 33 22 till
368 1178 151 26 Lagutskottet
535 1177 129 22 öfverlemna
676 1178 40 21 den
728 1184 40 15 ena
771 1166 59 33 "eller
841 1177 67 21 andra
920 1176 74 27 frägan

168 1207 91 20 omtalas
282 1207 5 20 i
311 1206 229 27 landtdagsordningen
564 1207 51 20 icke.
646 1206 43 21 För
705 1207 37 20 det
758 1206 67 27 tredje
840 1207 24 20 är
880 1205 35 22 det
930 1205 64 21 ända-

167 1235 49 24 mäl,
236 1235 34 21 för
292 1235 80 21 hvilket
395 1235 100 21 remissen
517 1235 32 21 till
571 1235 153 27 Lagutskottet
747 1235 23 21 af
783 1235 157 26 Ridderskapet
956 1234 39 21 och

167 1264 69 21 Adeln
252 1264 86 24 skedde,
362 1264 104 26 nemligen
482 1264 33 21 för
529 1266 32 19 att
584 1264 112 21 förbereda
718 1264 74 27 frägan
809 1270 34 15 om
859 1263 136 27 ajournering

167 1292 33 22 till
215 1299 70 15 annan
300 1292 110 27 landtdag,
431 1292 66 22 redan
513 1293 22 21 af
555 1293 182 26 Borgareständet
753 1292 81 27 afböjdt
849 1298 75 21 genom
940 1292 56 21 före-

167 1321 82 27 gäende
272 1321 139 27 omröstning.
441 1321 90 21 Hvarför
553 1322 83 20 säledes
658 1323 80 25 antaga
761 1327 26 15 en
802 1320 132 28 inbjudning,
950 1326 44 15 som

167 1350 39 27 gär
228 1352 24 19 ut
274 1350 28 26 pä
324 1352 32 19 att
378 1350 112 21 förbereda
505 1356 26 15 en
549 1350 65 21 redan
629 1350 73 27 afböjd
717 1350 75 26 fräga?
822 1350 41 26 Jag
879 1348 117 28 tillstyrker

167 1380 33 20 att
215 1378 151 28 inbjudningen
382 1379 66 21 mätte
464 1378 149 22 underkännas
628 1378 40 22 och
684 1378 89 27 afböjas.

237 1435 57 22 Herr
309 1436 24 20 E.
349 1436 94 26 Bergh:
474 1431 67 26 Äfven
555 1436 37 27 jag
607 1436 86 21 förenar
708 1436 45 26 mig
768 1436 48 21 med
829 1436 26 20 de
867 1434 129 28 föregäende

167 1464 97 22 talarena
280 1464 72 22 derom
368 1466 33 20 att
416 1464 53 22 afslä
485 1465 40 21 den
545 1465 162 27 ifrägavarande
726 1464 158 27 inbjudningen.
913 1463 41 21 Till
970 1464 26 20 de

167 1493 53 27 skäl,
235 1499 46 15 som
297 1493 23 21 af
334 1493 48 21 dem
399 1493 68 22 blifvit
483 1494 94 26 anförda,
594 1494 37 21 ber
643 1493 39 27 jag
696 1495 34 19 att
745 1493 21 21 fä
782 1493 88 27 tillägga
885 1495 33 19 att
930 1492 65 22 redan
