1078 1781
155 104 58 21 2488
362 108 180 22 Borgareståndet
555 110 53 16 1877.
634 110 24 16 18
670 109 119 17 December.

155 177 44 27 fall,
215 183 46 16 som
280 178 26 21 de
321 178 56 21 varit
392 183 55 16 ense.
478 177 38 22 Uti
531 177 44 22 alla
589 177 67 27 öfriga
671 177 37 22 fall
724 179 24 20 är
764 177 36 22 det
815 177 48 22 med
878 178 70 27 någon
964 177 26 22 af

157 207 26 21 de
207 206 67 27 öfriga
297 207 95 21 Stånden
414 213 45 15 som
483 207 181 25 Borgareståndet
686 208 87 19 stannat
788 206 6 21 i
810 212 81 15 samma
910 206 76 22 beslut.

156 235 62 22 Hvad
239 235 57 21 Herr
318 235 99 22 Boström
439 235 118 22 framhållit
579 237 32 19 att
627 235 111 21 Utskottet
754 235 49 20 bort
817 235 55 21 fästa
888 235 101 22 afseende

157 264 34 21 vid
214 263 192 27 Borgareståndets
421 263 6 22 i
443 264 66 21 saken
529 263 82 22 fattade
629 263 71 22 beslut
715 263 131 22 beträffande
861 264 46 21 sina
922 264 65 26 privi-

156 292 73 26 legier,
245 293 24 20 så
284 292 36 21 vill
333 293 37 26 jag
385 292 69 21 erinra
470 294 33 19 att
517 292 182 27 Borgareståndet
714 292 36 21 vid
766 291 126 28 afsägandet
906 292 24 21 af
940 293 47 20 sina

157 320 121 27 privilegier
300 321 46 22 icke
370 321 42 21 fäst
433 321 66 26 något
514 321 68 21 vilkor
604 323 33 19 att
654 321 40 20 allt
713 321 56 20 hvad
784 321 204 26 Borgareståndet
977 316 14 35 i

157 349 109 28 lagtexten
289 349 95 22 besluter
401 349 66 22 måtte
483 349 22 21 af
519 349 25 22 de
560 349 67 26 öfriga
643 349 94 22 Stånden
753 349 123 27 godkännas
893 349 39 22 och
948 349 41 21 har

157 378 91 21 sålunda
262 378 112 21 Utskottet
389 378 77 21 saknat
481 377 29 22 all
525 378 62 26 giltig
601 378 69 26 grund
686 380 32 19 att
728 379 58 20 sätta
796 377 193 28 Borgareståndets

157 407 76 26 beslut,
256 413 46 15 som
324 407 69 26 grund
416 407 33 21 för
473 406 237 27 sammanjemkningen.
742 406 61 21 Hvad
825 406 73 27 sjelfva
921 406 66 21 saken

158 435 102 22 beträffar
276 436 24 20 så
314 435 68 22 finner
395 435 36 27 jag
447 435 26 21 de
489 436 65 25 lagar,
571 442 44 15 som
627 435 44 21 tala
682 441 34 15 om
728 435 70 27 bolag,
811 435 53 21 böra
874 435 114 27 iakttagas,

159 463 39 22 och
222 465 36 20 det
280 464 68 21 finnes
370 464 89 27 stadgad
482 463 81 28 påföljd
579 470 34 15 om
630 464 25 21 de
671 463 47 22 icke
733 463 120 27 iakttagas;
870 463 26 22 då
912 465 24 20 är
952 463 36 21 det

158 493 88 21 alldeles
264 493 107 27 sakenligt
389 495 32 18 att
435 499 56 19 man,
508 492 27 21 då
551 493 35 20 det
601 494 24 19 är
641 492 59 27 fråga
716 499 33 14 om
766 494 32 19 att
813 493 82 25 grunda
910 498 26 15 en
952 494 35 19 rö-

159 521 61 24 relse,
236 521 105 22 inlemnar
356 523 32 19 ett
403 522 58 26 intyg
477 521 58 21 öfver
545 523 33 19 att
590 527 47 15 man
650 521 97 26 fullgjort
758 521 55 21 hvad
824 521 60 26 lagen
894 521 94 26 stadgar.

158 549 31 22 På
211 549 25 22 de
259 549 53 27 skäl,
328 556 45 15 som
397 550 56 21 Herr
471 549 91 22 Jansson
579 549 124 26 framhållit,
719 549 40 21 har
775 549 112 21 Utskottet
901 551 88 20 stannat

158 578 32 21 uti
211 578 36 21 det
263 578 77 25 beslut,
355 585 46 15 som
419 585 28 14 nu
463 580 23 19 är
501 578 101 27 framlagt
617 578 39 21 och
672 577 33 22 får
718 578 38 27 jag
771 578 86 21 förorda
872 578 48 21 dess
936 578 52 27 god-

159 607 119 21 kännande.

228 664 58 21 Herr
309 664 24 21 E.
349 663 106 27 Bergh:
487 663 55 22 Herr
563 664 91 21 Jansson
678 663 39 22 har
739 665 74 19 nämnt
831 665 31 20 att
877 663 113 21 Utskottet

159 692 36 21 vid
218 692 230 27 sammanjemkningar
472 692 46 27 följt
541 692 39 21 den
600 693 57 25 regel
672 695 33 18 att
720 694 40 19 när
774 692 36 21 två
826 691 66 22 Stånd
908 691 81 27 antagit

160 721 123 21 Utskottets
299 721 142 25 betänkande,
458 721 36 20 det
509 721 91 26 inbjudit
616 721 26 20 de
658 721 67 26 öfriga
740 723 34 18 att
784 723 77 24 antaga
872 721 118 20 detsamma

161 749 40 22 och
219 749 74 27 frångå
313 750 46 20 sina
375 749 46 22 från
440 749 120 21 hvarandra
575 749 112 21 afvikande
702 749 86 26 åsigter.
820 749 75 21 Denna
906 749 82 27 princip

160 778 40 21 har
222 777 61 22 äfven
306 777 100 27 föröfrigt
424 777 69 22 blifvit
508 777 51 27 följd
575 778 34 21 vid
625 778 237 27 sammanjemkningar,
878 783 46 16 men
939 783 51 15 man

160 807 40 20 har
222 806 117 22 framhållit
361 809 33 19 att
416 807 47 20 med
485 806 113 27 anledning
619 806 61 22 deraf
694 807 70 20 denna
779 806 60 27 fråga
853 806 69 21 skulle
938 813 51 14 vara

161 841 26 15 en
202 835 104 26 privilegii
329 835 65 27 fråga,
418 841 24 15 en
465 841 69 15 annan
557 835 285 27 sammanjemkningsgrund
864 835 54 21 hade
941 834 49 21 bort

160 863 68 27 följas,
252 864 90 21 sålunda
364 865 32 20 att
419 870 48 15 man
490 863 69 22 skulle
579 864 167 27 sammanjemka
761 864 23 21 åt
798 863 192 27 Borgareståndets

160 892 76 26 beslut,
252 892 69 21 såsom
344 892 37 21 det
396 892 160 27 privilegierade
579 893 95 26 Ståndet,
690 899 48 14 men
760 892 36 27 jag
822 895 35 18 vet
872 892 47 21 icke
934 891 56 22 huru

160 921 146 21 ledamöterne
322 921 30 21 uti
364 921 110 21 Utskottet
487 921 54 21 hade
552 921 81 21 kunnat
644 921 86 21 förorda
741 923 32 19 ett
783 920 68 28 dylikt
861 920 128 26 förfarande,

160 949 82 22 hvilket
258 956 26 15 en
300 950 52 21 ärad
368 950 66 21 talare
445 949 54 22 hade
510 949 102 22 förliknat
622 950 48 21 med
681 949 79 22 handel
771 949 46 22 med
829 949 71 27 gamla
910 949 81 22 kläder.

230 1006 58 22 Herr
303 1006 128 27 Liljeros:
462 1007 33 21 Då
517 1007 39 20 här
574 1009 24 18 är
614 1007 60 27 fråga
689 1013 35 15 om
741 1008 33 19 att
788 1007 73 26 styrka
876 1007 33 20 att
924 1006 66 27 bolag

160 1035 70 21 blifvit
245 1035 7 21 i
268 1035 64 27 laglig
347 1035 88 27 ordning
451 1041 18 16 o.
487 1041 16 15 s.
519 1041 26 20 v.,
556 1035 24 22 sä
595 1036 50 21 sker
660 1036 60 21 detta
733 1035 117 26 styrkande
861 1035 45 21 helt
916 1034 73 21 enkelt

160 1063 98 22 sålunda"
272 1066 33 19 att
324 1064 56 21 inför
403 1065 40 20 den
465 1064 123 27 myndighet
609 1064 39 21 hos
668 1063 85 22 hvilken
770 1070 48 15 man
834 1063 54 22 skall
904 1064 85 20 anmäla

159 1099 35 14 om
215 1092 75 27 bolags
306 1093 108 26 bildande,
430 1099 48 15 man
495 1093 65 26 begär
575 1095 31 19 ett
622 1092 199 27 protokollsutdrag
836 1091 97 22 deröfver
949 1092 40 21 och

160 1121 36 22 det
211 1127 65 15 anser
288 1121 38 27 jag
342 1127 51 15 vara
408 1121 44 21 lika
467 1121 41 21 lätt
523 1127 45 16 som
584 1123 33 20 att
631 1121 97 21 anskaffa
744 1123 65 19 annat
830 1121 66 27 intyg.
927 1121 61 20 Hvad

160 1150 47 21 åter
222 1150 37 21 det
282 1150 65 27 intyg,
364 1156 45 15 som
426 1150 39 21 här
480 1152 89 19 nämnas
585 1156 33 15 om
636 1150 140 25 vidkommer,
792 1150 23 20 så
831 1150 41 21 kan
890 1149 34 21 det
940 1149 49 21 leda

159 1178 33 21 till
214 1178 85 27 mycket
322 1185 58 14 mera
403 1178 174 27 obehagligheter
599 1179 34 20 för
656 1179 87 26 bolaget
758 1180 27 19 än
801 1179 40 20 den
858 1178 131 27 omständig-

159 1207 63 21 heten
238 1209 33 19 att
286 1207 102 21 förskaffa
404 1207 31 27 sig
450 1209 31 19 ett
497 1207 203 27 protokollsutdrag,
709 1209 23 25 ty
748 1213 49 15 man
811 1209 60 24 tager
888 1208 31 19 ett
929 1207 60 26 intyg

159 1236 24 21 af
197 1235 61 22 hvem
282 1242 49 15 man
348 1235 94 27 behagar
457 1235 40 22 och
513 1235 96 22 anmäler
623 1236 32 26 sig
671 1235 89 22 dermed
776 1235 37 22 hos
829 1235 162 22 vederbörande

159 1264 131 27 myndighet.
321 1264 42 22 Det
378 1265 69 21 måste
462 1264 114 22 ankomma
591 1264 28 27 på
634 1264 163 27 ifrågavarande
818 1264 123 27 myndighet
957 1266 32 19 att

159 1294 101 26 antingen
282 1295 79 25 antaga
384 1293 51 21 eller
457 1293 96 21 förkasta
579 1294 60 20 detta
662 1294 59 26 intyg
738 1293 39 21 och
801 1292 61 22 deraf
881 1292 42 22 kan
939 1292 51 27 följa

159 1322 76 21 trassel
251 1322 40 21 och
308 1322 82 26 besvär,
407 1322 84 21 hvarför
505 1322 43 26 jag,
561 1322 6 21 i
583 1322 68 21 likhet
666 1322 49 21 med
732 1322 56 21 Herr
803 1322 107 25 Boström,
921 1321 70 21 skulle

158 1350 86 22 förorda
270 1350 161 22 bibehållandet
446 1350 21 22 af
482 1351 41 21 den
544 1350 145 27 uppställning
705 1350 88 22 hvartill
808 1349 182 26 Borgareståndet

158 1379 91 21 kommit
264 1379 36 21 vid
316 1379 147 21 diskussionen
479 1379 22 21 af
516 1379 81 27 frågan.

228 1436 56 22 Herr
299 1436 49 22 Pro
360 1437 70 26 copé:
461 1436 74 22 Ehuru
559 1436 34 21 vid
616 1436 149 21 diskussionen
788 1436 23 21 af
825 1434 73 28 sjelfva
914 1434 76 27 frågan

158 1464 141 22 afhandlades
316 1471 33 15 om
366 1464 56 22 hvad
437 1465 63 21 ordet
515 1465 73 27 styrka
604 1465 39 21 och
660 1464 86 27 bilägga
761 1465 59 26 intyg
841 1464 109 24 innebära,
966 1463 24 21 så

158 1493 36 22 vill
215 1493 37 27 jag
273 1494 54 21 dock
349 1494 46 21 med
413 1493 114 27 anledning
547 1493 24 21 af
585 1494 41 21 den
642 1494 52 21 sista
710 1493 95 22 talarens
819 1493 101 27 yttrande
934 1492 57 21 fästa
