1078 1781
186 112 57 20 2270
386 118 179 19 Borgareständet
579 118 54 17 1877.
655 119 23 16 12
690 118 118 17 December.

186 187 55 22 hade
260 187 39 21 den
320 193 26 16 en
369 187 45 22 helt
435 193 71 16 annan
529 187 109 27 betydelse
660 190 28 19 än
703 188 6 21 i
725 187 122 22 Utskottets
870 187 140 22 betänkande.

186 215 43 22 Det
251 215 40 22 har
306 216 39 21 ock
361 217 55 20 varit
431 219 31 18 ett
477 216 23 21 af
512 216 81 26 skälen,
617 216 99 21 hvarföre
731 216 35 27 jag
782 215 49 22 ville
850 217 102 21 motsätta
968 216 46 26 mig

186 245 132 26 antagandet
332 244 24 22 af
369 245 40 21 den
425 244 78 27 nådiga
517 245 167 26 propositionen.
701 245 33 21 En
750 250 69 15 annan
831 245 64 21 orsak
904 244 39 21 har
956 245 56 20 varit

186 273 47 27 den,
248 275 33 19 att
293 273 37 26 jag
345 276 70 19 ansett
430 273 130 22 reservtiden
583 274 120 26 onödigtvis
720 273 69 21 blifvit
803 273 98 21 bestämd
912 273 33 22 till
961 273 51 21 allt-

187 301 33 22 för
238 301 56 27 lång.
324 301 40 22 Väl
379 301 74 22 funnes
469 304 56 19 ännu
540 302 68 21 andra
622 302 92 27 punkter
728 303 6 19 i
750 301 79 28 nådiga
844 301 169 27 propositionen,

185 330 73 21 hvilka
277 330 37 27 jag
329 330 47 21 icke
392 330 93 22 önskade
500 330 120 27 godkänna,
636 337 47 15 men
707 330 111 22 Utskottet
839 330 41 21 har
895 330 6 21 i
917 330 36 21 sitt
968 330 43 21 för-

185 359 47 26 slag
253 359 66 21 redan
343 359 121 21 modifierat
487 359 54 21 dem.
570 359 33 21 En
628 359 67 26 vigtig
720 359 44 25 sak,
781 365 45 15 som
842 359 20 20 vi
877 359 65 21 också
957 359 54 21 böra

185 387 64 28 lägga
264 387 28 27 på
306 388 88 26 minnet,
410 389 23 20 är
444 387 39 22 den
492 390 33 19 att
537 389 19 20 vi
565 394 76 21 genom
652 388 130 26 antagandet
795 387 21 21 af
827 390 32 18 ett
868 387 143 27 värnepligts-

185 416 87 27 förslag,
289 416 89 27 ungefär
392 417 28 26 på
435 416 41 22 den
491 417 69 26 grund
575 416 112 22 Utskottet
706 416 96 25 föreslår,
818 416 21 21 få
855 422 25 15 en
896 416 35 27 lag
946 416 64 21 hvar-

185 447 59 19 emot
266 445 41 20 den
323 445 20 20 vi
359 445 32 21 uti
406 444 161 27 ifrågavarande
587 445 99 22 afseende
701 451 28 15 nu
745 451 39 20 ega
799 446 24 20 är
838 445 80 26 ganska
934 445 78 21 osäker

185 473 39 22 och
248 473 94 21 bestämt
363 479 59 16 mera
442 473 106 22 beroende
563 473 24 21 af
600 476 112 25 regentens
728 473 111 27 godtycke.
856 475 26 19 än
898 473 55 21 hvad
968 473 42 21 den

185 502 39 21 bör
246 501 66 22 blifva
334 501 54 22 efter
404 502 128 27 antagandet
547 502 24 21 af
585 502 36 21 det
636 509 41 20 nya
692 501 108 28 förslaget.
831 502 65 21 Detta
910 508 35 15 ser
960 508 49 15 man

185 531 22 20 af
221 531 40 20 den
278 530 97 27 tolkning
390 533 134 18 reservanten
541 531 57 21 Herr
613 531 135 26 Silfversvan,
767 531 92 26 troligen
875 530 134 27 oafsigtligen

184 559 56 27 gjort
263 559 132 21 beträffande
416 561 32 19 7:e
463 559 94 27 punkten
581 559 22 21 af
623 560 53 21 1789
700 560 34 21 års
757 559 209 27 allmogeförsäkran,
982 565 27 15 en

185 587 98 27 tolkning
305 587 24 22 så
350 588 116 21 vidsträckt
486 590 31 19 att
539 588 129 21 åtminstone
686 588 37 26 jag
738 588 47 21 icke
800 588 48 21 ville
863 587 53 27 följa
930 587 78 22 honom

185 617 24 20 så
224 616 65 27 långt.
321 616 48 21 Men
392 616 59 22 äfven
475 617 69 20 denna
565 616 96 27 tolkning
676 617 85 21 förutan
777 616 39 21 har
831 616 60 21 Hans
906 615 103 27 Majestät

185 645 66 27 enligt
284 645 126 26 Förenings-
433 645 39 21 och
487 645 182 22 Säkerhetsakten
692 652 26 15 en
733 645 85 27 mycket
832 645 118 21 vidsträckt
964 647 45 18 rätt

183 674 36 21 vid
234 673 73 27 frägan
324 679 34 16 om
373 673 141 22 utkräfvande
529 674 22 21 af
564 674 84 21 militär.
673 674 42 27 Jag
730 680 62 15 anser
807 674 36 21 det
854 673 71 22 derför
937 673 72 21 bättre

184 702 32 21 för
238 702 74 22 landet
334 705 32 18 att
381 702 62 21 hafva
459 709 25 14 en
501 703 66 26 tydlig
582 702 35 27 lag
632 705 26 19 än
674 709 26 14 en
713 702 82 27 otydlig
815 702 73 25 sädan,
904 708 45 15 som
965 702 42 21 kan

183 731 72 21 tolkas
271 731 105 26 betydligt
391 733 110 24 strängare
516 733 26 19 än
558 737 29 15 nu
602 731 127 27 föreslagits.
755 730 31 22 På
796 731 68 26 grund
875 731 63 21 häraf
946 736 63 15 anser

182 760 36 26 jag
234 760 43 26 mig
292 759 53 21 böra
367 759 86 22 förorda
477 760 35 21 det
527 762 86 25 system,
629 766 45 15 som
689 760 23 21 af
725 759 243 27 Värnepligtsutskottet
983 761 26 19 är

183 788 142 27 accepteradt.

253 817 61 20 Dock
329 816 129 22 förbehäller
471 817 37 26 jag
523 817 44 26 mig
582 819 33 19 att
630 816 132 22 beträffande
776 816 59 21 säväl
851 815 72 28 sjelfva
934 815 72 22 försla-

183 847 43 25 get,
242 851 46 15 som
304 845 6 20 i
326 845 145 21 betänkandet
486 845 96 22 uttalade
598 845 165 27 önskningsmä!l,
780 845 7 20 i
801 845 101 21 händelse
915 845 37 26 jag
967 851 41 14 un-

183 874 37 21 der
243 874 147 21 diskussionen
406 874 18 27 ej
441 874 40 21 blir
496 874 123 27 äfvertygad
635 880 35 15 om
688 876 125 23 motsatsen,
829 873 21 22 fä
865 873 77 22 föreslä
954 874 53 20 änd-

182 903 78 26 ringar.
284 903 68 20 Bland
368 905 65 18 annat
448 902 48 21 ville
509 902 38 27 jag
561 903 6 20 i
583 903 137 26 förbigäende
736 904 82 24 nämna,
834 905 31 18 att
876 901 131 22 Ständernas

182 933 44 19 rätt
241 934 33 18 att
290 931 85 26 deltaga
385 931 7 20 i
402 931 39 21 den
452 931 93 21 militära
559 931 222 26 strafflagstiftningen
797 931 46 20 icke
854 931 63 20 bordt
927 931 79 21 uttalas

182 960 76 21 endast
280 959 69 22 säsom
366 962 31 19 ett
413 959 164 27 önskningsmäl,
594 963 51 18 utan
660 959 118 28 uppställas
800 959 70 22 säsom
886 959 75 21 vilkor.
979 971 24 3 —

181 988 62 21 Hvad
260 988 99 27 slutligen
374 988 130 22 vidkommer
519 988 40 21 den
571 988 145 21 betänkandet
726 988 112 27 vidfogade
847 988 158 21 reservationen

181 1016 85 22 föreföll
282 1017 40 21 den
338 1017 43 26 mig
395 1017 46 21 frän
457 1017 74 26 början
547 1017 72 27 vädlig
634 1017 39 21 och
688 1017 71 22 säsom
775 1019 32 19 ett
821 1016 111 21 utkastadt
947 1016 58 21 lock-

181 1045 55 22 bete.
268 1046 42 21 Det
332 1047 24 20 är
378 1045 71 27 gifvet,
470 1048 32 19 att
520 1045 80 22 enhvar
615 1046 24 21 af
653 1052 41 19 oss,
710 1045 28 22 dä
754 1045 36 21 det
801 1045 67 27 gäller
882 1045 74 26 frågan
972 1048 33 18 att

181 1076 79 25 antaga
282 1081 26 14 en
330 1074 171 27 värnepligtslag,
523 1075 68 20 mäste
603 1075 53 20 söka
671 1074 82 21 utfinna
768 1074 37 21 det
819 1075 49 24 sätt,
884 1073 82 22 hvilket
980 1076 27 19 är

180 1103 66 21 minst
269 1103 136 26 betungande
426 1103 40 22 och
488 1103 113 27 lindrigast
617 1103 31 21 för
664 1103 68 21 folket
754 1105 56 18 samt
832 1103 46 20 icke
894 1104 67 19 stöter
977 1103 27 25 pä

180 1131 79 22 hasard
278 1131 51 22 eller
347 1131 96 27 lottning.
474 1132 42 21 Det
535 1131 111 22 fordrades
664 1132 31 21 tid
710 1134 34 19 att
758 1131 93 28 granska
865 1137 35 15 om
916 1131 35 21 det
966 1137 40 14 var

178 1160 84 27 möjligt
277 1163 33 18 att
325 1160 123 27 genomföra
464 1160 51 21 eller
531 1161 18 26 ej
565 1160 55 21 hvad
632 1160 159 21 reservationen
808 1159 123 22 innehäller.
959 1159 47 21 Nu-

177 1195 60 15 mera
260 1189 65 21 sedan
345 1189 37 27 jag
397 1189 40 21 fätt
453 1189 119 21 kännedom
589 1195 33 15 om
639 1189 25 21 de
680 1188 101 27 speciella
797 1188 137 26 stadganden,
950 1194 54 20 som,

177 1217 109 22 baserade
304 1218 28 26 pä
350 1218 165 26 reservationen,
533 1218 70 21 blifvit
618 1218 7 21 i
640 1218 62 26 tryck
717 1218 59 20 inom
796 1217 84 21 ständet
896 1217 108 25 utdelade,

177 1246 39 22 har
231 1246 43 21 min
289 1246 89 27 farhäga
392 1246 34 22 hel
441 1246 40 22 och
497 1246 69 22 hällen
582 1246 118 22 försvunnit
716 1246 90 21 tillbaka
821 1246 49 21 med
885 1246 42 20 min
939 1245 64 22 oviss-

176 1274 44 27 het,
244 1275 105 21 huruvida
368 1282 49 14 man
433 1275 18 27 ej
469 1276 65 20 borde
549 1281 52 15 vara
615 1275 97 21 fackman
728 1274 33 22 för
776 1277 32 19 att
823 1275 72 21 kunna
910 1274 93 26 granska

176 1306 150 19 reservantens
339 1303 92 27 förslag
427 1298 9 36 ;
447 1306 22 24 ty
482 1304 37 26 jag
533 1304 57 21 inser
605 1310 28 14 nu
643 1306 33 19 att
687 1304 60 21 detta
759 1304 46 20 icke
817 1303 100 21 behöfves
928 1302 33 22 för
971 1308 33 16 att

175 1332 89 27 begripa
279 1335 33 18 att
326 1332 101 27 förslaget
443 1334 24 20 är
482 1332 104 28 odugligt.

244 1389 9 21 T
270 1390 105 21 anseende
398 1389 31 22 till
453 1390 39 21 den
517 1390 60 27 längt
597 1390 143 21 framskridna
762 1390 58 21 tiden
837 1402 26 2 —
880 1389 28 19 kl.
929 1388 74 20 visade

174 1418 81 21 inemot
270 1419 12 20 3
298 1425 19 14 e.
333 1424 27 15 m.
376 1431 25 2 —
420 1418 81 22 afbröts
523 1418 168 22 sammanträdet
706 1418 35 22 för
756 1421 32 19 att
802 1418 47 22 äter
868 1417 113 22 fortsättas
997 1418 5 20 i

175 1447 41 26 dag
230 1446 30 22 kl.
276 1447 13 21 6
305 1454 17 14 e.
339 1453 27 15 m.
