1078 1781
291 108 178 22 Borgareståndet
482 110 55 17 1877.
561 110 24 17 19
597 110 119 17 December.
855 104 58 21 2539

82 184 65 22 synes
170 177 124 28 lämpligare
315 178 40 21 och
373 178 129 27 beqvämare
525 185 34 14 om
579 178 247 27 Expeditionsutskottet
842 178 33 21 får
890 184 23 15 se

83 207 57 22 efter
155 206 39 22 och
209 209 56 19 rätta
280 207 181 27 kommateringar
476 207 40 22 och
531 207 69 27 dylikt
615 207 37 21 der
664 207 77 21 sådant
752 207 42 21 kan
803 206 108 22 behöfvas.

154 264 55 21 Herr
231 264 157 21 Lindelöf:
416 265 45 24 För
486 264 42 21 min
551 264 34 21 del
605 264 68 21 skulle
686 264 37 27 jag
739 270 51 15 anse
805 265 32 20 att
851 263 61 22 hvar-

85 293 42 22 ken
142 293 148 26 Expeditions-
306 293 53 21 eller
371 293 244 27 Värnepligtsutskottet
630 292 68 22 skulle
711 292 21 21 få
747 293 6 20 i
769 292 96 27 uppdrag
880 294 32 19 att

85 321 116 21 verkställa
224 321 106 24 rättelser,
352 322 89 21 emedan
464 321 37 22 det
523 323 24 20 är
565 321 107 27 sjelffallet
687 323 33 19 att
735 327 34 15 om
786 321 36 21 det
837 321 75 21 endast

84 350 68 26 gäller
173 350 187 26 kommateringar,
382 350 81 21 sådana
486 350 106 25 rättelser,
617 356 33 15 om
674 350 26 21 de
722 349 97 22 befinnas
834 349 78 27 nödiga

83 379 85 21 komma
183 380 32 19 att
230 378 126 22 verkställas
370 379 25 21 af
408 379 252 27 Expeditionsutskottet.

153 435 30 22 På
198 436 56 21 Herr
264 435 170 22 Talmannens
463 435 106 28 tillfrågan
581 436 66 27 ansåg
660 435 90 22 Ståndet
760 437 32 19 att
802 435 56 21 Herr
867 435 44 21 Bo-

81 465 80 20 ströms
183 464 139 27 anmärkning
345 464 47 22 icke
415 465 66 20 borde
493 465 33 21 till
541 465 70 26 någon
627 464 76 27 åtgärd
718 463 116 27 föranleda,
850 463 61 22 hvar-

82 495 59 19 emot
161 493 36 21 det
212 493 21 21 af
247 493 55 21 Herr
318 493 23 21 E.
358 493 71 27 Bergh
444 493 113 22 anmärkta
571 493 90 26 tryckfel
676 493 66 21 borde
757 493 84 20 ändras.
870 491 40 23 Be-

83 521 104 22 träffande
209 522 74 26 frågan
306 522 60 21 hvem
390 528 45 15 som
457 522 70 21 skulle
550 522 116 21 verkställa
688 521 117 26 ändringen
823 520 25 22 af
861 521 49 21 de
898 516 16 36 i

82 553 72 18 texten
180 550 108 27 befintliga
311 550 90 27 tryckfel
424 550 39 21 och
486 551 92 26 origtiga
600 550 186 27 kommateringar,
808 549 102 22 förenade

81 579 33 26 sig
129 579 90 21 Ståndet
234 579 7 20 i
256 579 36 21 det
307 579 24 21 af
345 579 56 22 Herr
416 579 98 21 Lindelöf
527 579 76 27 gjorda
619 579 116 21 uttalande.

152 635 100 22 Härefter
274 636 100 27 föredrog
396 637 57 20 Herr
468 636 186 21 Talmannen
674 635 40 22 den
729 635 6 21 i
752 635 65 22 slutet
832 635 25 21 af
869 635 39 21 sid.

80 665 26 20 51
125 665 6 20 i
147 664 245 22 Utskottsbetänkandet
413 665 92 21 berörda
527 665 75 26 frågan
621 671 35 15 om
679 664 71 21 hvilka
765 663 26 29 85
806 664 7 21 i
828 664 80 21 Värne-

81 693 128 28 pligtslagen
224 693 67 22 borde
306 700 62 15 anses
383 700 51 15 vara
449 693 23 22 af
486 693 186 28 grundlagsnatur.

151 751 56 20 Herr
228 750 150 27 Procopé:
408 751 42 26 Jag
468 757 63 15 anser
546 752 33 19 att
594 751 66 20 orden
676 766 11 9 ,,
690 749 148 22 motsvarande
855 750 18 27 1,
889 751 19 24 2,

81 780 20 25 4,
117 780 20 25 5,
153 780 20 25 6,
189 781 18 24 7,
222 780 19 24 8,
258 780 20 24 9,
295 781 32 24 14,
344 781 32 24 18,
392 780 34 25 24,
441 780 35 26 26,
493 781 33 24 27,
545 780 46 24 127,
610 779 46 24 128,
673 780 47 23 129,
734 779 47 23 130,
793 780 47 24 131,
851 779 6 20 i
868 778 40 21 den

82 807 77 27 nådiga
175 808 170 27 propositionens
361 809 63 25 text,"
439 808 68 21 borde
522 809 52 26 utgå
589 814 26 15 ur
630 807 106 22 klämmen
752 807 28 22 då
795 807 39 21 den
845 813 63 20 expe-

81 837 78 26 dieras;
181 836 26 21 de
229 839 37 19 äro
290 836 56 22 blott
368 837 83 21 införda
474 837 39 21 här
535 837 34 21 för
592 839 32 19 att
645 843 49 14 man
710 836 77 21 lättare
802 835 35 22 må
851 836 58 21 finna

79 865 56 22 dem.

149 922 57 21 Herr
228 922 32 21 W.
279 921 131 28 Nystén:
440 923 41 26 Jag
504 923 33 20 för
553 922 43 21 min
612 922 34 21 del
662 921 68 22 skulle
746 921 111 22 hemställa
872 927 36 15 om

80 951 48 21 icke
143 951 119 21 diskussion
279 951 66 21 borde
360 957 39 21 ega
415 957 46 15 rum
477 951 102 21 särskildt
595 950 32 22 för
642 951 72 26 hvarje
729 950 23 22 af
766 951 26 20 de
806 956 102 21 paragra-

79 980 39 25 fer,
140 985 45 15 som
208 979 112 22 Utskottet
335 979 111 28 föreslagit
461 982 34 19 att
510 980 65 21 borde
592 979 69 22 såsom
676 979 116 26 grundlags
806 985 101 20 paragra-

78 1008 33 21 fer
125 1014 68 15 anses.

149 1065 56 21 Herr
226 1065 125 27 Nybom:
382 1066 41 26 Jag
445 1065 50 21 ville
518 1067 53 25 göra
594 1071 82 15 samma
696 1065 79 26 förslag
790 1071 46 15 som
852 1064 55 21 Herr

80 1094 81 27 Nystén
176 1094 39 21 och
232 1100 61 15 anser
308 1094 60 21 detta
383 1094 63 27 högst
461 1094 138 27 nödvändigt,
615 1100 48 15 men
675 1093 37 28 jag
724 1099 63 16 anser
796 1093 69 21 tillika
875 1094 33 19 att

79 1123 22 21 vi
123 1122 66 21 borde
203 1122 27 27 gå
245 1122 84 27 igenom
345 1122 110 22 hvarenda
470 1122 103 28 paragraf
587 1123 47 21 icke
649 1123 76 20 endast
736 1123 55 24 dem,
806 1127 46 16 som
868 1121 39 22 Ut-

78 1151 82 21 skottet
183 1151 110 26 föreslagit
315 1153 33 19 att
369 1151 69 21 skulle
454 1157 62 15 anses
532 1157 51 15 vara
599 1151 24 21 af
636 1151 115 27 grundlags
766 1152 69 20 natur.
864 1150 44 21 Det

79 1179 55 22 hade
156 1179 55 22 varit
234 1179 46 22 skäl
302 1182 34 19 att
353 1180 66 21 redan
435 1180 68 21 under
519 1180 146 21 diskussionen
680 1179 22 22 af
717 1179 136 27 lagförslaget
868 1178 38 21 be-

77 1210 92 19 stämma
184 1208 70 21 hvilka
270 1208 124 27 paragrafer
409 1208 69 21 skulle
493 1215 62 15 anses
571 1209 64 20 hafva
648 1208 116 27 grundlags
779 1210 68 23 natur,
859 1213 47 15 men

77 1237 30 21 då
121 1237 24 21 så
159 1237 46 21 icke
220 1237 86 27 skedde,
323 1237 23 21 så
362 1237 66 22 borde
444 1237 37 22 det
496 1243 28 15 nu
539 1239 69 25 göras.

147 1294 56 22 Herr
234 1295 139 26 Ignatius:
404 1294 75 22 Ehuru
492 1295 38 27 jag
545 1294 47 22 icke
607 1294 38 22 vill
660 1296 101 20 motsätta
776 1293 43 27 mig
834 1293 36 21 det
885 1292 23 22 af

78 1323 81 21 Herrar
180 1323 81 27 Nystén
284 1323 40 21 och
347 1322 83 28 Nybom
445 1322 122 28 föreslagna
585 1325 66 19 sättet
667 1323 33 21 för
714 1322 156 28 granskningen
885 1322 23 20 af

77 1351 74 27 hvarje
173 1351 101 27 paragraf
291 1351 109 27 särskildt,
419 1352 24 21 så
458 1352 39 21 ber
509 1352 38 27 jag
562 1358 35 15 om
613 1354 32 19 att
660 1352 22 21 få
697 1352 69 21 uttala
782 1351 36 21 det
833 1350 73 22 tvifvel

74 1380 39 27 jag
137 1382 62 25 hyser
220 1382 33 19 att
276 1380 68 27 någon
368 1381 55 21 enda
437 1380 24 22 af
475 1380 63 22 dessa
560 1380 124 28 paragrafer
708 1380 65 22 borde
795 1381 63 25 göras
873 1378 33 22 till

77 1408 111 28 grundlag.
218 1408 154 22 Förhållandet
394 1411 24 19 är
439 1411 34 19 att
497 1409 120 22 Ständerne
642 1408 142 28 uttryckligen
809 1406 96 27 anhållit,

77 1438 6 20 i
100 1438 52 20 sista
176 1440 116 19 momentet
316 1438 28 26 på
368 1438 63 21 sidan
450 1438 35 26 89,
510 1440 31 19 att
565 1438 70 21 denna
657 1437 124 27 författning
802 1436 53 22 efter
880 1437 25 20 10

75 1466 27 20 år
128 1466 67 21 skulle
212 1466 140 22 underkastas
368 1466 91 22 revision
476 1466 40 22 och
534 1466 102 22 särskildt
651 1466 6 22 i
672 1466 62 27 fråga
749 1472 34 16 om
798 1465 108 22 allmänna

76 1494 145 28 värnepligten
243 1494 40 22 och
306 1495 48 21 dess
377 1494 127 28 lämplighet
527 1497 37 19 äro
585 1495 107 27 åsigterna
714 1495 46 21 icke
783 1494 48 22 fullt
848 1494 57 21 stad-
