1078 1781
298 120 183 22 Borgareståndet
492 122 59 27 1878.
575 122 25 17 12
611 121 95 18 Januari.
867 116 57 22 2867

165 189 68 24 Ordet
246 190 105 27 begärdes
365 190 24 22 af

165 248 56 21 Herr
235 247 26 22 E.
276 247 94 27 Bergh,
378 253 46 16 som
431 247 98 27 yttrade:
559 247 43 27 Jag
613 248 35 21 vet
662 247 48 22 icke
720 253 36 16 om
767 253 76 20 genom
854 247 70 22 denna

95 276 127 28 inbjudning
244 275 119 22 chancerna
385 276 33 21 för
440 276 115 22 vinnandet
577 275 22 22 af
619 282 26 15 en
660 275 141 28 dissenterlag
815 276 28 27 på
858 275 66 27 något

96 307 44 20 sätt
154 307 39 20 äro
208 304 108 26 förökade,
331 306 23 26 ty
367 304 38 28 jag
420 304 86 22 befarar
515 306 33 20 att
563 305 41 21 den
620 304 7 21 i
641 304 44 22 alla
700 304 115 22 händelser
829 303 55 22 skall
902 304 24 23 af

95 332 162 23 Bondeståndet
278 334 70 21 mötas
370 333 48 22 med
441 328 33 37 ett
485 333 130 28 beklagligt
637 333 40 27 nej,
692 339 48 16 men
756 339 34 15 om
805 338 30 16 nu
849 333 74 27 frågan

95 362 83 21 således
192 362 7 21 i
214 361 43 22 alla
272 361 38 22 fall
324 361 97 22 kommer
435 363 34 20 att
483 361 93 26 förfalla,
591 362 25 21 så
631 361 70 22 skulle
712 361 38 28 jag
764 361 65 28 tycka
843 363 33 20 att
886 361 37 22 det

96 390 55 22 dock
166 396 50 16 vore
230 390 24 21 af
267 391 51 26 vigt,
340 391 28 26 på
390 390 86 22 hvilken
498 390 49 22 sida
560 397 49 15 man
631 391 53 26 står,
698 392 40 20 när
752 390 66 22 saken
833 390 89 22 sålunda

95 419 97 22 kommer
207 421 31 20 att
254 419 22 22 få
291 421 31 20 ett
337 418 49 26 slut,
405 425 46 16 som
471 419 48 22 icke
533 425 67 21 gerna
621 419 43 22 kan
679 425 63 16 anses
756 425 51 16 vara
821 418 101 28 önskligt.

95 447 45 22 För
153 448 44 21 min
213 447 33 22 del
262 450 46 19 tror
320 448 38 27 jag
372 449 33 20 att
420 448 37 21 det
472 454 51 15 vore
539 448 72 21 bättre
625 450 33 19 att
673 447 21 22 vi
708 447 70 22 skulle
789 447 70 28 stå
835 443 26 36 på
865 454 58 15 sam-

95 481 36 17 ms
145 476 52 26 sida,
213 482 45 16 som
274 476 157 27 Ridderskapet
447 476 40 22 och
502 477 77 26 Adeln,
595 476 87 22 hvarför
694 476 38 27 jag
749 476 95 27 föreslår,
859 478 33 20 att
902 477 20 20 vi

94 505 8 21 i
117 505 46 22 allo:
175 505 69 22 skulle
258 505 51 27 ingå
323 505 29 27 pä
366 505 159 28 Ridderskapet
539 505 40 22 och
594 505 82 22 Adelns
690 505 131 27 inbjudning.

163 563 56 21 Herr
234 562 157 22 Fabritius:
421 562 42 27 Jag
486 563 34 21 för
535 563 43 21 min
594 563 34 21 del
643 563 48 21 åter
704 563 71 21 skulle
790 562 84 27 föreslå,
888 564 34 21 att

95 591 158 27 Ridderskapet
275 591 42 22 och
336 591 80 22 Adelns
431 591 128 28 inbjudning
583 592 67 21 måtte
673 591 113 22 förkastas.
822 591 42 28 Jag
879 591 42 22 kan

94 619 47 22 icke
157 620 61 26 finna,
234 621 34 20 att
283 620 36 21 det
334 621 25 20 är
373 620 70 27 någon
458 619 73 27 rimlig
545 619 114 28 anledning
674 622 33 20 att
722 622 42 23 tro,
773 621 33 21 att
815 619 107 28 Borgare-

94 648 86 23 ståndet
194 654 75 21 genom
285 649 130 27 antagandet
429 648 24 22 af
466 649 158 27 Ridderskapet
639 649 39 22 och
700 648 80 22 Adelns
796 648 126 27 inbjudning

94 677 70 22 skulle
177 677 99 22 befordra
291 677 77 22 sakens
383 677 92 28 lyckliga
490 677 89 27 lösning,
595 677 89 22 emedan
699 677 158 27 Ridderskapet
880 677 42 22 och

94 705 82 25 Adelns
190 706 76 26 beslut,
281 712 46 15 som
342 709 56 18 mest
412 706 76 27 skiljer
503 707 31 26 sig
549 706 47 22 från
606 707 26 21 de
640 706 69 27 öfriga
718 705 113 26 Ständens,
842 706 79 22 saknar

94 734 44 22 den
150 735 79 22 minsta
243 735 87 27 möjliga
345 735 67 26 utsigt
426 737 34 20 att
470 735 65 22 vinna
543 735 62 22 deras
612 735 162 26 godkännande.
803 734 41 27 Jag
851 734 70 23 skulle

94 763 69 22 hellre
186 763 60 22 hålla
271 763 45 22 före
338 765 34 20 att
394 763 193 28 Borgareståndets
617 763 69 22 beslut
713 763 71 22 kunde
810 763 110 22 föranleda

94 791 35 22 tilk
142 794 31 19 ett
187 794 133 25 gemensamt
334 791 165 23 Ständerbeslut
514 793 40 21 och
570 792 89 22 föreslår
678 792 71 21 derför
763 794 33 20 att
810 791 27 22 de
852 791 68 28 öfriga

94 820 95 23 Ständen
204 827 77 21 genom
303 820 198 28 protokollsutdrag
519 821 100 27 inbjudas
633 823 33 20 att
681 821 75 22 förena
770 821 32 27 sig
817 826 35 16 om
866 821 55 21 Bor-

94 849 149 28 gareståndets
258 849 71 22 beslut
343 850 7 21 i
366 849 27 22 de
407 849 100 28 punkter,
523 849 60 22 hvari
599 850 26 21 de
640 849 63 28 skilja
718 849 37 28 sig.

163 906 57 22 Herr
234 906 160 23 Molander:
425 907 34 21 Då
474 913 57 21 man,
547 907 70 22 såsom
633 907 56 22 Herr
698 907 72 27 Bergh
780 907 65 22 redan
855 907 66 22 fram-

94 935 77 22 ställde
192 935 72 26 saken,
287 937 24 20 är
333 935 124 28 öfvertygad
473 942 34 15 om
523 937 34 20 att
572 935 75 28 frågan
662 935 68 22 måste
745 936 86 21 förfalla
845 942 75 19 genom

94 963 26 22 de
142 963 70 22 andra
231 964 105 22 Ståndens
355 964 41 27 nej,
415 965 24 21 så
454 963 70 22 skulle
538 964 37 27 jag
589 964 33 21 för
637 965 42 21 min
695 965 34 21 del
744 965 63 21 äfven
821 970 51 16 anse
888 967 33 20 att

94 993 23 20 vi
136 992 67 22 borde
223 995 79 25 antaga
316 993 159 27 inbjudningen,
492 993 40 22 och
547 993 37 21 det
599 993 23 21 så
637 993 84 27 mycket
736 993 66 22 hellre
818 999 51 21 som,
885 999 35 16 om

93 1021 21 21 vi
129 1021 100 22 vidblifva
243 1021 192 28 Borgareståndets
450 1021 146 28 formulering,
612 1028 49 15 man
676 1022 42 21 kan
728 1029 52 14 vara
790 1022 42 22 viss
842 1028 34 15 om
887 1023 33 21 att

93 1049 65 22 saken
173 1049 69 28 aldrig
256 1050 96 21 kommer
367 1051 32 20 att
414 1050 21 21 få
451 1051 33 20 sin
499 1050 90 27 lösning.

161 1107 57 22 Herr
239 1107 171 27 Lindberg:
439 1107 43 28 Jag
504 1107 86 22 förenar
612 1108 42 27 mig
677 1108 48 22 med
740 1108 57 22 Herr
810 1108 109 22 Fabritius

93 1135 43 22 och:
156 1136 37 21 det
213 1136 29 27 på
264 1136 26 21 de
306 1136 53 27 skäl,
374 1143 46 16 som
436 1137 65 26 förut,
516 1137 36 21 vid.
567 1137 155 26 behandlingen
738 1137 23 22 af
775 1137 69 22 denna
859 1137 59 27 fråga

91 1165 58 21 inom
172 1164 97 26 Ståndet,
283 1165 123 22 framkallat
420 1165 103 22 Ståndets
538 1165 77 22 beslut.
645 1165 94 28 Frågans
755 1166 80 27 utgång
849 1165 7 22 i
871 1165 47 22 huf-

93 1193 81 22 vudsak
190 1195 24 20 är
228 1193 57 22 ändå
299 1194 70 27 gifven
384 1194 41 22 och
440 1194 33 21 för
489 1194 36 21 det
541 1194 105 27 olyckliga
660 1195 50 26 slut,
726 1195 69 21 denna
809 1193 59 28 fråga
883 1194 35 21 vid

93 1221 59 22 detta
176 1221 148 23 Ständermöte
344 1222 97 23 kommer
455 1224 34 20 att
504 1223 28 26 få,
548 1223 62 21 torde
626 1223 62 27 ingen
704 1223 96 28 beskylla
814 1223 104 27 Borgare-

91 1250 93 28 ståndet,
199 1253 58 25 utan,
272 1252 49 21 med
336 1253 62 26 rätta,
415 1252 26 22 de
456 1252 138 26 högvördiga.

160 1308 56 22 Herr
238 1309 125 27 Procopé:
394 1308 44 22 För
460 1310 45 21 min
527 1309 35 22 del
583 1309 43 22 kan
646 1309 38 27 jag
704 1310 47 22 icke
766 1310 7 20 i
788 1309 67 22 likhet
869 1309 49 21 med

92 1337 55 28 dem,
169 1344 46 15 som
235 1337 87 22 förorda
336 1338 134 27 antagandet
484 1338 25 22 af
521 1338 153 27 inbjudningen
688 1339 52 27 utgå
752 1338 46 22 från
814 1338 41 22 den
870 1344 48 21 syn-

89 1366 97 27 punkten
209 1368 32 20 att
262 1366 74 27 frågan
358 1366 57 22 skall
430 1366 98 27 förfalla;
556 1367 33 21 för
604 1367 43 21 min
663 1366 34 22 del
712 1370 46 18 tror
771 1367 36 27 jag
822 1369 33 19 att
867 1372 51 16 man

89 1400 90 16 snarare
200 1394 40 22 bör
254 1394 86 22 försöka
354 1395 22 21 få
391 1395 75 27 frågan
482 1396 43 21 löst
539 1396 70 22 såsom
625 1402 35 15 om
676 1396 39 21 den
731 1396 46 21 icke
792 1395 69 22 skulle
875 1395 43 21 för-

90 1422 52 22 falla
163 1425 52 20 utan
237 1422 66 23 blifva
324 1424 22 21 af
360 1423 120 23 Ständerne
495 1424 106 27 godkänd,
617 1424 39 22 och
672 1424 28 22 då
715 1424 89 22 Ståndet
819 1424 35 21 vid
868 1423 50 22 dess

89 1452 128 27 föregående
239 1452 128 27 behandling
390 1452 22 22 af
432 1452 77 28 frågan
531 1452 129 28 fullkomligt
678 1454 54 26 tagit
747 1453 80 27 hänsyn
842 1451 33 22 till
890 1452 27 22 de

89 1480 54 26 skäl,
166 1480 155 28 Ridderskapet
341 1481 40 21 och
404 1481 70 22 Adeln
497 1488 29 15 nu
549 1481 117 22 framställt
686 1482 35 21 för
742 1484 34 20 att
797 1481 36 21 det
847 1480 69 22 skulle

89 1508 75 22 förena
185 1509 33 27 sig
232 1509 48 22 med
295 1509 118 23 sistnämda
428 1510 75 27 Stånd,
518 1510 25 22 så
557 1510 34 22 får
603 1510 38 28 jag
655 1510 85 22 biträda
755 1510 37 22 det
805 1508 111 23 uttalande
