1078 1781
157 103 59 21 2914
373 108 178 23 Borgareständet
563 108 56 18 1878.
645 109 23 17 18
681 108 95 18 Januari.

228 177 138 22 Beträffande
388 176 37 23 det
445 176 88 23 därnäst
551 176 94 29 följande
670 177 103 28 förslaget
788 177 93 28 uppstod
896 176 92 28 följande

158 205 134 23 diskussion:

227 263 58 21 Herr
307 263 193 27 Tengström:
531 262 37 23 Uti
584 263 37 22 det
635 263 66 25 skick,
717 263 86 22 hvartill
816 263 66 21 saken
892 262 95 25 kommit,

157 293 26 20 är
207 292 37 21 det
266 292 34 21 väl
323 291 83 27 fåfängt
428 291 39 22 och
489 291 107 27 förgäfves
619 294 32 19 att
666 291 79 22 föreslå
760 293 69 25 någon
844 291 145 27 förändring
977 287 16 35 i

159 321 40 21 den
219 320 147 27 underdåniga
382 320 133 25 hemställan,
531 326 46 15 som
593 320 40 21 här
647 320 143 27 ifrågasättes,
806 327 48 15 men
866 320 38 27 jag
918 319 70 23 skulle

157 349 57 22 dock
235 355 52 16 anse
308 349 37 21 det
367 349 74 27 nödigt
462 351 33 19 att
517 349 174 21 reservationsvis
709 349 103 22 anmärka
827 351 33 19 att
872 349 38 27 jag
924 355 64 16 anser

157 378 123 27 grunderna
296 377 32 22 för
343 377 155 27 bevillningens
513 378 120 26 utgörande
648 377 33 22 för
696 378 36 21 det
748 377 132 22 närvarande
895 383 51 16 vara
961 377 26 22 de

157 408 59 20 rätta
236 406 41 22 och
300 412 67 15 sanna
390 412 44 15 som
451 406 52 21 böra
518 405 71 28 följas;
612 408 31 19 att
660 406 153 26 bevillningens
829 407 89 20 resultat
933 406 54 21 varit

157 435 25 21 så
204 435 220 25 otillfredsställande,
447 435 76 21 härrör
545 435 63 21 deraf
621 437 33 19 att
668 435 160 26 tillämpningen
844 435 46 21 icke
906 435 82 21 kunnat

157 463 38 22 ske
211 465 45 20 rätt
270 463 41 22 och
326 463 7 21 i
350 463 219 22 öfverensstämmelse
584 463 49 22 med
648 463 94 22 faktiska
757 463 167 28 förmögenhets-
935 463 52 22 eller

158 492 107 27 egentliga
284 491 248 22 inkomstförhållanden.
564 492 42 21 Det
625 494 23 19 är
663 492 7 21 i
686 492 60 21 detta
761 492 61 27 syfte,
839 498 45 15 som
897 492 36 26 jag
948 498 38 15 an-

157 527 35 15 ser
215 523 33 19 att
270 520 103 22 reformer
394 527 50 15 vore
462 521 139 26 vödvändiga,
620 527 47 15 men
684 521 18 27 ej
719 520 133 22 beträffande
866 521 121 26 grunderna

159 549 36 22 för
219 549 155 28 bevillningens
397 549 123 26 utgörande,
547 549 73 21 hvilka
645 549 141 27 ovilkorligen
811 551 37 20 äro
874 549 25 22 de
924 551 62 19 rätta.

158 578 76 22 Såsom
258 577 38 28 jag
318 578 66 21 redan
407 578 97 25 nämnde,
519 578 36 21 vill
569 578 38 27 jag
621 578 76 21 endast
712 577 176 22 reservationsvis
903 577 85 22 anmäla

157 607 45 21 min
217 607 93 27 mening,
326 607 28 21 då
370 607 36 21 det
420 608 25 19 är
460 606 32 22 för
507 609 47 19 sent
569 609 32 19 att
616 607 149 21 åstadkomma
780 607 69 27 någon
863 606 124 27 förändring

157 635 32 22 uti
205 635 37 22 det
257 635 121 27 föreslagna
393 635 98 22 beslutet.

227 693 57 21 Herr
299 692 152 27 Ignatius:
482 692 47 21 Mot
544 692 56 21 Herr
615 692 137 27 Tengströms
762 693 107 26 yttrande,
881 695 32 19 att
923 698 64 21 grun-

158 721 65 22 derne
245 721 34 22 för
301 721 153 27 bevillningens
473 721 120 27 utgörande
609 727 49 15 vore
674 721 26 21 de
715 721 84 27 rigtiga,
816 721 38 22 ber
866 721 38 28 jag
919 722 32 21 att
965 720 21 22 få

157 751 54 25 göra
233 750 67 26 några
322 750 170 26 anmärkningar.
522 750 42 26 Jag
579 751 46 20 tror
639 751 33 20 att
687 750 6 20 i
709 750 43 21 alla
768 750 73 21 länder
857 749 129 22 inkomstbe-

157 778 116 27 villningen
296 778 39 21 har
358 779 54 20 visat
428 779 31 26 sig
474 785 51 14 vara
541 778 40 21 den
598 781 54 18 mest
667 778 115 27 olämpliga
798 778 22 21 af
834 779 42 21 alla
892 779 93 21 beskatt-

157 807 81 27 ningar.
270 807 47 22 Den
340 809 24 19 är
386 807 101 26 olämplig
509 807 66 21 redan
598 813 25 14 ur
645 806 98 22 financiel
769 807 113 28 synpunkt,
898 807 88 22 emedan

158 836 41 21 den
215 836 7 21 i
237 836 55 21 intet
312 835 51 23 land
382 835 109 27 inbringar
513 835 123 28 nägonting.
666 830 32 27 Är
720 836 56 21 1864
798 838 15 19 t.
830 843 31 14 ex.
878 835 108 28 utgjordes

157 864 189 27 bevillningsskatt
361 864 6 21 i
382 864 112 27 Preussen,
510 871 45 14 som
572 864 27 21 dä
614 864 94 21 räknade
719 864 59 22 öfver
789 865 127 26 18,000,000
927 865 59 20 inne-

157 893 85 27 vänare,
258 893 22 21 af
294 893 76 21 endast
386 894 74 25 68,111
478 899 107 20 personer.
616 893 42 21 Det
674 893 78 21 minsta
767 893 84 27 belopp,
862 893 34 21 för
905 893 81 21 hvilket

157 928 50 15 man
231 922 73 21 erlade
319 921 119 27 bevillning,
454 928 39 15 var
509 922 62 26 1,000
586 921 74 22 thaler.
691 921 110 22 Beräknar
816 928 48 15 man
881 921 6 22 i
905 928 81 15 samma

157 951 127 26 proportion
300 951 6 20 i
322 949 90 22 Finland
435 950 24 21 sä
481 949 67 22 finner
569 956 49 15 man
637 950 39 21 här
698 951 36 20 det
750 950 58 21 antal
824 956 101 21 personer
940 956 45 15 som

158 979 56 21 hade
237 985 27 15 en
288 979 93 21 inkomst
396 980 23 20 af
432 978 58 22 öfver
506 979 63 26 3,750
584 979 67 25 mark,
668 979 80 21 hvilket
764 979 89 26 ungefär
868 982 118 18 motsvarar

157 1009 62 20 tusen
243 1007 76 26 thaler,
342 1009 76 25 utgöra
441 1008 70 25 7,000,
533 1008 38 21 och
596 1009 39 19 när
657 1013 47 16 man
723 1007 100 22 besinnar
838 1009 32 20 att
884 1007 102 22 Finlands

157 1036 127 27 befolkning
304 1036 98 27 utgjorde
417 1037 88 26 ungefär
521 1036 37 27 !/,,
573 1035 23 22 af
611 1036 115 21 Preussens
742 1035 122 27 befolkning
880 1037 24 20 sä
918 1036 67 21 skulle

157 1065 91 22 sålunda
272 1064 92 22 Finland
387 1065 80 21 relatift
488 1064 55 22 efter
565 1065 67 26 sagda
653 1065 81 21 minimi
757 1064 77 28 belopp
862 1064 62 22 hafva
954 1067 31 19 ett

157 1095 69 20 större
248 1093 59 22 antal
329 1099 108 22 personer,
460 1099 45 16 som
527 1093 72 22 betala
614 1093 121 28 bevillning,
752 1095 27 19 än
794 1093 111 22 Preussen.
935 1093 50 22 Man

157 1122 43 22 kan
223 1122 91 21 sålunda
329 1122 18 27 ej
363 1122 94 27 åberopa
473 1122 40 21 den
529 1122 67 27 grund
612 1123 33 20 att
660 1122 26 21 de
702 1121 223 28 bevillningsskyldige
940 1122 45 24 här,

157 1151 91 22 oaktadt
263 1151 76 26 många
354 1151 113 26 missbruk,
482 1151 69 21 skulle
566 1150 55 21 varit
637 1157 58 15 mera
709 1151 86 26 hugade
805 1153 33 19 att
848 1151 138 26 undandraga

157 1179 33 28 sig
212 1179 239 28 inkomstbevillningen
474 1181 26 20 än
523 1179 32 22 uti
576 1179 67 22 andra
662 1179 81 22 länder.
772 1179 41 26 Jag
830 1181 45 19 tror
889 1179 95 27 sålunda,

157 1210 33 19 att
213 1209 37 20 det
270 1210 24 19 är
308 1208 49 21 fullt
373 1208 45 21 skäl
435 1209 32 20 att
481 1208 54 21 söka
550 1208 67 21 andra
631 1209 101 26 grunder,
747 1207 110 22 hvarefter
872 1214 25 15 en
913 1208 72 21 bevill-

156 1237 52 27 ning
230 1237 36 21 må
288 1239 94 25 utgöras.
411 1237 42 21 För
475 1237 64 27 öfrigt
561 1237 36 21 vill
617 1236 37 27 jag
675 1237 71 21 erinra
769 1237 72 21 derom
857 1239 32 19 att
901 1236 37 28 jag
952 1237 34 21 för

156 1266 44 21 min
223 1266 35 21 del
280 1266 46 21 icke
342 1267 70 20 ansett
428 1266 35 21 det
480 1265 98 27 lämpligt
593 1267 32 20 att
641 1265 119 22 Ständerne
775 1265 68 21 skulle
858 1265 127 27 petitionera

157 1294 80 22 derom.
267 1294 42 28 Jag
324 1301 62 15 anser
402 1296 31 20 att
448 1294 128 22 kommande
591 1294 92 22 Ständer
698 1294 54 22 böra
767 1300 40 21 ega
821 1294 39 21 full
875 1294 63 21 frihet
953 1296 33 19 att

150 1323 88 21 -utfinna
260 1330 42 20 nya
324 1322 99 28 grunder.
454 1323 49 21 Men
527 1323 26 21 då
576 1323 35 21 två
632 1322 66 22 Stånd
714 1322 85 27 engång
813 1322 65 22 fattat
893 1322 92 22 beslut
974 1318 14 36 i

157 1352 65 20 saken
246 1352 40 21 och
302 1352 62 21 deras
380 1351 69 22 beslut
465 1352 188 21 öfverensstämma
668 1352 48 20 med
734 1351 250 27 Bevillningsutskottets

156 1380 142 27 betänkande,
314 1380 45 20 blef
371 1380 320 28 sammanjemkningsförslaget
706 1380 78 21 sådant
799 1380 36 22 det
850 1382 30 19 är.

226 1438 58 21 Herr
305 1438 192 26 Tengström:
527 1438 56 21 Herr
606 1437 78 28 lgnatii
707 1437 118 22 anförande
840 1437 83 22 bevisar
938 1437 46 23 icke

157 1468 65 26 något
244 1469 65 19 annat
332 1468 26 20 än
383 1466 55 22 hvad
460 1467 35 27 jag
516 1466 63 28 yrkat
603 1466 39 22 och
663 1466 89 28 påstått,
775 1466 105 27 nämligen
896 1468 32 20 att
944 1466 39 22 den

155 1495 103 22 behållna
272 1496 121 21 inkomsten
409 1497 24 20 är
448 1495 41 22 den
504 1494 113 23 teoretiskt
632 1497 70 25 tagna,
719 1494 112 28 rigtigaste
846 1495 94 27 grunden
951 1495 33 22 för
