1078 1781
164 100 58 21 2346
357 106 180 21 Borgareständet
549 106 54 17 1877.
629 107 23 16 14
664 106 120 17 December.

164 174 66 21 lunda
253 176 26 19 än
302 176 33 20 att
358 174 119 22 Ständerna
499 175 70 21 skulle
591 175 52 27 vilja
664 174 70 22 uttala
749 176 33 19 att
794 180 97 16 reserven
907 174 38 21 har
960 175 34 20 ett

163 205 67 19 annat
252 203 98 22 ändamål
374 205 26 19 än
424 203 39 22 den
487 204 66 27 öfriga
575 205 91 26 truppen
682 203 41 22 och
739 204 55 21 efter
808 209 98 15 reserven
921 203 69 21 skulle

164 231 64 22 hafva
244 232 74 21 endast
334 232 83 21 landets
432 233 83 20 försvar
529 233 33 20 till
577 233 38 20 sitt
631 233 41 20 mäl
687 233 71 20 skulle
768 239 48 14 man
827 232 83 21 säledes
920 232 72 21 kunna

164 262 53 25 göra
240 260 39 21 den
302 260 115 22 slutsatsen
439 263 33 19 att
495 261 40 21 den
551 261 72 21 aktiva
639 261 72 21 arm6n
728 261 98 26 möjligen
842 261 70 20 kunde
928 260 65 21 hafva

165 289 67 21 andra
253 290 99 20 ändamäl
375 289 39 22 och
436 289 72 22 kunna
530 290 77 21 sändas
623 289 32 22 till
671 290 53 26 krig,
740 296 46 15 som
803 289 33 21 för
851 289 72 21 landet
938 295 51 15 vore

164 317 136 22 fremmande.
330 318 41 26 Jag
386 325 61 14 anser
464 319 35 20 det
515 319 70 20 derför
600 318 115 27 ingalunda
730 324 52 15 vara
798 318 77 27 rädliot
890 319 32 19 att
938 319 52 25 göra

166 347 40 20 den
232 347 38 20 här
292 347 120 26 föreslagna
434 347 178 24 modifikationen,
637 349 51 19 utan
710 347 99 20 förordar
831 346 119 27 antagande
966 347 23 20 af

167 377 116 19 momentet
299 375 22 28 b)
338 375 143 22 oförändradt.

236 432 56 22 Herr
307 433 115 21 Kurtén:
452 433 40 26 Jag
507 433 39 20 har
562 433 75 26 begärt
652 433 63 20 ordet
730 432 34 21 för
778 435 33 18 att
830 432 100 21 fasthälla
945 432 49 21 mitt

165 461 118 26 påstående
306 461 72 21 derom
394 463 32 20 att
446 468 33 15 om
496 468 25 15 en
536 461 56 27 gång
607 462 62 20 ordet
685 461 133 26 ,behöfliga*
834 461 110 21 förändras
960 460 33 21 till

167 489 113 22 faststälda
301 490 39 21 och
356 490 20 21 vi
398 490 64 21 sedan
483 490 106 21 fastställa
604 497 26 14 en
653 492 101 19 numerär
776 490 32 21 för
824 495 103 20 reserven,
948 494 44 16 som

167 518 34 21 fär
216 518 109 21 användas
348 519 33 20 till
397 519 53 26 krig,
473 520 22 20 sä
511 519 41 21 blir
576 519 35 21 det
627 519 140 26 ovilkorligen
783 521 32 18 att
830 518 99 21 förändra
944 518 50 21 hela

168 547 37 20 vär
220 547 122 21 nuvarande
358 547 140 22 konstitution
523 548 18 21 d.
558 554 17 14 v.
593 554 16 14 s.
623 548 27 20 dä
666 547 129 21 föreskrifva
811 547 119 21 Ständerna
945 546 48 21 med

167 575 119 22 detsamma
300 578 33 19 att
349 576 25 21 de
390 577 61 20 skola
467 576 63 21 blifva
538 576 126 27 rädfrägade
680 576 60 21 ialla
751 575 184 27 angelägenheter,
947 581 45 15 som

167 605 50 20 röra
232 604 53 26 krig.
315 604 31 27 Ty
361 611 28 14 nu
405 607 23 18 är
443 605 36 21 det
495 605 94 21 lemnadt
605 605 6 20 i
627 605 116 26 Kejsarens
759 604 56 21 band
823 606 32 19 att
870 604 78 21 handla
958 603 36 22 vid

168 633 48 26 krig
240 633 54 20 efter
310 633 210 26 omständigheterna
535 633 39 22 och
593 633 36 22 det
645 635 24 19 är
684 635 78 19 endast
777 633 36 20 det
826 633 36 26 jag
877 633 39 20 har
930 633 63 26 yrkat

167 662 35 25 pä.
232 661 40 26 Jag
296 661 38 22 har
357 664 47 24 sagt
426 665 33 18 att
481 662 19 21 vi
517 662 52 21 böra
585 662 119 21 bestämma
721 661 87 23 antalet,
825 663 125 19 numerären
966 661 28 26 pä

168 690 96 26 fredsfot,
280 696 48 15 men
344 690 46 21 icke
407 691 26 26 pä
448 691 95 25 krigsfot.
574 691 44 20 För
633 693 32 18 att
675 691 48 20 litet
734 692 98 19 närmare
844 689 72 28 belysa
926 690 69 21 denna

168 719 39 20 sak
223 719 38 20 ber
274 719 36 26 jag
325 721 33 19 att
373 719 22 21 få
411 720 89 26 uppläsa
511 719 12 28 &
534 721 27 19 45
572 719 6 21 i
587 719 207 27 Regeringsformen,
803 719 27 20 dä
839 719 55 20 Herr
903 719 92 20 Jansson

168 747 47 21 icke
230 748 73 26 tyckes
319 747 129 27 öfvertygad.
480 748 45 21 Den
541 748 68 27 lyder:
642 747 91 27 ,Kongl.
751 747 60 26 Maj:t
827 749 50 25 äger
892 747 52 21 frida
956 747 39 21 och

169 775 67 21 frälsa
251 776 71 23 Riket,
338 776 94 21 särdeles
455 779 45 19 mot
515 777 80 20 utrikes
611 777 38 20 och
667 776 92 21 fienders
776 779 69 23 magt;
861 782 48 15 men
926 776 34 21 mä
975 776 18 26 ej

169 807 57 18 emot
242 805 50 26 Lag,
308 805 149 26 Konunga-Ed
473 805 39 22 och
528 805 128 23 Försäkran,
668 805 92 27 pälägga
767 805 153 21 undersätarne
930 805 66 26 nägre

169 833 147 26 krigshjelper,
338 840 41 20 nya
401 834 82 26 gärder,
506 834 154 27 utskrifningar
681 833 39 22 och
744 833 66 21 andre
835 833 89 27 afgifler,
944 835 51 18 utan

169 861 91 22 Riksens
276 862 102 21 Ständers
394 863 94 26 vetskap,
504 863 40 20 fria
559 863 50 26 vilja
625 863 39 20 och
686 862 119 26 samtycke;
823 863 53 20 dock
892 862 104 21 undanta-

169 890 69 27 gande
254 891 50 20 then
320 891 117 26 olyckeliga
453 891 106 25 händelse,
575 894 33 18 att
623 891 64 21 Riket
702 891 50 20 med
773 890 116 21 Härsmakt
904 890 92 27 angripit

169 919 80 20 blefve:
280 919 30 21 Tä
333 921 51 25 äger
406 920 77 26 Kongl.
506 920 61 27 Maj:t
582 922 50 23 rätt,
648 922 33 19 att
701 923 51 22 taga
768 919 35 21 the
819 920 54 20 mätt
888 919 39 21 och
943 921 53 24 steg,

169 953 45 15 som
231 948 48 21 med
294 948 75 21 Rikets
384 949 100 21 säkerhet
499 949 39 20 och
554 949 165 20 undersätarnes
735 948 90 21 fromma
836 948 161 21 öfverensstäm-

171 976 76 21 mande
263 978 46 23 äro;
326 983 47 14 men
389 977 24 20 sä
428 979 59 19 snart
502 977 70 28 kriget
587 977 76 27 uphör,
680 977 53 20 böra
756 976 118 22 Ständerne
890 982 106 15 samman-

170 1005 87 20 komma
280 1005 38 21 och
341 1005 36 21 the
393 1012 40 21 nya
449 1006 82 27 gärder,
547 1012 45 15 som
608 1007 33 20 för
656 1005 70 27 kriget
746 1005 55 21 skull
817 1005 90 27 pälagde
923 1005 75 27 blifvit,

171 1036 75 23 genast
261 1034 99 26 uphöra.*

239 1062 41 27 Jag
300 1065 45 18 tror
366 1063 37 21 det
424 1063 80 21 säledes
527 1065 24 19 är
572 1063 80 27 ganska
675 1063 57 22 klart
749 1063 55 21 hvad
821 1063 18 20 vi
855 1062 6 21 i
878 1062 40 21 den
930 1062 67 21 saken

171 1090 53 21 böra
238 1093 59 24 göra.

240 1148 57 21 Herr
312 1149 131 21 Jansson:
474 1150 41 27 Jag
531 1149 37 22 ber
583 1152 33 19 att
631 1149 21 21 få
668 1149 70 22 erinra
755 1149 55 21 Herr
826 1148 80 21 Kurtén
918 1154 35 15 om
966 1150 32 19 att

168 1176 39 27 jag
221 1177 47 21 icke
284 1177 39 21 har
339 1177 108 27 föreslagit
463 1179 69 26 nägon
548 1178 95 21 definitiv
658 1178 114 21 redaktion
784 1177 33 22 för
827 1178 59 20 detta
897 1179 100 18 moment.

171 1206 42 26 Jag
228 1205 39 21 har
282 1208 93 19 tvärtom
390 1209 67 24 yttrat
472 1210 33 17 att
519 1207 48 21 med
583 1207 158 26 granskningen
758 1206 40 21 och
813 1205 187 24 fastställande
974 1201 31 37 af

172 1234 58 22 detta
253 1237 93 19 moment
369 1235 67 21 borde
458 1235 51 22 bero
532 1236 31 21 till
586 1236 49 21 dess
650 1241 48 16 man
718 1235 109 27 företager
841 1234 157 27 granskningen

171 1263 40 21 och
227 1263 116 21 fastställer
358 1264 117 21 innehället
490 1265 23 20 af
527 1264 12 27 $
555 1265 40 21 122
611 1265 40 21 och
667 1267 31 18 att
711 1264 38 26 jag
765 1264 55 20 blott
835 1264 39 20 har
889 1265 68 24 yttrat
967 1265 34 19 att

172 1292 62 20 ordet
256 1292 129 26 ,behöfliga*
402 1294 24 20 är
447 1293 33 21 för
495 1293 104 21 elastiskt.
630 1293 56 21 Herr
701 1293 84 21 Kurtén
801 1292 39 21 har
855 1298 76 20 genom
947 1298 53 20 upp-

172 1320 98 22 läsandet
292 1320 23 21 af
339 1322 69 20 denna
430 1322 101 26 paragraf
545 1322 101 27 antingen
662 1322 112 25 vederlagt
788 1321 31 27 sig
835 1320 47 26 sjelf
897 1320 52 21 eller
964 1320 36 21 be-

171 1348 81 22 kräftat
268 1349 55 21 hvad
336 1350 37 26 jag
388 1354 53 22 sagt.
473 1350 30 27 Ty
519 1350 34 21 det
569 1352 24 19 är
609 1350 140 21 endastinom
756 1352 116 24 gränserna
879 1350 33 20 för
920 1349 81 26 grund-

171 1377 212 27 lagsbestämningar,
406 1385 44 15 som
475 1379 112 26 konungen
610 1379 70 21 kunde
700 1378 87 24 handla,
804 1378 80 20 hvilket
900 1377 60 21 äfven
976 1379 24 19 är

172 1406 57 21 hvad
241 1406 37 26 jag
293 1407 92 26 påstått;
401 1407 39 21 och
456 1409 39 19 den
511 1408 90 20 innebär
615 1408 47 20 icke
677 1407 71 26 någon
770 1412 70 16 annan
856 1408 43 19 rätt
915 1408 27 18 än
958 1406 40 20 den

172 1435 6 19 i
197 1435 54 21 1789
274 1436 35 20 års
327 1435 130 28 Försäkring
479 1436 108 26 angående
607 1436 117 26 allmogens
740 1435 38 21 fri-
794 1436 39 20 och
849 1434 128 28 rättigheter
993 1434 7 20 i

172 1464 11 24 S
199 1464 12 20 T
227 1466 101 24 regenten
352 1464 127 21 tillerkända
501 1466 70 20 rätten
594 1467 38 23 att,
649 1464 27 21 dä
691 1464 82 21 nödfall
790 1464 40 21 och
845 1463 48 27 krig
907 1464 7 20 i
928 1462 73 22 landet

172 1492 92 26 inträffa,
281 1492 99 27 uppbåda
396 1493 67 21 folket
479 1493 31 21 till
527 1494 82 20 landets
625 1493 87 21 försvar.
