1078 1781
292 121 179 21 Borgareståndet
483 123 54 17 1877.
562 123 24 17 19
598 122 120 18 December.
857 117 56 21 2547

155 191 26 28 88
198 191 32 26 14,
244 191 29 22 20
288 191 40 22 och
344 192 25 20 21
387 191 131 27 godkändes.

154 253 15 28 8
186 254 46 21 120.

153 311 58 21 Herr
230 311 127 21 Kurtén:
380 311 116 26 Angående
518 311 13 27 $
556 312 40 20 120
612 311 35 21 vill
660 311 38 26 jag
712 311 103 21 anmärka
830 313 33 20 att
874 311 39 27 jag

85 339 47 22 icke
154 339 81 22 kunnat
256 339 58 22 finna
328 342 33 19 att
376 340 69 20 denna
461 339 100 28 paragraf
575 340 68 21 skulle
658 346 52 15 vara
724 340 24 21 af
761 340 152 27 grundlagsbe-

85 367 125 22 skaffenhet.
233 368 41 27 Jag
288 368 40 21 har
343 369 47 20 icke
405 368 83 21 kunnat
503 368 58 21 finna
577 371 32 18 att
625 369 69 20 denna
708 368 103 27 paragraf
824 369 88 21 innebär

84 398 69 25 nägon
174 397 88 26 ändring
278 397 52 21 eller
344 397 123 26 utveckling
482 397 23 21 af
519 397 155 22 förhållanden,
690 403 45 15 som
751 397 57 21 förut
823 397 67 22 finnes
904 397 8 21 i

84 425 155 27 grundlagarne
254 426 92 21 berörda
360 426 40 21 och
410 425 67 22 ehuru
486 426 37 27 jag
533 432 64 15 anser
606 425 126 28 paragrafen
743 432 51 15 vara
803 425 24 22 af
835 426 77 27 högsta

84 455 45 26 vigt
144 454 39 21 och
200 454 51 21 böra
266 457 105 24 noggrant
386 454 131 26 efterlefvas,
533 454 24 21 så
572 455 42 20 kan
628 455 36 26 jag
679 454 65 21 likväl
759 455 46 21 icke
814 455 28 27 gå
852 454 22 21 in
884 455 28 26 på

84 485 33 19 att
131 483 41 21 den
188 482 31 22 för
235 483 113 21 framtiden
364 483 35 21 må
414 483 71 21 såsom
500 483 106 27 grundlag
622 489 67 16 anses.

153 546 56 21 Herr
231 546 191 27 Tengström:
445 546 11 21 I
479 546 36 21 det
537 546 109 21 afseendet
661 545 42 22 kan
719 546 37 21 det
770 545 93 28 förtjena
878 548 34 19 att

84 575 89 27 upplysa
188 577 32 18 att
234 575 30 21 uti
281 575 35 21 det
332 575 27 26 på
374 575 61 21 Hans
450 575 112 27 Majestäts
575 575 75 24 åtgärd
666 575 106 21 beroende
787 575 81 27 förslag
878 575 33 21 till

83 603 171 26 Regeringsform
278 603 33 22 för
326 603 96 26 Finland,
438 603 62 27 ingår
515 609 25 16 en
557 603 134 27 bestämning
706 603 73 22 derom
795 605 32 20 att
842 603 69 22 Gene-

83 632 164 26 ralguvernören
270 634 24 19 är
312 632 193 21 kommenderande
523 633 100 26 samtliga
637 633 7 20 i
659 632 91 21 Finland
766 632 145 21 stationerade

83 662 94 25 trupper.
208 661 37 21 Att
261 661 59 21 detta
335 661 39 21 har
390 661 67 21 likhet
473 661 48 21 med
537 661 115 27 grundlags
668 661 118 26 stadgande
800 667 63 15 anser
873 661 38 27 jag

83 689 51 27 följa
149 689 62 21 deraf
224 692 32 19 att
271 696 29 15 nu
315 690 98 27 gällande
431 691 54 20 1772
501 691 35 20 års
547 689 169 27 regeringsform,
730 696 34 15 om
774 689 37 27 jag
821 691 43 20 rätt
874 690 37 26 på-

83 718 83 21 minner
181 718 49 26 mig,
245 718 119 21 innehåller
379 719 101 20 liknande
495 719 119 26 stadgande
629 718 109 27 angående
753 718 81 21 befälet
850 718 60 21 öfver

83 746 151 27 krigsmakten.

152 809 57 22 Herr
229 809 175 22 Fabritius:
428 810 42 26 Jag
491 810 42 21 kan
553 809 48 22 icke
620 809 67 22 heller
701 809 74 22 förena
790 809 42 28 mig
846 809 8 22 i
868 810 42 21 den

83 838 134 27 uppfattning
233 838 22 21 af
268 839 71 26 saken,
354 845 45 15 som
416 838 56 21 Herr
487 839 89 24 Kurtén,
593 839 38 20 har
641 838 122 26 framställt,
774 839 88 20 emedan
874 839 36 20 det

82 873 63 21 synes
160 867 41 26 mig
216 867 118 27 otvetydigt
344 867 103 21 innefatta
458 873 26 15 en
496 867 123 26 förändring
634 867 6 20 i
650 873 28 15 nu
689 867 98 26 gällande
797 867 112 27 grundlag.

82 895 75 22 Denna
172 896 99 27 paragraf
285 896 137 21 tillerkänner
437 896 106 27 nämligen
553 895 167 28 krigsministern
731 896 6 21 i
748 895 162 28 Kejsaredömet

83 924 112 27 Ryssland,
218 931 43 14 som
284 924 47 21 icke
350 927 24 18 är
397 924 54 21 finsk
475 925 146 26 medborgare,
637 926 32 19 att
684 924 74 21 utöfva
774 931 25 14 en
814 924 96 27 offentlig

82 953 65 26 tjenst
162 953 6 20 i
184 953 98 24 Finland,
298 953 80 21 hvilket
393 953 46 22 icke
455 953 143 22 sammanstår
613 953 48 21 med
677 953 126 26 Förenings-
817 953 41 21 och
871 953 38 22 Sä-

82 981 158 26 kerhetsakten,
266 983 37 20 der
328 983 36 20 det
387 982 60 21 heter
462 985 34 18 att
511 981 42 22 alla
569 982 67 21 rikets
651 982 131 21 embetsmän
798 981 61 22 skola
874 981 36 22 be-

81 1012 68 19 sättas
165 1011 47 21 med
225 1010 88 22 infödda
328 1011 90 20 svenska
433 1012 57 19 män.

151 1073 56 21 Herr
222 1073 125 21 Kurtén:
364 1073 71 26 Enligt
450 1073 45 21 min
511 1073 56 27 åsigt
581 1073 65 21 hafva
660 1073 20 21 vi
690 1073 47 21 icke
748 1073 79 27 inrymt
836 1073 73 26 Ryska

81 1101 168 28 krigsministern
271 1102 65 27 något
356 1102 65 21 finskt
442 1102 91 21 embete.
564 1102 42 21 Det
624 1104 24 19 är
666 1102 75 21 endast
756 1101 33 22 för
803 1101 106 22 särskilda

81 1131 100 24 ärenden,
195 1137 45 15 som
257 1137 47 15 man
322 1131 42 21 har.
374 1130 90 22 anhållit
481 1137 34 14 om
531 1133 33 18 att
579 1130 21 21 få
616 1131 70 20 lemna
698 1131 97 26 uppdrag
805 1131 23 20 åt
838 1130 71 27 Ryska

81 1159 168 27 krigsministern
271 1163 51 18 utan
338 1162 32 19 att
385 1159 42 22 han
442 1159 72 21 blifvit
529 1159 109 22 förklarad
653 1159 33 21 för
702 1159 54 21 finsk
771 1159 137 21 embetsman.

149 1222 56 21 Herr
221 1222 146 22 Höckert:
384 1222 75 21 Ehuru
471 1222 39 28 jag
524 1223 124 26 visserligen
659 1223 45 20 står
714 1222 66 27 något
790 1223 59 20 utom
859 1221 50 22 hela

81 1251 68 21 denna
171 1251 60 26 fråga
252 1252 40 20 och
313 1251 61 21 äfven
397 1252 104 26 uppträdt
524 1254 45 19 mot
591 1252 67 20 andra
673 1253 116 19 momentet
803 1251 23 21 af
840 1251 12 27 &
867 1251 41 21 120

81 1280 38 21 och
135 1280 48 21 sökt
199 1280 113 21 framhå!la
327 1280 26 21 de
369 1280 145 26 olägenheter,
529 1286 45 15 som
590 1280 55 27 ligga
661 1280 7 21 i
684 1280 69 21 denna
768 1280 140 26 bestämning,

81 1310 24 20 så
119 1308 41 22 kan
174 1308 37 27 jag
226 1309 63 21 likväl
305 1309 47 21 icke
367 1310 6 20 i
390 1309 115 26 anledning
519 1308 24 22 af
558 1309 55 21 Herr
628 1310 91 20 Kurténs
728 1308 100 27 yttrande
839 1308 69 22 lemna

80 1337 113 21 oanmärkt
214 1340 32 18 att
262 1337 26 21 då
304 1337 70 28 Ryska
390 1338 171 26 krigsministern
578 1337 68 21 blifvit
660 1337 84 21 lemnad
760 1337 101 27 rättighet
876 1339 33 19 att

80 1366 78 21 blanda
173 1366 32 26 sig
220 1366 6 21 i
242 1366 68 21 finska
326 1366 92 21 militära
433 1366 187 27 angelägenheter,
635 1366 24 22 så
674 1366 68 21 måste
757 1366 42 20 han
812 1366 7 20 i
833 1365 76 22 sådant

79 1394 99 22 afseende
201 1394 79 22 handla
302 1395 55 21 efter
379 1394 54 22 finsk
456 1394 36 27 lag
511 1395 39 21 och
567 1394 81 22 således
663 1395 6 21 i
685 1395 63 21 dessa
763 1394 58 22 delar
836 1394 72 21 utöfva

79 1423 55 21 finsk
149 1424 159 20 embetsmanna
323 1423 136 22 verksamhet
475 1430 49 14 men
540 1424 39 20 allt
588 1424 58 20 detta
658 1424 94 25 oaktadt,
766 1423 52 21 eller
828 1424 80 20 rättare

79 1456 48 22 sagt
147 1452 44 26 just
214 1452 70 21 derför
308 1458 62 15 anser
390 1452 37 27 jag
449 1454 34 19 att
499 1452 60 22 detta
575 1454 93 20 moment
682 1452 46 21 icke
744 1452 40 21 bör
799 1452 109 21 betraktas

78 1486 46 16 som
139 1480 111 28 grundlag,
266 1483 50 19 utan
333 1483 93 19 tvärtom
441 1487 54 15 vara
510 1480 22 22 af
546 1480 24 22 så
585 1481 62 27 löslig
657 1480 156 22 administrativ
825 1480 82 22 beskaf-

78 1508 73 22 fenhet
166 1515 45 15 som
226 1509 88 28 möjligt.
