1078 1781
158 115 56 21 2656
360 120 178 22 Borgareståndet
551 120 54 18 1877.
629 121 27 17 29
668 120 118 18 December.

345 263 149 34 Lördagen
513 263 56 27 den
587 263 38 27 29
643 263 162 27 December.

229 355 35 22 KI.
281 355 54 22 elfva
347 356 45 21 före
403 356 112 27 middagen
527 356 172 21 sammanträdde
710 355 180 28 Borgareståndet
900 355 32 22 till
943 355 45 27 ple-

161 391 55 15 num.
234 385 43 21 Vid
293 385 94 21 anstäldt
402 391 81 20 upprop
494 384 105 21 befunnos
609 384 67 27 öfrige
686 385 101 21 Ståndets
799 384 136 21 medlemmar
946 384 42 21 till-

162 414 151 21 städeskomne
328 416 60 19 utom
403 413 81 22 Herrar
498 413 107 26 Boström,
621 413 43 27 Ek,
680 413 104 27 Sopanen,
799 413 34 21 W.
853 413 79 27 Nystén
948 413 40 21 och

162 442 27 22 K.
213 442 63 27 Berg,
298 442 74 21 hvilka
394 442 47 21 med
463 441 101 22 Ständets
585 441 125 27 begifvande
726 448 51 15 voro
792 441 47 22 från
854 444 60 19 orten
930 441 58 22 bort-

162 473 63 24 reste,
249 473 56 18 samt
328 470 80 22 Herrar
430 470 105 26 Cronvall,
558 470 117 27 Molander,
692 470 115 27 Ahlström,
823 469 110 22 Wendelin
949 469 39 22 och

162 499 128 28 Chydenius,
305 499 33 21 för
353 499 72 21 hvilka
440 498 71 22 förfall
526 499 19 26 ej
561 499 98 21 anmälts.

232 642 56 21 Herr
312 642 158 21 Talmannen
493 641 125 22 meddelade
640 644 32 19 att
694 643 56 20 Herr
772 642 39 26 Ek,
835 642 31 21 uti
888 643 32 20 ett
942 641 46 22 från

161 671 170 21 Fredrikshamn
354 671 85 21 afsändt
461 671 102 27 telegram
585 671 91 20 anhållit
692 677 34 14 om
743 671 36 21 två
794 671 86 21 veckors
897 671 91 26 förläng-

162 699 53 28 ning
230 699 13 22 å
259 700 41 21 den
316 699 78 22 honom
410 699 103 28 beviljade
527 699 128 27 ledigheten.

232 762 52 22 Med
300 762 113 27 anledning
428 762 61 21 häraf
502 762 104 27 begärdes
621 763 62 20 ordet
698 763 23 20 af

231 825 57 21 Herr
304 825 134 26 Höckert,
454 831 46 16 som
515 826 95 26 yttrade:
637 826 34 21 Då
686 826 56 21 Herr
757 825 34 22 Ek
805 825 46 22 icke
867 825 39 21 har
920 825 70 26 styrkt

164 853 75 22 hinder
262 856 32 19 att
316 854 80 21 infinna
417 854 38 26 sig,
472 855 23 20 så
511 855 68 20 måste
591 854 38 27 jag
644 855 33 20 för
693 855 43 20 min
753 854 33 21 del
801 854 81 27 påyrka
897 853 91 28 tillämp-

164 883 49 26 ning
229 882 22 21 af
265 889 63 15 mom.
345 883 13 20 3
374 883 22 20 af
410 884 10 25 &
435 884 27 19 30
475 883 248 27 Landtdagsordningen.

224 945 67 22 Herr
315 945 109 22 Kurtén:
455 946 41 26 Jag
518 952 62 15 anser
599 948 33 19 att
646 946 129 21 åtminstone
790 948 56 19 ännu
861 945 69 27 någon
946 945 43 22 till-

164 974 112 27 lämpning
298 974 23 21 af
335 975 59 20 detta
410 974 79 27 lagrum
505 975 19 26 ej
540 975 41 20 kan
598 975 84 21 komma
698 975 7 20 i
720 975 67 26 fräga,
802 977 51 18 utan
868 974 76 21 endast
958 976 32 20 att

159 1002 78 22 lemna
260 1009 48 15 svar
330 1003 28 26 pä
380 1003 55 21 Herr
457 1003 45 21 Eks
524 1003 107 21 anhällan.
660 1004 42 26 Jag
724 1003 34 21 för
774 1003 42 21 min
832 1003 34 21 del
881 1009 62 15 anser
958 1006 32 18 att

167 1032 124 21 densamma
314 1032 18 26 ej
356 1031 42 21 kan
418 1031 88 22 bifallas.
537 1032 181 26 Borgareständet
737 1031 40 22 har
792 1032 64 21 redan
872 1032 80 21 lemnat
967 1033 23 20 sä

167 1061 77 26 många
260 1060 22 21 af
296 1061 46 20 sina
358 1060 137 21 medlemmar
510 1061 125 26 permission
651 1061 33 21 för
698 1060 42 22 viss
756 1061 31 20 tid
803 1062 37 24 att,
857 1060 27 21 dä
900 1061 89 26 troligen

166 1091 58 19 ännu
246 1089 78 26 många
346 1089 100 21 liknande
467 1089 143 26 ansökningar
625 1089 115 25 inkomma,
755 1089 181 27 Borgareständet
950 1089 40 21 lätt

166 1117 42 22 kan
232 1117 65 22 blifva
320 1117 72 22 alltför
413 1117 83 27 fätaligt
512 1117 33 22 för
560 1117 116 28 afgörande
692 1118 22 21 af
728 1118 27 21 de
771 1118 54 21 dock
840 1123 45 16 mer
899 1119 27 20 än
941 1123 49 15 van-

166 1146 39 26 ligt
229 1146 79 27 vigtiga
332 1146 78 27 frågor,
431 1152 44 15 som
498 1148 57 19 ännu
569 1147 88 26 återstå,
674 1147 106 27 nemligen
796 1147 75 20 främst
886 1152 104 15 samman-

161 1175 167 26 jemkningarna
343 1175 7 21 i
365 1175 210 27 värnepligtsfrägan.

234 1237 72 22 Sedan
330 1237 55 22 Herr
408 1237 158 22 Talmannen
588 1238 86 27 upplyst
686 1240 34 20 att
735 1238 56 22 Herr
806 1237 43 22 Eks
864 1237 126 27 permission

164 1266 63 27 utgär
243 1266 55 22 först
314 1266 40 22 den
370 1267 12 20 2
398 1266 94 26 Januari,
507 1267 84 26 yttrade

235 1329 58 21 Herr
319 1329 135 21 Höckert:
485 1330 40 26 Jag
548 1329 54 22 hade
625 1330 18 27 ej
666 1330 198 27 uppmärksammat
891 1330 36 20 det
949 1329 42 21 för-

165 1357 102 22 hällande
283 1360 31 18 att
335 1358 55 21 Herr
405 1358 44 21 Eks
472 1358 124 26 permission
619 1360 56 20 ännu
690 1359 19 27 ej
725 1360 25 19 är
765 1358 48 25 slut,
831 1358 97 21 hvarföre
943 1358 49 21 mitt

165 1386 97 23 yrkande
284 1386 61 22 äfven
367 1393 37 15 var
426 1386 32 22 för
474 1387 62 27 tidigt
551 1387 69 21 väckt.
650 1388 41 26 Jag
706 1387 105 21 vidhäller
826 1387 54 21 dock
896 1387 48 21 mitt
958 1393 33 21 yr-

165 1411 70 25 kande
242 1407 10 39 i
272 1414 89 28 princip.

234 1472 58 22 Herr
314 1472 167 28 Tengström
502 1473 100 22 förenade
625 1474 31 26 sig
679 1474 6 20 i
706 1474 58 21 Herr
787 1473 105 22 Höckerts
908 1475 83 20 senaste

165 1502 106 26 yttrande.
