1078 1781
165 114 55 21 2532
374 119 180 21 Borgareståndet
567 120 54 17 1877.
646 120 23 17 19
682 120 117 17 December.

165 187 73 28 digbet
252 189 32 20 uti
300 188 70 21 denna
385 194 28 15 nu
428 188 147 27 föreliggande
591 189 65 26 fråga,
671 195 46 15 som
734 189 127 20 åtminstone
873 187 67 26 enligt
949 188 43 21 min

164 217 142 27 uppfattning,
323 219 24 19 är
365 217 22 21 af
406 217 39 21 den
461 217 147 22 beskaffenhet
623 220 32 19 att
671 218 41 20 den
727 217 47 21 icke
789 217 42 21 kan
847 217 55 21 lösas
916 222 76 21 genom

165 248 31 19 ett.
219 245 107 27 lagspråk.
356 246 46 21 Den
424 245 39 22 hör
486 245 32 22 till
539 246 27 21 de
588 246 185 27 angelägenheter,
791 251 45 16 som
860 251 48 15 man
929 245 6 21 i
957 245 35 21 det

164 274 186 21 konstitutionella
364 274 60 21 lifvet
439 274 54 21 efter
508 275 100 26 årslånga
623 275 124 27 pröfningar
757 274 68 21 funnit
836 275 32 20 att
878 273 48 22 bäst
936 273 56 21 lösas

165 303 122 26 derigenom
304 305 32 18 att
351 303 27 26 på
395 309 80 15 samma
489 303 56 26 gång
561 309 46 15 man
625 303 47 22 icke
687 303 75 21 binder
777 303 123 26 regeringen
916 308 76 21 genom

165 333 31 19 ett
216 331 86 27 lagbud,
321 333 67 19 sätter
411 331 40 22 den
466 331 7 21 i
489 331 66 22 sådan
576 331 100 28 ställning
692 334 33 19 att
740 332 40 20 den
796 331 46 21 icke
858 331 40 21 kan
914 331 79 20 handla

164 361 46 20 mot
224 360 113 21 nationens
350 359 50 28 vilja
410 363 51 18 utan
472 360 6 21 i
490 360 220 21 öfverensstämmelse
722 359 47 22 med
780 359 212 28 representationens.

164 389 76 21 Denna
255 388 61 27 fråga
331 389 39 20 hör
385 389 33 20 till
433 389 60 21 detta
508 389 57 27 slags
578 389 78 27 frågor,
667 389 84 21 hvilkas
761 388 139 27 fullständiga
910 388 83 26 lösning

165 417 75 21 endast
263 417 41 21 kan
326 418 74 20 vinnas
418 423 76 20 genom
516 417 26 22 de
559 417 134 27 fullständigt
707 417 127 22 utvecklade
850 417 142 26 parlamenta-

165 446 57 21 riska
242 445 112 22 formerna.
385 446 49 21 Man
452 446 39 21 har
513 446 56 27 gjort
591 446 83 21 skilnad
690 445 90 22 emellan
796 445 83 21 anfalls-
895 445 39 21 och
949 445 44 21 för-

164 474 108 33 svarskrig
287 477 55 18 samt
357 475 96 26 påyrkat,
469 477 33 18 att
517 475 119 21 Ständerne
651 475 53 21 böra
720 474 73 22 bifalla
808 474 33 21 till
857 473 135 27 krigsförkla-

164 503 73 32 ringen
260 503 40 20 och
316 503 84 21 fredens
416 503 127 26 afslutande,
560 510 47 14 men
623 503 39 21 allt
678 503 60 22 detta
753 503 39 21 har
807 503 54 20 dock
876 502 46 21 icke
937 502 55 21 visat

164 532 33 25 sig
218 531 49 21 leda
290 531 32 21 till
344 532 64 26 något
423 533 52 25 godt
490 533 97 24 resultat,
603 535 51 18 utan
670 532 40 21 har
726 538 47 15 man
790 532 77 21 måstat
882 531 32 21 slå
928 531 21 20 in
965 531 27 26 på

165 560 40 21 den
220 561 68 25 vägen
304 562 32 19 att
351 561 122 26 regeringen
487 560 32 21 får
535 548 78 33 handla
629 561 6 20 i
649 561 72 26 detalj,
733 567 47 14 men
791 560 40 21 den
842 561 66 20 måste
919 559 73 22 ställas

164 589 7 20 i
187 588 77 21 sådant
279 588 47 27 läge
342 591 32 19 att
390 589 40 21 den
445 589 48 21 icke
508 589 41 21 kan
566 589 79 21 handla
660 593 44 18 mot
720 589 205 26 representationens
936 588 56 27 vilja.

164 617 36 21 Nu
222 617 85 21 befinna
330 617 20 22 vi
370 623 34 16 oss
422 618 117 21 emellertid
556 618 5 20 i
579 618 66 25 detta,
660 618 77 21 liksom
754 618 6 20 i
777 617 75 26 många
866 617 67 21 andra
948 616 43 25 fall,

165 647 28 26 på
209 646 39 21 den
272 645 74 28 punkt,
362 649 32 18 att
410 646 19 21 vi
444 647 47 20 icke
506 646 72 21 kunna
593 647 32 20 slå
640 647 20 20 in
676 648 28 25 på
720 647 69 20 denna
804 647 45 25 väg.
880 645 24 21 Vi
921 645 71 21 kunna

164 674 64 21 ställa
250 674 59 21 detta
331 674 42 22 mål
392 675 32 20 för
439 681 41 17 oss,
497 681 46 15 men
559 675 20 21 vi
595 677 38 19 äro
649 675 24 21 så
688 675 96 26 oändligt
799 675 59 25 långt
872 673 120 27 aflägsnade

166 703 94 21 derifrän
276 703 40 21 och
332 703 72 22 derför
419 703 21 21 få
456 704 18 21 vi
490 703 6 21 i
513 704 59 21 detta
587 704 107 26 afseende,
710 704 77 21 liksom
798 703 6 20 i
815 703 97 21 afseeade
920 698 10 37 ä
924 702 69 21 hela

165 732 69 21 denna
244 732 172 27 värnepligtslag,
428 732 86 21 försöka
525 733 84 20 komma
621 733 89 20 tillrätta
722 732 47 21 med
778 731 78 27 förslag
864 737 44 15 som
918 731 74 21 visser-

165 760 56 27 ligen
237 760 89 27 erbjuda
342 761 136 26 svårigheter,
495 767 47 14 men
554 761 71 21 hvilka
640 761 69 21 tillika
725 761 88 25 erbjuda
826 760 26 21 de
863 760 76 21 minsta
947 760 46 21 olä-

165 789 109 26 genuheter.
304 789 45 27 Mig
365 789 107 21 förefaller
487 790 36 20 det
538 791 33 19 att
586 789 79 22 enhvar
681 797 34 14 om
732 789 64 21 också
807 789 121 20 obestämdt
938 788 55 21 redi-

165 818 66 25 gerad
246 818 108 26 paragraf,
370 824 25 15 en
411 818 105 27 paragraf,
533 824 52 20 som,
601 825 34 14 om
651 819 65 20 ocksä
732 818 27 26 pä
774 818 106 26 omvägar,
892 817 58 21 leder
960 816 33 21 till

165 846 71 24 målet,
255 848 25 19 är
302 847 76 25 bättre,
398 848 26 19 än
445 849 34 18 att
499 847 65 21 saken
584 847 45 21 helt
643 847 40 21 och
702 847 66 21 hållet
784 846 80 21 lemnas
876 845 116 22 obestämd.

165 875 42 20 Det
222 877 24 19 är
262 875 122 33 visserligen
400 877 47 19 sant
463 878 32 18 att
511 881 25 16 en
552 875 170 27 lagbestämning
738 876 6 20 i
760 875 39 21 och
815 875 33 20 för
862 874 32 26 sig
904 874 89 27 betyder

165 903 116 33 ingenting,
300 904 39 21 och
359 904 37 27 jag
418 910 49 21 eger
482 904 24 21 sä
526 904 84 27 mycket
625 906 69 19 större
709 904 47 21 skäl
772 906 32 18 att
819 903 93 26 äberopa
928 903 64 25 detta,

165 938 45 15 som
228 932 38 27 jag
287 933 88 20 alldeles
391 932 44 21 icke
451 933 27 26 pä
493 933 69 20 denna
577 933 67 26 grund
661 935 75 19 ämnar
751 933 95 20 försvara
862 931 47 22 hela
925 931 69 21 denna

164 961 173 26 värnepligtslag,
360 963 51 19 utan
434 961 27 26 pä
483 961 40 21 den
545 961 68 26 grund
633 963 32 20 att
680 962 38 20 vär
734 960 141 22 konstitution
890 959 55 22 skall
960 960 33 21 stä

165 990 94 23 säkrare,
276 990 26 21 dä
318 990 40 21 den
374 990 46 21 icke
435 990 55 21 blott
506 990 72 21 består
593 990 159 21 af:bokstäfver
762 993 52 17 utan
826 989 39 21 har
876 991 30 19 ett
917 995 76 20 vapen-

165 1017 59 22 fördt
239 1018 45 21 folk
300 1018 76 21 bakom
392 1018 38 27 sig.
446 1018 42 21 Det
503 1020 24 19 är
542 1019 28 26 pä
586 1019 68 21 denna
668 1019 72 26 grund
755 1024 26 15 en
794 1018 22 21 af
825 1017 99 22 Ständets
938 1017 57 21 med-

165 1046 96 24 lemmar,
277 1047 87 21 hvilken
379 1047 47 21 icke
440 1047 49 21 fullt
504 1047 127 27 uppskattat
646 1047 124 27 betydelsen
786 1047 23 21 af
823 1047 68 20 denna
902 1047 93 20 omstän-

165 1075 80 27 dighet,
261 1076 124 26 ytterligare
406 1075 53 22 talat
481 1078 58 19 emot
561 1076 40 21 den
618 1076 21 21 af
654 1076 43 27 mig
716 1075 122 27 föreslagna
853 1075 93 26 lydelsen
962 1075 33 20 för

165 1104 126 27 paragrafen
308 1105 39 20 och
363 1110 62 15 anser
440 1106 32 19 att
487 1104 36 21 det
539 1106 24 19 är
578 1105 86 20 relativt
680 1104 102 27 likgiltigt
799 1105 53 20 huru
867 1103 127 27 paragrafen

165 1133 60 26 lyder
240 1133 28 20 då
282 1133 88 27 styrkan
386 1133 175 26 hufvudsakligen
577 1133 66 27 ligger
658 1133 71 21 deruti
745 1135 33 19 att
788 1133 37 20 vår
835 1132 85 27 opinion
931 1132 63 21 fram-

165 1161 58 21 deles
238 1161 55 21 skall
308 1161 133 27 respekteras
453 1161 48 22 vida
515 1168 58 15 mera
583 1161 113 22 framdeles
706 1164 28 19 än
745 1161 76 22 hittills
833 1161 39 21 och
884 1161 35 20 det
930 1161 65 21 också

164 1190 7 20 i
182 1189 30 22 hit
220 1189 96 22 hörande
326 1191 67 20 saker.
409 1190 65 21 Detta
484 1193 111 24 argument
603 1193 25 19 är
636 1191 23 20 så
668 1191 78 26 viktigt
754 1192 32 19 att
795 1190 19 21 vi
826 1190 3 21 i
837 1189 79 22 nödfall
924 1189 71 21 kunna

165 1219 96 20 undvara
272 1219 48 21 hela
332 1219 59 21 detta
402 1221 99 24 moment,
511 1225 46 15 men
569 1219 19 21 vi
599 1219 61 21 skola
670 1219 47 22 icke
728 1218 71 22 derför
809 1218 140 21 underskatta
959 1217 35 22 be-

165 1247 97 27 tydelsen
285 1247 22 21 af
325 1249 32 19 att
372 1247 62 21 hafva
449 1254 26 14 en
491 1247 174 28 lagbestämning,
680 1254 46 15 som
743 1247 65 27 något
823 1247 24 21 så
861 1249 39 19 när
915 1247 80 21 uttalar

165 1275 56 22 hvad
236 1276 20 21 vi
272 1276 56 27 vilja,
345 1278 23 25 ty
383 1283 34 14 om
433 1276 64 22 också
513 1277 113 26 opinionen
642 1278 24 19 är
681 1283 26 15 en
721 1277 61 21 makt
793 1276 24 21 så
827 1276 101 21 behöfves
940 1275 55 22 dock

165 1310 26 15 en
213 1305 67 21 kärna
302 1304 31 22 till
355 1305 84 21 hvilken
462 1305 113 27 opinionen
596 1306 42 20 kan
656 1305 58 21 sluta
729 1305 33 27 sig
778 1305 39 21 och
833 1304 61 26 kring
909 1304 85 21 hvilken

165 1333 41 21 den
229 1334 41 20 kan
293 1333 145 27 krystallisera
455 1334 32 26 sig
502 1334 39 21 och
556 1336 61 24 säga:
633 1334 39 21 här
687 1336 25 19 är
728 1334 41 21 den
784 1333 75 27 punkt,
876 1333 37 21 der
928 1332 67 22 öfver-

165 1362 108 34 trädelsen
288 1363 64 21 skett.
382 1362 41 21 Det
437 1364 25 19 är
477 1362 122 28 visserligen
615 1365 48 19 sant
678 1365 34 19 att
728 1363 109 32 uttrycket
852 1361 143 27 »Strategiska

329 1391 99 21 sträckas
450 1391 81 27 ganska
552 1375 66 48 långt,
635 1397 46 15 men
703 1391 66 21 hafva
785 1391 19 21 vi
820 1397 26 15 en
863 1390 132 27 bestämning

165 1409 90 31 derom
257 1409 35 31 att
309 1406 87 34 landets
418 1412 87 34 trupper
527 1419 46 22 icke
589 1414 29 27 få
638 1420 58 21 föras
717 1422 61 19 utom
794 1419 72 21 landet
881 1420 59 20 utom
955 1421 40 19 när

164 1448 82 21 sådana
261 1448 39 21 och
316 1448 80 21 sådana
411 1448 182 27 omständigheter
608 1448 87 27 påkalla
711 1449 44 25 det,
772 1448 27 21 då
814 1447 65 22 hafva
894 1447 20 21 vi
930 1447 64 27 något

165 1476 98 28 omkring
286 1476 80 22 hvilket
388 1477 112 27 opinionen
523 1478 42 20 kan
586 1478 68 20 samla
669 1477 32 27 sig
717 1465 41 33 och
773 1479 61 25 säga:
850 1478 39 19 här
904 1476 6 21 i
926 1476 68 21 denna

164 1506 68 26 punkt
254 1507 24 20 är
300 1505 166 22 öfverträdelsen
488 1506 74 21 skedd.
592 1506 43 21 Det
656 1508 25 19 är
700 1506 50 22 icke
765 1506 70 26 någon
851 1504 90 28 likgiltig
955 1505 39 21 sak
