1078 1781
270 102 180 21 Borgareståndet
462 102 56 18 1877.
542 103 23 17 14
577 102 119 18 December.
837 97 54 21 2331

66 171 85 22 komma
167 171 6 21 i
189 171 59 27 fråga
263 172 31 20 att
310 172 77 25 utgöra
402 171 110 27 grundlag.
528 183 29 3 —
572 171 62 22 Hvad
649 171 74 27 sjelfva
738 171 12 27 &
767 172 9 21 1
790 171 102 22 beträffar

66 201 25 20 så
105 200 96 21 förordar
213 200 36 27 jag
264 199 48 22 dess
327 200 120 27 antagande
462 200 66 27 enligt
543 199 123 23 Utskottets
680 200 141 21 betänkande.
851 200 41 27 Jag

66 231 47 19 tror
127 229 47 21 icke
195 230 33 20 att
248 229 36 20 det
300 227 54 22 skall
369 235 51 14 vara
436 229 83 26 möjligt
533 230 32 20 att
581 229 34 20 för
630 229 124 21 densamma
769 229 82 21 erhålla
866 235 26 15 en

64 257 125 28 lämpligare
204 257 144 27 formulering,
364 263 45 15 som
425 257 68 22 skulle
509 257 62 21 hafva
586 258 66 26 utsigt
664 259 34 20 att
712 257 64 22 vinna
786 257 105 22 sanktion.

134 314 57 22 Herr
205 314 161 21 Talmannen
382 315 65 26 ansåg
462 314 98 28 lämpligt
584 316 32 20 att
631 315 41 21 den
689 314 71 22 vidare
776 314 116 22 diskussio-

65 350 40 14 nen
121 343 131 22 beträffande
268 343 56 21 Herr
339 343 23 21 E.
379 343 82 27 Berghs
476 343 81 27 förslag
571 343 70 22 skulle
653 349 40 22 ega
704 349 47 16 rum
760 343 53 22 först
826 343 65 22 sedan

65 371 145 28 föreliggande
225 373 11 25 $
253 374 9 19 1
279 371 69 22 blifvit
363 371 172 22 slutbehandlad.

135 429 54 22 Herr
205 429 151 27 Chydenius:
388 429 56 21 Herr
467 429 99 22 Talman!
596 429 42 28 Jag
660 429 80 22 tilläter
755 430 43 26 mig
813 429 78 21 föreslä

63 460 35 19 att
113 458 146 21 diskussionen
276 458 22 21 af
317 458 6 27 $
341 460 8 19 1
367 458 67 21 mätte
449 459 128 26 uppskjutas
592 458 33 21 till
634 459 48 20 dess
690 458 70 27 öfriga
768 457 122 28 paragrafer

63 488 39 19 äro
125 487 165 26 genomgångna.
321 487 13 26 $
350 487 12 20 2
378 486 46 21 åter
446 487 118 21 innehåller
585 487 135 27 bestämning
735 493 34 15 om
785 487 55 22 huru
855 487 36 21 det

64 515 55 21 skall
142 515 27 26 gå
190 516 47 21 med
260 522 25 14 en
308 515 34 21 del
358 521 28 15 nu
402 515 115 22 bestående
533 515 142 28 inrättningar
690 515 6 21 i
713 515 101 22 händelse
831 515 60 22 detta

65 543 116 28 lagförslag
203 546 92 25 antages.
326 544 42 21 Det
390 544 74 27 tyckes
485 544 44 25 mig
546 550 51 15 vara
612 545 36 20 det
663 544 135 27 lämpligaste
813 546 32 20 att
860 544 30 21 af-

63 574 54 25 göra
132 572 60 22 äfven
209 573 68 21 denna
293 573 82 24 efteråt,
392 573 64 20 sedan
472 573 19 21 vi
507 573 41 21 fått
563 579 29 19 se,
609 573 6 21 i
631 573 84 21 hvilken
725 573 55 21 form
788 573 102 27 förslaget

63 604 96 24 antages,
189 601 60 21 Hvad
270 602 12 25 &
299 603 9 18 1
326 601 107 26 beträffar,
450 601 23 21 sä
494 603 25 20 är
534 602 35 21 det
584 601 123 28 visserligen
722 603 64 20 sannt
800 604 33 19 att
849 602 41 21 den

64 629 86 22 formelt
165 629 117 28 uppställer
298 630 36 21 det
350 630 48 25 mäl,
414 636 45 15 som
475 630 81 26 äsyftas
572 631 49 20 med
637 631 40 20 den
693 630 136 27 härordning,
845 636 45 15 som

63 658 8 21 i
87 658 145 22 betänkandet
247 658 88 22 föresläs
350 659 40 20 och
406 661 33 18 att
455 659 35 21 det
506 659 123 26 visserligen
645 659 41 21 kan
695 665 63 21 synas
767 658 123 28 lämpligast

64 689 33 19 att
118 687 55 21 först
194 687 72 26 afgöra
290 693 34 16 om
348 687 71 26 målet,
437 688 63 21 innan
517 694 48 15 man
581 687 129 22 bestämmer
726 694 34 15 om
776 689 67 20 sättet
857 687 33 21 för

63 716 49 21 dess
128 716 131 27 uppnäende,
275 722 48 15 men
339 715 59 22 detta
413 715 133 22 förhällande
562 723 61 20 synes
639 716 54 21 dock
702 723 51 14 vara
762 722 58 15 mera
828 716 62 21 sken-

64 743 55 22 bart.
150 745 25 21 Vi
197 744 63 21 hafva
282 744 44 21 alla
340 751 46 14 mer
401 745 52 21 eller
468 745 81 21 mindre
565 745 112 21 bestämda
693 745 52 21 eller
760 744 129 25 obestämda,

62 773 70 21 ehuru
147 773 46 22 icke
208 773 141 22 formulerade
364 773 81 27 äsigter
460 779 34 16 om
518 773 55 22 hvad
590 774 48 21 med
654 773 70 22 denna
739 773 80 22 militär
835 773 55 22 skall

62 801 81 28 åsyftas
166 802 40 21 och
228 802 164 21 åstadkommas.
426 803 9 20 1
449 797 10 37 $
481 802 68 27 gäller
570 801 57 23 blott
641 804 32 19 att
692 802 66 27 derpä
773 802 61 27 lägga
849 802 41 21 den

63 830 134 27 lämpligaste
213 831 62 27 skylt,
291 836 45 16 som
352 833 54 19 mest
422 831 41 20 kan
480 837 69 21 gagna
564 837 35 15 oss
615 830 39 22 och
670 831 71 21 derför
756 831 42 20 kan
807 830 82 22 diskus-

62 859 74 21 sionen
167 865 34 15 om
223 859 39 21 den
285 859 64 22 ocksä
372 859 121 27 lämpligast
514 859 127 28 uppskjutas
663 859 33 22 till
719 859 48 22 dess
790 859 20 21 vi
826 859 63 22 hafva

63 888 86 26 stadgat
164 888 8 21 i
187 887 64 28 detalj
267 894 34 15 om
317 888 56 21 huru
388 888 158 27 härordningen
561 888 55 22 skall
632 895 50 14 vara
698 887 115 22 beskaffad.

133 945 56 21 Herr
204 945 158 21 Talmannen
379 945 72 21 anhöll
467 948 33 19 att
520 945 91 22 Ständet
626 945 75 22 främst
715 945 51 22 ville
780 945 109 21 diskutera

62 973 40 22 och
119 974 74 27 afgöra
208 974 58 21 detta
282 974 56 21 Herr
353 974 103 27 Chydenii
472 974 87 27 förslag.

132 1031 56 21 Herr
211 1031 24 21 E.
251 1031 106 26 Bergh:
387 1031 43 28 Jag
451 1031 55 22 skall
530 1032 76 21 endast
627 1033 59 26 yttra
708 1031 43 26 mig
776 1037 34 15 om
833 1030 56 22 Herr

62 1059 103 28 Chydenii
181 1062 84 19 senaste
290 1060 86 26 förslag,
392 1059 161 22 förbehällande
569 1060 42 27 mig
627 1062 32 19 att
674 1059 66 22 sedan
756 1059 132 22 äterkomma

62 1088 33 21 till
125 1088 146 21 diskussionen
301 1095 33 14 om
366 1089 163 26 paragrafernas
555 1088 254 27 grundlagsegenskaper.
849 1087 40 27 Jag

61 1123 64 15 anser
132 1119 33 19 att
177 1117 36 21 den
218 1117 132 27 lämpligaste
358 1117 117 27 ordningen
483 1117 33 21 väl
522 1123 50 16 vore
577 1119 34 19 att
617 1123 27 15 nu
650 1117 54 21 först
709 1117 75 27 afgöra
794 1116 94 27 lydelsen

62 1145 41 27 af&
113 1147 18 24 1,
138 1147 23 26 ty
170 1146 36 21 det
215 1151 61 21 synes
289 1145 43 27 mig
339 1145 46 22 icke
394 1152 51 15 vara
453 1146 41 21 den
501 1147 57 20 rätta
567 1146 116 26 ordningen
690 1147 31 20 att
728 1146 110 21 diskutera
848 1145 40 21 och

61 1174 119 21 bestämma
195 1174 252 27 militärorganisationen
465 1175 65 21 innan
545 1181 48 15 man
611 1177 35 19 vet
658 1174 32 21 till
699 1174 80 21 hvilket
789 1173 99 22 ändamål

61 1203 42 21 den
114 1202 54 22 skall
184 1203 84 21 brukas.
299 1203 178 26 Organisationen
493 1203 42 22 kan
550 1203 105 27 nemligen
667 1203 64 21 blifva
742 1202 146 27 väsendtligen

61 1231 58 22 olika
142 1238 35 15 om
200 1231 40 22 den
262 1231 55 23 skall
333 1232 108 21 användas
456 1231 33 23 för
505 1231 36 22 det
557 1238 40 16 ena
612 1231 52 22 eller
679 1231 67 22 andra
761 1231 127 22 ändamälet.

61 1260 56 22 Herr
133 1260 119 28 Chydenius
267 1261 39 21 har
321 1260 122 27 visserligen
459 1263 56 25 sagt,
531 1263 33 19 att
579 1260 80 22 enhvar
675 1260 39 22 bär
728 1261 57 21 inom
804 1260 32 26 sig
851 1260 37 21 sitt

60 1288 113 22 bestämda
187 1289 104 27 syftemä!,
306 1288 33 22 för
354 1289 81 21 hvilket
451 1289 42 21 han
509 1296 64 15 anser
587 1290 107 21 militären
711 1289 51 21 böra
772 1288 114 26 användas,

61 1323 47 15 men
132 1317 119 23 diskussion
274 1325 34 15 om
331 1318 173 26 organisationen
530 1318 84 22 komme
635 1318 89 21 sälunda
744 1320 33 19 att
792 1317 95 27 försiggä

60 1346 66 27 nägot
141 1346 99 28 slumpvis
256 1349 38 19 när
310 1346 173 27 organisationen
499 1346 54 22 skall
569 1347 81 27 lämpas
661 1347 53 21 efter
725 1346 104 28 syftemäl,
841 1352 46 15 som

60 1374 47 22 icke
129 1374 64 23 hafva
216 1375 69 22 blifvit
307 1375 96 21 uttalade
419 1375 39 21 och
474 1382 46 15 som
536 1382 49 15 man
601 1375 81 21 kanske
696 1375 47 21 icke
758 1374 37 22 vill
811 1374 75 22 uttala.

59 1403 50 21 Men
125 1404 62 21 äfven
203 1410 33 15 om
252 1410 48 16 man
316 1403 68 22 skulle
400 1404 70 21 uttala
485 1404 48 22 dem
549 1404 35 21 vid
592 1404 73 26 hvarje
678 1404 92 21 särskild
780 1402 106 28 paragraf,

59 1432 24 21 sä
98 1432 69 21 blefve
182 1432 59 22 detta
271 1432 166 28 uppenbarligen
453 1434 32 20 ett
500 1433 81 21 mindre
597 1432 97 28 lämpligt
709 1434 43 20 sätt
768 1434 31 19 att
814 1432 27 26 gå
856 1431 32 21 till

59 1462 60 25 väga,
135 1462 27 20 än
177 1463 33 19 att
224 1468 28 14 nu
275 1461 69 21 uttala
368 1461 47 21 dem
431 1462 34 20 vid
482 1461 13 29 &
514 1463 17 23 1,
547 1462 46 26 och,
611 1461 54 21 först
680 1462 66 21 sedan
762 1461 41 21 den
819 1460 68 22 blifvit

58 1489 105 26 bestämd,
180 1490 116 21 bestämma
311 1496 35 16 om
362 1490 178 28 organisationen.
