1078 1781
175 110 56 21 2296
381 115 180 22 Borgareståndet
573 116 54 17 1877.
652 116 24 17 12
688 116 119 17 December.

175 185 43 22 mal
238 185 147 26 anmärkning.
415 185 46 21 Här
476 186 25 20 är
513 185 40 21 den
569 185 55 22 dock
639 185 23 22 af
675 184 107 28 obetydlig
797 184 115 27 skottvidd,
927 185 28 21 då
970 185 36 22 så-

175 220 45 15 som
241 213 81 22 bekant
344 215 107 25 regenten,
467 213 45 22 ifall
528 214 42 21 han
585 213 37 22 vill
637 214 97 27 begagna
748 213 129 27 vapenmakt
892 216 56 19 emot
963 219 41 19 oss,

175 243 40 21 har
229 242 33 21 till
278 242 54 21 buds
348 241 101 28 ofantliga
464 243 82 25 skaror,
563 244 51 20 utan
630 244 32 19 att
678 242 90 22 behöfva
778 242 97 21 använda
886 243 46 20 vårt
942 242 62 21 lands

175 273 70 19 söner.
276 270 56 22 Herr
347 272 33 20 W.
395 271 82 26 Nystén
495 271 40 21 har
550 271 106 26 anmärkt,
672 273 32 20 att
719 271 44 21 min
776 271 122 26 jemförelse
914 271 90 21 emellan

175 300 27 21 de
224 299 102 22 värfvade
348 301 116 25 trupperna
484 299 39 22 och
546 299 169 27 tjenstemännen
734 299 132 22 beträffande
882 299 122 22 aflönandet

175 334 51 16 vore
248 327 107 28 olämplig.
386 327 42 28 Jag
450 328 69 21 skulle
542 328 55 21 dock
619 330 33 19 tro
670 330 34 20 att
719 328 40 21 den
774 327 128 28 fullkomligt
917 328 39 21 har
971 328 33 22 sin

175 357 57 26 plats
255 357 46 20 här.
330 356 80 27 Hvarje
431 357 140 26 medborgare
593 359 24 18 är
631 357 84 27 skyldig
730 359 32 19 att
778 356 75 22 arbeta
867 356 34 21 för
916 357 36 21 det
967 356 37 22 all-

175 387 84 20 männa.
290 385 42 21 Det
355 391 49 15 vore
427 385 87 22 alldeles
529 385 88 27 analogt
632 386 48 21 med
695 385 130 22 förfarandet
841 387 32 19 att
888 387 74 25 uttaga
978 385 27 22 de

175 414 73 21 aktiva
270 419 76 22 genom
368 413 97 28 lottning,
481 420 34 15 om
537 420 49 15 man
603 413 36 22 vill
654 420 75 21 genom
744 413 93 28 lottning
851 416 75 24 uttaga
940 416 15 19 t.
971 420 32 15 ex.

175 442 119 22 skollärare
318 442 39 22 och
380 442 127 27 tjenstemän
523 442 7 21 i
546 443 73 20 landet
641 443 39 21 och
696 443 44 21 låta
756 443 47 20 dem
819 443 117 27 tjenstgöra
951 444 52 19 utan

175 473 33 20 att
228 471 72 21 aflöna
322 471 55 21 dem.
408 471 31 21 De
461 471 69 21 skulle
554 471 27 22 då
604 471 66 27 draga
684 472 41 21 den
740 473 73 26 tunga,
828 477 46 16 som
890 471 113 26 rätteligen

175 500 40 21 bör
230 500 77 26 dragas
322 499 22 22 af
358 499 49 26 alla,
423 499 39 22 och
478 499 119 28 tjenstgöra
611 500 28 27 på
654 506 51 20 egen
721 500 126 21 bekostnad.
870 499 78 22 Vidare
963 499 41 21 har

175 529 56 20 Herr
250 528 82 27 Nystén
348 528 105 24 anmärkt,
469 530 32 19 att
516 529 26 21 de
558 529 152 26 värnepligtige
725 529 47 20 icke
787 528 69 21 skulle
870 528 86 21 komma
971 530 33 19 att

175 556 65 22 blifva
258 556 125 27 tillräckligt
398 557 75 21 öfvade
488 557 41 21 och
543 557 7 21 i
566 557 51 27 följd
633 557 61 22 deraf
706 557 47 21 icke
768 557 71 21 kunde
854 557 96 27 uppfylla
965 557 38 21 sitt

175 585 44 22 kall
238 586 71 21 såsom
328 585 84 22 landets
427 585 126 25 försvarare,
569 588 52 19 utan
636 592 86 15 snarare
738 588 91 19 utsattes
844 585 33 22 för
892 587 31 20 ett
937 585 66 22 resul-

176 613 75 22 tatlöst
266 614 154 21 bortkastande
435 614 22 21 af
471 614 62 22 deras
549 614 28 21 lif.
608 615 42 20 Det
664 616 25 20 är
704 614 80 21 kanske
799 614 58 21 svårt
872 614 32 21 för
919 614 42 27 mig
972 617 32 18 att

175 643 99 25 bedöma,
289 643 55 21 huru
359 645 46 19 stor
420 642 72 28 öfning
508 643 107 25 behöfves,
631 643 32 21 för
678 645 33 19 att
726 643 66 20 blifva
804 649 25 15 en
843 643 72 26 duglig
927 643 77 20 soldat.

175 672 42 26 Jag
232 671 40 21 har
288 671 54 22 dock
358 671 83 27 nyligen
456 671 61 26 visat,
534 674 33 19 att
582 678 47 15 man
645 672 82 27 ganska
742 671 81 28 hastigt
838 671 41 22 kan
890 673 52 25 göra
952 671 52 26 dug-

175 700 41 27 lige
239 700 95 21 soldater
356 700 21 21 af
396 700 154 27 jemförelsevis
573 700 74 27 simple
668 702 55 19 män.
755 700 42 21 Det
816 700 40 21 har
873 701 65 20 visats
953 699 51 22 flere

175 728 81 28 gånger
278 728 62 21 förut.
370 728 41 27 Jag
432 729 133 25 förutsätter,
588 731 33 19 att
643 729 26 21 de
692 729 159 27 värnepligtige,
871 735 45 15 som
936 728 68 21 skulle

176 757 66 26 öfvas,
258 757 7 21 i
284 759 32 19 tre
339 757 102 22 månader
461 757 69 22 skulle
551 764 52 15 vara
624 757 78 22 lifvade
725 757 34 22 för
774 758 37 21 sitt
825 757 50 21 kall.
905 757 32 21 De
952 757 53 21 böra

175 786 73 21 kunna
261 786 65 21 blifva
341 786 37 21 det
392 792 75 21 genom
483 792 26 15 en
525 786 67 21 sådan
608 786 145 27 organisation
766 792 45 15 som
823 787 6 20 i
840 785 102 22 Schweitz
953 786 51 21 eller

175 820 45 15 som
244 814 159 22 reservationen
424 814 63 22 afser.
518 815 33 21 De
573 815 53 21 böra
649 815 73 21 kunna
743 814 65 22 blifva
823 815 37 21 det
874 815 32 20 för
921 814 84 21 landets

176 843 82 21 försvar
273 843 40 21 och
329 843 62 22 dessa
406 843 103 26 öfningar,
524 843 27 21 då
567 843 26 22 de
608 843 19 27 ej
639 843 79 22 drifvas
730 843 70 22 dertill
811 849 76 20 genom
898 845 31 19 ett
940 843 65 26 tvång

175 871 77 22 sådant
274 877 46 16 som
338 871 125 28 lottningen,
477 874 51 19 utan
549 872 129 27 derigenom,
694 873 32 20 att
743 872 84 21 landets
842 871 42 22 alla
899 871 52 22 barn
967 873 37 20 äro

175 900 158 21 underkastade
348 900 44 21 lika
407 900 78 27 öfning.
515 901 42 26 Jag
572 901 39 21 har
626 901 108 21 dessutom
751 901 99 21 anmärkt
864 903 32 18 att
907 900 98 27 öfningen

175 929 69 21 skulle
264 929 96 27 begynna
376 929 7 21 i
398 929 106 22 skolorna.
535 929 74 21 Denna
624 931 32 19 tre
672 929 113 22 månaders
801 929 72 27 öfning
888 929 69 21 skulle
972 929 33 21 så-

176 957 65 22 lunda
264 957 63 22 hafva
349 957 104 27 föregåtts
475 957 22 22 af
517 958 161 27 öfningskursen
694 959 6 20 i
716 958 41 21 den
773 958 89 27 tidigare
877 958 127 26 ungdomen.

175 986 44 21 För
234 986 65 27 öfrigt
314 986 40 21 har
366 986 37 27 jag
418 986 101 22 förutsatt
534 989 32 19 att
582 993 25 15 en
623 987 79 21 allmän
718 987 62 26 anda,
794 993 45 15 som
852 986 89 21 sålunda
951 993 53 20 upp-

175 1015 92 26 komme,
292 1014 68 22 skulle
383 1015 21 21 få
426 1015 37 21 sitt
485 1015 85 28 uttryck
585 1015 8 21 i
607 1015 243 28 skarpskytteöfningar,
868 1015 136 26 hvarigenom

176 1043 192 27 skjutfärdigheten
384 1043 67 22 skulle
467 1043 117 22 befordras.

245 1071 105 28 Slutligen
372 1072 40 21 bör
431 1072 37 27 jag
489 1073 48 21 med
560 1079 39 21 par
614 1073 38 21 ord
668 1073 86 21 bemöta
770 1072 56 21 Herr
841 1072 102 27 Ignatius,
959 1078 45 15 som

175 1101 40 21 har
236 1101 100 21 anmärkt
357 1103 39 24 att,
416 1101 1 20 i
433 1101 101 21 händelse
557 1101 111 27 meningen
688 1108 58 18 vore,
762 1101 81 21 hvilket
859 1101 41 21 han
915 1101 39 21 har
969 1101 36 21 be-

175 1129 76 27 tviflat,
274 1131 32 20 att
329 1129 40 22 den
390 1129 98 22 aflönade
503 1130 106 21 militären
624 1130 61 21 äfven
700 1130 69 21 skulle
784 1130 27 24 gå
827 1132 24 19 ut
864 1130 7 21 i
887 1130 53 27 krig,
954 1135 50 16 man

175 1159 68 20 måste
265 1164 51 16 anse
336 1159 40 20 den
394 1164 51 15 vara
460 1158 84 22 aflönad
560 1159 33 21 för
609 1161 32 19 att
656 1159 96 22 försvara
767 1158 79 22 landet.
875 1159 41 26 Jag
932 1158 72 22 behöf-

175 1193 37 15 ver
234 1188 52 25 göra
308 1186 57 22 Herr
384 1187 96 26 Ignatius
495 1187 151 27 uppmärksam
662 1188 76 21 endast
754 1187 71 26 derpå,
842 1189 32 19 att
889 1187 67 21 lotten
972 1190 32 18 att

175 1215 68 22 strida
258 1215 33 22 för
306 1215 83 22 landets
404 1215 82 22 försvar
500 1215 69 22 skulle
585 1216 25 21 de
627 1216 47 21 dela
688 1216 46 21 lika
749 1216 49 21 med
813 1215 40 22 alle
866 1215 68 28 öfrige
946 1216 58 21 med-

175 1243 98 28 borgare,
289 1244 39 22 och
344 1245 33 20 att
392 1243 118 29 aflöningen
525 1245 91 21 sålunda
630 1247 24 19 är
669 1245 33 22 till
718 1245 77 21 endast
809 1244 34 22 för
858 1244 61 22 deras
930 1244 74 28 tjenst-

175 1273 75 26 göring
265 1273 67 21 under
347 1272 79 22 freden.

243 1301 42 27 Jag
304 1302 42 21 kan
365 1301 18 27 ej
400 1300 57 23 finna
472 1301 86 22 hvarför
573 1304 32 20 ett
619 1302 104 22 kasernlif
738 1302 55 21 skall
808 1308 51 15 vara
874 1302 130 26 nödvändigt

174 1329 34 21 för
229 1329 135 23 utbildandet
386 1330 23 21 af
423 1336 25 15 en
469 1331 71 27 duglig
555 1330 75 22 soldat.
660 1331 45 21 Min
721 1333 35 19 tro
772 1333 31 25 är,
818 1334 33 18 att
868 1330 35 22 det
918 1336 86 18 snarare

175 1358 45 21 ofta
244 1364 44 20 nog
308 1358 76 22 verkar
407 1361 123 19 motsatsen.
560 1360 43 26 Jag
624 1359 35 21 vill
683 1360 101 26 slutligen
807 1359 108 25 anmärka,
930 1361 33 19 att
978 1365 26 15 en

174 1386 180 28 hufvudförtienst.
375 1387 38 19 hos
431 1387 36 22 det
483 1390 86 24 system,
585 1394 44 16 som
646 1388 56 22 Herr
718 1387 141 23 Silfversvans
874 1387 129 22 reservation

173 1415 97 27 innebär,
293 1417 25 20 är
340 1416 40 21 den
403 1417 32 20 att
457 1416 147 28 milistrupper
626 1416 105 28 svärligen
754 1417 72 21 kunna
849 1416 107 22 användas
972 1416 32 22 till

174 1444 73 27 längre
264 1444 47 27 krig
325 1446 59 20 utom
400 1444 79 22 landet.
