1078 1781
166 110 57 21 2528
362 115 179 21 Borgareståndet
554 116 55 17 1877.
634 116 23 17 19
670 116 120 17 December.

169 187 95 19 moment
287 183 106 28 uppfyller
415 184 70 21 bättre
508 184 36 21 det
566 184 98 28 åsyftade
679 185 66 21 målet
760 186 26 19 än
802 183 40 22 den
858 183 137 27 formulering

168 219 46 16 som
229 213 246 27 Värnepligtsutskottet
489 212 60 27 gifvit
565 213 60 22 detta
633 215 101 19 moment.
764 213 41 26 Jag
817 212 38 21 har
866 213 46 21 icke
920 213 75 26 begärt

169 242 61 21 ordet
246 241 34 22 för
294 245 33 18 att
343 241 86 22 bemöta
444 241 61 22 dessa
521 241 118 28 framlagda
654 241 81 27 förslag
746 241 40 22 och
802 241 44 21 visa
864 242 62 21 deras
934 247 60 26 svag-

169 270 38 21 het
222 272 51 20 utan
290 269 72 22 derför
384 272 32 19 att
431 276 26 15 en
473 272 148 31 representant
640 258 122 39 upprepade
778 270 78 27 gånger
871 272 53 25 sagt,
940 272 33 19 att
988 269 6 21 i

168 298 256 28 Värnepligtsutskottets
447 299 79 26 förslag
541 299 19 27 ej
577 299 68 22 skulle
668 305 51 15 vara
735 299 76 27 tydligt
826 299 92 21 uttaladt
933 298 61 21 hvar-

169 327 32 22 till
217 328 41 21 den
274 327 68 22 finska
351 327 152 27 värnepligtige
515 328 72 21 armén
596 327 7 22 i
613 327 90 22 fredstid
715 327 55 22 skall
781 327 113 21 användas.
918 327 77 26 Många

170 356 68 21 talare
261 356 64 21 hafva
347 356 66 21 redan
429 356 116 21 framhållit
565 358 32 19 att
614 357 58 20 detta
690 356 66 21 finnes
771 355 93 27 tydligen
880 355 92 22 uttaladt
988 355 6 21 i

169 385 102 26 paragraf
289 385 45 25 122,
350 385 38 20 der
402 385 35 20 det
448 384 59 22 heter
522 387 31 19 att
565 385 26 21 de
601 385 51 21 böra
663 391 51 15 vara
729 385 98 26 förlagda
841 384 57 21 inom
914 384 78 21 landet.

170 413 74 22 Redan
260 414 6 21 i
283 414 12 26 &
314 415 23 19 11
354 415 62 25 säges
430 415 32 19 att
477 413 24 21 sä
516 416 60 19 snart
591 414 26 21 de
633 413 47 22 från
696 414 46 21 sina
757 413 121 21 ständorter
888 419 106 15 samman-

171 442 68 21 kallas
255 442 33 21 till
304 442 104 27 öfningar,
424 442 23 21 så
469 442 61 21 skola
545 442 61 21 äfven
623 443 61 20 dessa
703 442 38 21 ske
756 442 56 21 inom
829 442 77 23 landet,
921 444 22 25 ty
959 441 36 22 det

170 471 71 21 heter:
273 471 45 24 ,Pä
340 472 88 20 senaten
451 470 39 21 och
513 470 225 27 Generalguvernören
754 471 123 20 ankommer
892 472 32 19 att
939 476 56 15 sam-

170 499 117 26 mandraga
302 502 116 24 trupperne
433 499 32 21 till
481 501 68 19 större
565 505 159 21 gemensamma
736 499 132 26 lägermöten
876 499 39 21 och
926 498 68 21 öfnin-

169 535 39 20 gar
223 528 57 21 inom
296 527 86 22 landet”
399 527 38 22 och
453 528 6 21 i
476 534 63 15 mom.
555 529 12 20 3
583 528 62 21 heter
656 528 36 21 det
702 527 127 28 ,Angående
849 527 145 28 gardesbatal-

167 557 76 26 jonens
259 558 165 26 sommarmöten
439 557 67 26 gäller
521 557 54 20 dock
592 557 54 20 hvad
662 557 72 20 derom
757 556 101 21 särskildt
872 556 41 21 kan
929 556 66 21 varda

169 585 124 27 päbjudet.*
323 585 68 22 Afven
407 585 59 21 detta
482 585 125 27 förtydligar
622 588 32 18 att
670 585 26 21 de
712 585 153 27 värnepligtige
880 587 114 24 trupperne

170 614 46 21 icke
232 614 73 21 kunna
320 614 58 21 föras
394 614 139 21 annorstädes
549 616 26 19 än
592 614 56 21 inom
664 614 79 21 landet.
775 613 60 22 Hvad
854 613 82 22 säledes
951 613 43 21 vid-

170 642 96 21 kommer
290 643 40 20 den
353 642 153 27 värnepligtige
527 643 84 20 arméns
629 642 137 21 verksamhet
781 642 7 21 i
803 642 95 25 fredstid,
914 642 24 21 sä
953 641 41 22 kan

167 671 38 27 jag
220 671 46 21 icke
290 674 64 18 annat
370 671 56 21 finna
441 672 26 19 än
490 673 33 19 att
539 671 72 21 derom
631 673 24 19 är
671 671 94 27 tydligen
781 671 98 20 uttaladt.
910 670 84 22 Samma

171 700 93 21 ledamot
286 700 77 26 pästod
386 700 121 26 upprepade
530 700 80 26 gänger
625 702 32 19 att
677 701 26 20 de
718 699 22 22 af
754 699 241 27 Värnepligtsutskottet

170 728 96 21 uttalade
282 729 65 21 motiv
363 728 46 21 icke
424 727 188 22 öfverensstämma
628 728 48 21 med
687 728 94 27 lydelsen
792 728 6 21 i
809 728 69 21 denna
889 727 106 27 paragraf.

170 757 94 21 Motiven
280 758 27 25 gå
322 757 105 26 nemligen
443 759 24 18 ut
482 757 27 26 på
524 760 33 18 att
571 757 57 21 vissa
643 757 22 21 af
680 757 25 22 de
716 757 154 26 värnepligtige
881 759 114 24 trupperne

170 785 47 22 icke
232 785 21 22 få
275 786 108 27 begagnas
406 785 31 21 till
459 788 66 18 annat
541 788 26 19 än
583 788 32 19 att
630 785 95 22 försvara
741 785 77 26 landet,
835 791 46 15 men
897 785 59 21 detta
971 786 24 19 är

171 814 59 21 äfven
247 815 93 20 uttaladt
355 815 7 20 i
378 816 115 19 momentet
509 814 39 21 och
565 815 32 20 för
612 817 32 18 att
658 816 52 25 göra
726 814 37 21 det
775 815 57 20 ännu
845 813 103 28 tydligare
956 813 38 21 har

171 849 47 14 man
242 843 67 21 insatt
330 843 36 21 det
389 845 31 19 att
436 842 27 21 då
484 843 25 20 de
525 843 97 21 försvara
640 843 172 21 fäderneslandet
827 842 24 21 så
866 842 88 27 bidraga
969 842 26 21 de

171 871 122 28 derigenom
309 871 32 22 till
356 871 172 27 Kejsaredömets
544 871 89 22 försvar.
662 871 114 27 Meningen
792 873 24 19 är
831 871 81 21 således
924 873 33 18 att
970 871 24 20 de

170 900 47 21 icke
232 900 21 21 få
269 901 27 26 på
311 901 65 26 något
392 902 63 19 annat
471 902 43 19 sätt
529 901 107 20 användas
651 902 27 19 än
694 900 34 21 till
744 899 150 22 fosterlandets
907 899 89 21 försvar.

170 928 79 22 Derför
264 929 68 21 finner
352 929 37 26 jag
404 931 32 18 att
452 929 69 27 någon
543 929 127 25 återremiss,
688 929 33 21 för
736 931 32 19 att
784 930 51 25 göra
851 928 68 21 denna
934 934 61 20 para-

170 957 47 27 graf
238 957 230 22 öfverensstämmande
492 958 47 21 med
562 958 98 25 motiven,
682 957 47 22 icke
752 959 24 19 är
796 957 23 21 af
840 957 98 21 behofvet
960 957 36 26 på-

171 986 71 21 kallad
259 987 38 20 och
314 986 69 21 skulle
392 986 43 27 jag,
451 986 28 21 då
493 986 46 21 icke
555 987 69 25 någon
640 987 23 20 af
677 986 101 22 Ståndets
792 985 136 22 medlemmar
944 985 52 21 kun-

171 1017 38 19 nat
229 1015 119 21 framställa
370 1021 26 15 en
420 1015 69 21 bättre
512 1015 145 26 formulering,
671 1015 87 20 anhålla
777 1017 32 18 att
825 1014 89 21 Ståndet
929 1015 67 20 måtte

170 1046 80 24 antaga
265 1043 59 22 detta
339 1047 93 18 moment
447 1043 77 22 sådant
539 1044 36 21 det
591 1043 21 22 af
625 1043 113 22 Utskottet
754 1045 23 19 är
792 1043 145 21 formuleradt.

240 1101 57 20 Herr
318 1100 137 21 Cronvall:
486 1101 42 20 Det
549 1103 24 19 är
594 1103 52 19 utan
662 1100 74 22 tvifvel
752 1099 101 22 Ståndets
868 1100 80 21 önskan
964 1101 32 19 att

171 1129 22 21 få
208 1129 36 21 det
260 1129 93 21 uttaladt
376 1131 32 19 att
423 1129 51 21 våra
486 1133 88 23 trupper
589 1129 47 22 icke
651 1129 21 22 få
688 1129 58 21 föras
762 1131 57 18 utom
836 1130 96 25 gränsen,
949 1134 47 15 men

171 1157 70 22 denna
257 1157 64 22 tanke
337 1158 39 21 har
391 1157 46 22 icke
452 1158 94 27 tydligen
563 1158 68 21 blifvit
646 1157 128 26 framställd,
789 1157 127 21 åtminstone
932 1157 65 26 enligt

171 1186 56 21 hvad
245 1186 38 27 jag
306 1186 41 21 kan
370 1186 63 21 finna.
462 1187 42 26 Jag
527 1187 67 21 skulle
617 1187 71 21 derför
708 1192 52 15 anse
776 1188 32 19 att
823 1186 59 21 detta
896 1185 47 22 icke
958 1185 40 21 bör

172 1215 129 21 försummas
316 1215 40 21 och
373 1215 35 21 det
423 1215 39 21 bör
477 1215 37 21 ske
528 1216 44 26 just
588 1215 35 21 vid
646 1215 59 22 detta
721 1217 100 22 moment,
837 1215 24 20 så
876 1217 31 18 att
922 1213 75 22 åtmin-

171 1245 62 20 stone
248 1244 28 26 på
291 1245 32 20 ett
338 1243 61 22 ställe
415 1243 100 22 Ståndets
531 1244 54 27 åsigt
601 1250 34 15 om
650 1246 34 20 att
699 1244 104 22 Finlands
818 1243 119 27 krigsmakt
951 1243 47 21 icke

172 1273 39 20 bör
233 1273 58 21 föras
314 1275 58 19 utom
389 1272 78 25 landet,
484 1274 34 20 må
539 1273 94 27 tydligen
649 1273 97 21 framstå.
776 1273 41 26 Jag
832 1272 68 21 skulle
915 1275 35 18 tro
964 1273 34 19 att

172 1301 60 21 detta
247 1301 69 21 skulle
332 1301 158 22 åstadkommas
505 1308 75 20 genom
596 1302 132 26 uteslutning
744 1301 22 21 af
780 1301 61 21 ordet
857 1300 85 25 ,äfven*
958 1300 39 21 och

171 1330 124 21 insättande
320 1330 6 20 i
349 1330 73 21 stället
444 1330 22 21 af
490 1330 65 21 orden
577 1330 16 24 ,i
619 1330 110 21 Finland.”
758 1329 106 28 Lydelsen
887 1329 68 21 skulle
970 1329 28 21 då

171 1358 66 21 blifva
253 1358 116 25 ,Finlands
385 1358 118 28 krigsmakt
519 1359 38 21 har
572 1359 31 21 till
620 1359 98 21 ändamål
737 1361 34 19 att
786 1360 65 19 värna
866 1360 76 19 tronen
957 1357 41 21 och

171 1387 173 21 fäderneslandet
366 1391 54 17 samt
443 1388 122 24 derigenom
581 1388 6 20 i
603 1388 90 21 Finland
717 1387 90 26 bidraga
825 1386 33 22 till
873 1386 126 27 Kejsaredö-

171 1418 55 19 mets
242 1416 103 21 försvar.*
375 1416 41 26 Jag
439 1416 68 21 skulle
523 1416 83 22 således
628 1416 86 22 anhålla
730 1418 33 19 att
778 1415 89 22 Ständet
882 1415 50 21 ville
946 1416 53 25 god-

171 1444 71 22 känna
258 1444 70 22 denna
343 1444 79 28 lydelse
437 1444 34 22 för
486 1444 131 28 paragrafen.
