1078 1781
324 98 180 22 Borgareståndet
516 100 56 18 1878.
593 100 24 17 10
629 99 94 18 Januari.
872 92 55 22 2811

102 168 47 27 lysa
163 170 33 19 att
217 167 71 22 såvidt
303 168 43 27 mig
361 169 24 20 är
400 167 80 23 bekant
503 174 26 15 en
545 168 73 21 eldare
633 168 27 27 på
676 168 54 21 intet
745 167 115 28 sjögående
875 166 54 23 han-

100 196 119 27 delsfartyg
240 195 97 28 förhyres
358 197 136 22 annorlunda
514 199 27 19 än
557 197 56 21 efter
635 196 93 28 aflöning
750 196 30 28 på
796 195 76 22 månad
888 195 40 22 och

101 225 112 22 betraktas
228 225 69 21 såsom
313 225 81 26 sjöman
410 225 40 22 och
465 225 79 22 införes
559 225 6 22 i
581 225 165 27 sjömansrullan
762 224 38 23 och
815 224 37 22 det
867 224 62 22 torde

102 260 27 15 en
144 254 7 21 i
166 253 90 22 Ståndet
271 253 131 22 närvarande
417 253 114 28 sjökapten
547 254 73 21 kunna
635 253 90 28 upplysa
741 259 41 16 om.
811 253 42 26 Jag
866 258 64 16 anser

99 282 87 22 således
201 282 32 21 för
248 282 43 21 min
307 281 34 22 del
353 284 33 19 att
400 283 63 26 ingen
486 282 119 28 otydlighet
620 282 76 21 härvid
713 282 69 22 skulle
797 281 132 22 förekomma

102 317 35 15 om
153 312 117 20 momentet
285 310 68 22 skulle
361 313 90 25 antagas
461 311 25 21 så
494 313 33 20 att
541 311 45 21 deri
594 311 69 21 skulle
672 311 79 21 införas
759 310 55 22 blott
822 309 108 28 uttrycket

101 339 180 27 kofferdisjöman,
297 341 22 26 ty
332 339 36 27 jag
383 345 62 16 anser
461 342 33 19 att
509 339 86 22 eldaren
611 339 141 27 ovilkorligen
768 339 38 22 bör
819 338 110 22 betraktas

101 368 72 21 såsom
188 368 88 27 sjöman.
307 368 33 21 Då
362 368 149 21 missförstånd
527 367 65 22 likväl
612 368 74 27 tyckas
701 368 72 22 kunna
788 374 39 21 ega
842 373 46 16 rum
904 367 25 21 så

101 396 40 22 har
153 396 38 27 jag
206 396 108 27 ingenting
329 399 57 19 emot
402 403 26 15 en
444 397 125 22 återremiss
584 397 7 21 i
607 397 76 21 sådant
698 396 54 28 syfte
767 398 32 20 att
815 395 71 23 eldare
897 395 32 22 dit

101 425 78 22 införes
195 425 69 22 såsom
280 427 31 20 ett
326 425 79 27 tillägg.

170 488 56 21 Herr
248 489 26 20 A.
288 488 159 27 Björkstén:
479 489 50 21 Med
551 488 114 27 anledning
686 488 22 21 af
730 488 56 22 Herr
803 487 125 23 Lindbloms

101 519 86 19 senaste
201 517 137 27 andragande
353 517 39 21 och
407 517 62 22 äfven
485 517 23 22 af
522 517 55 22 hvad
592 517 42 22 han
649 517 57 21 förut
720 517 8 21 i
743 517 73 26 frågan
832 517 39 22 har
885 518 43 26 ytt-

102 547 34 20 rat
153 546 24 21 så
198 545 38 22 ber
248 546 37 27 jag
300 548 32 19 att
346 548 117 25 yttermera
477 546 22 22 få
514 545 55 22 fästa
584 545 216 28 uppmärksamheten
815 546 66 27 derpå
895 547 33 20 att

99 573 43 22 den
163 574 185 27 omständigheten
367 577 32 19 ait
418 581 26 14 en
464 581 79 20 person
564 575 79 21 införes
659 575 6 20 i
681 574 162 27 sjömansrullan
861 574 19 27 ej
895 573 33 23 får

100 603 107 22 förväxlas
228 603 48 21 med
297 603 40 22 den
360 603 187 27 omständigheten
569 605 32 20 att
621 603 41 22 han
678 603 111 22 inskrifves
803 603 7 21 i
825 603 103 27 sjömans-

101 631 67 26 huset,
184 634 23 25 ty
222 631 36 22 det
276 631 66 22 finnes
362 632 46 21 icke
425 632 136 21 föreskrifvet
577 634 32 19 att
624 638 25 15 en
666 632 81 27 sjöman
762 631 55 22 skall
833 637 50 16 vara
897 631 31 22 in-

98 660 94 22 skrifven
211 661 31 20 uti
257 660 155 27 sjömanshuset
427 661 40 21 och
483 661 128 26 inskrifning
625 660 30 21 uti
671 660 155 27 sjömanshuset
840 659 40 22 har
894 660 33 22 så-

100 688 58 28 ledes
173 689 109 27 ingenting
296 691 34 20 att
344 689 68 22 skaffa
428 690 49 21 med
493 690 41 21 den
549 696 29 15 nu
593 689 145 27 föreliggande
754 689 79 26 frågan.

169 757 55 22 Herr
238 757 114 23 Kurtén:
375 753 68 26 Äfven
456 759 39 26 jag
510 760 24 19 är
549 758 23 21 af
586 758 40 21 den
642 757 55 27 åsigt
712 759 32 20 att
754 757 171 27 kofferdisjömän

99 785 40 22 bör
160 786 90 22 omfatta
271 787 115 26 begreppet
405 787 73 21 eldare
497 787 84 21 anstäld
596 787 28 26 på
639 786 114 27 sjögående
767 785 158 28 handelsfartyg

97 814 42 22 och
159 815 38 21 ber
215 817 32 19 att
262 815 21 21 få
298 817 77 20 nämna
390 817 32 19 att
437 821 36 16 om
489 822 50 15 man
554 822 28 14 nu
598 815 36 21 vill
650 815 109 22 dissekera
774 815 64 21 saken
853 815 25 21 så
892 817 33 19 att

98 849 49 16 man
166 844 104 21 utesluter
289 843 93 26 eldaren,
396 844 24 21 så
435 845 41 20 bör
492 850 48 15 man
556 845 61 20 äfven
633 843 93 22 utesluta
741 844 88 26 kocken,
845 845 22 25 ty
882 843 42 21 han

98 874 25 19 är
144 872 47 21 icke
213 872 66 21 heller
302 873 88 26 sjöman.
420 873 128 22 Emellertid
571 873 39 21 har
629 873 37 21 det
686 872 46 21 icke
752 872 42 27 mig
809 872 115 27 veterligen

98 901 102 26 någonsin
222 901 55 22 varit
299 901 59 26 fråga
380 907 34 16 om
437 902 68 27 något
525 901 82 27 sådant,
623 904 51 18 utan
693 901 24 22 så
732 903 60 20 snart
806 907 25 15 en
846 907 77 20 person

98 929 40 21 har
152 929 122 27 tjenstgjort
288 930 69 21 såsom
373 931 55 21 kock
443 931 29 26 på
487 932 32 19 ett
533 929 76 28 fartyg,
625 930 25 21 så
664 929 40 22 har
718 930 37 21 det
765 929 48 22 icke
821 929 103 27 någonsin

96 959 56 20 satts
175 958 30 21 uti
228 958 60 27 fråga
310 960 32 19 att
364 959 42 21 han
426 959 47 22 icke
495 959 78 21 räknas
588 959 31 21 till
635 958 164 27 sjömanskapet.
828 958 42 27 Jag
884 957 40 22 har

97 986 50 27 sjelf
165 986 48 22 låtit
228 987 7 20 i
250 987 156 27 sjömanshuset
426 988 125 27 påmönstra
566 987 39 22 och
621 987 101 21 inskrifva
734 987 105 21 särskilda
853 986 71 22 eldare

97 1014 40 22 och
158 1015 37 27 jag
216 1015 39 22 har
278 1016 45 21 icke
342 1017 134 20 annorlunda
492 1016 83 21 kunnat
589 1015 67 22 förstå
672 1017 27 20 än
714 1018 33 19 att
762 1015 26 22 de
803 1015 121 27 derigenom

97 1043 64 22 hafva
184 1043 67 22 blifvit
269 1044 132 27 berättigade
422 1045 33 21 till
470 1045 44 21 alla
529 1045 27 21 de
572 1044 107 22 förmåner
694 1050 45 15 som
755 1044 67 21 andra
837 1043 87 28 sjömän,

97 1072 42 21 han
162 1073 35 20 må
219 1073 28 21 då
269 1073 121 27 tjenstgjort
412 1074 72 21 såsom
505 1075 70 19 stuart
591 1073 51 22 eller
654 1073 102 27 jungman
772 1072 52 22 eller
839 1072 86 22 hvilken

96 1100 121 29 befattning
239 1107 45 16 som
307 1101 61 22 helst.
397 1102 50 22 Icke
469 1102 77 21 endast
567 1102 7 21 i
596 1102 99 21 afseende
716 1101 12 22 å
749 1101 135 27 åtnjutandet
904 1101 23 21 af

96 1129 117 22 understöd
236 1130 46 21 från
304 1131 158 26 sjömanshuset
485 1133 51 19 utan
560 1130 61 21 äfven
636 1131 7 20 i
658 1130 60 21 detta
740 1130 43 25 fall,
803 1129 69 22 skulle
888 1129 37 28 jag

94 1163 54 16 anse
166 1158 48 22 dem
234 1165 50 15 vara
304 1159 133 27 berättigade
452 1159 34 22 till
501 1165 82 16 samma
598 1159 88 25 förmån,
702 1159 28 21 då
742 1159 40 21 här
796 1158 47 21 icke
857 1157 67 22 finnes

95 1187 102 22 särskildt
212 1187 72 22 nämdt
300 1188 109 27 angående
425 1188 71 27 någon
512 1188 42 21 viss
569 1187 58 22 klass
642 1187 24 22 af
678 1187 177 27 kofferdisjömän.

165 1256 57 21 Herr
239 1256 126 28 Krogius:
394 1256 57 22 Herr
467 1256 126 22 Lindbloms
607 1256 140 26 anmärkning
762 1255 108 28 angående
885 1256 39 26 på-

95 1285 119 27 mönstring
235 1285 23 21 af
278 1285 72 22 eldare
370 1285 40 22 har
431 1286 34 21 sin
489 1285 108 28 rigtighet,
613 1287 23 25 ty
652 1285 26 21 de
697 1285 79 21 införas
794 1284 69 22 såsom
883 1284 40 22 den

93 1312 72 28 öfriga
187 1312 148 29 besättningen
355 1314 32 21 uti
408 1314 172 27 sjömansrullan,
596 1320 48 16 men
665 1314 36 21 det
718 1313 88 22 oaktadt
821 1318 61 16 anses
898 1312 26 23 de

94 1341 48 22 icke
159 1342 70 22 såsom
248 1342 93 22 hörande
359 1342 34 22 till
410 1342 162 28 sjömanskapet
589 1342 40 22 och
645 1342 77 22 önskar
737 1348 49 16 man
801 1341 71 22 derför
888 1341 35 22 fri-

94 1372 51 25 taga
161 1370 48 22 dem
220 1370 46 22 från
282 1371 148 28 skyldigheten
446 1374 34 19 att
495 1371 99 22 inträda
582 1366 10 37 i
603 1371 58 21 aktiv
669 1371 65 27 tjenst
743 1371 23 21 sä
777 1376 62 16 anser
844 1370 37 28 jag
888 1370 36 21 det

94 1405 52 15 vara
164 1400 129 26 nödvändigt
311 1402 32 20 att
359 1400 26 22 de
400 1400 67 22 skildt
487 1402 125 20 omnämnas
627 1400 69 21 såsom
712 1400 36 21 det
762 1399 62 22 äfven
839 1399 31 21 uti
885 1398 39 22 Ut-

95 1427 70 22 skotts
186 1427 144 23 betänkandet
351 1428 67 22 finnes
441 1431 106 25 upptaget
569 1430 33 20 att
617 1428 26 22 de
658 1428 52 22 böra
725 1428 133 27 undantagas
873 1426 50 28 eljes

94 1456 73 22 kunna
182 1456 26 22 de
222 1456 47 22 icke
284 1457 120 28 inbegripas
420 1458 70 21 under
505 1457 108 28 uttrycket
628 1456 231 28 kofferdisjömanskap.
