1078 1781
256 106 178 22 Borgareståndet
446 107 55 17 1877.
524 108 23 16 12
559 107 118 17 December.
827 101 57 21 2269

58 182 47 15 som
121 175 62 22 förut.
213 175 40 26 Jag
269 175 40 22 har
323 175 49 21 hört
387 175 140 27 anmärkning
542 177 63 25 göras
621 178 44 18 mot
680 175 26 21 de
722 175 103 27 kalkyler,
837 181 46 15 som

60 207 38 18 äro
114 204 99 27 bifogade
229 204 122 21 Utskottets
367 203 140 27 betänkande,
523 203 63 22 hvars
602 203 142 28 beräkningar
762 210 50 15 vore
827 204 57 21 orik-

58 233 46 26 tiga
120 233 133 23 derutinnan,
268 234 33 20 att
316 232 80 21 befälet
411 233 93 26 antagits
520 239 51 14 vara
587 232 43 21 lika
645 232 75 21 talrikt
730 232 34 21 för
774 239 25 14 en
810 232 75 27 fåtalig

60 267 45 16 som
121 263 68 20 större
205 263 107 19 numerär.
342 261 49 21 Men
405 261 37 27 jag
458 263 24 19 är
498 261 123 27 öfvertygad
632 261 78 25 derom,
722 263 32 19 att
765 267 33 15 om
809 261 75 21 endast

59 292 87 19 rotarne
162 296 27 15 nu
206 289 122 28 uppställde
342 289 101 24 soldater,
465 289 72 28 hvarje
560 293 47 18 rote
630 289 39 26 sin,
692 289 39 22 och
755 289 73 22 landet
849 289 36 22 be-

61 319 88 21 kostade
165 319 72 21 desses
252 318 119 26 underhåll,
387 318 73 26 hvarje
481 325 47 15 man
550 318 85 21 komme
654 320 32 19 att
695 318 63 21 kosta
766 317 119 22 sexhundra

61 347 59 21 mark
136 347 79 26 årligen
231 349 55 19 samt
301 347 49 21 hela
365 349 125 19 numerären
505 346 83 22 således
599 347 31 26 sju
641 347 106 21 millioner
757 346 128 22 tvåhundra-

59 378 64 19 tusen
146 376 68 21 mark.
249 375 73 22 Skulle
340 376 47 21 åter
410 375 48 22 hela
482 376 88 27 styrkan
593 375 73 22 ställas
688 375 28 28 på
738 375 87 22 värfvad
847 376 37 25 fot,

62 404 68 21 blefve
146 404 144 21 kostnaderna
305 406 56 19 ännu
377 404 72 27 högre,
466 406 75 19 nästan
558 404 100 27 omöjliga
668 407 32 18 att
711 404 100 25 beräkna,
823 404 61 21 hvar-

61 435 60 19 utom
141 439 81 15 samma
241 432 113 28 olägenhet
370 439 44 15 som
430 433 6 20 i
452 433 67 21 andra
534 433 80 25 länder,
631 433 104 26 nemligen
752 433 133 26 svårigheten

62 464 32 19 att
110 461 22 22 få
147 462 81 21 militär
245 468 76 19 genom
340 461 103 27 värfning,
462 461 123 22 tillkomme.
617 462 32 21 Då
664 461 94 22 återstår
773 464 32 19 att
820 461 65 21 tänka

63 490 27 27 på
105 491 36 20 det
156 492 78 25 system
251 490 40 21 den
303 490 76 27 nådiga
391 490 158 27 propositionen
561 490 117 21 innehåller
688 490 38 21 och
741 490 144 27 Värnepligts-

63 519 104 21 utskottet
182 518 126 22 modifierar.
338 519 42 27 Jag
395 522 51 22 tror,
461 521 33 19 att
509 519 60 21 detta
585 521 77 24 system
678 521 24 19 är
718 519 36 21 det
770 519 54 20 enda
834 519 51 26 möj-

61 548 43 26 liga
119 547 32 22 för
167 547 85 27 frågans
268 547 90 28 lösning,
374 548 23 21 så
412 550 33 19 att
458 547 73 22 landet
541 548 42 20 kan
595 548 51 21 bära
659 550 85 23 tungan.
768 547 117 26 Medgifvas

63 576 74 26 måste,
160 579 33 18 att
216 578 102 25 systemet
340 577 64 20 också
420 578 24 19 är
459 575 131 22 besvärande
613 578 55 19 samt
686 578 32 19 att
734 576 36 21 det
786 576 98 27 möjligen

62 605 41 21 kan
126 605 88 21 inverka
237 605 125 21 hämmande
385 605 28 26 på
434 605 83 21 landets
541 605 127 26 utveckling.
700 605 48 20 Men
764 605 27 21 då
806 604 80 22 militär

63 633 108 26 behöfves,
186 633 32 22 får
234 640 48 15 man
298 633 63 22 ställa
376 634 32 26 sig
424 633 97 22 derefter.
538 647 27 2 —
581 633 32 22 De
628 633 114 22 rättslärde
752 634 74 27 tyckas
839 633 46 21 icke

62 668 52 15 vara
129 663 64 20 säkre
208 668 33 15 om
258 662 104 21 huruvida
376 664 69 19 staten
461 664 25 19 är
501 662 119 27 berättigad
637 665 31 18 att
683 662 72 21 fordra
766 662 120 27 tjenstskyl-

62 691 74 26 dighet
155 691 23 21 af
199 691 71 26 hvarje
294 691 144 26 medborgare.
469 690 42 27 Jag
534 691 38 21 har
595 691 66 21 heller
684 691 61 26 ingen
767 691 66 27 utsigt
853 692 33 19 att

63 720 70 21 kunna
155 719 52 22 reda
230 719 39 22 den
293 719 66 22 saken
383 720 70 21 bättre
469 721 26 19 än
511 726 46 15 som
573 720 64 26 skett,
653 726 47 15 men
714 719 36 27 jag
766 719 120 21 föreställer

63 748 48 27 mig,
133 751 33 18 att
186 754 48 15 man
256 749 68 20 måste
347 755 23 14 se
391 749 65 20 saken
477 748 61 21 äfven
561 748 44 21 från
632 754 25 15 en
680 755 70 14 annan
774 748 51 21 sida.
860 747 25 22 Vi

63 777 38 20 här
121 779 37 18 äro
184 777 83 20 landets
290 779 177 24 representanter.
498 777 47 21 Men
570 777 35 21 det
628 777 66 21 finnes
715 783 26 14 en
764 779 43 19 stor
828 777 57 20 klass

63 805 22 22 af
106 805 83 22 landets
217 805 146 28 medborgare,
388 812 46 15 som
458 806 39 21 här
522 806 46 21 icke
595 806 71 22 kunna
692 805 46 22 föra
763 806 32 20 sin
821 805 63 22 talan.

60 834 43 27 Jag
127 841 73 14 menar
225 834 25 21 de
273 834 74 27 fattige
374 834 127 21 arbetarene
529 835 39 20 och
595 835 147 26 daglönarene.
776 834 68 21 Ställa
866 834 19 20 vi

63 869 34 15 oss
120 863 27 26 pä
175 863 61 21 desse
261 869 112 20 personers
400 863 131 26 ståndpunkt
553 863 39 21 och
618 863 34 20 det
672 863 67 27 gäller
767 865 32 19 att
821 865 65 18 värna

61 891 148 26 fosterlandet,
230 891 103 27 gestaltar
359 891 31 27 sig
416 892 65 21 saken
509 891 138 22 annorlunda.
682 891 24 21 Vi
730 892 100 25 erkänna,
853 893 33 19 att

64 920 19 20 vi
102 920 41 21 alle
164 922 37 19 äro
223 919 95 28 skyldige
337 923 33 18 att
388 922 65 19 värna
478 920 147 25 fosterlandet,
648 927 47 15 men
714 921 18 20 vi
752 921 64 26 tycka
832 923 54 18 mest

61 954 36 15 om
114 948 128 27 frivillighet,
261 949 19 20 vi
297 949 47 27 lega
360 955 25 15 en
401 955 69 15 annan
486 949 33 21 för
535 955 40 15 oss.
607 949 32 21 Då
653 949 43 21 kan
711 949 112 21 arbetaren
839 949 47 20 med

63 977 47 21 skäl
127 977 68 27 fråga:
212 977 90 25 ,männe
318 978 58 21 detta
392 979 24 20 är
426 977 89 27 riktigt?
537 977 28 22 Ni
581 984 45 15 som
643 984 51 21 egen
710 984 26 15 en
752 977 23 22 sä
790 980 45 19 stor
845 977 41 21 för-

63 1006 115 26 mögenhet
193 1009 31 18 att
240 1006 87 27 skydda,
343 1007 21 20 ni
380 1007 46 20 med
443 1007 50 21 eder
509 1008 69 19 större
594 1006 102 27 bildning,
712 1006 104 21 behöfven
833 1006 6 21 i
854 1006 32 20 väl

64 1033 63 22 ställa
150 1035 33 20 för
205 1035 49 20 eder
270 1041 25 15 en
312 1035 74 26 simpel
403 1041 53 20 man,
473 1041 45 15 som
535 1035 46 21 icke
597 1035 38 21 har
650 1041 69 15 annan
735 1035 109 27 egendom,
860 1036 26 19 än

62 1063 43 21 den
128 1063 41 21 han
191 1063 38 21 bär
251 1064 28 26 på
293 1063 57 27 sig*?
380 1063 90 22 Kunnen
486 1064 7 20 i
508 1064 73 21 fordra
597 1063 22 22 af
633 1063 77 22 honom
732 1067 32 18 att
782 1063 41 21 han
839 1063 48 21 med

64 1098 82 15 samma
161 1092 89 21 intresse
266 1092 39 21 och
321 1094 72 19 värme
410 1092 53 21 skall
480 1092 96 21 försvara
591 1093 52 20 edra
658 1091 101 28 egodelar
774 1092 38 21 och
829 1092 59 21 edert

65 1120 49 21 land
130 1126 45 15 som
192 1127 33 14 om
242 1121 6 20 i
264 1120 48 27 sjelf
325 1120 83 22 skullen
423 1121 27 26 gå
466 1121 6 20 i
488 1121 72 21 ledet?
585 1121 90 21 Kunnen
691 1121 6 21 i
713 1121 23 20 af
744 1121 85 25 honom,
839 1120 48 22 med

63 1149 42 21 den
129 1149 60 27 ringa
213 1149 95 27 bildning
329 1149 43 22 han
393 1149 46 25 har,
460 1149 79 28 fordra
549 1155 25 15 en
591 1150 65 21 sådan
672 1149 134 27 pligtkänsla,
821 1149 66 21 sådan

65 1177 205 22 fosterlandskärlek
294 1184 45 15 som
359 1179 6 20 i
385 1178 110 27 begären?
525 1179 67 20 Afven
616 1179 69 20 denna
708 1178 46 21 sida
776 1177 23 22 af
823 1177 64 22 saken

65 1205 68 22 måste
159 1207 95 21 beaktas.
286 1207 43 21 Der
347 1206 113 22 arbetaren
481 1207 39 26 går
535 1207 6 20 i
557 1207 88 25 striden,
666 1209 38 25 gör
720 1207 41 21 han
778 1207 36 22 det
829 1209 59 18 tvun-

64 1241 42 20 gen
129 1235 23 21 af
171 1235 216 27 omständigheterna.
418 1235 49 22 Han
486 1236 63 21 söker
564 1235 38 22 sitt
617 1235 61 27 bröd,
694 1236 41 21 han
752 1235 75 22 tänker
842 1235 46 21 icke

66 1264 27 26 på
113 1266 33 19 att
167 1264 28 27 gå
210 1264 31 21 till
257 1264 72 27 strids,
344 1267 52 19 utan
411 1264 28 27 på
454 1264 151 26 krigstjensten
625 1264 67 22 under
714 1264 95 22 fredstid.
839 1264 49 21 Men

67 1292 40 21 blir
123 1292 36 22 det
173 1292 55 27 krig,
244 1293 23 21 så
282 1292 39 22 har
336 1293 42 21 han
397 1293 27 21 då
439 1293 42 21 fått
496 1293 72 21 ikläda
583 1293 32 27 sig
625 1293 67 21 lotten
703 1293 33 21 för
746 1293 40 21 den
798 1293 90 26 förmög-

66 1327 63 15 nares
151 1321 97 27 räkning,
264 1321 33 21 för
312 1322 48 26 den,
376 1328 46 15 som
442 1322 43 21 kan
508 1322 72 21 betala
602 1322 85 22 honom.
717 1322 40 21 Om
772 1322 19 21 vi
807 1321 83 28 engång

64 1350 86 21 således
165 1350 61 26 börja
240 1356 23 15 se
279 1350 66 22 sakeu
361 1350 47 22 från
425 1357 25 15 en
467 1352 44 19 rätt
526 1350 53 25 sida,
595 1351 23 21 så
634 1351 74 25 måste,
718 1350 67 28 enligt
796 1350 42 21 min
849 1352 40 23 tro,

66 1379 20 20 vi
109 1378 87 22 komma
218 1378 87 26 derhän,
328 1382 32 19 att
382 1380 100 26 antingen
498 1379 19 21 vi
533 1379 42 21 alle
597 1380 68 21 måste
686 1381 52 25 göra
759 1379 130 27 krigstjänst,

65 1407 54 21 eller
137 1407 65 21 också
222 1407 130 22 underkasta
368 1414 35 15 oss
419 1408 41 21 den
475 1408 56 21 enda
545 1408 87 27 möjliga
646 1410 92 25 utvägen
754 1407 136 25 derförutom,

67 1435 105 27 nämligen
195 1436 97 26 lottning.
308 1448 28 4 —
352 1436 42 22 För
414 1437 43 21 min
473 1436 34 22 del
526 1436 42 22 kan
585 1436 38 28 jag
643 1436 108 22 dessutom
773 1436 46 22 icke
834 1436 57 21 finna

65 1464 72 21 denna
151 1470 52 16 vara
217 1465 24 21 så
257 1464 161 27 afskräckande,
433 1471 47 15 som
496 1471 49 15 man
560 1465 90 22 utmålat
658 1465 48 25 den,
717 1464 102 22 ehuruväl
829 1464 62 22 äfven

63 1492 39 27 jag
116 1494 67 26 gärna
197 1495 43 20 sett
254 1495 33 19 att
302 1494 41 21 den
359 1493 114 22 undvikits.
497 1494 73 27 Enligt
585 1495 40 21 den
641 1494 77 26 nådiga
732 1493 159 27 propositionen
