1078 1781
291 99 180 22 Borgareståndet
482 100 55 17 1877.
561 100 28 18 20
600 99 119 20 December.
864 94 56 23 2574

276 141 7 7 .

91 168 34 21 ett
147 167 24 22 sä
192 168 96 22 utmärkt
310 174 60 21 opus,
391 174 46 15 som
457 168 68 26 detta,
541 168 57 23 inom
614 169 31 21 ett
660 168 124 23 decennium
799 168 56 24 skall
869 175 53 17 vara

88 196 159 27 obegagneligt.

162 253 55 23 Herr
238 253 129 22 Kurtén:
396 253 44 22 För
462 253 43 22 min
531 253 34 22 del
580 259 63 16 anser
654 253 38 28 jag
706 253 48 22 åter
769 253 60 23 detta
843 253 78 27 lagför-

89 281 50 27 slag
159 288 51 15 vara
233 282 24 21 af
277 282 41 21 den
336 284 59 19 stora
410 282 45 27 vigt
470 282 33 22 för
517 282 74 21 landet
606 282 40 21 och
661 282 7 22 i
684 281 144 27 verkligheten
843 283 25 20 sä
882 281 39 26 all-

91 312 95 20 varsamt
207 312 33 20 att
258 311 38 27 jag
317 311 47 21 icke
386 311 69 21 skulle
477 317 52 16 anse
551 311 38 21 det
603 311 53 21 böra
670 317 52 15 vara
733 312 71 20 utsatt
818 310 34 22 för
865 310 56 25 slika

91 339 172 27 anmärkningar,
278 345 46 16 som
339 339 102 22 särskildt
456 345 50 22 nyss
520 339 85 28 gjordes
618 339 66 28 jemte
700 339 36 22 det
749 339 37 27 jag
801 339 68 22 mäste
884 339 36 23 be-

92 367 65 27 klaga
178 374 34 15 om
235 368 98 27 möjligen
356 368 34 21 vid
414 368 156 27 behandlingen
593 367 22 22 af
637 368 60 21 detta
712 368 79 21 ärende
805 367 29 22 fel
849 367 72 23 blifvit

91 396 111 27 begängna
217 396 32 21 till
265 396 49 27 följe
330 397 60 21 deraf
404 399 31 19 att
451 403 49 14 man
516 397 47 21 icke
578 396 124 27 tillräckligt
717 397 125 21 allvarsamt
856 399 69 24 egnat

89 424 34 27 sig
145 425 23 20 åt
189 425 73 26 saken,
285 425 33 21 får
330 425 43 27 jag,
390 425 27 22 dä
430 425 37 27 jag
482 425 94 22 förutser
591 427 33 19 att
639 425 80 21 sådana
734 425 28 21 fel
777 425 46 22 icke
838 425 82 22 kunnat

90 453 110 25 undvikas,
219 453 39 22 hos
273 453 91 24 Ständet
378 454 28 27 pä
422 454 37 21 det
467 454 114 22 varmaste
596 453 108 28 tillstyrka
718 453 166 28 godkännandet
898 453 24 22 af

91 481 127 23 Utskottets
232 482 80 27 förslag
327 483 7 21 i
349 483 69 21 denna
433 483 42 26 del,
487 483 72 22 såsom
575 483 93 21 varande
683 483 95 21 särdeles
788 482 131 24 välbetänkt.

87 510 44 27 Jag
145 513 46 19 tror
206 513 32 19 att
252 511 73 26 hvarje
340 511 133 28 lagstiftning
489 513 25 19 är
529 511 145 22 underkastad
689 510 103 28 mensklig
807 511 113 22 ofullkom-

90 539 67 27 lighet
179 539 39 22 och
240 542 33 19 att
294 539 28 22 fel
337 539 46 22 icke
399 540 72 21 kunna
485 540 105 22 undvikas
606 540 48 21 med
670 539 61 22 bästa
746 539 50 28 vilja
809 540 8 21 i
832 539 88 23 verlden

88 567 42 22 och
151 569 60 21 detta
231 570 56 19 ännu
310 569 88 26 mindre,
421 570 38 19 när
481 569 48 22 icke
552 569 43 21 alla
616 568 83 22 krafter
714 571 74 24 egnats
803 568 32 22 till
850 570 33 20 att
898 567 22 24 få

89 596 138 29 lagförslaget
238 597 28 24 sä
280 597 52 27 godt
347 603 45 15 som
408 596 89 28 möjligt.

159 654 152 21 Diskussionen
332 654 131 22 förklarades
478 654 69 27 härpå
562 654 94 22 afslutad
671 654 39 21 och
725 653 57 22 Herr
796 654 122 22 Talmau-

88 689 53 15 nen
156 682 124 25 framstälde
294 683 94 27 följande

159 739 216 28 Proposition:
405 740 38 26 De,
467 746 46 15 som
537 740 114 32 godkänna
672 739 160 22 slutmomentet
853 739 8 21 i
880 737 38 24 Ut-

91 768 94 22 skottets
210 768 141 27 betänkande,
373 775 62 15 svara
450 768 42 27 ja;
514 769 74 21 vinner
603 769 55 29 nej,
674 774 61 16 anses
751 768 59 22 detta
824 769 96 21 moment

88 803 53 16 vara
154 797 23 22 af
190 797 181 28 Borgareständet
386 797 125 24 förkastadt.

158 854 74 22 Denna
256 855 22 21 af
299 854 56 22 Herr
402 854 142 22 Talmannen
585 854 135 22 framställda
734 853 132 28 proposition
880 853 38 23 be-

88 883 101 22 syarades
205 883 22 21 af
241 883 90 22 Ständet
346 883 49 22 med
410 883 156 27 öfvervägande
581 883 155 27 röstpluralitet
766 882 122 23 jakande.

156 1027 57 22 Herr
234 1027 130 22 Talmannen
388 1027 100 27 föredrog
511 1027 67 27 härpå
599 1026 265 27 ,Värnepligtsutskottets
879 1025 38 23 be-

88 1055 108 25 tänkande
218 1055 40 22 N:o
274 1057 12 20 2
302 1056 8 21 i
324 1056 115 26 anledning
461 1056 23 21 af
501 1056 60 21 Hans
579 1055 118 27 Kejserliga
713 1055 110 28 Majestäts
839 1054 79 28 nådiga

86 1083 132 28 proposition
234 1091 36 15 om
284 1084 116 22 anvisande
415 1084 24 21 af
452 1084 69 22 medel
537 1084 33 21 till
586 1084 136 22 bestridande
736 1083 25 22 af
774 1083 142 22 kostnaderne

86 1113 34 21 för
135 1113 78 24 allmän
229 1113 130 27 värnepligts
373 1113 114 22 införande
502 1113 8 21 i
525 1112 91 22 landet.'*

327 1199 133 22 Moment
483 1200 10 20 1
525 1199 29 27 pä
568 1198 61 22 sidan
646 1199 33 20 12.

154 1255 57 23 Herr
225 1255 169 22 Snellman:
423 1256 42 26 Jag
482 1255 69 22 skulle
566 1255 77 22 endast
658 1255 26 22 be
699 1257 32 20 att
746 1255 22 22 få
783 1255 55 22 fästa
852 1254 62 24 Stän-

85 1284 48 23 dets
155 1284 189 33 uppmärksamhet
366 1284 35 22 vid
421 1285 68 27 nägra
503 1280 175 43 oegentligheter,
693 1290 46 16 som
755 1284 39 21 här
808 1284 107 23 förekom-

85 1319 42 16 ma.
157 1312 38 22 Uti
218 1313 156 27 promemorian
399 1313 27 27 pä
448 1313 63 22 sidan
531 1314 26 21 22
581 1314 31 25 är,
632 1312 66 28 enligt
713 1312 75 22 hvad
782 1319 33 22 jag
830 1312 84 27 förstär,

85 1341 160 27 slitningstiden
268 1342 34 21 för
324 1344 32 20 ett
376 1344 65 24 gevär
463 1342 42 21 och
526 1348 27 15 en
568 1342 96 26 bajonett
679 1341 72 22 hvilka
765 1320 68 44 skulle
852 1342 64 22 kosta

84 1370 29 25 80
133 1370 67 27 mark,
215 1372 107 25 upptagen
338 1370 32 22 till
387 1371 27 21 20
430 1370 31 27 år,
476 1376 48 16 men
540 1370 120 22 kostnaden
674 1370 32 22 för
720 1372 66 25 gevär
800 1370 40 23 och
856 1370 58 27 bajo-

83 1400 48 20 nett
153 1398 39 22 har
214 1399 116 22 beräknats
353 1398 33 22 till
408 1406 26 14 en
457 1399 62 21 mark
543 1405 35 15 om
600 1399 53 22 året.
683 1398 66 22 Detta
764 1399 42 21 kan
817 1399 38 27 jag
867 1398 47 24 icke

83 1426 78 27 förstå;
183 1427 25 22 så
230 1427 65 22 framt
313 1428 158 26 slitningstiden
489 1428 48 23 icke
553 1430 24 19 är
593 1430 107 24 upptagen
715 1427 33 22 till
764 1429 27 21 80
806 1428 25 22 år
845 1427 69 23 måste

83 1456 36 25 väl
134 1456 119 22 kostnaden
268 1456 67 22 blifva
349 1457 14 20 4
378 1456 7 22 i
401 1456 72 22 stället
489 1456 34 22 för
537 1462 27 16 en
579 1456 61 22 mark
654 1462 36 16 om
700 1456 52 22 året.
783 1456 132 24 Fältflaskan

83 1486 27 20 är
129 1487 108 25 upptagen
260 1484 32 22 till
314 1485 13 21 5
350 1485 68 27 mark,
441 1484 194 28 förglitningstider
650 1484 32 22 till
698 1486 27 20 20
739 1486 26 20 år
779 1485 40 21 och
834 1484 80 24 förslit-
