<?xml version="1.0" encoding="UTF-8"?>
<alto xmlns="http://www.loc.gov/standards/alto/ns-v3#" xmlns:xlink="http://www.w3.org/1999/xlink" xmlns:xsi="http://www.w3.org/2001/XMLSchema-instance" xsi:schemaLocation="http://www.loc.gov/standards/alto/ns-v3# http://www.loc.gov/alto/v3/alto-3-0.xsd">
	<Description>
		<MeasurementUnit>pixel</MeasurementUnit>
		<sourceImageInformation>
			<fileName>/tmp/tess_6ht9t2wp_input.PNG</fileName>
		</sourceImageInformation>
		<OCRProcessing ID="OCR_0">
			<ocrProcessingStep>
				<processingSoftware>
					<softwareName>tesseract 5.3.4</softwareName>
				</processingSoftware>
			</ocrProcessingStep>
		</OCRProcessing>
	</Description>
	<Layout>
		<Page WIDTH="1078" HEIGHT="1781" PHYSICAL_IMG_NR="0" ID="page_0">
			<PrintSpace HPOS="0" VPOS="0" WIDTH="1078" HEIGHT="1781">
				<ComposedBlock ID="cblock_0" HPOS="284" VPOS="100" WIDTH="625" HEIGHT="26">
					<TextBlock ID="block_0" HPOS="284" VPOS="100" WIDTH="625" HEIGHT="26">
						<TextLine ID="line_0" HPOS="284" VPOS="100" WIDTH="625" HEIGHT="26">
							<String ID="string_0" HPOS="284" VPOS="104" WIDTH="179" HEIGHT="22" WC="0.90" CONTENT="Borgareståndet"/><SP WIDTH="13" VPOS="104" HPOS="463"/>
							<String ID="string_1" HPOS="476" VPOS="105" WIDTH="54" HEIGHT="18" WC="0.95" CONTENT="1877."/><SP WIDTH="26" VPOS="105" HPOS="530"/>
							<String ID="string_2" HPOS="556" VPOS="106" WIDTH="23" HEIGHT="16" WC="0.82" CONTENT="18"/><SP WIDTH="12" VPOS="106" HPOS="579"/>
							<String ID="string_3" HPOS="591" VPOS="105" WIDTH="117" HEIGHT="17" WC="0.96" CONTENT="December."/><SP WIDTH="147" VPOS="105" HPOS="708"/>
							<String ID="string_4" HPOS="855" VPOS="100" WIDTH="54" HEIGHT="21" WC="0.95" CONTENT="2325"/>
						</TextLine>
					</TextBlock>
				</ComposedBlock>
				<GraphicalElement ID="cblock_1" HPOS="82" VPOS="133" WIDTH="827" HEIGHT="4"></GraphicalElement >
				<ComposedBlock ID="cblock_2" HPOS="81" VPOS="170" WIDTH="831" HEIGHT="89">
					<TextBlock ID="block_1" HPOS="81" VPOS="170" WIDTH="831" HEIGHT="89">
						<TextLine ID="line_1" HPOS="82" VPOS="170" WIDTH="828" HEIGHT="31">
							<String ID="string_5" HPOS="82" VPOS="176" WIDTH="43" HEIGHT="20" WC="0.96" CONTENT="satt"/><SP WIDTH="14" VPOS="176" HPOS="125"/>
							<String ID="string_6" HPOS="139" VPOS="176" WIDTH="33" HEIGHT="20" WC="0.96" CONTENT="att"/><SP WIDTH="15" VPOS="176" HPOS="172"/>
							<String ID="string_7" HPOS="187" VPOS="174" WIDTH="46" HEIGHT="22" WC="0.93" CONTENT="icke"/><SP WIDTH="19" VPOS="174" HPOS="233"/>
							<String ID="string_8" HPOS="252" VPOS="174" WIDTH="192" HEIGHT="27" WC="0.91" CONTENT="värnepligtslagen"/><SP WIDTH="16" VPOS="174" HPOS="444"/>
							<String ID="string_9" HPOS="460" VPOS="174" WIDTH="69" HEIGHT="22" WC="0.96" CONTENT="skulle"/><SP WIDTH="16" VPOS="174" HPOS="529"/>
							<String ID="string_10" HPOS="545" VPOS="175" WIDTH="76" HEIGHT="21" WC="0.96" CONTENT="beröra"/><SP WIDTH="15" VPOS="175" HPOS="621"/>
							<String ID="string_11" HPOS="636" VPOS="174" WIDTH="111" HEIGHT="27" WC="0.96" CONTENT="grundlag."/><SP WIDTH="30" VPOS="174" HPOS="747"/>
							<String ID="string_12" HPOS="777" VPOS="170" WIDTH="67" HEIGHT="26" WC="0.92" CONTENT="Äfven"/><SP WIDTH="15" VPOS="170" HPOS="844"/>
							<String ID="string_13" HPOS="859" VPOS="174" WIDTH="51" HEIGHT="22" WC="0.91" CONTENT="Rid-"/>
						</TextLine>
						<TextLine ID="line_2" HPOS="83" VPOS="203" WIDTH="829" HEIGHT="28">
							<String ID="string_14" HPOS="83" VPOS="203" WIDTH="124" HEIGHT="27" WC="0.91" CONTENT="derskapets"/><SP WIDTH="23" VPOS="203" HPOS="207"/>
							<String ID="string_15" HPOS="230" VPOS="203" WIDTH="40" HEIGHT="22" WC="0.93" CONTENT="och"/><SP WIDTH="22" VPOS="203" HPOS="270"/>
							<String ID="string_16" HPOS="292" VPOS="203" WIDTH="81" HEIGHT="22" WC="0.91" CONTENT="Adelns"/><SP WIDTH="23" VPOS="203" HPOS="373"/>
							<String ID="string_17" HPOS="396" VPOS="203" WIDTH="124" HEIGHT="28" WC="0.91" CONTENT="inbjudning"/><SP WIDTH="23" VPOS="203" HPOS="520"/>
							<String ID="string_18" HPOS="543" VPOS="203" WIDTH="90" HEIGHT="22" WC="0.96" CONTENT="innebär"/><SP WIDTH="22" VPOS="203" HPOS="633"/>
							<String ID="string_19" HPOS="655" VPOS="205" WIDTH="33" HEIGHT="19" WC="0.95" CONTENT="att"/><SP WIDTH="20" VPOS="205" HPOS="688"/>
							<String ID="string_20" HPOS="708" VPOS="203" WIDTH="67" HEIGHT="27" WC="0.96" CONTENT="några"/><SP WIDTH="22" VPOS="203" HPOS="775"/>
							<String ID="string_21" HPOS="797" VPOS="203" WIDTH="24" HEIGHT="28" WC="0.43" CONTENT="88"/><SP WIDTH="16" VPOS="203" HPOS="821"/>
							<String ID="string_22" HPOS="837" VPOS="205" WIDTH="36" HEIGHT="20" WC="0.96" CONTENT="äro"/><SP WIDTH="16" VPOS="205" HPOS="873"/>
							<String ID="string_23" HPOS="889" VPOS="203" WIDTH="23" HEIGHT="22" WC="0.96" CONTENT="af"/>
						</TextLine>
						<TextLine ID="line_3" HPOS="81" VPOS="231" WIDTH="184" HEIGHT="28">
							<String ID="string_24" HPOS="81" VPOS="231" WIDTH="184" HEIGHT="28" WC="0.92" CONTENT="grundlagsnatur."/>
						</TextLine>
					</TextBlock>
				</ComposedBlock>
				<ComposedBlock ID="cblock_3" HPOS="81" VPOS="288" WIDTH="829" HEIGHT="114">
					<TextBlock ID="block_2" HPOS="81" VPOS="288" WIDTH="829" HEIGHT="114">
						<TextLine ID="line_4" HPOS="150" VPOS="288" WIDTH="759" HEIGHT="28">
							<String ID="string_25" HPOS="150" VPOS="289" WIDTH="56" HEIGHT="21" WC="0.96" CONTENT="Herr"/><SP WIDTH="22" VPOS="289" HPOS="206"/>
							<String ID="string_26" HPOS="228" VPOS="289" WIDTH="148" HEIGHT="21" WC="0.95" CONTENT="Molander:"/><SP WIDTH="31" VPOS="289" HPOS="376"/>
							<String ID="string_27" HPOS="407" VPOS="289" WIDTH="43" HEIGHT="21" WC="0.94" CONTENT="Det"/><SP WIDTH="21" VPOS="289" HPOS="450"/>
							<String ID="string_28" HPOS="471" VPOS="289" WIDTH="70" HEIGHT="26" WC="0.95" CONTENT="gäller"/><SP WIDTH="22" VPOS="289" HPOS="541"/>
							<String ID="string_29" HPOS="563" VPOS="291" WIDTH="31" HEIGHT="19" WC="0.96" CONTENT="att"/><SP WIDTH="16" VPOS="291" HPOS="594"/>
							<String ID="string_30" HPOS="610" VPOS="288" WIDTH="119" HEIGHT="22" WC="0.96" CONTENT="bestämma"/><SP WIDTH="15" VPOS="288" HPOS="729"/>
							<String ID="string_31" HPOS="744" VPOS="289" WIDTH="73" HEIGHT="22" WC="0.96" CONTENT="hvilka"/><SP WIDTH="15" VPOS="289" HPOS="817"/>
							<String ID="string_32" HPOS="832" VPOS="288" WIDTH="25" HEIGHT="28" WC="0.96" CONTENT="$$"/><SP WIDTH="15" VPOS="288" HPOS="857"/>
							<String ID="string_33" HPOS="872" VPOS="290" WIDTH="37" HEIGHT="20" WC="0.96" CONTENT="äro"/>
						</TextLine>
						<TextLine ID="line_5" HPOS="81" VPOS="317" WIDTH="829" HEIGHT="28">
							<String ID="string_34" HPOS="81" VPOS="317" WIDTH="23" HEIGHT="21" WC="0.93" CONTENT="af"/><SP WIDTH="23" VPOS="317" HPOS="104"/>
							<String ID="string_35" HPOS="127" VPOS="317" WIDTH="179" HEIGHT="27" WC="0.92" CONTENT="grundlagsnatur"/><SP WIDTH="26" VPOS="317" HPOS="306"/>
							<String ID="string_36" HPOS="332" VPOS="317" WIDTH="39" HEIGHT="22" WC="0.96" CONTENT="och"/><SP WIDTH="23" VPOS="317" HPOS="371"/>
							<String ID="string_37" HPOS="394" VPOS="324" WIDTH="34" HEIGHT="15" WC="0.93" CONTENT="om"/><SP WIDTH="22" VPOS="324" HPOS="428"/>
							<String ID="string_38" HPOS="450" VPOS="318" WIDTH="80" HEIGHT="21" WC="0.93" CONTENT="sådana"/><SP WIDTH="23" VPOS="318" HPOS="530"/>
							<String ID="string_39" HPOS="553" VPOS="317" WIDTH="25" HEIGHT="28" WC="0.68" CONTENT="$&amp;"/><SP WIDTH="19" VPOS="317" HPOS="578"/>
							<String ID="string_40" HPOS="597" VPOS="317" WIDTH="40" HEIGHT="22" WC="0.95" CONTENT="alls"/><SP WIDTH="14" VPOS="317" HPOS="637"/>
							<String ID="string_41" HPOS="651" VPOS="317" WIDTH="75" HEIGHT="22" WC="0.72" CONTENT="finnas."/><SP WIDTH="30" VPOS="317" HPOS="726"/>
							<String ID="string_42" HPOS="756" VPOS="317" WIDTH="69" HEIGHT="22" WC="0.96" CONTENT="Innan"/><SP WIDTH="16" VPOS="317" HPOS="825"/>
							<String ID="string_43" HPOS="841" VPOS="318" WIDTH="69" HEIGHT="21" WC="0.96" CONTENT="denna"/>
						</TextLine>
						<TextLine ID="line_6" HPOS="81" VPOS="345" WIDTH="829" HEIGHT="29">
							<String ID="string_44" HPOS="81" VPOS="345" WIDTH="60" HEIGHT="28" WC="0.96" CONTENT="fråga"/><SP WIDTH="24" VPOS="345" HPOS="141"/>
							<String ID="string_45" HPOS="165" VPOS="348" WIDTH="24" HEIGHT="19" WC="0.90" CONTENT="är"/><SP WIDTH="22" VPOS="348" HPOS="189"/>
							<String ID="string_46" HPOS="211" VPOS="346" WIDTH="91" HEIGHT="27" WC="0.89" CONTENT="afgjord,"/><SP WIDTH="23" VPOS="346" HPOS="302"/>
							<String ID="string_47" HPOS="325" VPOS="346" WIDTH="42" HEIGHT="21" WC="0.96" CONTENT="kan"/><SP WIDTH="22" VPOS="346" HPOS="367"/>
							<String ID="string_48" HPOS="389" VPOS="346" WIDTH="56" HEIGHT="22" WC="0.93" CONTENT="Herr"/><SP WIDTH="22" VPOS="346" HPOS="445"/>
							<String ID="string_49" HPOS="467" VPOS="346" WIDTH="119" HEIGHT="22" WC="0.90" CONTENT="Törnroths"/><SP WIDTH="21" VPOS="346" HPOS="586"/>
							<String ID="string_50" HPOS="607" VPOS="346" WIDTH="95" HEIGHT="27" WC="0.96" CONTENT="yrkande"/><SP WIDTH="22" VPOS="346" HPOS="702"/>
							<String ID="string_51" HPOS="724" VPOS="347" WIDTH="18" HEIGHT="26" WC="0.96" CONTENT="ej"/><SP WIDTH="24" VPOS="347" HPOS="742"/>
							<String ID="string_52" HPOS="766" VPOS="349" WIDTH="61" HEIGHT="25" WC="0.96" CONTENT="tagas"/><SP WIDTH="15" VPOS="349" HPOS="827"/>
							<String ID="string_53" HPOS="842" VPOS="346" WIDTH="68" HEIGHT="21" WC="0.96" CONTENT="under"/>
						</TextLine>
						<TextLine ID="line_7" HPOS="81" VPOS="375" WIDTH="143" HEIGHT="27">
							<String ID="string_54" HPOS="81" VPOS="375" WIDTH="143" HEIGHT="27" WC="0.90" CONTENT="ompröfning."/>
						</TextLine>
					</TextBlock>
				</ComposedBlock>
				<ComposedBlock ID="cblock_4" HPOS="80" VPOS="431" WIDTH="830" HEIGHT="173">
					<TextBlock ID="block_3" HPOS="80" VPOS="431" WIDTH="830" HEIGHT="173">
						<TextLine ID="line_8" HPOS="149" VPOS="431" WIDTH="761" HEIGHT="29">
							<String ID="string_55" HPOS="149" VPOS="433" WIDTH="56" HEIGHT="20" WC="0.96" CONTENT="Herr"/><SP WIDTH="25" VPOS="433" HPOS="205"/>
							<String ID="string_56" HPOS="230" VPOS="432" WIDTH="160" HEIGHT="28" WC="0.95" CONTENT="Chydenius:"/><SP WIDTH="32" VPOS="432" HPOS="390"/>
							<String ID="string_57" HPOS="422" VPOS="433" WIDTH="48" HEIGHT="21" WC="0.95" CONTENT="Med"/><SP WIDTH="27" VPOS="433" HPOS="470"/>
							<String ID="string_58" HPOS="497" VPOS="432" WIDTH="115" HEIGHT="27" WC="0.95" CONTENT="anledning"/><SP WIDTH="25" VPOS="432" HPOS="612"/>
							<String ID="string_59" HPOS="637" VPOS="431" WIDTH="21" HEIGHT="22" WC="0.96" CONTENT="af"/><SP WIDTH="24" VPOS="431" HPOS="658"/>
							<String ID="string_60" HPOS="682" VPOS="432" WIDTH="39" HEIGHT="21" WC="0.96" CONTENT="den"/><SP WIDTH="24" VPOS="432" HPOS="721"/>
							<String ID="string_61" HPOS="745" VPOS="433" WIDTH="52" HEIGHT="20" WC="0.93" CONTENT="sista"/><SP WIDTH="20" VPOS="433" HPOS="797"/>
							<String ID="string_62" HPOS="817" VPOS="432" WIDTH="93" HEIGHT="21" WC="0.90" CONTENT="talarens"/>
						</TextLine>
						<TextLine ID="line_9" HPOS="80" VPOS="460" WIDTH="830" HEIGHT="29">
							<String ID="string_63" HPOS="80" VPOS="461" WIDTH="100" HEIGHT="26" WC="0.96" CONTENT="yttrande"/><SP WIDTH="23" VPOS="461" HPOS="180"/>
							<String ID="string_64" HPOS="203" VPOS="461" WIDTH="35" HEIGHT="22" WC="0.95" CONTENT="vill"/><SP WIDTH="20" VPOS="461" HPOS="238"/>
							<String ID="string_65" HPOS="258" VPOS="461" WIDTH="38" HEIGHT="28" WC="0.95" CONTENT="jag"/><SP WIDTH="24" VPOS="461" HPOS="296"/>
							<String ID="string_66" HPOS="320" VPOS="461" WIDTH="102" HEIGHT="22" WC="0.96" CONTENT="anmärka"/><SP WIDTH="23" VPOS="461" HPOS="422"/>
							<String ID="string_67" HPOS="445" VPOS="463" WIDTH="32" HEIGHT="20" WC="0.96" CONTENT="att"/><SP WIDTH="24" VPOS="463" HPOS="477"/>
							<String ID="string_68" HPOS="501" VPOS="462" WIDTH="36" HEIGHT="21" WC="0.96" CONTENT="det"/><SP WIDTH="20" VPOS="462" HPOS="537"/>
							<String ID="string_69" HPOS="557" VPOS="461" WIDTH="18" HEIGHT="27" WC="0.95" CONTENT="ej"/><SP WIDTH="17" VPOS="461" HPOS="575"/>
							<String ID="string_70" HPOS="592" VPOS="463" WIDTH="25" HEIGHT="19" WC="0.96" CONTENT="är"/><SP WIDTH="14" VPOS="463" HPOS="617"/>
							<String ID="string_71" HPOS="631" VPOS="461" WIDTH="66" HEIGHT="26" WC="0.96" CONTENT="något"/><SP WIDTH="14" VPOS="461" HPOS="697"/>
							<String ID="string_72" HPOS="711" VPOS="461" WIDTH="90" HEIGHT="26" WC="0.93" CONTENT="utskott,"/><SP WIDTH="15" VPOS="461" HPOS="801"/>
							<String ID="string_73" HPOS="816" VPOS="460" WIDTH="94" HEIGHT="22" WC="0.92" CONTENT="hvarken"/>
						</TextLine>
						<TextLine ID="line_10" HPOS="80" VPOS="489" WIDTH="830" HEIGHT="28">
							<String ID="string_74" HPOS="80" VPOS="489" WIDTH="131" HEIGHT="28" WC="0.91" CONTENT="Lagutskott"/><SP WIDTH="21" VPOS="489" HPOS="211"/>
							<String ID="string_75" HPOS="232" VPOS="490" WIDTH="52" HEIGHT="21" WC="0.96" CONTENT="eller"/><SP WIDTH="16" VPOS="490" HPOS="284"/>
							<String ID="string_76" HPOS="300" VPOS="493" WIDTH="71" HEIGHT="23" WC="0.96" CONTENT="annat,"/><SP WIDTH="15" VPOS="493" HPOS="371"/>
							<String ID="string_77" HPOS="386" VPOS="492" WIDTH="51" HEIGHT="19" WC="0.93" CONTENT="utan"/><SP WIDTH="16" VPOS="492" HPOS="437"/>
							<String ID="string_78" HPOS="453" VPOS="490" WIDTH="103" HEIGHT="25" WC="0.89" CONTENT="Stånden,"/><SP WIDTH="16" VPOS="490" HPOS="556"/>
							<String ID="string_79" HPOS="572" VPOS="496" WIDTH="45" HEIGHT="15" WC="0.92" CONTENT="som"/><SP WIDTH="16" VPOS="496" HPOS="617"/>
							<String ID="string_80" HPOS="633" VPOS="489" WIDTH="74" HEIGHT="27" WC="0.92" CONTENT="afgöra"/><SP WIDTH="15" VPOS="489" HPOS="707"/>
							<String ID="string_81" HPOS="722" VPOS="496" WIDTH="34" HEIGHT="15" WC="0.93" CONTENT="om"/><SP WIDTH="16" VPOS="496" HPOS="756"/>
							<String ID="string_82" HPOS="772" VPOS="489" WIDTH="138" HEIGHT="28" WC="0.91" CONTENT="värnepligts-"/>
						</TextLine>
						<TextLine ID="line_11" HPOS="80" VPOS="518" WIDTH="829" HEIGHT="29">
							<String ID="string_83" HPOS="80" VPOS="518" WIDTH="62" HEIGHT="27" WC="0.95" CONTENT="lagen"/><SP WIDTH="19" VPOS="518" HPOS="142"/>
							<String ID="string_84" HPOS="161" VPOS="518" WIDTH="117" HEIGHT="22" WC="0.96" CONTENT="innehåller"/><SP WIDTH="15" VPOS="518" HPOS="278"/>
							<String ID="string_85" HPOS="293" VPOS="519" WIDTH="133" HEIGHT="26" WC="0.96" CONTENT="stadganden"/><SP WIDTH="15" VPOS="519" HPOS="426"/>
							<String ID="string_86" HPOS="441" VPOS="519" WIDTH="24" HEIGHT="21" WC="0.93" CONTENT="af"/><SP WIDTH="13" VPOS="519" HPOS="465"/>
							<String ID="string_87" HPOS="478" VPOS="519" WIDTH="186" HEIGHT="28" WC="0.91" CONTENT="grundlagsnatur."/><SP WIDTH="25" VPOS="519" HPOS="664"/>
							<String ID="string_88" HPOS="689" VPOS="519" WIDTH="57" HEIGHT="20" WC="0.95" CONTENT="Anse"/><SP WIDTH="16" VPOS="519" HPOS="746"/>
							<String ID="string_89" HPOS="762" VPOS="519" WIDTH="19" HEIGHT="21" WC="0.96" CONTENT="vi"/><SP WIDTH="10" VPOS="519" HPOS="781"/>
							<String ID="string_90" HPOS="791" VPOS="518" WIDTH="57" HEIGHT="22" WC="0.96" CONTENT="klart"/><SP WIDTH="10" VPOS="518" HPOS="848"/>
							<String ID="string_91" HPOS="858" VPOS="520" WIDTH="51" HEIGHT="19" WC="0.96" CONTENT="utan"/>
						</TextLine>
						<TextLine ID="line_12" HPOS="80" VPOS="547" WIDTH="829" HEIGHT="28">
							<String ID="string_92" HPOS="80" VPOS="547" WIDTH="118" HEIGHT="28" WC="0.96" CONTENT="beredning"/><SP WIDTH="21" VPOS="547" HPOS="198"/>
							<String ID="string_93" HPOS="219" VPOS="547" WIDTH="6" HEIGHT="21" WC="0.96" CONTENT="i"/><SP WIDTH="23" VPOS="547" HPOS="225"/>
							<String ID="string_94" HPOS="248" VPOS="548" WIDTH="83" HEIGHT="21" WC="0.96" CONTENT="utskott"/><SP WIDTH="23" VPOS="548" HPOS="331"/>
							<String ID="string_95" HPOS="354" VPOS="550" WIDTH="31" HEIGHT="19" WC="0.96" CONTENT="att"/><SP WIDTH="23" VPOS="550" HPOS="385"/>
							<String ID="string_96" HPOS="408" VPOS="547" WIDTH="75" HEIGHT="27" WC="0.96" CONTENT="frågan"/><SP WIDTH="24" VPOS="547" HPOS="483"/>
							<String ID="string_97" HPOS="507" VPOS="548" WIDTH="64" HEIGHT="21" WC="0.96" CONTENT="berör"/><SP WIDTH="22" VPOS="548" HPOS="571"/>
							<String ID="string_98" HPOS="593" VPOS="547" WIDTH="110" HEIGHT="27" WC="0.95" CONTENT="grundlag,"/><SP WIDTH="19" VPOS="547" HPOS="703"/>
							<String ID="string_99" HPOS="722" VPOS="547" WIDTH="72" HEIGHT="22" WC="0.96" CONTENT="kunna"/><SP WIDTH="21" VPOS="547" HPOS="794"/>
							<String ID="string_100" HPOS="815" VPOS="547" WIDTH="20" HEIGHT="21" WC="0.95" CONTENT="vi"/><SP WIDTH="23" VPOS="547" HPOS="835"/>
							<String ID="string_101" HPOS="858" VPOS="549" WIDTH="51" HEIGHT="19" WC="0.95" CONTENT="utan"/>
						</TextLine>
						<TextLine ID="line_13" HPOS="81" VPOS="576" WIDTH="535" HEIGHT="28">
							<String ID="string_102" HPOS="81" VPOS="576" WIDTH="72" HEIGHT="21" WC="0.93" CONTENT="vidare"/><SP WIDTH="16" VPOS="576" HPOS="153"/>
							<String ID="string_103" HPOS="169" VPOS="576" WIDTH="75" HEIGHT="27" WC="0.92" CONTENT="afgöra"/><SP WIDTH="16" VPOS="576" HPOS="244"/>
							<String ID="string_104" HPOS="260" VPOS="583" WIDTH="33" HEIGHT="14" WC="0.96" CONTENT="om"/><SP WIDTH="16" VPOS="583" HPOS="293"/>
							<String ID="string_105" HPOS="309" VPOS="577" WIDTH="56" HEIGHT="20" WC="0.93" CONTENT="Herr"/><SP WIDTH="15" VPOS="577" HPOS="365"/>
							<String ID="string_106" HPOS="380" VPOS="576" WIDTH="118" HEIGHT="22" WC="0.89" CONTENT="Törnroths"/><SP WIDTH="15" VPOS="576" HPOS="498"/>
							<String ID="string_107" HPOS="513" VPOS="576" WIDTH="103" HEIGHT="28" WC="0.96" CONTENT="yrkande."/>
						</TextLine>
					</TextBlock>
				</ComposedBlock>
				<ComposedBlock ID="cblock_5" HPOS="80" VPOS="633" WIDTH="828" HEIGHT="57">
					<TextBlock ID="block_4" HPOS="80" VPOS="633" WIDTH="828" HEIGHT="57">
						<TextLine ID="line_14" HPOS="149" VPOS="633" WIDTH="759" HEIGHT="27">
							<String ID="string_108" HPOS="149" VPOS="633" WIDTH="50" HEIGHT="22" WC="0.96" CONTENT="Med"/><SP WIDTH="22" VPOS="633" HPOS="199"/>
							<String ID="string_109" HPOS="221" VPOS="633" WIDTH="114" HEIGHT="27" WC="0.96" CONTENT="anledning"/><SP WIDTH="23" VPOS="633" HPOS="335"/>
							<String ID="string_110" HPOS="358" VPOS="634" WIDTH="22" HEIGHT="21" WC="0.96" CONTENT="af"/><SP WIDTH="23" VPOS="634" HPOS="380"/>
							<String ID="string_111" HPOS="403" VPOS="634" WIDTH="36" HEIGHT="21" WC="0.96" CONTENT="det"/><SP WIDTH="18" VPOS="634" HPOS="439"/>
							<String ID="string_112" HPOS="457" VPOS="633" WIDTH="91" HEIGHT="22" WC="0.91" CONTENT="sålunda"/><SP WIDTH="15" VPOS="633" HPOS="548"/>
							<String ID="string_113" HPOS="563" VPOS="633" WIDTH="151" HEIGHT="27" WC="0.90" CONTENT="försiggångna"/><SP WIDTH="15" VPOS="633" HPOS="714"/>
							<String ID="string_114" HPOS="729" VPOS="633" WIDTH="179" HEIGHT="27" WC="0.92" CONTENT="meningsutbytet"/>
						</TextLine>
						<TextLine ID="line_15" HPOS="80" VPOS="662" WIDTH="477" HEIGHT="28">
							<String ID="string_115" HPOS="80" VPOS="662" WIDTH="124" HEIGHT="22" WC="0.91" CONTENT="framstälde"/><SP WIDTH="14" VPOS="662" HPOS="204"/>
							<String ID="string_116" HPOS="218" VPOS="663" WIDTH="57" HEIGHT="21" WC="0.96" CONTENT="Herr"/><SP WIDTH="15" VPOS="663" HPOS="275"/>
							<String ID="string_117" HPOS="290" VPOS="663" WIDTH="157" HEIGHT="21" WC="0.96" CONTENT="Talmannen"/><SP WIDTH="16" VPOS="663" HPOS="447"/>
							<String ID="string_118" HPOS="463" VPOS="663" WIDTH="94" HEIGHT="27" WC="0.95" CONTENT="följande"/>
						</TextLine>
					</TextBlock>
				</ComposedBlock>
				<ComposedBlock ID="cblock_6" HPOS="78" VPOS="717" WIDTH="832" HEIGHT="230">
					<TextBlock ID="block_5" HPOS="78" VPOS="717" WIDTH="832" HEIGHT="230">
						<TextLine ID="line_16" HPOS="149" VPOS="717" WIDTH="760" HEIGHT="30">
							<String ID="string_119" HPOS="149" VPOS="719" WIDTH="183" HEIGHT="28" WC="0.96" CONTENT="Proposition:"/><SP WIDTH="30" VPOS="719" HPOS="332"/>
							<String ID="string_120" HPOS="362" VPOS="719" WIDTH="39" HEIGHT="27" WC="0.96" CONTENT="De,"/><SP WIDTH="23" VPOS="719" HPOS="401"/>
							<String ID="string_121" HPOS="424" VPOS="726" WIDTH="45" HEIGHT="15" WC="0.96" CONTENT="som"/><SP WIDTH="24" VPOS="726" HPOS="469"/>
							<String ID="string_122" HPOS="493" VPOS="719" WIDTH="52" HEIGHT="27" WC="0.96" CONTENT="vilja"/><SP WIDTH="22" VPOS="719" HPOS="545"/>
							<String ID="string_123" HPOS="567" VPOS="721" WIDTH="32" HEIGHT="20" WC="0.93" CONTENT="att"/><SP WIDTH="22" VPOS="721" HPOS="599"/>
							<String ID="string_124" HPOS="621" VPOS="719" WIDTH="91" HEIGHT="22" WC="0.81" CONTENT="Står:!et"/><SP WIDTH="22" VPOS="719" HPOS="712"/>
							<String ID="string_125" HPOS="734" VPOS="725" WIDTH="28" HEIGHT="15" WC="0.96" CONTENT="nu"/><SP WIDTH="23" VPOS="725" HPOS="762"/>
							<String ID="string_126" HPOS="785" VPOS="718" WIDTH="54" HEIGHT="22" WC="0.93" CONTENT="skall"/><SP WIDTH="16" VPOS="718" HPOS="839"/>
							<String ID="string_127" HPOS="855" VPOS="717" WIDTH="54" HEIGHT="22" WC="0.92" CONTENT="före-"/>
						</TextLine>
						<TextLine ID="line_17" HPOS="80" VPOS="747" WIDTH="830" HEIGHT="28">
							<String ID="string_128" HPOS="80" VPOS="750" WIDTH="51" HEIGHT="25" WC="0.93" CONTENT="taga"/><SP WIDTH="22" VPOS="750" HPOS="131"/>
							<String ID="string_129" HPOS="153" VPOS="748" WIDTH="57" HEIGHT="21" WC="0.93" CONTENT="Herr"/><SP WIDTH="22" VPOS="748" HPOS="210"/>
							<String ID="string_130" HPOS="232" VPOS="748" WIDTH="118" HEIGHT="21" WC="0.92" CONTENT="Törnroths"/><SP WIDTH="22" VPOS="748" HPOS="350"/>
							<String ID="string_131" HPOS="372" VPOS="749" WIDTH="95" HEIGHT="26" WC="0.92" CONTENT="yrkande"/><SP WIDTH="19" VPOS="749" HPOS="467"/>
							<String ID="string_132" HPOS="486" VPOS="749" WIDTH="28" HEIGHT="26" WC="0.93" CONTENT="pä"/><SP WIDTH="15" VPOS="749" HPOS="514"/>
							<String ID="string_133" HPOS="529" VPOS="748" WIDTH="87" HEIGHT="27" WC="0.91" CONTENT="frägans"/><SP WIDTH="15" VPOS="748" HPOS="616"/>
							<String ID="string_134" HPOS="631" VPOS="748" WIDTH="136" HEIGHT="27" WC="0.93" CONTENT="ajournering"/><SP WIDTH="15" VPOS="748" HPOS="767"/>
							<String ID="string_135" HPOS="782" VPOS="747" WIDTH="31" HEIGHT="21" WC="0.96" CONTENT="till"/><SP WIDTH="16" VPOS="747" HPOS="813"/>
							<String ID="string_136" HPOS="829" VPOS="753" WIDTH="25" HEIGHT="15" WC="0.93" CONTENT="en"/><SP WIDTH="16" VPOS="753" HPOS="854"/>
							<String ID="string_137" HPOS="870" VPOS="747" WIDTH="40" HEIGHT="21" WC="0.92" CONTENT="föl-"/>
						</TextLine>
						<TextLine ID="line_18" HPOS="78" VPOS="775" WIDTH="830" HEIGHT="28">
							<String ID="string_138" HPOS="78" VPOS="777" WIDTH="65" HEIGHT="26" WC="0.92" CONTENT="jande"/><SP WIDTH="16" VPOS="777" HPOS="143"/>
							<String ID="string_139" HPOS="159" VPOS="777" WIDTH="107" HEIGHT="26" WC="0.92" CONTENT="landtdag,"/><SP WIDTH="17" VPOS="777" HPOS="266"/>
							<String ID="string_140" HPOS="283" VPOS="783" WIDTH="61" HEIGHT="15" WC="0.91" CONTENT="svara"/><SP WIDTH="14" VPOS="783" HPOS="344"/>
							<String ID="string_141" HPOS="358" VPOS="777" WIDTH="38" HEIGHT="26" WC="0.96" CONTENT="ja;"/><SP WIDTH="17" VPOS="777" HPOS="396"/>
							<String ID="string_142" HPOS="413" VPOS="777" WIDTH="32" HEIGHT="25" WC="0.96" CONTENT="de,"/><SP WIDTH="16" VPOS="777" HPOS="445"/>
							<String ID="string_143" HPOS="461" VPOS="783" WIDTH="46" HEIGHT="16" WC="0.96" CONTENT="som"/><SP WIDTH="16" VPOS="783" HPOS="507"/>
							<String ID="string_144" HPOS="523" VPOS="777" WIDTH="50" HEIGHT="26" WC="0.96" CONTENT="vilja"/><SP WIDTH="16" VPOS="777" HPOS="573"/>
							<String ID="string_145" HPOS="589" VPOS="779" WIDTH="32" HEIGHT="19" WC="0.96" CONTENT="att"/><SP WIDTH="16" VPOS="779" HPOS="621"/>
							<String ID="string_146" HPOS="637" VPOS="777" WIDTH="48" HEIGHT="20" WC="0.93" CONTENT="med"/><SP WIDTH="11" VPOS="777" HPOS="685"/>
							<String ID="string_147" HPOS="696" VPOS="776" WIDTH="114" HEIGHT="27" WC="0.90" CONTENT="afgörande"/><SP WIDTH="11" VPOS="776" HPOS="810"/>
							<String ID="string_148" HPOS="821" VPOS="776" WIDTH="7" HEIGHT="21" WC="0.93" CONTENT="i"/><SP WIDTH="11" VPOS="776" HPOS="828"/>
							<String ID="string_149" HPOS="839" VPOS="775" WIDTH="69" HEIGHT="22" WC="0.92" CONTENT="anled-"/>
						</TextLine>
						<TextLine ID="line_19" HPOS="80" VPOS="803" WIDTH="829" HEIGHT="30">
							<String ID="string_150" HPOS="80" VPOS="805" WIDTH="51" HEIGHT="28" WC="0.95" CONTENT="ning"/><SP WIDTH="15" VPOS="805" HPOS="131"/>
							<String ID="string_151" HPOS="146" VPOS="805" WIDTH="22" HEIGHT="22" WC="0.96" CONTENT="af"/><SP WIDTH="15" VPOS="805" HPOS="168"/>
							<String ID="string_152" HPOS="183" VPOS="806" WIDTH="59" HEIGHT="21" WC="0.93" CONTENT="detta"/><SP WIDTH="14" VPOS="806" HPOS="242"/>
							<String ID="string_153" HPOS="256" VPOS="806" WIDTH="96" HEIGHT="26" WC="0.92" CONTENT="yrkande"/><SP WIDTH="15" VPOS="806" HPOS="352"/>
							<String ID="string_154" HPOS="367" VPOS="805" WIDTH="54" HEIGHT="22" WC="0.93" CONTENT="skall"/><SP WIDTH="16" VPOS="805" HPOS="421"/>
							<String ID="string_155" HPOS="437" VPOS="806" WIDTH="63" HEIGHT="21" WC="0.92" CONTENT="anstä"/><SP WIDTH="15" VPOS="806" HPOS="500"/>
							<String ID="string_156" HPOS="515" VPOS="806" WIDTH="33" HEIGHT="21" WC="0.94" CONTENT="till"/><SP WIDTH="16" VPOS="806" HPOS="548"/>
							<String ID="string_157" HPOS="564" VPOS="806" WIDTH="48" HEIGHT="21" WC="0.93" CONTENT="dess"/><SP WIDTH="16" VPOS="806" HPOS="612"/>
							<String ID="string_158" HPOS="628" VPOS="805" WIDTH="90" HEIGHT="22" WC="0.93" CONTENT="Ständet"/><SP WIDTH="14" VPOS="805" HPOS="718"/>
							<String ID="string_159" HPOS="732" VPOS="805" WIDTH="32" HEIGHT="21" WC="0.97" CONTENT="till"/><SP WIDTH="16" VPOS="805" HPOS="764"/>
							<String ID="string_160" HPOS="780" VPOS="803" WIDTH="129" HEIGHT="28" WC="0.96" CONTENT="behandling"/>
						</TextLine>
						<TextLine ID="line_20" HPOS="80" VPOS="833" WIDTH="828" HEIGHT="28">
							<String ID="string_161" HPOS="80" VPOS="834" WIDTH="93" HEIGHT="21" WC="0.90" CONTENT="förehaft"/><SP WIDTH="25" VPOS="834" HPOS="173"/>
							<String ID="string_162" HPOS="198" VPOS="834" WIDTH="168" HEIGHT="27" WC="0.91" CONTENT="Ridderskapets"/><SP WIDTH="23" VPOS="834" HPOS="366"/>
							<String ID="string_163" HPOS="389" VPOS="834" WIDTH="40" HEIGHT="22" WC="0.93" CONTENT="och"/><SP WIDTH="22" VPOS="834" HPOS="429"/>
							<String ID="string_164" HPOS="451" VPOS="835" WIDTH="82" HEIGHT="21" WC="0.89" CONTENT="Adelns"/><SP WIDTH="22" VPOS="835" HPOS="533"/>
							<String ID="string_165" HPOS="555" VPOS="833" WIDTH="125" HEIGHT="28" WC="0.91" CONTENT="inbjudning"/><SP WIDTH="22" VPOS="833" HPOS="680"/>
							<String ID="string_166" HPOS="702" VPOS="833" WIDTH="110" HEIGHT="27" WC="0.90" CONTENT="angäende"/><SP WIDTH="23" VPOS="833" HPOS="812"/>
							<String ID="string_167" HPOS="835" VPOS="833" WIDTH="73" HEIGHT="21" WC="0.92" CONTENT="remiss"/>
						</TextLine>
						<TextLine ID="line_21" HPOS="80" VPOS="861" WIDTH="828" HEIGHT="29">
							<String ID="string_168" HPOS="80" VPOS="862" WIDTH="33" HEIGHT="21" WC="0.93" CONTENT="till"/><SP WIDTH="22" VPOS="862" HPOS="113"/>
							<String ID="string_169" HPOS="135" VPOS="863" WIDTH="152" HEIGHT="26" WC="0.92" CONTENT="Lagutskottet"/><SP WIDTH="22" VPOS="863" HPOS="287"/>
							<String ID="string_170" HPOS="309" VPOS="863" WIDTH="23" HEIGHT="20" WC="0.93" CONTENT="af"/><SP WIDTH="20" VPOS="863" HPOS="332"/>
							<String ID="string_171" HPOS="352" VPOS="863" WIDTH="80" HEIGHT="27" WC="0.95" CONTENT="frågan,"/><SP WIDTH="17" VPOS="863" HPOS="432"/>
							<String ID="string_172" HPOS="449" VPOS="863" WIDTH="72" HEIGHT="21" WC="0.96" CONTENT="hvilka"/><SP WIDTH="16" VPOS="863" HPOS="521"/>
							<String ID="string_173" HPOS="537" VPOS="863" WIDTH="26" HEIGHT="27" WC="0.84" CONTENT="88"/><SP WIDTH="16" VPOS="863" HPOS="563"/>
							<String ID="string_174" HPOS="579" VPOS="863" WIDTH="6" HEIGHT="20" WC="0.93" CONTENT="i"/><SP WIDTH="16" VPOS="863" HPOS="585"/>
							<String ID="string_175" HPOS="601" VPOS="863" WIDTH="101" HEIGHT="27" WC="0.96" CONTENT="förslaget"/><SP WIDTH="22" VPOS="863" HPOS="702"/>
							<String ID="string_176" HPOS="724" VPOS="863" WIDTH="32" HEIGHT="20" WC="0.93" CONTENT="till"/><SP WIDTH="15" VPOS="863" HPOS="756"/>
							<String ID="string_177" HPOS="771" VPOS="861" WIDTH="137" HEIGHT="28" WC="0.92" CONTENT="värnepligts-"/>
						</TextLine>
						<TextLine ID="line_22" HPOS="80" VPOS="891" WIDTH="828" HEIGHT="33">
							<String ID="string_178" HPOS="80" VPOS="891" WIDTH="35" HEIGHT="27" WC="0.85" CONTENT="lag"/><SP WIDTH="24" VPOS="891" HPOS="115"/>
							<String ID="string_179" HPOS="139" VPOS="891" WIDTH="107" HEIGHT="33" WC="0.95" CONTENT="innehålla"/><SP WIDTH="24" VPOS="891" HPOS="246"/>
							<String ID="string_180" HPOS="270" VPOS="892" WIDTH="140" HEIGHT="27" WC="0.96" CONTENT="stadganden,"/><SP WIDTH="23" VPOS="892" HPOS="410"/>
							<String ID="string_181" HPOS="433" VPOS="898" WIDTH="45" HEIGHT="15" WC="0.92" CONTENT="som"/><SP WIDTH="27" VPOS="898" HPOS="478"/>
							<String ID="string_182" HPOS="505" VPOS="891" WIDTH="104" HEIGHT="22" WC="0.93" CONTENT="innefatta"/><SP WIDTH="20" VPOS="891" HPOS="609"/>
							<String ID="string_183" HPOS="629" VPOS="891" WIDTH="279" HEIGHT="27" WC="0.91" CONTENT="grundlagsbestämningar,"/>
						</TextLine>
						<TextLine ID="line_23" HPOS="80" VPOS="926" WIDTH="123" HEIGHT="21">
							<String ID="string_184" HPOS="80" VPOS="926" WIDTH="62" HEIGHT="15" WC="0.91" CONTENT="svara"/><SP WIDTH="15" VPOS="926" HPOS="142"/>
							<String ID="string_185" HPOS="157" VPOS="927" WIDTH="46" HEIGHT="20" WC="0.96" CONTENT="nej."/>
						</TextLine>
					</TextBlock>
				</ComposedBlock>
				<ComposedBlock ID="cblock_7" HPOS="78" VPOS="976" WIDTH="832" HEIGHT="57">
					<TextBlock ID="block_6" HPOS="78" VPOS="976" WIDTH="832" HEIGHT="57">
						<TextLine ID="line_24" HPOS="151" VPOS="976" WIDTH="759" HEIGHT="29">
							<String ID="string_186" HPOS="151" VPOS="977" WIDTH="77" HEIGHT="22" WC="0.96" CONTENT="Denna"/><SP WIDTH="22" VPOS="977" HPOS="228"/>
							<String ID="string_187" HPOS="250" VPOS="977" WIDTH="132" HEIGHT="28" WC="0.93" CONTENT="proposition"/><SP WIDTH="24" VPOS="977" HPOS="382"/>
							<String ID="string_188" HPOS="406" VPOS="977" WIDTH="129" HEIGHT="22" WC="0.92" CONTENT="besvarades"/><SP WIDTH="23" VPOS="977" HPOS="535"/>
							<String ID="string_189" HPOS="558" VPOS="977" WIDTH="36" HEIGHT="22" WC="0.93" CONTENT="vid"/><SP WIDTH="15" VPOS="977" HPOS="594"/>
							<String ID="string_190" HPOS="609" VPOS="977" WIDTH="84" HEIGHT="22" WC="0.93" CONTENT="anstäld"/><SP WIDTH="15" VPOS="977" HPOS="693"/>
							<String ID="string_191" HPOS="708" VPOS="977" WIDTH="96" HEIGHT="27" WC="0.91" CONTENT="votering"/><SP WIDTH="15" VPOS="977" HPOS="804"/>
							<String ID="string_192" HPOS="819" VPOS="976" WIDTH="48" HEIGHT="21" WC="0.96" CONTENT="med"/><SP WIDTH="15" VPOS="976" HPOS="867"/>
							<String ID="string_193" HPOS="882" VPOS="976" WIDTH="28" HEIGHT="22" WC="0.96" CONTENT="33"/>
						</TextLine>
						<TextLine ID="line_25" HPOS="78" VPOS="1006" WIDTH="174" HEIGHT="27">
							<String ID="string_194" HPOS="78" VPOS="1006" WIDTH="26" HEIGHT="27" WC="0.96" CONTENT="ja"/><SP WIDTH="15" VPOS="1006" HPOS="104"/>
							<String ID="string_195" HPOS="119" VPOS="1006" WIDTH="39" HEIGHT="21" WC="0.96" CONTENT="och"/><SP WIDTH="17" VPOS="1006" HPOS="158"/>
							<String ID="string_196" HPOS="175" VPOS="1007" WIDTH="12" HEIGHT="21" WC="0.96" CONTENT="9"/><SP WIDTH="16" VPOS="1007" HPOS="187"/>
							<String ID="string_197" HPOS="203" VPOS="1006" WIDTH="49" HEIGHT="27" WC="0.96" CONTENT="nej."/>
						</TextLine>
					</TextBlock>
				</ComposedBlock>
				<ComposedBlock ID="cblock_8" HPOS="79" VPOS="1062" WIDTH="830" HEIGHT="85">
					<TextBlock ID="block_7" HPOS="79" VPOS="1062" WIDTH="830" HEIGHT="85">
						<TextLine ID="line_26" HPOS="149" VPOS="1062" WIDTH="760" HEIGHT="29">
							<String ID="string_198" HPOS="149" VPOS="1063" WIDTH="59" HEIGHT="22" WC="0.80" CONTENT="Härä"/><SP WIDTH="22" VPOS="1063" HPOS="208"/>
							<String ID="string_199" HPOS="230" VPOS="1063" WIDTH="125" HEIGHT="22" WC="0.92" CONTENT="framstälde"/><SP WIDTH="23" VPOS="1063" HPOS="355"/>
							<String ID="string_200" HPOS="378" VPOS="1064" WIDTH="57" HEIGHT="21" WC="0.93" CONTENT="Herr"/><SP WIDTH="18" VPOS="1064" HPOS="435"/>
							<String ID="string_201" HPOS="453" VPOS="1063" WIDTH="158" HEIGHT="22" WC="0.96" CONTENT="Talmannen"/><SP WIDTH="18" VPOS="1063" HPOS="611"/>
							<String ID="string_202" HPOS="629" VPOS="1063" WIDTH="92" HEIGHT="28" WC="0.96" CONTENT="följande"/><SP WIDTH="15" VPOS="1063" HPOS="721"/>
							<String ID="string_203" HPOS="736" VPOS="1063" WIDTH="28" HEIGHT="26" WC="0.96" CONTENT="pä"/><SP WIDTH="16" VPOS="1063" HPOS="764"/>
							<String ID="string_204" HPOS="780" VPOS="1063" WIDTH="39" HEIGHT="21" WC="0.93" CONTENT="den"/><SP WIDTH="16" VPOS="1063" HPOS="819"/>
							<String ID="string_205" HPOS="835" VPOS="1062" WIDTH="74" HEIGHT="27" WC="0.93" CONTENT="försig-"/>
						</TextLine>
						<TextLine ID="line_27" HPOS="79" VPOS="1091" WIDTH="830" HEIGHT="28">
							<String ID="string_206" HPOS="79" VPOS="1092" WIDTH="84" HEIGHT="27" WC="0.92" CONTENT="gängna"/><SP WIDTH="16" VPOS="1092" HPOS="163"/>
							<String ID="string_207" HPOS="179" VPOS="1092" WIDTH="107" HEIGHT="21" WC="0.93" CONTENT="allmänna"/><SP WIDTH="16" VPOS="1092" HPOS="286"/>
							<String ID="string_208" HPOS="302" VPOS="1092" WIDTH="148" HEIGHT="22" WC="0.91" CONTENT="diskussionen"/><SP WIDTH="16" VPOS="1092" HPOS="450"/>
							<String ID="string_209" HPOS="466" VPOS="1099" WIDTH="35" HEIGHT="14" WC="0.93" CONTENT="om"/><SP WIDTH="10" VPOS="1099" HPOS="501"/>
							<String ID="string_210" HPOS="511" VPOS="1092" WIDTH="254" HEIGHT="27" WC="0.91" CONTENT="Värnepligtsutskottets"/><SP WIDTH="10" VPOS="1092" HPOS="765"/>
							<String ID="string_211" HPOS="775" VPOS="1091" WIDTH="134" HEIGHT="22" WC="0.92" CONTENT="betänkande"/>
						</TextLine>
						<TextLine ID="line_28" HPOS="80" VPOS="1121" WIDTH="109" HEIGHT="26">
							<String ID="string_212" HPOS="80" VPOS="1121" WIDTH="109" HEIGHT="26" WC="0.92" CONTENT="grundade"/>
						</TextLine>
					</TextBlock>
				</ComposedBlock>
				<ComposedBlock ID="cblock_9" HPOS="78" VPOS="1177" WIDTH="832" HEIGHT="315">
					<TextBlock ID="block_8" HPOS="78" VPOS="1177" WIDTH="832" HEIGHT="315">
						<TextLine ID="line_29" HPOS="149" VPOS="1177" WIDTH="760" HEIGHT="28">
							<String ID="string_213" HPOS="149" VPOS="1178" WIDTH="188" HEIGHT="27" WC="0.92" CONTENT="Proposition:"/><SP WIDTH="31" VPOS="1178" HPOS="337"/>
							<String ID="string_214" HPOS="368" VPOS="1178" WIDTH="38" HEIGHT="27" WC="0.95" CONTENT="De,"/><SP WIDTH="17" VPOS="1178" HPOS="406"/>
							<String ID="string_215" HPOS="423" VPOS="1184" WIDTH="46" HEIGHT="15" WC="0.93" CONTENT="som"/><SP WIDTH="20" VPOS="1184" HPOS="469"/>
							<String ID="string_216" HPOS="489" VPOS="1178" WIDTH="82" HEIGHT="21" WC="0.92" CONTENT="direkte"/><SP WIDTH="16" VPOS="1178" HPOS="571"/>
							<String ID="string_217" HPOS="587" VPOS="1178" WIDTH="49" HEIGHT="27" WC="0.93" CONTENT="vilja"/><SP WIDTH="12" VPOS="1178" HPOS="636"/>
							<String ID="string_218" HPOS="648" VPOS="1178" WIDTH="84" HEIGHT="21" WC="0.93" CONTENT="besluta"/><SP WIDTH="15" VPOS="1178" HPOS="732"/>
							<String ID="string_219" HPOS="747" VPOS="1179" WIDTH="33" HEIGHT="20" WC="0.95" CONTENT="att"/><SP WIDTH="14" VPOS="1179" HPOS="780"/>
							<String ID="string_220" HPOS="794" VPOS="1183" WIDTH="29" HEIGHT="15" WC="0.93" CONTENT="nu"/><SP WIDTH="15" VPOS="1183" HPOS="823"/>
							<String ID="string_221" HPOS="838" VPOS="1177" WIDTH="49" HEIGHT="26" WC="0.88" CONTENT="ingä"/><SP WIDTH="15" VPOS="1177" HPOS="887"/>
							<String ID="string_222" HPOS="902" VPOS="1177" WIDTH="7" HEIGHT="20" WC="0.96" CONTENT="i"/>
						</TextLine>
						<TextLine ID="line_30" HPOS="80" VPOS="1205" WIDTH="829" HEIGHT="29">
							<String ID="string_223" HPOS="80" VPOS="1207" WIDTH="116" HEIGHT="26" WC="0.91" CONTENT="detaljerad"/><SP WIDTH="23" VPOS="1207" HPOS="196"/>
							<String ID="string_224" HPOS="219" VPOS="1207" WIDTH="130" HEIGHT="26" WC="0.92" CONTENT="granskning"/><SP WIDTH="21" VPOS="1207" HPOS="349"/>
							<String ID="string_225" HPOS="370" VPOS="1207" WIDTH="23" HEIGHT="21" WC="0.96" CONTENT="af"/><SP WIDTH="22" VPOS="1207" HPOS="393"/>
							<String ID="string_226" HPOS="415" VPOS="1207" WIDTH="26" HEIGHT="21" WC="0.96" CONTENT="de"/><SP WIDTH="22" VPOS="1207" HPOS="441"/>
							<String ID="string_227" HPOS="463" VPOS="1207" WIDTH="88" HEIGHT="27" WC="0.93" CONTENT="förslag,"/><SP WIDTH="23" VPOS="1207" HPOS="551"/>
							<String ID="string_228" HPOS="574" VPOS="1207" WIDTH="243" HEIGHT="27" WC="0.93" CONTENT="Värnepligtsutskottet"/><SP WIDTH="17" VPOS="1207" HPOS="817"/>
							<String ID="string_229" HPOS="834" VPOS="1206" WIDTH="7" HEIGHT="21" WC="0.96" CONTENT="i"/><SP WIDTH="20" VPOS="1206" HPOS="841"/>
							<String ID="string_230" HPOS="861" VPOS="1205" WIDTH="48" HEIGHT="22" WC="0.96" CONTENT="dess"/>
						</TextLine>
						<TextLine ID="line_31" HPOS="79" VPOS="1235" WIDTH="829" HEIGHT="27">
							<String ID="string_231" HPOS="79" VPOS="1235" WIDTH="136" HEIGHT="22" WC="0.96" CONTENT="betänkande"/><SP WIDTH="15" VPOS="1235" HPOS="215"/>
							<String ID="string_232" HPOS="230" VPOS="1241" WIDTH="34" HEIGHT="16" WC="0.95" CONTENT="n:o"/><SP WIDTH="17" VPOS="1241" HPOS="264"/>
							<String ID="string_233" HPOS="281" VPOS="1237" WIDTH="9" HEIGHT="19" WC="0.93" CONTENT="1"/><SP WIDTH="18" VPOS="1237" HPOS="290"/>
							<String ID="string_234" HPOS="308" VPOS="1235" WIDTH="112" HEIGHT="26" WC="0.81" CONTENT="framstält,"/><SP WIDTH="16" VPOS="1235" HPOS="420"/>
							<String ID="string_235" HPOS="436" VPOS="1241" WIDTH="63" HEIGHT="16" WC="0.96" CONTENT="svara"/><SP WIDTH="12" VPOS="1241" HPOS="499"/>
							<String ID="string_236" HPOS="511" VPOS="1235" WIDTH="37" HEIGHT="27" WC="0.93" CONTENT="ja;"/><SP WIDTH="17" VPOS="1235" HPOS="548"/>
							<String ID="string_237" HPOS="565" VPOS="1236" WIDTH="74" HEIGHT="21" WC="0.96" CONTENT="vinner"/><SP WIDTH="15" VPOS="1236" HPOS="639"/>
							<String ID="string_238" HPOS="654" VPOS="1235" WIDTH="46" HEIGHT="27" WC="0.96" CONTENT="nej,"/><SP WIDTH="17" VPOS="1235" HPOS="700"/>
							<String ID="string_239" HPOS="717" VPOS="1235" WIDTH="96" HEIGHT="21" WC="0.96" CONTENT="kommer"/><SP WIDTH="10" VPOS="1235" HPOS="813"/>
							<String ID="string_240" HPOS="823" VPOS="1236" WIDTH="32" HEIGHT="20" WC="0.93" CONTENT="att"/><SP WIDTH="10" VPOS="1236" HPOS="855"/>
							<String ID="string_241" HPOS="865" VPOS="1240" WIDTH="43" HEIGHT="16" WC="0.93" CONTENT="om-"/>
						</TextLine>
						<TextLine ID="line_32" HPOS="79" VPOS="1263" WIDTH="829" HEIGHT="29">
							<String ID="string_242" HPOS="79" VPOS="1266" WIDTH="70" HEIGHT="20" WC="0.91" CONTENT="röstas"/><SP WIDTH="22" VPOS="1266" HPOS="149"/>
							<String ID="string_243" HPOS="171" VPOS="1264" WIDTH="105" HEIGHT="21" WC="0.93" CONTENT="huruvida"/><SP WIDTH="20" VPOS="1264" HPOS="276"/>
							<String ID="string_244" HPOS="296" VPOS="1265" WIDTH="70" HEIGHT="21" WC="0.92" CONTENT="säsom"/><SP WIDTH="16" VPOS="1265" HPOS="366"/>
							<String ID="string_245" HPOS="382" VPOS="1264" WIDTH="212" HEIGHT="28" WC="0.92" CONTENT="kontraproposition"/><SP WIDTH="16" VPOS="1264" HPOS="594"/>
							<String ID="string_246" HPOS="610" VPOS="1264" WIDTH="97" HEIGHT="22" WC="0.92" CONTENT="häremot"/><SP WIDTH="15" VPOS="1264" HPOS="707"/>
							<String ID="string_247" HPOS="722" VPOS="1264" WIDTH="54" HEIGHT="21" WC="0.93" CONTENT="skall"/><SP WIDTH="15" VPOS="1264" HPOS="776"/>
							<String ID="string_248" HPOS="791" VPOS="1263" WIDTH="117" HEIGHT="27" WC="0.93" CONTENT="uppställas"/>
						</TextLine>
						<TextLine ID="line_33" HPOS="80" VPOS="1292" WIDTH="829" HEIGHT="28">
							<String ID="string_249" HPOS="80" VPOS="1293" WIDTH="37" HEIGHT="21" WC="0.95" CONTENT="det"/><SP WIDTH="22" VPOS="1293" HPOS="117"/>
							<String ID="string_250" HPOS="139" VPOS="1293" WIDTH="23" HEIGHT="21" WC="0.95" CONTENT="af"/><SP WIDTH="19" VPOS="1293" HPOS="162"/>
							<String ID="string_251" HPOS="181" VPOS="1293" WIDTH="56" HEIGHT="21" WC="0.93" CONTENT="Herr"/><SP WIDTH="23" VPOS="1293" HPOS="237"/>
							<String ID="string_252" HPOS="260" VPOS="1293" WIDTH="96" HEIGHT="21" WC="0.90" CONTENT="Höckert"/><SP WIDTH="21" VPOS="1293" HPOS="356"/>
							<String ID="string_253" HPOS="377" VPOS="1293" WIDTH="144" HEIGHT="21" WC="0.96" CONTENT="formulerade"/><SP WIDTH="24" VPOS="1293" HPOS="521"/>
							<String ID="string_254" HPOS="545" VPOS="1293" WIDTH="80" HEIGHT="27" WC="0.96" CONTENT="förslag"/><SP WIDTH="22" VPOS="1293" HPOS="625"/>
							<String ID="string_255" HPOS="647" VPOS="1293" WIDTH="31" HEIGHT="21" WC="0.96" CONTENT="till"/><SP WIDTH="23" VPOS="1293" HPOS="678"/>
							<String ID="string_256" HPOS="701" VPOS="1293" WIDTH="70" HEIGHT="21" WC="0.97" CONTENT="beslut"/><SP WIDTH="15" VPOS="1293" HPOS="771"/>
							<String ID="string_257" HPOS="786" VPOS="1292" WIDTH="52" HEIGHT="22" WC="0.94" CONTENT="eller"/><SP WIDTH="15" VPOS="1292" HPOS="838"/>
							<String ID="string_258" HPOS="853" VPOS="1292" WIDTH="56" HEIGHT="21" WC="0.96" CONTENT="Herr"/>
						</TextLine>
						<TextLine ID="line_34" HPOS="79" VPOS="1320" WIDTH="831" HEIGHT="29">
							<String ID="string_259" HPOS="79" VPOS="1321" WIDTH="120" HEIGHT="22" WC="0.90" CONTENT="Snellmans"/><SP WIDTH="21" VPOS="1321" HPOS="199"/>
							<String ID="string_260" HPOS="220" VPOS="1322" WIDTH="95" HEIGHT="27" WC="0.90" CONTENT="yrkande"/><SP WIDTH="24" VPOS="1322" HPOS="315"/>
							<String ID="string_261" HPOS="339" VPOS="1323" WIDTH="32" HEIGHT="20" WC="0.93" CONTENT="att"/><SP WIDTH="23" VPOS="1323" HPOS="371"/>
							<String ID="string_262" HPOS="394" VPOS="1321" WIDTH="127" HEIGHT="27" WC="0.92" CONTENT="Ständerne,"/><SP WIDTH="24" VPOS="1321" HPOS="521"/>
							<String ID="string_263" HPOS="545" VPOS="1322" WIDTH="48" HEIGHT="22" WC="0.93" CONTENT="med"/><SP WIDTH="21" VPOS="1322" HPOS="593"/>
							<String ID="string_264" HPOS="614" VPOS="1322" WIDTH="111" HEIGHT="26" WC="0.91" CONTENT="afböjande"/><SP WIDTH="16" VPOS="1322" HPOS="725"/>
							<String ID="string_265" HPOS="741" VPOS="1321" WIDTH="22" HEIGHT="21" WC="0.96" CONTENT="af"/><SP WIDTH="14" VPOS="1321" HPOS="763"/>
							<String ID="string_266" HPOS="777" VPOS="1321" WIDTH="40" HEIGHT="21" WC="0.93" CONTENT="den"/><SP WIDTH="15" VPOS="1321" HPOS="817"/>
							<String ID="string_267" HPOS="832" VPOS="1320" WIDTH="78" HEIGHT="26" WC="0.93" CONTENT="nädiga"/>
						</TextLine>
						<TextLine ID="line_35" HPOS="79" VPOS="1349" WIDTH="829" HEIGHT="28">
							<String ID="string_268" HPOS="79" VPOS="1350" WIDTH="168" HEIGHT="27" WC="0.91" CONTENT="propositionen,"/><SP WIDTH="23" VPOS="1350" HPOS="247"/>
							<String ID="string_269" HPOS="270" VPOS="1350" WIDTH="68" HEIGHT="22" WC="0.93" CONTENT="skulle"/><SP WIDTH="23" VPOS="1350" HPOS="338"/>
							<String ID="string_270" HPOS="361" VPOS="1350" WIDTH="87" HEIGHT="22" WC="0.92" CONTENT="anhälla"/><SP WIDTH="21" VPOS="1350" HPOS="448"/>
							<String ID="string_271" HPOS="469" VPOS="1352" WIDTH="34" HEIGHT="20" WC="0.96" CONTENT="att"/><SP WIDTH="21" VPOS="1352" HPOS="503"/>
							<String ID="string_272" HPOS="524" VPOS="1350" WIDTH="61" HEIGHT="22" WC="0.93" CONTENT="Hans"/><SP WIDTH="22" VPOS="1350" HPOS="585"/>
							<String ID="string_273" HPOS="607" VPOS="1350" WIDTH="101" HEIGHT="27" WC="0.93" CONTENT="Majestät"/><SP WIDTH="21" VPOS="1350" HPOS="708"/>
							<String ID="string_274" HPOS="729" VPOS="1350" WIDTH="49" HEIGHT="21" WC="0.93" CONTENT="ville"/><SP WIDTH="22" VPOS="1350" HPOS="778"/>
							<String ID="string_275" HPOS="800" VPOS="1349" WIDTH="108" HEIGHT="27" WC="0.92" CONTENT="uppställa"/>
						</TextLine>
						<TextLine ID="line_36" HPOS="79" VPOS="1377" WIDTH="831" HEIGHT="29">
							<String ID="string_276" HPOS="79" VPOS="1379" WIDTH="68" HEIGHT="21" WC="0.92" CONTENT="indelt"/><SP WIDTH="14" VPOS="1379" HPOS="147"/>
							<String ID="string_277" HPOS="161" VPOS="1379" WIDTH="79" HEIGHT="21" WC="0.92" CONTENT="militär"/><SP WIDTH="15" VPOS="1379" HPOS="240"/>
							<String ID="string_278" HPOS="255" VPOS="1379" WIDTH="33" HEIGHT="21" WC="0.93" CONTENT="till"/><SP WIDTH="15" VPOS="1379" HPOS="288"/>
							<String ID="string_279" HPOS="303" VPOS="1379" WIDTH="77" HEIGHT="21" WC="0.92" CONTENT="sädant"/><SP WIDTH="17" VPOS="1379" HPOS="380"/>
							<String ID="string_280" HPOS="397" VPOS="1379" WIDTH="66" HEIGHT="27" WC="0.92" CONTENT="antal,"/><SP WIDTH="11" VPOS="1379" HPOS="463"/>
							<String ID="string_281" HPOS="474" VPOS="1385" WIDTH="46" HEIGHT="15" WC="0.93" CONTENT="som"/><SP WIDTH="11" VPOS="1385" HPOS="520"/>
							<String ID="string_282" HPOS="531" VPOS="1379" WIDTH="83" HEIGHT="21" WC="0.93" CONTENT="landets"/><SP WIDTH="11" VPOS="1379" HPOS="614"/>
							<String ID="string_283" HPOS="625" VPOS="1385" WIDTH="106" HEIGHT="15" WC="0.93" CONTENT="ressurser"/><SP WIDTH="10" VPOS="1385" HPOS="731"/>
							<String ID="string_284" HPOS="741" VPOS="1378" WIDTH="106" HEIGHT="28" WC="0.91" CONTENT="medgifva"/><SP WIDTH="11" VPOS="1378" HPOS="847"/>
							<String ID="string_285" HPOS="858" VPOS="1377" WIDTH="52" HEIGHT="21" WC="0.96" CONTENT="eller"/>
						</TextLine>
						<TextLine ID="line_37" HPOS="79" VPOS="1406" WIDTH="830" HEIGHT="29">
							<String ID="string_286" HPOS="79" VPOS="1408" WIDTH="58" HEIGHT="21" WC="0.93" CONTENT="Herr"/><SP WIDTH="21" VPOS="1408" HPOS="137"/>
							<String ID="string_287" HPOS="158" VPOS="1408" WIDTH="117" HEIGHT="21" WC="0.92" CONTENT="Törnroths"/><SP WIDTH="23" VPOS="1408" HPOS="275"/>
							<String ID="string_288" HPOS="298" VPOS="1408" WIDTH="94" HEIGHT="27" WC="0.92" CONTENT="yrkande"/><SP WIDTH="24" VPOS="1408" HPOS="392"/>
							<String ID="string_289" HPOS="416" VPOS="1410" WIDTH="33" HEIGHT="19" WC="0.93" CONTENT="att"/><SP WIDTH="22" VPOS="1410" HPOS="449"/>
							<String ID="string_290" HPOS="471" VPOS="1408" WIDTH="142" HEIGHT="21" WC="0.92" CONTENT="förevarande"/><SP WIDTH="15" VPOS="1408" HPOS="613"/>
							<String ID="string_291" HPOS="628" VPOS="1408" WIDTH="78" HEIGHT="21" WC="0.92" CONTENT="ärende"/><SP WIDTH="15" VPOS="1408" HPOS="706"/>
							<String ID="string_292" HPOS="721" VPOS="1407" WIDTH="61" HEIGHT="27" WC="0.90" CONTENT="skall,"/><SP WIDTH="16" VPOS="1407" HPOS="782"/>
							<String ID="string_293" HPOS="798" VPOS="1407" WIDTH="47" HEIGHT="21" WC="0.96" CONTENT="med"/><SP WIDTH="15" VPOS="1407" HPOS="845"/>
							<String ID="string_294" HPOS="860" VPOS="1406" WIDTH="49" HEIGHT="21" WC="0.96" CONTENT="stöd"/>
						</TextLine>
						<TextLine ID="line_38" HPOS="79" VPOS="1434" WIDTH="829" HEIGHT="30">
							<String ID="string_295" HPOS="79" VPOS="1436" WIDTH="24" HEIGHT="21" WC="0.92" CONTENT="af"/><SP WIDTH="13" VPOS="1436" HPOS="103"/>
							<String ID="string_296" HPOS="116" VPOS="1436" WIDTH="11" HEIGHT="28" WC="0.77" CONTENT="$"/><SP WIDTH="18" VPOS="1436" HPOS="127"/>
							<String ID="string_297" HPOS="145" VPOS="1438" WIDTH="24" HEIGHT="20" WC="0.95" CONTENT="71"/><SP WIDTH="18" VPOS="1438" HPOS="169"/>
							<String ID="string_298" HPOS="187" VPOS="1437" WIDTH="7" HEIGHT="21" WC="0.93" CONTENT="i"/><SP WIDTH="17" VPOS="1437" HPOS="194"/>
							<String ID="string_299" HPOS="211" VPOS="1436" WIDTH="238" HEIGHT="27" WC="0.92" CONTENT="landtdagsordningen,"/><SP WIDTH="16" VPOS="1436" HPOS="449"/>
							<String ID="string_300" HPOS="465" VPOS="1436" WIDTH="107" HEIGHT="22" WC="0.93" CONTENT="förklaras"/><SP WIDTH="15" VPOS="1436" HPOS="572"/>
							<String ID="string_301" HPOS="587" VPOS="1436" WIDTH="99" HEIGHT="22" WC="0.90" CONTENT="hvilande"/><SP WIDTH="12" VPOS="1436" HPOS="686"/>
							<String ID="string_302" HPOS="698" VPOS="1436" WIDTH="30" HEIGHT="22" WC="0.93" CONTENT="till"/><SP WIDTH="11" VPOS="1436" HPOS="728"/>
							<String ID="string_303" HPOS="739" VPOS="1434" WIDTH="169" HEIGHT="29" WC="0.92" CONTENT="nästpäföljande"/>
						</TextLine>
						<TextLine ID="line_39" HPOS="78" VPOS="1465" WIDTH="109" HEIGHT="27">
							<String ID="string_304" HPOS="78" VPOS="1465" WIDTH="109" HEIGHT="27" WC="0.91" CONTENT="landtdag."/>
						</TextLine>
					</TextBlock>
				</ComposedBlock>
			</PrintSpace>
		</Page>
	</Layout>
</alto>
