1078 1781
161 110 57 20 2460
360 115 180 21 Borgareståndet
553 116 52 17 1877.
630 116 23 17 17
665 116 119 17 December.

232 183 57 22 Herr
304 184 129 27 Ignatius:
463 184 41 27 Jag
526 190 35 16 ser
577 185 43 26 mig
641 184 48 21 åter
710 183 109 22 nödsakad
835 185 33 20 att
882 183 70 22 uttala
966 189 26 16 en

163 214 91 20 motsatt
279 213 135 27 uppfattning
436 213 24 21 af
481 213 70 22 denna
573 213 103 27 paragraf
697 215 25 19 än
744 213 27 21 de
786 213 127 26 föregående
928 212 66 21 ärade

163 241 98 22 talarena
276 241 65 22 hafva
356 241 52 22 haft.
439 242 42 21 Det
496 243 24 20 är
535 241 123 28 visserligen
674 244 48 19 sant
741 243 32 20 att
789 241 26 22 de
829 241 109 22 unionella
952 241 42 21 för-

164 269 129 22 hållandena
310 270 90 21 emellan
416 270 89 21 Finland
521 270 39 21 och
576 270 105 27 Ryssland
698 270 68 21 skulle
782 270 6 21 i
803 269 78 28 många
891 269 103 22 hänseen-

163 298 42 21 den
223 298 69 22 tarfva
308 305 25 15 en
351 299 89 21 revision
456 299 39 21 och
509 299 38 26 jag
561 299 69 22 skulle
646 299 68 21 önska
728 301 33 18 att
777 299 7 20 i
795 298 76 27 många
881 298 112 22 afseenden

164 327 41 21 den
228 327 87 26 komité,
339 333 45 16 som
406 327 69 22 skulle
496 328 21 21 få
540 328 32 26 sig
587 327 32 22 till
635 327 83 28 uppgift
733 329 33 20 att
782 327 96 22 revidera
892 326 104 22 Finlands

163 356 139 27 grundlagar,
325 356 67 21 skulle
415 357 56 20 fästa
492 356 99 21 afseende
611 357 82 20 härvid.
723 356 39 21 Ett
782 355 88 25 faktum,
885 362 45 15 som
946 355 49 22 icke

163 385 44 20 kan
220 384 112 23 bestridas,
348 387 24 19 är
388 387 32 19 att
434 385 6 21 i
456 384 57 22 vissa
528 384 73 28 frågor
616 385 27 21 de
658 385 64 27 ryska
738 384 142 26 ministrarne,
897 386 51 19 utan
961 386 33 19 att

164 413 27 20 de
215 419 76 20 genom
315 413 65 27 något
402 413 78 27 lagbud
503 413 55 22 varit
575 413 71 22 dertill
662 413 141 27 berättigade,
818 413 6 21 i
840 413 26 21 de
881 413 116 26 vigtigaste

164 441 74 26 frågor
254 441 78 27 afgjort
348 442 60 21 äfven
424 442 50 21 våra
493 441 153 22 förhållanden.
678 442 38 21 Ett
738 441 76 22 sådant
828 441 82 22 faktum
926 443 24 19 är
962 443 34 19 att

165 470 91 21 Finland
273 471 48 20 med
338 471 103 26 Ryssland
458 471 39 21 har
512 477 122 20 gemensam
650 471 82 20 utrikes
747 470 97 21 minister
860 470 39 21 och
909 476 86 20 gemen-

164 505 83 14 samma
270 499 110 22 sändebud
404 500 37 21 och
467 499 101 21 konsuler
591 499 7 21 i
621 499 133 22 främmande
776 499 55 21 land.
868 499 49 20 Man
933 498 62 21 har
983 494 17 36 i

165 527 92 21 Finland
280 527 101 28 kungjort
402 528 155 26 författningar,
573 534 46 15 som
635 528 71 21 slutits
722 527 90 22 emellan
829 527 63 28 ryska
907 527 86 27 Kejsar-

165 555 58 22 riket
238 558 22 19 at
275 557 64 26 ryska
354 557 81 21 utrikes
451 557 111 20 ministern
578 557 39 21 och
634 556 134 22 främmande
779 557 94 20 makters
884 555 112 22 sändebud

166 584 40 21 och
222 584 7 21 i
246 585 62 20 dessa
329 585 150 27 författningar
494 585 143 21 förekommer
655 585 47 22 icke
718 585 68 21 sällan
801 584 129 27 paragrafer,
948 590 46 15 som

165 613 65 22 hafva
253 613 89 27 specielt
363 614 98 21 afseende
482 615 27 26 på
524 613 91 22 Finland
637 614 100 27 antingen
754 613 27 22 då
796 614 56 21 vissa
867 613 128 26 undantags-

167 641 107 22 förmåner
296 641 69 22 blifvit
388 642 57 27 gifna
467 642 90 21 Finland
582 642 51 22 eller
656 643 65 21 också
736 642 116 21 förklarats
867 643 33 20 att
914 647 82 16 samma

167 671 82 21 traktat
273 671 68 26 gäller
363 671 60 21 äfven
439 671 90 21 Finland
545 671 40 21 och
600 677 81 15 samma
696 671 140 24 förhållande,
852 670 82 21 hvilket
949 670 48 21 icke

167 699 63 21 torde
246 705 50 15 vara
312 699 100 25 obekant,
428 700 38 21 har
481 700 102 21 existerat
599 699 131 22 beträffande
742 699 38 22 vår
791 699 123 27 krigsmakt.
939 699 58 21 Utan

167 730 34 19 att
216 728 70 26 någon
302 728 66 27 laglig
383 728 127 26 befogenhet
525 728 72 21 dertill
613 728 145 24 förekommit,
778 729 23 20 så
816 728 61 21 torde
892 727 62 22 äfven
970 727 26 20 de

167 757 115 26 vigtigaste
298 757 72 27 frågor
385 757 90 21 rörande
490 757 102 21 Finlands
608 757 86 26 militär,
708 756 74 27 sjelfva
790 757 69 20 denna
868 755 130 28 värnepligts

166 785 63 26 fråga
251 785 47 22 icke
320 785 141 27 undantagen,
484 785 45 22 haft
551 792 25 15 en
591 786 57 27 slags
664 785 117 26 beredning
797 785 38 21 hos
851 785 63 27 ryska
928 784 70 27 krigs-

168 813 114 22 ministern
306 814 38 21 och
368 817 33 18 att
422 815 76 20 sådant
520 814 115 21 framdeles
656 815 98 20 kommer
777 816 32 19 att
824 813 90 22 fortfara
935 813 63 21 torde

167 842 65 27 ingen
256 842 93 22 betvifla.
381 843 71 21 Under
475 843 80 21 sådana
577 843 149 21 förhållanden
750 842 68 21 skulle
837 842 37 27 jag
894 847 52 16 anse
961 841 38 21 det

167 871 66 21 redan
249 877 51 15 vara
316 878 25 15 en
357 871 67 22 fördel
439 874 33 19 att
487 872 21 21 få
517 872 69 21 denna
594 871 182 26 krigsministerns
787 871 126 26 befogenhet
921 876 78 22 genom

167 905 28 15 en
211 899 36 28 lag
263 901 65 25 något
342 900 120 33 begränsad
478 900 39 21 och
534 902 32 19 att
581 901 19 20 vi
617 900 90 21 sålunda
722 900 6 20 i
744 899 170 27 krigsministern
930 898 69 22 skulle

168 928 23 21 få
214 935 26 14 en
263 929 99 25 ansvarig
384 928 53 21 finsk
460 929 127 26 tjensteman
608 929 71 21 såsom
695 928 113 22 Utskottet
822 928 115 26 föreslagit.
967 927 34 22 Ur

169 957 70 21 denna
254 957 108 27 synpunkt
377 959 45 20 tror
434 957 37 28 jag
487 960 32 19 att
535 958 36 21 det
586 958 56 21 skall
654 957 64 22 lända
727 963 35 15 oss
774 957 32 20 till
818 956 81 27 verklig
907 956 92 21 fromma

168 988 33 19 att
224 986 114 26 godkänna
361 986 69 21 denna
452 986 105 27 paragraf,
573 986 66 21 sådan
660 987 40 20 den
722 992 30 15 nu
768 985 23 21 af
804 969 111 47 Utskottet
930 984 70 21 blifvit

168 1015 140 20 formulerad.
338 1015 41 26 Jag
394 1015 38 20 har
448 1015 123 26 visserligen
587 1015 40 21 här
642 1015 78 21 saknat
736 1013 160 28 bestämningen
912 1019 35 16 om
958 1013 41 21 den

168 1038 70 35 finske
261 1027 117 47 lagsvurne
394 1043 179 26 embetsmannen,
595 1050 48 15 men
658 1044 77 21 sådant
750 1030 148 38 förekommer,
914 1049 35 14 om
962 1041 38 27 jag

169 1071 48 22 icke
240 1073 114 26 misstager
374 1072 49 26 mig,
444 1072 81 26 ganska
547 1072 56 21 klart
621 1072 95 21 uttaladt
732 1071 6 21 i
754 1071 146 22 betänkandet
915 1070 40 22 N:o
971 1072 26 19 41

169 1101 24 20 så
210 1103 33 18 att
266 1101 61 21 deraf
340 1107 63 21 synes
418 1101 54 20 hvad
496 1101 119 21 Ständerne
631 1101 65 21 tänka
712 1100 5 21 i
735 1100 40 21 den
792 1100 70 21 saken.
894 1099 40 27 Jag
949 1099 52 27 god-

168 1129 85 21 känner
268 1129 84 22 således
367 1129 122 22 Utskottets
505 1129 141 22 betänkande.

240 1187 58 20 Herr
312 1186 128 21 Höckert:
471 1187 42 20 Det
533 1186 144 21 förekommer
700 1188 57 19 ännu
782 1188 32 19 ett
837 1185 46 22 skäl
902 1185 33 24 till
951 1185 50 21 stöd

167 1214 35 22 för
218 1215 42 21 den
275 1215 55 26 åsigt
342 1215 37 27 jag
394 1215 49 21 sökt
457 1217 53 25 göra
522 1215 98 32 gällande
636 1215 46 26 och,
698 1221 46 15 som
761 1216 24 19 är
800 1215 23 20 af
836 1213 90 28 ofantlig
940 1213 61 27 bety-

169 1243 61 22 delse
246 1244 106 27 nemligen
364 1244 40 21 den
420 1243 139 22 ekonomiska
574 1243 60 22 sidan
650 1244 21 21 af
686 1243 49 22 hela
747 1243 80 21 militär
837 1242 164 27 förvaltningen.

169 1272 45 22 Det
236 1272 62 22 heter
320 1272 121 27 visserligen
457 1273 7 21 i
480 1273 59 21 detta
563 1275 93 19 moment
671 1275 32 19 att
719 1272 80 21 sådana
815 1271 186 27 angelägenheter,

171 1306 47 16 som
242 1301 46 21 icke
311 1289 103 33 hänföra
423 1302 32 26 sig
477 1301 31 21 till
532 1301 40 21 den
595 1301 140 21 ekonomiska
755 1288 162 39 förvaltningen,
932 1287 70 33 skulle

169 1329 118 22 ankomma
302 1330 28 26 på
344 1330 176 26 krigsministern,
537 1336 47 15 men
600 1330 6 20 i
623 1330 12 27 $
653 1331 39 20 123
708 1330 144 21 förekommer
859 1329 39 21 den
907 1328 95 22 bestäm-

169 1358 51 26 ning
242 1361 33 19 att
303 1374 7 9 ,
317 1358 169 22 bestämmandet
508 1358 23 21 af
550 1361 126 25 truppernas
695 1358 114 21 underhåll
824 1358 39 21 och
879 1356 124 34 utrustning

168 1387 129 21 ankommer
303 1374 37 40 "pä
354 1387 102 27 Kejsaren
473 1387 38 22 och
529 1386 134 22 Storfursten
679 1387 77 21 allena.
812 1406 5 2 0
874 1386 22 21 de

169 1414 36 22 för
219 1416 53 26 utgä
288 1408 32 29 af
325 1408 107 29 allmänna
447 1415 165 22 militiefondens
627 1415 122 27 disponibla
766 1401 59 41 tillgå
842 1421 13 21 g

169 1444 127 22 derutöfver
318 1444 108 22 erfordras
447 1444 102 22 betäckes
563 1445 49 21 med
628 1444 22 21 af
664 1444 120 22 Ständerne
799 1442 101 23 anvisade
915 1442 87 22 medel”.

168 1472 133 28 Utrustning
316 1473 38 21 och
378 1473 111 21 underhåll
505 1472 52 22 eller
572 1473 188 26 bestämningarne
775 1473 73 21 derom
864 1472 72 21 kunna
951 1471 52 21 bero

169 1502 29 26 på
214 1502 41 21 den
272 1501 137 27 uppfattning
424 1502 170 27 krigsministern
610 1501 42 21 kan
668 1501 65 22 hafva
748 1501 111 27 angående
874 1502 129 26 truppernes
