1078 1781
268 102 184 43 Borgareståndet
458 110 55 31 1877.
525 110 37 30 12
568 102 129 42 December.
835 104 55 20 2257

63 181 34 18 sta
112 176 190 28 uppmärksamhet
316 178 72 27 derpå,
403 179 32 20 att
451 178 65 21 saken
532 178 39 21 hos
586 177 53 22 intet
654 176 44 22 folk
714 177 89 27 afgjorts
817 177 75 22 endast

64 207 28 26 på
106 205 70 27 grund
201 205 23 22 af
238 205 59 22 detta
319 205 55 22 folks
399 207 97 20 enskilda
517 207 110 24 intressen,
650 206 72 21 såvida
739 206 71 27 hvarje
825 205 44 22 folk
884 207 6 20 i

64 222 76 39 antydt
155 234 100 22 afseende
271 235 67 20 måste
354 237 47 24 taga
418 235 81 27 hänsyn
515 235 32 21 till
562 223 102 33 länderna
680 235 98 26 omkring
793 235 47 20 dem
852 235 39 20 och

65 263 38 21 der
118 263 94 21 rådande
226 263 102 26 politiska
343 263 152 22 förhållanden.
527 263 76 22 Derför
619 269 62 16 anser
693 262 39 29 jag
747 265 33 19 att
792 263 46 22 icke
848 263 43 21 hel-

65 291 31 21 ler
116 291 91 22 Finland
229 291 33 22 får
285 291 79 22 förbise
382 292 61 21 dessa
465 292 102 27 politiska
589 292 147 21 förhållanden
756 291 88 28 specielt
858 291 33 21 till

65 320 112 27 Ryssland.
207 320 30 27 Ty
258 320 36 27 jag
315 323 51 23 tror,
390 323 32 19 att
443 321 40 21 den
507 327 41 15 ena
570 323 75 24 parten
666 320 22 21 af
703 323 77 19 tvenne
795 320 97 27 politiskt

65 349 101 21 unierade
182 349 65 24 riken,
264 349 61 21 äfven
340 355 34 15 om
386 349 40 21 den
441 349 47 22 icke
503 349 40 22 har
557 349 69 27 någon
641 349 65 27 laglig
721 351 44 19 rätt
780 351 32 19 att
824 348 68 22 uttala

65 377 32 27 sig
113 383 33 15 om
163 377 195 22 försvarsväsendet
380 378 54 21 dock
449 379 42 20 kan
507 378 7 21 i
529 378 48 21 stöd
593 377 23 22 af
629 384 26 15 en
670 377 103 22 moralisk
789 377 103 27 rättighet

66 406 80 25 fordra,
169 408 38 23 att,
230 407 37 20 der
282 407 40 20 den
338 406 6 21 i
360 406 40 21 och
416 406 32 21 för
464 406 185 22 försvarsväsende
664 406 84 21 ikläder
764 406 31 27 sig
809 405 83 28 uppoff-

66 435 79 26 ringar,
161 435 61 20 äfven
239 435 40 21 den
300 435 66 21 andra
381 437 74 25 parten
472 435 54 22 skall
542 437 52 24 göra
609 435 124 21 detsamma.
763 435 42 22 Det
820 437 24 18 är
859 435 33 20 så-

67 463 66 21 lunda
147 463 66 21 också
227 465 27 25 på
271 464 69 21 denna
354 464 69 26 grund
436 464 38 27 jag
489 470 62 15 anser
563 470 51 15 vara
624 464 6 20 i
641 463 152 22 fosterlandets
803 464 89 21 intresse

65 492 104 21 handladt
191 494 32 19 att
246 495 77 24 antaga
346 493 68 20 denna
437 492 172 27 värnepligtslag,
625 492 24 21 så
665 493 84 26 mycket
764 492 67 21 hellre
846 498 45 15 som

65 521 41 20 den
129 522 24 19 är
169 521 40 21 den
225 520 62 22 bästa
302 521 38 21 och
358 521 111 26 billigaste,
486 527 45 16 som
548 522 64 26 något
627 521 45 21 folk
688 521 44 26 har,
749 523 61 23 samt,
826 523 65 19 tvärt-

65 551 58 19 emot
138 549 56 21 hvad
209 549 56 22 Herr
280 549 94 22 Höckert
389 551 88 26 påstått,
493 549 67 28 afböjt
572 550 39 21 allt
621 549 73 22 lotteri
705 556 35 15 om
752 550 24 21 lif
785 549 38 22 och
834 549 56 25 blod,

65 578 28 21 då
106 578 30 26 ju,
153 580 39 19 när
208 578 69 27 kriget
299 579 23 20 så
338 578 90 26 fordrar,
445 579 42 20 alla
502 579 61 20 skola
577 579 28 26 gå
620 579 5 20 i
642 578 40 21 fält
697 578 39 21 och
752 578 117 27 lottningen
885 579 6 20 i

65 606 76 27 sjelfva
156 607 74 20 verket
245 607 67 26 gäller
327 607 55 21 blott
397 613 81 15 samma
493 607 134 22 åldersklass.

135 635 42 21 Det
192 637 24 19 är
231 635 174 27 hufvudsakligen
421 637 28 26 på
464 636 62 21 dessa
541 636 45 21 skäl
600 636 36 27 jag
652 635 32 22 får
700 635 78 22 föreslå
791 638 101 23 antagan-

66 664 36 21 det
117 664 23 21 af
153 664 117 21 utskottets
286 664 140 21 betänkande.

135 721 56 21 Herr
214 721 158 26 Lindberg:
404 721 31 22 Då
455 721 37 28 jag
513 728 28 15 nu
564 721 38 27 går
624 723 32 20 att
671 723 57 26 yttra
743 722 63 26 mig
801 717 12 36 i
823 721 69 22 denna

67 749 32 22 för
115 749 138 22 fosterlandet
276 751 23 20 så
316 750 80 27 vigtiga
411 751 160 26 angelägenhet,
587 751 38 20 ber
637 751 38 26 jag
690 750 75 21 främst
780 750 20 21 få
816 749 75 22 beröra

66 778 117 21 utskottets
206 778 95 26 motiver,
319 779 69 21 såvidt
404 779 62 21 dessa
481 779 56 27 gälla
552 779 101 21 Finlands
668 779 201 26 arméorganisation
885 779 6 20 i

66 807 116 21 allmänhet
199 807 39 21 och
254 807 177 28 värnepligtsidön
447 808 8 21 i
469 808 122 27 synnerhet.
622 807 61 22 Hvad
699 814 46 15 som
760 807 32 21 till
807 814 26 14 en
844 807 47 21 bör-

63 835 38 26 jan
117 836 99 21 förvänar
232 842 26 15 en
274 837 29 25 är,
319 838 32 19 att
366 836 42 21 alla
425 836 62 21 dessa
501 837 91 21 motiver
607 836 155 21 undanstökats
777 836 31 21 uti
819 835 72 22 betän-

67 864 79 21 kandet
162 865 27 26 pä
203 865 36 20 tvä
254 865 39 20 och
309 871 25 14 en
351 865 45 21 half
410 865 63 21 sidor.
503 865 11 21 I
530 865 74 27 början
621 865 22 21 af
657 865 62 21 dessa
735 865 38 21 har
788 865 104 21 utskottet

67 893 118 21 framhällit
212 893 102 21 Finlands
341 893 96 22 tillständ
463 894 22 21 af
509 896 76 19 nästan
610 893 120 27 fullkomlig
754 893 138 27 vapenlöshet

66 923 56 20 samt
145 921 101 27 beklagat
267 922 32 26 sig
322 922 103 25 deröfver,
449 925 38 22 att,
510 923 27 20 dä
559 922 101 21 Finlands
676 922 91 22 Ständer
783 929 26 14 nu
825 921 67 22 under

67 950 161 27 Ofverläggning
242 952 51 25 taga
308 950 73 27 frågan
402 957 33 15 om
451 951 127 22 förändrade
594 951 93 28 grunder
702 951 32 21 för
747 951 82 21 landets
844 950 48 21 här-

67 979 98 23 väsende,
189 979 59 21 detta
267 979 67 22 mäste
357 979 37 21 ske
418 980 67 21 under
508 980 37 21 det
563 980 128 21 nedsläende
706 980 105 27 intrycket
827 979 65 22 deraf,

67 1010 32 19 att
114 1007 73 22 landet
209 1013 88 16 numera
319 1008 47 21 utaf
386 1011 32 18 ett
432 1008 77 21 sädant
525 1015 50 20 eger
590 1009 56 20 blott
660 1010 32 19 ett
707 1009 61 26 ringa
783 1008 109 26 fragment.

67 1035 104 22 Häremot
194 1036 61 21 torde
277 1037 62 26 ingen
360 1039 91 19 stämma
474 1037 63 21 hafva
556 1037 45 26 höjt
616 1037 38 26 sig.
685 1037 47 21 Men
749 1037 43 21 lika
807 1036 86 27 enighet

67 1065 39 20 har
129 1065 46 21 icke
198 1065 54 20 visat
278 1065 30 26 sig
324 1065 34 21 vid
375 1065 56 22 valet
446 1065 90 22 emellan
551 1069 132 23 systemerna
698 1065 32 21 för
745 1065 147 27 härorganisa-

67 1093 79 21 tionen.
178 1093 110 22 Utskottet
310 1100 68 20 anser,
402 1096 32 19 att
449 1101 25 14 en
491 1094 111 21 nationens
617 1094 100 27 politiska
732 1094 92 21 existens
839 1096 55 18 mot-

67 1123 104 20 svarande
187 1122 81 21 militär
283 1122 145 27 organisation
443 1123 71 21 kunde
527 1123 73 21 vinnas
611 1123 76 21 endast
697 1129 75 21 genom
783 1122 110 21 införande

67 1150 46 21 utaf
137 1150 78 22 allmän
241 1151 125 26 värnepligt,
392 1151 109 22 äfvensom
527 1153 34 20 att
585 1151 69 22 denna
669 1151 144 27 organisation
829 1151 64 20 borde

68 1179 87 25 »Ställas
171 1179 6 21 i
195 1179 146 27 hufvudsaklig
362 1179 221 22 öfverensstämmelse
604 1181 48 20 med
674 1180 26 21 de
716 1180 106 21 allmänna
837 1179 56 27 prin-

67 1208 64 26 ciper,
147 1208 72 21 hvilka
234 1208 6 21 i
256 1208 26 21 de
298 1207 53 22 allra
366 1208 62 21 flesta
439 1209 103 21 moderna
552 1211 67 19 stater
629 1208 70 21 blifvit
711 1209 64 26 lagda
784 1207 33 22 till
825 1208 69 27 grund

67 1237 33 20 för
115 1236 153 22 härväsendets
283 1237 130 21 ordnande".
443 1237 106 22 Häremot
563 1238 49 21 ville
624 1237 37 27 jag
676 1237 109 27 anmärka,
801 1239 32 19 att
848 1238 46 20 vär-

68 1265 108 27 nepligten
200 1267 56 19 ännu
278 1265 46 22 icke
346 1268 24 19 är
384 1266 71 22 införd
470 1267 7 20 i
493 1266 66 27 nägot
574 1267 55 21 enda
644 1266 56 25 land,
716 1266 63 22 hvars
794 1266 100 27 politiska

68 1293 102 28 ställning
193 1296 23 19 är
240 1294 123 22 densamma
386 1301 45 15 som
455 1295 110 21 Finlands.
595 1295 69 21 Alltsä
687 1295 41 21 kan
744 1294 89 22 motivet
847 1294 47 22 icke

67 1322 57 27 gälla
147 1323 32 21 för
201 1323 156 27 värnepligtens
380 1323 113 22 införande
515 1324 45 21 här.
590 1324 50 21 Man
655 1324 71 21 kunde
740 1323 34 21 väl
789 1325 58 25 säga,
862 1325 33 19 att

67 1351 38 21 det
127 1351 46 22 icke
197 1358 36 21 ges
256 1352 69 26 någon
348 1354 44 19 stat
406 1352 7 21 i
429 1352 41 22 den
494 1352 132 22 civiliserade
648 1352 86 22 verlden
750 1352 48 21 med
813 1358 82 15 samma

67 1379 103 27 politiska
185 1380 101 26 ställning
304 1386 46 16 som
365 1380 43 22 vär.
439 1382 29 20 Ja
484 1381 41 25 väl,
541 1381 46 21 icke
602 1381 68 27 precis
686 1386 87 16 samma.
797 1380 49 21 Men
861 1380 33 22 till

67 1414 37 16 oss
119 1408 68 22 finnes
210 1411 32 19 ett
263 1409 125 27 grannland,
412 1410 48 21 med
475 1410 83 21 hvilket
573 1410 19 20 vi
608 1409 46 22 haft
668 1416 122 20 gemensam
806 1408 89 22 historia

68 1437 39 21 och
120 1437 45 27 just
181 1437 58 22 detta
254 1438 49 21 land
319 1438 38 21 har
372 1438 48 21 icke
435 1438 70 22 funnit
521 1438 36 22 det
572 1438 98 27 lämpligt
685 1440 33 20 att
732 1438 69 22 införa
816 1437 79 22 allmän

67 1466 126 27 värnepligt.
223 1466 40 22 Väl
278 1466 39 22 har
332 1466 74 26 frägan
427 1467 38 21 der
480 1466 103 22 förevarit
599 1467 71 27 hvarje
686 1467 24 21 är
724 1466 41 22 och
780 1467 28 26 pä
823 1466 72 27 hvarje

67 1494 88 27 riksdag
176 1495 67 21 under
264 1500 75 16 senare
360 1495 62 25 tider,
441 1502 49 16 men
511 1502 48 15 man
574 1496 40 21 har
628 1497 57 20 ännu
700 1495 46 22 icke
761 1496 88 26 mognat
863 1494 33 22 för

795 1535 31 17 142
