1078 1781
300 108 186 22 !Borgareståndet
498 110 55 17 1878.
577 110 14 16 &
602 108 94 18 Januari.
856 102 55 22 2745

155 178 56 22 Herr
225 178 149 27 Ignatius:
404 178 42 27 Jag
461 178 43 21 kan
519 178 47 21 icke
581 184 51 15 anse
647 177 139 22 förevarande
801 176 79 27 förslag
890 177 24 22 af

85 207 235 26 Bevillningsutskottet
334 213 52 15 vara
397 213 26 15 en
434 207 24 21 så
469 206 124 27 öfverflödig
602 201 184 42 reglementering,
798 212 44 15 som
855 206 57 21 Herr

85 235 82 22 Kurtén
190 235 74 28 tyckes
281 241 52 16 anse
348 236 40 21 den
404 241 57 16 vara.
491 235 42 26 Jag
548 241 63 15 anser
627 235 40 21 den
682 235 34 21 stå
732 235 6 20 i
754 235 36 20 det
804 236 108 19 närmaste

84 264 105 21 samband
210 264 47 21 med
280 264 72 26 frågan
376 270 33 15 om
433 263 243 27 imkomstbevillningen
699 263 7 22 i
728 263 113 21 framtiden
857 262 54 22 skall

85 292 67 22 blifva
167 292 115 21 bestående
296 293 52 21 eller
363 293 53 21 icke.
445 293 42 27 Jag
503 293 39 20 har
557 292 91 21 kommit
662 291 32 22 till
707 292 41 21 den
759 291 152 28 öfvertygelsen

85 323 34 19 att
141 321 71 22 denna
234 321 113 26 bevillning
368 323 24 19 är
411 321 40 21 den
473 323 55 20 mest
543 321 114 27 olämpliga
672 321 40 21 och
727 320 124 27 opraktiska
865 326 46 15 som

85 349 67 22 finnes
168 352 54 19 trots
236 350 40 21 allt
291 350 54 21 hvad
361 350 238 21 nationalekonomerne
616 350 72 21 derom
704 352 51 25 säga
771 349 39 21 och
823 349 37 26 jag
872 348 40 22 har

85 377 62 22 äfven
170 378 69 21 funnit
261 380 33 19 att
315 379 28 26 på
365 385 74 15 senare
461 379 57 21 tider
537 378 143 21 framstående
701 377 211 22 nationalekonomer

85 406 47 21 fällt
154 406 204 23 förkastelsedomen
380 407 59 21 öfver
461 407 130 22 densamma.
622 407 43 21 För
687 409 33 19 att
742 406 118 21 emellertid
880 409 32 18 ta-

85 435 200 27 xeringslängderna
300 436 60 21 skola
376 442 50 15 vara
441 436 24 21 af
479 437 68 26 någon
564 438 60 25 nytta
639 435 33 22 för
686 435 120 22 statistiken
817 435 52 21 eller
878 434 34 21 för

86 469 26 16 en
134 463 150 28 efterföljande
306 465 187 26 taxeringsnämnd
516 467 24 19 är
556 465 36 20 det
606 464 24 21 af
644 464 69 21 nöden
728 466 34 19 att
776 466 48 19 veta
841 463 71 22 hvilka

85 498 102 21 personer
209 499 45 16 som
270 493 110 22 beskattas
396 493 38 22 och
451 493 33 22 för
499 493 85 22 hvilken
600 493 147 26 förmögenhet
763 492 26 21 de
803 492 109 22 beskattas

86 521 40 21 och
141 522 68 21 under
223 522 72 21 hvilka
310 521 147 22 förhållanden
474 523 36 20 det
525 522 55 21 sker.
606 522 46 21 Den
667 521 45 22 lilla
727 521 72 25 tabell,
815 527 45 16 som
873 520 38 23 Ut-

86 549 82 22 skottet
189 551 81 20 lemnat
285 550 6 21 i
306 551 66 21 slutet
394 551 22 21 af
432 551 39 21 sitt
486 551 135 21 betänkande
637 550 38 21 har
690 549 61 28 gifvit
766 556 57 15 mera
838 549 73 22 arbete

86 580 27 19 än
134 579 48 21 hela
197 579 37 21 det
248 579 68 26 öfriga
332 579 144 22 betänkandet
491 580 40 21 och
544 579 182 27 omständigheten
742 579 73 26 gjorde
829 578 83 27 ytterli-

85 613 52 20 gare
157 610 32 19 att
211 607 40 22 den
266 607 46 22 icke
328 607 69 22 kunde
413 608 65 21 blifva
494 608 70 27 färdig
579 608 73 21 förrän
667 608 7 21 i
690 607 65 22 slutet
770 607 85 21 hvarför
870 607 41 21 den

87 635 45 22 icke
155 637 46 20 står
215 637 7 20 i
238 636 64 27 något
317 637 104 21 samband
443 637 48 21 med
507 637 123 21 Utskottets
646 637 96 25 motiver,
759 636 27 21 då
801 635 110 22 Utskottet

86 664 34 21 vid
143 666 147 26 uppgörandet
312 665 22 21 af
354 665 46 22 sina
420 666 65 21 motiv
501 666 48 21 icke
563 666 71 21 kunde
650 665 96 26 begagna
760 665 32 26 sig
807 664 21 21 af
843 665 69 20 denna

86 693 73 21 tabell.
188 693 46 22 Allt
256 693 58 22 detta
330 693 41 22 kan
387 694 160 21 åstadkommas
561 697 52 18 utan
628 696 32 19 att
676 693 146 22 åstadkomma
839 692 72 22 bevill-

86 722 154 27 ningskomitén
263 722 65 27 något
350 723 71 21 odiöst
443 723 85 25 arbete;
544 723 39 21 här
599 725 24 18 är
637 723 47 20 icke
699 722 60 26 fråga
774 728 33 15 om
823 724 32 19 att
870 721 42 21 öka

87 750 62 22 deras
171 751 74 21 arbete
269 751 36 21 det
328 751 82 26 minsta,
430 753 22 25 ty
475 754 33 19 att
523 751 69 22 införa
607 751 7 21 i
629 751 69 22 skilda
714 751 111 21 kolumner
840 750 72 21 bevill-

86 779 162 28 ningsbeloppet
258 779 46 22 från
316 780 68 21 skilda
394 780 113 22 samhälls-
515 780 39 21 och
562 780 152 27 yrkesklasser,
723 781 25 19 är
755 780 67 27 precis
831 785 81 15 samma

86 807 73 22 arbete
175 814 45 15 som
236 811 32 18 att
283 808 69 21 införa
365 809 36 21 det
415 809 3 20 i
428 815 83 15 samma
521 809 94 21 kolumn.
646 809 45 21 Den
702 809 55 20 enda
767 808 109 21 skilnaden
887 809 24 20 är

85 838 34 19 att
143 836 79 22 skrifva
247 843 26 15 en
295 843 83 16 summa
396 837 31 22 uti
442 843 26 16 en
483 838 70 26 gifven
569 837 87 22 kolumn
672 837 38 21 och
726 837 58 21 detta
799 839 24 19 är
837 839 32 19 ett
887 836 25 21 sä

85 864 47 23 litet
147 865 73 22 arbete
236 868 32 19 att
283 865 52 22 hvar
350 866 39 21 och
406 872 25 15 en
447 872 46 15 som
510 867 39 21 har
563 867 69 26 nägon
643 865 121 22 erfarenhet
775 868 34 18 vet
820 867 33 20 att
863 871 49 15 man

86 893 33 22 för
135 893 39 22 den
184 894 56 21 skull
251 895 45 21 icke
310 894 102 22 behöfver
425 895 54 27 hysa
489 896 66 25 nägra
566 895 176 26 betänkligheter.
767 894 60 21 Hvad
837 893 75 28 sjelfva

85 922 243 28 bevillningslängderne
351 923 101 22 beträffar
473 923 24 22 sä
520 924 39 21 har
577 924 37 26 jag
629 930 42 21 nog
686 923 120 22 erfarenhet
821 923 23 21 af
857 923 55 24 dem,

85 953 24 24 ty
129 951 37 27 jag
189 951 40 22 har
250 952 126 27 genomgått
390 952 101 27 samtliga
507 952 213 27 bevillningslängder
738 952 33 21 för
785 953 32 20 tre
832 952 25 21 är
872 951 40 21 och

85 981 36 20 vet
143 982 32 19 att
191 980 25 21 de
231 981 41 20 lätt
288 980 72 22 kunna
375 981 83 26 lämpas
474 981 98 22 derefter.
603 981 62 21 Hvad
681 981 55 21 Herr
751 980 102 22 Janssons
868 979 44 22 för-

86 1008 46 27 slag
154 1008 101 22 beträffar
270 1009 24 21 sä
308 1009 89 22 innebär
412 1010 36 21 det
463 1010 48 21 äter
526 1011 33 20 att
573 1009 73 27 hvarje
661 1015 89 22 persons
765 1008 147 27 förmögenhet

86 1037 54 21 skall
162 1037 93 22 fördelas
276 1038 28 26 pä
318 1038 69 21 skilda
402 1041 73 24 poster
491 1039 38 20 och
546 1039 60 20 detta
621 1038 78 27 förslag
714 1037 88 22 innebär
817 1038 6 20 i
839 1037 73 26 sjelfva

85 1065 75 22 verket
175 1069 32 18 ett
221 1066 104 27 betydligt
340 1066 118 22 förökande
474 1067 24 21 af
512 1066 84 22 arbetet
611 1067 39 21 och
663 1067 37 27 jag
715 1069 46 19 tror
775 1068 33 19 att
820 1066 37 21 det
866 1065 46 22 icke

86 1094 56 21 läter
163 1095 126 26 genomföra
311 1095 38 27 sig.
380 1095 41 27 Jag
443 1098 47 19 tror
505 1095 107 28 knappast
627 1097 33 20 att
675 1101 48 16 man
739 1095 41 21 kan
796 1095 22 21 fä
833 1095 79 21 sädana

85 1123 110 21 formulär.
225 1123 73 22 Skulle
318 1124 75 27 frägan
416 1124 76 21 endast
512 1124 57 27 gälla
584 1130 26 15 en
626 1130 88 21 persons
728 1124 93 21 inkomst
835 1129 77 21 genom

86 1151 39 26 arf,
139 1151 24 22 sä
178 1157 50 16 vore
241 1152 37 27 jag
293 1152 51 27 böjd
352 1140 40 33 att
407 1153 76 20 förena
497 1153 44 26 mig
556 1153 47 21 med
616 1153 54 20 Herr
680 1153 98 24 Jansson,
788 1155 22 24 ty
820 1152 37 27 jag
866 1154 47 19 tror

85 1182 33 19 att
140 1180 36 22 det
197 1181 69 21 kunde
289 1181 37 21 ske
350 1181 40 21 lätt
414 1181 31 22 uti
469 1181 267 28 anmärkningskolumnen
758 1174 46 28 och
817 1180 66 21 borde
904 1180 8 21 i

85 1209 78 26 många
186 1209 135 22 hänseenden
344 1216 52 15 vara
410 1210 140 27 upplysande.
580 1211 42 26 Jag
637 1212 35 19 vet
686 1212 34 19 att
734 1210 70 21 denna
818 1210 95 20 omstän-

85 1237 74 27 dighet
176 1237 45 22 ofta
237 1237 61 28 gifvit
312 1238 115 28 anledning
442 1239 34 21 till
491 1242 60 18 stora
566 1222 94 49 misstag,
676 1241 23 25 ty
714 1239 36 21 det
765 1239 39 21 har
817 1237 95 22 inträffat

85 1268 34 20 att
140 1266 98 22 enskilda
260 1272 112 22 personers
394 1268 39 21 och
457 1270 70 19 orters
543 1268 115 26 bevillning
672 1274 77 20 genom
764 1266 102 27 tillfälligt
880 1266 34 22 arf

85 1295 60 27 stigit
167 1296 24 20 så
211 1297 33 19 att
266 1295 28 22 all
314 1295 123 27 jemförelse
460 1296 71 22 blifvit
553 1296 88 28 omöjlig
662 1296 64 21 innan
742 1302 49 16 man
806 1295 41 21 fått
862 1295 51 21 reda

85 1324 80 27 hvarpä
181 1324 59 21 detta
255 1324 133 22 förhållande
404 1324 78 22 berott.
503 1324 74 23 Skulle
592 1325 57 21 Herr
662 1325 104 21 Janssons
781 1324 78 26 förslag
869 1329 45 16 mo-

85 1352 84 22 difieras
192 1352 88 26 derhän,
303 1353 24 21 så
342 1353 69 21 skulle
424 1354 37 26 jag
477 1360 51 15 vara
544 1353 49 27 böjd
609 1356 33 19 att
657 1353 74 22 förena
746 1353 43 27 mig
804 1352 85 26 derom;
905 1352 7 21 i

85 1383 66 19 annat
173 1380 36 22 fall
229 1387 62 15 anser
304 1381 37 27 jag
357 1388 25 15 en
398 1382 67 21 sådan
481 1382 137 28 särskiljning
633 1382 47 22 icke
695 1388 51 16 vara
760 1382 87 26 lämplig
862 1380 52 23 eller

84 1410 107 26 praktiskt
207 1409 103 23 utförbar.

153 1467 58 21 Herr
231 1467 148 22 Jansson:
414 1467 40 22 Om
484 1467 223 28 bevillningskomitén
734 1468 127 28 uppskattar
886 1472 28 16 en

84 1501 89 21 persons
197 1496 147 27 förmögenhet
367 1497 6 20 i
396 1496 75 28 klump
497 1497 71 21 såsom
592 1496 150 28 beklagligtvis
764 1502 29 16 nu
815 1496 49 21 sker
885 1495 29 27 på
