1078 1781
161 113 55 21 2716
377 118 179 22 Borgareståndet
568 119 57 18 1878.
650 120 12 16 -5&
674 119 95 18 Januari.

373 255 157 35 Lördagen.
539 256 54 27 den
614 257 17 26 5
648 256 130 27 Januari.

230 325 34 21 KI.
276 326 23 20 11
312 325 158 28 föremiddagen
481 325 171 22 sammanträdde
662 325 181 28 Borgareståndet
853 325 33 22 till
896 325 94 28 plenum.

161 353 41 21 Vid
216 353 96 22 anstäldt
326 359 83 22 upprop
424 353 103 22 befunnos
537 353 67 27 öfrige
615 353 101 23 Ståndets
726 354 138 22 medlemmar
874 354 115 22 tillstädes-

160 382 78 21 komne
253 384 60 19 utom
328 382 81 21 Herrar
423 383 107 26 Boström,
546 383 129 26 Helsingius,
686 383 33 21 W.
735 382 82 28 Nystén
832 383 39 21 och
886 383 26 21 K.
927 383 65 26 Berg,

161 417 47 15 som
223 410 83 28 åtnjöto
321 410 101 27 ledighet,
437 411 80 21 Herrar
530 410 111 23 Ahlström
652 411 40 22 och
703 411 111 24 Sanmark,
825 411 72 22 hvilka
908 411 82 22 anmält

162 439 187 27 sjukdomsförfall,
365 439 56 22 Herr
430 439 34 22 Ek
474 439 107 22 äfvensom
592 440 56 21 Herr
660 439 90 28 Nybom,
761 440 85 22 hvilken
857 439 131 22 sistnämnde

162 468 55 21 dock
232 474 75 15 senare
322 468 74 21 infann
411 469 37 26 sig.

230 621 140 23 Verkstäldes
389 622 103 27 justering
514 622 23 21 af
557 622 78 28 utdrag
656 629 25 14 ur
703 623 101 21 Ständets
820 622 33 21 vid
871 622 121 28 gårdagens

162 651 86 27 plenum
264 651 62 21 förda
340 651 114 27 protokoll.

232 788 121 27 Föredrogs
374 788 39 21 och
435 789 60 20 lades
517 789 32 20 till
572 788 155 27 handlingarne
750 788 106 22 särskilda
870 788 47 21 från
933 772 58 48 med-

163 817 89 21 stånden
268 817 107 21 ankomna
390 817 202 27 protokollsutdrag.

232 988 121 27 Föredrogs
374 995 25 15 en
419 988 46 21 från
481 989 158 21 Sammansatta
653 989 54 27 Lag-
724 989 40 21 och
779 988 213 22 Ekonomiutskottet

163 1017 121 22 inkommen
300 1018 24 21 så
339 1017 91 28 lydande
445 1017 118 22 skrifvelse:

391 1103 40 21 Till
446 1102 113 28 Vällofliga
573 1103 189 27 Borgareständet.

645 1160 57 21 Frän
715 1160 159 22 Sammansatta
885 1160 53 27 Lag-
951 1159 40 22 och

577 1189 219 22 Ekonomiutskottet.

234 1245 38 23 Uti
288 1246 90 22 svenska
393 1245 128 28 exemplaret
536 1245 23 23 af
567 1245 123 23 Utskottets
700 1246 32 22 till
743 1245 120 23 Ständerna
873 1245 119 23 aflemnade

164 1274 84 28 tryckta
264 1274 80 28 förslag
361 1274 33 22 till
409 1275 299 27 omröstningspropositioner
722 1275 7 21 i
745 1274 60 28 fräga
820 1281 34 15 om
869 1274 122 27 skjutshäll-

163 1302 78 27 ningen
262 1304 40 21 och
323 1304 175 26 gästgifverierna
513 1303 143 22 förekommer
670 1304 13 21 &
698 1310 49 20 pag.
763 1304 13 20 3
792 1303 66 21 raden
874 1304 24 20 11
916 1303 77 21 sädant

163 1331 36 25 fel,
214 1333 33 19 att
269 1332 61 21 ordet
352 1331 269 28 ,bränvinsbrännerier,
637 1338 45 16 som
706 1332 64 21 bordt
792 1332 52 27 följa
862 1331 54 22 efter
930 1331 62 22 ordet

164 1360 179 28 yölbryggerier*,
359 1361 138 26 utelemnats;
513 1361 40 21 och
569 1360 68 22 ehuru
652 1361 19 27 ej
687 1360 83 22 mindre
786 1361 41 21 den
839 1360 6 21 i
855 1366 82 16 samma
949 1360 43 21 för-

163 1391 35 19 sta
213 1389 276 27 omröstningsproposition
505 1388 122 29 föreslagna
641 1390 81 27 lydelse
737 1390 34 21 för
786 1390 12 25 8
813 1390 13 20 2
843 1391 26 19 än
880 1388 62 22 äfven
954 1388 38 22 det

163 1417 69 22 finska
253 1418 130 27 exemplaret
398 1418 24 21 af
439 1418 122 22 Utskottets
578 1418 128 22 hemställan
722 1418 94 27 tydligen
831 1418 68 21 utvisa
913 1419 34 19 att
961 1419 32 20 ett

164 1445 90 29 tryckfel
276 1446 40 21 här
338 1452 49 21 eger
409 1453 52 20 rum,
476 1446 39 22 har
533 1446 112 22 Utskottet
659 1446 73 27 likväl,
748 1447 32 21 till
799 1446 157 28 förebyggande
970 1446 24 21 af

163 1475 73 27 hvarje
254 1475 170 27 tvifvelaktighet
438 1478 71 18 ansett
523 1475 32 27 sig
570 1476 53 20 böra
639 1475 101 22 särskildt
756 1474 112 23 hemställa
884 1481 34 15 om
932 1474 61 22 bifall

164 1503 32 22 till
211 1503 67 22 sådan
293 1504 95 26 rättelse,
404 1506 31 19 att
451 1504 62 22 ordet
522 1504 265 28 ,bränvinsbrännerier"
798 1504 28 27 pä
837 1502 156 23 ofvannämnda
