1078 1781
137 111 56 21 2854
352 116 179 22 Borgareståndet
544 117 56 18 1878.
625 118 23 16 12
662 117 94 18 Januari.

136 185 47 28 slag
197 185 7 21 i
219 185 62 22 detta
296 185 55 28 syfte
365 186 24 21 af
402 186 134 27 Regeringen
551 186 69 22 ehuru
637 187 59 21 detta
711 187 47 22 icke
773 187 27 26 på
816 186 59 27 långt
890 187 38 20 när
940 187 25 20 är

135 214 26 21 så
174 213 73 28 gifvet,
263 214 28 22 då
306 215 36 21 det
357 215 80 27 hänger
452 215 141 22 tillsammans
609 215 49 22 med
673 216 68 21 andra
756 215 79 27 frågor.
859 214 45 22 Går
915 220 49 16 man

136 244 25 20 ut
175 243 48 21 från
239 243 41 22 den
296 243 141 28 synpunkten,
453 243 25 22 så
494 243 41 22 blir
551 243 160 28 konseqvensen
728 246 51 20 utan
794 243 72 22 tvifvel
880 243 41 22 den
931 244 32 20 att

135 272 32 21 uti
191 271 69 22 denna
282 273 36 26 lag
340 271 40 23 och
403 272 43 21 alla
467 272 49 21 dess
537 272 79 28 bibang
631 273 23 21 af
667 273 83 22 diverse
765 271 58 22 olika
839 271 69 22 beslut
922 271 41 22 och

136 300 246 27 tilläggsbestämningar
397 301 101 21 behöfver
512 301 40 22 och
568 301 39 22 bör
617 301 47 22 icke
676 301 51 27 ingå
737 303 32 20 ett
779 301 87 21 endaste
880 300 38 22 ord
929 305 34 16 om

135 329 181 27 vakansafgiftens
332 329 137 26 fortfarande,
485 331 22 25 ty
523 329 41 22 den
575 329 76 22 fortfar
662 329 120 23 oberoende
796 329 22 21 af
829 329 55 21 hvad
895 329 20 21 vi
926 329 38 22 der

135 357 83 28 behaga
240 358 82 27 stadga.
352 358 66 21 Detta
439 364 35 15 om
497 364 48 15 man
561 359 75 21 ställer
650 359 34 26 sig
698 359 28 26 på
741 359 41 20 den
797 357 167 28 ståndpunkten,

135 392 49 15 men
207 387 70 21 denna
299 387 132 27 ståndpunkt
449 387 40 21 har
507 386 70 22 blifvit
591 387 61 22 oklar
666 388 56 21 först
737 386 122 27 derigenom
876 389 32 18 att
922 386 41 22 Re-

135 415 101 27 geringen
252 415 51 28 sjelf
316 415 32 22 uti
363 415 32 22 sin
410 415 133 28 proposition
559 415 39 22 har
614 415 114 22 framställt
744 417 31 20 ett
790 415 79 26 förslag
884 421 34 16 om
931 417 32 19 att

135 443 170 27 vakansafgiften
321 443 69 22 skulle
405 443 97 22 fortfara.
525 445 46 20 Den
587 444 40 22 har
641 445 73 21 vidare
730 443 70 22 blifvit
815 443 62 22 oklar
887 449 75 22 genom

135 471 49 22 hela
199 472 41 21 den
255 472 101 27 ställning
372 473 112 21 Utskottet
499 473 40 21 har
554 473 55 27 tagit
624 473 31 22 till
671 473 66 21 saken
748 472 40 22 och
801 472 57 21 Herr
868 472 94 25 Talman,

133 501 38 26 jag
189 507 63 15 anser
267 501 41 22 den
323 501 62 22 äfven
400 507 50 16 vara
465 501 62 22 oklar
541 507 76 21 genom
633 502 76 21 sakens
725 507 53 22 egen
794 503 68 19 natur.
893 501 71 21 Emel-

135 529 64 22 lertid
220 531 24 20 är
265 530 37 21 det
317 530 45 26 just
380 530 43 26 det,
439 536 46 15 som
500 529 172 23 Bondeståndets
687 530 126 27 inbjudning
829 529 87 22 innebär
931 531 32 20 att

135 557 20 22 vi
175 558 46 21 icke
240 558 62 21 skola
316 559 55 21 fatta
385 557 180 29 vakansafgiftens
581 559 139 26 fortfarande,
736 564 46 15 som
799 564 26 15 en
840 558 69 27 gifven
924 558 38 21 sak

135 588 52 20 utan
210 587 56 21 fatta
288 587 37 21 det
347 587 70 22 såsom
439 593 26 16 en
481 587 44 27 sak,
540 587 87 22 hvarom
644 588 36 21 det
696 587 103 22 behöfver
813 587 95 20 beslutas
923 587 39 21 och

135 617 34 20 att
184 615 40 22 den
239 615 85 28 upphör
338 622 35 15 om
389 616 20 21 vi
424 616 46 21 icke
486 616 103 21 särskildt
604 616 84 22 besluta
703 618 32 19 att
748 615 42 22 den
800 615 55 22 skall
866 615 96 22 fortfara.

135 644 66 21 Detta
216 645 24 20 är
256 644 175 28 hufvudpunkten
446 644 31 22 uti
493 645 170 21 Bondeståndets
679 644 134 27 inbjudning.
838 644 42 21 Det
895 643 66 28 ligger

136 673 39 21 der
189 675 47 25 sagt
251 673 32 21 uti
299 679 26 15 en
341 673 170 27 mellanmening,
527 673 68 22 ehuru
611 674 39 21 den
666 675 24 20 är
702 675 60 20 orätt
772 672 136 22 formulerad.
933 672 31 21 Ar

135 707 50 16 man
201 707 50 16 ense
266 707 34 16 om
317 702 40 21 den
373 702 72 25 saken,
461 703 24 20 så
501 702 42 21 kan
559 709 49 14 man
623 702 106 27 svårligen
746 702 85 21 komma
846 701 32 21 till
893 701 69 26 någon

135 736 70 15 annan
228 729 128 22 konklusion
379 732 26 19 än
426 732 31 19 att
478 731 27 26 gå
528 731 21 20 in
564 731 27 26 på
606 731 172 21 Bondeståndets
793 729 131 27 inbjudning,
939 731 23 25 ty

136 759 28 21 då
183 758 67 28 gäller
270 759 36 21 det
321 759 56 21 blott
392 761 32 19 att
439 759 170 27 vakansafgiften
624 759 55 22 skall
695 759 91 22 fortfara
801 764 26 15 en
843 758 73 27 längre
930 758 32 21 tid

135 787 54 22 eller
203 787 87 22 kortare
304 787 32 22 tid
352 787 40 22 och
408 794 47 15 man
471 788 41 21 kan
528 787 52 28 bysa
591 788 69 22 skilda
671 788 81 21 åsikter
765 787 80 26 derom,
855 793 47 15 men
913 792 49 16 man

135 816 69 22 måste
226 816 114 27 föredraga
362 819 33 18 att
416 816 45 22 låta
483 817 40 21 den
542 817 88 21 fortfara
644 817 131 21 åtminstone
788 822 25 15 en
830 816 85 21 kortare
930 815 32 22 tid

135 845 67 21 hellre
218 847 27 19 än
260 847 33 19 att
308 845 45 21 låta
368 845 40 21 den
424 848 73 23 genast
513 845 103 27 upphöra.
640 845 84 27 Frågan
741 847 24 19 är
781 844 82 21 således
878 844 48 24 den,
937 845 25 20 är

135 873 167 27 vakansafgiften
325 879 76 22 genom
424 874 130 27 antagandet
573 874 23 21 af
612 874 68 21 denna
701 875 34 25 lag
751 872 122 28 upphäfven
888 872 74 21 såvida

135 902 48 21 icke
198 904 32 19 ett
244 901 67 22 skildt
326 902 70 21 beslut
411 902 73 21 derom
499 902 72 27 fattas,
588 903 52 21 eller
655 905 24 19 är
694 903 41 21 den
752 902 36 21 det
804 901 53 22 icke.
887 901 75 22 Detär

135 930 117 28 beklagligt
274 933 32 19 att
328 931 37 22 det
386 931 47 21 icke
453 931 67 22 finnes
536 932 69 26 någon
622 931 124 27 myndighet
762 930 39 22 och
814 931 37 26 jag
866 932 35 19 vet
915 929 46 22 icke

135 959 54 22 hvar
211 965 49 16 man
281 959 68 22 skulle
365 960 53 21 söka
433 959 47 26 den,
495 965 46 16 som
556 960 71 21 kunde
642 960 74 27 afgöra
731 959 42 22 den
789 959 89 21 sålunda
892 958 6 21 i
914 958 48 22 tvif-

135 987 88 22 velsmål
243 988 79 21 ställda
340 988 183 22 konstitutionella
541 988 73 27 frågan
631 988 38 22 och
685 989 36 20 vid
737 987 77 22 sådant
829 987 133 22 förhållande

134 1016 43 22 blir
196 1017 36 21 det
250 1017 34 21 väl
303 1017 118 21 Ständerne
436 1017 81 26 sjelfve,
533 1023 46 16 som
594 1017 61 22 skola
668 1017 76 27 afgöra
757 1016 41 21 den
813 1016 40 21 och
868 1015 27 22 då
910 1021 52 22 upp-

135 1046 45 21 står
195 1045 47 22 åter
257 1045 77 27 många
348 1045 133 22 tvifvelsmål.
504 1046 47 21 Den
565 1047 42 20 kan
617 1045 105 28 svårligen
734 1044 85 27 afgöras
829 1043 133 23 annorlunda

135 1075 28 20 än
181 1075 34 20 att
229 1080 50 15 man
295 1074 97 22 försöker
406 1074 85 22 komma
506 1074 34 21 till
555 1081 26 15 en
597 1081 120 20 gemensam
734 1073 63 27 åsigt.
827 1073 28 22 Ju
870 1079 44 15 mer
924 1073 38 26 jag

135 1103 76 21 tänker
226 1103 54 22 efter
295 1103 48 21 dess
358 1109 45 15 mer
418 1103 96 22 kommer
526 1103 37 28 jag
579 1103 32 22 till
627 1103 40 22 den
682 1103 57 27 åsigt
756 1104 33 19 att
801 1109 35 14 om
848 1101 69 22 denna
927 1101 35 28 lag

134 1133 96 26 antages,
246 1131 24 22 så
286 1131 103 22 existerar
404 1131 167 28 vakansafgiften
587 1131 47 22 icke
642 1132 72 21 vidare
728 1131 46 21 ifall
785 1131 46 21 icke
842 1131 120 22 Ständerna

135 1160 102 21 särskildt
252 1161 73 21 derom
341 1161 90 25 besluta,
446 1162 23 25 ty
484 1161 70 21 denna
569 1161 34 26 lag
618 1160 89 22 innebär
722 1165 28 16 en
766 1159 89 26 ändring
870 1159 24 21 af
908 1159 12 27 $
936 1160 26 20 18

134 1189 33 21 uti
186 1189 208 27 Regeringsformen,
408 1195 46 16 som
469 1189 88 26 stadgar
573 1191 32 20 att
620 1189 108 22 militären
744 1187 55 22 skall
814 1187 98 22 förblifva
927 1187 35 21 vid

133 1217 201 28 indelningsverket,
345 1224 48 15 men
404 1217 69 22 denna
482 1218 144 26 Regeringens
636 1217 135 28 proposition
778 1216 117 28 upphäfver
903 1216 59 21 detta

135 1245 27 23 då
177 1247 40 21 den
233 1248 63 25 säger
310 1248 32 20 att
358 1246 105 22 militären
479 1246 46 22 icke
540 1246 55 22 skall
610 1246 93 28 grundas
718 1247 30 26 på
761 1245 199 27 indelningsverket.

134 1275 33 21 De
182 1275 189 26 knektekontrakt,
387 1281 45 16 som
448 1277 37 19 äro
501 1275 124 27 uppgjorda,
641 1277 37 20 äro
694 1275 38 22 det
748 1274 34 22 för
796 1276 33 20 att
845 1280 25 16 en
882 1274 80 21 militär

133 1303 56 22 skall
211 1304 118 27 uppställas
352 1304 40 21 och
410 1304 25 22 de
451 1304 172 27 vakansafgifter,
639 1310 45 16 som
700 1304 124 21 sedermera
838 1302 124 22 tillkommit

133 1332 8 21 i
161 1332 73 22 stället
249 1332 33 22 för
298 1332 79 22 militär
391 1332 172 28 uppsättningen,
579 1334 37 20 äro
632 1333 60 21 äfven
707 1332 77 27 gjorde
799 1331 67 22 under
881 1337 81 16 samma

134 1360 162 28 förutsättning.
325 1361 45 27 Mig
392 1361 107 22 förefaller
518 1361 36 22 det
568 1361 82 21 således
665 1362 33 20 att
714 1361 38 21 det
767 1360 7 22 i
789 1360 173 22 konstitutionelt

133 1389 244 27 lagto!kningsafseende
392 1392 24 20 är
431 1392 52 19 nära
498 1390 28 27 på
541 1396 26 15 en
583 1390 38 21 sak
637 1396 45 15 som
693 1396 58 20 man,
765 1389 129 21 åtminstone
904 1388 58 22 svär-

133 1418 64 27 ligen,
213 1418 56 22 skall
284 1418 72 22 kunna
370 1418 71 28 undgå
456 1420 32 20 att
503 1419 86 21 komma
603 1418 32 22 till
650 1420 33 20 att
698 1418 51 22 med
764 1419 118 20 detsamma
893 1417 69 21 denna

133 1447 36 27 lag
188 1447 40 22 har
244 1447 70 21 blifvit
328 1447 97 21 bestämd
440 1449 32 20 att
487 1448 62 21 träda
564 1447 8 21 i
587 1447 71 21 stället
673 1447 35 21 för
724 1446 162 27 bestämningen
901 1445 32 22 uti
948 1446 13 27 $

135 1476 26 20 18
183 1476 197 27 indelningsverket
400 1476 49 21 med
465 1476 48 22 dess
535 1475 85 28 afgifter
634 1476 87 26 upphör
736 1476 33 20 att
784 1475 92 21 existera
892 1474 70 22 såvidt

133 1504 74 22 derom
228 1504 47 23 icke
290 1504 66 22 skildt
370 1504 101 23 beslutes.
501 1504 56 22 Herr
571 1504 97 28 Ignatius
683 1505 41 21 har
740 1504 66 22 redan
821 1503 93 28 påpekat
929 1505 33 21 att
