1078 1781
276 110 179 22 Borgareståndet
467 111 55 17 1877.
547 112 24 16 14
583 110 118 18 December.
843 105 55 21 2375

70 180 65 27 ligast
156 179 97 22 utfärdas
273 179 23 22 af
316 179 137 27 inspektören
475 178 35 23 för
531 179 70 22 denna
616 179 81 22 militär
707 178 40 22 och
762 178 90 23 föreslår
866 181 33 20 att

71 208 112 23 Utskottet
198 208 69 22 skulle
282 208 111 21 omarbeta
408 208 61 21 detta
483 208 121 27 stadgande
619 208 6 21 i
641 208 77 21 sådant
733 207 62 27 syfte.

140 265 57 22 Herr
211 265 131 22 Höckert:
372 265 33 22 Då
425 265 37 28 jag
487 265 93 27 föreslog
602 267 33 20 att
656 265 62 21 dessa
740 264 158 27 öfningsmöten

71 294 69 22 skulle
155 294 113 25 anordnas,
283 294 24 21 så
322 296 33 19 att
369 293 59 22 tiden
443 294 33 21 för
491 293 38 22 det
543 293 69 22 första
627 295 67 20 mötet
705 293 68 22 skulle
785 299 50 16 vara
843 294 55 27 jem-

71 322 110 22 förelsevis
201 322 73 27 längre
296 324 27 19 än
339 322 33 21 för
387 323 26 20 de
429 329 82 18 senare,
527 322 24 21 så
566 322 94 27 förbisåg
672 322 38 27 jag
726 324 32 19 att
774 321 78 28 afgifva
866 323 32 20 ett

71 351 108 22 bestämdt
194 351 79 26 förslag
288 351 109 27 angående
413 351 62 21 dessa
493 351 102 22 terminer
611 351 39 21 och
665 357 64 15 anser
744 350 42 27 mig
801 357 28 14 nu
845 350 53 22 böra

70 380 144 27 komplettera
228 380 48 21 mitt
291 380 57 21 förra
362 379 100 28 yttrande
478 379 89 22 dermed
583 382 32 19 att
633 385 99 16 reserven
747 379 68 21 under
830 379 68 22 första

69 410 55 23 året,
140 409 27 20 då
192 409 41 21 den
248 408 24 22 så
290 408 84 22 kallade
389 409 151 26 rekrytskolan
557 408 120 27 egentligen
692 408 121 27 genomgås,
829 407 68 22 skulle

70 437 68 22 hållas
153 437 175 27 sammandragen
341 436 33 22 till
390 437 96 26 öfningar
501 443 38 16 sex
558 437 84 24 veckor,
657 436 55 22 helst
727 436 28 27 på
770 436 128 22 vårsomma-

70 472 45 20 ren,
140 465 110 22 hvaremot
272 472 98 15 reserven
396 466 67 21 under
485 465 27 22 de
534 467 36 20 två
593 472 75 15 senare
687 465 51 22 åren
754 465 69 21 skulle
838 465 59 22 öfvas

69 495 106 20 hvardera
190 495 46 20 året
251 494 7 21 i
274 497 32 18 tre
321 494 77 21 veckor
413 494 35 21 vid
463 493 140 27 lägermöten,
619 494 71 21 hvilka
706 494 28 21 då
749 493 65 22 borde
829 493 69 22 hållas

70 523 28 27 på
121 523 179 21 eftersommaren.
330 523 43 21 För
395 523 65 26 öfrigt
483 523 39 21 ber
535 523 37 27 jag
591 526 32 19 att
637 523 23 21 få
674 523 73 21 förena
763 523 42 26 mig
819 523 7 20 i
841 522 57 22 Herr

70 551 116 22 Sanmarks
208 551 78 27 förslag
312 551 72 22 derom
406 554 33 19 att
460 551 172 22 bestämmandet
656 551 24 22 af
700 551 66 24 tiden,
786 551 27 22 då
835 551 63 22 dessa

71 580 154 27 öfningsmöten
242 580 60 21 skola
318 580 92 27 vidtaga,
426 580 72 21 kunde
513 580 142 21 öfverlemnas
670 580 23 21 åt
712 579 136 28 inspektören
863 580 34 21 för

69 608 68 22 finska
153 611 121 24 trupperna.
304 609 42 27 Jag
354 609 88 21 veticke
458 615 34 15 om
509 609 36 22 det
557 611 25 19 är
597 609 73 27 nödigt
686 611 32 19 att
734 609 89 20 besvära
833 615 64 20 gene-

69 638 165 26 ralguvernören
258 638 47 21 med
320 644 26 15 en
362 637 65 22 sådan
446 638 134 27 detaljfråga,
596 644 45 15 som
657 640 32 19 att
705 637 118 22 bestämma
837 637 59 22 tiden

69 666 33 21 för
117 668 30 19 ett
163 667 148 26 öfningsmöte,
327 669 50 18 utan
394 666 41 21 kan
451 667 77 21 sådant
544 667 123 26 lämpligast
682 666 82 21 lemnas
778 667 23 20 åt
811 665 85 27 inspek-

69 697 68 24 tören,
159 695 65 21 sedan
247 695 37 21 det
305 695 69 21 blifvit
389 695 6 21 i
411 695 61 26 lagen
496 695 109 22 bestämdt
623 697 32 19 att
670 695 62 21 dessa
748 696 70 19 möten
834 694 62 22 skola

69 723 68 22 hållas
152 724 28 27 på
195 723 56 22 vissa
266 723 55 22 tider
336 723 39 22 och
391 724 54 21 huru
460 723 52 28 lång
526 724 32 21 tid
573 724 27 21 de
615 724 53 21 böra
684 723 96 22 omfatta.

137 769 58 22 Herr
208 769 84 22 Julin:
322 769 42 28 Jag
378 769 39 22 ber
431 771 32 20 att
479 769 21 22 få
515 770 74 21 förena
602 770 43 27 mig
654 769 49 22 med
713 769 25 22 de
750 769 87 26 Herrar,
848 775 46 15 som

69 798 63 21 hafva
153 798 64 27 yrkat
239 798 27 27 på
280 799 122 21 återremiss
417 798 24 21 af
455 799 70 21 denna
541 799 102 26 paragraf
656 798 34 21 för
704 800 33 19 att
752 797 143 27 omredigeras

69 827 24 21 så
115 827 57 21 klart
194 827 39 21 och
248 827 78 27 tydligt
340 833 46 16 som
402 827 83 27 möjligt
501 829 31 23 är,
548 827 6 21 i
571 827 36 21 det
622 827 54 28 syfte
691 829 33 18 att
740 826 155 27 öfningsmöten

69 855 140 28 ovilkorligen
231 856 67 21 under
321 856 71 26 hvarje
415 855 24 22 år
453 855 24 22 af
490 862 110 15 reservens
616 855 109 28 tjenstetid
742 855 25 22 de
782 857 33 19 tre
829 855 67 21 första

67 885 53 20 åren
142 883 61 22 skola
218 884 74 21 hållas.
322 885 65 21 Detta
408 885 24 21 så
447 885 86 26 mycket
553 891 45 15 mer
613 891 45 14 som
674 884 36 21 det
725 884 23 21 af
761 885 13 25 &
792 885 25 20 18
832 884 7 20 i
855 883 41 22 den

68 913 78 26 nådiga
166 913 160 27 propositionen
348 913 93 27 framgår
464 915 33 20 att
513 913 36 22 det
564 913 47 21 icke
626 913 40 21 har
680 913 55 20 varit
750 912 144 27 Regeringens

69 941 85 27 mening
169 943 33 20 att
217 941 81 22 sådana
313 941 154 28 öfningsmöten
491 942 49 21 med
563 948 98 15 reserven
677 941 61 22 skola
753 941 74 25 hållas,
844 942 51 20 utan

68 972 33 19 att
117 970 36 21 det
167 969 46 22 helt
228 970 39 21 och
283 970 67 22 hållet
365 971 55 20 skall
435 970 51 22 bero
502 971 29 26 på
545 971 230 26 generalguvernörens
790 969 106 27 godtycke

68 1005 35 14 om
118 1005 99 15 reserven
241 999 53 21 skall
317 999 166 22 sammankallas
501 999 52 21 eller
569 999 53 26 icke,
639 999 80 21 hvilket
734 998 81 22 således
827 997 68 28 gifver

68 1027 105 21 tillkänna
193 1029 31 20 att
246 1034 49 15 man
317 1028 47 21 icke
386 1028 40 21 har
448 1027 63 22 tänkt
534 1028 31 27 sig
581 1030 32 19 att
629 1028 48 21 öfva
696 1033 105 15 reserven.
832 1026 62 22 Hvad

67 1055 145 27 öfningstiden
235 1056 108 27 beträffar,
366 1057 25 20 så
412 1063 62 15 anser
487 1057 37 26 jag
547 1056 48 22 icke
610 1056 67 21 heller
692 1056 48 21 skäl
755 1061 50 16 vara
821 1057 32 20 att
867 1055 28 26 gå

67 1084 84 21 utöfver
167 1085 26 20 de
207 1084 23 21 af
243 1085 112 22 Utskottet
370 1085 123 26 föreslagna
507 1085 62 22 nittio
586 1085 94 26 dagarna
696 1085 40 20 och
751 1084 86 21 förenar
851 1084 44 27 mig

66 1113 128 50 oi
216 1113 104 22 Sanmark
343 1113 133 22 beträffande
493 1113 40 22 den
549 1113 129 28 myndighet,
693 1119 45 16 som
755 1113 38 21 bör
808 1112 86 22 utfärda

82 1147 93 16 allelsen.

136 1187 57 22 Herr
208 1187 133 27 Krogius:
372 1188 33 21 Dä
417 1187 37 28 jag
470 1189 25 20 är
510 1187 49 22 fullt
572 1187 124 28 öfvertygad
708 1193 34 16 om
754 1189 32 20 att
796 1193 98 15 reserven

67 1216 68 21 under
150 1216 37 21 det
201 1216 67 21 första
284 1216 52 25 äret,
353 1217 27 20 dä
395 1216 126 26 manskapet
541 1217 72 20 träder
627 1216 7 21 i
650 1216 93 26 lederna,
758 1217 24 20 är
796 1215 98 22 fullkom-

67 1245 40 27 ligt
121 1245 105 27 okannigt
241 1252 34 14 om
292 1245 39 21 allt
346 1245 56 21 hvad
418 1245 99 27 disciplin
533 1245 67 25 heter,
607 1245 25 22 sä
641 1245 93 27 föreslog
742 1245 37 27 jag
790 1250 24 16 en
821 1244 74 27 längre

67 1274 110 26 tienstetid
200 1276 27 19 än
243 1274 112 22 Utskottet
370 1274 6 21 i
392 1274 38 21 sitt
452 1274 137 21 betänkande
610 1274 39 22 har
664 1274 118 26 föreslagit.
812 1273 33 21 Då
858 1273 37 27 jag

66 1302 119 22 emellertid
200 1309 28 15 nu
244 1302 40 22 har
298 1303 70 21 funnit
382 1305 33 19 att
430 1302 71 22 denna
511 1302 73 27 längre
594 1302 110 28 tjenstetid
714 1302 105 28 betydligt
826 1301 69 22 skulle

66 1330 86 28 fördyra
167 1331 122 21 införandet
304 1331 24 22 af
341 1331 148 27 värnepligten
505 1331 39 21 och
558 1331 108 21 dessutom
676 1331 47 21 icke
736 1331 75 21 vunnit
819 1330 75 22 under-

66 1360 56 25 stöd,
137 1359 25 22 sä
177 1360 37 21 vill
226 1360 38 27 jag
278 1360 75 22 förena
368 1360 43 26 mig
426 1360 48 21 med
491 1360 56 21 Herr
561 1360 95 22 Höckert
672 1359 69 22 deruti
756 1362 33 18 att
802 1359 92 27 öfnings-

66 1390 87 19 mötena
175 1388 53 22 böra
249 1388 69 22 hällas
340 1388 68 22 första
423 1388 47 22 äret
485 1389 7 21 i
508 1394 37 16 sex
560 1389 78 21 veckor
652 1388 41 22 och
708 1388 27 22 de
751 1388 35 22 tvä
801 1388 93 27 följande

65 1418 51 20 ären
133 1417 7 21 i
156 1418 33 20 tre
204 1417 78 21 veckor
296 1417 112 22 hvardera.

135 1462 56 23 Herr
207 1464 25 21 E.
240 1463 102 28 Bergh:
370 1464 42 26 Jag
427 1466 35 20 vet
478 1463 47 22 icke
541 1470 34 15 om
591 1464 37 21 det
643 1464 41 21 blir
698 1465 44 19 rätt
750 1463 98 28 lämpligt
862 1464 33 20 att

65 1491 126 27 bestämma,
207 1492 71 22 säsom
293 1492 57 22 Herr
364 1492 97 22 Höckert
476 1492 100 28 föreslog,
587 1492 33 22 för
628 1492 36 22 det
672 1492 68 22 första
746 1492 47 22 äret
801 1492 93 27 öfnings-
