1078 1781
272 112 180 22 Borgareståndet
468 113 54 18 1877.
547 113 24 17 15
583 113 118 17 December.
840 106 56 22 2399

69 182 84 21 således
173 182 32 21 till
226 182 24 27 $$
272 182 34 26 35,
322 182 26 21 36
372 181 40 22 och
427 182 35 21 37.
493 182 40 22 Om
550 182 41 21 han
607 181 64 27 gifter
684 181 39 27 sig,
739 181 25 22 så
779 183 24 20 är
818 181 37 22 det
870 188 26 15 en

69 211 124 26 förändring
213 210 8 21 i
236 211 53 20 hans
312 210 191 27 lefnadsställning,
528 217 47 15 men
598 210 47 22 icke
667 211 6 20 i
690 210 52 21 hans
764 209 133 23 förhållande

69 239 33 21 till
124 239 102 27 familjen.
259 239 74 22 Under
354 239 54 21 hans
431 239 112 24 tjenstetid
569 239 41 21 kan
636 239 53 21 hans
712 238 185 27 lefnadsställning

70 267 64 22 blifva
156 267 122 22 förändrad.
308 268 44 21 Det
371 268 96 21 inträder
485 267 235 28 familjeförhållanden,
736 273 45 16 som
797 269 52 24 göra
864 270 33 18 att

70 297 42 20 han
134 296 79 22 önskar
231 296 87 21 utträda
339 303 25 14 ur
379 297 147 25 kasernlifvet;
543 296 39 21 och
599 296 27 21 då
642 297 40 20 han
698 296 41 21 kan
755 297 56 20 sätta
827 302 69 15 annan

72 331 49 15 man
126 320 13 37 i
159 325 38 21 sitt
211 325 62 21 ställe
294 325 40 21 och
353 331 49 15 man
418 325 90 22 sålunda
523 325 34 21 får
571 325 37 22 två
623 325 74 21 öfvade
712 325 8 20 i
734 324 73 22 stället
821 324 34 22 för
870 331 26 14 en

70 353 25 22 så
109 353 40 22 bör
165 353 36 22 det
216 353 34 22 väl
265 354 72 21 kunna
352 353 117 27 medgifvas
485 354 84 21 honom.
599 354 42 26 Jag
655 353 40 21 har
710 354 70 26 utgått
795 353 46 21 från
856 353 41 21 den

70 383 113 26 synpunkt,
203 388 46 15 som
270 382 62 21 äfven
347 383 59 20 delas
422 383 23 20 af
459 382 52 22 flere
526 383 73 25 andra,
616 384 32 19 att
664 382 104 26 nemligen
784 388 25 15 en
825 382 73 21 tvåårs

70 411 112 27 tjenstetid
205 411 40 21 bör
265 417 52 15 vara
339 411 49 21 fullt
404 411 117 27 tillräcklig
536 411 34 21 för
585 413 31 19 att
632 411 82 20 utbilda
730 413 30 18 ett
776 411 33 20 väl
825 410 72 21 öfvadt

71 440 103 27 manskap
199 439 40 22 och
260 440 28 21 då
311 439 83 22 således
409 446 26 15 en
450 446 78 21 person
549 440 123 27 tjenstgjort
689 439 45 26 11/,
751 439 29 26 är,
796 439 24 21 sä
835 439 62 21 torde

71 468 53 21 hans
142 468 168 27 krigsduglighet
331 469 47 21 icke
399 468 87 27 förlora,
503 475 34 15 om
553 469 42 20 han
611 469 28 20 dä
653 468 33 21 får
700 468 86 21 utträda
801 474 26 15 ur
841 467 56 22 akti-

70 503 47 15 ven.
142 497 56 22 Herr
209 496 85 27 Öhberg
304 497 38 21 har
352 499 72 19 ansett
433 500 33 19 att
477 498 36 21 det
523 497 68 21 skulle
601 497 149 21 åstadkomma
760 496 139 22 trakasserier

71 526 41 21 och
130 525 138 27 svärigheter,
288 532 34 15 om
338 532 26 15 en
380 525 87 23 alldeles
483 526 77 21 oöfvad
576 525 69 22 skulle
660 525 22 21 fä
696 525 84 22 inträda
795 525 35 21 vid
845 525 53 21 hälf-

71 557 37 18 ten
128 554 23 21 af
169 555 36 20 det
220 555 66 20 andra
302 554 51 21 äret.
385 554 42 21 Det
442 555 42 21 kan
497 555 38 26 jag
551 554 54 21 dock
621 554 18 27 ej
656 557 40 18 tro.
725 554 34 21 Dä
774 560 47 15 man
838 554 5 21 i
859 554 39 21 all-

71 583 86 21 mänhet
173 589 61 15 anser
250 585 32 19 att
296 583 175 27 kadersystemet,
487 583 66 26 enligt
563 583 81 21 hvilket
652 585 89 24 truppen
752 583 32 20 för
794 582 104 22 ställande

71 611 29 27 pä
119 612 91 26 krigsfot
228 612 154 27 kompletteras
399 612 48 21 med
464 612 83 21 mindre
565 612 74 21 öfvadt
653 611 108 27 manskap,
778 613 23 19 är
816 611 81 27 ganska

71 640 97 27 lämpligt
189 641 33 20 för
245 641 53 26 krig,
313 641 24 20 sä
352 640 66 21 borde
433 641 37 20 det
490 641 35 20 väl
541 641 81 24 ganska
637 640 41 21 lätt
693 640 43 21 läta
751 642 52 24 göra
817 640 32 26 sig
864 642 34 19 att

71 669 7 20 i
94 669 87 21 fredstid
198 669 90 21 insticka
302 669 67 26 nägra
384 669 90 21 oöfvade
490 669 6 21 i
513 669 112 21 kadrerna.
652 669 41 25 Jag
708 671 46 18 tror
769 671 31 18 att
815 669 26 20 de
857 674 41 21 nog

71 697 81 28 hastigt
167 698 60 21 skola
242 699 57 20 sätta
315 698 31 26 sig
362 698 21 21 in
403 698 3 21 i
421 698 66 21 saken
508 698 40 21 och
565 698 72 21 kunna
651 698 51 27 följa
717 697 49 21 med
781 697 26 21 de
823 697 75 27 öfriga.

72 726 81 21 Genom
176 729 31 18 ett
222 726 90 22 anständ
334 728 25 19 är
375 733 49 14 man
439 727 7 21 i
462 727 61 21 detta
538 727 36 20 fall
589 727 48 21 icke
652 726 73 27 hjälpt,
739 728 23 24 ty
777 725 121 28 antagligen

71 755 85 21 komme
180 755 36 21 det
238 757 32 20 att
289 755 51 21 falla
355 755 32 27 sig
402 757 57 19 ännu
475 755 86 22 svärare
577 757 34 19 att
626 755 53 21 efter
694 755 66 27 nägra
775 755 24 20 är
814 754 84 21 inträda

71 789 46 16 som
133 784 65 21 aktiv.

141 841 56 21 Herr
240 841 104 26 Öhberg:
375 841 74 21 Redan
467 841 27 21 dä
511 841 42 25 det,
570 841 33 21 för
619 842 31 20 att
661 840 44 22 låta
719 841 26 20 de
756 840 71 21 aktiva
839 842 59 25 trup-

72 875 67 21 perna
154 870 66 20 svälla
235 872 24 19 ut
274 869 31 21 till
321 869 167 27 krigsnumerär,
504 869 68 28 gäller
587 872 32 18 att
635 869 141 27 komplettera
791 869 47 21 dem
849 869 50 21 med

72 899 59 26 ringa
151 898 71 21 öfvadt
240 898 109 27 manskap,
369 899 24 20 sä
411 898 39 21 har
466 899 37 20 det
518 899 47 20 sina
581 898 131 27 svärigheter
727 900 33 19 att
774 898 55 27 änyo
844 904 55 20 upp-

72 927 52 21 lifva
145 927 26 21 de
191 927 102 26 öfningar,
312 933 44 15 som
374 927 57 21 förut
447 927 70 21 blifvit
532 927 81 27 gjorda.
642 927 49 21 Men
707 927 95 21 kommer
817 933 26 14 en
859 927 41 20 all-

73 955 58 22 deles
154 955 94 27 okunnig
270 955 53 27 med,
345 955 24 22 sä
384 958 24 19 är
423 955 42 21 han
482 956 7 21 i
512 955 63 22 ständ
591 957 33 20 att
638 955 78 22 trassla
737 956 48 21 bort
807 955 43 21 alla
872 955 28 21 de

73 984 103 27 Ofningar,
201 990 44 15 som
269 985 67 20 redan
354 984 68 21 blifvit
437 984 91 21 inlärda.
560 984 65 21 Detta
640 986 46 19 tror
698 984 37 27 jag
750 984 87 26 enhvar,
853 990 45 15 som

73 1013 65 26 nägot
153 1013 55 21 varit
223 1013 48 21 med
286 1019 34 15 om
336 1013 99 26 öfningar
451 1013 22 20 af
488 1015 33 19 ett
535 1013 53 20 eller
600 1015 66 19 annat
676 1013 51 26 slag,
739 1013 68 21 mäste
817 1013 82 26 medge.

73 1041 41 26 Jag
132 1041 39 21 har
189 1041 67 27 tjenat
271 1041 34 21 vid
321 1041 99 27 frivilliga
436 1041 136 22 brandkären
588 1042 7 20 i
611 1041 131 28 Helsingfors
758 1041 39 21 och
812 1041 42 21 kan
869 1042 30 19 in-

73 1072 52 25 tyga
139 1073 32 18 att
187 1071 69 20 denna
272 1073 42 18 sett
326 1070 30 27 sig
370 1070 111 21 nödsakad
492 1072 33 19 att
536 1070 107 27 uppställa
654 1072 31 19 ett
695 1070 101 21 särskildt
807 1069 91 27 öfnings-

73 1098 108 27 kompani,
195 1099 44 26 just
255 1099 88 21 emedan
359 1099 37 20 det
411 1099 72 20 städse
497 1099 72 21 visade
585 1099 33 27 sig
633 1101 32 18 att
676 1099 106 26 okunniga
792 1104 106 19 personer,

73 1133 45 16 som
141 1127 84 27 nyligen
247 1127 81 22 inträdt
343 1127 7 21 i
366 1128 73 23 kären,
462 1127 83 21 kunnat
568 1127 45 21 helt
631 1127 39 21 och
686 1127 65 22 hället
766 1127 92 21 förstöra
873 1127 27 20 de

72 1156 71 21 äldres
159 1155 102 27 öfningar.
277 1169 28 2 —
320 1156 34 21 Då
366 1156 38 27 jag
420 1158 73 19 senast
509 1156 55 21 hade
581 1156 61 21 ordet
656 1156 84 26 glömde
754 1156 36 27 jag
805 1158 32 19 att
848 1157 51 25 säga

71 1186 34 19 att
123 1191 35 15 om
181 1185 40 21 den
237 1185 70 21 aktive
322 1184 36 21 vill
380 1185 52 26 gifta
453 1185 39 26 sig,
514 1185 23 20 sä
553 1185 42 21 kan
611 1185 41 20 han
668 1187 48 24 taga
731 1184 125 27 permission
872 1184 27 27 pä

71 1215 34 19 tre
126 1214 101 20 mänader
249 1213 39 22 och
304 1213 106 22 derunder
426 1213 23 21 sä
466 1213 66 21 ställa
547 1213 47 22 sina
609 1213 83 26 affärer,
708 1215 32 20 att
755 1213 52 22 hans
822 1212 78 22 hustru

71 1242 122 22 sedermera
211 1243 42 20 kan
268 1242 63 22 sköta
346 1242 55 22 dem.

141 1300 56 21 Herr
212 1300 25 21 E.
252 1299 116 27 Bergh:
398 1299 42 27 Jag
455 1300 41 21 har
512 1300 46 21 icke
573 1299 64 22 afsett
650 1301 32 19 att
697 1300 40 20 den
752 1305 84 21 person,
853 1305 45 15 som

71 1328 69 22 skulle
161 1328 84 21 inträda
260 1328 6 21 i
282 1328 78 26 stället,
379 1328 69 22 skulle
472 1334 52 16 vara
547 1328 44 22 helt
611 1328 39 22 och
666 1328 65 21 hållet
746 1328 83 21 oöfvad.
858 1328 41 26 Jag

70 1356 41 22 har
126 1357 110 26 föreslagit
251 1359 32 19 att
298 1357 42 21 han
355 1357 55 21 skall
427 1364 52 14 vara
495 1356 25 22 af
533 1363 82 15 samma
629 1357 129 21 åldersklass
771 1357 40 21 och
823 1356 26 22 dä
860 1356 42 22 har:

70 1385 43 22 ban
134 1386 24 26 ju
180 1386 70 21 säsom
271 1392 121 14 reservman
413 1386 58 26 gjort
493 1392 82 15 samma
596 1386 102 26 öfningar,
722 1392 46 14 som
784 1385 42 22 alla
845 1385 55 21 hans

69 1414 120 28 jemnäriga
204 1414 39 21 och
259 1414 96 22 kommer
370 1414 90 22 sälunda
477 1414 23 21 in
515 1415 6 20 i
534 1414 73 22 aktiva
622 1418 90 24 truppen
728 1414 55 21 efter
798 1416 37 23 ett,
847 1413 52 27 möj-

71 1443 57 27 ligen
151 1444 42 24 två,
216 1444 34 20 års
274 1442 80 27 öfning.
384 1443 44 21 För
450 1442 65 28 öfrigt
538 1444 73 26 tyckes
627 1443 55 21 Herr
697 1442 86 28 Öhberg
798 1445 49 23 taga
862 1442 37 21 det

70 1471 89 22 alldeles
183 1472 32 20 för
231 1472 40 20 lätt
286 1472 32 20 för
341 1478 102 20 personer
461 1472 25 21 af
502 1471 162 28 ifrågavarande
685 1471 159 21 samhällsklass
866 1473 33 19 att

70 1500 72 22 lemna
157 1500 38 22 sitt
210 1500 48 22 hem
270 1500 38 22 och
320 1500 46 22 sina
376 1500 188 28 angelägenheter.
581 1501 42 26 Jag
637 1502 45 20 tror
692 1503 32 19 att
735 1500 62 22 deras
810 1499 90 27 familje-
