1078 1781
318 117 179 21 Borgareståndet
509 118 58 17 1878.
590 118 13 16 2
615 117 93 17 Januari.
866 112 56 20 2675

95 186 253 28 stämpelpappersafgift.
377 187 29 22 Så
428 187 40 21 har
482 187 67 21 saken
565 186 22 21 af
600 186 139 22 medlemmar
754 186 23 21 af
790 186 132 22 Bondestån-

96 216 36 21 det
146 215 121 22 förklarats.
297 215 33 22 Då
344 215 36 28 jag
395 215 64 22 likväl
475 215 33 22 för
520 215 43 22 min
579 215 34 22 del
629 215 19 27 ej
661 215 85 21 fruktar
756 216 32 20 att
798 215 124 26 regeringen

94 245 47 21 icke
155 243 55 23 skall
225 244 96 26 begagna
336 244 32 27 sig
383 243 25 22 af
421 244 26 22 de
462 243 102 22 anvisade
579 243 89 24 medlen,
684 244 24 21 så
718 243 39 21 har
766 243 37 28 jag
813 243 109 27 ingenting

95 275 57 20 emot
167 275 33 19 att
214 272 90 23 Ståndet
318 272 85 22 förenar
418 272 31 27 sig
464 279 35 15 om
515 273 56 21 Herr
582 272 107 27 Procopés
701 271 80 28 förslag
791 274 32 19 att
833 271 89 28 inbjuda

95 302 27 21 de
136 301 68 27 öfriga
219 301 101 26 Stånden,
340 307 48 16 men
402 301 37 28 jag
453 303 46 20 tror
514 301 62 26 dock,
592 303 33 19 att
639 307 25 15 en
680 301 68 21 sådan
762 300 125 27 inbjudning
902 300 19 27 ej

94 330 59 22 leder
175 329 32 22 till
230 330 64 26 något
315 331 95 20 resultat.
441 331 44 22 Att,
501 329 70 22 såsom
587 330 56 21 Herr
658 329 84 28 Nybom
758 329 95 24 föreslår,
869 335 52 21 upp-

93 361 53 24 göra
163 358 140 27 bevillningen
318 359 55 21 efter
388 365 69 15 annan
473 359 75 26 grund,
564 358 54 22 låter
633 359 38 26 sig,
687 358 7 21 i
710 358 105 21 anseende
830 357 34 22 till
878 358 42 21 den

94 387 63 22 korta
177 387 134 22 återstående
335 387 59 22 tiden
411 387 34 22 för
459 387 142 27 landtdagens
616 387 96 26 arbeten,
727 387 47 21 icke
789 393 60 15 mera
862 388 58 25 göra.

163 444 55 21 Herr
240 444 150 27 Procopé:
421 444 70 22 Jemte
507 444 36 21 det
555 444 38 27 jag
608 450 106 21 upprepar
729 444 49 21 mitt
793 443 79 28 förslag
886 449 34 16 om

94 473 134 26 inbjudning,
242 472 50 21 ville
305 473 37 26 jag
357 474 57 20 ännu
430 473 78 22 föreslå
524 475 33 19 att
571 473 70 21 denna
653 473 61 26 fråga
724 473 81 21 lemnas
816 472 105 22 beroende

93 501 32 22 till
148 501 48 22 dess
212 507 48 15 man
276 501 40 22 fått
330 501 71 21 erfara
416 501 105 22 huruvida
535 501 84 22 Preste-
635 501 41 21 och
692 501 164 22 Bondestånden
871 501 49 27 ingå

93 531 28 26 på
134 529 161 28 inbjudningen.
326 530 82 25 Frågan
425 530 41 21 kan
483 530 61 21 äfven
559 530 22 21 få
596 530 32 21 sin
639 530 83 27 lösning
732 536 74 21 genom
818 529 103 27 förstärkt

93 558 95 25 Utskott,
205 565 47 15 men
269 559 26 20 då
311 559 35 20 två
362 559 67 21 Stånd
445 559 34 21 stå
495 563 44 17 mot
554 559 36 21 två
605 559 66 21 borde
682 559 34 20 väl
725 559 118 27 egentligen
854 559 66 21 saken

93 587 21 21 få
138 587 29 21 bli
183 587 34 21 vid
234 587 35 21 det
284 587 78 27 gamla,
378 587 98 22 hvarföre
489 588 37 27 jag
541 593 63 16 anser
619 587 36 22 det
670 593 51 16 vara
736 587 69 22 bättre
821 589 33 20 att
868 587 53 22 söka

93 622 75 21 genom
185 622 26 15 en
226 615 126 28 inbjudning
368 616 32 21 till
416 616 26 21 de
458 616 37 21 två
509 616 95 22 Stånden
621 616 21 21 få
657 616 65 21 saken
739 616 53 21 klar.

161 673 57 22 Herr
233 673 124 27 Nybom:
387 673 56 22 Före
459 673 80 22 medlet
553 673 24 22 af
589 673 61 22 detta
664 673 24 22 år
704 673 39 21 bör
758 673 69 22 denna
837 673 82 22 förord-

93 702 50 27 ning
166 708 51 15 vara
239 702 23 21 af
284 702 123 26 regeringen
423 702 159 26 sanktionerad,
599 708 47 15 men
662 702 56 21 inom
734 703 40 20 den
790 702 59 21 tiden
864 701 56 22 lärer

93 731 123 26 regeringen
239 731 82 26 knappt
343 730 65 21 hinna
426 733 96 24 uppgöra
544 730 79 27 förslag
638 731 33 21 för
685 730 69 22 finska
768 730 83 22 skolors
866 730 54 21 infö-

94 759 71 26 rande,
183 761 57 20 ännn
255 759 82 21 mindre
352 759 74 22 derom
441 759 90 22 besluta.
562 760 93 26 Antaget
670 761 32 20 att
718 759 124 33 regeringen
857 759 62 22 sank-

93 788 94 21 tionerar
207 787 341 33 stämpelpappersförordningen,
564 794 47 15 men
628 789 48 21 dess
691 788 70 21 beslut
776 788 7 21 i
798 776 121 38 skolfrågan

94 816 19 27 ej
128 816 41 21 blir
187 817 69 26 precis
271 817 76 21 sådant
362 817 160 21 Bondeståndet
538 817 57 21 velat
610 813 62 24 hafva
688 817 42 24 det,
747 817 53 20 huru
815 817 62 20 skola
892 816 27 22 då

93 845 26 21 de
142 845 112 27 uppburna
274 845 83 21 medlen
373 845 125 22 återbäras?
521 845 41 28 Jag
577 845 69 21 skulle
661 845 19 27 ej
696 845 50 27 vilja
761 846 27 25 på
803 845 59 24 detta
876 847 43 20 sätt

93 873 81 22 riskera
191 873 48 22 hela
254 873 68 22 denna
337 874 134 27 förordning;
495 874 125 27 regeringen
631 874 53 21 skall
696 874 17 26 ej
725 875 71 20 kunna
805 874 113 27 godkänna

94 902 40 21 den
150 903 47 20 med
214 905 31 18 ett
259 903 78 20 sådant
352 902 75 22 vilkor.
458 903 137 21 Beträffande
611 902 150 28 omöjligheten
777 905 32 19 att
824 904 94 25 uppgöra

94 937 68 15 annan
185 931 69 26 grund
277 931 33 21 för
332 931 150 27 bevillningen,
505 932 24 21 så
552 933 24 20 är
591 937 96 16 summan
703 931 6 21 i
726 931 60 26 fråga
801 931 17 26 ej
835 931 24 21 så
874 933 45 19 stor

93 961 32 20 att
140 960 40 21 den
197 959 18 27 ej
231 959 28 28 på
273 962 65 19 annat
353 962 43 19 sätt
412 960 39 21 bör
466 960 72 21 kunna
553 959 119 27 anskaffas;
694 960 39 21 och
749 966 33 15 om
794 959 124 28 regeringen

92 987 66 22 fäster
173 988 43 26 vigt
232 989 34 20 vid
282 989 68 20 denna
366 989 67 26 afgift,
449 990 25 20 så
489 989 42 21 kan
547 989 42 21 hon
605 989 18 26 ej
639 989 89 26 upplösa
744 988 127 27 landtdagen
886 989 32 20 in-

92 1023 41 15 nan
156 1017 26 21 de
204 1017 23 21 af
240 1017 69 21 henne
324 1017 64 27 nödig
403 1017 96 22 ansedda
514 1017 83 22 medlen
613 1019 37 20 äro
666 1017 107 21 voterade.
803 1017 69 21 Anser
887 1017 31 26 sig

91 1045 124 27 regeringen
238 1045 53 22 böra
313 1045 59 22 förut
394 1047 90 26 upplösa
500 1046 136 27 landtdagen,
652 1046 24 21 så
691 1046 38 21 har
745 1046 34 21 väl
794 1046 123 26 regeringen

91 1080 54 21 egna
167 1074 68 21 medel
257 1076 32 19 att
311 1075 114 26 disponera
447 1075 65 21 öfver.
542 1074 75 27 Någon
633 1074 125 27 inbjudning
773 1080 61 15 anser
847 1074 36 27 jag
898 1075 19 26 ej

91 1103 53 20 böra
159 1102 45 27 ske,
220 1103 88 21 emedan
321 1103 36 22 det
372 1103 34 21 väl
422 1105 24 19 är
461 1103 7 21 i
483 1103 77 27 högsta
575 1103 68 22 måtto
659 1103 107 21 sannolikt
781 1105 32 19 att
823 1103 94 21 hvarken

91 1131 80 21 Preste-
194 1131 52 22 eller
267 1132 161 21 Bondeståndet
450 1132 61 21 skola
534 1131 76 27 frångå
632 1132 46 21 sina
702 1132 69 21 beslut
792 1131 7 22 i
815 1138 26 15 en
857 1131 60 27 fråga

91 1159 21 22 af
126 1160 69 21 denna
211 1162 39 19 art.
280 1160 32 21 En
328 1161 126 26 inbjudning
469 1160 69 22 skulle
554 1160 55 22 blott
624 1160 96 22 medföra
736 1160 126 24 tidsförlust,
877 1160 40 21 och

87 1188 38 27 jag
147 1195 63 14 anser
232 1189 71 21 derför
317 1189 66 21 saken
398 1189 53 22 böra
466 1189 22 22 få
504 1189 28 21 ha
547 1189 32 22 sin
595 1190 6 20 i
617 1190 14 31 $
645 1190 25 21 72
687 1188 229 27 landtdagsordningen

90 1217 111 21 bestämda
223 1218 61 26 gång.
313 1217 49 22 Kan
384 1218 205 27 sammanjemkning
612 1218 19 32 ej
646 1218 165 33 åstadkommas,
827 1217 24 21 så
865 1217 52 21 hän-

89 1245 82 28 skjutes
186 1245 64 23 saken
266 1246 33 21 till
315 1246 104 22 förstärkt
434 1246 97 26 Utskott,
547 1247 39 21 och
602 1246 74 35 vinnes
692 1247 18 27 ej
726 1246 67 22 heller
803 1246 38 22 der
851 1246 65 22 resul-

89 1277 39 24 tat,
143 1275 24 21 så
183 1275 66 21 måste
265 1281 41 21 nya
320 1276 94 26 grunder
429 1275 99 22 utfinnas.

158 1332 55 22 Herr
228 1332 113 22 Kurtén:
372 1332 11 22 I
393 1332 121 22 hufvudsak
527 1332 116 22 förenande
653 1333 43 26 mig
706 1332 48 22 med
767 1332 56 22 Herr
833 1331 83 29 Nybom

88 1361 42 21 kan
151 1361 38 27 jag
211 1361 54 21 dock
287 1361 47 22 icke
352 1361 75 22 förena
443 1362 42 26 mig
502 1362 6 20 i
524 1362 55 20 hans
594 1361 40 21 och
649 1362 67 20 andra
731 1361 149 21 medlemmars
895 1360 22 22 af

88 1390 59 21 detta
172 1390 66 21 Stånd
260 1390 110 22 uttalande
392 1392 34 19 att
446 1390 239 27 Bevillningsutskottet
707 1390 69 21 skulle
791 1389 27 22 ba
833 1389 83 22 förfarit

89 1418 80 26 riktigt.
199 1419 42 27 Jag
264 1419 42 21 kan
330 1419 18 27 ej
372 1425 50 15 anse
445 1421 34 19 att
499 1421 31 19 ett
545 1419 90 21 Utskott
653 1418 67 22 förfar
734 1418 81 27 riktigt,
831 1424 33 15 om
880 1418 36 21 det

87 1446 90 22 föreslår
200 1448 70 26 något,
292 1454 46 14 som
360 1450 25 19 är
408 1448 97 26 omöjligt
520 1450 34 19 att
568 1447 131 27 genomföra,
714 1447 60 21 äfven
791 1453 34 15 om
841 1447 36 21 det
892 1448 24 19 är

87 1475 58 22 förut
165 1475 23 22 af
208 1476 36 21 två
264 1476 66 21 Stånd
354 1476 39 22 och
416 1476 112 22 Utskottet
549 1476 58 27 sjelft
622 1476 99 22 beslutat.
750 1476 38 21 Om
805 1475 111 22 Utskottet

87 1510 27 15 en
132 1504 55 28 gång
203 1504 89 22 kommit
308 1504 31 22 till
356 1505 40 21 den
412 1504 143 29 öfvertygelse
570 1507 33 19 att
617 1504 101 28 förslaget
733 1507 24 19 är
773 1504 96 28 omöjligt
883 1506 32 20 att
