1078 1781
168 101 58 21 2416
363 104 180 22 Borgareståndet
555 106 55 18 1877.
636 106 22 17 15
671 106 126 18 December,

170 174 67 21 finnes
254 174 54 21 dock
324 174 88 21 nämndt
434 174 54 21 huru
504 174 48 21 med
569 174 60 22 desse
645 174 133 22 sistnämnde
794 180 102 21 personer
910 174 90 22 förfaras

171 203 61 26 skall,
255 203 105 26 nemligen
384 203 24 21 så
430 205 32 19 att
477 209 25 15 en
526 209 69 15 annan
611 203 69 21 måste
696 203 86 21 inträda
797 203 6 20 i
819 203 71 22 stället
905 203 33 22 för
953 203 47 24 den,

170 238 45 15 som
239 231 48 22 från
310 231 119 27 lottningen
452 231 127 22 förfallolöst
604 231 116 22 uteblifvit.
760 232 67 21 Dessa
851 232 49 26 ingå
917 232 83 21 således

171 261 64 20 redan
252 260 7 21 i
274 260 162 27 bestämningen
452 261 5 20 i
474 260 11 27 $
501 261 33 20 80.
565 261 41 25 Jag
621 261 65 26 yrkar
702 260 85 21 derföre
802 262 31 19 att
853 261 65 21 orden
935 277 6 8 ,
949 260 51 22 eller

169 289 34 21 för
219 289 54 26 dem,
288 295 44 15 som
349 289 47 21 från
412 289 108 26 uppbådet
535 289 129 21 förfallolöst
679 288 118 22 uteblifvit*
809 289 111 26 uteslutas,
930 289 70 21 såsom

169 318 93 26 onödiga
278 317 40 22 och
334 318 76 21 endast
426 317 118 27 utgörande
560 320 31 19 ett
607 317 143 28 tautologiskt
765 318 136 26 upprepande
912 318 23 21 af
944 318 56 21 hvad

171 353 45 14 som
232 347 66 20 redan
314 346 58 21 förut
388 345 69 22 blifvit
473 347 68 26 sagdt.

240 404 57 21 Herr
312 403 129 27 Procopé:
472 403 43 26 Jag
540 403 87 26 medger
648 405 33 19 att
704 403 60 22 detta
787 403 85 27 uttryck
888 403 76 22 endast
978 403 24 21 af

171 431 135 22 förbiseende
322 432 40 21 fått
378 432 92 27 qvarstå.
501 432 33 21 Då
557 431 111 22 Utskottet
684 432 5 20 i
706 432 13 27 &
735 432 29 21 80
779 431 83 22 införde
878 433 70 20 denna
963 432 38 21 be-

172 461 113 26 stämning,
301 460 24 21 så
341 460 44 21 blef
399 460 23 21 af
435 460 134 22 förbiseende
593 461 138 26 qvarlemnad
748 466 81 15 samma
844 461 134 26 bestämning
994 461 7 20 i

170 489 71 22 denna
257 489 13 27 $
286 489 34 22 82.

241 545 49 22 Med
314 546 114 26 anledning
450 546 24 21 af
495 546 68 21 denna
587 546 120 21 diskussion
730 545 125 22 framstälde
870 546 56 21 Herr
942 545 16 22 T
967 546 34 21 al-

173 580 102 15 mannen
314 574 93 27 följande

243 632 189 27 Proposition:
463 632 38 25 De,
527 638 45 15 som
587 632 114 27 godkänna
716 633 11 24 8
744 633 33 24 82,
798 638 61 15 svara
871 632 39 27 ja;
926 632 76 21 vinner

172 661 49 26 nej,
237 667 62 15 anses
315 661 35 26 S:n
367 661 98 26 godkänd
483 661 46 20 med
545 661 136 21 uteslutande
696 661 23 21 af
734 661 66 21 orden
817 661 65 24 ,eller
897 661 33 21 för
946 661 54 25 dem,

171 695 47 16 som
234 689 47 22 från
296 689 110 27 uppbädet
421 689 126 21 förfallolöst
562 689 127 22 uteblifvit.”

242 746 164 27 Propositionen
422 746 127 22 besvarades
565 747 48 20 med
629 747 51 26 nej.

244 803 69 29 8:83.
344 803 144 22 Momentet
504 805 10 20 1
531 803 130 27 godkändes.

492 889 156 22 Momentet
662 890 20 20 2.

243 947 57 21 Herr
315 947 21 21 S.
352 947 153 26 Björkstén:
541 947 33 20 Då
595 947 65 26 enligt
683 946 103 22 Ständets
808 946 70 22 beslut
900 947 11 27 $
934 949 13 18 8
963 947 39 21 har

174 976 76 26 utgätt,
266 976 24 20 sä
304 981 63 21 synes
383 975 36 21 det
434 981 51 16 vara
500 975 75 27 nödigt
590 977 32 20 att
637 975 39 21 här
692 975 119 21 bestämma
827 977 32 19 att
874 975 60 21 detta
944 975 58 21 stad-

172 1004 70 26 gande
259 1004 61 21 äfven
336 1003 67 28 gäller
419 1003 24 22 de
459 1010 108 20 personer,
583 1010 46 15 som
645 1004 67 21 under
728 1004 37 21 det
784 1004 132 26 kalenderär,
934 1004 26 21 dä
976 1004 26 21 de

174 1033 56 20 varit
252 1033 86 26 uppbåd
362 1032 162 25 underkastade,
547 1032 103 27 utflyttat,
673 1032 39 22 och
737 1032 96 22 anhåller
851 1033 37 26 jag
902 1033 7 20 i
925 1033 77 20 sådant

172 1061 102 22 afseende
290 1067 34 15 om
340 1061 121 22 återremiss
477 1061 22 21 af
513 1061 70 22 denna
597 1061 18 28 $.

243 1119 57 20 Herr
314 1118 92 21 Julin:
437 1119 96 20 Emedan
555 1119 182 26 Borgareständet
760 1124 74 21 genom
862 1118 140 27 utstrykande

173 1146 24 21 af
211 1147 12 27 $
239 1147 13 20 8
275 1147 90 27 upphäft
387 1147 99 21 förbudet
509 1154 34 15 om
566 1147 130 27 utflyttning,
720 1147 24 21 sä
760 1153 62 15 anser
835 1147 37 27 jag
888 1149 32 20 att
935 1147 68 22 andra

174 1177 118 20 momentet
308 1176 22 21 af
343 1176 138 21 förevarande
497 1178 10 25 &
524 1177 34 20 mä
573 1176 46 21 helt
634 1175 40 22 och
689 1175 68 22 hållet
773 1176 111 21 uteslutas.

244 1233 57 21 Herr
316 1233 147 26 Lindberg:
493 1233 40 27 Jag
552 1239 62 15 anser
637 1235 32 19 att
684 1233 47 21 från
751 1234 60 21 detta
827 1235 93 20 moment
935 1233 67 21 borde

175 1262 26 21 de
216 1262 49 21 med
280 1261 88 27 spärrad
391 1262 35 21 stil
449 1262 83 27 tryckta
555 1262 76 21 orden:
654 1262 57 26 ,före
736 1262 36 21 det
787 1262 132 25 kalenderår,
935 1262 68 21 under

175 1290 82 21 hvilket
272 1290 42 21 han
331 1290 54 21 varit
400 1290 85 27 uppbåd
500 1290 157 22 underkastad"
674 1290 60 28 utgå,
758 1290 87 22 emedan
862 1291 36 21 det
913 1292 24 20 är
950 1290 52 22 obil-

175 1319 40 27 ligt
234 1320 33 20 att
290 1325 25 15 en
338 1325 76 21 person
437 1319 54 21 skall
513 1319 114 27 undslippa
647 1319 127 27 värnepligt,
790 1320 75 20 medan
879 1320 42 21 han
937 1320 67 26 några

175 1348 24 20 år
215 1348 56 21 varit
286 1348 46 21 från
348 1347 72 22 landet
435 1348 100 21 bortrest.

244 1405 57 21 Herr
316 1405 135 21 Boström:
481 1402 66 24 Äfven
568 1405 37 27 jag
627 1411 63 15 anser
714 1405 38 21 det
774 1411 51 16 vara
842 1405 106 27 tiilfyllest
964 1405 40 21 och

176 1433 231 21 Ofverensstämmande
429 1434 48 20 med
500 1434 92 21 beslutet
607 1434 6 21 i
629 1434 13 26 &
665 1435 19 25 8,
706 1436 34 19 att
763 1434 25 21 de
812 1434 48 21 med
880 1434 72 21 kursiv
967 1434 37 21 stil

175 1462 86 27 tryckta
276 1463 66 21 orden
358 1462 58 27 utgå.
446 1462 127 26 Derigenom
589 1462 97 22 kommer
704 1462 63 22 äfven
783 1463 68 21 denna
867 1462 12 27 $
895 1463 6 21 i
916 1462 88 22 konfor-

176 1491 52 21 mit&
251 1490 48 22 med
322 1491 40 21 den
384 1490 100 28 följande,
507 1491 38 21 der
561 1491 36 21 det
611 1493 25 19 är
654 1491 109 22 bestämdt
779 1493 32 20 att
826 1491 116 28 utlänning,
959 1498 45 15 som
