1078 1781
157 111 56 21 2702
374 116 180 21 Borgareståndet
566 116 56 18 1878.
645 117 14 17 4
674 116 94 18 Januari.

157 184 34 23 till
209 185 134 22 betäckande
361 185 24 22 af
403 185 40 22 den
463 185 100 28 möjligen
581 187 57 20 ännu
656 185 117 22 obetäckta
792 185 80 22 bristen
893 185 35 22 må
948 191 40 15 an-

157 213 85 23 skaffas.

226 271 57 21 Herr
298 271 138 21 Lindelöf:
467 271 34 22 Då
515 271 37 22 det
566 271 24 21 af
603 270 43 28 mig
660 270 99 28 åsyftade
774 271 65 21 målet
855 271 41 21 kan
911 270 75 21 vinnas

156 305 76 21 genom
252 299 41 22 den
314 299 84 27 åtgärd,
413 305 45 16 som
477 299 56 22 Herr
551 300 82 21 Kurtén
649 299 117 27 föreslagit,
782 299 24 22 så
820 299 36 22 vill
868 299 38 27 jag
920 304 67 22 gerna

157 328 50 27 ingå
221 329 29 26 på
264 328 54 22 hans
333 327 86 28 förslag.

226 391 154 22 Diskussionen
403 391 134 22 förklarades
559 391 68 28 härpå
648 391 94 22 afslutad
758 391 40 22 och
812 392 28 27 på
855 391 55 22 Herr
924 390 61 22 Tal-

157 426 134 15 mannens
313 419 127 22 hemställan
462 420 102 21 förenade
584 420 32 26 sig
631 420 91 22 Ståndet
738 420 73 21 derom
827 422 32 19 att
872 419 114 27 godkänna

156 449 57 21 Herr
235 449 95 21 Kurténs
351 449 81 26 förslag
451 450 33 20 att
503 449 93 21 förutom
614 448 160 22 Sammansatta
789 449 68 21 Stats-
872 447 39 22 och
927 448 58 21 Eko-

157 477 164 22 nomiutskottet
336 477 62 22 äfven
414 477 167 22 Statsutskottet
591 477 101 22 särskildt
702 483 77 20 genom
790 476 196 28 protokollsutdrag

157 506 69 21 skulle
240 505 136 23 underrättas
392 512 34 15 om
441 505 191 28 Borgareståndets
648 505 70 22 beslut
732 506 8 21 i
754 505 73 22 saken.

225 688 61 21 Härå
300 688 100 27 föredrog
414 688 56 21 Herr
485 688 154 22 Talmannen
656 688 247 27 Bevillningsutskottets
912 690 73 19 senast

157 717 36 21 vid
208 717 119 27 gårdagens
342 717 86 26 plenum
443 717 118 27 bordlagda
576 717 136 21 betänkande
728 717 42 21 N:o
785 717 13 21 3
814 717 6 20 i
835 717 114 26 anledning
962 716 24 21 af

157 745 60 22 Hans
236 745 120 28 Kejserliga
375 745 111 27 Majestäts
502 746 76 26 nådiga
595 745 130 28 proposition
740 745 111 27 angående
865 745 119 26 utgörande

157 773 23 22 af
193 773 116 28 bevillning
324 774 34 21 för
374 775 54 20 1878
444 774 39 22 och
498 774 123 27 påföljande
637 774 33 26 år;
686 774 99 21 erinrade
800 774 56 22 Herr
870 773 114 22 Talman-

157 809 46 15 nen
226 803 74 21 derom
316 805 39 24 att,
370 803 67 26 enligt
451 803 102 21 Ståndets
568 803 127 26 föregående
709 802 79 27 beslut,
803 803 26 21 de
845 803 139 21 resolutioner

157 831 90 22 Ståndet
266 831 85 22 komme
372 833 32 20 att
419 831 7 22 i
441 832 90 21 ärendet
549 831 60 26 fatta,
624 831 66 22 blifva
705 832 118 24 eventuela,
839 831 20 22 d.
874 837 18 15 v.
908 837 17 15 s.
939 831 45 27 gäl-

157 859 61 22 lande
234 860 76 21 endast
326 860 32 21 för
374 861 36 20 det
424 860 38 21 fall
477 862 32 19 att
525 860 126 21 anvisandet
661 860 23 21 af
694 860 116 27 bevillning
820 859 33 22 för
862 861 61 20 nästa
933 859 52 22 fem-
998 878 2 2 .

155 889 111 27 årsperiod
282 888 103 22 befunnes
400 888 24 22 af
437 889 99 21 behofvet
551 889 107 27 påkallad.

225 951 70 22 Sedan
311 951 90 22 Ständet
415 951 94 22 beslutat
524 954 33 19 att
571 951 81 27 främst,
668 951 12 28 &
695 952 34 21 för
744 951 18 28 $,
778 952 104 26 genomgå
896 951 88 22 Utskot-

156 981 43 20 tets
220 980 82 27 förslag
324 980 31 21 till
376 980 202 28 bevillningsstadga
593 981 39 21 och
648 981 65 21 sedan
730 983 94 25 upptaga
839 980 33 21 till
887 980 97 27 pröfning

155 1009 28 21 de
197 1009 80 27 förslag
292 1009 31 21 till
338 1009 71 21 beslut
425 1009 71 21 hvilka
511 1009 111 22 Utskottet
637 1010 13 21 &
665 1009 39 22 sid.
721 1010 12 21 9
747 1009 7 21 i
766 1009 144 21 betänkandet
920 1009 63 21 fram-

155 1037 59 24 stält,
230 1037 158 22 öfverlämnade
402 1037 57 22 Herr
473 1037 167 22 Talmannen
656 1038 32 21 till
704 1038 121 21 diskussion
841 1037 100 27 förslaget
951 1037 33 22 till

156 1066 202 27 bevillningsstadga
373 1066 40 21 och
428 1067 48 21 dess

488 1153 11 26 $
516 1153 9 20 1
543 1159 71 15 mom.
632 1154 17 20 1.

224 1210 58 21 Herr
303 1209 150 22 Lindblom:
484 1209 77 22 Derest
581 1209 102 22 Ständets
698 1209 6 22 i
721 1209 74 28 förgär
818 1209 81 22 fattade
914 1209 70 22 beslut

155 1239 93 21 rörande
271 1240 65 20 sättet
359 1238 33 22 för
413 1238 155 28 behandlingen
587 1238 23 22 af
623 1239 60 21 detta
698 1238 137 22 betänkande
849 1238 54 22 skall
919 1237 65 22 fattas

155 1266 90 22 sälunda
260 1270 33 19 att
308 1267 97 22 besluten
420 1267 85 21 förfalla
519 1268 76 20 endast
611 1267 33 21 för
659 1267 40 21 den
715 1267 102 21 händelse
833 1266 62 28 ingen
911 1266 73 22 bevill-

155 1296 51 27 ning
220 1296 97 21 kommer
332 1296 6 21 i
354 1295 66 28 fräga,
434 1302 49 15 men
498 1296 152 27 bevillningens
666 1296 85 27 belopp,
767 1296 87 21 hvarom
869 1296 7 21 i
889 1296 69 20 denna
972 1295 12 27 $

155 1324 61 26 talas,
232 1324 48 22 icke
302 1324 42 22 kan
364 1324 53 22 efter
438 1324 65 22 behof
523 1324 84 26 ändras,
621 1324 61 27 höjas
700 1324 54 22 eller
771 1324 84 26 sänkas,
872 1330 63 16 anser
946 1324 39 27 jag

155 1353 49 21 bäst
218 1355 33 19 att
266 1353 66 27 något
347 1353 70 21 beslut
431 1354 92 20 rörande
538 1354 11 26 $
567 1355 10 19 1
593 1353 33 21 för
640 1353 135 22 närvarande
790 1353 19 27 ej
825 1353 71 21 fattas.

224 1410 57 22 Herr
302 1410 112 22 Kurtén:
443 1410 42 28 Jag
506 1410 82 22 fattade
608 1410 94 22 beslutet
722 1410 7 22 i
744 1410 73 27 förgär
840 1409 89 22 sålunda
951 1411 33 20 att

154 1439 225 27 bevillningsgrunden
398 1439 69 21 skulle
485 1439 72 22 kunna
574 1439 78 21 ändras
668 1440 26 20 sä
708 1440 34 21 att
757 1438 142 28 bevillningen
915 1438 69 22 blefve

155 1470 69 20 större
242 1467 53 22 eller
310 1467 82 22 mindre
408 1467 51 23 eller
475 1468 38 22 alls
528 1468 70 26 ingen,
614 1474 47 15 men
678 1468 27 22 dä
718 1468 39 27 jag
772 1474 29 15 nu
815 1467 69 21 finner
898 1469 33 19 att
942 1466 42 22 frä-

155 1502 41 21 gan
211 1496 67 28 gäller
293 1496 100 28 antingen
408 1496 62 28 ingen
486 1496 114 28 bevillning
615 1496 13 22 &
643 1502 40 16 ena
696 1497 62 21 sidan
769 1496 52 22 eller
831 1502 26 16 en
868 1495 116 28 bevillning
