1078 1781
147 116 57 35 2580
355 125 180 22 Borgareståndet
545 127 56 18 1877.
626 127 28 17 20
666 127 118 18 December.

215 194 75 29 Härpå
314 195 111 28 föredrogs
448 196 193 27 Borgareståndets
666 196 104 22 Enskilda
792 196 185 23 Besvärsutskotts

147 223 120 28 bordlagda
287 223 137 23 betänkande
445 225 42 21 N:o
503 225 20 26 8,
538 225 111 26 angående
666 225 139 22 anskaffande
824 225 23 22 af
859 225 70 22 medel
943 225 34 22 för

147 251 137 23 bestridande
299 252 23 22 af
336 253 41 21 den
392 253 125 28 ersättning,
533 259 46 16 som
595 253 131 22 tillkommer
740 253 27 22 de
782 253 46 22 från
843 253 91 22 Ståndet
943 255 33 20 ut-

147 281 66 21 sedde
234 281 140 22 medlemmar
388 281 7 22 i
410 281 148 28 Expeditions-
581 282 40 21 och
642 282 239 27 Justeringsutskotten,
896 282 81 22 hvilket

146 308 137 23 betänkande
305 309 23 22 in
350 311 88 21 extenso
457 310 62 27 ingår
533 311 8 21 i
556 311 194 27 Borgareståndets
764 310 109 28 protokoll
888 310 32 23 för
935 311 41 22 den

148 338 27 21 17
190 337 119 23 December
324 338 45 23 före
385 339 120 28 middagen.

215 395 145 23 Momentet
378 398 9 20 1
404 397 130 26 godkändes.

474 482 141 22 Momentet
631 483 19 21 2.

215 539 57 22 Herr
295 539 131 27 Procopé:
455 539 113 22 Utskottet
589 539 40 22 har
650 539 48 22 icke
720 541 98 20 närmare
838 539 54 28 tagit
910 539 67 22 under

145 567 101 28 pröfning
270 568 36 21 det
328 567 24 22 af
373 568 56 21 Herr
444 568 109 21 Fabritius
573 568 76 27 gjorda
664 568 80 27 förslag
759 570 33 19 att
806 568 84 22 medlen
905 567 71 22 kunde

145 597 34 21 fås
194 596 47 22 från
256 596 161 23 statsfonderna
431 597 6 21 i
453 597 98 24 förskott,
567 600 52 18 utan
638 597 40 21 har
692 597 77 21 endast
784 597 71 22 derför
869 599 33 19 att
916 597 60 21 kom-

146 625 132 22 merserådet
294 625 109 22 Sundman
418 625 60 22 lånar
492 625 119 28 penningar
626 628 46 19 mot
686 627 13 20 6
714 628 100 25 procents
829 627 62 20 ränta
906 627 70 20 ansett

147 654 36 21 det
197 653 99 28 lämpligt
310 656 34 19 att
359 654 96 27 begagna
469 654 33 27 sig
515 655 66 20 deraf.

215 711 57 21 Herr
295 711 162 22 Lindblom:
489 712 41 26 Jag
552 711 43 22 kan
618 711 33 22 för
669 711 45 22 min
730 711 34 22 del
780 711 47 22 icke
841 711 67 21 heller
923 711 53 28 god-

145 739 72 22 känna
231 739 125 22 Utskottets
371 739 79 28 förslag
465 740 7 21 i
487 740 70 21 denna
572 739 34 22 del
622 740 40 21 och
677 746 64 15 anser
756 739 37 22 det
805 746 50 15 vara
865 740 111 27 olämpligt

146 770 33 19 att
195 768 91 22 Ståndet
300 769 28 27 på
340 769 83 21 enskild
433 769 57 21 hand
502 771 44 19 mot
556 771 63 19 ränta
629 768 55 22 skall
695 769 120 27 uppbringa
827 769 65 26 några
900 769 75 21 medel.

145 797 42 27 Jag
203 797 90 22 föreslår
308 797 32 22 för
355 797 42 22 min
414 797 33 22 del
463 799 32 20 att
511 797 90 22 Ståndet
616 797 38 22 hos
668 797 228 27 Finansexpeditionen
906 797 70 22 skulle

145 825 87 22 anhålla
246 831 35 16 om
297 827 32 20 ett
344 825 92 22 förskott
451 825 34 22 för
499 825 138 22 bestridande
652 826 23 21 af
688 826 103 22 Ståndets
806 825 97 22 enskilda
917 825 59 22 kost-

145 854 68 21 nader
228 854 24 21 af
274 855 78 25 10,000
373 855 67 26 mark,
456 855 73 20 hvilka
543 854 69 22 skulle
627 855 131 21 återbetalas
773 855 24 20 så
812 856 60 19 snart
886 855 26 20 de
928 854 47 22 från

145 883 100 21 städerne
268 883 126 22 uttaxerade
416 883 69 22 medel
507 883 64 21 hafva
594 883 75 27 ingått.
700 883 34 22 Då
758 883 7 21 i
780 883 27 21 de
828 883 80 25 fonder,
930 889 46 16 som

145 911 120 22 Ständerne
281 911 113 28 disponera
409 911 64 26 öfver,
482 911 69 22 finnas
563 912 124 26 tillräckligt
697 912 49 21 med
759 911 69 22 medel
838 911 72 22 hvilka
919 911 57 28 ligga

145 940 115 25 räntelösa,
276 941 24 21 så
318 940 68 21 skulle
399 940 38 27 jag
451 947 51 15 anse
518 941 69 21 denna
602 941 76 26 åtgärd
693 947 53 15 vara
762 940 124 27 lämpligare
901 942 27 19 än
943 942 33 19 att

145 971 46 19 mot
205 969 43 26 hög
267 971 63 20 ränta
345 969 39 21 hos
400 969 97 22 enskilda
511 975 103 21 personer
629 969 93 28 upplåna
736 969 125 27 penningar.

215 1026 57 21 Herr
292 1026 20 21 J.
328 1026 26 21 A.
370 1027 117 26 Nystén:
517 1026 112 22 Utskottet
650 1027 74 26 tyckte
744 1028 38 24 att,
798 1033 34 14 om
847 1026 129 21 kommerse-

145 1055 64 21 rådet
229 1054 121 22 Sundmans
368 1055 71 21 anbud
458 1055 70 21 blefve
543 1057 93 24 antaget,
652 1056 33 25 de,
700 1061 47 16 som
763 1055 55 22 hade
833 1057 33 19 att
880 1055 96 26 uppbära

146 1083 94 22 arvoden
257 1083 34 22 för
305 1088 84 17 senaste
405 1090 99 19 sommar,
520 1083 91 22 sålunda
625 1084 68 21 skulle
708 1083 48 22 utfå
766 1084 47 21 dem
825 1083 113 27 hastigare,
948 1085 28 20 än

146 1118 36 15 om
203 1112 182 27 Borgareståndet
399 1113 68 20 vände
485 1113 32 26 sig
529 1112 32 21 till
577 1112 155 22 Finanschefen
747 1113 52 21 eller
814 1112 70 27 någon
899 1118 77 15 annan.

145 1141 46 21 För
211 1143 71 20 resten
304 1143 24 19 är
348 1143 76 19 räntan
443 1147 45 16 som
503 1141 85 22 komme
603 1143 33 19 att
650 1141 84 22 betalas
750 1141 32 21 till
797 1141 57 22 Herr
869 1141 108 22 Sundman

146 1169 25 22 så
186 1169 52 22 liten
260 1171 34 20 att
312 1170 41 21 den
371 1169 47 22 icke
433 1170 84 21 komme
533 1172 32 19 att
581 1169 114 28 öfverstiga
711 1171 28 20 20
755 1170 66 27 mark,
837 1169 89 22 emedan
941 1169 36 22 det

146 1200 25 19 är
185 1198 29 27 på
228 1199 25 21 så
268 1198 50 22 kort
334 1199 31 20 tid
380 1204 45 15 som
441 1199 83 21 medlen
539 1198 107 22 behöfvas.

215 1256 57 21 Herr
290 1256 110 27 Nybom:
430 1255 33 22 Då
481 1256 120 21 Ständerna
623 1258 71 20 ansett
714 1256 64 22 dessa
800 1256 116 21 kostnader
930 1256 47 21 icke

147 1290 52 16 vara
222 1284 236 27 landtdagskostnader,
474 1290 45 16 som
538 1285 23 21 af
573 1286 71 20 staten
659 1285 69 21 borde
743 1284 89 28 betalas,
847 1284 24 22 så
885 1284 43 21 kan
940 1284 38 27 jag

147 1313 48 21 icke
216 1313 76 21 förena
315 1313 43 27 mig
378 1319 33 15 om
427 1315 32 19 att
474 1313 180 27 Borgareståndet
669 1313 39 22 hos
725 1314 41 21 den
782 1319 40 15 ena
837 1312 140 22 statsmakten

147 1341 69 22 skulle
238 1341 78 22 föreslå
338 1344 34 19 att
394 1344 77 19 räntan
493 1348 50 16 vore
565 1342 42 22 slik
625 1342 208 28 landtdagskostnad
855 1344 51 19 utan
920 1342 22 21 få
957 1342 21 20 vi

147 1370 58 27 sörja
228 1370 34 21 för
284 1372 33 20 att
340 1370 20 22 vi
382 1370 22 22 få
426 1370 47 22 dem
493 1370 88 22 betalda
601 1371 23 21 så
642 1371 52 27 godt
710 1371 20 21 vi
746 1370 77 22 kunna.
854 1370 40 27 Jag
908 1370 70 21 skulle

147 1399 71 21 derför
238 1399 49 21 icke
308 1405 52 16 anse
383 1399 43 27 mig
445 1399 72 21 kunna
531 1399 28 25 gå
573 1399 22 21 in
607 1400 28 25 på
650 1401 32 20 att
697 1400 41 20 hos
752 1399 125 27 regeringen
892 1398 86 22 anhålla

147 1434 36 14 om
199 1428 70 20 denna
284 1430 62 19 ränta
361 1428 40 21 och
417 1427 27 22 då
462 1434 48 15 man
525 1428 42 21 kan
583 1427 82 23 erhålla
680 1428 70 22 medel
765 1428 29 27 på
807 1429 45 20 sätt
867 1428 111 21 Utskottet

146 1456 118 27 föreslagit,
280 1456 24 22 så
318 1456 38 22 vill
368 1456 37 28 jag
420 1456 84 22 biträda
519 1456 48 22 dess
579 1456 79 28 förslag
669 1457 69 21 ehuru
750 1456 36 22 det
798 1456 121 26 visserligen
932 1456 46 22 icke

146 1488 25 19 är
187 1488 120 25 angenämt.
