1078 1781
183 105 57 21 2256
394 111 179 21 Borgareständet
586 112 53 17 1877.
664 113 22 15 12
699 112 117 17 December.

183 180 81 21 kanske
280 180 67 21 under
362 180 26 21 de
404 180 127 21 anfäktades
547 180 104 21 berusade
667 180 109 24 tillstånd;
791 180 27 26 ja,
836 179 70 22 fastän
920 180 90 21 Finland

183 208 33 21 för
233 209 133 21 närvarande
383 209 38 20 har
436 209 75 21 endast
527 215 25 15 en
568 209 54 21 enda
637 209 87 21 värfvad
740 208 101 27 bataljon,
856 209 70 21 fastän
942 209 69 21 denna

184 239 24 19 är
229 243 25 15 en
277 237 104 27 elitkorps
397 237 39 22 och
456 237 71 22 dertill
542 239 57 20 ännu
615 237 83 27 förlagd
714 238 6 20 i
736 237 84 22 landets
835 237 136 25 hufvudstad,
986 239 25 19 är

183 266 37 21 det
235 266 55 21 dock
305 266 61 27 ingen
383 266 22 21 af
419 273 34 14 oss
469 266 100 25 obekant,
585 268 32 19 att
632 266 60 21 äfven
708 266 38 21 hos
763 272 35 15 oss
813 266 61 21 dessa
889 266 122 26 värfningar

183 295 45 20 ofta
246 295 68 20 måste
331 295 104 21 bedrifvas
451 295 27 26 på
494 297 31 19 ett
541 297 49 24 sätt,
607 301 44 15 som
667 296 61 20 sårar
742 295 144 21 rättskänslan
902 295 39 21 och
957 295 54 20 utvi-

183 329 41 18 sar,
248 325 33 19 att
306 323 243 27 frivillighetsprincipen
572 324 6 20 i
602 324 46 21 dem
672 325 24 19 är
718 324 81 26 ganska
824 323 48 21 litet
895 323 115 26 iakttagen.

183 351 53 22 Ville
265 358 48 15 man
335 352 27 27 gå
387 352 90 21 tillbaka
499 352 32 21 till
555 352 25 21 de
604 353 54 20 tider
680 353 24 20 af
725 353 36 20 vår
784 352 94 26 historia,
901 352 26 21 då
942 352 69 21 indel-

183 380 137 26 ningsverket
351 383 116 24 uppsattes,
500 381 23 20 så
555 380 64 22 funne
649 387 49 14 man
732 383 32 18 att
797 380 61 21 dessa
890 379 121 28 värfningar

183 409 55 20 hade
270 409 66 27 tycke,
361 409 23 21 af
407 409 57 21 vilda
492 409 123 27 djurjagter,
646 410 36 21 der
710 411 54 20 dock
792 409 25 21 de
843 415 45 15 som
914 409 96 27 jagades,

183 443 51 16 voro
257 437 83 22 landets
363 437 39 22 och
425 438 116 26 allmogens
564 440 68 19 söner.
664 438 41 21 Det
728 440 24 19 är
774 438 75 21 endast
871 439 31 20 ett
924 437 44 22 folk
983 439 28 25 på

181 467 82 26 jorden,
278 472 45 15 som
340 466 67 21 håller
418 467 26 26 på
465 467 47 21 sina
533 467 100 21 värfvade
655 469 96 24 trupper,
774 466 107 27 Englands
896 466 50 26 folk,
962 473 48 14 men

183 495 60 20 detta
259 495 39 20 har
313 495 61 21 äfven
392 495 25 21 de
432 497 79 19 största
527 496 112 21 materiela
649 495 211 21 resurser
752 490 12 35 i
774 495 86 21 verlden.
883 495 43 21 Der
939 495 72 26 erbju-

183 524 37 20 des
240 524 40 20 ock
300 524 98 21 soldaten
423 523 69 22 bättre
513 524 94 21 fördelar
628 526 26 19 än
673 525 6 20 i
699 525 65 25 något
784 525 65 20 annat
868 523 54 26 land,
942 525 68 20 större

183 552 47 26 lega
249 552 39 21 och
308 552 71 21 bättre
403 553 142 21 traktamente
561 555 56 19 samt
637 552 37 21 full
697 552 87 27 pension
801 552 52 21 efter
869 552 91 27 tjuguett
976 552 34 21 års

183 581 65 26 tjenst
268 581 6 20 i
293 581 72 21 armén
386 587 27 14 m.
435 588 26 14 m.
494 581 44 22 Och
557 581 55 21 dock
627 581 68 21 måste
710 587 49 15 man
776 581 42 24 der,
835 581 69 21 såsom
920 581 20 20 vi
955 583 55 23 veta,

183 609 68 21 under
269 615 27 15 en
319 609 49 28 lång
394 610 30 21 tid
448 610 141 27 komplettera
612 610 94 21 marinen
730 610 89 21 medelst
835 610 26 20 de
876 612 54 19 mest
945 611 66 19 rätts-

183 638 124 21 kränkande
330 639 141 26 pressningar.
502 639 43 20 Der
568 641 24 18 är
615 638 244 27 frivillighetsprincipen
874 638 24 21 så
914 638 47 21 litet
976 638 34 21 rå-

183 667 75 26 dande,
274 666 39 21 och
335 667 32 20 för
390 667 40 21 den
443 667 55 21 skull
513 667 87 21 inträffa
615 667 123 27 rymningar
755 667 37 21 der
807 667 68 21 oftare
892 669 25 18 än
934 673 76 14 annor-

183 695 78 21 städes.
292 695 98 22 Nämnda
412 695 107 27 svårighet
541 699 32 18 att
596 695 142 27 komplettera
760 696 38 21 har
813 696 5 20 i
835 695 97 26 England
954 695 56 21 varit

183 724 24 21 så
221 726 52 24 stor,
296 725 32 20 att
350 724 74 27 frågan
439 730 35 15 om
489 727 32 18 att
537 725 86 26 öfvergå
639 725 30 20 till
686 727 31 18 ett
732 726 66 19 annat
813 723 157 28 militärsystem
986 725 24 19 är

183 753 28 26 på
226 752 159 27 dagordningen
407 755 59 18 snart
489 755 46 24 sagt
558 753 73 27 hvarje
652 754 30 20 år.
714 753 49 21 Med
785 753 40 21 den
841 752 119 21 kännedom
973 753 37 26 jag

183 787 77 20 genom
283 781 80 21 studiet
386 781 23 21 af
424 781 46 21 vårt
489 782 39 21 och
544 781 59 22 äfven
620 782 66 21 andra
703 782 55 21 folks
774 781 88 22 historia
878 781 39 21 har
932 781 6 20 i
953 781 57 21 före-

182 810 94 21 varande
290 809 107 27 afseende,
413 810 41 21 kan
462 811 35 26 jag
505 811 46 20 icke
559 813 52 24 säga
619 813 65 18 annat
692 812 27 19 än
728 812 32 19 att
769 810 208 26 värfningssystemet
986 811 24 19 är

183 840 32 19 ett
230 838 69 21 medel
315 838 33 21 för
363 839 25 20 de
408 839 86 26 lyckligt
514 839 82 22 lottade
612 839 212 21 samhällsklasserna
839 841 32 18 att
887 838 26 27 på
929 838 26 21 de
969 838 40 21 fat-

183 867 43 24 tige
249 867 121 26 öfverflytta
394 867 40 21 den
460 870 85 24 tyngsta
567 868 65 24 skatt,
655 874 44 15 som
722 870 71 19 staten
820 867 92 21 kräfver.
946 867 65 21 Detta

183 895 189 27 värfningssystem
397 896 41 21 kan
462 897 37 26 jag
523 896 82 22 således
626 897 66 20 redan
715 897 5 20 i
741 897 81 26 princip
845 896 19 26 ej
890 896 119 27 godkänna.

183 924 51 25 Här,
250 924 7 21 i
273 924 139 21 förevarande
434 925 44 25 fall,
494 931 49 15 vore
559 927 32 19 ett
606 925 120 26 antagande
742 925 23 20 af
780 924 157 21 reservationen
953 925 57 20 dess-

182 954 59 19 utom
265 955 31 18 ett
318 953 69 26 afslag
408 953 27 26 på
451 953 39 21 den
514 953 77 27 nådiga
606 954 167 27 propositionen.
805 953 71 26 Enligt
892 953 69 21 denna
976 953 34 20 be-

182 983 62 24 gäres
261 981 23 21 af
298 981 91 21 Finland
413 983 141 26 uppsättande
570 983 21 20 af
606 983 34 20 nio
657 983 127 26 bataljoner,
799 989 25 14 en
841 982 100 26 begäran,
957 987 53 20 som,

183 1009 45 22 ifall
244 1016 49 15 man
316 1010 56 21 afser
395 1011 75 21 endast
491 1014 127 24 truppernas
641 1011 64 26 antal,
722 1013 24 18 är
761 1012 77 25 ytterst
854 1010 88 25 hofsam,
960 1012 50 19 enär

183 1039 40 20 den
239 1039 80 21 indelta
334 1039 106 21 militären
456 1046 37 15 var
509 1040 104 27 betydligt
628 1039 109 25 talrikare,
751 1040 70 20 derest
833 1039 58 21 [ans
904 1039 106 26 Majestät,

183 1071 22 22 ty
221 1067 69 22 denna
306 1069 43 19 rätt
365 1067 81 22 tillkom
463 1069 76 20 honom
556 1075 72 15 ensam
645 1071 51 18 utan
710 1068 131 21 Ständernas
854 1067 99 26 hörande,
962 1067 49 21 ville

184 1095 96 28 begagna
302 1096 33 27 sig
356 1096 22 21 af
393 1097 128 26 rättigheten
537 1097 32 21 till
586 1098 47 20 dess
649 1097 48 21 hela
712 1097 93 26 omfäng.
837 1096 45 21 Och
899 1102 27 15 nu
943 1095 68 22 skulle

183 1124 121 22 Ständerna
326 1131 73 15 svara:
421 1125 19 21 vi
463 1125 88 27 erbjuda
574 1126 46 26 fyra
638 1125 51 22 eller
704 1126 43 21 fem
771 1125 98 21 värfvade
885 1125 125 26 bataljoner.

184 1153 38 21 Ett
233 1153 77 22 sådant
332 1159 50 15 svar
404 1153 41 22 kan
464 1155 18 26 ej
505 1161 50 14 vara
571 1155 82 21 landets
669 1154 93 21 Ständer
777 1154 95 26 värdigt;
891 1153 37 26 jag
942 1153 69 21 skulle

183 1182 19 26 ej
218 1182 114 26 godkänna
356 1182 36 21 det
408 1183 50 21 eller
474 1183 49 26 vilja
543 1183 65 21 hafva
623 1183 34 21 del
672 1183 52 21 deri.
743 1195 25 2 —
784 1183 41 20 Till
840 1182 38 21 sist
894 1184 66 19 mäste
974 1182 38 26 jag

183 1211 86 20 bemöta
292 1213 31 18 ett
346 1211 77 23 inkast,
439 1211 80 22 kanske
535 1212 35 21 det
585 1212 112 26 vigtigaste
713 1211 24 21 af
752 1211 42 21 alla
809 1211 55 25 dem,
881 1217 45 14 som
942 1210 69 21 blifvit

183 1239 75 27 gjorda
274 1241 57 20 emot
354 1240 155 27 värneplistens
525 1240 116 22 införande.
673 1241 65 21 Detta
754 1240 70 21 inkast
839 1239 135 22 framstäldes
990 1240 23 20 af

183 1268 55 21 Herr
255 1268 99 26 Höckert,
378 1269 28 21 dä
422 1269 40 21 han
479 1270 56 24 sade,
552 1271 32 19 att
599 1270 103 24 nationer,
719 1270 27 20 de
762 1269 38 21 der
815 1269 46 21 icke
877 1269 27 20 ha
920 1270 43 19 rätt
978 1271 34 18 att

183 1296 120 22 bestämma
326 1303 33 15 om
381 1298 47 26 krig
450 1298 52 21 eller
525 1298 51 26 fred,
597 1298 18 26 ej
637 1300 37 18 äro
697 1297 99 27 skyldiga
818 1300 33 18 att
866 1297 44 21 låta
925 1296 39 22 hos
979 1298 33 24 sig

182 1325 68 21 införa
274 1326 124 26 värnepligt.
429 1326 38 26 De,
489 1326 38 22 och
549 1327 64 21 bland
629 1326 47 22 dem
692 1328 24 20 är
732 1326 97 24 Finland,
845 1326 51 20 bero
911 1324 45 22 helt
972 1326 39 20 och

183 1353 65 22 hället
264 1354 24 20 af
302 1354 66 21 andra
384 1355 50 21 folk.
465 1355 97 21 Inkastet
577 1357 24 19 är
617 1355 71 26 delvis,
706 1361 49 15 men
771 1355 64 21 ocksä
851 1354 75 21 endast
938 1353 72 24 delvis,

183 1382 79 27 riktigt.
293 1382 90 22 Finland
407 1385 24 19 är
451 1390 75 20 genom
543 1384 91 21 unionen
650 1384 47 21 med
714 1384 37 20 det
767 1383 95 26 mäktiga
877 1383 64 26 ryska
956 1382 55 22 riket

183 1412 65 20 stäldt
264 1412 7 20 i
287 1412 36 20 det
344 1412 133 22 förhällande
492 1415 33 18 att
540 1413 49 21 dess
603 1414 57 25 yttre
676 1412 77 27 politik
768 1412 130 21 bestämmes
912 1411 99 27 vanligen

183 1440 46 21 icke
245 1440 49 21 med
310 1440 81 27 hänsyn
407 1441 32 21 till
455 1442 36 20 det
506 1440 44 22 lilla
565 1440 218 22 Storfurstendömets
798 1440 92 27 specicela
905 1440 105 21 intressen

183 1470 50 19 utan
256 1469 48 21 med
327 1468 100 22 afseende
449 1470 13 21 &
484 1470 138 27 kejsarrikets
641 1469 73 22 fördel.
747 1469 36 21 Mä
799 1470 19 20 vi
835 1469 94 21 erkänna
944 1468 66 22 detta.

182 1497 106 22 Särskildt
304 1498 35 20 vill
354 1498 36 26 jag
406 1499 33 21 vid
459 1498 74 28 frägan
549 1505 34 15 om
599 1499 143 26 uppsättande
758 1498 24 21 af
796 1498 168 26 militärtrupper
980 1497 31 22 fä-
