1078 1781
305 120 180 21 Borgareståndet
497 121 56 16 1878.
577 121 14 16 8
602 120 94 17 Januari.
859 115 56 21 2767

157 190 57 21 Herr
228 189 138 22 Rissanen
382 189 36 26 (på
433 189 87 28 finska):
536 189 27 22 Vi
579 189 69 22 finska
663 189 87 22 talande
765 191 36 20 äro
817 196 49 15 ense
879 196 34 15 om

87 220 34 20 att
137 219 59 20 detta
209 218 135 21 betänkande
359 220 52 19 utan
427 217 98 22 afseende
541 219 51 20 derå
607 220 33 19 att
655 218 25 21 de
696 218 68 21 finska
780 219 133 26 exemplaren

88 247 46 22 icke
149 247 95 25 anländt,
260 246 128 27 bordläggas
403 246 32 21 till
451 247 169 26 morgondagens
636 247 91 26 plenum.

157 303 56 22 Herr
227 304 25 21 E.
268 303 98 27 Bergh:
390 303 72 27 Enligt
477 303 56 22 hvad
545 303 38 28 jag
598 303 68 22 finner
681 304 60 27 ingår
754 305 6 20 i
770 304 145 21 betänkandet

87 333 28 26 på
130 333 87 21 sidorna
232 333 84 20 30-—40
332 332 63 27 högst
410 333 79 26 vigtiga
504 335 77 18 ämnen
597 332 22 21 af
634 339 26 14 en
676 333 23 20 så
715 333 79 21 delikat
805 335 63 18 natur
882 335 33 18 att

87 361 36 27 Jag
138 361 70 21 tviflar
223 361 27 26 på
261 361 104 21 huruvida
376 361 35 21 det
422 361 105 27 egentliga
538 361 145 21 betänkandet
693 361 7 21 i
711 361 203 27 värnepligtsfrågan

87 389 37 28 gaf
137 390 24 21 så
177 390 83 27 mycket
276 389 112 26 anledning
405 389 30 22 till
453 389 126 28 hufvudbry,
595 396 45 15 som
652 390 58 21 detta
721 391 71 26 tyckes
803 392 59 24 göra,
875 390 39 21 och

88 425 63 14 anser
163 419 37 26 jag
216 418 70 21 derför
301 418 6 21 i
323 418 68 21 likhet
407 419 48 20 med
470 419 56 20 Herr
542 419 95 21 Höckert
652 421 33 19 att
695 419 144 21 betänkandet
849 419 67 21 borde

87 447 128 27 bordläggas
230 447 129 21 åtminstone
374 447 33 21 till
422 447 122 27 torsdagen.

158 505 55 20 Herr
236 505 107 20 Kurtén:
374 505 42 26 Jag
437 504 40 21 har
494 505 124 26 visserligen
639 505 46 21 icke
701 507 56 18 ännu
773 505 76 21 hunnit
862 506 54 25 göra

88 533 44 27 mig
143 533 108 26 förtrogen
270 533 48 21 med
333 533 112 26 förslagets
460 533 93 21 innehåll
569 533 95 22 hvarken
680 533 12 21 å
708 534 60 21 sidan
784 534 12 21 3
812 533 52 22 eller
880 533 34 25 30,

88 569 48 14 men
152 564 45 19 tror
213 563 43 26 mig
271 561 64 21 likväl
351 561 47 22 med
414 561 41 26 god
472 562 49 27 vilja
537 561 64 22 hinna
616 562 44 21 tills
680 562 1 21 i
697 569 88 20 morgon
800 564 57 19 sätta
872 562 44 27 mig

88 591 21 21 in
124 591 7 20 i
147 590 102 28 förslaget
272 591 37 20 och
332 592 64 25 yrkar
411 590 70 21 derför
497 591 27 26 på
540 591 156 21 betänkandets
711 590 155 27 bordläggning
881 591 32 20 till

88 619 7 21 i
117 625 94 21 morgon.
242 619 73 21 Skulle
337 619 24 21 så
382 625 51 14 vara
454 621 33 19 att
505 620 69 25 någon
590 619 24 21 af
627 619 100 22 Ståndets
743 619 137 22 medlemmar
895 619 19 26 ej

87 649 40 20 har
150 648 82 27 lyckats
254 650 56 19 sätta
334 648 30 26 sig
384 648 21 20 in
421 648 7 21 i
443 647 102 27 förslaget
560 648 24 21 så
599 654 56 21 noga
670 654 45 15 som
731 648 25 21 de
772 654 51 15 anse
837 648 77 21 sakens

87 677 45 26 vigt
146 677 82 25 kräfva,
244 677 23 21 så
282 676 67 21 blifva
365 677 26 20 de
406 676 7 21 i
429 676 84 21 tillfälle
529 679 32 18 att
580 677 2 20 i
598 683 88 20 morgon
703 677 78 26 begära
790 677 126 27 ytterligare

87 705 155 27 bordläggning
260 705 40 22 och
318 705 62 21 äfven
393 705 37 26 jag
444 705 40 21 har
499 705 63 21 tänkt
577 706 97 26 begagna
689 705 43 27 mig
748 705 66 24 deraf,
830 711 34 16 om
878 705 37 27 jag

88 734 47 21 icke
150 734 68 21 skulle
234 735 64 20 hinna
313 736 50 24 taga
378 734 116 27 tillräcklig
509 734 120 21 kännedom
645 734 23 21 af
677 734 101 27 förslaget
789 734 43 21 tills
846 733 3 21 i
859 740 55 15 mor-

86 769 42 20 gon
144 763 40 21 den
200 763 82 26 vanliga
297 762 124 27 plenitiden.

156 820 56 21 Herr
234 820 136 21 Höckert:
400 820 41 27 Jag
463 820 40 21 har
526 820 18 27 ej
568 820 114 27 anledning
704 822 33 19 att
757 819 84 22 betvifla
859 820 57 21 Herr

87 849 94 21 Kurténs
197 850 58 20 stora
275 849 95 26 förmåga
385 851 32 19 att
433 850 57 20 sätta
505 849 32 27 sig
552 849 21 20 in
589 849 30 20 uti
636 849 114 27 lagförslag
765 849 27 26 på
807 850 28 21 48
850 849 64 24 sidor,

87 884 54 21 men,
157 884 34 14 om
214 877 61 22 äfven
298 877 41 21 han
360 879 46 19 tror
422 877 31 26 sig
468 883 51 16 vara
535 883 42 20 nog
591 877 75 27 färdig,
683 877 24 22 så
722 878 68 21 måste
803 877 36 27 jag
854 877 54 21 dock

87 912 45 15 som
154 907 68 26 ligger
243 907 32 20 uti
298 908 30 19 ett
349 908 66 19 annat
430 906 48 26 läge
493 906 7 21 i
517 907 69 20 denna
601 906 65 27 fråga,
682 906 64 21 hafva
761 913 59 14 mera
836 906 30 21 tid
882 908 32 19 att

87 936 56 20 sätta
163 935 42 27 mig
226 935 21 20 in
262 935 7 20 i
285 935 75 26 frågan
379 935 39 20 och
434 935 42 20 kan
492 935 83 21 således
591 935 32 21 för
640 936 41 20 min
698 935 33 21 del
747 935 46 21 icke
808 935 27 26 gå
850 935 20 20 in
887 935 27 26 på

87 965 32 20 att
142 963 59 22 detta
218 964 7 20 i
244 963 60 27 fråga
322 964 93 21 varande
438 964 79 21 ärende
540 963 127 28 bordlägges
690 964 33 21 till
745 963 169 27 morgondagens

86 992 92 27 plenum.

156 1049 57 22 Herr
230 1049 176 28 Tengström:
438 1049 31 22 De
489 1049 138 22 medlemmar
643 1049 21 22 af
678 1049 96 26 Ståndet,
790 1055 45 16 som
851 1049 64 21 hafva

86 1078 63 27 yrkat
170 1079 27 26 på
215 1078 73 27 längre
307 1078 162 26 bordläggning,
485 1078 63 21 hafva
566 1078 119 26 säkerligen
700 1080 57 19 ännu
772 1077 46 22 icke
833 1078 81 21 kunnat

87 1107 57 21 finna
163 1107 69 26 någon
254 1107 68 26 grund
346 1107 93 21 hvarken
455 1107 7 20 i
478 1107 99 21 afseende
593 1107 13 21 å
622 1107 36 21 det
673 1113 40 15 ena
728 1107 52 21 eller
795 1107 67 20 andra
877 1107 38 26 på-

87 1135 98 22 ståendet
201 1135 131 22 beträffande
344 1135 59 21 tiden
419 1135 33 21 för
468 1135 188 27 bordläggningen.
683 1135 60 22 Efter
759 1136 35 21 det
810 1135 103 21 utdelnin-

87 1171 40 20 gen
143 1164 38 21 har
197 1165 63 24 skett,
275 1164 39 21 har
329 1166 56 19 ännu
400 1164 47 21 icke
463 1171 25 14 en
505 1167 60 24 qvart
581 1164 73 21 timme
667 1164 89 21 förflutit
766 1164 40 21 och
817 1164 36 21 det
863 1170 52 15 vore

86 1193 83 21 således
191 1193 184 26 ändamålsenligt,
397 1193 66 26 enligt
485 1194 44 20 min
551 1193 61 26 åsigt,
635 1195 31 19 att
685 1193 31 21 till
738 1193 2 21 i
759 1199 88 20 morgon
862 1193 53 20 söka

87 1222 63 21 vinna
165 1221 129 22 åtminstone
306 1221 24 22 så
348 1224 45 19 stor
409 1221 120 22 kännedom
545 1228 35 15 om
596 1221 155 22 betänkandets
767 1221 99 26 innehåll,
882 1223 32 19 att

87 1257 48 15 man
157 1250 27 22 då
203 1251 47 21 med
266 1252 68 20 större
350 1250 99 22 säkerhet
465 1252 67 20 måtte
547 1250 72 22 kunna
635 1250 89 22 bedöma
740 1257 34 15 om
790 1250 36 21 det
841 1252 73 24 genast

87 1280 41 20 kan
151 1280 69 20 under
242 1279 169 27 morgondagens
433 1279 51 27 lopp
507 1279 120 21 diskuteras
650 1280 52 20 eller
723 1286 34 14 om
773 1278 141 28 tilläfventyrs

86 1308 73 26 längre
179 1308 152 26 besinningstid
352 1308 114 21 erfordras.
496 1308 42 26 Jag
552 1308 86 21 förenar
652 1308 42 27 mig
710 1308 72 21 derför
796 1307 48 21 med
860 1308 54 25 dem,

87 1342 46 16 som
147 1336 65 22 hafva
226 1336 92 28 påyrkat
333 1336 146 28 bodläggning
494 1337 33 21 till
543 1336 7 21 i
565 1343 97 21 morgon.

155 1394 56 21 Herr
226 1394 24 21 E.
266 1394 100 26 Bergh:
396 1393 75 27 Enligt
486 1393 56 22 hvad
555 1394 37 26 jag
607 1395 53 25 tror,
675 1394 96 21 kommer
786 1394 36 20 det
837 1394 6 20 i
860 1399 55 15 mor-

87 1428 42 21 gon
151 1425 33 19 att
205 1423 130 21 bestämmas
357 1422 22 21 af
400 1422 233 22 talmanskonferensen
648 1422 55 22 huru
718 1423 63 26 plena
796 1422 61 22 skola
871 1422 43 21 för-

87 1451 59 21 delas
161 1451 68 21 under
246 1451 126 27 fortgången
388 1450 22 22 af
424 1451 71 21 denna
511 1451 65 21 vecka
591 1451 39 21 och
646 1452 35 20 det
696 1452 61 20 torde
772 1451 34 21 väl
823 1451 26 21 då
863 1456 51 15 vara

87 1480 71 21 bättre
180 1482 34 19 att
236 1486 49 15 man
308 1480 78 26 afgjort
408 1480 106 21 huruvida
529 1480 70 27 någon
616 1480 118 21 diskussion
749 1480 109 26 verkligen
872 1479 42 21 kan

85 1508 88 22 komma
195 1510 31 20 att
249 1515 39 21 ega
308 1515 46 15 rum
370 1508 7 21 i
392 1514 90 22 morgon
505 1508 52 22 eller
578 1508 46 22 icke
639 1508 24 22 af
676 1507 240 29 värnepligtsförslaget.
