1078 1781
148 116 58 20 2634
352 121 180 21 Borgareståndet
546 122 54 16 1877.
625 122 27 16 22
664 122 120 16 December.

149 189 67 27 utsigt
238 191 33 20 att
288 189 35 22 vid
347 195 25 16 en
394 189 167 28 bolagsstämma
583 196 25 15 en
631 190 24 21 så
675 192 46 19 stor
738 189 156 27 röstpluralitet
908 188 71 22 kunde

149 219 74 20 vinnas
246 220 32 19 att
294 219 12 26 $
324 219 25 20 16
365 218 68 21 skulle
455 219 72 20 kunna
550 219 110 21 uteslutas.
691 219 50 21 Man
761 218 39 21 har
818 217 54 22 talat
887 224 34 15 om
937 217 41 21 för-

149 247 107 21 lusternas
278 246 146 23 beskaffenhet
447 247 39 21 och
509 247 53 21 flere
584 247 68 22 talare
671 247 63 21 hafva
753 247 71 21 derför
839 247 57 21 velat
910 246 69 27 skylla

148 275 147 27 direktionen;
316 276 36 26 jag
374 277 46 20 tror
441 278 32 19 att
494 275 130 22 förlusterna
640 276 32 21 till
688 282 25 15 en
729 275 119 26 väsendtlig
862 275 53 27 grad
931 275 47 20 här-

149 304 56 21 flutit
227 304 48 21 från
299 305 151 20 missväxtåren
474 304 38 21 och
532 304 32 21 till
583 305 69 26 någon
668 305 34 20 del
718 305 62 20 äfven
796 304 61 21 deraf
870 306 32 19 att
917 309 62 21 syner

149 333 48 21 icke
218 333 116 21 verkstälts
356 333 28 26 på
402 333 26 21 de
443 333 104 21 belånade
563 332 153 27 lägenheterna
731 333 39 21 och
785 333 36 26 jag
836 335 45 18 tror
896 334 32 19 att
944 333 35 20 det

149 361 47 21 icke
218 367 26 15 en
267 361 56 27 gång
345 362 31 20 uti
396 362 156 27 reglementet
547 357 12 36 i
570 362 75 26 början
661 368 37 14 var
715 361 134 22 föreskrifvet
865 361 55 20 huru
935 361 44 21 ofta

149 396 40 21 syn
203 390 69 21 skulle
288 390 132 21 verkställas.
443 390 154 21 Erfarenheten
614 391 38 20 har
668 390 119 21 emellertid
803 390 54 21 visat
868 392 32 19 att
910 389 70 27 lägen-

149 419 67 25 heter,
232 425 45 14 som
301 419 35 20 vid
362 418 68 21 lånets
453 419 124 26 beviljande,
594 425 51 15 voro
660 419 6 20 i
682 419 52 26 godt
756 419 60 20 skick
837 418 39 21 och
896 418 26 21 då
944 418 36 21 be-

149 447 88 21 lånades
252 447 34 21 till
301 447 56 21 blott
372 447 69 22 halfva
457 448 80 24 värdet,
553 448 68 21 under
637 449 66 25 några
714 448 24 21 år
748 447 89 21 förlorat
848 449 59 18 snart
918 447 62 26 sagdt

149 475 40 22 allt
211 476 71 21 värde.
314 477 84 26 Egaren
421 477 31 20 tili
476 483 25 14 en
520 476 59 27 dylik
595 476 101 26 egendom
713 483 38 14 var
766 476 57 21 förut
838 475 140 27 gäldbunden,

149 505 38 20 det
201 505 35 21 lån
255 504 42 21 han
313 507 81 24 upptog
409 505 54 21 hade
479 505 70 27 åtgått
564 505 17 26 ej
599 505 32 21 till
647 505 149 21 förbättrande
811 504 22 21 af
847 504 132 27 lägenheten,

149 536 52 18 utan
217 533 33 21 till
266 533 123 21 betalandet
402 533 23 22 af
438 533 71 26 gamla
525 533 93 26 skulder,
635 533 39 22 och
690 535 39 19 när
744 533 152 21 missväxtåren
908 532 71 21 inträf-

149 561 48 22 fade
213 562 68 21 måste
297 561 87 27 skogen,
400 562 108 26 boskapen
525 563 39 20 och
583 562 117 26 dragarena
715 562 71 27 säljas,
801 561 65 21 åkern
882 561 44 21 blef
940 561 39 21 öde

149 590 40 21 och
205 590 129 26 hemmanet,
350 593 39 18 när
404 591 36 21 det
455 591 34 20 för
500 591 248 26 Hypoteksföreningens
759 590 86 21 fordran
857 590 39 21 och
906 591 74 20 räntor

149 619 71 21 såldes
232 619 28 26 på
278 619 94 25 auktion,
389 619 54 22 hade
459 620 81 26 knappt
556 620 65 27 något
636 619 70 22 värde.
738 619 41 27 Jag
794 619 81 21 erinrar
891 619 42 26 mig
948 620 32 19 att

147 647 37 28 jag
202 648 54 21 1872
280 650 56 19 reste
355 648 64 21 bland
434 651 65 18 annat
515 649 6 20 i
538 649 111 20 trakterna
664 654 51 15 norr
730 654 35 15 om
781 647 114 22 Uleåträsk
910 647 7 20 i
932 647 47 21 Pal-

150 676 63 21 damo
235 677 78 20 socken
330 677 39 21 och
385 677 88 21 besökte
488 677 107 26 hemman,
611 683 45 15 som
672 683 50 19 nyss
739 676 70 21 blifvit
824 676 60 21 sålda
899 675 31 21 för
944 675 36 27 jag

150 707 47 19 tror
213 705 27 21 20
256 705 61 21 mark
332 705 40 21 och
388 705 61 22 dessa
465 706 98 21 hemman
579 705 55 22 hade
650 705 54 21 dock
720 705 58 22 förut
793 705 45 20 haft
853 707 31 18 ett
899 704 81 27 ganska

150 733 53 27 högt
222 734 66 21 värde
311 734 39 21 och
372 740 50 15 voro
438 734 18 27 ej
473 735 24 20 så
512 735 89 20 alldeles
617 734 128 27 obetydliga.
776 734 43 20 Det
833 735 24 19 är
872 739 26 15 en
914 732 66 27 vigtig

149 763 161 25 omständighet
325 763 33 20 för
373 763 236 26 Hypoteksföreningen
624 765 33 18 att
672 763 104 26 styrelsen
792 762 46 21 icke
849 763 24 19 är
884 761 96 22 centrali-

150 791 63 21 serad
234 793 52 19 utan
310 794 32 18 att
364 792 24 21 så
410 792 75 26 många
500 791 139 22 intressenter
654 798 45 15 som
715 791 83 26 möjligt
813 791 6 20 i
835 790 72 26 hvarje
922 790 59 21 trakt

150 819 64 22 hafva
236 821 32 19 ett
290 822 70 19 större
377 821 89 20 intresse
482 822 31 19 att
529 820 82 21 bevaka
626 819 246 28 Hypoteksföreningens
888 818 93 21 fördelar

150 849 40 20 och
206 848 90 21 sälunta
315 855 22 14 se
353 849 32 20 till
401 851 31 18 att
447 849 42 20 alla
504 849 26 21 de
546 849 130 26 lägenheter,
693 855 46 14 som
756 850 37 19 äro
810 847 102 22 belånade
934 847 46 21 icke

150 877 123 21 vanskötas.
304 877 41 26 Jag
361 882 45 16 tror
422 880 31 18 att
468 877 27 27 på
511 877 26 21 de
553 883 74 16 senare
643 878 51 20 åren
711 878 25 20 de
753 877 82 26 felsteg,
851 883 45 14 som
912 877 6 19 i
934 875 46 22 bör-

146 906 39 26 jan
208 906 23 21 af
252 905 247 28 Hypoteksföreningens
522 906 136 21 verksamhet
673 906 57 26 gjort
745 906 32 25 sig
792 905 104 26 gällande,
912 904 68 21 blifvit

150 934 139 26 undanröjde,
305 941 47 14 men
374 935 28 20 då
417 935 59 21 äfven
490 935 38 26 jag
543 935 46 21 icke
606 935 40 20 kan
662 934 58 21 finna
736 934 65 26 något
817 933 102 27 egentligt
934 933 46 21 skäl

150 969 51 15 vara
216 963 33 20 för
265 963 83 21 handen
364 966 32 18 att
411 970 27 14 nu
454 967 75 22 genast
541 963 100 22 afskrifva
652 963 36 21 det
698 963 34 21 lån
745 962 235 27 Hypoteksföreningen

150 991 86 21 erhållit
251 995 52 17 utan
318 994 46 19 tror
379 994 32 19 att
426 993 35 20 det
477 992 74 25 vilkor,
567 999 45 14 som
629 992 166 21 Statsutskottet
810 991 39 20 här
864 990 115 27 föreslagit,

149 1020 42 21 kan
214 1026 52 15 vara
288 1020 175 27 ändamålsenligt
485 1021 40 21 och
543 1023 32 18 att
595 1021 237 26 Hypoteksföreningen
848 1019 66 21 borde
930 1025 50 15 vara

151 1049 67 26 hjelpt
234 1049 47 21 med
298 1049 39 21 den
349 1049 130 23 räntefrihet,
489 1055 44 15 som
543 1051 24 19 är
575 1049 119 27 föreslagen
702 1051 33 19 att
747 1048 88 27 beviljas
843 1048 67 20 under
919 1047 61 21 dessa

151 1083 29 14 nu
192 1077 93 27 följande
301 1079 12 19 5
329 1079 29 24 år,
374 1079 24 20 så
413 1078 34 21 vill
461 1078 38 27 jag
514 1078 73 21 förena
603 1078 43 26 mig
662 1084 34 15 om
712 1077 123 22 Utskottets
846 1076 134 21 betänkande

151 1106 67 21 under
234 1106 41 21 den
290 1107 142 26 förhoppning
447 1110 32 18 att
495 1107 69 21 denna
579 1113 82 15 summa
676 1106 68 21 under
755 1108 62 19 nästa
828 1105 100 26 landtdag
939 1104 41 22 blir

151 1134 123 21 afskrifven.

222 1192 56 21 Herr
294 1191 105 28 Nybom:
422 1192 40 26 Jag
477 1192 36 21 vill
529 1192 75 21 endast
619 1192 48 21 med
684 1191 115 26 anledning
809 1190 22 22 af
842 1191 54 20 Herr
906 1190 76 21 Linde-

152 1220 42 21 löfs
209 1221 140 26 anmärkning
364 1223 32 18 att
412 1227 25 14 en
453 1221 154 26 inkonseqvens
623 1220 69 21 skulle
707 1220 116 21 förefinnas
838 1219 7 20 i
860 1219 122 21 Utskottets

153 1249 81 27 förslag
252 1251 78 19 nämna
350 1249 66 27 några
431 1250 43 20 ord.
505 1249 56 21 Herr
576 1249 98 22 Lindelöf
689 1249 39 21 har
743 1249 82 26 påstått
841 1248 35 21 det
892 1254 50 14 vara
957 1254 25 14 en

151 1278 158 26 inkonseqvens
330 1280 33 19 att
385 1278 72 21 fordra
477 1278 36 21 det
528 1278 132 26 Föreningen
677 1278 66 21 borde
760 1277 68 21 ändra
843 1277 12 26 $
874 1278 24 20 16
914 1276 6 21 i
936 1276 47 21 sina

152 1306 89 27 stadgar
260 1306 27 21 då
303 1313 48 15 man
367 1306 47 21 icke
429 1307 70 21 tillika
513 1306 68 27 gifver
597 1307 124 21 densamma
737 1312 26 14 en
780 1306 61 26 gåfva
856 1305 23 21 af
892 1305 91 24 600,000

153 1335 62 21 mark
230 1335 40 21 och
287 1342 71 14 menar
373 1338 33 18 att
421 1335 84 27 mycket
520 1337 69 19 större
604 1336 66 26 utsigt
680 1335 71 21 skulle
762 1334 67 21 finnas
840 1336 32 19 att
883 1333 21 21 få
915 1333 69 21 denna

153 1363 103 27 paragraf
276 1364 80 21 ändrad
381 1370 34 14 om
438 1370 48 15 man
509 1367 51 18 utan
583 1364 71 21 vidare
678 1363 108 21 afskrefve
809 1362 61 21 dessa
892 1362 92 25 600,000

153 1393 68 20 mark.
252 1392 44 21 För
319 1393 40 20 min
383 1392 33 21 del
439 1393 67 21 måste
520 1393 37 27 jag
572 1392 39 21 här
627 1392 97 26 begagna
739 1398 82 14 samma
837 1391 85 27 uttryck
938 1396 46 15 som

153 1427 83 15 samma
259 1421 65 21 ärade
346 1421 68 21 taiare
436 1422 124 26 begagnade
575 1421 31 21 vis
622 1420 13 22 å
649 1421 32 21 vis
704 1420 121 22 Ständerne
849 1422 31 18 att
903 1419 36 21 det
960 1420 26 20 är

154 1449 106 27 barnsligt
278 1451 32 19 att
330 1451 33 19 tro
379 1451 33 19 att
427 1456 48 15 man
491 1450 68 21 skulle
574 1450 63 20 vinna
652 1456 26 14 en
694 1449 92 26 ändring
801 1448 22 21 af
837 1448 14 27 &
868 1448 26 21 16
908 1454 76 20 genom

153 1480 34 19 att
209 1478 59 26 gifva
290 1484 25 15 en
331 1478 68 26 gäfva,
414 1480 22 25 ty
451 1484 34 15 om
502 1479 65 25 nägot
582 1478 69 21 skulle
667 1478 82 21 beveka
766 1478 47 20 dem
830 1479 32 18 att
877 1476 108 21 bibehälla

154 1507 70 21 denna
247 1507 101 26 paragraf
368 1506 32 22 för
423 1509 32 19 att
477 1506 136 27 fortfarande,
629 1508 39 20 när
689 1507 37 21 det
748 1506 24 21 sä
791 1505 106 25 behöfves,
914 1505 72 21 kunna
