1078 1781
175 102 57 22 2300
384 108 179 22 Borgareståndet
575 108 55 18 1877.
654 110 24 16 12
690 109 118 17 December.

175 176 47 22 dets
237 177 41 21 väl.
309 176 51 23 Man
378 177 69 22 hart.
464 183 31 16 ex.
512 179 49 24 sett,
577 179 32 20 att
623 178 7 21 i
645 178 113 26 Preussen,
774 177 37 22 der
825 176 178 29 värnepligtsiden

175 205 70 22 blifvit
260 205 126 28 genomförd
399 206 40 21 och
453 212 46 15 som
515 206 34 21 för
564 206 47 21 icke
625 207 24 21 så
664 206 130 27 längesedan
804 205 43 22 fört
858 208 30 19 ett
898 205 105 28 segerrikt

174 234 77 27 fälttåg
266 237 56 19 samt
336 235 93 21 hemfört
443 235 42 21 fem
501 235 109 26 miljarder
624 234 76 27 francs,
716 235 41 21 den
772 235 107 21 allmänna
891 235 112 26 välmågan

174 263 47 21 icke
236 265 25 19 är
276 263 24 21 så
314 263 133 28 synnerligen
464 265 51 20 stor.
537 263 81 27 Krigen
633 263 97 22 förkofra
745 263 82 22 således
842 263 19 27 ej
872 263 40 22 den
922 263 81 22 ekono-

174 291 69 22 miska
265 291 136 27 ställningen.
430 292 61 21 Dock
516 292 102 21 behöfvas
643 294 89 25 trupper
754 292 33 21 för
808 291 84 22 landets
913 291 90 22 försvar.

174 319 50 22 Men
246 321 62 20 äfven
331 320 60 22 detta
413 321 40 20 bör
471 321 74 21 ställas
561 320 30 26 så,
607 323 33 19 att
655 321 73 22 landet
743 321 47 21 icke
805 321 68 21 dukar
887 321 67 21 under
968 320 35 21 för

174 349 88 21 bördan.
286 349 67 21 Detta
368 349 6 21 i
390 349 123 22 allmänhet.
536 349 63 22 Hvad
615 349 65 22 saken
695 350 7 21 i
718 349 65 27 öfrigt
798 349 65 27 angår
875 349 63 22 hafva
948 349 54 21 dock

174 377 24 22 så
213 377 77 27 många
305 377 68 22 talare
391 378 65 21 redan
472 377 96 27 utförligt
583 378 116 22 behandlat
715 378 129 27 densamma,
859 380 32 19 att
904 378 36 27 jag
955 377 48 22 icke

174 406 40 21 har
235 406 67 27 något
324 406 73 21 vidare
419 409 32 19 att
469 406 94 27 tillägga.
592 407 41 26 Jag
647 407 39 21 ber
701 407 57 21 blott
772 409 39 24 att,
827 407 45 20 ifall
886 413 25 15 en
927 408 75 20 värne-

174 434 99 27 pligtslag
295 435 85 21 komme
403 435 32 21 till
459 435 68 26 stånd,
542 441 48 16 man
613 436 67 21 måtte
701 435 65 22 ställa
784 435 23 22 så
825 435 33 22 till
873 437 32 20 att
920 435 83 22 bördan

174 463 61 21 deraf
249 463 69 22 blefve
333 463 25 22 så
372 463 77 27 lindrig
465 470 44 15 som
525 464 89 27 möjligt.

242 641 155 22 Diskussionen
418 641 82 22 afbröts
519 641 76 22 härvid
611 642 39 21 och
665 642 169 21 sammanträdet
849 641 109 28 upplöstes
972 641 31 21 kl.

175 671 25 19 10
216 669 27 27 på
259 669 93 23 aftonen.
