1078 1781
306 114 180 22 Borgareståndet
498 115 58 17 1878.
581 115 12 17 5
604 114 94 18 Januari.
860 109 58 21 2749

159 184 56 22 Herr
238 184 25 21 E.
285 183 94 27 Bergh:
409 183 74 28 Enligt
501 182 57 23 hvad
573 182 173 23 Presteståndets
761 182 107 27 protokoll
883 185 34 20 ut-

90 213 57 22 visar
169 213 40 21 har
230 212 60 21 detta
312 212 68 22 Stånd
402 212 57 27 gjort
481 214 32 19 ett
538 211 74 27 tillägg
633 212 23 21 af
669 211 77 22 sådant
761 211 94 22 innehåll
870 213 48 23 ,att

90 241 120 22 Ständerne
232 240 50 22 ville
303 241 39 21 hos
365 241 61 21 Hans
451 241 120 27 Kejserliga
589 240 102 27 Majestät
705 240 86 21 anhålla
806 240 36 21 det
857 240 61 22 täck-

90 273 34 18 tes
145 270 60 21 Hans
228 269 100 27 Majestät
348 269 7 21 i
376 269 65 22 nåder
456 269 45 22 låta
517 269 33 21 till
565 271 63 19 nästa
643 269 103 26 landtdag
761 269 115 21 verkställa
890 275 28 15 en

91 299 91 21 revision
204 297 24 22 af
248 298 65 21 redan
336 297 110 28 befintliga
468 298 110 21 äfvensom
601 297 101 22 utarbeta
723 303 41 21 nya
779 297 92 26 grunder
885 297 33 21 för

91 327 127 26 bevillnings
239 327 124 26 utgörande,
387 327 70 21 såsom
477 327 37 21 det
529 326 55 21 enda
599 328 66 19 sättet
680 328 33 19 att
728 326 148 21 åstadkomma
891 332 26 15 en

91 355 135 28 förbättring,
241 361 45 16 som
302 355 85 22 förenar
402 355 91 22 rättvisa
508 357 44 19 mot
568 355 26 21 de
609 355 168 26 skattdragande
788 355 47 21 med
846 353 72 27 billigt

92 383 99 22 afseende
212 384 28 27 på
263 384 83 21 landets
365 383 66 22 behof
443 384 24 21 af
481 383 68 22 ökade
565 383 135 22 inkomster.
729 383 34 22 Då
774 383 38 27 jag
827 383 33 21 för
874 383 46 21 min

92 412 35 21 del
141 419 62 15 anser
218 415 32 19 att
265 413 76 21 endast
350 413 28 26 på
388 413 59 21 detta
463 415 44 19 sätt
522 419 26 14 en
556 412 128 27 förbättring
693 412 7 21 i
710 411 208 22 inkomstbevillnin-

92 447 53 21 gens
168 441 117 28 utgörande
308 441 42 21 kan
372 441 167 26 åstadkommas,
562 441 40 22 och
623 441 40 21 den
678 441 122 21 nuvarande
815 441 104 21 inkomst-

93 470 148 27 bevillningen,
256 470 69 21 såsom
341 470 63 21 äfven
414 470 57 21 Herr
486 470 97 27 Ignatius
599 469 124 26 framhållit,
739 471 25 20 är
778 476 25 15 en
819 469 99 22 skriande

93 499 111 25 orättvisa,
224 499 69 21 skulle
306 499 36 26 jag
358 499 26 21 be
400 501 32 19 att
447 499 182 27 Borgareståndet
644 498 47 21 ville
707 498 74 22 förena
796 499 31 26 sig
843 505 34 14 om
888 500 30 19 ett

93 527 68 27 dylikt
176 527 78 27 tillägg.

162 585 56 20 Herr
232 585 131 26 lgnatius:
393 585 42 26 Jag
450 585 41 20 har
505 585 47 21 icke
567 584 117 22 framhållit
699 586 32 19 att
747 584 40 21 den
798 584 120 22 nuvarande

93 607 142 33 bevillningen
261 613 118 21 innehåller
404 619 26 15 en
454 614 101 21 skriande
577 613 105 21 orättvisa
704 615 51 19 utan
778 615 31 19 att
831 613 41 21 den
895 614 24 19 är

93 641 112 28 opraktisk
226 641 39 22 och
283 642 46 21 icke
344 642 151 21 motsvarande
510 642 37 21 sitt
563 642 99 21 ändamål
678 642 40 21 och
730 642 37 26 jag
782 641 68 22 skulle
865 643 54 20 mot-

93 673 58 20 sätta
166 670 43 27 mig
224 671 56 20 Herr
296 671 24 20 E.
335 670 82 26 Berghs
431 671 86 26 förslag.
549 670 40 27 Jag
605 670 68 21 skulle
688 670 47 21 icke
751 677 50 14 anse
817 670 36 21 det
868 676 51 15 vara

93 699 96 28 lämpligt
212 701 32 19 att
262 699 124 26 Ständerne,
402 705 46 16 som
464 699 75 27 sjelfva
554 706 39 20 ega
608 701 33 19 att
656 699 99 21 beskatta
770 699 37 27 sig,
822 698 61 22 skola
898 698 22 21 af

94 729 124 26 regeringen
240 727 79 28 begära
344 727 126 28 ypplysning
495 728 55 21 huru
573 728 60 21 detta
655 728 54 21 skall
731 728 44 21 ske.
805 727 42 22 Det
869 733 50 15 vore

93 763 27 15 en
127 752 10 36 .
140 757 153 26 inskränkning
314 757 6 20 i
343 757 209 26 representationens
572 756 74 27 frihet;
663 757 36 20 det
714 756 72 21 tillhör
801 756 118 21 Ständerne

93 785 76 27 sjelfva
191 787 32 19 att
246 785 65 22 tänka
326 785 61 26 efter,
411 785 40 22 och
475 786 36 21 det
527 785 24 22 så
566 785 84 27 mycket
665 791 59 15 mera
739 791 46 15 som
801 785 36 21 det
853 784 66 22 finnes

93 814 78 27 många
177 813 147 28 beskattnings
338 814 64 27 gebit,
419 814 38 21 der
472 821 26 14 en
515 814 81 21 olikhet
610 814 55 21 visat
680 814 32 26 sig
727 814 92 21 existera
828 813 91 22 emellan

93 843 135 26 regeringens
251 842 40 22 och
314 842 129 22 Ständernes
463 843 137 27 uppfattning
615 842 39 22 och
670 849 48 14 man
734 843 46 20 icke
795 844 58 20 vetat
867 841 52 22 hvar

93 871 41 22 den
149 877 51 16 enas
215 871 127 26 befogenhet
357 871 68 22 slutar
440 871 41 22 och
497 872 40 21 den
553 872 79 21 andras
645 871 78 27 börjar.
754 871 42 21 Det
806 873 24 19 är
840 871 28 26 på
878 871 41 21 den

93 901 68 25 grund
184 901 32 20 att
235 900 37 27 jag
294 906 62 15 anser
378 900 121 21 Ständerne
522 900 47 21 icke
584 901 53 20 böra
652 900 76 21 beröra
744 900 59 21 detta
818 899 102 27 ömtåliga

93 930 69 24 ämne,
177 934 46 16 som
236 929 36 26 jag
287 928 97 22 anhåller
399 931 32 19 att
447 929 90 22 Ståndet
553 929 47 21 icke
615 929 35 20 må
665 929 73 21 förena
753 929 32 26 sig
800 934 34 15 om
849 928 70 26 någon

92 957 91 26 petition
197 957 7 21 i
220 957 75 27 antydt
310 957 60 27 syfte.

161 1013 57 22 Herr
241 1015 23 20 E.
288 1014 98 27 Bergh:
418 1015 65 21 Emot
506 1015 54 21 hvad
584 1015 56 20 Herr
661 1014 95 27 Ignatius
777 1013 86 22 anförde
881 1013 39 22 ber

90 1043 38 26 jag
150 1046 33 17 att
205 1043 21 21 få
248 1045 78 19 nämna
344 1045 33 19 att
392 1043 35 21 vid
445 1044 56 21 1863
516 1043 35 21 års
567 1043 101 27 landtdag
684 1043 36 21 det
736 1043 66 21 första
817 1042 102 27 förslaget

93 1071 32 21 till
148 1071 214 28 bevillniogsstadgan
378 1071 104 22 likaledes
498 1072 104 21 förelades
617 1071 24 22 af
654 1072 130 26 regeringen.
814 1071 42 21 Det
876 1077 44 15 om-

93 1099 114 22 arbetades
222 1107 41 20 nog
278 1101 34 21 vid
330 1101 54 21 1863
400 1101 35 20 ärs
450 1101 105 26 landtdag
563 1101 39 21 och
611 1100 68 28 erhöll
692 1107 25 14 en
727 1100 61 27 form,
798 1106 45 15 som
854 1099 65 22 sedan

93 1129 48 20 dess
164 1129 114 26 undergätt
300 1131 75 20 nästan
397 1129 50 27 inga
469 1129 155 27 förändringar.
654 1129 68 21 Äfven
746 1135 33 15 om
795 1128 124 27 regeringen

93 1156 101 22 tillsätter
209 1163 26 16 en
250 1158 80 21 komité
344 1157 34 22 för
393 1158 153 21 utarbetandet
561 1158 24 21 af
599 1164 40 21 nya
653 1158 94 26 grunder
761 1157 34 22 för
810 1156 110 22 bevillnin-

93 1191 46 21 gen,
163 1185 24 22 sä
212 1185 61 28 följer
297 1186 47 21 icke
369 1186 61 21 deraf
453 1188 34 19 att
513 1187 118 21 Ständerne
654 1186 90 21 behöfva
766 1187 77 25 antaga
859 1185 61 21 dessa

92 1215 101 26 grunder,
216 1221 47 15 men
282 1215 36 21 det
333 1215 105 26 material,
455 1221 47 15 som
518 1215 69 22 denna
602 1215 80 21 komit6
698 1215 163 25 åstadkommer,
876 1214 44 21 kan

92 1243 60 27 tjena
167 1243 33 21 till
215 1245 31 20 ett
261 1243 136 27 välbehöfligt
412 1244 105 27 underlag
532 1244 33 21 för
581 1250 25 15 en
621 1250 27 20 ny
660 1243 209 28 bevillnings-stadga
880 1242 40 22 och

93 1272 122 27 derigenom
238 1272 90 27 bespara
350 1273 250 21 nästsammanträdande
616 1272 91 22 Ständer
722 1273 84 26 mycket
821 1271 38 25 tid,
874 1277 45 15 som

93 1307 77 15 annars
191 1301 61 27 ätgär
274 1301 32 21 till
327 1302 140 26 uppgörande
483 1302 23 21 af
523 1301 80 27 förslag
619 1301 33 21 till
668 1308 27 21 ny
711 1300 208 28 bevillningsstadga.

93 1329 33 21 De
141 1330 199 21 sammanträdande
356 1330 120 21 Ständerne
492 1330 66 21 hafva
572 1330 111 26 vanligtvis
697 1330 23 22 sä
730 1331 85 26 mycket
825 1331 32 19 att
868 1331 52 24 göra

92 1360 33 19 att
148 1358 48 22 dem
211 1358 64 22 fattas
293 1358 31 22 tid
340 1358 34 22 till
388 1360 34 20 att
436 1361 98 25 uppgöra
549 1360 32 20 ett
595 1358 77 22 sädant
686 1358 133 26 fullständigt
833 1357 85 27 förslag.

162 1415 56 21 Herr
232 1416 128 21 Kurtén:
390 1416 42 27 Jag
447 1416 39 21 ber
501 1418 32 19 att
548 1416 20 20 få
583 1415 73 22 förena
669 1416 43 26 mig
722 1416 7 21 i
740 1416 55 21 Herr
805 1416 24 20 E.
839 1414 81 28 Berghs

92 1444 99 26 yttrande
214 1444 31 22 uti
263 1444 69 22 denna
348 1444 34 22 del
398 1432 39 33 och
453 1444 40 22 ber
507 1447 32 19 att
555 1444 22 21 fä
591 1444 87 27 tillägga
693 1432 32 34 att
740 1444 141 26 anledningen
896 1445 24 19 är

93 1472 44 21 helt
159 1472 72 22 enkelt
254 1473 40 21 den
316 1474 33 20 att
371 1474 68 20 under
459 1474 71 20 denna
545 1473 101 27 landtdag
662 1474 36 20 det
713 1475 58 25 synts
786 1479 51 15 vara
852 1471 68 33 omöj-

92 1500 40 27 ligt
155 1503 32 19 att
210 1501 22 21 fä
254 1503 31 20 ett
308 1502 68 26 däligt
397 1501 81 27 förslag
501 1502 136 21 förbättradt.
667 1501 50 22 Alla
731 1502 107 26 medgifva
853 1500 19 22 vi
888 1502 32 20 att
