1078 1781
148 97 56 26 2572
357 106 180 22 Borgareståndet
552 107 54 18 1877.
630 108 28 16 20
670 106 119 18 December.

147 175 185 28 ningskostnaden
358 175 32 22 till
416 177 12 21 5
453 176 64 27 penni
542 176 7 21 i
573 175 73 22 stället
670 176 33 21 för
728 176 27 21 25
781 175 62 28 penni
868 181 34 16 om
926 175 54 22 året.

149 205 67 21 Detta
242 205 40 21 allt
306 207 40 24 gör
370 207 33 19 att
426 205 67 27 årliga
517 205 120 21 kostnaden
660 204 32 22 för
708 204 128 27 beväringen
854 204 68 21 skulle
937 205 45 21 för-

148 233 63 28 höjas
232 234 49 21 med
305 235 13 20 3
335 233 61 22 mark
417 234 27 21 20
463 234 63 27 penni
542 233 33 22 för
590 233 73 28 hvarje
678 233 22 21 af
714 233 162 27 ifrågavarande
890 233 90 21 artiklar

149 262 40 21 och
210 262 60 21 detta
288 263 48 20 åter
352 261 70 22 skulle
437 262 28 27 på
484 262 39 21 den
540 262 68 21 totala
625 262 119 21 kostnaden
762 262 64 21 verka
841 267 25 16 en
882 261 98 22 differens

149 290 22 22 af
191 291 84 26 årligen
300 291 77 26 16,000
400 291 67 21 mark.
497 291 95 21 Emedan
610 291 38 27 jag
663 290 127 22 förutsätter
804 292 32 19 att
851 290 62 22 dessa
927 289 53 22 slut-

148 318 72 22 siffror
246 319 51 22 bero
320 319 28 28 på
370 321 32 19 ett
425 319 95 28 misstag,
535 319 24 22 så
582 319 35 21 vill
638 319 37 27 jag
694 319 46 21 icke
756 321 53 26 göra
822 319 70 27 någon
908 319 73 21 vidare

149 348 143 27 anmärkning
314 350 27 19 än
364 350 33 19 att
418 354 34 15 om
468 348 39 21 allt
521 347 98 28 föröfrigt
634 350 24 19 är
672 348 76 27 rigtigt
764 347 39 22 och
818 347 61 22 dessa
893 347 35 27 fel,
944 353 35 16 om

149 376 74 21 hvilka
242 377 37 26 jag
294 377 106 25 anmärkt,
416 379 73 25 rättas,
506 377 40 22 den
562 376 67 27 årliga
643 376 120 22 kostnaden
778 376 85 22 komme
878 379 33 19 att
926 376 55 21 ökas

149 405 50 22 med
215 406 77 25 16,000
307 405 67 22 mark.

220 462 58 22 Herr
297 462 154 22 Lindelöf:
481 463 42 26 Jag
540 462 71 22 anhöll
628 469 34 15 om
678 463 62 21 ordet
756 462 32 21 för
803 464 32 19 att
849 462 56 21 fästa
916 461 65 22 Stån-

151 491 47 21 dets
219 491 191 27 uppmärksamhet
431 491 36 21 vid
489 497 26 15 en
531 491 159 27 omständighet
712 492 8 20 i
740 491 122 21 Utskottets
877 491 103 26 kalkyler,

151 525 46 16 som
220 519 47 22 icke
290 526 62 21 synes
374 521 43 25 mig
431 522 44 19 rätt
489 520 54 21 klar.
573 520 69 21 Saken
657 520 69 27 gäller
740 520 41 21 den
797 519 122 27 beräkning,
934 525 46 16 som

151 548 145 21 förekommer
318 549 28 26 på
371 549 59 20 sidan
453 549 14 21 8
483 549 110 27 angående
608 548 180 22 omkostnaderne
802 548 34 21 för
851 554 130 15 reservman-

152 577 88 26 skapets
255 577 123 27 utrustning
389 577 39 21 och
439 579 78 19 möten.
539 577 80 22 Härom
630 579 62 25 säger
702 577 123 22 Utskottet:
841 577 47 25 ,,Då
899 583 80 15 reserv-

151 607 71 20 möten
246 605 68 22 under
336 607 106 20 närmaste
465 605 153 27 femårsperiod
638 605 86 22 komma
740 608 33 19 att
788 605 100 22 anställas
904 606 76 21 endast

150 635 25 20 år
199 635 52 20 1881
275 634 48 21 med
348 641 25 15 en
390 635 128 21 åldersklass
537 635 40 21 och
594 635 54 21 1882
664 634 49 21 med
728 637 77 18 tvenne
819 634 160 26 åldersklasser,

151 663 83 21 hvilket
255 663 42 21 kan
319 663 145 27 ungefärligen
486 663 87 28 betinga
596 663 113 21 enahanda
723 663 98 24 kostnad,
837 669 45 15 som
898 665 31 19 ett
944 662 36 21 års

151 693 58 19 möte
227 692 49 21 med
291 692 13 20 3
320 691 159 25 åldersklasser,
495 692 61 21 torde
571 694 32 19 ett
618 692 75 27 anslag
708 691 22 22 af
745 691 92 23 700.000
852 691 60 22 mark
927 693 53 24 göra

151 720 35 21 för
200 720 122 21 ändamålet
337 720 100 27 tillfylles.
459 720 50 21 Men
524 723 65 24 gevär
602 720 39 21 och
652 721 26 20 de
691 720 168 26 nödvändigaste
868 719 112 22 uniforms-

151 749 110 26 persedlar
283 749 68 21 måste
376 749 107 21 dessutom
507 749 112 21 anskaffas.
650 749 77 21 Denna
751 749 62 26 utgift
833 749 61 21 torde
909 749 73 26 uppgå

151 777 33 21 till
207 777 63 26 högst
293 778 39 21 180
354 777 61 21 mark
431 784 40 21 per
485 784 48 15 man
549 778 40 21 och
604 777 83 22 således
702 777 34 21 för
750 777 89 26 ungefär
853 777 63 26 5,000
930 783 50 16 man

151 805 33 22 till
195 806 93 26 900,000
298 806 81 21 mark."
395 805 34 22 Nu
439 806 40 21 har
489 806 112 21 Utskottet
611 806 119 21 emellertid
740 806 14 21 å
764 806 38 21 sid.
815 807 28 20 36
851 806 21 21 af
880 805 100 28 bihanget

151 833 32 22 till
207 835 48 20 dess
270 835 134 21 betänkande
427 835 104 21 beräknat
545 837 33 19 att
593 835 67 21 första
675 835 156 21 åldersklassen
847 835 22 21 af
882 841 98 14 reserven

151 863 85 21 komme
259 865 33 19 att
314 865 77 25 utgöra
412 864 63 25 5,300
496 870 55 20 man,
574 863 40 22 den
635 863 68 21 andra
724 864 62 25 5,168
801 863 39 22 och
857 863 40 21 den
912 863 68 26 tredje

152 892 63 24 5,040
238 897 55 16 man.
331 892 111 21 Förutsatt
463 894 34 19 att
519 892 67 21 under
608 892 50 21 ären
684 892 141 21 1880—1882
848 892 74 21 endast
944 892 37 21 tvä

151 919 155 22 åldersklasser
323 921 85 21 komma
428 923 32 19 att
475 921 66 24 öfvas,
557 921 69 21 skulle
642 921 64 21 likväl
722 920 50 21 hela
786 921 81 21 antalet
882 920 22 21 af
918 921 62 21 dessa

151 949 66 21 redan
238 949 72 27 uppgä
329 950 32 21 till
379 950 72 26 10,468
467 956 49 14 man
532 950 52 21 hvar
599 952 58 19 emot
672 949 113 22 Utskottet
799 949 98 27 upptagit
912 955 68 21 vapen

152 977 39 21 och
207 978 122 27 utrustning
344 978 75 21 endast
434 978 32 21 för
481 979 63 25 5,000
560 985 55 14 man.
631 979 41 26 Jag
687 981 35 18 vet
735 978 47 21 icke
797 984 34 15 om
847 978 41 21 alla
904 980 32 19 tre
950 977 31 22 äl-

152 1006 159 22 dersklasserna
326 1007 60 21 skola
402 1007 96 27 begagna
513 1013 81 15 samma
609 1013 67 21 vapen
692 1007 40 21 och
745 1007 81 25 kläder,
837 1007 7 20 i
857 1007 75 21 sådant
942 1006 37 21 fall

151 1035 69 21 skulle
236 1035 70 21 denna
320 1035 58 21 siffra
392 1035 72 21 kunna
480 1035 106 22 försvaras
602 1035 67 22 ehuru
685 1036 40 21 den
742 1035 60 22 äfven
818 1035 27 21 dä
855 1041 50 16 vore
915 1035 66 27 nägot

151 1063 34 21 för
206 1063 41 28 läg,
270 1064 88 21 emedan
381 1064 66 21 första
470 1063 84 22 klassen
578 1070 71 15 ensam
666 1064 98 21 kommer
779 1066 32 19 att
826 1066 76 25 utgöra
917 1064 65 23 5,300

151 1098 56 15 man.
238 1092 42 21 Det
295 1093 41 20 kan
352 1092 66 21 likväl
433 1099 50 15 vara
499 1093 144 27 tvifvelaktigt
659 1092 105 22 buruvida
779 1093 58 20 detta
853 1095 24 18 är
892 1092 90 22 Utskot-

152 1123 42 18 tets
214 1122 85 25 mening
319 1121 27 21 dä
361 1121 118 22 detsamma
493 1121 28 27 pä
535 1121 62 21 sidan
616 1123 24 20 19
656 1123 74 24 säger:
755 1121 56 26 ,Det
826 1121 154 27 nyinträdande

151 1150 199 26 reservmanskapet
374 1150 100 21 beklädes
497 1150 39 21 och
559 1150 88 21 beväres
662 1151 61 20 alltid
734 1150 40 21 vid
790 1150 66 21 första
870 1150 110 26 kompani-

151 1179 75 25 mötet,
241 1178 108 22 hvarefter
364 1178 136 27 persedlarne
516 1179 57 26 tjena
589 1179 67 21 under
671 1179 124 26 påföljande
806 1180 91 20 möten."
914 1178 68 22 Häraf

151 1206 38 21 vill
205 1207 35 20 det
255 1213 70 21 synas,
341 1213 45 15 som
402 1213 33 15 om
451 1207 73 28 hvarje
539 1213 28 22 ny
582 1207 126 22 inträdande
724 1213 122 16 reservman
862 1207 68 22 skulle
944 1213 36 21 ge-

151 1237 50 19 nast
222 1235 67 22 förses
312 1236 47 21 med
378 1236 78 26 nödiga
473 1237 109 26 persedlar
597 1236 6 21 i
619 1236 75 22 kläder
710 1236 40 22 och
767 1236 125 27 utrustning,
909 1236 73 21 hvilka

151 1264 69 21 skulle
240 1264 34 22 stå
296 1264 33 22 för
352 1264 52 22 hans
429 1265 90 27 räkning
541 1265 86 27 sålänge
642 1265 42 21 han
699 1265 42 21 hör
756 1265 33 21 till
804 1271 104 15 reserven.
939 1265 43 21 Det

151 1292 63 22 torde
234 1293 34 21 väl
292 1293 60 21 äfven
372 1293 96 21 medföra
489 1294 138 26 olägenheter
642 1294 39 21 och
696 1293 134 27 svårigheter
845 1300 34 15 om
894 1294 36 21 det
944 1293 40 21 be-

151 1321 94 22 stämdes
261 1324 33 19 att
316 1328 80 15 samma
418 1322 109 26 persedlar
542 1322 69 22 skulle
625 1322 109 28 begagnas
750 1322 23 22 af
786 1322 26 21 de
827 1322 58 22 olika
899 1322 83 22 älders-

151 1350 112 21 klasserna
285 1350 67 22 under
374 1356 81 16 samma
477 1352 30 25 år,
529 1351 88 21 emedan
634 1352 126 26 öfningarne
774 1351 92 26 försiggå
882 1351 27 27 på
924 1350 59 22 olika

151 1378 84 27 ställen,
252 1378 33 22 för
300 1379 67 21 första
382 1379 38 21 och
436 1380 67 20 andra
515 1380 156 21 åldersklassen
682 1380 134 26 kompanivis
826 1380 34 20 vid
870 1380 112 26 kompani-

151 1406 93 26 ståndet,
267 1414 48 15 men
338 1407 34 22 för
391 1408 68 26 tredje
474 1408 157 22 äiderskiassen
646 1408 139 27 bataijonsvis
799 1408 7 21 i
821 1408 98 27 förening
932 1408 49 21 med

152 1436 27 21 de
201 1436 73 21 aktiva
292 1438 126 26 truppernes
436 1436 121 28 bataljoner
576 1437 12 21 å
604 1437 62 21 dessa
681 1436 144 28 lägerställen.
856 1437 42 21 Det
912 1436 71 22 skulle

152 1464 71 21 derför
245 1465 67 27 enligt
335 1464 43 22 min
399 1466 64 20 tanke
479 1466 94 21 medföra
588 1466 88 26 mycken
692 1465 68 22 oreda
774 1472 34 14 om
825 1465 26 21 de
865 1465 71 22 skilda
950 1465 38 21 ål-'

153 1492 160 23 dersklasserne
335 1500 50 16 vore
408 1494 115 22 hänvisade
540 1496 33 20 att
587 1494 96 27 begagna
698 1499 84 17 samma
796 1494 130 28 mundering,
941 1494 40 22 och
