1078 1781
150 108 63 22 2848
353 130 3 2 .
372 113 180 21 Borgareständet
565 114 57 17 1878.
646 114 24 18 12
681 113 95 18 Januari.

154 181 38 28 jag
207 180 119 29 medgifver
340 183 33 21 att
385 182 40 22 den
440 184 24 20 är
480 182 71 23 oklart
565 182 97 23 affattad.
684 182 46 21 Den
740 183 59 20 rätta
810 180 123 28 tolkningen
943 180 43 22 kan

157 210 47 22 icke
226 211 104 22 innebära
352 213 66 20 annat
432 213 27 20 än
475 213 37 23 att,
528 211 70 22 såsom
611 211 37 27 jag
664 211 35 21 vid
714 211 32 21 ett
761 210 127 27 föregående
902 209 84 22 tillfälle

157 239 40 23 har
214 239 108 27 anmärkt,
338 239 26 22 de
380 239 31 22 till
427 239 80 23 militär
521 239 82 23 indelta
619 239 125 22 hemmanen
758 239 64 22 skola
837 237 149 29 tillgodonjuta

158 267 41 22 den
224 268 94 28 lindring
340 270 33 19 att
395 268 46 22 icke
464 268 91 22 behöfva
578 270 78 25 utgöra
678 268 97 27 rustning
799 267 40 22 och
855 267 95 26 rotering
964 266 22 21 in

158 298 78 20 natura
254 298 53 20 utan
326 296 20 22 få
362 296 149 27 tillgodonjuta
526 297 41 22 den
582 297 83 21 lättnad
682 297 26 21 de
723 296 33 22 för
770 296 132 21 närvarande
917 295 69 22 hafva.

157 325 173 23 Bondeståndets
354 325 124 27 inbjudning
503 326 73 27 tyckes
598 325 47 22 åter
660 325 115 22 förutsätta
790 327 32 20 att
837 331 29 15 nu
880 323 106 25 erfordras

159 353 166 22 Ständerbeslut
348 354 40 21 och
409 355 36 20 det
467 353 44 22 alla
533 355 47 27 fyra
602 354 78 21 Stånds
696 354 141 26 enstämmiga
851 353 33 22 för
899 355 32 19 att
946 353 41 21 den

159 382 55 22 skall
229 382 99 26 fortfara,
344 383 52 26 eljes
410 383 69 21 skulle
494 383 41 21 den
550 383 105 27 uppböra:
680 381 116 23 Hvarifrån
811 388 26 16 en
853 382 23 21 så
891 381 96 28 originell

158 411 99 26 tolkning
280 411 43 22 kan
346 411 88 22 härleda
456 411 32 27 sig
509 413 24 20 är
556 411 35 22 för
605 411 43 27 mig
664 411 135 27 obegripligt.
829 411 86 21 Liksom
932 410 55 22 Herr

159 439 97 28 Procopé
272 440 47 26 och,
335 445 34 16 om
382 440 38 27 jag
434 440 81 21 förstod
531 442 51 26 rätt,
597 440 57 21 Herr
669 440 113 21 Molander
796 439 66 22 redan
877 439 64 21 hafva
952 445 36 15 an-

159 469 77 25 märkt,
258 468 79 22 fortfar
356 468 40 22 den
414 468 32 22 till
463 469 48 21 dess
526 469 47 27 fyra
589 468 67 22 Stånd
672 469 64 21 hafva
752 467 92 28 upphäft
859 467 128 24 densamma,

159 503 50 16 men
231 497 33 21 till
285 499 32 19 ett
339 497 77 22 sådant
438 497 149 27 upphäfvande
609 497 84 22 fordras
712 497 72 22 såsom
799 497 67 21 första
877 496 69 22 vilkor
962 503 26 15 en

159 525 107 27 Kejserlig
284 526 133 27 proposition
434 532 35 15 om
485 527 48 21 dess
548 526 156 27 upphäfvande,
720 532 48 15 men
784 526 69 26 någon
868 525 66 22 sådan
950 525 38 21 har

159 553 33 22 till
213 554 121 22 Ständerna
357 554 45 22 icke
425 555 68 26 ingått
516 555 39 21 och
572 555 73 21 derom
661 555 42 21 kan
719 555 84 21 således
818 555 46 21 icke
880 560 28 15 nu
923 553 65 22 blifva

159 582 67 28 fråga.
258 583 62 21 Hvad
336 583 101 21 särskildt
453 583 67 27 angår
535 583 82 22 formen
633 583 33 22 för
682 583 172 22 Bondeståndets
865 582 123 27 inbjudning

159 610 25 23 så
199 611 69 22 måste
283 617 49 16 man
347 612 102 21 anmärka
465 612 40 21 den
521 613 65 20 oreda
601 612 40 22 och
657 611 119 28 förvirring,
792 617 45 16 som
853 611 62 22 råder
930 611 7 21 i
948 611 40 21 den

160 639 90 22 sålunda
270 642 33 19 att
321 640 80 27 vigtiga
416 640 149 22 hufvudsatser
579 641 64 21 hafva
657 640 71 22 blifvit
743 640 114 27 insmugna
870 640 71 21 såsom
956 645 32 16 re-

160 668 66 22 lativa
242 669 197 28 mellanmeningar.
468 669 47 22 Den
531 669 67 22 första
608 669 193 27 mellanmeningen
815 668 118 23 innehåller
948 668 41 21 den

161 697 116 27 origtighet
292 700 32 19 att
339 698 33 21 för
384 697 99 22 framtida
499 698 128 27 erläggande
642 698 22 21 af
677 697 167 28 vakansafgifter
859 697 83 22 fordras
956 698 33 20 att

161 726 46 27 fyra
228 726 69 21 Stånd
318 726 69 21 skulle
403 726 70 21 dertill
489 727 90 20 besluta.
609 726 49 28 Nej!
675 729 101 23 tvärtom,
793 726 36 22 det
844 726 84 21 fordras
942 725 47 22 icke

161 754 66 27 något
243 754 71 22 beslut
329 755 46 26 alls,
391 756 23 26 ty
428 755 41 21 den
484 755 76 22 fortfar
575 755 24 22 så
613 755 64 22 framt
692 755 41 21 den
749 755 47 22 icke
807 755 6 20 i
824 754 64 27 laglig
898 754 91 27 ordning

161 789 78 21 genom
261 789 26 16 en
302 783 107 27 Kejserlig
424 784 131 26 proposition
571 784 40 21 och
627 784 45 27 fyra
686 783 79 22 Ständs
781 783 70 22 beslut
866 782 123 29 upphäfves,

161 818 50 15 men
225 812 29 27 på
269 818 26 15 en
310 813 66 21 sådan
392 812 91 22 särskild
498 812 106 27 Kejserlig
619 813 133 27 proposition
768 812 21 22 få
804 812 19 21 vi
839 811 72 22 säkert
925 813 65 20 vänta

162 840 151 27 evinnerligen.
344 841 46 21 Den
412 841 96 22 kommer
528 841 47 22 icke
590 841 32 22 till
637 843 63 20 nästa
715 841 104 27 landtdag
833 840 40 22 och
888 841 18 26 ej
922 840 68 21 heller

163 869 33 21 till
212 869 40 22 den
269 869 66 28 derpå
350 869 100 28 följande,
466 869 89 22 emedan
571 870 40 21 den
627 870 68 22 skulle
708 869 104 22 innebära
821 871 32 20 ett
863 869 127 22 ruinerande

163 897 23 22 af
202 898 168 26 militärfonden,
385 904 45 16 som
445 900 24 19 är
483 899 98 26 grundad
596 899 27 26 på
639 899 118 26 rustnings-
773 898 40 22 och
828 898 161 21 rotevakansen.

163 927 71 21 Sedan
249 927 8 21 i
273 927 191 27 hufvudmeningen
480 927 95 22 förklara
590 927 118 22 Ständerne
724 929 34 20 att
773 927 26 21 de
814 926 74 23 bifalla
902 929 32 19 att
949 926 41 21 den

163 955 36 22 må
214 955 91 22 fortfara
319 956 7 21 i
341 956 13 21 5
373 956 25 21 år
418 955 51 22 eller
482 956 31 21 till
530 957 62 20 1882.
621 956 62 22 Hvad
700 955 60 22 bifall
774 956 43 21 kan
833 955 33 22 väl
881 955 109 22 erfordras

164 984 34 21 till
220 985 66 26 något
307 990 46 15 som
376 984 26 21 de
424 984 56 22 facto
496 985 40 21 och
551 985 26 20 de
590 985 49 27 jure
653 985 66 21 redan
735 984 106 22 existerar
851 983 39 22 och
905 983 85 22 hvartill

163 1012 63 27 ingen
242 1013 136 26 proposition
393 1014 24 20 är
432 1013 119 22 Ständerne
566 1013 103 28 förelagd.
699 1014 43 21 Det
758 1013 38 21 vill
811 1015 51 24 säga
875 1012 114 27 ungefärli-

162 1047 41 21 gen
225 1043 33 20 att
281 1041 121 22 Ständerne
424 1042 55 21 afstå
501 1042 28 27 på
547 1043 12 20 5
575 1043 25 20 år
615 1045 33 19 att
663 1045 49 22 taga
728 1043 32 21 ett
776 1041 152 22 revolutionärt
943 1043 47 25 steg

163 1069 40 22 och
218 1071 34 20 att
266 1069 179 28 vakans-afgiften
461 1071 26 21 då
503 1071 54 21 skall
572 1071 96 27 upphöra
684 1070 106 23 förklaras
800 1070 66 22 redan
878 1070 112 21 förskotts-

163 1099 32 21 vis
220 1099 64 21 innan
307 1099 71 26 någon
398 1099 131 27 proposition
551 1099 111 22 inkommit
676 1100 8 21 i
699 1101 74 20 ämnet
792 1099 39 22 och
846 1099 64 21 innan
926 1098 65 27 något

163 1127 90 22 Utskott
276 1127 110 22 förberedt
406 1128 94 21 ärendet.
529 1128 41 27 Jag
586 1128 124 22 instämmer
725 1127 73 22 derför
813 1128 7 21 i
836 1127 35 22 det
885 1127 105 28 yttrande,

163 1162 46 16 som
230 1156 23 22 af
274 1163 27 15 en
319 1156 128 27 föregående
463 1157 68 21 talare
546 1157 6 20 i
568 1156 90 23 Ståndet
672 1157 70 22 blifvit
758 1155 89 28 afgifvet
861 1158 32 19 att
908 1156 82 27 inbjud-

163 1185 78 27 ningen
264 1185 47 22 icke
326 1185 69 22 måtte
410 1185 32 22 till
457 1186 70 26 någon
542 1185 76 28 åtgärd
633 1186 47 22 från
696 1185 103 22 Ståndets
815 1185 46 22 sida
874 1184 116 22 föranleda.

233 1242 58 22 Herr
305 1242 128 22 Jansson:
464 1242 61 22 Hvad
538 1243 37 27 jag
587 1243 6 22 i
608 1243 39 22 sak
662 1243 57 22 hade
735 1245 33 20 att
783 1242 75 22 anföra
872 1243 40 21 har
926 1243 66 21 redan

165 1270 141 22 jahufvudsak
329 1271 67 21 blifvit
412 1271 121 22 framhållet
548 1272 23 21 af
587 1273 81 21 Herrar
683 1272 114 22 Molander
812 1272 39 21 och
866 1272 126 27 Tengström

159 1277 92 72 rör
271 1300 37 27 jag
324 1300 7 21 i
346 1300 120 21 hufvudsak
481 1300 86 22 förenar
582 1302 43 26 mig
640 1301 48 21 med
704 1302 55 21 dem.
790 1300 72 27 Enligt
877 1300 44 22 min
937 1300 55 28 åsigt

175 1328 52 21 orde
249 1328 171 27 vakansafgiften
438 1329 35 21 stä
486 1329 7 21 i
508 1330 25 21 så
547 1329 133 28 oskiljaktigt
695 1329 156 27 sammanhang
866 1329 48 21 med
926 1329 66 21 indel-

165 1356 137 27 ningsverket
328 1359 33 19 att
384 1357 47 21 dess
454 1357 103 23 häfvande
581 1358 68 22 skulle
672 1358 104 22 innebära
798 1358 158 27 upphäfvandet
970 1358 24 21 af

165 1384 75 28 sjelfva
258 1386 196 27 indelningsverket
469 1386 38 20 och
525 1387 60 22 torde
600 1387 23 19 af
637 1387 161 27 npphäfvandet
813 1386 24 24 af
851 1387 67 19 denne
934 1386 59 20 insti-

165 1414 70 22 tution
251 1414 62 22 äfven
328 1414 180 28 vakansafgiftens
523 1415 104 22 häfvande
643 1416 57 22 bero.

234 1472 58 22 Herr
306 1472 127 27 Ignatius:
457 1472 38 22 Att
510 1472 73 28 frägan
598 1479 35 15 om
648 1472 182 27 vakansafgiftens
845 1472 99 22 framtida
960 1479 34 15 er-

165 1500 107 28 läggande
287 1501 41 21 blir
343 1503 107 25 upptagen
465 1500 33 23 till
513 1501 106 23 Ständens
634 1502 117 27 afgörande
762 1501 35 22 vid
808 1501 69 22 denna
891 1501 103 27 landtdag
