1078 1781
167 118 57 22 2500
370 122 178 23 Borgareståndet
561 124 55 18 1877.
641 125 23 17 19
676 124 120 18 December.

353 267 151 34 Onsdagen
523 267 56 26 den
597 267 32 26 19
646 267 163 28 December.

236 335 35 22 Kl.
291 337 22 20 11
330 335 45 22 före
390 336 112 27 middagen
521 336 172 21 sammanträdde
712 336 180 27 Borgareståndet
907 336 31 21 till
954 335 45 28 ple-

168 371 57 15 num.
256 364 42 22 Vid
320 365 94 21 anstäldt
435 371 82 20 upprop
538 365 105 21 befunnos
661 365 68 27 öfrige
745 365 100 21 Ständets
860 365 139 21 medlemmar

169 393 183 21 tillstädeskomne
375 396 58 18 utom
456 393 82 22 Herrar
559 393 21 22 J.
597 395 24 20 A.
645 393 81 27 Nystön
750 393 40 22 och
812 393 100 27 Krogius,
927 393 72 21 hvilka

166 422 86 26 jemlikt
267 421 25 22 af
305 421 108 26 Ständets,
429 422 27 27 pä
467 422 54 21 Herr
531 422 149 21 Talmanne
681 417 12 36 n
711 429 9 14 s
731 422 159 26 framställning,
902 428 28 15 nu
942 422 57 21 med-

169 450 72 21 deladt
258 451 102 26 tillständ,
377 451 67 20 skulle
459 450 22 21 fä
496 457 51 14 vara
563 451 147 24 fränvarande,
728 451 40 21 den
781 451 56 21 förra
849 450 66 22 under
926 457 25 15 en
964 450 34 21 del

169 479 23 21 af
213 479 60 21 detta
296 479 85 27 plenum
402 479 39 21 och
462 479 39 21 den
518 485 75 15 senare
609 479 18 27 ej
645 480 82 21 mindre
742 479 68 21 under
825 479 58 21 detta
899 481 27 19 än
941 481 57 20 näst-

169 507 93 27 följande
278 508 116 27 torsdags-,
411 507 94 28 fredags-
521 508 40 21 och
577 509 107 20 eventuelt
699 508 178 27 lördagsplenum.

237 661 42 22 Till
299 662 106 27 justering
427 662 108 27 upplästes
550 663 78 26 utdrag
643 669 25 14 ur
683 662 192 27 Borgareständcts
890 661 109 28 protokoll

169 691 33 21 för
216 691 115 27 gärdagen.

237 827 140 22 Verkstäldes
392 828 47 21 med
455 828 71 21 slutna
541 828 71 21 sedlar
628 829 36 20 det
679 829 66 20 sedan
762 827 6 22 i
778 828 38 26 går
826 827 105 22 beroende
942 827 56 21 valet

169 856 23 21 af
213 858 77 19 tvenne
312 857 117 21 ledamöter
451 857 38 21 och
513 859 76 19 tvenne
611 858 139 26 suppleanter
765 857 6 20 i
788 857 39 20 den
843 856 23 21 af
879 855 119 22 Ständerna

170 885 98 21 beslutna
291 885 294 27 Ständerhusdelegationen;
601 886 40 21 och
664 886 71 21 blefvo
760 885 72 21 härvid
856 885 89 20 utsedde
966 884 32 21 till

169 913 109 22 ordinarie
300 914 128 21 ledamöter:
451 915 56 20 Herr
529 915 26 20 A.
571 915 26 20 H.
615 915 67 21 Bade
699 914 48 21 med
764 915 23 20 21
806 913 39 22 och
861 913 56 22 Herr
932 913 25 21 A.
974 913 24 21 F.

169 943 124 20 Jansson
310 943 47 20 med
374 944 26 19 20
416 945 74 22 röster,
506 945 55 19 samt
577 943 31 21 till
625 944 71 21 desses
712 943 146 26 suppleanter:
872 943 56 20 Herr
938 941 23 22 O.
973 941 25 22 G.

170 971 140 21 Sanmark
326 971 48 21 med
390 972 27 21 30
432 971 39 22 och
486 971 56 22 Herr
558 972 23 21 L.
598 971 140 22 Lindelöf
753 971 48 21 med
819 973 24 19 10
859 972 75 20 röster.

238 1136 75 27 Härpä
328 1137 99 26 föredrog
445 1137 56 21 Herr
519 1137 168 22 Talmannen
703 1137 221 26 Jernvägsutskottets
940 1137 6 21 i
961 1136 39 27 gär

170 1164 118 27 bordlagda
304 1165 78 27 förslag
392 1165 31 22 till
434 1166 205 27 sammanjemkning
648 1166 24 21 af
681 1166 108 22 Ständens
798 1165 122 28 skiljaktiga
930 1165 71 22 beslut

169 1193 35 21 vid
220 1193 156 27 behandlingen
392 1194 22 21 af
425 1194 120 22 Utskottets
561 1195 149 21 betänkanden
722 1195 59 21 N:ris
794 1196 9 19 1
816 1195 39 20 och
866 1195 13 20 3
892 1194 108 27 angäende

169 1222 60 21 Hans
252 1222 119 27 Kejserliga
387 1223 110 27 Majestäts
513 1223 78 27 nådiga
606 1224 133 27 proposition
758 1229 34 15 om
807 1225 32 19 ett
853 1223 148 22 stambansnät

169 1250 34 22 för
217 1250 98 22 Finland.

238 1307 72 22 Mom.
327 1309 9 20 1
357 1308 123 22 föranledde
499 1309 18 27 ej
537 1309 31 21 till
584 1310 75 26 ätgärd
676 1310 47 21 frän
740 1309 191 27 Borgareständets
946 1309 54 21 sida.

238 1364 136 22 Beträffande
390 1372 71 14 mom.
477 1366 13 21 2
505 1366 86 28 yttrade

238 1421 57 21 Herr
318 1422 152 22 Molander:
493 1422 42 22 För
551 1423 44 21 min
611 1422 34 22 del
660 1422 41 22 kan
710 1423 40 27 jag
760 1423 47 21 icke
817 1422 113 27 godkänna
942 1423 59 21 detta

169 1452 95 19 moment
286 1451 32 20 uti
333 1450 122 22 Utskottets
476 1452 297 26 sammanjemkningsförslag
797 1452 38 21 och
851 1454 24 18 är
887 1452 37 26 jag
940 1451 61 22 äfven

169 1478 125 28 öfvertygad
317 1479 72 21 derom
410 1482 32 18 att
457 1480 46 21 icke
519 1480 66 22 heller
600 1480 183 26 Borgareständet
799 1480 41 22 kan
855 1482 52 24 göra
923 1480 35 22 det
974 1481 27 27 pä

169 1507 27 21 de
218 1507 46 21 skäl
287 1514 45 15 som
348 1507 132 28 förebragtes
496 1509 27 21 dä
537 1509 75 27 frägan
628 1509 39 21 sist
682 1516 38 14 var
737 1509 53 21 före.
819 1509 96 21 Emedan
930 1509 70 21 banan
