1078 1781
155 103 58 34 2620
356 112 179 22 Borgareståndet
548 113 56 17 1877.
622 113 26 17 22
660 112 119 18 December.

224 181 58 22 Herr
304 180 140 27 Höckert,
459 187 46 16 som
520 181 99 28 yttrade:
648 182 44 21 För
707 181 43 22 min
766 181 33 22 del
815 187 62 16 anser
888 181 38 28 jag
942 180 40 22 den

155 209 23 22 af
190 210 158 27 Ridderskapet
370 209 40 22 och
432 210 69 21 Adeln
520 213 93 24 antagna
627 210 140 22 redaktionen
783 216 50 15 vara
848 210 49 21 vida
911 210 73 21 bättre

155 240 28 20 än
199 239 36 21 det
250 238 25 22 af
287 238 212 27 Jernvägsutskottet
513 238 125 28 begagnade
654 239 39 21 och
708 239 70 21 skulle
793 239 71 21 derför
875 238 107 27 tillstyrka

156 267 122 27 antagande
299 267 23 22 af
343 267 158 27 Ridderskapet
524 267 41 22 och
587 267 81 22 Adelns
690 267 128 28 inbjudning
835 267 7 22 i
857 267 69 22 denna
942 266 42 22 del.

155 295 71 22 Saken
242 298 25 19 är
282 296 129 24 densamma,
419 302 48 15 men
479 297 74 25 saken,
565 302 46 15 som
621 296 210 27 Jernvägsutskottet
841 296 39 21 har
888 295 95 28 yttryckt

155 324 50 21 med
220 325 77 21 endast
311 328 77 18 tvenne
403 325 45 26 ord,
464 326 87 26 utsäges
567 325 39 21 här
621 325 27 26 pä
663 327 32 19 ett
710 325 105 27 tydligare
830 326 49 20 sätt.

224 381 36 22 Då
281 382 62 27 ingen
365 381 73 22 vidare
460 382 73 21 anhöll
553 388 34 15 om
603 382 69 26 ordet,
687 381 134 22 förklarades
836 381 146 22 diskussionen

157 410 95 22 afslutad
268 410 40 22 och
323 410 57 22 Herr
395 410 178 22 Talmannen
589 410 131 22 framställde
735 410 94 27 följande

225 467 216 28 Proposition:
473 467 38 26 De,
533 473 46 16 som
600 467 51 27 vilja
666 470 78 24 antaga
760 467 168 26 Ridderskapets
943 466 40 22 och

156 495 81 22 Adelns
261 502 29 15 nu
311 495 127 28 föredragna
459 495 134 28 inbjudning,
617 502 62 15 svara
699 496 42 27 ja;
764 496 74 21 vinner
855 495 51 27 nej,
922 501 63 16 anses

155 524 155 28 inbjudningen
325 525 25 20 af
362 525 183 26 Borgareståndet
559 524 80 27 afböjd.

226 581 77 22 Svaret
318 582 14 21 å
346 582 70 21 denna
430 582 133 27 preposition
578 582 63 21 utföll
656 582 49 21 med
720 581 105 28 enhälligt
838 581 33 28 ja.

227 725 57 21 Herr
299 725 170 22 Talmannen
485 725 100 28 föredrog
600 726 178 22 Statsutskottets
794 726 5 21 i
815 726 38 26 går
868 725 33 22 för
916 725 67 21 andra

157 753 83 28 gången
256 754 119 27 bordlagda
391 754 134 22 betänkande
540 754 40 22 N:o
598 755 25 21 15
640 754 6 21 i
661 755 115 26 anledning
791 754 23 21 af
827 754 60 21 Hans
897 753 86 28 Kejser-

157 782 44 27 liga
221 782 113 27 Majestäts
356 783 82 26 Nådiga
453 783 133 27 proposition
602 783 91 21 rörande
708 782 246 29 Hypoteksföreningens
976 782 7 21 i

158 811 73 22 landet
246 811 147 28 underdåniga
408 812 117 27 ansökning
541 818 34 15 om
590 812 123 21 understöd.

227 868 124 22 Utskottets
366 869 134 22 betänkande
515 869 37 27 gaf
566 869 114 27 anledning
695 869 33 21 till
744 869 92 27 följande
852 868 132 22 diskussion:

227 926 58 21 Herr
305 925 148 22 Lindelöf:
485 926 166 22 Statsutskottet
667 926 106 22 erkänner
776 921 10 36 i
799 926 38 21 sitt
849 925 136 22 betänkande

159 955 26 21 de
208 954 89 27 tjenster
318 954 234 28 Hypoteksföreningen
573 955 72 26 gjordt
667 955 73 22 landet
759 955 107 21 äfvensom
882 955 26 21 de
923 955 62 20 svåra

158 983 76 27 följder
258 989 45 16 som
326 983 155 27 otvifvelaktigt
503 984 70 21 skulle
588 983 83 22 inträda
688 990 76 21 genom
781 983 203 28 Hypoteksförenin-

159 1017 52 22 gens
232 1012 88 21 iråkade
339 1011 102 22 obestånd
465 1012 44 21 ifall
524 1013 47 20 icke
586 1012 120 22 Ständerna
721 1013 63 20 träda
799 1012 89 21 emellan
904 1011 33 22 för
952 1013 33 20 att

158 1040 102 21 undsätta
275 1041 129 27 föreningen.
433 1040 80 22 Likaså
528 1042 106 21 erkänner
645 1041 165 22 Statsutskottet
820 1043 33 19 att
866 1040 119 22 Ständerne

158 1069 48 22 icke
228 1069 53 22 böra
298 1069 38 27 sky
352 1070 40 20 den
407 1070 78 21 äskade
502 1069 149 28 uppoffringen
666 1069 34 22 för
715 1072 33 19 att
764 1069 64 22 målet
844 1069 33 21 för
892 1069 92 21 förenin-

158 1104 53 21 gens
232 1097 169 22 säkerställande
422 1099 66 20 måtte
509 1099 75 20 vinnas
599 1099 40 20 och
655 1098 130 24 framhåller,
801 1104 46 15 som
862 1097 123 28 ytterligare

159 1126 54 27 skäl,
229 1127 41 21 den
286 1127 90 27 garanti,
392 1133 43 15 som
452 1127 119 21 Ständerne
586 1127 70 21 iklädt
670 1127 32 27 sig
712 1127 34 21 för
756 1127 134 26 föreningens
900 1126 85 22 utländ-

159 1155 38 21 ska
213 1155 42 22 lån.
285 1155 50 22 Icke
350 1155 48 22 dess
414 1155 81 22 mindre
509 1156 98 21 kommer
621 1156 113 21 Utskottet
749 1155 32 22 till
798 1156 35 21 det
849 1155 89 22 resultat
952 1157 34 19 att

159 1183 75 28 frågan
251 1185 67 21 borde
332 1184 81 21 lemnas
431 1185 105 20 beroende
550 1184 33 21 till
595 1187 63 19 nästa
668 1184 156 22 Ständermöte.
853 1184 75 22 Såsom
938 1184 47 21 skäl

159 1212 71 22 dertill
253 1213 84 22 anföres
352 1212 143 27 hvarjehanda
511 1213 83 26 brister,
611 1219 45 16 som
672 1219 62 16 anses
750 1213 85 21 vidlåda
851 1212 135 27 föreningens

159 1241 145 27 organisation
320 1241 40 23 och
375 1241 128 27 förvaltning
519 1241 39 22 och
574 1242 72 22 hvilka
661 1242 79 22 brister
755 1241 113 23 Utskottet
882 1247 62 16 anser
953 1243 34 19 att

159 1270 124 27 föreningen
305 1270 55 22 hade
383 1270 62 22 bordt
468 1270 93 28 afhjelpa
580 1271 64 21 innan
661 1272 40 20 den
716 1270 74 22 inkom
805 1270 49 22 med
868 1270 119 26 ansökning

159 1304 35 16 om
216 1299 118 21 understöd
349 1299 47 21 från
412 1299 131 27 Regeringen
559 1299 40 22 och
615 1299 127 22 Ständerne.
773 1299 79 21 Hvilka
867 1299 62 21 dessa
943 1298 44 22 bri-

160 1329 44 20 ster
218 1330 38 19 äro
272 1328 72 21 derom
360 1327 66 22 finnes
441 1328 143 27 antydningar
599 1328 28 27 pä
643 1328 60 22 sidan
719 1330 13 19 2
748 1328 40 21 och
803 1327 76 27 början
894 1327 23 21 af
925 1327 61 21 sidan

160 1357 13 19 3
191 1356 8 21 i
215 1356 122 22 Utskottets
358 1356 133 22 betänkande
506 1356 38 22 der
561 1357 37 21 det
613 1357 61 21 heter
689 1359 32 19 att
737 1356 92 22 orsaken
844 1356 33 22 till
892 1356 94 21 förenin-

160 1390 52 22 gens
226 1385 106 21 obeständ
347 1385 68 27 ligger
429 1385 7 21 i
451 1386 51 25 ,den
518 1385 74 22 alltför
607 1388 59 19 stora
680 1385 167 26 centralisation,
863 1390 45 16 som
924 1384 64 22 räder

159 1414 9 20 i
179 1414 157 26 förvaltningen
350 1414 24 21 af
387 1414 144 27 Föreningens
546 1414 186 27 angelägenheter,
746 1414 40 21 och
796 1413 86 22 hvilken
892 1412 40 22 hos
942 1412 45 22 del-

160 1448 90 20 egarene
267 1442 7 22 i
289 1442 27 22 de
330 1442 70 22 skilda
414 1442 61 22 länen
492 1443 76 21 alstrat
583 1442 119 28 liknöjähet
712 1442 34 22 för
756 1442 145 26 Föreningens
911 1442 76 21 intres-

161 1476 36 16 sen
213 1470 40 22 och
270 1470 59 28 gväft
344 1471 149 21 medvetandet
501 1472 22 20 af
529 1477 122 21 gemensam
660 1470 157 28 ansvarighet*.
837 1470 84 28 Längre
932 1470 54 22 fram

161 1498 123 23 framhälles
293 1500 73 21 vidare
374 1502 46 23 ,att
427 1499 164 28 lägenheternas
600 1500 112 27 värdering
720 1500 34 22 för
762 1500 99 27 belåning
868 1500 57 21 skett
934 1499 53 22 efter
