1078 1781
162 118 57 22 2578
366 123 179 22 Borgareståndet
558 124 55 18 1877.
638 125 28 17 20
678 124 119 18 December.

163 191 37 27 det
220 192 87 27 förslag,
322 198 46 16 som
389 198 29 15 nu
437 192 114 27 föreligger
565 193 54 22 eller
633 193 7 22 i
655 192 117 28 synnerhet
787 193 40 22 den
842 192 90 28 mening,
947 198 47 18 som

163 216 70 30 deruti
250 221 70 27 lyder:
336 221 62 24 ,med
413 221 138 26 iakttagande
566 221 23 22 af
603 222 41 21 den
660 221 122 27 möjligaste
796 221 154 28 sparsamhet",
965 221 31 22 då

163 246 91 26 Ståndet
270 255 50 22 nyss
334 249 59 22 förut
407 249 56 22 varit
477 256 50 15 ense
543 256 34 16 om
593 252 33 20 att
637 250 49 27 höja
695 249 121 28 aflöningen
826 250 33 21 för
869 249 125 23 underbefäl

163 277 41 22 och
226 278 110 27 manskap.
366 278 43 22 Det
424 278 107 22 förefaller
546 279 43 26 mig
603 285 45 15 som
664 285 34 15 om
715 279 61 21 detta
791 279 46 21 icke
851 278 69 22 skulle
938 285 56 15 sam-

163 309 142 19 manstämma
326 307 40 21 och
388 307 71 22 derför
482 307 66 22 borde
570 307 37 22 det
621 307 34 22 väl
677 313 52 15 vara
749 306 133 29 försigtigast
899 309 33 20 att
946 307 48 21 icke

162 335 70 22 uttala
252 335 32 27 sig
302 336 24 21 så
345 335 114 27 bestämdt,
475 336 130 21 åtminstone
619 336 57 21 hvad
692 342 46 15 som
753 335 68 27 gäller
835 335 161 22 underbefälets

163 363 40 22 och
223 364 137 27 manskapets
383 363 99 28 aflöning.
512 365 63 21 Hvad
599 365 101 21 särskildt
720 365 69 26 angår
802 366 96 20 staterna
912 364 34 22 för
960 364 35 21 in-

163 393 191 27 spektörstyrelsen
377 393 40 21 och
439 393 239 27 krigskommissariatet
698 393 26 22 så
742 393 43 21 kan
805 393 37 27 jag
861 393 47 22 icke
922 393 72 26 undgå

163 423 34 20 att.
210 422 8 21 i
233 421 68 22 likhet
316 421 48 22 med
380 422 55 21 Herr
450 421 83 22 Kurtén
549 422 70 21 uttala
634 422 43 21 min
692 421 112 27 förvåning
819 421 59 22 öfver
893 421 25 22 de
928 422 65 21 orim-

163 450 44 27 liga
229 450 78 27 siffror,
322 450 87 21 hvartill
431 457 50 15 man
499 451 90 21 kommit
604 451 31 21 uti
650 450 162 27 propositionen
827 450 41 22 N:o
882 452 35 19 41.
947 450 48 21 Här

163 478 55 23 talas
240 485 35 15 om
299 485 26 15 en
347 479 110 27 inspektör
479 479 33 22 för
529 479 70 22 finska
614 479 114 26 militären,
744 479 184 27 generallöjtnant,
944 479 50 21 med

163 513 26 16 en
205 507 41 28 lön,
262 507 40 22 allt
316 508 195 26 sammanräknadt,
527 509 77 24 18,000
619 508 68 21 mark.
711 507 38 23 Ser
760 507 37 28 jag
807 508 28 27 på
843 507 149 22 motsvarande

163 535 81 27 förslag
259 536 7 21 i
282 535 94 28 Sverige,
392 536 103 27 uppgjord
513 537 62 26 1871,
590 537 24 21 så
629 536 67 22 finnes
711 537 39 20 der
764 537 63 26 ingen
843 543 44 15 som
898 536 40 21 har
948 542 47 15 mer

162 566 28 20 än
206 565 64 26 9,000
285 565 61 21 mark
361 565 7 21 i
384 565 97 27 aflöning.
512 565 58 22 Utan
585 567 34 20 att
633 565 55 22 fästa
703 565 45 26 mig
760 565 35 21 vid
806 565 72 27 dylika
885 564 108 28 jemförel-

163 599 34 16 ser
219 593 24 22 så
266 593 42 21 kan
330 599 50 16 man
401 594 103 21 anmärka
525 596 45 19 mot
593 596 71 19 staten
683 594 33 21 för
732 593 213 28 inspektörstyrelsen
960 595 34 20 att

163 622 63 21 lönen
249 621 33 22 för
303 621 137 28 inspektören
459 624 24 19 är
498 625 64 25 tagen
578 624 52 19 utan
646 622 81 27 hänsyn
742 622 33 21 till
791 623 52 20 hans
859 622 134 21 verksamhet

163 651 40 21 och
218 650 108 27 ställning.
356 651 70 21 Sedan
441 651 55 22 talas
511 651 40 21 här
566 657 34 16 om
616 651 70 22 äldsta
700 650 125 27 adjutanter
837 651 39 21 och
887 651 27 21 då
924 650 71 22 skulle

163 685 50 16 man
228 681 76 20 väntat
324 679 62 22 äfven
401 679 66 22 andra
483 679 129 28 adjutanter,
628 686 48 15 men
691 679 78 22 sådant
784 679 141 22 förekommer
940 679 54 21 icke.

162 708 67 21 Detta
252 708 75 21 endast
348 714 34 15 om
403 708 76 27 sjelfva
497 709 115 26 uttrycket.
643 709 62 21 Hvad
720 708 68 21 sedan
803 707 192 22 kommissariatets

163 736 94 27 aflöning
279 737 137 27 vidkommer,
431 737 24 22 så
477 737 40 22 har
535 743 48 15 man
602 737 110 27 föreslagit
730 737 23 21 åt
769 737 74 21 chefen
859 743 26 14 en
900 736 93 27 aflöning

163 765 24 21 af
201 766 77 25 13,000
293 765 68 26 mark,
378 765 84 22 hvilken
477 765 36 22 lön
528 772 43 20 nog
586 766 70 21 kunde
672 765 118 22 nedsättas.
811 765 69 22 Sedan
892 765 55 22 talas
958 771 35 15 om

163 800 27 15 en
205 794 79 27 mängd
299 793 128 28 tjenstemän
442 794 39 21 och
497 794 64 22 bland
577 795 48 21 dem
641 795 36 20 två
691 795 131 24 kamrerare,
833 794 24 21 af
870 794 72 21 hvilka
952 793 41 22 den

164 828 40 16 ena
218 822 73 22 säkert
306 825 25 19 är
346 822 129 28 öfverflödig,
491 825 23 25 ty
530 823 39 22 den
585 823 129 25 kamrerare,
731 829 46 15 som
793 824 24 19 är
832 823 117 26 föreslagen
960 822 34 21 för

163 851 127 22 materialen
313 851 39 22 och
375 852 136 26 persedlarne
532 852 63 21 torde
617 852 49 27 föga
688 851 109 22 erfordras
818 851 27 22 då
867 852 37 21 det
926 851 68 21 finnes

163 879 69 22 skilda
248 879 115 22 förvaltare
378 880 34 21 för
427 880 124 22 materialen
565 880 68 27 jemte
648 881 181 26 uppsyningsmän
843 886 19 15 o.
879 886 17 15 s.
911 886 19 15 v.
952 880 42 26 Jag

163 915 63 15 anser
248 909 71 21 derför
341 910 33 20 att
396 911 44 19 mot
460 909 69 22 denna
544 911 45 20 stat
603 909 42 22 kan
660 911 63 24 göras
739 909 84 28 mycket
838 908 103 28 befogade
956 914 38 15 an-

163 937 145 27 märkningar.
337 937 11 22 I
364 937 69 22 denna
448 938 33 21 del
498 937 40 22 har
552 938 84 21 således
650 937 109 28 uttrycket
774 937 62 25 ,,med
847 937 147 27 sparsamhet*

163 965 30 22 all
214 965 134 28 befogenhet,
362 973 47 14 men
433 966 36 22 det
487 967 201 21 öfverensstämmer
706 966 48 21 icke
770 966 48 21 med
833 965 55 22 hvad
904 965 90 22 Ståndet

163 994 36 22 vid
222 994 156 27 behandlingen
400 995 23 21 af
442 995 129 26 föregående
593 998 94 19 moment
706 995 81 21 uttalat
801 995 8 21 i
824 995 60 26 fråga
902 1000 34 15 om
951 994 44 21 för-

163 1023 103 27 höjandet
286 1023 24 21 af
330 1023 119 27 aflöningen
472 1023 33 22 för
527 1023 127 22 underbefäl
672 1024 40 21 och
728 1024 110 27 manskap.
867 1023 42 27 Jag
924 1023 69 21 skulle

163 1051 72 23 derför
253 1058 52 15 anse
319 1051 98 28 lämpligt
431 1054 32 20 att
479 1053 48 21 med
543 1052 163 27 formuleringen
722 1052 26 22 af
761 1059 28 14 nu
804 1052 7 21 i
826 1051 60 28 fråga
900 1051 94 22 varande

163 1080 81 27 förslag
259 1081 71 21 kunde
345 1082 62 21 anstå
422 1081 31 21 till
469 1081 49 22 dess
533 1083 33 20 att
581 1081 117 22 Ständerne
710 1081 113 22 framdeles
834 1081 55 21 hade
900 1080 94 21 beslutat

163 1115 35 16 om
213 1111 71 20 staten
296 1109 34 22 för
344 1109 126 22 underbefäl
485 1110 40 21 och
541 1110 104 27 manskap
660 1110 35 21 vid
711 1110 27 21 de
753 1109 73 22 aktiva
841 1112 122 24 trupperna.

232 1167 57 21 Herr
309 1167 142 22 Sanmark:
482 1167 41 26 Jag
542 1167 69 22 skulle
627 1167 73 22 förena
716 1167 43 27 mig
774 1167 49 21 med
839 1167 56 21 Herr
909 1165 85 22 Kurtén

163 1201 35 16 om
213 1195 157 28 behöfligheten
386 1195 24 22 af
423 1196 35 21 det
474 1195 121 28 föreslagna
610 1196 122 21 uttalandet
744 1195 46 22 från
801 1195 129 22 Ständernas
941 1194 52 21 sida.

162 1223 108 23 Särskildt
284 1230 51 15 vore
356 1224 37 22 det
412 1224 115 21 önskvärdt
545 1227 33 19 att
593 1224 35 22 vid
644 1224 173 28 organisationen
831 1224 24 21 af
868 1223 125 27 Krigskom-

163 1253 131 21 missariatet
308 1253 47 21 icke
369 1253 74 22 alltför
457 1254 86 27 mycket
557 1256 61 24 toges
633 1254 96 26 exempel
745 1254 23 21 af
782 1254 37 21 det
833 1252 159 28 krigskommis-

162 1282 67 21 sariat
252 1282 21 21 vi
296 1284 72 19 senast
390 1282 51 28 haft,
457 1282 36 21 vid
515 1282 82 22 hvilket
612 1288 52 16 voro
685 1282 99 22 anstälde
802 1282 127 27 tjenstemän
944 1280 51 22 vida

162 1310 85 22 utöfver
262 1310 56 22 hvad
332 1310 107 22 behöfdes.

232 1367 58 22 Herr
311 1368 109 22 Kurtén:
449 1368 42 26 Jag
512 1368 37 22 vill
571 1370 46 20 mot
641 1368 55 32 Herr
719 1368 108 22 Höckerts
852 1368 141 40 anmärkning

163 1396 72 12 daram
260 1399 30 9 att
328 1403 51 5 anna
409 1398 48 10 läm
474 1397 47 11 inka
537 1403 70 5 alulla
621 1398 19 10 ot.
705 1403 107 5 sammans
932 1396 40 12 md:

163 1410 80 12 derom,
260 1410 32 8 att
313 1410 69 9 denna
401 1410 58 8 kläm
474 1410 47 8 icke
537 1410 70 8 skulle
621 1410 35 8 stä
671 1397 142 21 tillsammans
827 1402 48 16 mod
892 1397 101 21 Ständets

161 1424 130 28 föregäende
312 1425 76 27 beslut,
404 1425 70 22 erinra
495 1427 33 20 att
546 1425 91 22 Ständet
656 1425 40 21 har
710 1427 73 20 ansett
797 1425 33 27 sig
845 1425 53 21 böra
912 1424 82 22 bevaka

162 1453 27 22 de
212 1454 165 26 värnepligtiges
398 1454 91 22 intresse
511 1454 76 22 endast
610 1454 81 22 derhän
714 1456 34 19 att
763 1454 48 21 dem
827 1454 47 21 icke
886 1453 108 22 ähvälfves

161 1482 71 27 nägon
248 1482 84 22 enskild
347 1482 91 22 kostnad
453 1482 34 22 för
501 1483 32 21 sin
549 1482 125 27 krigstjenst
689 1482 53 22 eller
757 1485 33 19 att
805 1482 62 22 deras
878 1482 36 21 lön
924 1481 69 23 blefve

161 1510 100 23 bestämd
277 1512 23 21 sä
316 1511 42 28 hög
372 1513 33 20 att
420 1512 41 22 den
477 1511 68 23 skulle
561 1512 67 22 förslä
642 1511 33 22 till
690 1511 135 22 betäckande
835 1511 24 22 af
867 1510 63 23 deras
940 1511 53 22 allra
