1078 1781
339 122 180 21 Borgareståndet
531 122 56 18 1878.
613 122 24 17 10
648 122 94 18 Januari.
880 115 62 24 2823

108 191 69 22 sådan
193 191 123 26 auktoritet,
326 197 44 15 som
382 191 69 21 skulle
461 197 39 21 ega
510 191 187 34 afgöranderätten
709 191 31 21 uti
752 191 105 26 privilegii
870 191 72 28 frågor

110 221 55 27 högt
190 219 112 22 önskvärd.
333 219 32 22 Då
388 219 38 28 jag
450 220 118 21 emellertid
591 221 25 20 är
639 219 50 27 böjd
712 219 33 22 för
768 220 130 26 antagandet
904 208 40 33 "af

108 233 174 47 Bondeståndets
304 248 124 27 inbjudning
451 248 39 21 och
511 249 38 26 jag
571 248 46 23 icke
633 248 67 21 heller
721 248 31 21 uti
771 247 111 22 Utskottet
903 249 39 20 har

110 277 81 21 biträdt
214 276 31 21 till
268 277 58 21 detta
348 277 301 27 sammanjemkningsförslag,
673 277 24 21 så
718 275 37 23 ber
768 276 42 27 jag,
827 283 33 15 om
877 277 65 21 också

107 305 157 27 författningen
280 305 122 26 derigenom
418 305 84 22 komme
518 308 32 19 att
565 293 91 37 förfalla,
673 307 31 19 att
720 305 22 21 få
757 305 108 27 tillstyrka
880 307 62 19 anta-

109 334 80 27 gandet
211 333 23 22 af
257 333 157 28 inbjudningen.
443 334 43 21 Det
507 336 24 19 är
553 334 28 21 då
603 334 46 21 icke
666 335 26 26 på
708 334 26 21 de
750 333 69 27 öfriga
834 333 106 22 Ståndens

109 364 52 20 utan
177 362 171 22 Presteståndets
363 363 115 25 motstånd,
494 369 45 16 som
556 363 69 21 denna
641 363 34 26 lag
691 362 102 22 förfaller.

179 419 69 22 Sedan
265 420 146 21 diskussionen
427 419 68 28 härpå
507 420 115 21 förklarats
636 420 92 21 afslutad
740 419 132 22 framställde
883 419 58 22 Herr

109 448 187 22 Talmannen
315 449 47 20 med
378 449 115 27 anledning
508 449 24 22 af
546 449 54 21 hvad
617 449 67 21 under
700 449 146 20 diskussionen
863 447 78 22 förelu-

109 477 39 27 pit,
164 477 92 27 följande
272 477 168 27 propositioner:

179 534 177 27 Proposition
383 534 39 21 N:o
451 535 20 20 1:
507 535 37 26 De,
570 541 46 15 som
643 533 82 22 direkte
753 534 49 27 vilja
827 534 114 27 godkänna

110 563 122 21 Utskottets
245 563 301 28 sammanjemkningsförslag,
562 563 90 21 rörande
668 565 10 24 $
694 565 30 23 14,
734 569 62 15 svara
809 563 41 27 ja;
867 563 74 21 vinner

108 591 55 27 nej,
179 591 97 22 kommer
298 594 31 18 att
352 593 105 20 omröstas
480 592 105 21 huruvida
608 591 34 22 till
660 592 209 27 kontraproposition
885 591 54 22 skall

109 622 98 25 antagas,
231 620 71 21 enkelt
324 619 113 28 afböjande
461 620 23 21 af
505 620 319 27 sammanjemkningsförslaget
839 620 52 21 eller
906 627 34 20 yr-

110 649 81 21 kandet
215 650 32 20 att
262 649 96 26 Ståndet,
371 649 68 27 jemte
455 649 139 22 förkastande
610 649 24 21 af
647 648 293 27 sammanjemkningsförsla-

106 680 45 25 get,
168 677 34 22 må
217 679 79 25 antaga
310 677 173 22 Bondeständets
497 678 127 27 inbjudning
639 678 90 21 rörande
746 678 12 27 $
776 678 24 21 14
816 677 40 22 och
873 679 33 20 15.

180 735 160 26 Propositionen
356 735 129 22 besvarades
498 735 48 22 med
562 735 153 27 öfvervägande
721 731 13 35 n
744 741 1 15 e
772 735 14 26 j.

179 791 189 28 Proposition
388 793 40 21 N:o
444 793 24 20 2:
499 793 38 25 De,
553 799 46 15 som
606 781 59 42 "vilja
680 792 32 21 till
728 792 210 27 kontraproposition

106 822 81 25 antaga
208 821 77 21 enkelt:
300 821 119 27 afböjande,
435 827 62 16 svara
510 821 37 27 ja;
562 821 75 21 vinner
652 821 56 26 nej,
724 827 61 16 anses
801 821 89 21 Ständet
906 820 32 21 till

109 849 209 27 kontraproposition
337 850 82 27 antagit
439 850 106 27 yrkandet
561 852 33 19 att
609 849 96 26 Ständet,
718 849 67 28 jemte
800 849 138 22 förkastande

107 877 24 22 af
153 878 231 27 sammanjemkningen
399 879 6 20 i
422 879 70 21 denna
515 878 41 26 del,
580 879 34 20 mä
629 880 79 25 antaga
723 878 169 22 Bondeständets
908 878 31 21 in-

108 906 103 27 bjudning
226 907 90 21 rörande
333 907 12 27 $
362 908 26 21 14
404 907 40 22 och
462 908 33 21 15.

179 963 75 22 Svaret
268 964 14 21 &
297 964 69 21 denna
381 963 23 22 af
418 964 57 22 Herr
516 964 141 21 Talmannen
695 964 132 21 framställda
843 963 97 28 proposi-

84 1010 1 4 .
107 992 46 21 tion
169 992 61 21 utföll
245 992 48 22 med
309 992 108 22 obestridd
433 993 157 27 röstpluralitet
605 993 147 21 nekande.

178 1049 208 27 Proposition
401 1049 40 23 N:o
459 1051 20 20 3.
509 1050 39 26 De,
564 1056 46 15 som
625 1049 52 33 vilja
689 1049 113 33 godkänna
816 1049 123 32 Utskottets

107 1078 299 27 sammanjemkningsförslag
422 1079 116 27 rörande
526 1073 11 40 $
552 1080 31 25 14,
595 1085 61 15 svara
669 1078 37 27 ja;
722 1078 74 21 vinner
811 1077 50 32 nej,
878 1083 62 15 anses

108 1106 99 27 Ständet,
227 1107 66 26 jemte
316 1107 138 21 förkastande
477 1107 24 22 af
515 1091 317 47 sammanjemkningsförslaget
847 1107 6 20 i
870 1106 70 21 denna

103 1130 48 36 del,
167 1123 87 33 beslutit
264 1138 78 24 antaga
353 1135 175 22 Bondeständets
541 1135 125 28 inbjudning
678 1135 90 22 rörande
779 1135 26 27 $$
817 1135 26 21 14
855 1135 38 21 och
907 1135 32 20 15.

179 1192 77 21 Härtill
272 1193 100 21 svarades
388 1193 24 21 af
426 1193 91 22 Ständet
533 1193 48 22 med
597 1193 153 27 öfvervägande
766 1192 54 27 nej.

179 1347 69 21 Sedan
271 1347 56 22 Herr
342 1347 161 23 Talmannen
519 1348 165 27 tillkännagifvit
699 1349 31 20 att
746 1346 193 28 Borgareständets

107 1375 243 28 diskussionsprotokoll
365 1376 33 22 för
414 1377 41 21 den
467 1378 14 20 8
492 1376 121 22 November
616 1361 174 48 eftermiddagen
801 1375 40 22 den
856 1376 28 20 10
895 1374 45 22 No-

109 1404 87 22 vember
221 1404 147 28 förmiddagen
391 1408 57 19 samt
472 1406 41 21 den
540 1406 25 20 13
586 1405 119 21 November
720 1405 41 21 för-
778 1404 38 22 och
832 1403 107 22 eftermid-

107 1432 70 28 dagen
199 1432 111 28 framlagts
332 1433 34 21 till
386 1434 116 28 justering,
525 1434 109 27 upplöstes
650 1433 166 23 sammanträdet
832 1432 28 22 kl.
877 1432 27 27 !/3
915 1432 25 20 10

107 1461 30 27 på
153 1461 91 22 aftonen.
