1078 1781
303 116 180 20 Borgareständet
495 116 58 17 1878.
577 116 14 16 2
602 115 94 17 Januari.
852 110 57 22 2683

82 187 33 19 tet
131 185 66 21 borde
212 185 172 26 omformuleras;
400 186 23 26 ty
433 185 37 22 det
485 187 24 19 är
524 184 140 23 formuleradt
676 185 68 21 under
756 184 154 27 förutsättning

81 215 34 20 att
131 213 110 22 underhäll
256 213 24 22 af
294 213 103 28 landsväg
412 213 40 22 bör
467 213 87 22 komma
569 213 6 21 i
591 213 62 26 fräga
668 213 62 22 äfven
747 213 37 21 der
799 213 111 26 vinterväg

81 244 26 19 är
125 241 32 22 för
172 242 63 21 trafik
250 241 110 28 uppläten.
390 242 32 21 Pä
439 243 62 20 dessa
516 241 47 22 skäl
579 241 81 22 tilläter
674 242 36 27 jag
725 241 44 27 mig
784 241 79 22 föreslä
878 241 31 22 in-

81 270 140 27 bjudningens
243 271 116 26 afböjande
380 270 55 21 hvad
453 270 103 22 beträffar
571 271 46 26 $:ns
633 270 144 27 formulering.
807 270 103 21 Vidkom-

82 299 77 21 mande
180 299 47 21 åter
248 299 74 27 frågan
345 299 105 21 huruvida
473 299 58 22 detta
547 302 94 19 moment
656 299 54 21 skall
726 298 21 22 få
762 298 84 22 förfalla
858 298 53 22 eller

82 327 54 28 icke,
159 327 24 22 så
205 328 57 21 lärer
284 327 34 22 väl
341 328 60 21 detta
422 327 51 22 bero
489 328 72 27 derpå,
578 334 35 15 om
628 327 36 22 två
680 327 68 22 Stånd
763 329 87 20 stannat
864 329 47 20 mot

82 356 42 21 två.
153 356 95 27 Antager
266 356 19 27 ej
301 357 182 26 Borgareståndet
498 356 153 27 inbjudningen
667 356 6 21 i
689 357 59 20 förra
763 355 68 27 delen,
847 356 23 21 sä
884 358 27 19 är

83 385 37 21 det
134 385 34 21 väl
183 385 65 22 också
262 385 88 26 onödigt
365 387 33 19 att
413 387 79 25 antaga
507 385 41 22 den
564 385 7 22 i
587 385 48 22 dess
650 391 76 15 senare
742 384 40 22 del.
812 385 99 27 Antager

83 413 65 27 något
163 416 65 19 annat
243 414 65 21 Stånd
325 413 164 28 inbjudningens
504 414 57 21 förra
577 413 41 25 del,
634 414 24 21 så
673 413 62 22 torde
751 413 36 22 det
802 413 34 22 väl
847 413 62 22 äfven

83 445 78 24 antaga
176 443 40 21 den
230 449 74 15 senare
320 442 68 22 delen.

152 499 33 21 Då
207 500 61 27 ingen
290 500 73 21 vidare
385 499 72 22 anhöll
477 506 35 15 om
531 500 68 25 ordet,
615 499 132 22 förklarades
762 499 147 22 diskussionen

83 527 94 22 afslutad
193 528 38 21 och
248 529 55 20 Herr
317 528 154 21 Talmannen
487 528 124 21 framstälde
626 527 93 28 följande

151 585 179 28 Proposition:
361 586 39 25 De,
422 592 45 15 som
487 585 50 27 vilja
553 587 79 25 antaga
646 585 171 22 Presteståndets
831 585 78 27 ifråga-

83 614 93 21 varande
199 615 131 27 inbjudning,
354 621 63 14 svara
438 615 37 26 ja;
498 615 33 26 de,
553 621 45 15 som
621 614 52 27 vilja
690 614 72 27 afböja
780 614 129 27 densamma,

82 649 63 15 svara
159 643 45 27 nej.

151 700 160 27 Propositionen
328 700 127 22 besvarades
471 701 48 20 med
536 700 106 22 obestridt
657 700 154 27 öfvervägande
826 700 46 27 nej.

151 844 60 21 Härå
226 844 92 27 företogs
334 844 41 21 den
390 843 35 22 vid
441 846 86 19 senaste
541 844 87 27 plenum
645 844 75 21 väckta
736 843 73 28 frågan
820 849 35 16 om
868 843 40 22 den

82 872 87 27 påföljd,
191 879 44 15 som
259 873 66 21 borde
340 872 83 22 drabba
438 873 106 21 särskilda
559 872 101 22 Ståndets
676 872 144 26 medlemmar;
836 872 73 22 hvilka

82 901 68 21 ehuru
173 901 62 22 deras
258 901 168 27 permissionstid
449 902 72 26 utgått
543 901 66 22 redan
629 901 39 22 den
680 902 27 21 28
722 901 124 26 December,
862 901 46 22 icke

83 929 92 22 infunnit
197 930 32 27 sig
250 930 34 21 till
299 930 193 27 Borgareståndets
507 930 85 27 plenum
609 930 40 21 den
666 931 26 20 29
705 930 7 21 i
727 936 82 15 samma
823 929 85 22 månad.

151 987 56 22 Herr
221 987 129 22 Cronvall:
376 987 61 22 Hvad
454 987 45 28 mig
511 987 73 28 angår,
600 988 24 21 så
639 987 39 22 har
690 987 37 28 jag
742 987 49 21 hela
803 987 58 27 julen
873 993 35 15 va-

81 1016 28 21 rit
124 1016 47 27 sjuk
186 1016 39 22 och
240 1017 108 26 nödgades
364 1016 83 21 derföre
462 1017 116 27 uppskjuta
593 1016 43 21 min
652 1016 70 21 afresa
731 1015 48 22 från
811 1015 34 22 Åbo.
867 1015 41 27 Jag

80 1045 50 20 kom
146 1045 32 21 hit
192 1045 7 21 i
215 1045 91 28 söndags
321 1045 39 22 och
376 1047 24 19 är
415 1047 58 19 ännu
489 1045 19 27 ej
524 1051 38 16 ens
577 1045 89 22 alldeles
680 1045 60 21 frisk.

148 1102 57 22 Herr
219 1102 148 22 Höckert:
396 1102 71 22 Sedan
484 1103 27 21 de
525 1102 155 27 förhållanden,
695 1102 73 21 hvilka
783 1101 124 22 föranledde

77 1131 45 27 mig
137 1133 32 19 att
184 1131 36 21 vid
234 1133 84 20 senaste
333 1131 86 28 plenum
435 1133 54 26 göra
500 1131 40 21 den
556 1131 134 26 hemställan,
704 1131 89 21 hvarom
808 1136 29 15 nu
852 1129 54 22 före-

77 1159 68 27 ligger
167 1160 32 21 till
222 1160 122 26 afgörande,
366 1165 62 21 synas
451 1159 64 22 hafva
534 1159 99 28 upphört,
648 1160 24 21 så
687 1159 122 22 hemställer
821 1158 38 27 jag
874 1157 32 22 till

77 1188 92 21 Ståndet
191 1195 35 14 om
250 1189 47 21 dess
320 1188 101 22 tillåtelse
439 1191 32 18 att
488 1188 21 22 få
524 1188 105 22 återkalla
645 1189 39 20 den
700 1187 157 27 framställning
870 1187 36 26 jag

77 1217 29 20 då
120 1217 82 26 gjorde,
218 1217 39 21 och
272 1219 33 20 att
320 1217 65 22 saken
401 1217 88 22 dermed
505 1217 33 21 får
553 1223 62 16 anses
631 1216 103 22 förfallen.

145 1274 32 22 På
202 1274 155 27 framställning
382 1274 25 22 af
430 1275 57 21 Herr
509 1274 157 22 Talmannen
689 1274 45 22 blef
755 1274 70 21 denna
848 1272 56 22 Herr

76 1303 107 21 Höckerts
199 1303 99 22 anhållan
314 1304 22 21 af
350 1303 90 22 Ståndet
456 1303 95 22 bifallen.

144 1446 71 22 Sedan
233 1447 56 21 Herr
304 1446 172 22 Talmannen
492 1446 95 22 härefter
603 1446 118 27 föredragit
735 1446 47 22 från
797 1445 107 22 medstån-

75 1475 41 21 den
139 1475 107 22 ankomna
266 1474 205 28 protokollsutdrag,
495 1482 46 15 som
563 1475 18 27 ej
605 1474 114 28 påkallade
738 1475 69 27 någon
822 1474 82 27 åtgärd,

74 1503 48 22 från
137 1504 193 27 Borgareståndets
345 1504 52 26 sida,
414 1504 105 27 begärdes
534 1504 61 22 ordet
611 1504 23 21 af
