1078 1781
157 93 58 22 2434
374 98 178 22 Borgareständet
563 99 55 19 1877.
643 99 23 18 17
677 100 120 17 December.

159 167 69 27 lande,
244 168 50 27 äläg
309 168 37 22 det
361 168 55 22 dock
430 168 112 22 Utskottet
557 170 34 19 att
606 167 56 22 tillse
677 170 33 19 att
725 168 139 21 invänarenes
879 169 45 21 rätt
939 168 49 21 icke

159 197 103 22 kränktes
284 197 41 21 och
347 197 37 21 det
406 199 24 20 är
445 197 7 21 i
468 197 59 22 detta
549 197 55 27 syfte
627 203 45 15 som
694 196 113 23 Utskottet
827 196 39 22 har
880 197 56 27 gjort
952 197 38 22 det

157 225 86 28 förslag,
262 225 88 22 hvarom
372 231 28 16 nu
420 227 24 20 är
459 225 65 28 fråga.
554 225 73 27 Enligt
642 225 290 28 landtmäteriförfattoingen
948 225 42 22 bör

157 254 7 21 i
181 253 62 22 dessa
266 254 83 21 trakter
372 254 155 22 innevänarene
550 254 94 22 tilldelas
664 254 2 21 i
681 254 111 21 Kuusamo
808 254 39 21 och
862 254 126 21 Kemiträsk

157 283 64 25 2,700
240 283 40 21 och
296 283 8 21 i
319 282 122 27 Kuolajärvi
461 283 67 25 3,700
543 283 105 21 tunnland
669 283 93 21 förutom
779 283 42 21 300
836 282 102 22 tunnland
953 283 36 21 sä-

157 317 46 16 som
226 312 120 26 ersättning
370 311 34 22 för
426 312 116 27 oskiljbara
560 311 144 28 impediment.
735 311 35 21 Nu
789 311 63 21 hafva
867 311 120 22 Ständerna

157 339 48 22 icke
220 340 56 21 blott
291 340 97 27 godkänt
402 339 123 23 Utskottets
540 340 135 21 betänkande
690 346 35 15 om
741 342 33 19 att
792 341 74 24 10,000
882 340 105 21 tunnland

156 368 68 22 borde
246 369 139 27 provisionelt
406 369 93 21 tilldelas
517 369 108 21 mantalen
648 370 50 20 utan
722 369 47 26 höjt
784 369 59 21 detta
859 369 76 27 belopp
951 369 35 21 till

158 397 78 26 12,000
254 397 111 22 tunnland.
396 397 40 22 Om
457 404 49 15 man
521 404 29 15 nu
565 397 69 22 skulle
650 399 51 20 utan
717 397 66 27 något
798 397 104 22 förbehåll
918 397 68 22 öfver-

156 426 70 21 lemna
242 426 23 21 åt
280 426 104 27 styrelsen
399 428 32 19 att
448 426 34 21 vid
496 426 40 21 den
550 425 109 22 definitiva
670 426 187 27 skattläggningen
868 426 118 21 bestämma

157 455 171 21 tunnelandtalet
350 455 24 21 så
396 455 71 21 kunde
490 455 36 21 det
545 455 24 27 ju
593 455 69 21 hända
681 457 32 19 att
728 454 131 22 Ständernas
873 455 65 26 afsigt
952 456 34 20 att

157 483 115 27 tillgodose
287 483 183 27 innebyggarenes
481 483 132 27 berättigade
628 483 94 27 anspråk
732 483 41 22 och
783 483 66 21 behof
857 483 46 22 icke
915 483 71 22 skulle

156 511 67 22 blifva
239 512 24 21 sä
278 511 197 22 tillfredsställande
496 512 129 21 realiserade
639 518 46 15 som
701 511 122 22 Ständerna
837 512 83 21 önskat.
952 512 32 21 En

156 540 126 21 individuell
304 540 56 27 åsigt
383 547 34 14 om
437 541 38 20 vår
495 541 110 26 regerings
627 541 56 25 goda
705 541 51 26 vilja
778 542 64 25 väger
861 541 39 20 här
915 541 69 20 icke
971 536 16 36 i

155 569 116 26 vågskålen
294 571 52 19 utan
369 569 61 22 torde
451 569 37 22 det
510 570 48 20 med
579 569 100 22 afseende
693 570 29 26 på
738 569 140 27 anledningen
894 569 32 21 till
942 569 41 22 den

155 598 121 27 rättegång,
297 603 45 16 som
364 597 23 22 af
405 598 126 21 invånarene
546 599 7 20 i
569 597 162 28 ifrågavarande
746 597 91 22 socknar
852 598 74 21 väckts
942 601 45 18 mot

156 626 112 27 styrelsen,
290 632 52 15 vara
367 626 46 21 skäl
433 629 32 19 att
485 626 33 22 för
539 627 63 21 dessa
625 626 143 27 innebyggare
792 626 106 22 fastställa
921 627 65 26 några

155 655 118 26 garantier,
289 655 24 21 så
328 657 32 19 att
376 656 36 20 det
430 655 95 22 berodde
540 655 27 27 på
583 655 119 22 Ständerna
717 657 33 19 att
765 655 74 26 pröfva
855 655 100 27 beloppet
965 655 24 21 af

155 683 37 22 det
207 683 154 26 tunnelandtal,
374 690 45 15 som
430 683 32 22 för
472 683 47 22 dem
533 684 34 21 vid
578 684 40 21 den
630 683 110 22 definitiva
750 683 185 28 skattläggningen
946 683 42 22 bör

155 711 148 22 tillerkännas.
335 713 31 20 En
390 713 65 20 sådan
471 713 100 26 pröfoing
591 712 47 25 har,
661 713 70 20 såsom
754 712 37 27 jag
807 712 64 21 redan
887 713 100 24 nämnde,

155 741 48 21 icke
218 741 83 21 kunnat
316 741 45 26 ske,
377 741 88 22 emedan
481 742 40 21 den
544 741 121 26 utredning,
681 747 46 15 som
743 741 120 21 Ständerna
878 741 35 21 vid
930 741 55 21 1872

156 769 36 22 års
207 769 102 27 landtdag
324 769 90 22 anhållit
430 776 41 18 om,
486 769 46 22 icke
548 771 56 20 ännu
621 769 69 22 blifvit
705 769 116 27 förebragt.

225 826 57 22 Herr
303 827 25 21 E.
351 827 112 26 Bergh:
493 827 43 28 Jag
558 827 93 27 begärde
674 827 62 22 ordet
758 827 48 21 med
827 826 114 28 anledning
962 827 24 21 af

155 855 57 21 Herr
234 855 138 27 Tengströms
394 855 61 22 utfall
479 858 58 19 emot
556 855 118 25 Utskottet,
690 861 47 16 men
754 855 41 22 kan
811 855 115 21 inskränka
941 855 44 26 mig

155 884 49 21 med
219 886 33 19 att
267 884 136 21 tillbakavisa
418 884 160 27 beskyllningen
594 884 33 21 för
642 884 134 26 rätthafveri,
793 883 85 22 hvilken
894 884 43 21 lika
949 883 35 22 väl

155 913 61 20 torde
233 913 71 20 kunna
319 913 69 21 riktas
402 915 45 19 mot
462 913 84 27 honom,
561 913 39 22 och
616 919 62 15 anser
690 913 38 27 jag
743 915 33 18 att
791 912 83 22 landets
886 912 97 22 fullmäk-

154 941 51 26 tige,
221 941 126 26 Ständerna,
357 941 47 22 icke
419 941 62 22 torde
501 942 71 21 kunna
587 942 99 21 förnekas
702 942 42 21 den
760 941 31 22 rol
807 943 32 20 att
854 941 62 21 äfven
932 947 52 15 vara

153 970 95 21 advokat
263 970 33 21 för
312 976 25 15 en
354 970 55 21 skild
424 969 101 27 landsdel,
542 972 39 19 när
596 977 48 14 man
660 970 69 21 funnit
744 972 33 19 att
787 970 124 27 regeringen
922 970 61 21 verk-

153 998 57 27 ligen
227 999 55 21 velat
297 999 85 26 ingripa
396 999 7 20 i
418 999 139 21 invånarenes
571 999 133 27 rättigheter.

222 1055 58 22 Herr
302 1055 173 22 Molander:
505 1056 41 27 Jag
568 1055 40 22 har
629 1055 70 22 blifvit
721 1056 146 21 förekommen
889 1055 23 22 af
926 1055 58 22 Herr

152 1083 99 23 Jansson.
282 1084 41 27 Jag
344 1091 62 15 anser
421 1084 33 22 för
469 1085 64 26 öfrigt
547 1085 73 26 frågan
636 1085 47 21 icke
698 1091 52 15 vara
765 1085 23 20 af
802 1084 23 21 så
840 1086 47 20 rent
902 1085 80 20 ekono-

153 1113 55 21 misk
231 1113 155 26 beskaffenhat,
408 1115 50 20 utan
483 1113 41 22 fast
547 1113 68 21 hellre
629 1113 23 22 af
665 1113 112 27 principiel
792 1115 69 23 natur,
876 1115 57 19 samt
948 1115 33 19 att

153 1141 127 27 Ständerna,
296 1142 64 21 innan
376 1142 26 21 de
418 1141 98 28 slutligen
538 1142 107 27 upphäfva
660 1141 217 27 knektekontrakten,
893 1141 51 22 böra
960 1142 23 21 få

152 1169 120 23 bestämma
288 1171 36 21 det
339 1170 154 27 tunnelandtal,
509 1177 46 15 som
571 1171 34 21 vid
621 1171 41 21 den
675 1171 109 21 definitiva
795 1170 187 27 skattläggningen

151 1199 57 21 skall
223 1199 99 28 tilläggas
337 1199 104 22 mantalet
455 1200 32 21 uti
502 1199 161 28 ifrågavarande
682 1199 98 22 socknar.

222 1256 57 22 Herr
301 1252 133 32 Öhberg:
464 1257 43 21 För
529 1257 41 21 den
593 1256 101 22 händelse
716 1258 34 20 att
764 1256 121 22 Utskottets
900 1256 81 22 klämm

153 1284 70 22 blefve
245 1284 24 22 af
291 1285 91 21 Ständet
397 1285 6 21 i
419 1285 119 21 hufvudsak
553 1285 107 27 godkänd,
676 1286 63 21 torde
750 1286 62 20 ordet
828 1286 60 24 ,sin*
904 1286 13 21 &
932 1287 50 19 näst

150 1313 57 21 sista
222 1314 66 21 raden
304 1314 53 21 böra
372 1314 86 27 utbytas
473 1317 45 19 mot
533 1314 62 22 ordet
611 1314 79 25 ,dess*.

220 1370 62 22 Efter
303 1371 36 21 det
362 1371 145 21 diskussionen
528 1371 89 21 härmed
639 1371 115 25 afstannat,
778 1371 123 22 framstälde
924 1371 57 21 Herr

150 1398 184 23 Talmannen
349 1400 33 21 tiii
398 1400 100 22 Ständets
513 1400 131 22 besvarande
659 1406 26 15 en
700 1400 25 21 så
741 1400 92 26 lydande

219 1456 222 28 Proposition:
474 1457 39 25 De,
533 1463 46 15 som
598 1457 113 27 godkänna
734 1457 160 21 slutmomentet
914 1456 7 22 i
940 1456 40 22 Ut-

151 1484 93 22 skottets
269 1485 302 28 sammanjemkningsförslag,
599 1486 47 22 med
669 1485 53 23 eller
744 1487 52 20 utan
819 1485 40 22 den
882 1485 24 22 af
924 1486 58 21 Herr
