1078 1781
152 110 57 22 2898
372 115 179 22 Borgareståndet
564 117 59 17 1878.
648 117 22 17 15
683 116 95 18 Januari.

151 183 92 28 gänglig.
274 185 42 26 Jag
331 191 75 15 menar
421 185 82 26 kapital
518 185 7 21 i
540 185 123 27 penningar.
694 185 70 22 Sedan
786 185 64 22 hafva
864 185 20 21 vi
899 184 81 27 kapital

151 211 101 28 plaeerad
268 213 7 21 i
288 213 161 27 jordegendom,
464 214 7 21 i
483 207 123 39 landtbruk,
617 215 69 25 vidare
696 214 81 27 kapital
786 213 114 28 placerad
890 207 13 39 i
911 213 69 22 stads-

150 241 110 27 fastighet,
285 242 7 21 i
316 242 91 21 industri
422 248 19 16 o.
457 248 16 15 s.
492 249 16 14 v.
538 242 69 22 Äfven
631 243 62 21 dessa
707 243 75 26 förnya
801 242 32 27 sig
848 243 54 21 efter
918 242 26 21 10
956 241 25 21 är

152 269 142 28 ovilkorligen
310 271 40 21 och
365 270 54 22 böra
433 271 91 21 sälunda
539 271 67 27 enligt
613 271 77 22 hittills
704 271 135 22 existerande
850 271 129 21 skattetheo-

151 298 43 22 rier
216 300 77 25 utgöra
316 299 88 21 föremäl
427 299 32 22 för
482 306 26 15 en
524 300 45 21 helt
584 306 70 15 annan
673 300 57 27 slags
745 299 137 27 beskattning
896 301 28 20 än
939 299 40 22 den

150 327 157 27 förmögenhet,
324 334 45 15 som
392 327 72 22 består
484 330 14 19 t.
515 335 32 15 ex.
563 328 23 21 af
603 328 99 22 lifräntor
717 332 39 18 och
772 330 101 19 räntorna
888 327 23 22 af
924 328 56 21 vissa

150 356 137 21 stadsfonder
310 357 39 21 och
372 356 74 27 dylikt,
470 363 45 15 som
536 357 98 27 upphöra
656 357 55 22 efter
726 363 26 15 en
768 357 43 21 viss
826 357 31 21 tid
872 357 52 21 eller
938 357 41 21 den

150 384 58 27 slags
224 384 156 28 förmögenhet,
392 391 45 15 som
451 385 72 22 består
536 387 7 20 i
556 385 127 22 afkomstaf
690 392 38 15 ens
736 385 121 27 personliga
865 385 73 22 arbete
947 385 32 21 uti

150 413 43 26 lön,
201 413 90 27 pension
300 413 39 22 och
348 413 77 22 sådant
433 414 34 21 och
479 414 82 21 hvilken
570 414 214 27 förmögenhetäfven
789 414 83 27 upphör
877 413 54 22 efter
937 414 41 21 viss

149 441 39 22 tid.
195 442 50 21 Alla
252 442 63 21 dessa
324 442 46 28 slag
378 442 22 22 af
408 443 147 26 förmögenhet
563 443 61 21 skola
632 449 28 15 nu
671 443 66 27 enligt
746 442 120 22 Utskottets
877 449 41 20 nya
928 449 50 20 upp-

150 470 59 21 täckt
220 470 86 27 deltaga
317 471 6 21 i
335 471 40 21 den
392 477 41 21 nya
445 471 217 28 värnepligtsskatten
674 472 6 21 i
691 471 44 22 lika
750 471 131 22 förhällande
890 471 39 22 och
938 473 39 19 när

151 505 29 15 nu
190 500 250 21 nästsammanträdande
456 500 93 21 Ständer
563 500 76 21 hunnit
648 500 74 21 förena
729 501 33 26 sig
770 506 32 15 om
812 502 32 19 att
852 499 84 27 deltaga
947 501 31 20 uti

150 527 70 22 denna
242 529 60 20 skatt
325 529 30 20 uti
378 528 44 21 lika
445 528 134 22 förhällande
597 529 28 26 pä
639 530 24 20 sä
679 529 58 21 olika
752 529 57 26 slags
824 528 153 27 förmögenhet,

150 556 27 22 dä
192 556 54 21 skall
271 556 168 27 vakansafgiften
461 557 104 27 upphöra.
596 558 35 21 Nu
646 557 40 22 har
701 558 36 21 det
752 557 71 22 säsom
838 559 32 19 ett
884 557 46 21 skäl
944 557 33 21 för

149 585 184 28 vakansafgiftens
356 585 138 27 upphörande
517 586 82 21 anförts
622 588 32 19 att
676 586 40 21 den
732 585 68 22 skulle
816 585 81 22 drabba
912 585 65 27 ojemt

149 613 40 22 och
204 613 114 22 Utskottet
333 614 36 21 vill
384 614 46 21 icke
445 614 110 27 upphäfva
570 615 40 21 den
626 615 28 27 pä
668 617 66 19 annat
750 615 69 20 vilkor
834 616 26 19 än
876 616 32 19 att
918 616 59 19 näst-

149 643 203 21 sammanträdande
368 642 91 22 Ständer
474 645 79 26 antaga
568 650 26 15 en
610 644 65 25 skatt,
691 649 45 16 som
753 643 64 21 också
829 643 55 21 skall
894 642 84 21 drabba

149 670 66 27 ojemt
238 671 41 22 och
295 671 7 21 i
318 671 43 22 lika
376 671 133 22 förhällande
525 671 83 22 drabba
623 672 39 21 den
680 675 54 18 mest
750 671 58 22 olika
823 671 153 26 förmögenhet.

148 699 41 27 Jag
201 699 73 27 frägar
296 699 67 27 ligger
386 700 36 21 det
437 701 36 20 det
488 701 95 26 ringaste
606 701 64 21 sundt
686 700 82 22 förnuft
783 701 6 20 i
805 700 38 21 allt
859 700 65 25 detta,
938 700 38 26 jag

149 728 42 21 kan
207 729 47 21 icke
270 728 110 22 underläta
396 731 32 19 att
450 731 51 24 säga
517 732 32 19 att
566 729 109 22 Utskottet
695 729 33 21 för
744 731 33 19 att
791 729 86 21 komma
892 728 32 21 till
940 728 37 21 sitt

149 757 43 22 mäl
208 757 40 21 har
270 757 73 22 kastat
365 757 113 21 öfverbord
494 758 47 21 icke
557 758 75 21 endast
646 758 106 26 grundlag
767 757 40 22 och
822 757 88 21 rättvisa
926 759 51 18 utan

150 785 65 22 ocksä
239 788 49 19 rent
311 785 23 22 af
348 785 38 22 allt
408 786 63 21 sundt
487 786 88 21 förnuft.
608 786 62 21 Hvad
690 787 42 20 kan
748 786 28 21 dä
791 792 51 15 vara
857 785 120 28 syftemälet

149 815 49 20 med
213 815 61 21 detta
289 814 149 27 märkvärdiga
453 815 132 27 lagförslag?
601 815 127 27 Syftemälet
747 815 74 26 tyckes
836 821 51 14 vara
902 816 32 19 att
948 814 29 27 pä

149 843 65 26 nägot
229 845 45 19 sätt
294 845 52 24 göra
364 843 159 22 Bondeständet
543 843 32 22 till
591 843 59 27 viljes
667 843 32 22 för
715 846 33 19 att
764 843 59 22 detta
838 843 138 21 Bondeständ

148 871 47 22 icke
211 871 35 22 mä
261 878 52 15 vara
336 872 111 27 missnöjät
469 874 39 19 när
523 872 36 21 det
574 879 58 14 reser
648 872 54 21 hem.
734 872 50 21 Men
799 873 25 20 är
839 871 35 22 det
890 871 27 21 dä
932 873 45 19 rätt

148 902 39 24 att,
203 900 33 21 för
252 902 33 19 att
307 902 53 25 göra
375 900 160 22 Bondeständet
557 901 34 21 till
605 901 67 27 viljes,
688 901 108 26 uppträda
811 900 27 27 pä
854 902 30 19 ett
900 899 76 22 sädant

148 930 44 20 sätt
207 929 50 22 med
273 929 71 27 dylika
360 929 173 28 förespeglingar,
553 936 46 15 som
623 930 54 21 dock
692 930 47 21 icke
755 929 58 21 hälla
827 929 40 20 den
883 929 93 26 ringaste

147 957 74 22 kritik.
258 957 74 22 Skulle
354 964 48 15 man
426 958 95 21 deremot
544 958 52 22 böra
612 958 45 21 läsa
672 959 41 20 den
730 958 68 21 första
813 957 107 21 klämmen
936 957 39 21 här

147 986 25 21 sä
186 988 33 19 att
242 986 170 27 vakansafgiften
427 987 109 26 verkligen
555 987 54 21 skall
625 987 97 27 uppböra
740 987 55 20 1882
811 988 50 19 utan
876 986 99 21 afseende

147 1015 68 27 derpä
229 1017 33 19 att
277 1021 49 15 man
342 1015 130 28 nödvändigt
487 1015 55 22 skall
558 1016 73 21 förena
646 1017 31 25 sig
692 1022 34 15 om
743 1021 26 15 en
778 1015 66 21 sådan
857 1015 64 25 skatt,
928 1020 46 15 som

146 1043 41 22 här
202 1044 70 21 nedan
296 1043 142 26 omförmäles,
460 1043 24 22 sä
499 1045 70 20 skulle
585 1045 39 20 den
641 1045 60 24 krok,
722 1050 47 15 som
785 1043 40 21 här
839 1043 135 22 omförmäles

146 1078 53 15 vara
214 1075 32 19 ett
268 1073 48 20 litet
332 1072 90 22 reellare
439 1072 49 22 bete
504 1073 33 21 för
551 1073 168 25 Bondeständet,
736 1079 49 14 men
801 1072 54 21 hvad
871 1071 103 22 rättvisan

146 1101 103 21 beträffar
271 1101 24 22 sä
314 1101 45 21 stär
375 1101 36 21 det
430 1101 43 21 lika
493 1101 35 21 illa
551 1101 115 28 dervidlag,
682 1103 22 25 ty
724 1102 72 21 säsom
809 1101 37 26 jag
864 1100 56 21 förut
935 1100 39 21 har

147 1131 101 24 omnämt,
265 1131 25 20 är
298 1130 69 21 denna
378 1129 107 28 ojemnhet
500 1130 23 21 af
533 1130 167 27 vakansafgiften
715 1130 57 21 blott
782 1132 31 19 ett
825 1129 56 22 sken.
899 1129 75 20 Denna

146 1158 110 27 ojemnhet
277 1159 39 20 har
336 1159 82 26 jemnat
433 1159 32 27 sig
483 1159 121 26 derigenom
620 1161 32 19 att
667 1165 49 15 man
740 1158 35 21 vid
798 1158 41 27 köp
855 1157 23 22 af
893 1157 80 27 jordlä-

145 1187 104 26 genheter
264 1187 39 22 har
318 1187 54 27 tagit
387 1187 182 27 vakansafgiftens
585 1188 58 21 olika
662 1188 78 27 belopp
756 1187 6 21 i
778 1186 141 22 betraktande
934 1186 39 21 och

145 1215 8 21 i
168 1216 52 27 följd
236 1216 62 21 deraf
312 1215 81 22 betalat
416 1216 40 21 der
469 1216 150 27 jordlägenhet
639 1217 48 20 med
703 1216 89 25 mindre,
809 1221 45 15 som
869 1216 63 25 utgör
947 1221 26 15 en

145 1244 67 28 högre
227 1244 143 28 vakansafgift
384 1245 40 21 och
440 1246 97 20 tvärtom.
569 1245 74 21 Denna
658 1245 86 27 ojemna
767 1243 119 27 fördelning
902 1245 24 19 är
940 1244 33 20 sä-

145 1272 59 22 ledes
220 1273 34 22 för
268 1273 129 28 längesedan
411 1274 85 26 jemnad
513 1274 46 25 och,
575 1274 70 21 säsom
660 1274 78 26 mänga
756 1273 80 27 gänger
851 1272 70 21 blifvit
936 1278 38 15 an-

145 1301 64 27 fördt,
225 1302 58 27 gjort
298 1302 180 27 vakansafgiftens
493 1302 150 27 upphäfvande
658 1302 56 22 blott
725 1302 33 21 till
770 1308 25 14 en
807 1302 88 20 orättvis
906 1300 67 22 skänk

144 1330 23 21 &t
181 1330 147 28 jordegarene.
359 1330 34 22 Nu
408 1333 24 19 är
447 1331 36 21 det
496 1331 33 21 väl
539 1331 73 27 troligt
627 1333 31 19 att
668 1338 33 14 om
713 1337 50 15 man
779 1330 57 22 visar
851 1330 31 27 sig
898 1330 23 20 sä
936 1328 38 22 flat

144 1362 45 18 mot
212 1359 162 22 Bondeständet
396 1362 32 19 att
450 1366 49 15 man
521 1360 75 21 endast
611 1360 33 21 för
666 1362 32 19 att
714 1360 38 21 det
767 1359 19 27 ej
802 1360 34 20 mä
851 1365 47 15 resa
914 1358 60 21 miss-

144 1388 61 27 nöjdt
226 1388 51 22 hem
300 1388 68 27 gifver
383 1390 31 19 ett
430 1388 51 22 löfte
496 1390 33 20 att
549 1388 171 28 vakansafgiften
742 1388 54 21 skall
812 1387 98 27 upphöra
925 1386 48 21 med

143 1417 109 27 utgängen
276 1416 24 22 af
314 1416 24 22 är
356 1417 60 26 1882,
432 1416 24 22 sä
481 1417 55 21 skall
559 1424 48 14 man
623 1418 34 20 väl
676 1417 34 21 vid
727 1418 63 20 nästa
806 1416 101 26 landtdag
921 1421 53 15 vara

143 1445 44 21 lika
203 1445 37 22 flat
262 1447 46 20 mot
323 1446 36 20 det
380 1447 39 19 när
434 1446 36 20 det
485 1446 67 26 gäller
571 1446 25 21 de
612 1452 40 21 nya
668 1444 187 28 skattebidragen;
871 1444 41 22 den
927 1443 46 21 huf-

142 1474 128 27 vudsakliga
285 1474 81 21 bördan
389 1474 53 21 skall
465 1474 34 21 väl
515 1475 27 21 dä
557 1475 86 21 komma
658 1476 32 20 att
705 1474 75 21 kastas
794 1473 57 27 uppä
866 1473 26 21 de
908 1472 66 22 andra

143 1502 97 22 Ständen
258 1503 38 22 och
320 1503 166 27 uppenbarligen
501 1504 24 20 är
541 1503 60 21 detta
623 1503 63 21 ocksä
701 1502 173 22 Bondeständets
889 1502 84 22 uträck-
