1078 1781
289 115 182 23 Borgareståndet
483 116 56 18 1878.
564 117 24 16 12
599 116 94 18 Januari.
853 110 56 22 2863

83 185 41 28 ligt
137 187 34 21 att
188 185 27 22 de
233 185 169 26 landtdagsmän,
418 191 45 16 som
479 185 116 22 intressera
609 185 32 27 sig
656 185 33 21 för
704 186 33 21 att
751 185 78 22 teckna
843 185 67 22 under

84 214 47 23 sina
152 220 70 19 namn,
238 219 48 16 men
303 214 47 21 icke
369 213 49 28 vilja
436 214 116 27 uppehålla
569 214 32 27 sig
616 214 13 21 &
645 215 60 20 orten
721 213 34 22 för
770 215 32 20 att
816 213 93 26 invänta,

84 243 33 22 till
140 244 48 21 dess
211 242 43 21 alla
274 242 70 22 beslut
367 242 76 22 hunnit
461 242 66 22 blifva
543 242 124 28 redigerade
682 242 40 22 och
738 242 117 21 öfversatta
870 242 40 21 och

81 271 116 28 justerade,
215 270 71 22 funnit
306 271 32 26 sig
360 271 32 21 uti
412 273 33 19 att
467 271 78 22 teckna
566 271 47 22 sina
631 277 64 16 namn
714 271 27 27 på
759 271 26 21 de
802 271 46 26 ark,
864 277 45 15 som

85 301 90 22 lemnats
192 299 7 22 i
216 299 100 22 afseende
335 299 13 22 å
367 299 137 27 underskrift,
522 300 66 21 redan
610 300 65 21 innan
694 300 26 21 de
734 299 56 22 varit
805 299 6 21 i
827 299 83 22 tillfälle

85 331 31 20 att
131 329 103 27 genomgå
250 328 26 22 de
291 330 83 20 senaste
390 328 101 28 styckena
506 329 7 21 i
528 328 213 27 landtdagsbeslutet.

153 385 56 22 Herr
232 385 140 27 Procopé:
410 385 76 22 Såvidt
505 385 38 28 jag
565 386 43 21 kan
632 385 98 28 uppfatta
753 385 72 26 saken,
848 385 62 22 torde

85 413 206 27 landtdagsbeslutet
316 413 86 22 komma
424 416 34 19 att
481 414 86 21 dateras
589 414 41 21 den
654 414 47 27 dag,
724 414 28 21 då
781 413 128 28 landtdagen

85 443 96 24 afslutas,
196 445 22 24 ty
234 449 80 15 samma
330 443 42 27 dag
386 443 61 21 torde
463 444 57 20 ännu
536 443 69 21 beslut
625 443 86 21 komma
725 444 33 20 att
772 443 65 21 fattas
853 443 56 23 inom

85 471 94 22 Ständen
195 471 39 22 och
249 471 43 22 alla
308 471 68 22 beslut
391 471 61 22 skola
466 471 7 21 i
489 471 206 27 landtdagsbeslutet
710 473 110 25 upptagas.
851 471 58 22 Såle-

85 501 38 21 des
137 501 41 20 kan
200 506 49 15 man
264 500 46 21 icke
335 506 28 15 nu
379 499 89 27 besluta,
489 502 32 20 att
537 500 26 21 de
579 506 107 21 personer,
701 506 46 15 som
762 506 26 15 en
803 500 42 21 viss
861 500 47 27 dag,

87 535 48 15 man
159 529 35 21 mä
209 535 28 14 nu
252 529 84 21 besluta
351 530 33 20 att
400 529 36 21 det
451 528 41 22 blir
506 529 105 26 Tisdagen
624 528 52 22 eller
691 528 70 27 nägon
776 535 69 15 annan
860 529 48 26 dag,

86 559 37 20 äro
145 557 140 27 närvarande,
308 557 20 22 få
350 557 146 22 underteckna
518 557 214 28 landtdagsbeslutet.
764 557 41 22 Det
825 557 83 22 heter
892 553 20 37 i

85 586 236 27 landtdagsordningen,
337 588 33 19 att
384 586 208 27 landtdagsbeslutet
601 586 55 21 skall
667 586 158 21 underskrifvas
835 586 23 21 af
866 586 43 21 alla

86 615 136 21 medlemmar
238 615 40 21 och
293 614 83 22 säledes
391 615 39 20 bör
445 621 50 15 man
510 615 71 21 lemna
595 614 83 22 tillfälle
689 615 23 21 ät
720 614 42 21 alla
772 617 33 19 att
813 614 96 28 begagna

85 643 33 28 sig
133 644 24 21 af
169 643 33 22 sin
217 645 45 20 rätt
276 645 33 20 att
324 643 151 22 underskrifva
489 643 213 28 landtdagsbeslutet,
721 643 67 21 ehuru
802 649 49 15 man
866 643 43 22 kan

85 674 51 26 säga
151 674 32 20 att
198 672 36 21 det
249 674 25 19 är
293 672 122 27 lämpligast
437 674 33 19 att
496 672 100 22 Ständets
618 672 138 21 medlemmar
770 672 28 27 pä
812 678 26 15 en
853 673 56 25 gäng

85 701 95 27 begagna
195 701 33 26 sig
242 701 22 21 af
278 700 94 22 tillfället
386 703 33 19 att
434 701 153 21 underskrifva.
617 701 41 27 Jag
673 707 62 15 anser
750 700 61 22 äfven
827 703 32 19 att
874 706 34 16 om

85 736 26 15 en
127 729 100 22 Ständets
242 729 90 22 medlem
348 729 40 22 fått
403 729 98 22 tillstånd
523 729 23 22 af
560 729 90 22 Ständet
668 731 32 20 att
718 729 70 22 afresa
802 729 39 22 och
857 729 52 21 lem-

85 758 60 22 nat
138 754 15 36 i
166 759 96 26 uppdrag
284 759 22 20 ät
327 759 69 26 någon
419 764 77 21 person
519 760 32 19 att
566 759 13 20 &
594 758 53 21 hans
670 760 80 25 vägnar
764 758 145 21 underteckna

85 787 211 27 landtdagsbeslutet,
318 787 37 21 det
377 787 54 21 skall
453 793 53 16 vara
528 787 43 21 lika
594 787 77 27 giltigt,
694 793 45 16 som
754 793 34 15 om
804 786 42 22 han
862 786 48 27 sjelf

85 815 68 22 skulle
175 821 51 16 vara
248 815 138 22 närvarande.
417 815 34 22 Dä
473 815 231 28 landtdagsordningen
720 815 56 22 afser
790 817 32 20 att
837 815 71 21 landt-

85 843 145 27 dagsbeslutet
248 844 55 21 skall
325 845 157 21 undertecknas
504 844 24 21 af
548 845 99 26 samtliga
665 844 143 27 medlemmar,
826 843 40 22 och
881 844 27 21 dä

85 873 60 21 fallet
167 875 24 19 är
213 873 69 21 säsom
298 873 7 21 i
320 873 188 27 Borgareständet,
531 875 32 20 att
586 873 48 21 dess
657 873 117 21 ledamöter
793 875 37 19 äro
846 872 62 25 valda

84 903 177 25 representanter,
284 902 25 21 sä
324 907 62 16 anser
403 902 37 27 jag
455 904 34 19 att
504 901 36 22 det
556 902 39 21 bör
610 907 50 16 vara
675 901 85 28 synligt,
774 903 32 19 att
822 901 26 21 de
863 901 45 21 del-

86 930 54 27 tagit
155 930 6 21 i
177 930 139 27 landtdagens
340 929 76 22 beslut.
446 931 43 26 Jag
511 930 98 21 förordar
631 930 72 21 derför
718 930 33 21 för
768 930 42 21 min
826 929 35 22 del
875 932 33 19 att

86 959 101 21 Ständets
201 958 145 25 medlemmar,
361 959 69 21 sävidt
445 959 84 27 möjligt
543 961 31 24 är,
590 959 7 21 i
613 959 77 26 Tisdag
705 957 147 23 underskrifva
862 958 46 21 sina

85 993 70 19 namn,
178 993 47 16 men
241 989 33 20 att
288 987 48 22 dem
359 987 80 22 lemnas
455 987 86 22 tillfälle
556 989 33 20 att
603 987 62 22 äfven
681 987 121 22 sedermera
817 987 91 27 fullgöra

85 1016 68 21 denna
169 1016 120 27 skyldighet
304 1016 40 21 och
360 1018 32 19 att
408 1017 36 20 det
465 1017 82 21 lemnas
565 1016 73 27 hvarje
653 1016 91 21 medlem
760 1015 102 28 rättighet
876 1018 33 19 att

83 1045 100 26 antingen
207 1044 48 27 sjelf
276 1044 52 22 eller
349 1051 77 20 genom
449 1045 69 26 nägon
535 1051 77 20 annan,
635 1045 23 22 ät
672 1045 85 21 hvilken
773 1044 41 21 han
830 1045 79 21 lemnat

84 1073 36 22 det
134 1074 7 21 i
157 1073 102 28 uppdrag,
276 1073 144 22 underteckna
436 1073 214 28 landtdagsbeslutet.

152 1130 56 22 Herr
222 1131 26 21 A.
264 1131 154 27 Björkstén:
447 1130 41 22 Till
504 1130 157 33 förebyggande
677 1130 21 22 af
713 1131 41 21 den
762 1130 146 27 missuppfatt-

83 1159 52 28 ning
149 1159 23 22 af
186 1159 48 22 mitt
249 1160 143 26 andragande,
409 1165 45 16 som
468 1159 38 27 jag
521 1159 77 22 trodde
613 1159 43 27 mig
671 1159 57 22 finna
743 1159 39 22 hos
790 1159 55 22 Herr
854 1159 55 21 Höc-

83 1188 54 27 kert,
159 1187 36 22 vill
216 1188 38 27 jag
276 1172 96 47 upplysa,
387 1177 33 32 att
440 1188 37 27 jag
493 1188 32 21 för
540 1188 64 27 ingen
619 1188 34 21 del
668 1187 40 22 har
723 1188 56 21 velat
793 1190 58 25 yttra
866 1187 43 26 mig

83 1213 32 33 uti
131 1205 36 33 det
181 1217 61 26 syfte,
258 1219 33 20 att
311 1217 47 21 icke
376 1216 210 28 landtdagsbeslutet
609 1217 69 21 skulle
693 1217 70 21 kunna
779 1199 130 46 underskrif-

83 1252 38 15 vas
136 1245 32 21 till
185 1245 38 22 och
239 1245 49 22 med
303 1252 28 15 nu
346 1247 81 26 genast,
451 1252 48 15 men
515 1248 33 19 att
560 1245 39 27 jag
618 1245 46 22 icke
679 1252 62 15 anser
756 1245 36 22 det
806 1244 103 28 behöfligt

83 1276 32 20 att
131 1274 88 22 Ståndet
234 1275 7 21 i
256 1274 85 27 plenum
357 1275 73 21 derom
446 1274 67 22 fattar
528 1274 65 27 något
609 1274 75 24 beslut,
700 1276 50 20 utan
762 1276 32 20 att
807 1274 36 21 det
854 1273 55 22 blott

82 1302 46 22 helt
143 1302 72 22 enkelt
233 1303 67 26 gifves
322 1303 106 21 tillkänna
449 1305 34 19 att
499 1303 94 21 beslutet
607 1304 25 20 är
647 1303 77 27 färdigt
740 1302 40 22 och
795 1302 113 26 framlagdt

83 1331 34 22 till
132 1332 172 26 underskrifning
319 1332 39 21 och
374 1334 33 19 att
422 1331 92 22 Ståndet
529 1332 71 21 kunde
617 1333 57 20 utom
685 1331 130 28 protokollet
825 1331 83 21 besluta

83 1366 34 16 om
134 1360 39 22 den
189 1360 132 28 lämpligaste
337 1360 59 22 tiden
412 1360 78 22 dertill.

152 1418 56 21 Herr
222 1417 154 22 Molander:
406 1418 41 26 Jag
470 1418 35 21 för
529 1418 43 21 min
598 1418 34 21 del
655 1418 39 21 har
716 1417 86 22 alldeles
827 1422 81 16 samma

81 1446 64 27 åsigt,
161 1452 45 16 som
221 1446 57 22 Herr
292 1446 102 28 Procopé,
410 1446 113 28 nemligen,
539 1449 34 19 att
587 1447 36 21 det
635 1446 38 22 bör
683 1446 81 22 lemnas
774 1446 80 21 enhvar
866 1445 42 21 till-

82 1474 50 22 fälle
153 1477 34 19 att
209 1475 147 22 underskrifva
379 1475 215 27 landtdagsbeslutet,
619 1477 22 25 ty
662 1481 77 16 annars
761 1474 70 22 kunde
849 1473 59 22 fallet

81 1502 65 23 blifva
161 1505 32 20 att
207 1504 81 21 kanske
304 1504 62 26 ingen
381 1504 69 22 skulle
465 1504 152 26 underteckna,
634 1506 22 25 ty
672 1504 26 22 de
713 1504 60 22 flesta
794 1503 62 21 hafva
870 1502 39 22 nå-
