1078 1781
288 104 181 22 Borgareståndet
481 106 56 17 1877.
561 106 24 17 17
596 105 122 17 December.
851 100 56 21 2429

80 174 91 22 sålunda
193 176 32 20 att
246 174 53 23 hvar
314 180 50 16 man
386 180 36 16 ser
444 175 33 21 att
493 174 42 21 han
551 176 24 19 är
591 174 139 27 dryckesrörd
746 174 40 22 och
801 174 47 22 icke
864 174 43 22 kan

80 203 63 22 sköta
157 203 33 27 sig
205 203 52 27 sjelf.

150 271 56 22 Herr
220 272 163 21 Molander:
414 272 33 21 Då
461 272 37 27 jag
512 271 47 22 icke
574 272 27 27 på
617 271 59 28 långt
691 273 39 20 när
745 271 39 22 har
799 271 37 22 det
850 273 58 20 stora

80 300 122 22 förtroende
225 300 33 22 till
281 307 25 15 en
326 301 141 26 gästgifvares
482 301 97 26 förmåga
594 302 32 20 att
641 300 113 21 bedömma
770 307 33 14 om
820 307 26 14 en
861 307 47 20 per-

80 335 39 15 son
141 331 25 19 är
189 329 138 27 dryckesrörd
350 329 52 22 eller
424 329 48 22 icke
495 329 40 22 och
555 329 37 27 jag
607 329 73 21 derför
694 331 46 19 tror
756 331 32 19 att
803 331 31 19 ett
849 329 59 22 stad-

80 357 75 27 gande,
177 358 75 21 sådant
273 357 162 22 Presteståndet
457 358 98 27 påyrkat,
577 358 76 21 endast
674 357 68 21 skulle
758 357 95 22 medföra
865 360 43 19 tra-

81 386 112 26 kasserier,
207 386 65 28 yrkar
284 387 38 26 jag
336 387 28 26 på
379 387 166 27 inbjudningens
561 386 114 27 afböjande
690 385 7 22 i
713 386 69 21 denna
797 386 40 22 del.

149 455 32 21 På
209 455 23 21 af
253 455 56 21 Herr
331 454 172 23 Talmannen
533 455 55 22 efter
610 454 158 22 diskussionens
788 455 120 22 afslutande

79 483 112 22 framstäld
213 483 132 28 proposition
368 484 105 21 staunade
493 483 182 28 Borgareständet
691 483 47 22 med
754 483 154 27 öfvervägande

81 511 109 28 pluralitet
211 513 7 20 i
240 512 35 21 det
291 512 71 21 beslut
377 514 33 20 att
424 512 61 22 äfven
502 513 31 21 uti
549 512 160 27 ifrägavarande
725 512 34 21 del
774 512 72 27 afböja
857 512 51 22 Pre-

78 541 131 21 steständets
222 541 131 27 inbjudning.

149 597 137 22 Beträffande
300 597 100 28 slutligen

150 661 12 27 8
178 662 26 21 22
220 663 156 20 momentet
388 662 19 25 1,
416 661 45 22 deri
473 661 161 22 Presteständet
645 660 81 22 belutat
740 661 66 22 sådan
818 660 90 27 ändring

81 691 32 20 att
135 689 41 22 den
198 690 114 27 hastighet,
334 690 49 21 med
406 689 85 22 hvilken
508 689 90 22 resande
613 689 36 22 mä
664 689 132 26 framfärdas,
811 689 48 22 icke
874 690 34 21 mä

81 718 130 22 öfverskrida
228 725 38 18 ,en
282 720 58 20 verst
355 719 28 27 pä
398 718 33 27 sju
447 719 114 26 minuter*,
576 718 85 27 yttrade
676 718 32 27 sig

150 781 55 22 Herr
227 781 160 21 Molander:
418 781 41 27 Jag
481 787 64 16 anser
560 783 33 20 att
608 781 90 22 Ständet
712 781 8 21 i
736 781 69 22 denna
820 781 33 22 del
870 781 38 22 bör

81 809 94 22 vidhälla
189 810 37 21 sitt
240 809 58 22 förra
313 810 76 21 beslut.

149 872 57 22 Herr
228 873 126 21 Kurtén:
384 873 42 27 Jag
447 873 48 22 åter
518 879 63 16 anser
601 875 32 20 att
647 873 181 26 Borgareständet
843 872 65 22 borde

81 903 78 25 antaga
181 901 159 28 inbjudningen.
370 902 50 21 Just
440 901 126 28 förändring
581 901 23 22 af
617 902 69 21 denna
701 901 98 28 paragraf
818 901 7 21 i
843 901 65 22 öfver-

81 930 159 21 ensstämmelse
248 930 48 21 med
304 930 173 22 Presteständets
486 931 71 21 beslut
565 932 24 19 är
595 930 66 27 jemte
672 930 120 27 förhöjning
799 929 23 22 af
832 930 76 27 skjuts-

81 958 62 27 legan
164 959 35 21 det
214 959 79 27 riktiga
308 961 66 19 sättet
389 959 33 21 för
437 959 134 22 närvarande
587 961 32 19 att
635 959 69 21 lindra
720 959 40 21 den
775 961 72 24 tunga,
863 965 45 15 som

80 993 77 22 genom
180 987 326 28 skjutshällningsskyldigheten
529 987 80 28 äligger
629 988 147 27 jordegarene.
806 987 33 22 Dä
860 993 48 16 man

81 1015 46 22 icke
151 1022 28 15 nu
203 1016 41 21 kan
266 1016 27 27 gä
314 1016 56 21 ända
393 1016 88 26 derhän,
503 1018 32 20 att
556 1023 49 14 man
620 1016 68 21 skulle
704 1017 117 20 bestämma
835 1017 32 20 att
882 1016 26 21 de

80 1044 90 22 resande
192 1044 52 21 böra
267 1045 94 21 bestrida
383 1045 49 22 hela
451 1045 41 21 den
512 1045 93 21 kostnad
621 1051 44 16 som
681 1045 228 26 skjutsningsbesväret

81 1073 89 26 medför,
189 1073 24 22 sä
228 1073 66 22 borde
310 1073 129 22 ätminstone
455 1074 60 21 detta
531 1074 76 21 besvär
623 1073 34 22 för
672 1074 54 26 dem,
742 1073 72 22 hvilka
829 1073 36 22 det
880 1079 28 16 nu

81 1101 86 28 äligger,
184 1102 7 21 i
206 1102 120 27 möjligaste
341 1108 50 15 mon
406 1102 139 22 underlättas.

149 1165 56 21 Herr
228 1165 143 21 Höckert:
402 1165 33 22 Dä
451 1165 247 22 Utskottsbetänkandet
713 1165 7 21 i
735 1165 74 27 frägan
825 1165 83 21 förevar

81 1193 32 21 till
137 1193 120 22 diskussion
278 1193 7 21 i
308 1193 191 28 Borgareständet,
520 1194 115 21 framlades
657 1194 78 27 mänga
757 1193 46 22 skäl
821 1193 33 22 för
868 1193 41 22 och

81 1223 58 20 emot
161 1228 26 15 en
211 1222 98 22 minskad
332 1222 149 27 farhastighet.
511 1222 91 22 Ständet
618 1223 82 26 tycktes
716 1223 28 21 dä
759 1222 56 22 fästa
830 1224 79 19 största

80 1251 99 21 afseende
198 1251 34 21 vid
248 1251 123 22 Utskottets
386 1252 81 26 förslag
483 1253 32 20 att
530 1251 167 27 farhastigheten
713 1251 113 22 framdeles
841 1250 67 22 skulle

80 1279 98 22 förblifva
199 1280 123 22 densamma
336 1286 46 15 som
404 1280 83 26 hittills,
511 1280 54 22 eller
587 1286 26 16 en
635 1280 36 21 mil
692 1280 5 21 i
714 1280 95 22 timmen.
838 1280 71 27 Nägot

80 1308 54 25 skäl,
159 1308 86 22 hvarför
268 1308 184 27 Borgareständet
474 1315 29 15 nu
527 1309 69 21 skulle
619 1308 75 28 frängä
708 1309 38 21 sitt
760 1308 57 22 förra
833 1309 75 25 beslut,

80 1336 113 28 föreligger
215 1337 53 27 icke,
291 1338 41 20 och
351 1338 37 26 jag
412 1344 63 14 anser
499 1337 70 22 derför
591 1340 33 19 att
645 1337 171 22 Presteständets
839 1337 69 22 beslut

80 1365 63 22 äfven
158 1366 7 20 i
181 1366 68 22 denna
264 1366 34 22 del
314 1366 66 22 borde
396 1366 91 27 afböjas.

149 1429 34 21 Då
198 1429 63 27 ingen
280 1430 68 20 talare
364 1429 73 22 vidare
453 1429 100 22 anmälde
568 1430 33 27 sig
616 1429 32 22 till
664 1429 122 23 erhållande
802 1430 23 21 af
841 1429 67 27 ordet,

80 1456 105 23 afslutade
200 1458 57 21 Herr
271 1458 170 22 Talmannen
457 1458 150 22 diskussionen
621 1458 38 22 och
670 1458 124 22 framstälde
805 1458 32 22 till
848 1458 60 22 Stän-

81 1486 46 22 dets
142 1486 72 22 beslut
229 1486 94 28 följande
