1078 1781
264 163 9 1 —
281 132 185 32 Borgareståndet
472 133 56 31 1877.
536 133 40 31 12
588 126 117 42 December.
843 127 56 20 2249

73 203 61 21 sidan
149 203 23 21 åt
187 203 59 20 Hans
261 203 112 26 Majestäts
388 202 68 21 finske
472 202 125 26 rådgifvare,
613 208 34 15 om
660 201 36 27 jag
712 201 24 21 så
752 201 33 21 får
796 201 104 21 benämna

73 231 60 22 Hans
156 231 120 27 Kejserliga
291 231 111 26 Majestäts
418 233 61 18 senat
494 231 33 21 för
542 231 97 25 Finland,
655 230 71 21 lemna
741 233 32 18 ett
788 232 65 25 öppet
868 236 32 14 er-

73 260 114 41 kännande
200 259 41 43 för
262 260 35 32 det
317 260 26 21 de
358 259 35 41 vid
408 259 158 40 granskningen
582 259 24 21 af
619 259 105 21 komiténs
741 259 73 20 arbete
829 260 71 39 utver-

74 323 48 16 man
138 295 75 49 hegärt
228 295 24 42 af
266 306 43 32 den
321 292 69 56 finska
405 300 106 47 nationen.
528 316 147 22 Tvifvelsutan
690 316 55 21 hade
761 316 72 21 landet
846 294 54 42 dock

75 347 53 20 stått
149 346 6 20 i
165 334 40 32 än
226 347 68 20 större
317 345 206 22 tacksamhetsskuld
545 345 31 21 till
593 346 60 20 desse
668 346 56 23 män,
740 351 34 14 om
791 345 25 20 de
831 344 69 27 bjudit

74 374 33 21 till
128 377 32 18 att
175 374 71 26 afböja
261 377 31 18 ett
307 374 87 26 förslag,
410 373 59 22 hvari
485 381 48 14 man
549 374 71 27 spelar
636 373 72 22 lotteri
724 379 34 15 om
774 373 126 26 medborga-

73 409 35 15 res
123 402 28 21 lif
165 403 39 21 och
220 403 57 24 blod,
288 405 56 18 samt
358 403 6 20 i
380 402 73 21 stället
468 403 49 20 sökt
533 405 32 18 att
580 401 166 28 tillvägabringa
761 401 138 22 militärinsti-

75 431 95 22 tutionen
186 431 29 27 på
230 438 24 15 en
271 437 58 15 mera
344 431 94 21 nationel
453 431 69 26 grund
538 431 40 21 och
594 431 5 20 i
616 430 219 21 öfverensstämmelse
851 430 47 21 med

75 461 36 20 det
126 460 191 27 uppfattningssätt
331 461 47 20 vårt
394 459 44 22 folk
456 460 38 21 har
509 463 56 18 samt
580 460 66 21 sedan
662 459 69 21 sekler
747 459 90 21 tillbaka
853 458 47 21 haft

75 489 33 20 vid
125 489 118 21 ordnandet
258 489 22 20 af
295 489 69 20 denna
380 489 78 26 vigtiga
474 489 161 26 angelägenhet.

144 517 41 26 Jag
207 517 36 21 vill
264 517 75 21 härvid
360 517 95 26 tillägga,
477 520 32 18 att
532 517 100 26 tidsenlig
654 517 129 26 förbättring
806 517 5 20 i
831 517 67 20 denna

75 545 70 27 gamla
160 546 142 27 organisation
318 548 51 19 utan
386 546 71 21 tvifvel
474 546 82 21 kunnat
571 549 52 18 utan
638 545 133 26 väsendtliga
786 545 114 27 omgångar

75 575 39 20 och
130 575 115 21 kostnader
260 574 86 21 införas.
370 575 42 20 Det
428 574 55 21 hade
499 575 53 20 efter
568 575 43 20 min
628 575 64 20 tanke
707 575 56 20 varit
778 573 121 24 önskvärdt,

75 606 33 19 att
130 603 236 26 värnepligtsutskottet
387 603 77 21 hunnit
487 603 78 27 afgifva
588 603 38 21 sitt
647 603 135 21 betänkande
797 603 6 20 i
818 603 25 21 så
857 603 41 25 god

75 632 38 25 tid,
139 635 32 18 att
193 632 119 21 Ständerna
328 632 47 21 haft
390 633 69 20 större
475 632 85 21 rådrum
577 632 32 21 för
625 631 167 28 genomgåendet
808 631 39 21 och
864 631 35 21 be-

75 661 134 26 grundandet
232 661 22 20 af
276 661 59 21 detta
358 660 143 25 betänkande,
523 663 26 18 än
566 661 26 20 de
607 661 29 20 tio
652 661 66 26 dagar
733 666 45 15 som
794 660 55 20 varit
864 665 35 16 oss

76 689 103 22 beskärde
195 689 65 21 under
276 690 40 21 den
331 689 30 21 tid
377 689 89 21 ärendet
482 689 57 26 legat
553 689 13 21 å
582 689 81 21 bordet.
680 702 27 3 —
722 689 68 21 Söker
805 695 49 14 man
870 689 29 20 ef-

75 722 33 17 ter
130 718 146 25 grundtanken
299 718 6 21 i
324 718 40 21 den
388 718 78 26 nådiga
489 718 167 27 propositionen,
678 719 23 20 så
724 717 41 21 blir
787 717 112 21 resultatet

76 746 60 21 deraf
150 747 46 20 icke
211 749 65 18 annat
292 749 25 18 än
333 749 33 18 att
380 746 61 21 Hans
456 747 120 26 Kejserliga
592 747 100 26 Majestät
706 747 58 20 velat
779 745 37 21 här
831 747 8 20 i
854 746 45 21 lan-

77 775 34 21 det
132 775 69 21 införa
215 775 118 26 värnepligt
348 775 18 26 ej
383 776 23 20 så
423 775 83 26 mycket
521 775 34 21 för
570 779 88 23 gagnets
673 781 45 15 som
734 775 46 21 icke
796 781 57 14 mera
868 774 32 21 för

76 806 97 19 namnets
195 803 69 23 skuld,
281 804 51 21 eller
348 803 47 21 med
411 804 68 21 andra
495 804 44 24 ord,
556 804 71 21 derför
642 806 32 19 att
690 804 40 21 den
746 803 68 21 blifvit
830 803 68 21 införd

76 833 6 20 i
106 832 162 27 Kejsaredömet
287 832 39 21 och
347 835 33 18 att
395 832 99 26 Finland,
510 833 6 20 i
533 833 51 26 följd
600 833 21 20 af
636 833 40 20 den
692 832 144 26 likformigbet
852 838 47 15 man

77 861 78 21 önskar
170 861 148 21 åstadkomma
333 861 6 20 i
356 861 48 21 hela
420 861 56 21 riket
492 861 39 21 och
548 862 47 20 dess
611 861 56 21 olika
678 861 222 26 förvaltningsgrenar,

75 889 46 22 icke
144 889 67 21 heller
232 893 82 18 ansetts
336 889 53 21 böra
411 890 34 21 stå
469 893 59 18 utom
552 890 40 21 den
615 890 87 21 modern
726 889 71 22 blefna
817 889 83 21 formen

76 918 33 21 för
132 919 25 20 de
173 921 58 18 stora
247 918 187 21 militärstaternas
450 920 59 19 armé
524 919 174 26 organisationer.
729 918 31 27 Ty
776 918 125 21 otvifvelak-

76 947 40 26 tigt
137 947 70 21 kunde
228 947 38 20 här
282 947 4 20 i
304 947 72 20 landet
388 947 25 21 de
430 947 105 21 femtusen
551 949 48 19 män
616 947 46 21 med
679 947 69 21 dertill
764 946 137 27 erforderliga

75 981 102 18 reserver,
201 982 43 14 som
268 976 31 20 uti
322 976 78 26 nädiga
423 976 161 26 propositionen
605 976 69 25 äskas,
690 979 51 18 utan
758 975 107 21 aulitande
880 975 24 20 af

75 1004 180 27 värnepligtsidön
279 1004 39 21 och
339 1005 41 20 den
396 1005 44 20 deri
457 1004 112 27 ingäende,
585 1005 127 20 ätminstone
728 1005 31 20 uti
775 1004 56 20 mina
847 1005 54 24 ögon

75 1032 120 27 förhatliga,
213 1033 124 25 lottningen,
352 1033 169 21 åstadkommas.
551 1033 42 27 Jag
609 1036 45 18 tror
668 1036 33 18 att
716 1033 40 21 den
772 1032 75 21 hittills
863 1039 37 14 an-

75 1061 66 21 litade
161 1063 89 24 utvägen
271 1064 31 18 att
324 1061 22 21 få
368 1062 87 23 militär,
478 1068 75 20 genom
577 1062 195 26 indelningsverket
791 1061 38 21 och
845 1061 56 21 värf-

75 1090 68 21 vande
159 1089 22 21 af
194 1092 88 24 trupper
296 1089 33 21 för
343 1090 186 27 garnisonstjenst,
542 1093 25 18 är
582 1091 49 20 vida
646 1092 78 24 vägnar
739 1093 33 18 att
783 1089 118 26 föredraga,

76 1125 41 19 om,
133 1119 69 20 såsom
219 1118 97 27 lämpligt
329 1125 57 18 vore,
402 1122 57 19 rust-
475 1119 40 21 och
531 1119 139 21 rutehållares
685 1119 67 20 börda
768 1118 68 21 blefve
852 1118 49 21 fixe-

76 1147 37 20 rad
137 1147 32 20 till
192 1150 31 18 ett
245 1148 51 20 visst
316 1148 120 24 maximum,
452 1147 113 22 hvarutom
582 1148 82 21 kronan
680 1147 68 21 skulle
763 1153 90 15 ansvara
868 1147 34 20 för

76 1176 25 21 de
117 1176 48 21 med
182 1175 103 22 soldaters
301 1176 136 21 anskatfande
454 1177 40 20 och
511 1176 111 21 underhåll
637 1176 99 21 förenade
749 1175 92 27 utgifter.
858 1175 42 21 Nö-

76 1205 49 26 diga
147 1211 95 14 reserver
262 1204 52 21 eller
336 1205 108 20 såkalladt
460 1205 226 26 vargeringsmanskap
701 1205 71 20 kunde
788 1205 45 23 ock,
850 1207 50 18 utan

76 1236 55 18 rust-
155 1233 40 21 och
217 1233 141 21 rotehållares
381 1233 131 22 öfverdrifna
535 1234 140 26 betungande,
691 1234 27 26 på
734 1233 109 21 enahanda
859 1234 43 20 sätt

75 1262 119 26 uppställas
210 1264 54 18 samt
280 1262 31 21 till
328 1262 38 21 och
383 1263 47 20 med
447 1263 28 26 på
491 1262 90 22 förhand
597 1262 89 21 inöfvas.
702 1275 27 2 —
746 1262 49 21 Man
811 1262 39 28 har
864 1268 37 14 an-

75 1290 71 21 märkt
161 1293 33 18 att
209 1290 39 21 den
264 1290 58 21 förra
337 1291 267 26 militärorganisationens
617 1292 7 20 i
634 1291 73 21 landet
721 1284 106 33 svagaste
834 1290 68 27 punkt

76 1325 49 15 vore
141 1320 54 20 brist
209 1319 28 26 pä
252 1325 96 15 reserver
364 1320 31 20 till
412 1308 75 42 nödigt
503 1320 69 25 antal;
589 1326 47 14 men
651 1320 6 20 i
674 1320 50 20 våra
737 1320 71 26 dagar,
822 1319 27 21 då
859 1318 42 22 kri-

75 1354 40 19 gen
137 1348 18 26 ej
177 1350 37 18 äro
233 1348 122 26 långvariga
370 1348 40 21 och
426 1337 51 32 när
483 1350 69 20 staten
567 1336 34 33 för
616 1348 25 21 de
656 1348 77 27 många
749 1336 109 33 materiela
872 1347 30 21 in-

75 1380 107 17 tressenas
197 1376 63 26 skull,
276 1383 45 15 som
338 1376 51 22 bero
406 1377 22 21 af
442 1376 187 25 krigstillståndet,
646 1378 79 26 nödgas
740 1376 74 22 nolens
830 1376 72 21 volens

76 1404 78 22 afsluta
170 1405 70 26 kriget
254 1405 25 21 så
294 1405 42 21 fort
351 1412 45 14 som
413 1406 92 26 möjligt,
521 1406 68 20 skulle
605 1405 33 21 väl
654 1406 35 20 det
705 1405 79 27 belopp
799 1410 103 18 reserver,

75 1433 82 21 hvilket
171 1434 34 20 för
219 1434 68 21 finska
303 1435 73 19 armén
392 1434 144 23 erfordrades,
551 1434 46 21 icke
614 1434 64 21 blifva
694 1434 88 21 alldeles
798 1436 59 18 stort.
874 1445 26 4 —

75 1462 56 25 Men,
144 1462 61 21 heter
220 1462 36 21 det
271 1462 31 21 uti
318 1462 78 27 nådiga
411 1462 168 27 propositioner,
593 1463 38 25 ,de
645 1463 92 27 grunder
752 1462 32 21 för
799 1463 102 21 försvars-

74 1490 114 22 väsendets
203 1491 116 25 ordnande,
336 1497 46 15 som
398 1493 38 19 äro
452 1491 100 27 gällande
566 1492 7 20 i
588 1491 91 21 Finland
695 1491 30 21 uti
741 1491 37 21 det
792 1490 110 22 såkallade

74 1519 200 27 indelningsverket,
291 1525 63 21 synas
370 1526 88 14 numera
475 1520 48 21 icke
537 1522 108 19 motsvara
660 1520 26 21 de
701 1520 118 26 fordringar
834 1519 68 27 krigs-
