1078 1781
303 119 180 21 Borgareståndet
495 119 57 17 1878.
573 120 14 16 8
599 119 95 17 Januari.
855 114 57 21 2763

473 189 11 26 s
501 190 20 19 4.

153 247 56 20 Herr
224 245 151 22 Fabritius:
407 245 74 21 Ehuru
501 246 37 27 jag
561 246 46 21 icke
626 248 46 19 tror
686 248 34 19 att
734 252 27 15 en
776 251 75 16 senare
866 245 43 21 till-

84 275 99 22 kommen
206 274 35 27 lag
264 275 41 20 kan
320 273 107 28 upphäfva
442 274 133 27 rättigheter,
591 280 46 15 som
654 274 44 21 före
714 274 133 21 densammas
863 274 47 21 stif-

83 303 66 22 tande
164 303 62 21 hafva
242 303 127 27 tillkommit,
384 302 24 21 sä
423 303 69 21 skulle
505 303 38 26 jag
558 303 55 21 dock
628 303 77 21 föreslå
716 305 32 19 att
757 303 155 26 Borgarestän-

85 333 36 20 det
142 331 49 21 ville
207 331 100 22 vidblifva
322 331 38 21 sitt
374 331 57 21 förra
447 331 71 21 beslut
533 333 6 19 i
555 331 100 22 afseende
670 331 14 22 &
698 332 13 25 $
726 333 14 20 4
756 331 51 21 eller
822 333 32 19 att
869 331 39 22 der

83 361 70 20 skulle
168 360 78 21 införas
261 367 25 14 en
303 360 65 21 sädan
384 360 136 27 bestämning
535 362 33 19 att
582 360 161 27 grekisk-ryska
759 360 149 26 församlingar

85 389 66 21 mätte
172 395 50 15 vara
238 388 122 21 bibehällna
375 389 35 20 vid
425 388 41 22 den
482 389 103 26 rättighet
601 391 32 19 att
649 389 77 21 besitta
741 389 43 21 fast
799 389 109 26 egendom,

83 424 47 15 som
147 417 26 22 de
187 417 75 22 hittills
277 417 63 22 hafva
356 420 43 24 egt.

155 479 69 22 Sedan
247 480 149 21 diskussionen
418 480 100 21 afslutats
534 480 131 21 framställde
681 480 55 21 Herr
752 468 161 33 Talmannen

85 508 94 27 följande

155 565 177 26 Proposition:
364 566 38 25 De,
422 572 46 15 som
490 565 114 26 godkänna
619 565 294 28 sammanjemkningsförsla-

84 596 38 24 get
145 595 91 20 rörande
260 595 11 26 $
297 597 20 23 4,
344 600 62 15 svara
428 595 36 26 ja;
491 595 32 25 de,
551 600 45 15 som
622 594 50 27 vilja
696 594 72 27 afböja
793 595 120 21 detsamma

85 629 63 15 svara
163 623 52 27 nej.

154 675 67 26 Äfven
245 680 68 21 denna
335 680 132 27 proposition
491 680 128 21 besvarades
640 680 22 21 af
676 680 91 22 Ständet
782 681 47 21 med
845 680 67 21 öfver-

86 709 96 27 vägande
197 708 46 27 nej.

476 766 11 27 S
503 767 19 20 6.

155 823 56 21 Herr
233 823 150 21 Fabritius:
414 822 41 27 Jag
477 823 68 20 skulle
567 823 80 21 föreslä
662 825 32 19 att
709 823 7 20 i
732 823 122 21 Utskottets
869 823 43 21 for-

87 851 102 27 mulering
212 851 22 21 af
254 851 68 21 denna
344 853 11 24 $
376 851 67 21 skulle
460 852 83 25 intagas
559 851 192 27 Borgareständets
766 852 57 21 förut
838 851 74 27 gjorda

86 879 105 22 förbehäll
206 880 104 26 nämligen
323 882 33 19 att
368 880 26 21 de
404 880 161 27 grekisk-ryska
575 879 94 22 klostren
682 880 40 21 och
733 880 179 25 munkordnarne,

85 915 47 14 som
153 909 32 20 för
207 909 131 20 närvarande
360 908 68 21 finnas
443 909 6 20 i
465 909 81 26 landet,
569 909 66 21 måtte
659 908 65 22 blifva
739 909 122 21 bibehällna
876 909 36 21 vid

87 938 62 21 deras
164 937 121 21 nuvarande
301 937 132 27 rättigheter.

155 999 60 22 Efter
236 1002 33 19 att
292 1000 146 21 diskussionen
462 1000 69 21 blifvit
547 1000 108 21 förklarad
670 1001 93 21 afslutad
779 1000 131 21 framställde

85 1028 56 22 Herr
157 1028 160 21 Talmannen
332 1029 93 25 följande
440 1029 166 26 propositioner.

153 1091 168 27 Proposition
336 1091 42 21 N:o
397 1093 22 19 1:
439 1091 40 26 De,
494 1097 45 16 som
555 1092 114 27 godkänna
684 1091 225 28 sammanjemknings-

85 1119 100 28 förslaget
206 1120 32 21 för
260 1120 68 21 sävidt
352 1121 36 20 det
408 1120 66 27 angår
495 1121 68 20 första
583 1121 111 26 meningen
712 1122 6 19 i
734 1121 11 26 8
761 1121 19 24 6,
797 1127 62 14 svara
872 1121 35 26 ja;

85 1149 73 20 vinner
180 1149 47 26 nej,
250 1155 64 14 anses
335 1149 96 23 Ständet,
455 1150 47 20 med
525 1149 135 21 vidhällande
680 1149 23 21 af
716 1149 37 21 sitt
768 1149 57 21 förra
840 1149 70 21 beslut

85 1177 90 21 rörande
198 1177 115 21 innehället
335 1177 22 22 af
372 1177 68 22 denna
455 1178 92 27 mening,
562 1178 105 21 förkastat
685 1177 226 27 sammanjemknings-

84 1206 102 26 förslaget
201 1206 7 20 i
223 1205 69 22 denna
307 1206 69 21 denna
392 1206 39 21 del.

155 1269 162 27 Propositionen
333 1270 128 21 besvarades
477 1270 47 21 med
541 1270 155 27 öfvervägande
711 1270 49 27 nej.

155 1332 171 27 Proposition
342 1333 40 21 N:o
398 1334 24 20 2:
444 1333 39 25 De,
499 1339 46 15 som
556 1333 113 27 godkänna
686 1332 226 28 sammanjemknings-

85 1360 102 28 förslaget
207 1362 108 25 angående
339 1362 67 20 andra
428 1362 112 26 meningen
563 1362 31 20 uti
615 1362 12 26 &
650 1364 20 24 6,
686 1368 63 15 svara
762 1362 36 26 ja;
815 1361 32 26 de,
864 1367 45 15 som

84 1389 51 27 vilja
149 1389 71 27 afböja
236 1390 318 27 sammanjemkningsförslaget
569 1390 7 21 i
593 1390 68 22 denna
677 1390 39 27 del,
732 1396 64 16 svara
810 1390 47 27 nej.

155 1446 75 22 Svaret
245 1446 53 22 härä
312 1446 63 22 utföll
391 1447 47 21 med
455 1446 109 22 obestridd
581 1447 154 27 röstpluralitet
748 1447 121 27 jakande.

154 1503 103 22 Häremot
272 1504 109 21 anmäldes
397 1504 132 22 reservation
544 1504 24 21 af
582 1504 56 22 Herr
652 1504 170 27 Tengström.
