1078 1781
154 104 57 22 2790
373 109 180 21 Borgareståndet
565 110 56 17 1878.
646 111 24 17 10
682 110 96 18 Januari.

155 178 48 21 dem
218 178 129 22 framhållits
362 178 28 22 då
404 178 74 27 frågan
494 178 57 22 förut
565 178 134 23 behandlats.
720 179 42 27 Jag
777 179 80 22 tillåter
871 179 43 27 mig
930 178 53 22 dock

153 209 39 25 att,
210 207 48 21 med
274 207 116 27 anledning
405 207 23 21 af
441 207 55 22 Herr
511 207 120 22 Snellmans
645 208 126 26 anförande,
787 208 83 27 påpeka
885 210 32 19 att
932 207 50 22 Fin-

153 235 63 23 lands
239 235 57 22 bank
319 237 76 20 nästan
418 236 73 27 aldrig,
513 236 131 21 åtminstone
659 237 69 21 under
743 237 78 27 många
836 237 31 26 år,
883 237 39 21 har
937 235 45 22 haft

154 271 26 15 en
201 264 109 21 metallisk
332 264 63 21 kassa
420 265 67 21 under
509 265 36 21 det
561 264 78 28 belopp
654 271 34 15 om
706 265 82 22 hvilket
803 265 179 26 Borgareståndet

154 293 40 21 har
216 292 84 22 förenat
322 293 32 27 sig
376 293 69 21 såsom
464 293 97 28 lämpligt
576 294 33 21 för
625 300 25 15 en
666 293 81 22 minimi
764 294 148 27 begränsning.
941 294 41 27 Jag

153 322 40 21 har
211 321 124 27 visserligen
356 321 117 22 framhållit
495 321 40 22 här
558 324 33 19 att
614 322 40 21 den
678 323 121 21 metalliska
820 323 77 21 kassan
912 322 69 27 någon

153 350 56 27 gång
231 350 35 21 vid
288 350 68 27 några
378 350 157 27 undantagsfall
551 350 39 22 har
605 351 48 21 med
668 357 26 15 en
710 351 47 21 half
771 351 73 27 miljon
860 351 81 22 kunnat
955 351 27 27 gå

154 379 112 26 derunder,
275 385 47 15 men
338 379 99 26 samtliga
451 379 95 22 Stånden
562 379 63 22 hafva
641 385 88 16 numera
744 380 85 21 förenat
844 380 31 27 sig
890 385 34 16 om
941 379 40 22 den

153 407 40 22 här
214 407 161 27 ifrågavarande
396 407 137 27 paragrafens
555 407 174 27 omformulering
752 409 6 20 i
782 408 76 22 sådant
880 408 54 27 syfte
950 410 32 19 att

153 436 66 22 också
242 436 68 21 under
330 436 80 21 sådana
425 436 88 21 alldeles
528 437 142 26 exeptionella
686 436 148 22 förhållanden
849 437 40 21 den
906 437 75 21 metal-

153 465 56 21 liska
229 465 79 21 kassan
333 465 47 22 icke
402 464 55 27 finge
476 465 119 22 bibehållas
610 465 67 22 under
693 466 129 26 20,000,000
837 466 66 23 mark,
919 465 62 22 hvar-

153 496 58 19 emot
228 494 40 21 den
284 493 67 26 enligt
366 494 40 21 den
423 493 140 28 ordalydelse,
579 500 45 15 som
641 493 127 28 paragrafen
784 494 65 26 enligt
865 494 115 27 reglemen-

153 524 32 19 tet
200 521 137 22 härförinnan
352 522 62 26 hade,
431 523 66 20 borde
512 522 21 21 få
547 523 28 26 gå
591 523 130 21 derutöfver.
752 523 146 21 Innevarande
913 523 67 21 landt-

153 551 42 26 dag
210 551 39 20 har
264 550 90 22 sålunda
369 551 6 20 i
392 551 58 21 detta
465 551 99 21 afseende
580 551 55 27 tagit
650 553 31 20 ett
696 551 47 22 icke
759 551 119 27 obetydligt
890 554 46 23 steg
948 553 32 19 att

153 579 130 27 tillmötesgå
306 579 40 21 den
369 579 22 21 af
413 579 189 28 bankfullmägtige
624 579 96 22 uttalade
743 580 82 21 önskan
847 579 39 22 och
909 580 36 21 det
959 580 23 21 af

153 608 191 27 bankfullmägtige
357 608 95 21 uttalade
467 608 72 26 behof,
555 608 81 22 hvilket
647 608 65 22 behof
723 608 193 27 bankfullmäktige
927 608 53 22 först

153 636 68 22 under
236 637 141 26 landtdagens
392 643 74 15 senare
482 637 73 26 period
571 643 62 21 synes
649 637 65 21 hafva
730 637 65 22 insett
811 637 38 21 och
860 637 68 21 funnit
939 643 41 20 nog

153 665 85 22 talande
262 667 32 20 att
310 665 120 22 framhålla.
461 666 42 21 Det
518 667 24 20 är
557 666 48 21 med
621 666 115 26 anledning
752 665 61 22 deraf
827 668 33 19 att
874 665 105 27 Borgare-

153 694 96 21 ståndets
264 693 70 22 beslut
349 694 89 21 sålunda
453 694 199 22 öfverensstämmer
660 695 49 20 med
717 695 67 26 syftet
796 695 6 20 i
813 695 40 20 den
864 694 24 21 af
896 694 84 21 Preste-

153 723 85 21 ståndet
260 729 29 15 nu
311 723 75 27 gjorda
408 723 157 27 inbjudningen,
581 723 27 21 då
624 723 69 21 denna
708 723 135 27 bestämning
858 723 121 27 antagligen

153 751 75 22 endast
241 751 8 22 i
263 751 121 28 synnerliga
406 751 158 28 undantagsfall
585 751 69 22 skulle
670 751 20 22 få
705 752 72 27 någon
793 751 133 27 tillämpning
941 751 39 22 och

154 780 49 21 med
225 780 101 21 afseende
341 779 51 22 derå
408 782 31 19 att
455 781 69 20 denna
539 780 175 27 omformulering
729 780 23 22 af
767 781 132 26 paragrafen,
916 780 63 21 redan

153 809 23 21 af
189 808 99 27 samtliga
303 809 45 26 fyra
363 808 94 22 Stånden
472 809 70 21 blifvit
557 809 113 26 omfattad,
680 815 44 15 som
739 809 39 27 jag
794 809 33 21 för
842 809 42 21 min
900 809 80 21 delan-

153 843 35 15 ser
209 840 117 24 yttermera
348 837 48 22 stöd
416 837 113 22 förefinnas
549 837 33 22 för
597 837 183 27 Borgareständet
798 840 33 19 att
845 837 46 22 icke
906 837 74 27 frångå

153 868 32 19 ett
205 866 25 21 så
252 866 84 27 nyligen
359 865 25 22 af
402 866 179 27 Borgareståndet
597 866 79 21 fattadt
693 866 77 24 beslut,
786 866 82 21 hvilket
883 866 97 27 föröfrigt

153 894 199 22 öfverensstämmer
368 895 47 21 med
431 895 36 21 det
482 895 75 26 beslut,
573 901 46 15 som
635 895 100 26 samtliga
751 895 94 21 Stånden
860 895 66 21 redan
939 895 41 21 fat-

153 925 32 20 tat
201 923 48 22 med
264 923 102 22 afseende
381 923 13 21 å
409 923 40 22 den
465 924 84 27 nyligen
564 923 138 26 genomförda
718 924 173 27 myntreformen.

221 981 57 21 Herr
293 981 154 21 Ahlström:
477 981 43 21 För
542 981 45 21 min
604 981 33 21 del
653 981 38 21 ber
703 981 39 27 jag
757 983 33 19 att
805 981 22 22 få
842 981 86 21 förorda
942 987 37 15 an-

152 1009 102 26 tagandet
269 1009 23 22 af
305 1009 171 22 Presteståndets
491 1009 132 28 inbjudning,
639 1015 45 16 som
700 1010 40 27 går
754 1012 25 19 ut
794 1010 27 27 på
837 1011 32 20 att
885 1009 94 22 bankens

152 1038 122 21 metalliska
288 1038 64 21 kassa
368 1038 68 21 skulle
451 1038 94 21 minskas
560 1038 48 21 från
624 1039 26 21 20
667 1038 32 21 till
717 1039 25 21 15
754 1038 106 21 millioner
869 1038 60 21 mark
940 1038 39 21 och

152 1073 63 15 anser
240 1069 33 19 att
295 1067 7 21 i
324 1067 117 21 allmänhet
463 1067 126 22 säkerheten
615 1069 25 20 är
662 1067 91 27 tryggad
777 1073 34 15 om
831 1067 65 22 också
911 1067 68 21 denna

151 1095 123 27 minskning
289 1095 68 22 skulle
372 1095 44 22 ske.
445 1095 127 28 Derigenom
589 1095 67 22 skulle
672 1095 86 22 banken
774 1095 40 22 och
829 1095 73 22 landet
917 1096 62 21 vinna

151 1124 87 27 årligen,
255 1131 34 14 om
306 1131 47 14 man
370 1123 105 22 beräknar
489 1126 77 19 räntan
582 1125 27 26 på
625 1124 41 22 fem
679 1125 109 21 millioner
797 1125 53 20 efter
860 1125 13 20 6
884 1126 94 25 procent,

152 1153 93 26 300,000
255 1153 67 21 mark.
352 1153 91 21 Hvarför
458 1153 55 22 skall
524 1159 48 15 man
581 1153 28 22 då
619 1153 83 21 envisas
710 1155 34 20 att
759 1153 93 22 vidhålla
868 1153 38 21 sitt
921 1153 57 22 förra

151 1182 71 21 beslut
246 1183 38 20 när
305 1188 26 15 en
354 1181 25 22 så
393 1184 45 19 stor
453 1188 82 15 summa
553 1181 45 22 står
613 1184 33 19 att
661 1181 93 28 förtjena
770 1181 39 22 och
825 1181 153 22 allmänhetens

151 1210 102 21 säkerhet
268 1211 54 21 dock
337 1212 24 19 är
377 1210 122 27 betryggad.
529 1210 31 21 Pä
576 1211 61 20 dessa
652 1210 46 21 skäl
714 1210 100 22 förordar
825 1210 36 27 jag
876 1212 102 25 antagan-

151 1239 37 22 det
203 1239 23 22 af
240 1239 159 27 inbjudningen.

220 1296 57 22 Herr
292 1296 132 22 Lindelöf:
453 1296 34 22 Då
502 1296 35 22 det
553 1296 81 28 åligger
650 1296 84 22 banken
749 1298 34 20 att
798 1296 67 22 inlösa
876 1296 46 22 sina
932 1298 45 20 ute-

151 1325 92 26 löpande
266 1325 71 21 sedlar
359 1325 48 21 med
429 1325 57 27 guld,
508 1325 24 21 så
554 1331 62 21 synes
632 1325 61 21 deraf
707 1325 122 27 otvetydigt
843 1324 51 28 följa
909 1326 32 20 att
954 1325 24 27 ju

151 1355 69 20 större
236 1354 41 21 den
292 1354 130 26 utelöpande
436 1354 147 21 sedelstocken
603 1356 24 19 är
642 1354 60 21 desto
718 1356 72 19 större
805 1354 71 21 förråd
892 1353 22 22 af
928 1353 50 27 guld

150 1382 69 20 måste
234 1382 84 21 barken
334 1382 58 22 hålla
407 1382 7 21 i
429 1382 118 28 beredskap
563 1382 34 22 för
611 1384 33 20 att
658 1383 73 21 kunna
756 1382 105 22 honorera
876 1382 46 22 sina
936 1382 42 21 för-

150 1411 114 21 bindelser.
295 1411 43 21 Det
352 1416 62 22 synes
430 1410 72 22 derför
517 1417 50 15 vara
583 1411 65 26 något
658 1411 47 21 skäl
718 1411 34 21 för
760 1413 32 19 ett
799 1411 76 21 sådant
883 1411 95 27 yrkande

150 1441 33 20 att
205 1440 41 21 den
268 1440 120 21 metalliska
410 1440 76 21 kassan
510 1440 65 21 borde
597 1439 75 22 ställas
687 1440 6 21 i
709 1440 68 27 något
798 1439 133 22 förhållande
945 1439 33 22 till

151 1468 41 22 den
215 1468 129 27 utelöpande
367 1468 152 22 sedelstocken.
549 1469 42 26 Jag
606 1471 46 19 tror
672 1468 65 22 också
752 1470 40 23 att,
808 1468 7 21 i
831 1470 99 19 motsatts
945 1468 32 22 till

150 1496 56 22 hvad
221 1497 41 21 här
277 1497 35 21 vid
327 1499 31 19 ett
374 1496 127 28 föregående
517 1496 85 22 tillfälle
617 1497 95 27 påstods,
729 1498 33 21 ett
772 1497 77 22 sådant
862 1496 115 28 stadgande
