1078 1781
302 107 179 22 Borgareståndet
493 109 55 17 1877.
568 109 27 17 28
607 108 119 18 December.
857 101 55 21 2645

86 176 71 27 någon
178 177 56 26 gång
252 177 75 21 endast
343 176 49 22 litet
406 176 78 22 brändt
499 177 82 26 socker,
597 176 46 22 helt
658 178 65 25 öppet
738 175 63 28 säljer
816 175 96 24 bränvin,

87 205 89 22 oaktadt
191 212 25 15 en
234 205 65 22 sådan
314 205 126 27 försäljning
455 206 6 20 i
477 206 34 26 lag
527 207 25 20 är
567 205 118 27 förbjuden.
714 205 77 21 Denna
804 206 66 25 utväg
880 205 34 20 att

85 233 90 28 kringgå
190 234 61 27 lagen
267 233 66 22 borde
349 234 66 27 enligt
430 234 43 21 min
488 234 56 27 åsigt
558 236 94 25 stängas.

155 291 56 22 Herr
226 291 136 27 Ignatius:
392 291 68 21 Äfven
473 291 38 27 jag
526 291 49 21 ville
591 293 57 19 emot
664 291 56 21 Herr
735 290 119 22 Snellmans
868 289 45 22 för-

87 320 46 26 slag
148 320 110 26 anmärka,
274 322 32 19 att
321 326 34 15 om
372 320 36 21 det
423 319 40 22 ock
478 320 47 21 icke
541 319 142 27 bokstafligen
699 319 77 22 strider
792 320 45 19 mot
851 319 62 20 orda-

85 347 95 28 lydelsen
196 349 7 20 i
218 348 248 27 Landtdagsordningen,
482 349 24 20 så
521 348 78 22 strider
614 349 36 20 det
665 348 129 21 åtminstone
805 347 108 21 bestämdt

86 379 46 19 mot
153 377 69 21 andan
244 378 7 20 i
274 377 128 27 densamma,
425 379 22 24 ty
470 377 37 22 det
528 377 39 27 går
585 379 24 19 ut
624 377 28 27 på
667 379 32 19 att
714 377 99 26 upprifva
828 377 31 20 ett
878 375 35 21 vid

86 405 70 22 denna
176 405 103 28 landtdag
301 405 57 22 förut
381 405 80 22 fattadt
483 406 78 21 beslut.
591 405 120 22 Ständerna
728 405 65 22 hafva
808 404 105 27 nemligen

85 434 95 21 beslutat
201 441 26 15 en
251 435 89 26 petition
363 434 73 21 derom
451 437 34 18 att
500 435 41 20 den
556 434 122 21 handlande
693 434 76 21 hittills
784 433 129 22 tillerkända

86 464 45 19 rätt
153 462 32 22 till
208 463 124 27 försäljning
355 463 23 21 af
398 463 145 27 spritdrycker
565 463 69 22 blefve
649 463 113 21 inskränkt
780 462 81 22 derhän
880 463 33 19 att

85 491 43 21 fem
153 491 83 22 kannor
260 498 50 15 vore
335 492 36 21 det
387 492 78 21 minsta
489 491 86 28 belopp,
600 498 45 15 som
671 491 27 27 pä
722 497 26 15 en
775 492 56 26 gäng
857 490 55 27 finge

86 519 97 28 afyttras,
206 521 38 20 och
264 522 38 24 att,
325 520 32 21 för
379 520 130 27 rättigheten
533 523 33 19 att
585 520 32 21 till
632 521 82 20 mindre
729 520 76 27 belopp
821 519 92 27 föryttra

86 555 82 15 samma
191 555 69 19 varor,
283 549 111 21 enahanda
414 549 159 26 bestämningar
592 549 70 21 blefve
683 548 105 28 gällande,
808 555 46 14 som
878 548 34 25 de,

85 577 74 22 hvilka
173 577 64 22 hafva
252 577 98 22 afseende
364 578 14 21 å
392 577 131 27 rättigheten
538 580 33 19 att
581 577 131 22 utminutera
722 577 94 21 bränvin.
846 577 66 20 Detta

86 608 25 19 är
126 606 36 21 det
177 606 167 26 Ständerbeslut,
359 606 27 27 på
401 607 68 26 grund
485 606 78 21 hvaraf
576 606 123 27 regeringen
710 605 144 22 framkommit
864 605 48 21 med

86 635 33 20 sin
142 635 139 27 proposition.
311 635 120 22 Ständerna
446 635 64 21 hafva
525 635 83 21 derföre
624 635 123 26 visserligen
763 634 102 27 rättighet
880 635 33 20 att

85 669 30 15 nu
129 663 69 22 uttala
213 670 25 15 en
255 664 6 21 i
278 663 138 27 detaljirägor
430 664 114 21 afvikande
559 664 70 26 äsigt
630 658 9 36 ;
645 670 49 15 men
710 663 95 21 deremot
819 663 43 20 kan
874 662 38 27 jag

86 692 19 27 ej
128 698 51 15 anse
202 693 36 20 det
260 692 231 22 öfverensstämmande
515 692 48 21 med
584 692 41 27 god
648 692 92 27 ordning
762 691 39 22 och
819 691 93 22 andan
896 687 19 37 i

86 721 231 26 landtdagsordningen
332 723 33 19 att
380 721 45 21 helt
440 721 39 21 och
496 721 67 22 hället
577 721 96 21 förkasta
689 721 69 21 denna
773 719 138 28 proposition,

85 755 46 16 som
145 749 45 27 just
205 751 23 19 är
246 750 56 27 bygd
318 749 28 28 pä
361 749 26 22 de
402 750 94 26 grunder
511 750 121 21 Ständerna
647 749 113 22 framstält.
790 749 70 21 Jemte
876 748 36 21 det

83 778 38 27 jag
143 778 81 21 säledes
246 784 62 15 anser
331 778 56 21 Herr
409 778 120 22 Snellmans
552 778 80 27 förslag
652 778 19 27 ej
687 778 53 21 böra
755 777 109 22 föranleda
879 777 32 20 till

85 806 70 27 någon
170 807 76 26 åtgärd
262 807 46 21 från
324 807 100 22 Ständets
439 807 52 27 sida,
503 807 37 22 ber
553 807 37 27 jag
603 809 32 19 att
645 807 21 21 få
680 807 6 20 i
697 806 120 21 hufvudsak
828 805 83 22 ansluta

85 835 43 27 mig
143 835 32 22 till
191 837 163 20 reservationen.

154 893 57 21 Herr
234 893 188 27 Tengström:
452 893 57 21 Herr
536 893 119 22 Snellmars
680 892 115 27 påstående
821 893 33 20 att
876 891 36 21 det

85 921 62 22 äfven
161 921 57 22 förut
234 922 68 21 skulle
310 921 94 22 inträffat
412 924 32 19 att
455 927 82 16 samma
548 922 156 24 Ständermöte,
718 927 45 16 som
775 921 137 26 petitionerat

84 951 6 20 i
107 956 27 15 en
150 950 67 27 fräga,
233 950 120 22 sedermera
369 950 68 21 skulle
453 950 109 22 förkastat
577 951 41 21 den
634 951 65 26 derpä
713 949 109 27 grundade
835 955 77 21 propo-

85 978 98 27 sitionen,
199 979 62 21 torde
277 979 21 21 fä
313 985 62 15 anses
390 985 45 15 som
451 981 32 19 ett
499 979 94 27 misstag,
603 979 91 26 troligen
705 979 130 21 härrörande
851 977 61 22 deraf

85 1009 32 19 att
141 1008 36 21 det
199 1007 67 22 händt
288 1010 38 23 att,
342 1007 27 22 dä
384 1010 32 19 ett
431 1007 151 22 Ständermöte
597 1007 107 22 framstält
719 1013 25 16 en
760 1007 96 27 petition,
871 1006 40 21 föl-

82 1036 65 26 jande
169 1035 99 26 Ständer,
292 1035 113 22 bestäende
420 1036 25 21 af
458 1037 69 21 andra
542 1042 107 21 personer,
664 1036 104 21 förkastat
783 1036 127 21 densamma.

85 1064 29 22 Sä
135 1065 81 21 skedde
239 1067 15 18 t.
271 1071 32 15 ex.
320 1065 6 21 i
341 1065 75 26 frägan
432 1071 35 15 om
483 1065 160 27 gvarnskatten.
673 1064 48 21 Men
737 1065 36 20 det
788 1065 39 20 har
843 1064 68 26 aldrig

84 1093 95 21 inträffat
194 1095 32 19 att
242 1100 80 15 samma
337 1093 158 26 Ständermöte,
510 1100 46 15 som
571 1094 76 27 begärt
662 1095 32 19 ett
709 1093 120 27 lagförslag,
841 1093 71 21 seder-

84 1128 59 15 mera
159 1121 104 23 förklarat
278 1123 118 20 detsamma
412 1122 124 27 oantagligt.
567 1122 68 21 Äfven
651 1121 70 22 tviflar
733 1122 37 27 jag
786 1121 27 27 pä
827 1123 33 19 att
875 1121 37 21 det

84 1150 59 21 förut
165 1150 68 21 händt
256 1153 33 19 att
312 1153 30 19 ett
358 1151 121 26 lagförslag,
495 1151 88 21 hvarom
599 1151 119 22 Ständerna
734 1150 95 26 anhällit,
845 1149 65 22 redan

84 1178 36 22 vid
142 1185 82 15 samma
242 1179 102 27 landtdag
359 1179 70 21 blifvit
445 1180 48 21 dem
510 1179 112 27 förelagdt.
638 1192 27 2 —
680 1179 33 21 En
728 1179 44 21 helt
787 1184 70 16 annan
872 1178 39 21 sak

83 1209 25 20 är
131 1207 95 22 deremot
245 1210 33 19 att
292 1207 95 22 förkasta
402 1207 41 22 den
459 1208 85 27 Nädiga
559 1208 159 27 propositionen
734 1208 39 21 och
789 1207 122 22 Utskottets

83 1236 137 22 betänkande
242 1237 33 21 till
299 1237 40 21 den
360 1237 35 21 del
414 1237 26 21 de
455 1237 134 22 öfverskrida
604 1237 129 22 Ständernes
748 1236 75 28 gjorda
837 1235 75 22 anhäl-

83 1265 49 26 lan
127 1260 9 36 ;
149 1268 31 18 ett
195 1266 77 21 sådant
286 1265 139 21 förkastande
440 1268 24 19 är
479 1266 48 21 från
543 1266 131 21 Ständernas
689 1266 47 21 sida
748 1265 49 21 fullt
806 1264 104 27 behörigt.

83 1294 50 21 Men
156 1294 106 22 huruvida
283 1294 36 21 det
340 1296 24 19 är
385 1294 185 28 grundlagsenligt
593 1294 39 22 och
647 1294 35 21 mä
697 1294 71 21 kunna
783 1293 81 22 tillätas
878 1296 33 19 att

83 1328 29 16 nu
127 1322 99 27 upprifva
242 1325 31 19 ett
289 1323 66 21 under
370 1323 69 21 denna
454 1323 104 26 landtdag
573 1322 79 22 fattadt
667 1322 69 22 beslut
752 1322 40 22 och
806 1322 105 22 huruvida

83 1351 133 27 proposition
239 1352 73 21 derom
335 1352 35 21 mä
388 1352 83 25 aflätas,
488 1352 37 21 det
541 1352 141 21 öfverlemnar
694 1351 36 27 jag
746 1351 32 21 tili
794 1351 56 21 Herr
862 1351 49 21 Tal-

83 1386 103 15 mannens
200 1380 152 27 bepröfvande.

153 1437 55 21 Herr
234 1437 157 22 Snellman:
422 1434 11 24 1
455 1437 117 27 anledning
594 1437 23 21 af
639 1438 56 20 Herr
715 1438 136 26 Tengströms
872 1436 38 27 pä-

82 1466 89 21 stående
191 1466 34 21 vill
239 1466 36 27 jag
290 1465 88 28 upplysa
394 1468 33 19 att
440 1466 38 26 jag
493 1466 19 27 ej
529 1468 36 20 vet
579 1466 43 26 mig
637 1466 63 22 hafva
713 1468 54 25 sagt,
782 1466 128 21 åtminstone

81 1494 41 21 har
143 1494 38 27 jag
196 1495 19 27 ej
230 1494 57 22 velat
302 1496 58 25 säga,
376 1497 32 19 att
424 1494 36 22 det
476 1494 59 22 förut
550 1495 135 21 förekommit
700 1497 32 19 att
746 1496 32 20 ett
790 1494 120 27 lagförslag,
