1078 1781
273 122 179 23 Borgareståndet
465 123 54 18 1877.
545 124 24 17 18
581 124 119 17 December.
853 118 56 22 2497

77 199 52 16 man
146 193 70 21 deruti
231 193 47 20 icke
293 192 99 27 tillägges
404 194 44 19 rätt
463 193 33 20 att
511 192 79 21 handla
605 193 48 20 med
669 193 67 21 andra
751 194 27 19 än
794 192 116 22 utländska

79 224 110 19 matvaror
211 221 39 22 och
276 221 41 21 han
340 221 32 21 får
394 220 47 21 icke
456 227 48 15 resa
519 221 6 21 i
541 221 62 26 kring
619 221 7 21 i
642 221 72 21 landet
730 221 38 21 och
784 221 54 27 sälja
854 221 55 21 dem.

79 251 44 21 Det
138 250 55 21 hade
208 250 55 21 Herr
278 249 92 22 Jansson
386 249 64 22 också
466 249 82 21 kunnat
563 249 70 22 erfara
647 249 22 22 af
684 249 125 27 paragrafen
821 256 34 15 om
867 249 42 22 han

79 279 43 21 läst
145 279 72 21 vidare
239 280 26 19 än
290 277 54 22 blott
367 277 66 22 första
456 278 119 27 meningen,
591 281 22 24 ty
629 279 5 20 i
650 279 68 20 andra
736 279 112 26 meningen
864 278 46 22 står

79 307 42 27 »Ej
135 307 66 21 heller
217 307 35 20 må
267 307 41 20 han
324 313 76 20 genom
416 306 67 21 andra
499 307 48 21 dem
563 307 109 26 utmångla
687 307 45 21 låta
742 307 52 21 eller
805 306 48 28 sjelf
862 313 48 16 resa

78 336 8 20 i
101 336 48 21 stad
166 335 39 22 och
221 342 25 14 ur
261 335 55 25 stad,
332 335 52 21 eller
399 335 6 20 i
422 335 145 27 bergslagena,
584 335 39 22 och
640 335 123 27 köpenskap
780 335 37 22 der
833 335 76 26 drifva,

80 365 67 26 borga
163 365 38 21 der
216 364 64 27 något
296 365 30 24 ut,
343 364 51 21 eller
410 363 75 22 kräfva
500 363 50 27 gäld
565 365 28 23 in,
603 364 34 21 vid
646 364 111 21 hundrade
766 364 69 21 dalers
847 364 61 21 bot."

79 393 70 21 Deraf
162 393 94 26 framgår
271 392 166 27 uppenbarligen
459 395 33 18 att
508 393 36 20 det
559 392 103 25 tillstånd,
682 399 45 15 som
744 393 100 21 utländsk
860 399 49 15 man

78 421 44 22 fått
137 424 32 19 att
185 421 78 21 handla
279 421 48 21 med
350 423 108 19 matvaror
473 421 6 20 i
495 421 67 27 skepp
578 421 40 22 och
638 421 84 21 farkost
737 421 47 22 icke
799 421 38 21 har
852 421 57 22 afse-

79 450 56 21 ende
150 451 27 26 på
202 451 66 20 andra
291 452 108 19 matvaror
414 451 26 19 än
460 449 121 27 utländska,
596 456 45 15 som
658 450 41 21 han
716 450 82 21 hemtat
813 451 48 20 med
877 450 33 28 sig

81 485 48 15 men
152 479 46 21 icke
221 481 32 19 att
275 485 47 14 resa
338 478 6 21 i
360 479 62 26 kring
444 478 73 21 landet
539 479 39 20 och
595 479 123 26 upphandla
734 481 108 19 matvaror
857 479 53 22 eller

80 513 38 15 ens
134 507 67 22 drifva
216 510 24 18 ut
252 507 32 21 sin
301 507 85 21 fordran
403 507 6 21 i
426 507 68 27 dylikt
517 507 39 22 och
573 507 65 21 sedan
653 507 55 27 sälja
724 507 62 22 dessa
800 510 110 19 matvaror

81 537 7 20 i
104 536 32 21 sin
153 536 89 21 farkost.
272 536 40 26 Jag
328 536 93 27 påyrkar
437 536 71 21 derför
523 538 32 19 att
563 535 123 22 Utskottets
698 536 81 27 förslag
790 536 31 21 till
830 536 80 27 lydelse

80 565 33 20 för
137 565 69 21 denna
229 564 103 27 paragraf
355 565 45 20 icke
416 565 67 20 måtte
500 565 83 20 bifallas
599 565 39 20 och
654 564 134 27 följaktligen
803 571 107 16 samman-

77 593 137 27 jemkningen
231 593 107 21 förkastas
354 594 39 20 och
409 593 181 27 Borgareståndet
605 593 102 21 vidblifva
722 594 38 21 sitt
770 593 58 22 förra
840 594 69 21 beslut

80 621 41 22 och
137 623 26 20 då
180 623 36 20 det
230 621 33 22 för
278 624 32 19 att
326 622 60 21 detta
401 622 34 20 må
451 622 63 21 hafva
530 622 69 26 någon
608 622 79 21 verkan
697 622 70 21 kunde
776 628 51 15 vara
835 623 75 26 nödigt

81 651 39 21 och
143 651 79 26 nyttigt
246 653 32 18 att
300 650 88 27 inbjuda
410 651 26 20 de
452 651 68 26 öfriga
536 651 94 21 Stånden
646 653 32 19 att
695 651 69 21 deruti
780 651 90 26 deltaga,
885 651 25 21 så

81 679 34 22 får
127 679 38 27 jag
180 679 106 27 tillstyrka
302 679 129 22 densamma.

150 737 60 20 Efter
226 737 36 20 det
284 737 148 21 diskussionen
455 736 115 22 förklarats
590 736 93 22 afslutad
706 736 131 22 framställde
853 737 57 21 Herr

80 765 165 22 Talmannen
262 765 92 27 följande
370 765 170 27 propositioner:

153 828 178 27 Proposition
347 827 41 22 N:o
405 829 17 20 1:
453 828 39 26 De,
509 834 45 15 som
571 828 82 21 direkte
664 828 112 27 godkänna
786 828 123 22 Utskottets

82 856 301 27 sammanjemkningsförslag,
399 856 69 21 sävidt
485 857 35 20 det
535 857 66 26 angår
617 857 12 27 &
646 857 26 21 13
689 863 61 15 mom.
766 859 18 24 5,
799 863 63 15 svara
874 857 34 27 ja;

81 886 74 21 vinner
170 885 51 27 nej,
238 885 96 21 kommer
356 887 32 19 att
410 887 106 20 omröstas
532 885 103 21 huruvida
650 885 33 21 till
699 885 210 28 kontraproposition

80 914 55 21 skall
159 916 89 24 antagas
269 914 56 21 Herr
347 913 125 22 Lindbloms
488 920 27 15 m.
531 913 21 21 fl.
572 914 94 27 yrkande
688 916 32 19 att
736 914 89 21 Ståndet
840 914 68 21 skulle

81 942 102 22 vidblifva
213 943 38 20 sitt
280 943 57 20 förra
363 943 70 20 beslut
455 943 92 20 rörande
569 943 161 26 ifrågavarande
754 945 93 19 moment
868 943 41 22 och

80 971 89 27 inbjuda
191 971 139 21 medständen
354 973 32 19 att
409 971 72 21 derom
506 971 31 26 sig
552 971 79 26 förena,
650 972 52 21 eller
717 971 57 22 Herr
789 971 120 22 Snellmans

81 1000 95 27 yrkande
199 1002 32 19 att
254 1000 96 25 Ståndet,
369 1000 66 26 jemte
457 999 139 22 förkastande
611 1000 23 21 af
648 1000 260 27 sammanjemkningsför-

82 1029 74 26 slaget,
183 1029 69 20 skulle
275 1029 83 20 besluta
380 1031 31 18 att
428 1028 87 27 inbjuda
534 1029 138 20 medständen
689 1031 31 19 att
736 1029 74 21 förena
826 1029 31 26 sig
873 1035 36 16 om

81 1057 192 27 Borgareståndets
289 1057 70 21 beslut
374 1057 32 21 för
422 1057 69 21 såvidt
504 1057 118 21 detsamma
637 1059 24 20 är
676 1057 48 22 med
735 1057 174 22 Presteståndets

81 1085 71 22 beslut
167 1086 7 21 i
189 1085 39 22 sak
244 1085 237 22 öfverensstämmande.

151 1148 162 27 Propositionen
329 1148 127 21 besvarades
471 1148 24 21 af
509 1148 91 22 Ståndet
619 1149 48 20 med
683 1149 154 26 öfvervägande
854 1150 56 20 röst-

81 1176 110 27 pluralitet
210 1183 6 15 n
243 1177 91 21 ekande.

156 1239 169 27 Proposition
342 1239 40 22 N:o
403 1241 19 19 2:
453 1239 38 27 De,
509 1245 45 16 som
576 1240 33 21 till
631 1240 210 27 kontraproposition
858 1240 50 28 vilja

80 1270 80 24 antaga
175 1268 55 21 Herr
246 1268 125 22 Lindbloms
386 1275 28 15 m.
424 1264 26 36 fl.
459 1268 102 28 yrkande,
577 1275 62 15 svara
651 1269 39 27 ja;
706 1269 73 21 vinner
790 1270 45 25 nej,
848 1275 61 15 anses

82 1296 56 22 Herr
154 1296 119 22 Snellmans
288 1297 94 27 yrkande
399 1304 50 14 vara
465 1297 34 21 till
514 1298 211 26 kontraproposition
740 1300 99 25 antagen.

155 1360 75 21 Svaret
245 1360 27 27 på
288 1360 70 22 denna
380 1360 22 21 af
423 1360 55 22 Herr
493 1360 157 22 Talmannen
666 1360 132 22 framställda
813 1361 98 33 proposi-

81 1387 46 22 tion
142 1389 63 21 utföll
220 1388 33 22 vid
270 1389 27 27 på
312 1389 94 27 begäran
421 1389 94 21 anställd
531 1389 96 27 votering
638 1390 47 20 med
696 1390 62 26 23
734 1383 27 38 ja
771 1389 39 22 och
822 1390 27 20 20
860 1390 51 26 nej.

154 1452 175 26 Proposition
344 1452 41 22 N:o
401 1453 20 20 3:
451 1452 38 25 De,
513 1458 45 16 som
581 1453 113 26 godkänna
716 1452 121 22 Utskottets
853 1459 57 15 sam-

83 1480 247 28 manjemkningsförslag
347 1481 34 21 för
395 1481 71 21 såvidt
481 1481 37 21 det
533 1482 66 26 angår
614 1482 11 26 $
644 1482 24 20 13
684 1488 61 15 mom.
762 1482 19 26 5,
798 1487 61 16 svara
872 1481 40 27 ja;

807 1550 34 17 157
