1078 1781
278 121 179 21 Borgareständet
470 121 55 17 1877.
549 121 24 17 14
585 121 119 17 December.
851 114 56 22 2365

78 191 48 21 skäl
146 191 73 20 kunna
240 189 92 22 bifallas.
362 190 41 27 Jag
424 190 37 21 ber
476 189 103 22 särskildt
593 191 34 20 att
641 190 22 21 få
677 189 57 22 fästa
748 189 160 27 uppmärksam-

78 219 64 22 heten
165 219 66 26 derpå
252 221 39 22 att,
307 225 33 15 om
364 225 49 15 man
434 219 49 20 ville
499 218 97 22 förkorta
611 219 137 27 tjenstetiden
764 217 46 22 från
825 220 35 19 tre
874 217 33 22 till

76 248 39 21 två
129 248 30 27 år,
175 247 24 22 så
213 247 69 22 skulle
297 247 60 22 detta
372 247 62 22 hafva
449 247 34 22 till
499 247 52 28 följd
566 249 33 20 att
609 247 81 22 antalet
700 246 24 22 af
733 247 55 25 dem,
798 252 46 15 som
854 246 54 21 böra

77 277 86 20 inträda
179 276 6 21 i
201 276 59 21 aktiv
281 276 71 26 tjenst,
368 275 69 22 skulle
453 275 87 22 förökas
555 275 49 22 med
618 276 74 21 femtio
707 277 95 25 procent,
819 275 19 20 d.
855 281 18 15 v.
889 281 17 14 s.

74 305 28 21 så
117 305 85 27 mycket
221 304 51 22 flere
287 304 69 22 skulle
371 305 28 21 då
413 305 7 20 i
435 305 74 21 stället
524 304 67 21 blifva
605 306 93 25 tvungne
714 306 33 19 att
761 303 50 27 ingå
825 303 8 21 i
847 303 61 21 aktiv

77 333 66 27 tjenst
155 333 41 22 och
211 333 37 21 det
262 339 50 15 vore
327 334 47 21 åter
389 339 26 16 en
430 333 69 21 börda
514 333 33 22 för
562 333 79 28 landet,
656 339 46 16 som
718 332 68 22 skulle
796 331 49 22 fullt
854 338 53 21 upp-

78 364 55 25 väga
155 362 42 21 den
219 361 89 27 lättnad,
324 368 46 15 som
391 368 76 19 genom
491 361 135 28 förkortning
648 361 70 22 skulle
736 361 71 22 kunna
823 361 85 21 komma

78 391 67 26 några
160 390 97 22 enskilda
272 391 33 20 till
320 390 40 22 del.
391 390 39 22 Eit
445 390 69 27 tredje
529 391 48 21 skäl
592 397 51 14 vore
658 391 69 24 äfven,
742 389 68 22 ehuru
823 389 38 27 jag
875 388 33 22 för

79 420 43 21 min
138 419 33 22 del
186 419 67 21 fäster
268 419 81 22 mindre
365 419 44 27 vigt
424 419 73 27 derpå,
513 421 32 20 att
561 419 40 21 den
617 419 73 21 aktiva
700 421 91 24 truppen
802 417 106 22 måhända

79 448 69 21 skulle
170 448 65 21 blifva
252 448 82 21 mindre
349 448 34 21 väl
399 447 62 22 öfvad
476 454 35 15 om
527 454 49 15 man
592 448 49 21 ville
656 447 99 22 nedsätta
770 446 137 28 tjenstetiden

78 477 68 21 under
168 477 56 21 hvad
242 476 40 21 här
296 478 25 19 är
336 476 120 27 föreslaget.
487 476 75 22 Likväl
578 479 24 18 är
617 476 62 22 äfven
695 477 36 21 det
746 477 32 20 ett
793 475 54 26 skäl,
862 481 46 16 som

75 505 107 27 förtjenar
197 507 33 19 att
244 505 7 21 i
266 505 32 21 sin
314 511 49 15 mon
379 507 60 24 tagas
455 505 7 21 i
478 505 148 22 betraktande.

148 563 56 21 Herr
229 562 137 27 Ignatius:
397 562 55 22 Herr
473 562 86 27 Öhberg
582 563 55 21 fäste
658 563 66 21 redan
746 563 161 27 uppmärksam-

79 591 64 22 heten
159 591 34 21 vid
213 593 31 19 att
266 591 32 26 de,
314 597 46 15 som
378 591 124 27 genomgått
517 591 125 28 fullständig
656 591 51 22 kurs
722 591 35 22 vid
772 592 65 26 högre
853 591 54 22 folk-

79 620 82 26 skolan,
177 619 60 22 skola
252 619 63 22 hafva
330 620 33 21 sin
380 620 108 27 tjenstetid
504 620 110 21 förkortad
630 620 39 21 och
684 622 33 19 att
732 621 40 20 den
783 621 38 27 tid,
831 620 76 21 åtmin-

79 651 62 19 stone
163 648 40 21 bör
225 655 48 14 man
296 648 81 27 hoppas
396 649 41 26 det,
454 648 47 22 icke
517 651 24 19 är
555 648 34 22 för
603 648 100 28 aflägsen,
720 649 26 21 då
762 651 68 19 större
846 649 62 21 delen

78 677 23 21 af
115 677 84 22 landets
219 677 156 27 värnepligtiga
397 677 94 26 ungdom
508 677 95 22 befinner
617 677 33 28 sig
665 678 6 21 i
688 678 39 21 den
744 678 103 27 kategori,
862 683 46 16 som

77 708 26 19 är
118 706 85 27 skyldig
217 706 76 21 endast
308 705 32 22 till
355 712 26 15 en
396 705 113 22 inskränkt
525 706 116 27 tjenstetid.
671 706 117 22 Förkortas
799 713 28 14 nu
838 706 70 21 derför

79 735 136 26 tjenstetiden
236 734 33 21 till
292 735 36 20 två
350 735 32 26 år,
403 735 25 20 så
446 735 41 21 blir
502 735 42 26 det,
561 741 35 15 om
612 741 48 15 man
676 735 53 21 skall
746 735 81 21 skänka
842 735 66 26 några

78 763 119 28 eftergifter
211 763 23 21 åt
250 763 54 25 dem,
320 769 45 16 som
381 764 124 26 genomgått
520 763 126 27 folkskolan,
658 764 130 27 nödvändigt
798 766 32 19 att
840 765 68 26 ytter-

78 791 67 27 ligare
168 792 97 21 förkorta
287 792 138 27 tjenstetiden
447 792 64 21 äfven
535 792 33 21 för
590 793 55 20 dem.
674 793 41 26 Jag
734 792 68 22 skulle
824 794 33 19 tro
876 794 32 19 att

77 827 77 20 genom
177 821 119 26 antagande
320 821 22 21 af
358 821 12 28 &
387 821 27 21 10
426 821 40 21 och
484 823 8 19 1
511 827 64 15 mom.
591 821 24 21 af
628 822 12 25 S
656 821 26 21 33
698 820 64 22 hafva
776 821 21 21 vi
811 821 7 20 i
833 820 75 27 sjelfva

78 849 75 22 verket
175 849 89 21 faktiskt
286 850 84 27 antagit
392 856 26 15 en
440 849 37 22 två
500 849 35 22 års
553 849 116 28 tjenstetid.
698 850 42 21 Det
758 851 24 20 är
796 849 28 27 på
839 850 69 21 denna

78 878 69 26 grund
160 877 38 28 jag
212 877 123 28 godkänner
350 878 12 27 &
379 879 33 20 10.

147 935 58 22 Herr
219 935 25 21 E.
259 935 97 27 Bergh:
387 936 31 21 De
433 942 110 21 personer,
559 942 45 15 som
620 935 85 22 komma
720 938 33 19 att
768 935 100 22 inträda
857 931 12 36 i
879 935 27 22 de

79 964 164 27 värnepligtiges
265 964 60 21 leder
347 964 28 21 dä
397 964 70 21 denna
490 965 127 26 författning
639 965 71 21 träder
725 965 7 21 i
747 965 80 25 verket,
841 964 66 21 hafva

79 993 47 20 icke
141 993 55 21 varit
211 993 6 20 i
233 992 83 22 tillfälle
331 995 33 19 att
380 993 81 27 åtnjuta
477 993 95 21 fördelen
583 993 22 21 af
615 993 35 22 det
660 993 122 22 nuvarande
793 992 114 23 folkskole-

79 1021 101 22 väsendet
201 1021 40 21 och
258 1022 68 21 under
344 1021 26 22 de
386 1022 29 21 tio
430 1022 31 26 är,
477 1022 34 21 för
526 1021 72 22 hvilka
613 1021 69 22 denna
696 1022 126 26 författning
837 1023 24 20 är
876 1021 30 22 af-

79 1049 52 22 sedd
153 1052 33 19 att
207 1049 63 28 gälla,
293 1050 85 21 komma
400 1050 63 27 högst
484 1049 22 22 fä
521 1050 21 21 af
557 1050 54 27 dem,
628 1057 46 14 som
689 1051 123 27 genomgätt
827 1050 26 21 de
868 1057 38 14 nu-

78 1079 93 20 varande
193 1078 152 27 folkskolorna,
360 1081 32 19 att
415 1079 64 21 hinna
495 1079 33 21 till
543 1079 209 27 värnepligtsäldern.
783 1079 42 21 Det
840 1079 66 27 gäller

78 1107 186 27 hufvudsakligast
287 1107 61 22 deras
371 1108 90 21 intresse
484 1109 39 20 när
545 1114 50 15 man
613 1114 28 15 nu
656 1107 128 22 bestämmer
799 1107 58 22 tiden
872 1107 34 22 till

77 1138 35 19 tre
127 1135 51 22 eller
193 1136 36 21 tvä
244 1136 30 21 är.

148 1193 56 21 Herr
219 1192 113 28 Öhberg:
363 1193 40 21 Om
422 1193 70 22 denna
507 1193 35 27 lag
557 1193 33 22 till
605 1199 26 16 en
647 1193 74 27 början
738 1193 68 22 skulle
821 1193 86 22 komma

77 1223 34 19 att
134 1227 39 21 ega
189 1221 90 22 bestånd
294 1221 6 22 i
316 1223 29 20 tio
361 1222 30 25 år,
406 1223 24 20 sä
444 1222 71 21 skulle
530 1222 39 21 bra
584 1222 77 27 många
676 1222 35 21 vid
726 1221 66 22 första
807 1224 99 25 uppsätt-

78 1250 77 27 ningen
179 1250 64 22 hinna
263 1252 53 26 göra
334 1251 71 21 undan
420 1251 33 21 sin
469 1250 168 27 folkskolekurs;
653 1250 69 22 dertill
738 1250 99 22 behöfves
852 1251 55 21 blott

77 1278 46 28 fyra
138 1279 25 21 är
177 1279 41 21 och
232 1280 74 21 säkert
320 1279 70 22 skulle
404 1280 101 21 intresset
519 1279 33 22 för
562 1279 170 22 folkskolesaken
744 1280 65 20 blifva
819 1279 87 28 lifligare

75 1309 31 19 än
128 1307 75 22 hittills
225 1308 24 21 sä
272 1310 60 20 snart
355 1308 69 22 denna
446 1308 36 28 lag
500 1308 69 21 skulle
582 1308 63 22 träda
659 1308 8 21 i
682 1308 80 22 verket.
792 1308 78 27 Mänga
884 1308 24 21 af

77 1336 50 22 dem
142 1336 68 22 skulle
226 1336 33 22 till
274 1336 40 22 och
330 1337 49 21 med
394 1337 66 21 hinna
475 1337 33 21 till
523 1337 67 21 första
605 1337 164 27 uppsättningen
784 1336 66 22 blifva
864 1337 42 21 fär-

79 1364 48 28 diga
142 1371 35 15 om
192 1365 26 21 de
233 1364 64 22 hafva
311 1366 70 26 någon
397 1366 51 21 liten
464 1366 99 26 kunskap
579 1365 63 22 förut.
668 1365 45 22 Och
728 1366 61 21 äfven
803 1372 35 15 om
849 1365 57 25 flere,

77 1400 46 14 som
139 1393 46 22 icke
201 1394 62 21 hafva
278 1400 38 16 ens
332 1394 26 22 de
373 1394 130 28 kunskaper,
518 1400 45 15 som
578 1394 120 22 folkskolan
713 1394 114 26 meddelar,
838 1393 68 23 skulle

77 1422 86 22 komma
182 1424 33 20 att
235 1423 87 27 gvarstä
337 1423 39 21 der
391 1423 36 21 tvä
442 1423 25 21 är
482 1423 41 21 och
539 1422 81 22 kanske
635 1423 65 27 nägot
715 1429 51 20 mer,
782 1423 23 21 sä
820 1423 87 21 komma

75 1451 29 21 de
119 1451 55 21 dock
188 1451 47 22 icke
250 1453 33 19 att
298 1452 87 26 gvarstä
400 1454 33 19 tre
447 1453 33 21 är.
510 1452 31 27 Ty
551 1458 34 15 om
599 1452 26 21 de
635 1451 107 27 verkligen
754 1451 62 22 hafva
825 1451 81 22 inhem-

77 1481 34 20 tat
125 1480 27 21 de
167 1480 94 27 insigter,
275 1486 47 15 som
337 1480 102 22 behöfvas
454 1480 34 22 för
503 1480 99 27 tjensten,
618 1480 24 21 sä
652 1480 71 21 kunna
734 1480 25 22 de
770 1480 73 27 längre
852 1480 54 22 fram

75 1508 138 26 permitteras
228 1508 61 22 äfven
305 1510 80 20 största
400 1509 61 22 delen
477 1508 24 22 af
514 1508 37 22 det
566 1508 68 28 tredje
648 1508 53 27 äret,
716 1508 85 23 hvarför
814 1508 36 22 det
860 1508 46 22 fak-
