1078 1781
144 112 58 21 2824
363 117 180 22 Borgareståndet
555 117 58 18 1878.
637 118 20 17 11
670 117 95 18 Januari.

352 260 147 35 Fredagen
518 260 57 27 den
593 260 28 26 11
639 260 129 27 Januari.

212 352 34 21 KI.
265 353 24 20 11
307 352 46 21 före
368 352 113 27 middagen
497 353 173 21 sammanträdde
686 352 182 28 Borgareständet
883 351 32 22 till
930 352 47 27 ple-

142 387 59 15 num.
232 381 42 21 Vid
298 381 96 21 anstäldt
417 387 82 20 upprop
515 380 104 22 befunnos
635 381 69 26 öfrige
720 381 101 22 Ständets
837 381 139 21 medlemmar

143 409 186 22 tillstädeskomne
350 411 59 20 utom
425 409 81 22 Herrar
521 409 107 26 Boström,
645 409 122 28 Helsingius
783 409 38 22 och
838 410 32 21 W.
886 409 88 27 Nysten,

143 437 73 22 hvilka
240 438 49 21 med
312 438 102 21 Ständets
438 438 125 27 begifvande
582 445 51 14 voro
649 438 47 21 frän
716 442 60 18 orten
793 438 111 26 bortreste,
919 438 57 21 Herr

144 466 113 26 Sanmark,
272 473 46 15 som
334 473 38 15 var
388 467 53 27 sjuk,
456 467 39 21 och
512 467 55 20 Herr
584 466 126 27 Chydenius,
726 473 46 16 som
789 467 53 21 dock
857 467 49 21 kort
922 466 54 21 efter

143 498 107 24 uppropet
266 495 72 22 infann
353 495 39 27 sig.

214 637 139 22 Verkstäides
366 638 105 27 justering
487 638 23 22 af
524 639 77 27 utdrag
618 645 24 14 ur
657 638 195 27 Borgareständets
868 637 107 28 protokoll

145 667 34 20 för
195 666 119 28 gärdagens
331 667 246 27 eftermiddagsplenum.

216 827 121 27 Föredrogs
360 830 32 19 ett
412 828 77 27 utdrag
512 835 25 14 ur
561 829 171 21 Bondeständets
750 827 115 28 protokoll,
880 827 96 21 innehäl-

146 856 64 21 lande
232 858 33 19 att
287 856 165 27 Bondeständet,
468 857 48 21 med
532 857 114 26 anledning
661 857 61 21 deraf
736 859 33 18 att
785 856 36 22 tvä
836 855 66 22 Ständ
918 858 58 19 stan-

145 887 38 18 nat
206 886 58 19 emot
286 885 35 20 två
336 885 7 20 i
359 885 59 26 fråga
433 891 33 15 om
483 886 56 21 vissa
554 885 59 22 delar
629 885 21 22 af
665 885 78 26 nådiga
760 885 157 27 propositionen
934 885 42 20 N:o

145 914 28 20 49
197 919 34 15 om
256 913 114 21 förändrad
386 914 80 26 lydelse
482 914 22 21 af
517 915 12 27 &
545 915 26 20 55
587 915 7 20 i
610 915 77 26 nådiga
703 914 150 26 förordningen
869 913 24 21 af
907 913 39 21 den
963 915 13 19 9

145 941 51 22 Juni
223 942 52 21 1873
298 942 110 27 angäende
431 943 141 26 tillverkning,
589 943 132 26 försäljning,
738 943 79 26 upplag
833 942 39 21 och
888 941 89 27 forsling

146 971 23 20 af
189 970 95 27 bränvin,
306 971 100 26 beslutat,
422 974 32 18 att
469 971 92 22 berörda
577 971 61 27 fräga
653 972 46 21 icke
714 972 34 21 fär
764 971 91 26 förfalla,
870 973 55 18 samt
941 977 36 14 ve-

146 999 32 21 lat
193 999 87 27 inbjuda
296 999 138 22 medständen
450 1002 32 19 att
498 1006 33 15 om
548 1001 59 20 detta
623 1001 71 21 beslut
709 1000 33 27 sig
758 999 79 22 förena.

215 1062 67 21 Detta
292 1062 78 21 ärende
387 1062 112 22 bordlades
515 1063 32 21 till
563 1063 171 28 morgondagens
750 1062 93 27 plenum.

216 1218 123 21 Fortsattes
350 1219 48 20 med
409 1218 182 27 handläggningen
603 1219 23 20 af
635 1217 255 28 Värnepligtsutskottets
903 1217 75 21 betän-

147 1247 71 21 kande
233 1247 41 21 N:o
290 1247 13 20 3
319 1247 144 22 innefattande
475 1247 44 21 dels
531 1247 78 27 förslag
620 1247 30 22 till
662 1246 207 28 sammanjemkning
884 1245 22 22 af
916 1245 60 22 Stän-

147 1276 52 20 dens
215 1276 123 26 skiljaktiga
354 1276 68 21 beslut
440 1276 47 21 med
497 1276 113 27 anledning
621 1276 24 21 af
654 1276 125 22 Utskottets
790 1274 134 22 betänkande
936 1274 42 21 N:o

149 1306 10 19 1
177 1304 109 27 angående
302 1305 27 21 H.
344 1304 26 22 K.
388 1304 49 22 M:ts
453 1305 77 26 nådiga
545 1305 131 27 proposition
692 1311 34 15 om
744 1304 111 21 införande
866 1303 24 21 af
898 1303 79 21 allmän

146 1333 122 26 värnepligt
284 1333 6 21 i
306 1333 79 24 landet,
408 1333 44 22 dels
472 1336 47 24 nytt
533 1334 101 26 yttrande
650 1334 33 21 till
698 1335 101 19 närmare
815 1332 126 26 motivering
956 1331 24 21 af

147 1361 57 21 vissa
219 1361 6 21 i
242 1362 193 26 värnepligtslagen
458 1362 103 27 ingående
584 1362 43 28 $8$:s
643 1362 107 27 egenskap
767 1362 23 20 af
803 1360 175 28 grundlagsstad-

146 1390 95 26 ganden;
258 1390 38 21 och
313 1390 169 22 öfverlämnades
497 1391 74 21 härvid
588 1391 32 21 till
635 1391 121 21 diskussion
768 1390 76 21 främst
857 1389 121 21 Utskottets

147 1418 81 28 försiag
244 1418 133 22 beträffande
396 1419 8 27 &
420 1420 12 25 2
448 1420 6 20 i
470 1420 192 27 värnepiigislagen
678 1420 111 20 äfvensom
805 1418 6 21 i
825 1417 154 27 sammanhang

147 1447 86 21 dermed
258 1448 25 20 de
306 1446 80 28 förslag
404 1448 31 21 till
459 1448 69 21 beslut
559 1448 71 21 hvilka
655 1448 114 22 Utskottet
785 1446 13 22 &
813 1446 39 22 sid.
875 1447 28 21 40
918 1446 6 20 i
941 1446 39 21 sitt

147 1476 143 21 förevarande
304 1476 136 22 betänkande
456 1476 125 22 framstäldt.
