1078 1781
309 121 180 21 Borgareståndet
501 122 56 17 1878.
581 122 20 16 11
614 120 94 19 Januari.
865 116 58 21 2825

163 191 55 22 Herr
233 191 24 20 E.
273 190 97 27 Bergh:
400 191 42 26 Jag
457 192 24 19 är
497 191 6 20 i
518 190 122 22 hufvudsak
656 196 50 15 ense
720 190 49 21 med
786 191 55 20 Herr
854 190 68 27 Teng-

93 221 67 20 ström
184 219 72 22 derom
278 221 33 19 att
334 219 36 21 det
391 219 47 21 icke
453 225 26 15 en
495 219 56 26 gång
566 219 69 21 skulle
650 218 101 22 behöfvas
767 225 25 14 en
808 219 113 21 framställ-

93 249 52 26 ving
167 248 24 21 af
212 247 118 22 Ständerne
353 247 32 21 för
408 249 33 19 att
459 248 107 21 vakansen
583 247 69 22 skulle
667 247 66 21 blifva
748 247 134 25 oförändrad,
898 250 24 24 ty

93 277 67 26 enligt
176 276 42 21 min
235 276 55 27 äsigt
305 275 67 28 gäller
388 276 170 27 vakansafgiften
574 277 56 20 ända
645 276 33 21 till
694 276 49 21 dess
758 276 40 21 den
814 275 41 22 blir
869 282 52 21 upp-

94 305 76 22 häfven
187 304 39 22 och
241 305 33 21 för
290 307 32 18 att
338 304 40 22 den
394 304 54 22 skall
465 305 66 21 blifva
545 305 122 27 upphäfven
684 305 83 20 fordras
782 305 45 26 fyra
843 304 81 22 Ständs

95 334 78 23 beslut,
197 335 58 24 enär,
278 333 66 26 enligt
357 333 43 21 min
416 333 62 27 äsigt,
495 333 169 27 vakansafgiften
681 333 45 21 stär
741 333 6 21 i
763 335 31 19 ett
809 334 24 21 sä
848 333 74 27 oskilj-

94 363 69 26 aktigt
185 361 152 27 sammanhang
360 362 48 21 med
431 362 196 27 indelningsverket
641 364 33 19 att
688 368 76 20 genom
780 361 142 27 vakansafgif-

94 393 47 19 tens
157 390 147 27 upphäfvande
320 390 75 27 sjelfva
410 391 195 27 indelningsverket
621 391 41 21 blir
670 390 122 27 upphäfvet,
803 391 6 20 i
820 390 103 21 händelse

94 419 135 26 naturligtvis
250 419 46 21 icke
311 419 7 21 i
333 419 73 22 stället
421 419 34 22 för
471 419 168 27 vakansafgiften
654 419 95 21 inträder
764 419 158 27 uppställandet

95 447 23 22 af
139 448 100 21 soldater.
269 447 41 22 Till
332 448 48 22 stöd
399 448 32 21 för
454 449 69 21 denna
546 448 56 27 äsigt
621 448 63 21 utber
696 448 37 27 jag
749 448 41 26 mig
805 449 33 20 att
853 448 21 21 fä
889 454 33 15 er-

96 477 46 20 inra
156 477 72 21 derom
244 478 32 20 att
292 476 170 27 vakansafgiften
479 477 34 21 för
529 477 62 26 ingen
608 477 34 21 del
658 477 86 21 daterar
758 477 31 26 sig
803 477 47 21 frän
868 477 54 21 1809

95 506 36 20 års
153 505 109 27 landtdag,
284 505 66 21 ehuru
375 505 40 22 den
438 506 29 26 pä
482 507 70 20 denna
568 505 102 27 landtdag
686 505 129 22 utsträcktes
831 505 31 21 till
878 505 45 21 alla

95 536 58 19 orter
169 534 55 21 inom
241 534 77 21 landet.
349 534 178 26 Vakansafgiften
543 536 24 19 är
582 534 43 21 lika
641 533 98 28 gammal,
755 540 44 15 som
818 533 104 22 indelnin-

95 569 40 20 gen
159 562 38 21 och
219 563 112 26 stipuleras
347 562 53 22 först
415 563 31 21 uti
462 563 216 21 knektekontrakten.
709 563 67 20 Dessa
791 563 131 21 knektekon-

97 591 59 21 trakt
171 591 117 21 bestämma
304 594 31 18 att
351 593 38 19 när
404 591 24 21 af
442 592 70 27 någon
528 592 115 26 anledning
658 591 70 21 soldat
743 591 46 21 icke
799 591 123 27 uppställes,

96 620 24 21 så
135 619 54 22 skall
205 620 40 21 den
261 620 6 21 i
283 620 125 21 kontraktet
423 623 110 24 upptagna
544 620 119 25 aflöningen
676 620 32 21 till
721 619 96 22 soldaten
828 620 50 27 ingå
890 619 33 22 till

96 649 81 20 kronan
200 648 39 21 och
262 649 26 26 på
311 655 81 15 samma
414 651 45 19 sätt
481 649 129 21 bestämmes
633 651 32 18 att
686 650 38 19 när
741 650 60 19 rotan
817 648 47 22 icke
879 649 42 20 kan

96 677 55 21 förse
167 677 97 21 soldaten
279 677 48 21 med
342 680 55 24 torp,
413 678 24 21 så
453 677 54 22 skall
523 678 69 21 denna
607 677 121 27 skyldighet
743 679 87 25 utgöras
842 677 7 21 i
860 683 62 20 span-

96 705 48 26 mål,
169 712 45 15 som
233 705 106 22 utbetalas
355 707 32 20 till
402 706 99 22 soldaten
517 706 39 21 och
572 708 39 19 när
626 706 70 21 soldat
706 706 47 21 icke
768 708 24 19 är
807 705 115 28 uppställd,

97 735 24 20 så
137 734 54 21 skall
207 735 69 20 denna
292 735 94 26 spanmål
402 735 28 26 gå
445 735 34 21 till
495 736 89 20 kronan.
615 735 31 21 På
662 741 80 14 samma
756 736 43 20 sätt
815 734 61 21 hafva
892 734 31 21 äf-

96 769 39 15 ven
152 763 25 21 de
193 763 83 21 klädes-
292 763 39 22 och
346 763 66 22 andra
428 764 117 27 persedlar,
561 769 45 16 som
623 765 85 20 rotarne
724 769 51 16 voro
785 763 95 27 skyldige
890 765 33 19 att

96 791 57 27 gifva
176 792 23 21 åt
221 792 97 21 soldaten
336 793 67 20 under
418 792 49 21 hela
483 793 58 20 tiden
558 792 194 27 indelningsverket
768 792 102 21 existerat
882 792 40 21 och

97 820 94 21 soldater
213 821 47 20 fans
275 821 121 26 uppställda
412 821 33 21 för
461 821 27 21 de
504 823 66 22 rotar,
585 827 46 15 som
647 821 46 20 icke
710 820 119 27 uppställde
845 820 76 25 soldat,

96 849 71 26 utgått
182 849 5 20 i
204 849 122 26 penningar,
350 849 72 22 hvilka
444 850 118 26 penningar
584 850 69 26 ingått
675 849 33 22 till
728 849 86 21 kronan.
845 849 38 21 Att
898 849 25 21 så

97 883 38 15 var
158 877 143 22 förhållandet
323 878 99 27 upplyses
445 879 24 20 af
491 879 58 21 civil-
565 878 40 22 och
621 878 214 21 ekonomiutskottets
851 879 72 20 betän-

97 906 70 21 kande
190 906 33 21 vid
247 906 69 27 Borgå
340 906 109 27 landtdag,
474 907 61 21 deraf
555 907 36 20 det
607 907 93 27 tydligen
716 913 62 20 synes
792 909 32 18 att
839 907 41 20 alla
896 907 28 20 de

97 935 141 26 beräkningar
253 941 45 15 som
314 935 84 26 gjordes
414 936 35 21 vid
465 935 181 27 vakansafgiftens
661 935 166 25 bestämmande,
838 935 86 27 gjordes

97 963 27 26 på
138 963 69 27 grund
222 963 24 21 af
260 964 58 21 äldre
334 964 148 21 förhållanden
494 965 39 21 och
545 964 113 21 Utskottet
668 965 61 26 säger
740 963 140 28 uttryckligen
890 966 33 19 att

96 992 159 21 vederbörande
271 993 212 26 regementskrifvare
499 993 39 21 har
553 993 55 21 varit
624 993 104 21 tillstädes
744 993 39 20 och
798 992 60 27 gifvit
870 999 53 20 upp-

97 1021 108 26 lysningar
220 1027 34 15 om
271 1021 53 21 huru
339 1021 85 27 mycket
434 1028 47 15 som
493 1021 78 27 erlagts
582 1021 33 22 för
625 1024 31 19 ett
667 1021 34 22 års
712 1021 121 27 släpkläder
845 1027 19 14 o.
876 1027 16 15 s.
903 1027 19 14 v.

96 1049 214 22 Knektekontrakten
326 1049 89 28 upplysa
431 1050 104 21 likaledes
551 1052 32 19 att
599 1050 36 21 det
650 1056 37 15 var
702 1050 88 21 alldeles
800 1049 80 27 vanligt
890 1052 33 19 att

96 1078 6 20 i
119 1077 60 22 forna
202 1078 54 21 tider
271 1084 25 15 en
313 1079 34 20 del
363 1081 59 19 rotar
437 1079 48 21 icke
501 1079 121 26 uppställde
637 1079 70 20 soldat
722 1079 39 21 och
777 1079 7 20 i
799 1078 72 27 stället
887 1078 35 21 be-

97 1107 70 20 talade
183 1113 25 14 en
224 1107 95 21 såkallad
336 1107 225 27 knektefrihetsafgift.
584 1107 214 22 Knektekontrakten
809 1107 32 21 för
851 1107 73 21 Öster-

96 1135 74 21 botten
193 1135 23 21 af
240 1136 52 20 1773
315 1136 117 21 bestämma
455 1139 15 18 t.
495 1143 31 14 ex.
550 1138 32 19 att
603 1136 6 21 i
633 1136 88 21 fredstid
744 1137 40 20 150
799 1137 59 20 rotar
874 1141 49 16 vore

97 1163 92 22 vakanta
205 1163 38 22 och
259 1164 67 21 skulle
342 1164 72 21 betala
429 1165 225 26 knektefrihetsafgift.
673 1165 75 20 Denna
758 1164 166 21 knektefrihets-

97 1192 60 27 afgift
179 1192 89 21 omtalas
287 1193 37 21 der
340 1193 70 21 såsom
425 1194 68 26 något
508 1193 23 21 af
544 1193 102 28 gammalt
662 1193 139 24 existerande,
816 1199 45 15 som
877 1192 48 22 icke

97 1227 25 14 en
143 1221 56 27 gång
220 1221 102 22 behöfver
345 1221 112 22 definieras
481 1222 53 21 eller
557 1222 31 21 till
605 1222 99 27 beloppet
720 1223 96 20 närmare
833 1221 90 21 bestäm-

97 1256 52 15 mas.
180 1249 33 22 Då
234 1250 84 22 således
341 1251 172 27 vakansafgiften
536 1251 47 21 icke
605 1253 25 19 är
653 1251 68 27 någon
744 1251 35 21 vid
795 1249 129 27 landtdagen

98 1279 54 21 1809
171 1278 131 22 tillkommen
318 1279 58 22 skatt
391 1282 52 19 utan
460 1280 39 21 der
510 1280 75 21 endast
600 1279 32 22 till
648 1280 65 26 några
728 1280 60 21 delar
803 1279 121 21 bestämdes

97 1307 33 21 till
153 1307 37 21 sitt
212 1308 83 26 belopp,
318 1308 38 21 och
372 1310 31 24 är,
417 1309 72 21 såsom
505 1309 35 25 jag
556 1310 55 20 trott
625 1308 43 26 mig
684 1308 62 21 hafva
760 1307 120 27 ådagalagt,
896 1308 28 26 på

97 1336 35 21 det
155 1336 135 27 innerligaste
311 1343 166 15 sammanvuxen
495 1338 47 20 med
557 1337 199 27 indelningsverket,
773 1336 24 22 så
811 1342 63 15 anser
886 1336 39 27 jag

97 1366 31 19 att
151 1364 180 27 vakansafgiftens
357 1366 152 26 upphäfvande
531 1366 47 21 icke
600 1366 41 21 kan
657 1366 37 22 ske
709 1372 76 20 genom
801 1365 65 27 något
881 1365 44 21 för-

96 1393 70 21 stärkt
181 1393 88 22 Utskott
285 1396 51 19 utan
351 1394 83 22 fordras
451 1394 74 22 dertill
540 1394 46 27 fyra
601 1394 79 22 Stånds
695 1394 76 22 beslut.
794 1394 74 21 Såsom
884 1394 40 20 tid-

96 1422 103 26 ningarna
222 1422 90 27 upplysa
332 1422 38 22 har
385 1423 175 21 Bondeståndets
575 1423 71 21 beslut
660 1424 46 26 gått
721 1425 23 19 ut
760 1422 65 28 derpå
840 1424 32 19 att
886 1428 38 14 va-

96 1450 143 27 kansafgiften
256 1451 64 21 borde
337 1452 97 26 upphöra
450 1452 50 22 med
516 1452 24 20 år
558 1452 61 21 1882.
635 1452 77 21 Derom
724 1454 36 19 äro
770 1452 19 20 vi
800 1450 124 26 visserligen

95 1480 57 20 ännu
167 1479 48 21 icke
229 1478 87 23 officielt
330 1480 163 26 underrättade,
508 1487 47 15 men
571 1481 19 20 vi
607 1481 61 21 torde
683 1481 33 21 väl
732 1480 53 22 böra
795 1482 50 24 taga
856 1479 69 21 denna

95 1508 60 26 fråga
173 1508 66 21 under
255 1508 156 27 öfvervägande
426 1511 40 19 när
482 1510 20 20 vi
517 1516 29 14 nu
562 1509 121 27 öfverlägga
698 1515 33 15 om
748 1509 41 21 den
804 1509 68 21 andra
887 1514 37 20 pa-
