1078 1781
302 105 181 22 Borgareståndet
495 106 54 18 1877.
573 107 28 17 29
613 106 119 18 December.
871 102 55 20 2661

100 174 69 22 skulle
191 174 24 22 så
232 176 58 26 göra.
321 174 86 28 Mycket
422 176 69 20 större
507 174 46 23 skäl
569 174 56 23 hade
639 175 35 22 väl
689 174 81 23 funnits
784 174 34 22 för
833 174 36 22 det
884 175 42 22 för-

99 205 36 20 sta
149 203 90 22 Ståndet
254 205 32 20 att
300 206 79 24 antaga
394 203 327 28 sammanjemkningsförslaget.
746 204 180 27 Borgareståndet

100 231 69 22 måste
188 231 34 22 väl
238 232 56 21 fästa
308 233 24 21 så
347 232 86 27 mycket
448 232 101 22 afseende
564 233 29 26 på
608 232 37 21 det
659 232 77 27 beslut,
752 239 46 15 som
813 231 47 22 icke
874 232 52 21 alle-

100 262 48 20 nast
169 260 188 27 Borgareståndet,
379 263 52 19 utan
454 261 63 22 äfven
539 262 34 20 ett
592 263 66 19 annat
672 261 68 22 Stånd
756 261 70 26 fattat,
842 262 32 20 att
890 261 37 21 det

99 289 47 22 icke
167 289 28 27 på
215 289 67 27 grund
300 289 23 22 af
335 295 25 16 en
376 289 132 26 inbjudning,
523 295 46 16 som
585 289 47 22 icke
646 289 129 22 framställer
789 289 68 26 några
871 289 53 27 skäl,

99 323 82 22 uppger
203 317 58 22 detta
283 318 76 21 beslut.
397 319 46 26 Om,
467 319 71 20 såsom
559 318 56 22 Herr
637 318 150 27 Björkenheim
809 318 117 27 föreslagit,

101 347 12 26 $
129 347 12 20 6
163 346 77 22 ändras
262 353 75 20 genom
360 348 32 20 ett
415 347 81 26 tillägg,
516 353 46 15 som
577 347 119 27 berättigar
711 349 33 19 att
758 346 84 22 utöfver
857 347 25 21 de
898 347 28 22 20

99 374 127 28 miljonerna
247 375 7 21 i
276 376 56 21 vissa
355 375 37 22 fall
408 375 83 28 utgifva
506 375 125 28 ytterligare
646 376 12 21 5
674 375 99 28 miljoner
787 375 7 22 i
809 375 77 27 sedlar,
901 375 25 22 så

99 403 69 22 måste
178 414 2 2 :
191 404 60 21 detta
272 404 100 27 antingen
391 403 65 22 blifva
478 410 26 15 en
523 404 90 25 ändring
629 405 5 20 i
651 404 13 27 $
680 405 26 20 55
723 403 40 23 och
778 404 65 21 verka
853 410 26 15 en
894 404 31 21 in-

100 431 131 28 skränkning
253 432 80 22 derhän
351 434 33 20 att
399 431 203 28 Bankfullmäktige,
619 439 33 15 om
668 439 46 15 mer
728 435 28 19 än
771 432 41 22 fem
828 432 98 27 miljoner

100 460 90 22 behöfva
205 461 96 27 utgifvas,
316 461 46 22 icke
378 461 73 22 kunna
466 461 50 28 ingå
531 461 33 22 till
579 461 60 22 Hans
654 461 101 28 Majestät
765 461 47 22 med
825 468 27 15 en
862 461 64 22 fram-

100 489 101 28 ställning
219 490 79 25 derom,
314 490 82 21 hvilket
411 489 25 22 de
451 496 30 15 nu
496 491 79 20 kunna.
605 491 69 20 Anser
688 496 49 15 man
753 490 46 21 åter
811 492 33 20 att
859 489 66 22 resul-

100 520 55 20 tatet
176 519 46 21 icke
240 518 42 21 blir
296 525 26 15 en
337 519 161 26 inskränkning,
515 519 85 22 hvartill
616 519 69 27 tjenar
701 519 27 21 då
744 519 59 21 detta
818 519 107 27 trapplika

99 546 122 22 förfarande
242 549 33 19 att
293 547 53 22 först
361 549 52 25 säga
428 549 33 19 att
476 547 68 22 under
560 548 55 21 vissa
630 547 147 22 förhållanden
792 547 33 22 får
840 547 85 22 utöfver

99 575 41 22 den
155 575 119 22 metalliska
290 576 77 21 kassan
383 576 92 27 utgifvas
490 576 126 27 ytterligare
630 576 42 21 fem
688 576 102 27 miljoner,
806 576 41 22 och
859 577 65 21 sedan

99 606 56 19 ännu
177 610 45 15 mer
245 604 66 27 enligt
332 605 13 27 &
368 605 34 21 55.
432 604 137 22 Proceduren
592 604 42 22 blir
648 605 7 21 i
671 605 44 20 alla
729 605 37 21 fall
782 605 40 21 den
837 607 33 19 att
884 605 40 21 hos

99 633 60 22 Hans
181 633 101 27 Majestät
303 635 61 25 göres
387 640 25 15 en
435 633 164 28 framställning,
621 639 46 16 som
689 633 33 22 för
744 635 32 20 att
790 633 86 22 komma
890 633 35 22 till

99 661 161 28 verkställighet
281 661 83 22 fordrar
387 662 60 21 Hans
469 662 112 27 Majestäts
604 662 106 21 sanktion.
746 662 41 27 Jag
805 662 50 26 kan,
877 668 46 15 som

99 690 67 27 sagdt,
181 690 47 22 icke
240 690 56 22 finna
311 691 65 27 nägot
392 691 46 21 skäl
454 693 33 19 att
502 694 79 24 antaga
597 691 69 21 denna
681 691 132 26 inbjudning,
823 691 24 21 sä
857 696 67 21 gerna

96 718 38 28 jag
155 721 26 20 än
205 719 49 21 ville
268 719 130 27 tillmötesgä
413 719 36 21 det
465 719 69 22 första
549 719 101 26 Ständet;
666 719 40 22 och
722 719 89 22 föreslär
823 719 38 28 jag
876 719 48 22 der-

97 747 45 22 före
165 749 33 20 att
218 747 96 27 Ständet,
330 749 49 20 med
394 748 137 22 vidhällande
547 748 23 21 af
584 748 39 21 sitt
637 747 59 22 förra
711 748 76 26 beslut,
803 754 73 15 svarar
890 751 34 18 att

98 776 90 21 Ständet
203 776 46 22 icke
264 777 70 21 funnit
348 777 66 26 nägot
429 777 47 21 skäl
492 779 33 19 att
539 777 69 21 ändra
623 777 92 26 mening,
732 783 47 15 men
794 777 82 26 hoppas
890 778 33 20 att

98 805 36 21 det
144 805 69 22 första
227 805 90 22 Ständet
332 805 66 22 hellre
414 805 35 22 mä
464 805 76 22 bifalla
555 805 32 22 till
599 805 323 27 sammanjemkningsförslaget.

167 862 55 21 Herr
237 863 25 20 A.
278 863 153 26 Björkstén:
459 863 72 21 Jemte
547 863 36 21 det
595 863 38 27 jag
647 863 7 20 i
670 862 42 22 allo
727 862 86 22 förenar
821 863 44 26 mig
875 863 48 22 med

97 891 26 21 de
145 891 36 21 tvä
199 891 129 27 föregäende
343 891 88 27 talarne,
447 891 40 22 ber
499 891 38 28 jag
552 893 32 20 att
599 891 21 22 fä
635 891 55 22 fästa
704 891 217 27 uppmärksamheten

97 919 66 27 derpä
185 921 32 20 att
238 920 57 21 Herr
315 920 151 27 Björkenheim
481 920 6 21 i
504 921 32 20 sin
552 920 130 21 reservation
698 919 150 22 företrädesvis
863 920 59 23 beto-

96 954 39 15 nar
150 948 40 21 den
206 949 182 26 omständigheten
404 951 33 19 att
452 948 196 27 Bankfullmäktige
663 949 7 20 i
686 948 62 22 deras
763 949 32 21 till
810 949 112 22 Utskottet

96 976 81 22 aflätna
191 977 111 22 skrifvelse
318 977 76 22 önskat
410 984 26 15 en
451 977 91 27 ändring
555 977 8 21 i
576 977 140 26 reglementet
726 977 7 21 i
744 977 36 22 det
795 978 54 27 syfte
860 978 62 21 skrif-

96 1005 72 21 velsen
191 1005 31 22 för
245 1006 65 27 öfrigt
332 1006 119 21 innehäller
474 1006 40 21 och
536 1007 40 20 har
599 1006 57 21 Herr
671 1005 150 27 Björkenheim
839 1006 83 23 derföre

96 1034 47 21 icke
165 1034 69 21 funnit
256 1035 32 26 sig
309 1035 90 21 tillfreds
414 1035 23 20 af
451 1035 124 21 Utskottets
589 1034 80 27 förslag
684 1037 34 18 att
732 1035 48 21 med
796 1035 126 27 hänvisning

96 1063 32 21 till
150 1062 5 28 $
171 1063 27 22 55
213 1063 6 21 i
235 1063 139 27 reglementet
389 1063 106 22 förklaras
511 1063 68 27 nägon
595 1063 91 27 ändring
700 1063 7 21 i
722 1063 139 28 reglementet
875 1064 47 22 icke

95 1097 52 16 vara
170 1091 99 27 påkallad
292 1092 34 21 för
346 1093 36 20 det
398 1092 107 25 ändamål,
521 1099 45 14 som
582 1091 195 28 Bankfullmäktige
792 1093 73 26 afsett;
880 1092 41 23 och

95 1120 33 21 för
142 1122 34 19 att
190 1121 90 20 sålunda
292 1121 62 21 äfven
370 1121 86 22 formelt
472 1121 130 26 tillmötesgå
617 1120 206 28 Bankfullmäktiges
839 1121 81 22 önskan

95 1149 40 21 har
157 1148 56 22 Herr
230 1149 149 27 Björkenheim
398 1149 69 22 funnit
480 1150 33 26 sig
528 1149 119 22 föranlåten
663 1151 33 19 att
709 1149 78 22 föreslå
801 1151 32 20 ett
848 1150 73 27 tillägg

95 1177 33 21 till
149 1177 13 27 $
178 1179 19 19 6.
227 1177 117 28 Medgifves
359 1185 26 14 en
400 1179 63 26 gäng,
479 1179 71 21 säsom
565 1177 62 22 äfven
643 1177 176 23 Bankutskottets
834 1178 86 27 plurali-

95 1209 32 18 tet
148 1206 94 27 medgett
266 1207 42 26 det,
326 1208 32 20 att
374 1207 12 26 $
403 1208 28 21 55
447 1207 116 22 innefattar
579 1206 34 21 för
627 1206 195 28 Bankfullmäktige
837 1209 32 19 ett
883 1207 37 22 be-

95 1235 140 27 myndigande
258 1237 38 23 att,
320 1236 6 21 i
350 1236 40 21 den
414 1236 91 27 ordning
528 1237 33 25 8:n
583 1237 98 20 närmare
696 1235 134 26 bestämmer,
845 1235 21 23 få
880 1235 40 23 hos

93 1263 61 22 Hans
176 1264 100 26 Majestät
299 1265 81 21 ansöka
401 1271 34 15 om
458 1265 105 27 rättighet
585 1266 33 19 att
640 1264 81 26 utgifva
743 1265 70 21 sedlar
835 1265 32 21 till
888 1267 32 20 ett

94 1292 66 27 högre
183 1292 85 28 belopp,
291 1295 26 19 än
340 1293 12 27 $
375 1294 13 21 6
411 1293 85 26 fixerar,
512 1294 40 21 och
568 1295 32 19 att
615 1293 70 21 denna
700 1294 103 27 rättighet
817 1294 32 21 uti
864 1293 12 29 &
892 1295 27 21 55

94 1320 40 22 alls
153 1320 46 22 icke
215 1323 23 19 är
254 1321 125 27 begränsad,
395 1323 25 21 sä
434 1328 64 22 synes
514 1322 37 22 det
565 1321 44 27 mig
623 1321 47 22 icke
685 1321 65 22 hafva
764 1322 33 22 för
811 1322 109 22 Bankfuli-

93 1350 94 27 mäktige
210 1350 81 22 kunnat
314 1350 68 22 finnas
405 1351 67 27 nägot
495 1353 66 19 annat
578 1350 47 22 skäl
646 1352 33 19 att
694 1352 52 25 göra
760 1351 39 21 här
814 1351 106 28 ifrägava-

92 1378 68 22 rande
179 1378 162 28 framställning,
357 1381 26 19 än
400 1380 42 26 det,
459 1382 34 19 att
507 1380 140 26 reglementet
659 1379 138 22 tillerkänner
811 1380 108 22 Fullmäk-

93 1407 43 27 tige
151 1413 26 15 en
191 1407 67 21 sådan
273 1408 104 27 rättighet
392 1408 76 22 endast
483 1408 33 22 för
531 1408 58 22 tiden
605 1407 76 22 mellan
697 1408 160 28 landtdagarne.
887 1408 32 22 Då

92 1435 91 22 sälunda
205 1436 111 22 Utskottet
337 1436 39 22 har
397 1436 102 23 omfattat
520 1444 26 15 en
569 1437 65 22 sädan
657 1437 102 27 tolkning,
775 1444 44 15 som
835 1436 84 22 äfven
904 1431 17 38 i

92 1464 121 22 hufvudsak
234 1466 26 20 är
278 1465 104 21 omfattad
398 1466 24 20 af
433 1468 146 25 reservanten,
594 1466 24 22 sä
633 1472 61 22 synes
710 1466 43 27 mig
766 1466 153 28 Borgarestän-

92 1493 36 21 det
149 1492 63 22 hafva
230 1493 38 22 allt
283 1494 47 22 skäl
345 1496 32 19 att
392 1494 75 22 förena
482 1494 32 27 sig
529 1501 34 15 om
579 1494 37 22 det
631 1495 86 27 förslag,
733 1501 45 16 som
794 1495 21 21 af
830 1494 88 22 Utskot-
