1084 1748
219 131 23 17 52
489 132 96 22 Borgarest.
596 132 47 19 1888.
667 132 6 18 1
686 132 46 18 Febr.

197 202 110 24 tementet,
330 200 95 22 invaldes
443 201 7 21 i
468 201 188 27 borgareståndet.
687 202 74 21 Såsom
777 201 203 27 regeringsledamot
994 202 32 20 in-

197 229 50 21 vald
262 230 33 20 till
310 229 59 21 detta
384 229 62 21 stånd
461 230 69 20 skulle
545 230 44 20 han
603 230 46 26 här,
665 230 58 21 såväl
738 230 66 26 enligt
820 236 53 20 egen
889 236 44 14 som
948 230 77 21 andras

197 258 143 26 uppfattning,
363 258 90 21 faktiskt
471 258 74 26 intaga
563 258 32 21 sin
615 259 56 26 plats
686 258 28 27 på
729 258 189 26 ministerbänken,
934 264 34 15 om
983 258 42 22 han

198 286 40 21 ock
261 292 50 15 vore
332 292 27 14 en
378 287 48 20 vald
444 287 94 21 ledamot
558 286 23 21 af
595 287 85 21 ståndet
696 287 39 21 och
750 286 72 27 intoge
837 287 33 21 sin
885 287 55 26 plats
955 287 7 21 i
978 287 48 21 ord-

197 314 116 27 ningsföljd
331 315 50 21 med
399 315 66 27 öfrige
480 317 181 24 representanter.
691 315 50 21 Men
757 315 40 21 den
813 316 101 25 ställning
929 316 25 20 hr
970 316 56 20 Fell-

197 349 51 15 man
256 343 40 21 här
307 343 83 26 intager
403 345 23 19 är
438 350 26 14 en
476 344 116 26 väsentligt
604 350 77 18 annan,
695 346 28 18 än
736 344 40 20 den
790 350 25 14 en
824 344 67 20 sådan
900 344 32 20 till
940 344 86 21 ståndet

198 372 71 20 invald
285 372 202 26 regeringsledamot
502 372 70 21 skulle
587 372 120 21 innehafva.
737 372 32 20 Hr
784 372 95 21 Fellman
895 372 45 26 har,
956 372 69 21 såsom

198 400 86 27 nyligen
305 400 117 26 framhölls,
441 400 70 21 blifvit
529 401 106 21 utnämnd
651 401 32 21 till
698 402 87 20 senator
800 400 53 22 efter
869 401 36 21 det
921 401 41 20 han
978 400 48 22 blif-

197 429 32 20 vit
243 429 49 21 vald
306 429 34 20 till
354 430 159 25 representant;
529 429 42 21 han
587 429 39 21 har
641 430 73 20 vidare
729 429 93 21 tillträdt
838 429 32 21 sin
886 429 118 26 befattning
1019 429 7 21 i

198 459 87 19 senaten
308 457 57 21 blott
387 457 65 27 några
472 458 65 25 dagar
559 457 73 21 förrän
647 458 133 26 landtdagen
795 458 119 26 öppnades;
930 457 41 21 han
987 458 40 20 har

198 485 72 21 derför
285 485 47 21 icke
347 486 56 20 varit
416 486 48 21 med
480 492 34 15 om
530 486 152 21 utarbetandet
698 486 23 21 af
734 486 26 20 de
776 486 114 27 kejserliga
900 486 126 27 propositio-

198 520 67 14 nerna
287 514 38 20 och
346 514 39 21 har
404 514 71 22 derför
494 514 63 21 äfven
577 514 59 22 svårt
651 517 31 19 att
697 515 72 21 känna
784 515 26 21 de
826 515 137 26 synpunkter,
980 521 45 15 som

198 542 75 21 dervid
290 542 56 26 gjort
364 543 32 25 sig
410 543 109 26 gällande;
535 543 43 21 han
595 545 23 19 är
633 545 116 26 yttermera
763 543 95 21 ledamot
873 544 23 20 af
906 543 120 27 justitiede-

197 572 144 26 partementet
357 572 40 20 och
412 572 41 20 kan
468 572 35 20 vid
518 571 78 21 sådant
611 571 132 21 förhållande
759 572 46 20 icke
820 572 96 20 försvara
934 572 92 26 regerin-

197 606 42 19 gen
254 601 45 19 mot
317 600 86 26 möjliga
422 600 164 26 anmärkningar
604 600 92 21 rörande
713 600 48 21 dess
777 600 135 26 förvaltning,
928 600 39 20 och
983 600 43 21 kan

199 628 18 26 ej
233 628 66 21 heller
314 628 98 21 meddela
427 629 26 20 de
469 629 160 26 upplysningar,
645 635 45 14 som
706 629 35 20 vid
757 629 156 26 behandlingen
929 628 22 21 af
959 628 67 21 finan-

198 657 53 20 siela
272 656 72 27 frågor
362 663 51 15 vore
432 657 23 21 af
469 657 70 20 nöden
564 657 41 21 och
621 657 102 26 önskliga.
754 657 32 20 Hr
801 657 108 20 Fellmans
924 657 102 26 ställning

198 685 71 20 såsom
289 685 203 26 regeringsledamot
509 685 7 21 i
532 685 86 22 ståndet
633 685 69 21 skulle
717 685 89 22 fastmer
821 685 66 21 blifva
902 691 26 15 en
943 685 83 21 budbä-

198 719 59 15 rares
280 713 90 21 emellan
388 715 124 25 regeringen
531 714 40 21 och
591 714 91 21 ståndet.
712 715 49 20 Han
777 714 69 21 skulle
860 714 98 21 meddela
973 719 53 21 upp-

198 742 115 27 lysningar,
329 748 46 15 som
390 742 42 21 han
447 742 49 27 sjelf
510 743 86 20 erhållit
611 742 23 21 af
647 743 73 25 andra,
733 743 52 20 eller
795 742 113 21 framhålla
918 742 108 27 synpunk-

198 772 39 24 ter,
262 776 45 15 som
322 771 42 20 han
384 771 40 20 läst
442 771 8 21 i
468 773 100 19 senatens
587 771 114 26 protokoll,
717 777 49 15 men
782 771 42 21 han
838 771 73 20 kunde
926 771 46 20 icke
987 770 40 21 här

198 799 73 26 intaga
295 799 40 20 den
357 799 146 26 sjelfständiga
525 799 108 26 ställning,
650 805 45 15 som
719 805 26 16 en
763 799 204 26 regeringsledamot
987 799 40 20 här

198 827 68 21 borde
277 827 128 29 innehafva,
423 827 47 22 ifall
484 828 42 20 han
542 834 26 15 en
583 828 56 26 gång
654 828 55 21 hade
725 829 47 20 säte
786 828 40 20 och
842 829 90 20 stämma
946 827 7 21 i
969 827 58 22 stån-

198 855 43 22 det.
271 857 19 19 Å
305 856 68 20 andra
388 856 60 21 sidan
463 856 41 21 blir
520 856 62 22 äfven
597 856 26 21 hr
637 856 108 22 Fellmans
760 856 108 27 ställning,
884 862 34 15 om
933 856 42 21 han
990 856 36 21 be-

198 884 83 21 traktas
296 884 57 21 blott
369 885 39 21 och
422 885 50 21 bart
487 885 70 21 såsom
573 892 26 14 en
615 885 48 21 vald
678 886 157 26 representant,
851 885 111 26 högeligen
973 884 52 26 skef,

197 912 34 22 för
254 914 32 20 att
304 913 47 21 icke
371 915 51 24 säga
440 914 92 26 omöjlig.
563 914 32 20 Hr
613 913 94 21 Fellman
724 914 44 20 kan
783 914 161 25 anständigtvis,
960 913 67 26 enligt

198 942 42 20 den
255 942 71 26 praxis
344 948 45 14 som
404 942 7 20 i
425 942 150 26 ridderskapet
598 942 40 20 och
653 942 62 21 adeln
731 941 66 21 redan
813 942 56 26 gjort
880 942 31 26 sig
921 941 105 27 gällande,

198 969 28 21 då
237 970 42 20 han
290 970 71 20 tillika
372 972 24 18 är
406 970 210 26 regeringsledamot,
628 970 47 21 icke
686 970 108 27 uppträda
805 970 40 21 och
856 970 99 21 kritisera
966 976 60 20 rege-

198 998 85 26 ringens
298 998 157 26 propositioner
470 999 38 21 och
524 998 87 27 förslag,
627 1000 27 19 än
668 999 84 21 mindre
768 998 42 21 kan
822 998 43 21 han
877 998 85 26 deltaga
972 999 7 20 i
989 1004 38 15 an-

197 1026 137 26 märkningar
349 1027 92 21 rörande
456 1027 225 27 finansförvaltningen
697 1028 52 20 eller
764 1027 68 21 andra
846 1026 181 27 regeringsåtgär-

198 1055 45 21 der.
274 1055 49 21 Han
346 1055 70 21 skulle
438 1055 90 21 sålunda
547 1055 71 21 såsom
636 1056 151 26 representant
801 1056 48 20 icke
864 1055 64 21 hafva
943 1055 26 21 fri
984 1056 43 26 ytt-

199 1083 116 26 randerätt,
331 1084 40 20 och
391 1084 59 20 detta
468 1086 24 18 är
506 1084 56 21 dock
578 1084 37 20 det
629 1084 68 21 första
711 1084 94 21 vilkoret
819 1084 33 20 för
868 1090 26 14 en
909 1084 48 20 vald
971 1083 56 21 folk-

198 1112 156 26 representant.
384 1112 32 20 Då
432 1112 26 21 hr
473 1112 96 21 Fellman
585 1112 90 26 således,
690 1113 103 25 antingen
808 1118 50 15 man
869 1112 110 20 betraktar
988 1112 38 21 ho-

198 1146 50 14 nom
263 1139 70 22 såsom
349 1146 26 15 en
391 1140 49 22 vald
455 1143 148 24 representant
619 1141 51 21 eller
684 1141 72 21 såsom
766 1140 210 26 regeringsledamot,
987 1140 40 20 här

198 1168 69 21 skulle
282 1168 74 26 intaga
371 1175 25 15 en
412 1169 88 21 alldeles
515 1168 98 22 ohållbar
628 1169 108 27 ställning,
752 1169 24 21 så
791 1169 43 21 kan
846 1169 38 27 jag
894 1169 33 21 för
938 1169 43 21 min
992 1168 34 21 del

197 1196 48 21 icke
267 1198 66 19 annat
355 1198 26 19 än
401 1199 59 19 rösta
478 1197 32 21 för
526 1199 33 19 att
573 1198 26 20 hr
615 1198 107 21 Fellmans
738 1197 106 27 afsägelse
859 1197 67 21 måtte
942 1197 22 21 af
977 1197 50 21 bor-

197 1225 139 26 gareståndet
350 1225 65 21 blifva
430 1226 94 21 bifallen.

268 1253 31 21 Hr
317 1253 125 22 Neovius:
458 1254 41 26 Jag
513 1254 40 21 har
568 1254 77 26 begärt
660 1254 62 21 ordet
737 1254 34 21 för
786 1256 32 19 att
833 1254 114 21 framhålla
961 1254 67 26 några

197 1282 140 26 synpunkter,
356 1282 131 26 fullkomligt
506 1283 57 21 olika
583 1283 53 25 dem,
656 1283 74 21 hvilka
745 1282 41 21 den
802 1282 128 26 föregående
944 1282 83 20 talaren

198 1312 72 19 ansett
291 1310 53 21 böra
363 1311 73 26 läggas
454 1311 34 21 till
502 1312 70 25 grund
586 1311 34 21 för
635 1311 145 21 bedömandet
795 1311 23 21 af
832 1311 74 21 saken.
936 1310 91 21 Genom-

198 1338 57 21 läser
273 1344 49 15 man
341 1339 42 21 den
401 1339 66 21 redan
482 1340 94 20 citerade
595 1340 27 20 17
641 1340 12 26 $
671 1340 7 20 i
693 1339 241 27 landtdagsordningen,
951 1338 23 21 så
988 1338 39 21 fin-

197 1373 40 14 ner
251 1373 56 20 man,
322 1369 33 19 att
369 1368 7 20 i
392 1368 70 20 denna
476 1368 12 26 $
502 1368 76 21 främst
592 1368 134 21 förekomma
742 1368 26 20 de
783 1368 75 25 vilkor,
874 1367 68 21 under
956 1366 73 22 hvilka

197 1395 105 26 afsägelse
323 1395 47 21 från
392 1395 242 27 landtdagsmannavärf
646 1396 43 21 kan
704 1402 41 20 ega
759 1402 55 14 rum.
844 1395 74 27 Härpå
932 1395 96 26 angifvas

197 1423 7 20 i
220 1424 68 20 andra
303 1424 40 20 och
359 1424 67 26 tredje
441 1425 122 20 momenten
579 1424 27 21 de
621 1425 155 26 myndigheter,
791 1424 73 21 hvilka
874 1424 46 21 före
930 1423 98 21 landtda-

197 1457 54 20 gens
272 1453 200 20 sammanträdande
491 1459 39 20 ega
549 1454 33 19 att
600 1453 75 26 pröfva
690 1453 120 26 afsägelsen
826 1453 40 20 och
882 1452 55 21 huru
953 1451 76 21 besvär

198 1479 60 21 öfver
273 1480 77 21 sådant
365 1481 94 20 domslut
473 1481 55 21 skall
543 1481 108 27 fullföljas,
667 1483 56 19 samt
738 1481 101 26 slutligen
854 1481 8 20 i
872 1481 53 20 sista
934 1486 94 15 momen-

197 1509 33 20 tet
248 1507 42 22 den
309 1509 156 27 bestämmelse,
484 1511 33 19 att
531 1510 69 21 under
614 1509 117 27 påstående
746 1509 105 26 landtdag
866 1509 163 26 landtdagsman

198 1536 19 27 ej
232 1536 35 21 må
283 1536 74 27 afsäga
372 1537 32 26 sig
419 1538 33 21 sin
468 1537 126 28 befattning,
611 1539 51 20 utan
678 1540 32 19 att
725 1538 44 21 han
785 1538 57 21 visar
858 1537 78 22 sådant
946 1537 82 26 hinder,
