1086 1748
348 119 92 22 Borgarest.
453 118 44 19 1888.
521 118 11 19 3
544 118 51 19 Mars.
834 119 34 18 367

64 187 98 22 utlandet
177 188 114 21 användts:
306 187 33 22 för
354 188 50 21 rails
420 187 49 22 med
483 187 101 22 tillbehör
601 187 130 26 16,096,000
746 187 69 26 mark;
831 188 60 21 loko-

65 216 89 21 motiver
168 216 115 26 4,658,000
297 216 70 26 mark;
383 222 219 21 passagerarevagnar
619 216 114 25 1,446,000
742 215 70 26 mark;
827 216 64 26 gods-

65 250 80 21 vagnar
162 245 115 26 2,440,000
294 245 70 26 mark;
387 245 101 21 brodelar
508 245 115 25 1,589,000
641 244 71 26 mark;
735 245 81 20 banans
835 244 56 21 fasta

65 273 100 21 tillbehör
187 273 92 26 371,000
301 273 71 26 mark;
395 273 192 26 telegraftillbehör
609 273 94 26 299,000
724 273 60 20 mark
806 274 56 20 samt
883 273 7 21 i

65 301 128 22 materialier
211 301 40 22 och
269 301 92 28 redskap
379 301 163 27 beräkningsvis
560 301 116 26 2,450,000
694 301 60 21 mark
769 301 52 22 eller
836 307 54 15 sam-

65 332 109 25 mantaget
193 331 127 25 29,349,000
338 330 66 26 mark,
420 331 68 20 under
507 330 36 21 det
562 332 34 19 att
614 329 182 27 beställningarna
810 330 7 21 i
833 329 57 22 hem-

65 358 73 22 landet
162 359 163 21 vidkommande
351 365 80 15 samma
457 359 88 21 arbeten
571 359 161 26 representeras
754 358 23 21 af
796 358 94 27 485,000

65 387 60 21 mark
143 387 34 22 för
194 393 229 22 passagerarevagnar;
443 387 115 26 2,246,000
576 387 62 21 mark
652 387 34 21 för
701 386 134 27 godsvagnar
850 387 40 20 och

66 415 159 28 beräkningsvis
245 415 112 27 1,082,000
376 416 61 21 mark
455 416 32 21 uti
505 416 183 21 instrumentalier
706 415 39 22 och
760 415 128 22 förrådsma-

65 445 94 20 terialier
178 445 51 20 eller
249 446 154 25 sammantaget
422 445 115 26 3,813,000
555 444 68 21 mark.
653 444 42 21 Det
711 446 23 19 är
748 444 90 21 sålunda
853 443 36 22 be-

65 473 80 26 tydliga
168 479 98 20 summor,
285 473 34 21 till
341 473 72 21 hvilka
436 473 25 21 de
480 473 116 21 utländska
614 473 182 26 beställningarna
814 473 75 26 belöpa

65 501 39 26 sig.
133 501 40 21 Vid
195 501 32 22 S:t
245 501 273 27 Petersburg
387 496 11 37 —
409 501 109 27 Riihimäki
535 501 199 28 jernvägsbyggnad
752 500 137 23 tillverkades

65 529 56 22 inom
137 532 48 24 eget
199 530 50 21 land
265 532 68 19 större
348 530 62 21 delen
425 530 22 21 af
460 530 170 27 godsvagnarna,
642 530 42 22 573
701 531 43 20 mot
756 530 48 25 146,
816 529 73 22 hvilka

65 563 74 16 senare
160 559 155 26 importerades
334 558 47 22 frän
400 559 104 26 utlandet,
524 560 55 20 samt
598 558 62 22 äfven
679 565 26 14 en
725 558 33 21 del
777 558 23 21 af
816 564 72 21 passa-

65 592 186 22 gerarevagnarne,
267 587 106 26 nemligen
392 588 26 21 27
438 587 23 21 af
478 588 35 25 96,
528 587 110 21 äfvensom
656 587 104 26 ätskilligt
774 586 24 21 af
811 587 77 20 instru-

65 615 110 22 mentalier
201 615 39 22 och
266 616 183 27 byggnadssmide,
473 622 48 15 men
548 616 35 21 vid
609 615 67 27 derpä
697 615 93 27 följande
812 609 74 27 Åbo—

65 639 141 37 Tammerfors
225 644 143 21 —Tavastehus
388 647 55 18 samt
462 645 64 21 Wasa
542 644 224 27 jernvägsbyggnader
784 643 104 22 förmärk-

64 673 32 20 tes
119 673 150 26 jemförelsevis
295 673 48 26 inga
369 673 120 28 synnerliga
515 673 49 27 spår
587 672 23 21 af
631 673 42 20 den
695 672 109 21 inhemska
826 672 62 21 indu-

65 701 58 20 strin.
153 701 43 21 För
214 701 189 27 Uleåborgsbanan
422 701 97 22 utfördes
537 701 40 22 och
596 701 33 22 för
648 701 42 21 den
708 701 66 21 under
789 700 98 28 byggnad

64 729 92 21 varande
172 729 102 22 Savolaks
286 730 90 27 jernväg
390 730 83 21 utföras
489 731 98 26 samtliga
602 736 80 20 vagnar
697 730 55 21 inom
768 731 48 25 eget
830 729 57 26 land,

65 763 47 16 men
127 757 33 22 för
174 758 147 26 lokomotiver,
337 759 106 26 brodelar,
457 759 79 21 skenor
551 759 49 20 med
615 758 101 21 tillbehör
732 759 54 20 samt
800 764 26 15 en
842 758 45 20 stor

65 786 34 21 del
116 787 181 21 instrumentalier
315 787 39 22 och
369 787 130 21 materialier
514 787 38 21 har
568 787 42 21 den
626 787 114 21 utländska
754 785 133 22 arbetsfliten

63 814 131 23 fortfarande
213 815 68 22 blifvit
299 816 87 21 anlitad.
416 816 39 21 Att
474 816 24 21 så
516 815 95 22 inträffat
629 817 46 20 tror
690 816 37 27 jag
744 816 6 20 i
765 814 122 22 hufvudsak

63 842 132 27 konseqvent
212 844 101 27 framgått
333 851 24 14 ur
376 845 189 26 omständigheter,
580 844 73 21 hvilka
668 844 36 21 det
719 844 54 21 varit
788 844 26 20 de
830 843 57 21 olika

63 871 238 29 byggnadsstyrelserna
319 873 95 27 omöjligt
430 874 32 20 att
477 873 108 27 betvinga.
615 873 43 21 Det
673 873 39 21 har
727 872 70 22 städse
812 871 74 22 förele-

62 902 36 24 gat
117 901 40 21 den
176 902 48 20 med
243 908 25 14 en
284 902 78 26 speciel
376 902 143 27 banbyggnad
534 902 142 21 ombetrodda
691 901 195 21 administrationen

63 929 32 21 att
113 930 56 20 inom
189 936 26 15 en
231 930 153 27 jemförelsevis
403 930 49 22 kort
471 930 32 21 tid
522 930 33 21 till
574 930 107 26 billigaste
700 930 67 27 priser
787 930 39 21 och
842 931 44 19 mot

61 956 39 22 full
115 958 98 22 säkerhet
229 965 34 15 om
278 959 120 21 erfarenhet
414 959 37 21 hos
466 959 137 21 fabrikanten
618 958 97 22 anskaffa
731 965 25 15 en
767 957 119 29 betydande

61 986 78 26 mängd
157 986 23 22 af
197 987 58 21 olika
273 987 46 27 slag
338 988 57 20 såväl
412 988 199 26 jernvägsmaterial
631 994 45 15 som
695 987 77 21 redskap
804 998 28 4 —
849 986 37 21 be-

61 1014 136 28 stämningar,
213 1021 45 16 som
277 1015 76 22 främst
370 1016 7 20 i
396 1016 99 21 afseende
511 1016 13 21 å
539 1016 59 21 tiden
613 1016 76 21 endast
704 1016 7 21 i
726 1016 20 21 få
760 1015 37 21 fall
812 1014 74 22 tillåtit

60 1042 41 21 den
116 1043 111 22 inhemska
241 1044 105 22 industrin
362 1046 32 20 att
410 1044 86 27 deltaga
510 1045 7 20 i
533 1044 72 27 täflan,
617 1047 55 19 samt
687 1044 60 22 äfven
758 1043 70 22 derför
839 1045 46 19 ute-

61 1072 70 26 stängt
150 1072 128 26 densamma,
295 1074 32 20 att
346 1074 26 20 de
390 1073 80 21 äskade
489 1073 195 22 förnödenheterna
702 1073 54 21 varit
771 1072 23 22 af
807 1071 78 28 speciel

59 1102 64 18 natur
142 1100 38 22 och
199 1101 95 26 sålunda,
311 1102 69 20 såsom
399 1102 78 20 osäkra
496 1102 6 21 i
522 1102 100 21 afseende
642 1102 12 21 å
669 1101 81 22 tillfälle
766 1101 32 21 till
814 1101 71 20 vidare

60 1128 121 27 afsättning,
192 1130 36 20 vid
243 1130 67 21 första
325 1130 165 26 tillverkningen
506 1130 39 22 och
560 1130 167 28 uppsättningen
743 1130 96 26 betingat
854 1128 31 26 sig

59 1162 26 15 en
104 1156 65 27 något
187 1158 66 26 högre
271 1159 134 26 godtgörelse
424 1160 27 19 än
471 1159 26 21 de
516 1159 121 21 utländska.
668 1158 72 22 Under
759 1158 127 22 sistförlidet

59 1184 23 21 år
97 1185 38 21 har
150 1186 119 22 emellertid
284 1187 41 21 den
340 1187 125 27 förändring
480 1188 82 20 inträdt
576 1188 33 20 uti
623 1188 112 26 ledningen
746 1187 24 21 af
776 1187 110 27 jernvägs-

58 1214 107 27 arbetena,
177 1216 32 19 att
224 1221 26 16 en
266 1216 39 21 och
321 1222 81 15 samma
417 1216 90 27 styrelse
523 1222 89 15 numera
627 1216 96 21 kommer
737 1218 32 19 att
779 1216 7 21 i
797 1222 26 14 en
834 1214 52 27 följd

57 1242 121 22 handhafva
193 1243 42 22 alla
251 1244 80 21 sådana
346 1245 94 20 arbeten.
460 1245 44 20 Det
519 1245 41 20 blir
574 1245 7 20 i
598 1245 25 20 de
638 1245 63 21 flesta
716 1245 36 20 fall
767 1245 47 20 icke
828 1243 58 22 svårt

57 1270 32 21 för
105 1271 69 22 denna
184 1272 130 27 myndighet,
325 1274 33 20 att
368 1274 51 20 utan
432 1273 130 21 afvaktande
573 1273 12 21 å
596 1273 26 21 de
633 1273 86 27 slutliga
729 1272 155 22 undersöknin-

56 1305 66 20 garna
138 1301 65 20 redan
218 1300 28 27 på
261 1301 136 27 preliminära
412 1301 81 21 sådana
505 1302 7 20 i
522 1301 122 22 hufvudsak
654 1303 96 25 uppgöra
760 1301 80 26 förslag
851 1300 33 21 till

57 1328 40 21 den
111 1329 96 21 materiel
223 1329 23 21 af
259 1330 42 21 alla
317 1330 51 26 slag,
380 1336 45 15 som
440 1330 33 21 för
490 1336 26 15 en
531 1330 115 27 ifrågasatt
654 1329 230 28 jernvägsanläggning

55 1356 95 22 kommer
166 1359 31 19 att
213 1358 117 26 erfordras;
347 1359 45 26 och,
404 1358 88 21 försedd
507 1359 48 21 med
570 1359 103 26 lämpliga
688 1359 128 24 fullmakter,
828 1357 56 21 skall

55 1385 41 20 den
112 1385 70 22 derför
197 1386 110 27 lätteligen
323 1387 73 20 kunna
407 1387 96 26 aflägsna
513 1387 41 21 den
564 1389 80 19 största
655 1389 131 19 stötestenen
799 1385 33 22 för
843 1385 41 22 den

54 1413 111 22 inhemska
179 1415 118 20 industrins
313 1415 127 26 deltagande
455 1427 28 3 —
499 1416 40 20 den
555 1416 64 21 korta
634 1415 161 22 leveranstiden.

123 1442 41 21 Till
174 1443 142 22 innevarande
327 1444 145 21 ständermöte
483 1444 39 21 har
533 1444 114 21 inlemnats
658 1444 113 26 petitioner
782 1449 33 14 om
827 1441 56 22 utfö-

54 1470 66 21 rande
136 1473 84 19 snarast
230 1472 84 26 möjligt
324 1472 23 21 af
356 1472 96 26 omkring
463 1472 43 21 925
517 1475 58 18 verst
585 1473 87 26 jernväg
684 1473 31 20 uti
725 1473 56 20 olika
792 1471 92 21 hufvud-

53 1498 119 27 riktningar
178 1499 67 27 jemte
255 1500 92 21 bibanor
357 1501 32 20 till
400 1501 26 20 de
438 1500 67 21 redan
516 1501 86 21 utförda
612 1501 98 26 linierna,
722 1501 78 20 hvilket
811 1505 63 21 repre

53 1529 96 19 senterar
168 1534 25 15 en
209 1528 232 27 anläggningskostnad
457 1529 24 20 af
495 1529 59 21 cirka
568 1529 131 26 60,000,000
715 1529 65 21 mark.
812 1528 61 21 Samt
