1084 1748
204 126 24 17 66
473 126 93 22 Borgarest.
579 126 47 19 1888.
650 126 6 18 1
669 126 46 18 Febr.

182 195 60 22 detta
257 196 45 26 slag
317 195 61 27 följer
394 202 26 14 en
436 196 78 26 mängd
530 195 123 27 betydande
668 194 130 28 årsutgifter,
814 195 149 21 motsvarande
979 196 31 20 ett

181 224 91 26 kapital,
289 230 45 15 som
350 224 70 21 bättre
434 224 72 21 kunde
522 224 110 21 användas
647 224 29 26 på
690 225 67 20 annat
772 223 51 21 håll.
846 223 50 21 Med
911 223 98 21 afseende

181 252 58 25 derå,
259 254 32 19 att
312 252 112 22 bildandet
446 252 23 21 af
489 254 32 19 ett
540 252 104 21 särskildt
662 252 131 21 lotsdistrikt
811 252 90 21 sålunda
919 252 33 20 för
967 252 43 26 mig

180 287 63 21 synes
261 287 50 15 vara
330 287 26 15 en
371 281 39 21 sak
425 281 22 21 af
464 281 152 21 underordnad
631 280 52 26 vikt,
699 281 40 21 och
754 280 88 22 framför
857 280 38 21 allt
914 280 49 21 med
978 280 31 21 af-

181 310 79 20 seende
275 309 12 21 å
303 310 47 24 den,
367 309 69 21 såsom
455 310 81 25 nämdt,
552 309 62 21 äfven
630 309 23 21 af
666 310 143 26 petitionären
824 308 126 22 framhållna
965 315 44 15 om-

181 338 156 26 ständigheten,
355 340 31 19 att
402 338 28 21 all
445 338 73 27 möjlig
533 344 91 20 omsorg,
641 338 39 21 allt
694 338 84 26 möjligt
791 338 90 20 intresse
896 337 27 27 på
934 343 75 15 senare

180 366 56 22 tider
259 368 74 25 egnats
356 366 61 22 dessa
438 366 74 27 nejder
535 366 23 21 af
578 366 133 27 regeringen,
731 366 90 21 föreslår
841 366 37 26 jag
896 366 112 26 petitions-

180 395 144 21 memorialets
340 395 104 26 läggande
459 395 32 21 till
506 394 163 27 handlingarna.

249 424 31 20 Hr
298 424 24 20 V.
343 422 160 22 Gummerus:
525 424 42 26 Jag
589 423 33 21 för
641 424 42 20 min
703 423 34 21 del
756 429 62 15 anser
833 422 70 22 denna
917 422 91 27 petition

180 458 52 15 vara
250 452 23 21 så
291 452 176 27 behjertansvärd
487 452 40 21 och
550 451 25 21 så
592 451 195 27 maktpåliggande,
808 452 31 20 att
852 451 37 27 jag
903 451 46 21 icke
965 450 42 21 kan

180 480 113 49 —
313 481 42 48 W.
364 480 82 27 päyrka
461 480 48 21 dess
525 480 154 21 remitterande
694 480 33 21 till
742 480 160 21 vederbörande
917 479 90 21 utskott.

270 515 9 14 r
295 509 27 20 H.
345 503 18 38 E.
379 508 162 22 Gummerus:
569 508 46 22 Mot
631 509 25 21 hr
672 508 148 28 Schybergson
836 508 39 21 ber
887 508 37 27 jag
939 510 32 19 att
985 507 23 21 fä

180 509 109 54 aa.
305 509 50 49 J
351 525 37 39 jag
406 538 53 20 visst
474 537 47 22 icke
536 537 125 21 tillskrifver
676 543 26 15 en
718 537 201 27 tjensteinstitution
929 536 78 21 förmä-

179 572 41 20 gan
236 567 32 19 att
284 566 148 20 ästadkomma
447 566 73 21 under.
551 566 42 26 Jag
608 566 40 20 har
663 566 76 20 endast
754 566 95 25 betonat,
866 567 32 19 att
913 571 24 15 en
952 565 54 27 tjen-

180 596 82 20 steman
277 594 55 21 skall
347 594 64 21 hafva
429 595 89 26 insigter
536 594 34 21 för
586 596 32 19 att
633 594 51 27 fylla
700 594 32 21 sin
748 594 73 26 syssla,
838 594 40 20 och
893 595 32 19 att
940 593 22 21 ät
978 600 28 14 nu

178 622 162 27 ifrägavarande
364 623 66 21 mätte
452 623 68 26 gifvas
540 622 202 27 tillfyllestgörande
760 622 69 21 medel
847 623 32 20 att
894 621 65 21 verka
974 621 33 21 för

179 651 102 27 sjöfarten
301 651 27 26 pä
344 651 93 27 Ladoga.
471 651 72 26 Derpä
559 651 67 26 ligger
645 651 161 25 hufvudvikten,
822 651 40 20 och
878 651 69 20 denna
963 656 44 15 om-

180 680 121 26 ständighet
319 680 94 27 påpekas
432 680 65 21 också
511 680 7 20 i
533 679 109 21 klämmen
658 679 22 21 af
693 680 43 20 min
752 679 99 26 petition:
869 680 46 24 ,att
930 678 22 21 af
966 678 41 21 La-

179 708 55 26 doga
249 708 86 27 sjöfarts
351 708 86 21 omräde
452 708 67 21 mätte
535 708 70 21 bildas
622 709 32 20 ett
666 707 143 28 sjelfständigt
820 707 128 21 lotsdistrikt
958 707 48 21 med

178 743 26 14 en
228 737 151 26 distriktschef,
399 737 85 21 hvilken
506 737 7 20 i
536 737 100 20 afseende
656 737 13 20 ä
687 736 96 25 insikter,
800 735 151 27 befogenheter
966 735 39 21 och

177 765 129 26 hjelpmedel
325 766 7 20 i
351 765 41 21 och
410 765 33 21 för
461 766 105 26 tjenstens
584 765 106 21 skötande
706 765 70 20 skulle
791 764 105 21 likställas
911 764 48 21 med
974 764 32 20 di-

178 793 176 22 striktscheferne
369 795 7 20 i
391 794 84 21 landets
492 793 68 27 öfriga
575 793 153 21 lotsdistrikt'.
752 793 46 20 Här
808 793 124 20 förutsättes
943 792 62 21 alltså

178 822 74 27 anslag
267 822 32 21 för
315 823 42 20 alla
372 823 26 20 de
413 822 70 26 behof,
499 828 46 15 som
558 822 38 27 jag
611 822 90 26 tidigare
716 821 131 27 uppräknat:
864 821 141 26 utprickande

178 850 22 22 af
213 850 98 27 farleder,
327 851 141 21 utmärkande
487 851 23 20 af
528 851 76 26 grund,
620 851 93 26 lotsning
729 850 23 21 af
766 850 69 27 fartyg
849 851 40 20 etc.
912 850 41 26 Jag
963 849 42 21 kan

178 879 82 21 således
275 879 47 21 icke
341 881 66 19 annat
422 882 26 18 än
465 886 56 18 anse,
538 881 33 19 att
586 879 25 21 hr
628 879 160 27 Schybergsons
803 878 139 26 anmärkning
957 878 48 21 sak-

178 914 38 14 nar
232 908 28 21 all
274 908 117 27 betydelse.

246 936 31 21 Hr
293 936 125 22 Andsten:
433 936 42 26 Jag
490 942 50 15 vore
555 936 96 26 benägen
666 938 32 19 att
708 935 132 21 understöda
850 936 78 26 kapten
940 935 65 21 Hart-

177 970 60 15 mans
252 965 105 26 yttrande,
373 971 47 15 men
436 965 27 21 då
475 965 36 26 jag
526 964 136 27 naturligtvis
678 964 46 21 icke
739 966 26 18 är
780 964 113 20 förberedd
909 965 32 19 att
951 964 7 20 i
969 964 35 20 de-

176 993 38 26 talj
230 993 93 26 granska
338 994 25 20 hr
379 993 132 21 Gummerus”
526 993 188 27 petitionsförslag,
726 992 24 22 så
766 992 38 21 ber
816 992 37 27 jag
868 993 32 20 att
915 992 20 21 få
950 992 54 21 före-

177 1020 38 27 slå,
235 1022 36 20 det
293 1022 127 26 afgörandet
442 1022 23 20 af
485 1021 74 27 frågan
582 1028 34 14 om
636 1022 130 26 petitionens
785 1021 74 21 remiss
875 1020 31 21 till
921 1020 84 21 utskott

178 1038 68 32 skulle
262 1050 21 20 få
297 1050 63 21 anstå
376 1050 32 21 till
423 1050 94 27 följande
532 1050 164 20 sammanträde.

246 1078 121 21 Petitionen
389 1078 116 21 bordlades
527 1078 47 21 med
599 1078 115 26 anledning
733 1078 63 20 häraf
813 1078 32 20 till
861 1076 144 28 nästföljande

176 1106 93 26 plenum.

245 1174 114 27 Upplästes
375 1174 94 28 följande
484 1174 23 21 af
519 1175 26 21 hr
561 1175 26 21 H.
604 1175 24 20 E.
646 1174 156 21 Gummerus
817 1174 121 21 inlemnade
951 1174 55 26 peti-

175 1203 178 21 tionsmemorial:

393 1270 9 10 »
409 1254 40 21 Till
470 1254 110 26 Vällofliga
597 1254 187 26 Borgareståndet.

242 1306 11 20 I
273 1307 31 19 ett
327 1308 65 19 annat
415 1306 32 21 till
466 1306 107 26 vällofliga
588 1305 182 27 Borgareståndet
790 1305 87 26 ingifvet
892 1304 113 32 petitions-

175 1334 112 20 memorial
309 1334 110 26 angående
441 1334 158 27 upphjelpande
621 1334 23 21 af
661 1334 103 26 sjöfarten
780 1334 6 20 i
801 1318 94 46 Ladoga,
916 1332 39 21 har
968 1332 37 27 jag

172 1362 50 20 haft
237 1364 52 19 äran
308 1363 88 26 utlägga
415 1363 26 20 de
460 1363 70 26 behof,
546 1369 45 14 som
608 1363 6 20 i
630 1363 59 20 detta
704 1362 123 21 hänseende
841 1362 57 26 gjort
914 1361 31 26 sig
960 1361 46 26 gäl-

172 1390 76 21 Vande.
282 1390 69 22 Bland
370 1391 63 21 dessa
451 1391 60 26 ingår
525 1379 67 33 äfven
607 1390 150 27 önskligheten
772 1391 32 20 att
819 1390 99 25 bibringa
935 1389 71 20 bättre

170 1418 68 27 insigt
254 1425 34 14 om
303 1419 205 27 skeppsnavigering
523 1419 23 21 åt
561 1419 104 32 skeppare
681 1419 39 21 och
733 1420 102 31 styrmän,
847 1424 46 15 som
904 1417 102 26 navigera

172 1447 72 20 denna
260 1447 39 26 sjö.
329 1447 304 26 Navigationsförhållandena
653 1448 6 20 i
678 1453 26 16 en
720 1447 63 26 insjö,
800 1447 37 20 der
851 1446 104 33 sjöfarten
971 1445 33 21 till

171 1476 46 19 stor
233 1475 35 21 del
283 1477 24 19 är
323 1475 102 27 kustfart,
441 1478 36 19 äro
496 1476 97 27 tydligen
612 1476 88 21 alldeles
715 1475 75 25 andra,
808 1477 26 18 än
849 1475 7 20 i
872 1476 70 25 öppna
958 1473 47 21 haf-

171 1505 43 24 vet,
234 1503 41 21 och
297 1503 73 22 kunna
393 1493 39 32 och
451 1505 53 20 böra
523 1505 26 20 de
564 1504 96 26 insigter,
676 1510 46 15 som
738 1503 84 21 fordras
837 1503 24 21 af
875 1509 26 15 en
916 1502 89 26 Ladoga

170 1515 113 47 skeppare,
299 1538 51 15 vara
363 1533 156 26 jemförelsevis
535 1533 52 21 små.
618 1532 28 21 Så
661 1533 67 26 ringa,
746 1537 45 16 som
807 1532 26 20 de
844 1531 121 21 merendels
976 1537 29 14 nu
