1084 1748
220 119 36 32 128
494 124 95 22 Borgarest.
602 124 47 18 1888.
673 124 11 18 4
697 124 47 18 Febr.

197 193 42 21 dan
255 193 38 21 hos
308 199 36 15 oss
359 193 55 21 varit
429 193 91 21 föremål
535 193 33 21 för
583 193 146 27 lagstiftarens
746 193 195 27 uppmärksamhet,
958 194 67 20 ehuru

198 222 124 20 densamma
337 222 125 25 sedermera,
478 223 52 20 utan
547 223 32 20 att
596 222 62 20 hafva
674 222 86 20 erhållit
775 222 32 20 sin
819 222 90 26 lösning,
925 222 40 21 fått
975 222 52 20 falla

198 250 7 20 i
221 250 103 26 glömska.
355 250 39 20 Vid
412 250 53 21 1867
482 250 35 21 års
532 250 103 26 landtdag
650 250 127 21 framstälde
791 250 106 26 nemligen
911 250 116 21 ständerna

198 278 32 21 uti
246 278 132 26 underdånig
400 279 90 26 petition
505 279 100 21 anhållan
624 285 35 15 om
674 278 154 27 lagförklaring
844 278 6 21 i
866 279 37 20 det
918 278 60 28 syfte,
995 280 32 19 att

200 307 118 25 ersättning
333 306 32 22 för
380 306 146 28 målsegandes
542 307 40 21 och
597 307 94 21 vittnens
707 307 117 21 kostnader
839 307 6 21 i
862 307 38 21 och
915 307 32 21 för
961 308 66 20 rätte-

199 334 80 28 gångar
294 335 31 21 uti
340 335 78 21 sådana
433 336 74 26 grofva
523 336 109 25 brottmål,
648 336 7 20 i
670 335 73 21 hvilka
761 336 79 20 allmän
856 335 99 27 äklagave
970 335 57 21 förer

199 364 65 24 talan,
288 364 74 25 skulle,
386 364 26 20 då
434 364 67 21 sådan
523 364 136 26 godtgörelse
682 364 91 26 fordras,
797 364 22 21 af
837 364 107 21 allmänna
959 364 68 21 medel

200 392 115 26 förskjutas
338 392 46 26 och,
401 393 35 20 vid
458 393 111 21 bristande
587 393 89 26 tillgång
693 392 38 22 hos
747 393 41 21 den
803 392 224 27 betalningsskyldige,

202 420 61 21 äfven
278 423 76 19 stanna
369 421 83 21 kronan
467 421 32 21 till
515 422 48 20 last.

270 449 49 21 Med
334 450 114 26 anledning
467 450 23 20 af
506 450 70 20 denna
595 450 90 26 petition
701 449 60 27 afgaf
774 450 59 20 Hans
849 449 118 27 Kejserliga
982 448 45 22 Ma-

198 478 67 26 jestät
288 478 31 20 till
343 478 129 26 landtdagen
494 478 24 21 är
538 478 56 22 1872
616 478 64 26 nådig
703 478 134 27 proposition
857 494 4 10 ,
865 478 115 26 angående
995 484 32 14 er-

202 506 95 26 sättning
319 506 32 20 till
374 507 80 20 vittnen
471 507 6 20 i
493 507 82 21 sädana
597 507 75 26 grofva
687 506 108 26 brottmäl,
816 506 33 21 uti
863 506 72 21 hvilka
950 506 78 21 allmän

202 534 100 26 åklagare
324 540 48 20 eger
394 535 46 21 föra
462 535 80 25 talan',
563 536 66 26 jemte
651 536 37 20 det
710 535 60 21 Hans
793 535 118 27 Kejserliga
929 535 100 27 Majestät

201 562 147 27 tillkännagaf,
364 565 32 19 att
418 563 59 21 Hans
500 564 107 26 Majestät,
631 564 69 20 såvidt
716 563 67 27 angår
798 564 140 27 målsegande,
958 564 71 20 funnit

203 591 26 21 de
245 591 22 21 af
281 592 115 20 ständerna
412 592 120 27 åberopade
547 592 102 27 fördelar,
673 598 45 15 som
733 592 73 21 kunde
821 592 74 21 vinnas
909 598 77 20 genom
1002 598 26 14 en

202 620 117 26 förklaring
334 620 6 20 i
357 620 138 22 omförmälda
518 620 61 28 syfte,
602 621 47 21 icke
673 623 119 19 motsvaras
815 620 23 22 af
859 621 25 20 de
907 620 121 25 kostnader,

203 648 72 21 hvilka
297 648 121 27 derigenom
440 649 85 21 komme
548 651 31 19 att
603 649 130 21 statsverket
751 649 128 26 förorsakas,
903 651 54 19 samt
973 648 55 26 förty

204 678 70 20 ansett
296 677 47 21 skäl
362 678 18 26 ej
400 684 50 14 vara
466 678 32 21 för
514 678 85 20 handen
615 680 32 19 att
661 678 34 21 till
709 678 119 26 petitionen
843 678 7 20 i
865 678 41 21 den
921 678 61 20 delen
997 677 32 21 bi-

203 705 58 21 falla.
292 705 34 21 Uti
350 706 37 20 sitt
409 712 47 15 svar
480 706 12 21 å
515 707 93 21 nämnda
631 706 114 27 kejserliga
769 706 133 27 proposition
917 706 112 21 framhålla

204 734 120 25 ständerna,
340 736 33 19 att
392 734 65 26 enligt
472 735 62 21 deras
553 735 66 21 tanke
634 736 26 20 de
675 735 53 25 skäl,
753 741 45 15 som
814 735 23 21 af
852 735 53 21 1867
921 735 34 20 års
971 736 58 19 stän-

204 762 38 21 der
256 762 101 21 anfördes
372 763 32 21 till
419 764 48 20 stöd
482 763 32 21 för
530 763 157 21 ofvannämnda
706 763 147 26 underdåniga
871 764 96 26 petition,
990 769 39 20 ega

204 790 112 21 enahanda
338 791 98 27 giltighet
450 792 6 20 i
472 792 60 26 fråga
555 798 34 15 om
604 792 137 26 mälsegande
757 798 45 14 som
817 792 6 20 i
839 792 99 21 afseende
953 792 12 20 å
980 792 50 20 vitt-

205 825 47 20 nen,
275 821 55 19 samt
345 821 32 19 att
392 820 161 26 ifrågavarande
576 820 223 27 lagstiftningsåtgärd
816 820 69 21 skulle
903 820 70 21 bättre
989 820 41 20 löst

204 848 32 21 sin
259 848 89 27 uppgift,
364 854 34 15 om
421 848 42 21 den
486 849 84 21 erhållit
592 849 129 21 åtminstone
737 848 42 21 den
794 848 135 27 omfattning,
945 855 46 15 som
1006 850 24 19 är

204 876 79 27 antydd
298 877 7 20 i
321 877 119 21 änberörda
463 878 165 25 önskningsmål,
651 884 48 15 men
723 879 51 19 enär
797 878 41 21 den
853 877 120 26 föreslagna
988 877 42 21 för-

203 905 120 26 fattningen
346 921 11 9 ,,
360 905 84 25 komme
466 907 32 20 att
516 906 28 27 pä
563 913 81 14 samma
659 906 56 27 gång
729 906 104 21 innebära
848 908 32 19 ett
895 905 135 22 erkännande

204 933 23 20 af
240 939 26 14 en
282 933 54 21 både
352 933 64 27 riktig
435 935 40 20 och
494 935 66 26 vigtig
579 935 115 26 grundsats
710 936 56 19 samt
779 936 76 25 utgöra
871 936 30 19 ett
916 934 115 26 väsentligt

203 961 101 26 framsteg
327 962 32 20 till
382 969 26 14 en
431 963 70 21 bättre
524 963 82 21 ordnad
622 963 129 25 rättsvård'",
775 963 78 26 ansägo
870 963 114 20 ständerna
999 963 32 25 sig

204 989 54 22 dock
275 990 52 21 böra
343 991 69 20 lemna
428 991 33 21 sin
476 991 130 22 medverkan
622 992 32 21 till
670 991 40 21 den
725 991 122 26 föreslagna
863 991 102 26 åtgärden
976 992 54 20 samt

204 1018 112 26 godkände
331 1019 7 20 i
354 1019 121 21 hufvudsak
497 1021 170 25 propositionen;
690 1027 48 14 men
755 1020 7 20 i
777 1020 106 20 anseende
902 1020 33 20 till
953 1019 26 21 de
995 1019 36 21 de-

204 1047 186 26 taljförändringar
406 1049 115 20 ständerna
537 1049 31 20 uti
584 1049 123 20 densamma
723 1048 83 21 införde
822 1047 41 22 fick
874 1047 74 27 frågan
959 1048 71 21 seder-

204 1081 60 14 mera
278 1075 33 20 för
326 1075 41 21 den
382 1076 83 26 gången
480 1077 92 20 förfalla.

274 1103 32 20 Då
318 1104 38 26 jag
374 1104 70 21 beslöt
463 1105 41 26 mig
520 1105 33 20 för
569 1108 32 18 att
617 1105 34 21 vid
667 1105 145 21 innevarande
828 1105 101 26 landtdag
944 1105 87 26 påkalla

204 1131 191 26 Borgareståndets
411 1133 95 26 benägna
522 1134 130 21 medverkan
668 1133 33 21 för
717 1135 32 20 att
765 1133 55 27 ånyo
837 1135 92 24 upptaga
940 1133 91 21 berörda

204 1160 231 27 lagstiftningsärende,
450 1167 38 16 var
500 1162 37 26 jag
555 1162 98 21 tveksam
668 1162 7 20 i
691 1162 85 21 hvilken
792 1161 148 27 utsträckning
955 1161 77 21 sådant

205 1188 66 21 borde
294 1188 44 26 ske,
362 1195 47 15 men
431 1190 27 20 de
480 1190 52 25 skäl,
555 1197 45 14 som
620 1191 22 20 så
662 1191 45 20 vidt
725 1190 68 21 saken
811 1189 67 27 angår
896 1189 135 27 målsegande

204 1216 124 21 framhållas
350 1218 32 20 uti
405 1218 41 20 den
470 1219 22 20 af
513 1219 42 26 mig
579 1219 128 20 omnämnda
729 1219 80 26 nådiga
824 1219 160 26 propositionen
999 1217 33 21 till

207 1245 54 20 1872
284 1245 34 20 ärs
342 1245 101 27 landtdag
465 1247 63 20 hafva
551 1247 108 21 föranledt
681 1247 42 26 mig
747 1248 33 19 att
798 1247 33 20 för
850 1246 132 21 närvarande
996 1246 35 20 in-

204 1273 95 20 skränka
321 1274 48 21 mitt
391 1274 79 27 förslag
492 1276 32 20 till
547 1275 76 27 frägan
639 1282 34 15 om
688 1275 119 26 ersättning
824 1275 22 20 ät
861 1275 87 25 vittnen,
965 1280 46 15 som
1026 1274 6 20 i

205 1301 102 22 brottmål
322 1302 23 21 af
358 1303 77 20 allmän
451 1303 100 27 åklagare
567 1304 110 26 åberopas,
693 1304 40 21 och
750 1305 52 19 enär
817 1303 38 21 det
869 1303 80 26 förslag
956 1303 37 26 jag
1004 1308 29 15 nu

205 1336 63 15 ernar
290 1330 118 22 framställa
431 1332 6 20 i
457 1332 25 21 de
505 1333 152 26 väsentligaste
680 1332 60 21 delar
763 1332 199 21 öfverensstämmer
985 1331 48 20 med

206 1358 56 21 1872
284 1358 23 21 är
323 1359 98 21 ständers
445 1360 70 21 beslut
531 1361 6 20 i
553 1361 95 25 ärendet,
669 1361 38 20 har
719 1361 39 26 jag
775 1361 70 20 ansett
861 1361 43 25 mig
918 1359 47 21 icke
980 1359 53 21 böra

205 1388 50 47 taga
278 1387 96 21 ståndets
396 1388 32 21 tid
443 1389 6 20 i
465 1389 92 26 anspråk
580 1389 33 21 för
629 1389 115 21 anförande
761 1388 24 21 af
798 1389 72 20 vidare
886 1388 125 25 motivering
1026 1387 7 20 i

204 1421 74 14 saken.

273 1443 136 22 Beträftande
431 1446 156 25 ersättningens
611 1446 77 26 belopp
711 1446 40 21 bör
771 1446 37 26 jag
832 1445 54 21 dock
902 1446 83 24 nämna,
1001 1445 33 19 att

202 1471 37 26 jag
255 1478 63 15 anser
332 1473 202 26 dagtraktamentet,
550 1474 83 21 hvilket
648 1474 23 21 af
686 1474 54 21 1872
760 1473 35 22 års
811 1473 86 22 ständer
912 1472 122 21 bestämdes

205 1499 33 20 till
260 1507 25 13 en
300 1501 67 25 mark,
390 1504 32 19 att
436 1503 109 20 tilldömas
561 1503 85 24 enhvar,
669 1509 46 14 som
730 1503 76 20 derom
821 1502 74 27 gjorde
910 1500 123 27 påstående,

204 1529 60 26 böra,
279 1529 48 22 med
342 1530 82 27 hänsyn
440 1531 33 21 till
488 1531 132 26 penningens
635 1531 130 20 förändrade
781 1530 72 26 värde,
869 1529 117 22 fastställas
1002 1529 32 21 till
