1084 1745
326 121 95 22 Borgarest.
433 121 47 18 1888.
503 121 6 18 1
523 121 46 18 Febr.
818 122 21 17 77

33 191 80 20 officiel
135 191 123 26 granskare,
281 197 45 14 som
349 190 54 26 egde
422 191 33 20 att
470 192 106 25 noggrant
591 190 123 21 undersöka
730 191 61 22 boets
807 191 59 21 ställ-

35 219 52 26 ning
109 219 39 21 och
171 219 140 26 gäldenärens
333 218 125 21 förfarande
477 220 55 19 samt
548 219 123 20 sedermera
686 219 115 21 öfvervaka
814 219 53 21 kon-

35 247 114 22 kursboets
165 247 125 26 afveckling,
305 247 58 22 tillse
378 248 33 20 att
425 247 118 26 inflytande
558 247 178 26 penningemedel
751 248 115 26 behörigen

36 276 40 21 och
92 276 72 21 säkert
179 276 106 21 förräntas
300 277 56 20 samt
371 277 32 19 att
419 275 162 28 sysslomännen
597 275 13 21 å
625 275 100 22 bestämd
740 276 32 21 tid
787 276 78 27 afgifva

36 305 136 26 redovisning
187 304 39 21 och
241 304 72 21 likvid.

105 334 41 20 4:0.
177 333 38 21 Att
237 333 72 21 därest
330 333 132 26 borgenärer
484 332 49 21 med
555 332 187 28 fordringsbelopp
766 333 22 21 af
803 333 65 21 minst

36 361 118 27 sjuttiofem
169 363 89 25 procent
272 361 21 21 af
308 361 49 21 hela
372 361 91 21 skulden
478 361 50 26 ingä
543 361 28 26 pä
581 367 26 14 en
618 361 43 21 viss
672 363 99 24 procents
782 361 85 26 ackord,

37 389 63 22 äfven
119 390 26 21 de
164 390 68 27 öfriga
247 389 67 22 mäste
329 389 76 22 förena
420 389 32 26 sig
467 389 49 22 med
531 389 145 27 pluraliteten,
692 390 73 21 sävida
780 391 41 20 den
837 390 31 21 of-

37 417 69 22 ficiela
120 419 132 26 granskaren
268 418 75 20 sädant
357 417 120 28 tillstyrker
492 418 39 20 och
548 417 62 22 äfven
626 418 121 21 domstolen
762 419 28 26 pä
799 419 69 26 grund

37 447 24 20 af
81 447 141 26 granskarens
245 447 74 26 utsago
341 446 69 21 finner
428 446 37 21 det
483 446 102 27 förenligt
603 447 49 20 med
671 447 197 27 fordringsegarens

38 475 90 21 intresse
144 475 40 21 och
199 475 128 26 gäldenären
343 475 63 21 däraf
419 474 96 27 förtjent.

106 504 41 21 5:o.
178 504 38 21 Att
238 503 115 28 uttrycklig
375 503 136 27 bestämning
529 503 96 21 infördes
641 504 74 21 derom
730 506 32 19 att
776 505 89 21 försum-

38 532 62 21 made
116 532 136 26 betalningar
267 533 18 26 ej
301 533 67 20 värka
383 531 104 27 ätergäng
502 531 23 22 af
539 531 142 25 ackordaftal,
698 533 20 20 d.
734 539 18 14 v.
764 539 16 15 s.
791 535 32 19 att
833 539 35 15 om

39 567 27 14 en
88 560 102 27 gäldenär
212 561 54 20 efter
283 560 134 21 ackordaftal
437 560 54 27 änyo
507 560 99 27 appläter
621 561 39 20 sitt
674 561 28 20 bo
718 561 33 21 till
765 562 102 24 konkurs,

40 589 27 21 de
89 589 59 21 äldre
170 589 197 26 fordringsegarene
389 589 48 21 icke
459 589 80 26 vidare,
563 589 71 21 såsom
657 589 77 21 hittills
750 590 63 26 skett,
830 596 38 20 ega

40 617 142 27 äterupptaga
204 618 47 21 sina
272 617 135 27 ursprunliga
429 617 204 27 fordringsanspräk
652 618 7 20 i
678 618 42 21 den
735 618 67 21 första
817 618 52 21 kon-

37 646 89 21 kursen.

108 675 41 20 6:0.
180 675 38 20 Att
240 675 104 26 borgenär
367 675 32 20 uti
421 674 96 21 konkurs
533 674 47 21 icke
596 675 53 26 egde
664 675 84 21 bevaka
762 677 65 19 annat
842 677 27 19 än

40 703 156 26 nettofordran,
220 703 24 21 sä
266 705 32 19 att
321 709 33 15 om
377 703 111 26 betalning
510 703 34 21 för
559 703 96 26 borgade
671 709 64 15 varor
749 703 68 21 finnes
832 704 37 21 be-

40 731 69 21 stämd
124 731 33 21 till
172 731 58 21 olika
245 731 78 27 belopp
338 731 49 22 med
402 731 81 27 hänsyn
500 731 34 21 till
550 731 58 21 olika
622 732 184 26 betalningstider,
821 732 48 21 bor-

40 761 66 24 genär
120 759 34 22 för
170 759 66 22 sädan
252 760 86 21 fordran
353 760 47 21 icke
415 760 70 21 skulle
501 760 60 27 njuta
576 761 44 20 rätt
636 760 33 21 till
684 760 66 26 högre
760 761 109 26 betalning

41 790 26 19 än
87 788 55 21 efter
157 788 36 21 det
208 789 55 26 lägst
277 789 113 20 bestämda
405 789 108 26 beloppet,
529 788 75 21 sävida
619 789 140 26 anmärkning
774 789 73 21 därom
863 789 7 20 i

41 817 90 26 stadgad
147 817 90 26 ordning
252 817 135 21 framställes.

110 845 41 21 7:o.
182 846 38 20 Att
234 845 115 21 intecknad
363 845 88 21 fordran
467 845 44 21 lika
526 845 48 21 litet
590 851 46 15 som
651 845 89 21 fordran
750 846 48 21 med
809 847 60 25 pant-

41 874 44 19 rätt
100 873 7 20 i
122 873 91 21 handom
229 873 91 21 behöfde
335 874 101 21 bevakas.

110 902 41 20 8:0.
181 902 38 20 Att
233 902 36 20 vid
283 902 145 23 konkursmä!,
444 902 61 21 hvari
520 904 80 19 tvänne
614 908 84 20 upprop
714 908 39 20 ega
768 908 54 20 rum,
833 908 38 15 an-

42 930 111 26 märkning
175 931 45 20 mot
242 930 109 22 bevakade
373 930 122 26 fordringar
513 930 57 27 finge
584 932 64 24 göras
664 931 75 21 endast
753 931 35 21 vid
803 930 68 22 första

42 960 111 25 uppropet.

110 987 42 21 9:0.
181 987 39 21 Att
243 988 118 21 domstolen
384 988 7 20 i
411 987 173 22 konkursdomen
600 987 48 21 icke
663 987 91 22 behöfde
770 987 101 22 särskildt

40 1016 58 25 yttra
114 1015 32 26 sig
161 1016 110 26 angående
285 1016 115 27 godkända
415 1016 157 27 oprioriterade
586 1016 128 27 fordringar.

112 1044 32 21 10.
175 1045 38 20 Att
228 1044 137 21 konkursmål
381 1045 35 20 må
430 1045 22 20 få
462 1044 123 27 nedläggas,
597 1044 27 21 då
639 1045 102 26 antingen
751 1045 63 26 ingen
824 1044 45 21 for-

43 1072 138 26 dringsegare
199 1073 92 21 infunnit
307 1073 32 26 sig
354 1073 12 20 å
381 1073 190 26 inställelsedagen
586 1073 52 21 eller
654 1073 157 21 konkursboets
826 1072 45 21 till-

41 1100 81 27 gångar
138 1103 36 19 äro
190 1101 24 21 så
228 1102 67 25 ringa,
307 1103 31 19 att
349 1101 26 21 de
391 1102 18 26 ej
425 1101 68 21 förslå
503 1102 32 21 till
546 1101 135 22 betäckande
692 1102 22 21 af
723 1101 147 22 kostnaderna

42 1129 33 21 för
90 1129 60 21 boets
166 1130 114 26 utredning
296 1130 39 21 och
350 1130 175 21 konkursmålets
540 1130 138 26 behandling.

163 1158 69 27 grund
254 1158 63 21 häraf
337 1158 66 27 vågar
419 1159 38 26 jag
476 1159 124 26 ödmjukast
615 1159 85 20 anhålla
716 1165 34 14 om
765 1158 107 27 vällofliga

42 1186 191 27 Borgareståndets
256 1187 128 21 medvärkan
401 1187 32 21 till
449 1193 25 15 en
491 1187 91 26 petition
598 1187 47 20 från
660 1187 116 21 ständerna
790 1187 7 20 i
813 1187 59 21 detta

40 1214 66 27 syfte:

214 1244 30 19 att
258 1243 53 22 hans
326 1243 123 28 Kejserliga
465 1243 107 28 Majestät
582 1243 47 22 ville
644 1244 96 21 nedsätta
755 1251 25 14 en
790 1243 81 26 komité,

145 1278 45 14 som
208 1271 54 27 efter
280 1272 146 21 inhämtandet
445 1272 24 27 af
485 1272 165 21 vederbörandes
664 1272 129 26 utlåtanden,
810 1271 62 22 borde

146 1299 119 21 värkställa
279 1307 26 14 en
320 1301 144 26 omarbetning
479 1301 24 26 af
517 1301 101 27 gällande
632 1300 166 27 konkursstadga
813 1300 8 20 i
835 1300 37 20 så-

147 1328 51 20 dant
213 1328 103 27 afseende,
333 1330 30 19 att
377 1328 145 27 ofvannämda
533 1328 160 27 önskningsmål
703 1328 65 27 blefve
778 1328 95 26 tillgodo-

148 1356 64 21 sedda
234 1357 36 21 och
289 1357 98 27 möjligen
406 1357 69 21 andra
491 1357 101 27 behöfliga
607 1357 155 27 förändringar
777 1356 50 22 däri
841 1356 32 20 in-

146 1384 70 28 förda,
238 1387 55 19 samt
315 1387 30 19 att
364 1386 135 26 proposition
514 1386 9 20 i
537 1387 72 20 ämnet
624 1386 96 26 därefter
735 1386 64 20 måtte
813 1385 60 20 stän-

146 1414 66 20 derna
226 1414 127 26 föreläggas.

112 1442 140 26 Helsingfors,
268 1442 40 21 den
324 1443 29 21 30
364 1443 87 26 januari
467 1443 62 21 1888.

583 1471 70 21 Arvid
672 1470 22 21 V.
712 1470 90 28 Nyberg.

112 1498 38 22 Uti
164 1499 135 22 förestående
315 1499 186 27 petitionsförslag
515 1500 87 21 förenar
617 1500 38 26 sig,
671 1506 45 15 som
732 1499 63 22 ofvan

598 1527 24 21 K.
639 1527 28 21 H.
685 1527 117 22 Renlund.
