<?xml version="1.0" encoding="UTF-8"?>
<alto xmlns="http://www.loc.gov/standards/alto/ns-v3#" xmlns:xlink="http://www.w3.org/1999/xlink" xmlns:xsi="http://www.w3.org/2001/XMLSchema-instance" xsi:schemaLocation="http://www.loc.gov/standards/alto/ns-v3# http://www.loc.gov/alto/v3/alto-3-0.xsd">
	<Description>
		<MeasurementUnit>pixel</MeasurementUnit>
		<sourceImageInformation>
			<fileName>/tmp/tess_mt4pa5dr_input.PNG</fileName>
		</sourceImageInformation>
		<OCRProcessing ID="OCR_0">
			<ocrProcessingStep>
				<processingSoftware>
					<softwareName>tesseract 5.3.4</softwareName>
				</processingSoftware>
			</ocrProcessingStep>
		</OCRProcessing>
	</Description>
	<Layout>
		<Page WIDTH="1086" HEIGHT="1748" PHYSICAL_IMG_NR="0" ID="page_0">
			<PrintSpace HPOS="0" VPOS="0" WIDTH="1086" HEIGHT="1748">
				<ComposedBlock ID="cblock_0" HPOS="334" VPOS="108" WIDTH="518" HEIGHT="23">
					<TextBlock ID="block_0" HPOS="334" VPOS="108" WIDTH="518" HEIGHT="23">
						<TextLine ID="line_0" HPOS="334" VPOS="108" WIDTH="518" HEIGHT="23">
							<String ID="string_0" HPOS="334" VPOS="110" WIDTH="92" HEIGHT="21" WC="0.91" CONTENT="Borgarest."/><SP WIDTH="13" VPOS="110" HPOS="426"/>
							<String ID="string_1" HPOS="439" VPOS="108" WIDTH="47" HEIGHT="19" WC="0.93" CONTENT="1888."/><SP WIDTH="24" VPOS="108" HPOS="486"/>
							<String ID="string_2" HPOS="510" VPOS="108" WIDTH="18" HEIGHT="19" WC="0.94" CONTENT="10"/><SP WIDTH="13" VPOS="108" HPOS="528"/>
							<String ID="string_3" HPOS="541" VPOS="109" WIDTH="51" HEIGHT="18" WC="0.96" CONTENT="Mars."/><SP WIDTH="227" VPOS="109" HPOS="592"/>
							<String ID="string_4" HPOS="819" VPOS="108" WIDTH="33" HEIGHT="18" WC="0.92" CONTENT="427"/>
						</TextLine>
					</TextBlock>
				</ComposedBlock>
				<ComposedBlock ID="cblock_1" HPOS="55" VPOS="178" WIDTH="826" HEIGHT="1369">
					<TextBlock ID="block_1" HPOS="57" VPOS="178" WIDTH="819" HEIGHT="169">
						<TextLine ID="line_1" HPOS="57" VPOS="178" WIDTH="818" HEIGHT="26">
							<String ID="string_5" HPOS="57" VPOS="178" WIDTH="36" HEIGHT="21" WC="0.92" CONTENT="det"/><SP WIDTH="22" VPOS="178" HPOS="93"/>
							<String ID="string_6" HPOS="115" VPOS="178" WIDTH="47" HEIGHT="20" WC="0.92" CONTENT="icke"/><SP WIDTH="17" VPOS="178" HPOS="162"/>
							<String ID="string_7" HPOS="179" VPOS="178" WIDTH="32" HEIGHT="20" WC="0.93" CONTENT="för"/><SP WIDTH="15" VPOS="178" HPOS="211"/>
							<String ID="string_8" HPOS="226" VPOS="178" WIDTH="153" HEIGHT="21" WC="0.90" CONTENT="allmänhetens"/><SP WIDTH="15" VPOS="178" HPOS="379"/>
							<String ID="string_9" HPOS="394" VPOS="180" WIDTH="56" HEIGHT="24" WC="0.93" CONTENT="ögon"/><SP WIDTH="15" VPOS="180" HPOS="450"/>
							<String ID="string_10" HPOS="465" VPOS="178" WIDTH="63" HEIGHT="26" WC="0.96" CONTENT="klart,"/><SP WIDTH="16" VPOS="178" HPOS="528"/>
							<String ID="string_11" HPOS="544" VPOS="180" WIDTH="32" HEIGHT="19" WC="0.96" CONTENT="att"/><SP WIDTH="16" VPOS="180" HPOS="576"/>
							<String ID="string_12" HPOS="592" VPOS="178" WIDTH="40" HEIGHT="21" WC="0.93" CONTENT="den"/><SP WIDTH="15" VPOS="178" HPOS="632"/>
							<String ID="string_13" HPOS="647" VPOS="178" WIDTH="160" HEIGHT="26" WC="0.92" CONTENT="ifrägavarande"/><SP WIDTH="15" VPOS="178" HPOS="807"/>
							<String ID="string_14" HPOS="822" VPOS="178" WIDTH="53" HEIGHT="20" WC="0.92" CONTENT="lära-"/>
						</TextLine>
						<TextLine ID="line_2" HPOS="58" VPOS="205" WIDTH="817" HEIGHT="28">
							<String ID="string_15" HPOS="58" VPOS="213" WIDTH="38" HEIGHT="14" WC="0.92" CONTENT="ren"/><SP WIDTH="22" VPOS="213" HPOS="96"/>
							<String ID="string_16" HPOS="118" VPOS="206" WIDTH="69" HEIGHT="21" WC="0.88" CONTENT="blifvit"/><SP WIDTH="21" VPOS="206" HPOS="187"/>
							<String ID="string_17" HPOS="208" VPOS="205" WIDTH="108" HEIGHT="23" WC="0.93" CONTENT="förklarad"/><SP WIDTH="16" VPOS="205" HPOS="316"/>
							<String ID="string_18" HPOS="332" VPOS="207" WIDTH="87" HEIGHT="26" WC="0.92" CONTENT="oduglig"/><SP WIDTH="14" VPOS="207" HPOS="419"/>
							<String ID="string_19" HPOS="433" VPOS="206" WIDTH="23" HEIGHT="22" WC="0.93" CONTENT="af"/><SP WIDTH="13" VPOS="206" HPOS="456"/>
							<String ID="string_20" HPOS="469" VPOS="206" WIDTH="211" HEIGHT="27" WC="0.90" CONTENT="skolöfverstyrelsen"/><SP WIDTH="16" VPOS="206" HPOS="680"/>
							<String ID="string_21" HPOS="696" VPOS="206" WIDTH="51" HEIGHT="21" WC="0.96" CONTENT="eller"/><SP WIDTH="16" VPOS="206" HPOS="747"/>
							<String ID="string_22" HPOS="763" VPOS="206" WIDTH="39" HEIGHT="20" WC="0.93" CONTENT="den"/><SP WIDTH="16" VPOS="206" HPOS="802"/>
							<String ID="string_23" HPOS="818" VPOS="212" WIDTH="57" HEIGHT="20" WC="0.92" CONTENT="myn-"/>
						</TextLine>
						<TextLine ID="line_3" HPOS="59" VPOS="234" WIDTH="817" HEIGHT="28">
							<String ID="string_24" HPOS="59" VPOS="235" WIDTH="78" HEIGHT="26" WC="0.90" CONTENT="dighet,"/><SP WIDTH="24" VPOS="235" HPOS="137"/>
							<String ID="string_25" HPOS="161" VPOS="241" WIDTH="43" HEIGHT="15" WC="0.93" CONTENT="som"/><SP WIDTH="24" VPOS="241" HPOS="204"/>
							<String ID="string_26" HPOS="228" VPOS="234" WIDTH="73" HEIGHT="22" WC="0.91" CONTENT="derom"/><SP WIDTH="22" VPOS="234" HPOS="301"/>
							<String ID="string_27" HPOS="323" VPOS="235" WIDTH="83" HEIGHT="21" WC="0.91" CONTENT="komme"/><SP WIDTH="22" VPOS="235" HPOS="406"/>
							<String ID="string_28" HPOS="428" VPOS="237" WIDTH="33" HEIGHT="19" WC="0.93" CONTENT="att"/><SP WIDTH="15" VPOS="237" HPOS="461"/>
							<String ID="string_29" HPOS="476" VPOS="235" WIDTH="80" HEIGHT="27" WC="0.91" CONTENT="afgöra."/><SP WIDTH="31" VPOS="235" HPOS="556"/>
							<String ID="string_30" HPOS="587" VPOS="235" WIDTH="42" HEIGHT="21" WC="0.96" CONTENT="Det"/><SP WIDTH="15" VPOS="235" HPOS="629"/>
							<String ID="string_31" HPOS="644" VPOS="237" WIDTH="24" HEIGHT="19" WC="0.96" CONTENT="är"/><SP WIDTH="15" VPOS="237" HPOS="668"/>
							<String ID="string_32" HPOS="683" VPOS="235" WIDTH="28" HEIGHT="27" WC="0.96" CONTENT="pä"/><SP WIDTH="15" VPOS="235" HPOS="711"/>
							<String ID="string_33" HPOS="726" VPOS="234" WIDTH="68" HEIGHT="22" WC="0.96" CONTENT="denna"/><SP WIDTH="14" VPOS="234" HPOS="794"/>
							<String ID="string_34" HPOS="808" VPOS="234" WIDTH="68" HEIGHT="26" WC="0.96" CONTENT="grund"/>
						</TextLine>
						<TextLine ID="line_4" HPOS="57" VPOS="263" WIDTH="819" HEIGHT="27">
							<String ID="string_35" HPOS="57" VPOS="263" WIDTH="40" HEIGHT="21" WC="0.96" CONTENT="och"/><SP WIDTH="22" VPOS="263" HPOS="97"/>
							<String ID="string_36" HPOS="119" VPOS="263" WIDTH="33" HEIGHT="21" WC="0.96" CONTENT="för"/><SP WIDTH="18" VPOS="263" HPOS="152"/>
							<String ID="string_37" HPOS="170" VPOS="264" WIDTH="32" HEIGHT="20" WC="0.93" CONTENT="att"/><SP WIDTH="14" VPOS="264" HPOS="202"/>
							<String ID="string_38" HPOS="216" VPOS="263" WIDTH="70" HEIGHT="22" WC="0.93" CONTENT="sävidt"/><SP WIDTH="14" VPOS="263" HPOS="286"/>
							<String ID="string_39" HPOS="300" VPOS="264" WIDTH="81" HEIGHT="26" WC="0.96" CONTENT="möjligt"/><SP WIDTH="14" VPOS="264" HPOS="381"/>
							<String ID="string_40" HPOS="395" VPOS="264" WIDTH="95" HEIGHT="20" WC="0.96" CONTENT="undvika"/><SP WIDTH="16" VPOS="264" HPOS="490"/>
							<String ID="string_41" HPOS="506" VPOS="264" WIDTH="36" HEIGHT="21" WC="0.93" CONTENT="det"/><SP WIDTH="15" VPOS="264" HPOS="542"/>
							<String ID="string_42" HPOS="557" VPOS="264" WIDTH="90" HEIGHT="20" WC="0.93" CONTENT="särande"/><SP WIDTH="14" VPOS="264" HPOS="647"/>
							<String ID="string_43" HPOS="661" VPOS="264" WIDTH="33" HEIGHT="20" WC="0.93" CONTENT="för"/><SP WIDTH="16" VPOS="264" HPOS="694"/>
							<String ID="string_44" HPOS="710" VPOS="264" WIDTH="82" HEIGHT="20" WC="0.92" CONTENT="läraren"/><SP WIDTH="15" VPOS="264" HPOS="792"/>
							<String ID="string_45" HPOS="807" VPOS="263" WIDTH="7" HEIGHT="21" WC="0.93" CONTENT="i"/><SP WIDTH="15" VPOS="263" HPOS="814"/>
							<String ID="string_46" HPOS="829" VPOS="268" WIDTH="47" HEIGHT="20" WC="0.93" CONTENT="pro-"/>
						</TextLine>
						<TextLine ID="line_5" HPOS="59" VPOS="291" WIDTH="817" HEIGHT="27">
							<String ID="string_47" HPOS="59" VPOS="292" WIDTH="91" HEIGHT="20" WC="0.91" CONTENT="ceduren"/><SP WIDTH="21" VPOS="292" HPOS="150"/>
							<String ID="string_48" HPOS="171" VPOS="292" WIDTH="35" HEIGHT="20" WC="0.96" CONTENT="vid"/><SP WIDTH="23" VPOS="292" HPOS="206"/>
							<String ID="string_49" HPOS="229" VPOS="292" WIDTH="52" HEIGHT="21" WC="0.93" CONTENT="hans"/><SP WIDTH="23" VPOS="292" HPOS="281"/>
							<String ID="string_50" HPOS="304" VPOS="292" WIDTH="82" HEIGHT="26" WC="0.91" CONTENT="afgäng,"/><SP WIDTH="19" VPOS="292" HPOS="386"/>
							<String ID="string_51" HPOS="405" VPOS="298" WIDTH="45" HEIGHT="15" WC="0.93" CONTENT="som"/><SP WIDTH="15" VPOS="298" HPOS="450"/>
							<String ID="string_52" HPOS="465" VPOS="292" WIDTH="143" HEIGHT="26" WC="0.91" CONTENT="lagutskottet"/><SP WIDTH="14" VPOS="292" HPOS="608"/>
							<String ID="string_53" HPOS="622" VPOS="294" WIDTH="86" HEIGHT="19" WC="0.96" CONTENT="stannat"/><SP WIDTH="15" VPOS="294" HPOS="708"/>
							<String ID="string_54" HPOS="723" VPOS="292" WIDTH="34" HEIGHT="20" WC="0.97" CONTENT="vid"/><SP WIDTH="16" VPOS="292" HPOS="757"/>
							<String ID="string_55" HPOS="773" VPOS="292" WIDTH="35" HEIGHT="20" WC="0.93" CONTENT="det"/><SP WIDTH="14" VPOS="292" HPOS="808"/>
							<String ID="string_56" HPOS="822" VPOS="291" WIDTH="54" HEIGHT="21" WC="0.93" CONTENT="före-"/>
						</TextLine>
						<TextLine ID="line_6" HPOS="59" VPOS="320" WIDTH="219" HEIGHT="27">
							<String ID="string_57" HPOS="59" VPOS="320" WIDTH="97" HEIGHT="27" WC="0.92" CONTENT="liggande"/><SP WIDTH="15" VPOS="320" HPOS="156"/>
							<String ID="string_58" HPOS="171" VPOS="320" WIDTH="107" HEIGHT="27" WC="0.92" CONTENT="förslaget."/>
						</TextLine>
					</TextBlock>
					<TextBlock ID="block_2" HPOS="55" VPOS="348" WIDTH="822" HEIGHT="228">
						<TextLine ID="line_7" HPOS="127" VPOS="348" WIDTH="749" HEIGHT="28">
							<String ID="string_59" HPOS="127" VPOS="348" WIDTH="61" HEIGHT="22" WC="0.93" CONTENT="Hvad"/><SP WIDTH="15" VPOS="348" HPOS="188"/>
							<String ID="string_60" HPOS="203" VPOS="348" WIDTH="25" HEIGHT="21" WC="0.93" CONTENT="hr"/><SP WIDTH="15" VPOS="348" HPOS="228"/>
							<String ID="string_61" HPOS="243" VPOS="349" WIDTH="98" HEIGHT="21" WC="0.89" CONTENT="Neovius&#39;"/><SP WIDTH="17" VPOS="349" HPOS="341"/>
							<String ID="string_62" HPOS="358" VPOS="349" WIDTH="140" HEIGHT="27" WC="0.91" CONTENT="anmärkning"/><SP WIDTH="15" VPOS="349" HPOS="498"/>
							<String ID="string_63" HPOS="513" VPOS="356" WIDTH="34" HEIGHT="14" WC="0.93" CONTENT="om"/><SP WIDTH="16" VPOS="356" HPOS="547"/>
							<String ID="string_64" HPOS="563" VPOS="349" WIDTH="141" HEIGHT="26" WC="0.92" CONTENT="kungörelsen"/><SP WIDTH="15" VPOS="349" HPOS="704"/>
							<String ID="string_65" HPOS="719" VPOS="349" WIDTH="105" HEIGHT="21" WC="0.93" CONTENT="beträffar,"/><SP WIDTH="16" VPOS="349" HPOS="824"/>
							<String ID="string_66" HPOS="840" VPOS="349" WIDTH="36" HEIGHT="21" WC="0.96" CONTENT="vill"/>
						</TextLine>
						<TextLine ID="line_8" HPOS="55" VPOS="377" WIDTH="822" HEIGHT="27">
							<String ID="string_67" HPOS="55" VPOS="378" WIDTH="38" HEIGHT="26" WC="0.90" CONTENT="jag"/><SP WIDTH="21" VPOS="378" HPOS="93"/>
							<String ID="string_68" HPOS="114" VPOS="378" WIDTH="55" HEIGHT="21" WC="0.96" CONTENT="fästa"/><SP WIDTH="21" VPOS="378" HPOS="169"/>
							<String ID="string_69" HPOS="190" VPOS="378" WIDTH="214" HEIGHT="26" WC="0.93" CONTENT="uppmärksamheten"/><SP WIDTH="23" VPOS="378" HPOS="404"/>
							<String ID="string_70" HPOS="427" VPOS="378" WIDTH="80" HEIGHT="26" WC="0.87" CONTENT="dervid,"/><SP WIDTH="24" VPOS="378" HPOS="507"/>
							<String ID="string_71" HPOS="531" VPOS="380" WIDTH="31" HEIGHT="19" WC="0.96" CONTENT="att"/><SP WIDTH="23" VPOS="380" HPOS="562"/>
							<String ID="string_72" HPOS="585" VPOS="378" WIDTH="41" HEIGHT="20" WC="0.93" CONTENT="den"/><SP WIDTH="22" VPOS="378" HPOS="626"/>
							<String ID="string_73" HPOS="648" VPOS="378" WIDTH="139" HEIGHT="26" WC="0.96" CONTENT="bestämning,"/><SP WIDTH="23" VPOS="378" HPOS="787"/>
							<String ID="string_74" HPOS="810" VPOS="377" WIDTH="67" HEIGHT="21" WC="0.65" CONTENT="som"/><SP WIDTH="-14" VPOS="377" HPOS="877"/>
							<String ID="string_75" HPOS="863" VPOS="373" WIDTH="19" HEIGHT="36" WC="0.96" CONTENT="i"/>
						</TextLine>
						<TextLine ID="line_9" HPOS="59" VPOS="406" WIDTH="817" HEIGHT="27">
							<String ID="string_76" HPOS="59" VPOS="406" WIDTH="141" HEIGHT="27" WC="0.93" CONTENT="kungörelsen"/><SP WIDTH="15" VPOS="406" HPOS="200"/>
							<String ID="string_77" HPOS="215" VPOS="406" WIDTH="67" HEIGHT="26" WC="0.91" CONTENT="ingär,"/><SP WIDTH="15" VPOS="406" HPOS="282"/>
							<String ID="string_78" HPOS="297" VPOS="406" WIDTH="104" HEIGHT="26" WC="0.92" CONTENT="nemligen"/><SP WIDTH="16" VPOS="406" HPOS="401"/>
							<String ID="string_79" HPOS="417" VPOS="408" WIDTH="32" HEIGHT="19" WC="0.96" CONTENT="att"/><SP WIDTH="16" VPOS="408" HPOS="449"/>
							<String ID="string_80" HPOS="465" VPOS="407" WIDTH="25" HEIGHT="21" WC="0.90" CONTENT="de"/><SP WIDTH="15" VPOS="407" HPOS="490"/>
							<String ID="string_81" HPOS="505" VPOS="408" WIDTH="7" HEIGHT="20" WC="0.90" CONTENT="i"/><SP WIDTH="15" VPOS="408" HPOS="512"/>
							<String ID="string_82" HPOS="527" VPOS="406" WIDTH="52" HEIGHT="27" WC="0.95" CONTENT="följd"/><SP WIDTH="16" VPOS="406" HPOS="579"/>
							<String ID="string_83" HPOS="595" VPOS="406" WIDTH="23" HEIGHT="21" WC="0.93" CONTENT="af"/><SP WIDTH="12" VPOS="406" HPOS="618"/>
							<String ID="string_84" HPOS="630" VPOS="406" WIDTH="101" HEIGHT="26" WC="0.91" CONTENT="uppnädd"/><SP WIDTH="12" VPOS="406" HPOS="731"/>
							<String ID="string_85" HPOS="743" VPOS="406" WIDTH="133" HEIGHT="26" WC="0.91" CONTENT="äldersgräns"/>
						</TextLine>
						<TextLine ID="line_10" HPOS="59" VPOS="434" WIDTH="817" HEIGHT="28">
							<String ID="string_86" HPOS="59" VPOS="435" WIDTH="104" HEIGHT="27" WC="0.92" CONTENT="afgäende"/><SP WIDTH="21" VPOS="435" HPOS="163"/>
							<String ID="string_87" HPOS="184" VPOS="435" WIDTH="96" HEIGHT="21" WC="0.92" CONTENT="lärarene"/><SP WIDTH="22" VPOS="435" HPOS="280"/>
							<String ID="string_88" HPOS="302" VPOS="435" WIDTH="39" HEIGHT="21" WC="0.93" CONTENT="och"/><SP WIDTH="17" VPOS="435" HPOS="341"/>
							<String ID="string_89" HPOS="358" VPOS="435" WIDTH="147" HEIGHT="21" WC="0.92" CONTENT="lärarinnorna"/><SP WIDTH="15" VPOS="435" HPOS="505"/>
							<String ID="string_90" HPOS="520" VPOS="436" WIDTH="7" HEIGHT="20" WC="0.93" CONTENT="i"/><SP WIDTH="15" VPOS="436" HPOS="527"/>
							<String ID="string_91" HPOS="542" VPOS="435" WIDTH="100" HEIGHT="21" WC="0.92" CONTENT="afseende"/><SP WIDTH="15" VPOS="435" HPOS="642"/>
							<String ID="string_92" HPOS="657" VPOS="434" WIDTH="12" HEIGHT="21" WC="0.87" CONTENT="ä"/><SP WIDTH="15" VPOS="434" HPOS="669"/>
							<String ID="string_93" HPOS="684" VPOS="436" WIDTH="43" HEIGHT="19" WC="0.96" CONTENT="rätt"/><SP WIDTH="15" VPOS="436" HPOS="727"/>
							<String ID="string_94" HPOS="742" VPOS="435" WIDTH="32" HEIGHT="21" WC="0.96" CONTENT="till"/><SP WIDTH="15" VPOS="435" HPOS="774"/>
							<String ID="string_95" HPOS="789" VPOS="434" WIDTH="87" HEIGHT="28" WC="0.96" CONTENT="pension"/>
						</TextLine>
						<TextLine ID="line_11" HPOS="59" VPOS="463" WIDTH="818" HEIGHT="28">
							<String ID="string_96" HPOS="59" VPOS="464" WIDTH="106" HEIGHT="20" WC="0.91" CONTENT="likställas"/><SP WIDTH="21" VPOS="464" HPOS="165"/>
							<String ID="string_97" HPOS="186" VPOS="463" WIDTH="48" HEIGHT="21" WC="0.96" CONTENT="med"/><SP WIDTH="19" VPOS="463" HPOS="234"/>
							<String ID="string_98" HPOS="253" VPOS="463" WIDTH="53" HEIGHT="26" WC="0.96" CONTENT="dem,"/><SP WIDTH="16" VPOS="463" HPOS="306"/>
							<String ID="string_99" HPOS="322" VPOS="469" WIDTH="45" HEIGHT="15" WC="0.96" CONTENT="som"/><SP WIDTH="16" VPOS="469" HPOS="367"/>
							<String ID="string_100" HPOS="383" VPOS="463" WIDTH="22" HEIGHT="21" WC="0.93" CONTENT="af"/><SP WIDTH="14" VPOS="463" HPOS="405"/>
							<String ID="string_101" HPOS="419" VPOS="464" WIDTH="81" HEIGHT="26" WC="0.93" CONTENT="obotlig"/><SP WIDTH="15" VPOS="464" HPOS="500"/>
							<String ID="string_102" HPOS="515" VPOS="464" WIDTH="97" HEIGHT="27" WC="0.93" CONTENT="sjukdom"/><SP WIDTH="16" VPOS="464" HPOS="612"/>
							<String ID="string_103" HPOS="628" VPOS="463" WIDTH="65" HEIGHT="21" WC="0.92" CONTENT="blifva"/><SP WIDTH="16" VPOS="463" HPOS="693"/>
							<String ID="string_104" HPOS="709" VPOS="463" WIDTH="122" HEIGHT="27" WC="0.92" CONTENT="oförmögna"/><SP WIDTH="14" VPOS="463" HPOS="831"/>
							<String ID="string_105" HPOS="845" VPOS="464" WIDTH="32" HEIGHT="20" WC="0.97" CONTENT="att"/>
						</TextLine>
						<TextLine ID="line_12" HPOS="59" VPOS="492" WIDTH="818" HEIGHT="27">
							<String ID="string_106" HPOS="59" VPOS="492" WIDTH="48" HEIGHT="21" WC="0.95" CONTENT="med"/><SP WIDTH="22" VPOS="492" HPOS="107"/>
							<String ID="string_107" HPOS="129" VPOS="492" WIDTH="32" HEIGHT="21" WC="0.93" CONTENT="sin"/><SP WIDTH="22" VPOS="492" HPOS="161"/>
							<String ID="string_108" HPOS="183" VPOS="492" WIDTH="139" HEIGHT="27" WC="0.92" CONTENT="tjenstgöring"/><SP WIDTH="21" VPOS="492" HPOS="322"/>
							<String ID="string_109" HPOS="343" VPOS="492" WIDTH="96" HEIGHT="26" WC="0.93" CONTENT="fortfara,"/><SP WIDTH="24" VPOS="492" HPOS="439"/>
							<String ID="string_110" HPOS="463" VPOS="493" WIDTH="40" HEIGHT="21" WC="0.95" CONTENT="och"/><SP WIDTH="14" VPOS="493" HPOS="503"/>
							<String ID="string_111" HPOS="517" VPOS="492" WIDTH="27" HEIGHT="27" WC="0.93" CONTENT="pä"/><SP WIDTH="16" VPOS="492" HPOS="544"/>
							<String ID="string_112" HPOS="560" VPOS="492" WIDTH="66" HEIGHT="21" WC="0.91" CONTENT="sädan"/><SP WIDTH="15" VPOS="492" HPOS="626"/>
							<String ID="string_113" HPOS="641" VPOS="492" WIDTH="68" HEIGHT="26" WC="0.93" CONTENT="grund"/><SP WIDTH="15" VPOS="492" HPOS="709"/>
							<String ID="string_114" HPOS="724" VPOS="492" WIDTH="46" HEIGHT="21" WC="0.92" CONTENT="frän"/><SP WIDTH="15" VPOS="492" HPOS="770"/>
							<String ID="string_115" HPOS="785" VPOS="493" WIDTH="92" HEIGHT="26" WC="0.91" CONTENT="tjensten"/>
						</TextLine>
						<TextLine ID="line_13" HPOS="59" VPOS="520" WIDTH="818" HEIGHT="28">
							<String ID="string_116" HPOS="59" VPOS="521" WIDTH="140" HEIGHT="26" WC="0.92" CONTENT="entledigade,"/><SP WIDTH="23" VPOS="521" HPOS="199"/>
							<String ID="string_117" HPOS="222" VPOS="520" WIDTH="69" HEIGHT="21" WC="0.93" CONTENT="skulle"/><SP WIDTH="15" VPOS="520" HPOS="291"/>
							<String ID="string_118" HPOS="306" VPOS="520" WIDTH="62" HEIGHT="22" WC="0.96" CONTENT="hafva"/><SP WIDTH="15" VPOS="520" HPOS="368"/>
							<String ID="string_119" HPOS="383" VPOS="520" WIDTH="33" HEIGHT="21" WC="0.93" CONTENT="till"/><SP WIDTH="15" VPOS="520" HPOS="416"/>
							<String ID="string_120" HPOS="431" VPOS="520" WIDTH="86" HEIGHT="28" WC="0.96" CONTENT="påföljd,"/><SP WIDTH="16" VPOS="520" HPOS="517"/>
							<String ID="string_121" HPOS="533" VPOS="522" WIDTH="32" HEIGHT="20" WC="0.95" CONTENT="att"/><SP WIDTH="15" VPOS="522" HPOS="565"/>
							<String ID="string_122" HPOS="580" VPOS="521" WIDTH="26" HEIGHT="20" WC="0.97" CONTENT="de"/><SP WIDTH="16" VPOS="521" HPOS="606"/>
							<String ID="string_123" HPOS="622" VPOS="520" WIDTH="51" HEIGHT="21" WC="0.91" CONTENT="allra"/><SP WIDTH="16" VPOS="520" HPOS="673"/>
							<String ID="string_124" HPOS="689" VPOS="520" WIDTH="61" HEIGHT="22" WC="0.96" CONTENT="flesta"/><SP WIDTH="15" VPOS="520" HPOS="750"/>
							<String ID="string_125" HPOS="765" VPOS="521" WIDTH="23" HEIGHT="21" WC="0.93" CONTENT="af"/><SP WIDTH="12" VPOS="521" HPOS="788"/>
							<String ID="string_126" HPOS="800" VPOS="520" WIDTH="77" HEIGHT="26" WC="0.92" CONTENT="ifräga-"/>
						</TextLine>
						<TextLine ID="line_14" HPOS="61" VPOS="549" WIDTH="815" HEIGHT="27">
							<String ID="string_127" HPOS="61" VPOS="549" WIDTH="94" HEIGHT="21" WC="0.93" CONTENT="varande"/><SP WIDTH="14" VPOS="549" HPOS="155"/>
							<String ID="string_128" HPOS="169" VPOS="550" WIDTH="67" HEIGHT="20" WC="0.92" CONTENT="lärare"/><SP WIDTH="16" VPOS="550" HPOS="236"/>
							<String ID="string_129" HPOS="252" VPOS="549" WIDTH="39" HEIGHT="21" WC="0.93" CONTENT="och"/><SP WIDTH="15" VPOS="549" HPOS="291"/>
							<String ID="string_130" HPOS="306" VPOS="549" WIDTH="117" HEIGHT="21" WC="0.92" CONTENT="lärarinnor"/><SP WIDTH="16" VPOS="549" HPOS="423"/>
							<String ID="string_131" HPOS="439" VPOS="549" WIDTH="83" HEIGHT="22" WC="0.91" CONTENT="komme"/><SP WIDTH="15" VPOS="549" HPOS="522"/>
							<String ID="string_132" HPOS="537" VPOS="550" WIDTH="7" HEIGHT="20" WC="0.93" CONTENT="i"/><SP WIDTH="15" VPOS="550" HPOS="544"/>
							<String ID="string_133" HPOS="559" VPOS="549" WIDTH="124" HEIGHT="27" WC="0.91" CONTENT="ätnjutande"/><SP WIDTH="16" VPOS="549" HPOS="683"/>
							<String ID="string_134" HPOS="699" VPOS="549" WIDTH="23" HEIGHT="21" WC="0.97" CONTENT="af"/><SP WIDTH="12" VPOS="549" HPOS="722"/>
							<String ID="string_135" HPOS="734" VPOS="549" WIDTH="39" HEIGHT="21" WC="0.96" CONTENT="full"/><SP WIDTH="11" VPOS="549" HPOS="773"/>
							<String ID="string_136" HPOS="784" VPOS="549" WIDTH="92" HEIGHT="27" WC="0.96" CONTENT="pension."/>
						</TextLine>
					</TextBlock>
					<TextBlock ID="block_3" HPOS="59" VPOS="577" WIDTH="820" HEIGHT="655">
						<TextLine ID="line_15" HPOS="127" VPOS="577" WIDTH="750" HEIGHT="28">
							<String ID="string_137" HPOS="127" VPOS="578" WIDTH="32" HEIGHT="21" WC="0.96" CONTENT="Hr"/><SP WIDTH="15" VPOS="578" HPOS="159"/>
							<String ID="string_138" HPOS="174" VPOS="578" WIDTH="189" HEIGHT="27" WC="0.95" CONTENT="Schybergson:"/><SP WIDTH="21" VPOS="578" HPOS="363"/>
							<String ID="string_139" HPOS="384" VPOS="578" WIDTH="31" HEIGHT="20" WC="0.96" CONTENT="Hr"/><SP WIDTH="16" VPOS="578" HPOS="415"/>
							<String ID="string_140" HPOS="431" VPOS="578" WIDTH="92" HEIGHT="26" WC="0.96" CONTENT="Löfgren"/><SP WIDTH="16" VPOS="578" HPOS="523"/>
							<String ID="string_141" HPOS="539" VPOS="578" WIDTH="39" HEIGHT="21" WC="0.93" CONTENT="har"/><SP WIDTH="14" VPOS="578" HPOS="578"/>
							<String ID="string_142" HPOS="592" VPOS="578" WIDTH="98" HEIGHT="26" WC="0.90" CONTENT="upptagit"/><SP WIDTH="14" VPOS="578" HPOS="690"/>
							<String ID="string_143" HPOS="704" VPOS="578" WIDTH="32" HEIGHT="20" WC="0.93" CONTENT="till"/><SP WIDTH="15" VPOS="578" HPOS="736"/>
							<String ID="string_144" HPOS="751" VPOS="577" WIDTH="126" HEIGHT="22" WC="0.91" CONTENT="bemötande"/>
						</TextLine>
						<TextLine ID="line_16" HPOS="60" VPOS="606" WIDTH="817" HEIGHT="27">
							<String ID="string_145" HPOS="60" VPOS="606" WIDTH="40" HEIGHT="21" WC="0.95" CONTENT="den"/><SP WIDTH="22" VPOS="606" HPOS="100"/>
							<String ID="string_146" HPOS="122" VPOS="606" WIDTH="33" HEIGHT="21" WC="0.93" CONTENT="till"/><SP WIDTH="21" VPOS="606" HPOS="155"/>
							<String ID="string_147" HPOS="176" VPOS="606" WIDTH="144" HEIGHT="22" WC="0.92" CONTENT="betänkandet"/><SP WIDTH="21" VPOS="606" HPOS="320"/>
							<String ID="string_148" HPOS="341" VPOS="606" WIDTH="76" HEIGHT="26" WC="0.92" CONTENT="fogade"/><SP WIDTH="22" VPOS="606" HPOS="417"/>
							<String ID="string_149" HPOS="439" VPOS="607" WIDTH="165" HEIGHT="25" WC="0.92" CONTENT="reservationen,"/><SP WIDTH="23" VPOS="607" HPOS="604"/>
							<String ID="string_150" HPOS="627" VPOS="608" WIDTH="53" HEIGHT="19" WC="0.96" CONTENT="utan"/><SP WIDTH="18" VPOS="608" HPOS="680"/>
							<String ID="string_151" HPOS="698" VPOS="608" WIDTH="31" HEIGHT="19" WC="0.93" CONTENT="att"/><SP WIDTH="15" VPOS="608" HPOS="729"/>
							<String ID="string_152" HPOS="744" VPOS="606" WIDTH="75" HEIGHT="27" WC="0.93" CONTENT="nägon,"/><SP WIDTH="16" VPOS="606" HPOS="819"/>
							<String ID="string_153" HPOS="835" VPOS="606" WIDTH="42" HEIGHT="26" WC="0.96" CONTENT="mig"/>
						</TextLine>
						<TextLine ID="line_17" HPOS="60" VPOS="634" WIDTH="817" HEIGHT="28">
							<String ID="string_154" HPOS="60" VPOS="635" WIDTH="121" HEIGHT="26" WC="0.93" CONTENT="veterligen,"/><SP WIDTH="16" VPOS="635" HPOS="181"/>
							<String ID="string_155" HPOS="197" VPOS="635" WIDTH="83" HEIGHT="21" WC="0.96" CONTENT="förenat"/><SP WIDTH="15" VPOS="635" HPOS="280"/>
							<String ID="string_156" HPOS="295" VPOS="635" WIDTH="31" HEIGHT="26" WC="0.96" CONTENT="sig"/><SP WIDTH="15" VPOS="635" HPOS="326"/>
							<String ID="string_157" HPOS="341" VPOS="641" WIDTH="34" HEIGHT="15" WC="0.93" CONTENT="om"/><SP WIDTH="15" VPOS="641" HPOS="375"/>
							<String ID="string_158" HPOS="390" VPOS="635" WIDTH="129" HEIGHT="21" WC="0.91" CONTENT="densamma."/><SP WIDTH="27" VPOS="635" HPOS="519"/>
							<String ID="string_159" HPOS="546" VPOS="635" WIDTH="42" HEIGHT="21" WC="0.96" CONTENT="För"/><SP WIDTH="16" VPOS="635" HPOS="588"/>
							<String ID="string_160" HPOS="604" VPOS="637" WIDTH="32" HEIGHT="19" WC="0.96" CONTENT="att"/><SP WIDTH="14" VPOS="637" HPOS="636"/>
							<String ID="string_161" HPOS="650" VPOS="635" WIDTH="54" HEIGHT="21" WC="0.93" CONTENT="hans"/><SP WIDTH="14" VPOS="635" HPOS="704"/>
							<String ID="string_162" HPOS="718" VPOS="635" WIDTH="97" HEIGHT="27" WC="0.92" CONTENT="yttrande"/><SP WIDTH="15" VPOS="635" HPOS="815"/>
							<String ID="string_163" HPOS="830" VPOS="634" WIDTH="47" HEIGHT="21" WC="0.93" CONTENT="icke"/>
						</TextLine>
						<TextLine ID="line_18" HPOS="60" VPOS="662" WIDTH="817" HEIGHT="28">
							<String ID="string_164" HPOS="60" VPOS="664" WIDTH="55" HEIGHT="20" WC="0.96" CONTENT="skall"/><SP WIDTH="14" VPOS="664" HPOS="115"/>
							<String ID="string_165" HPOS="129" VPOS="670" WIDTH="50" HEIGHT="14" WC="0.93" CONTENT="vara"/><SP WIDTH="15" VPOS="670" HPOS="179"/>
							<String ID="string_166" HPOS="194" VPOS="663" WIDTH="110" HEIGHT="27" WC="0.92" CONTENT="förgäfves,"/><SP WIDTH="16" VPOS="663" HPOS="304"/>
							<String ID="string_167" HPOS="320" VPOS="664" WIDTH="37" HEIGHT="20" WC="0.96" CONTENT="ber"/><SP WIDTH="12" VPOS="664" HPOS="357"/>
							<String ID="string_168" HPOS="369" VPOS="664" WIDTH="38" HEIGHT="26" WC="0.96" CONTENT="jag"/><SP WIDTH="15" VPOS="664" HPOS="407"/>
							<String ID="string_169" HPOS="422" VPOS="665" WIDTH="32" HEIGHT="19" WC="0.93" CONTENT="att"/><SP WIDTH="11" VPOS="665" HPOS="454"/>
							<String ID="string_170" HPOS="465" VPOS="664" WIDTH="22" HEIGHT="21" WC="0.93" CONTENT="fä"/><SP WIDTH="10" VPOS="664" HPOS="487"/>
							<String ID="string_171" HPOS="497" VPOS="664" WIDTH="90" HEIGHT="21" WC="0.93" CONTENT="omfatta"/><SP WIDTH="11" VPOS="664" HPOS="587"/>
							<String ID="string_172" HPOS="598" VPOS="664" WIDTH="68" HEIGHT="20" WC="0.97" CONTENT="denna"/><SP WIDTH="11" VPOS="664" HPOS="666"/>
							<String ID="string_173" HPOS="677" VPOS="664" WIDTH="134" HEIGHT="25" WC="0.96" CONTENT="reservation,"/><SP WIDTH="12" VPOS="664" HPOS="811"/>
							<String ID="string_174" HPOS="823" VPOS="662" WIDTH="54" HEIGHT="22" WC="0.96" CONTENT="dock"/>
						</TextLine>
						<TextLine ID="line_19" HPOS="59" VPOS="692" WIDTH="818" HEIGHT="25">
							<String ID="string_175" HPOS="59" VPOS="692" WIDTH="47" HEIGHT="20" WC="0.92" CONTENT="icke"/><SP WIDTH="22" VPOS="692" HPOS="106"/>
							<String ID="string_176" HPOS="128" VPOS="692" WIDTH="55" HEIGHT="21" WC="0.92" CONTENT="hvad"/><SP WIDTH="22" VPOS="692" HPOS="183"/>
							<String ID="string_177" HPOS="205" VPOS="692" WIDTH="116" HEIGHT="21" WC="0.90" CONTENT="motiverna"/><SP WIDTH="22" VPOS="692" HPOS="321"/>
							<String ID="string_178" HPOS="343" VPOS="692" WIDTH="32" HEIGHT="20" WC="0.93" CONTENT="till"/><SP WIDTH="19" VPOS="692" HPOS="375"/>
							<String ID="string_179" HPOS="394" VPOS="692" WIDTH="122" HEIGHT="22" WC="0.92" CONTENT="densamma"/><SP WIDTH="18" VPOS="692" HPOS="516"/>
							<String ID="string_180" HPOS="534" VPOS="692" WIDTH="106" HEIGHT="25" WC="0.96" CONTENT="beträffar,"/><SP WIDTH="16" VPOS="692" HPOS="640"/>
							<String ID="string_181" HPOS="656" VPOS="694" WIDTH="51" HEIGHT="18" WC="0.96" CONTENT="utan"/><SP WIDTH="15" VPOS="694" HPOS="707"/>
							<String ID="string_182" HPOS="722" VPOS="692" WIDTH="74" HEIGHT="21" WC="0.93" CONTENT="endast"/><SP WIDTH="15" VPOS="692" HPOS="796"/>
							<String ID="string_183" HPOS="811" VPOS="692" WIDTH="66" HEIGHT="20" WC="0.91" CONTENT="kläm-"/>
						</TextLine>
						<TextLine ID="line_20" HPOS="60" VPOS="720" WIDTH="817" HEIGHT="28">
							<String ID="string_184" HPOS="60" VPOS="726" WIDTH="55" HEIGHT="15" WC="0.95" CONTENT="men."/><SP WIDTH="30" VPOS="726" HPOS="115"/>
							<String ID="string_185" HPOS="145" VPOS="720" WIDTH="40" HEIGHT="21" WC="0.93" CONTENT="Till"/><SP WIDTH="21" VPOS="720" HPOS="185"/>
							<String ID="string_186" HPOS="206" VPOS="722" WIDTH="55" HEIGHT="19" WC="0.96" CONTENT="trots"/><SP WIDTH="23" VPOS="722" HPOS="261"/>
							<String ID="string_187" HPOS="284" VPOS="720" WIDTH="22" HEIGHT="21" WC="0.93" CONTENT="af"/><SP WIDTH="16" VPOS="720" HPOS="306"/>
							<String ID="string_188" HPOS="322" VPOS="720" WIDTH="54" HEIGHT="21" WC="0.92" CONTENT="hvad"/><SP WIDTH="19" VPOS="720" HPOS="376"/>
							<String ID="string_189" HPOS="395" VPOS="721" WIDTH="25" HEIGHT="20" WC="0.96" CONTENT="hr"/><SP WIDTH="15" VPOS="721" HPOS="420"/>
							<String ID="string_190" HPOS="435" VPOS="721" WIDTH="118" HEIGHT="21" WC="0.93" CONTENT="Rönnbäck"/><SP WIDTH="15" VPOS="721" HPOS="553"/>
							<String ID="string_191" HPOS="568" VPOS="720" WIDTH="76" HEIGHT="26" WC="0.92" CONTENT="anfört,"/><SP WIDTH="17" VPOS="720" HPOS="644"/>
							<String ID="string_192" HPOS="661" VPOS="726" WIDTH="61" HEIGHT="15" WC="0.96" CONTENT="anser"/><SP WIDTH="12" VPOS="726" HPOS="722"/>
							<String ID="string_193" HPOS="734" VPOS="721" WIDTH="37" HEIGHT="27" WC="0.95" CONTENT="jag"/><SP WIDTH="16" VPOS="721" HPOS="771"/>
							<String ID="string_194" HPOS="787" VPOS="720" WIDTH="25" HEIGHT="21" WC="0.93" CONTENT="hr"/><SP WIDTH="15" VPOS="720" HPOS="812"/>
							<String ID="string_195" HPOS="827" VPOS="720" WIDTH="50" HEIGHT="21" WC="0.92" CONTENT="Hei-"/>
						</TextLine>
						<TextLine ID="line_21" HPOS="60" VPOS="748" WIDTH="817" HEIGHT="27">
							<String ID="string_196" HPOS="60" VPOS="749" WIDTH="45" HEIGHT="21" WC="0.91" CONTENT="kels"/><SP WIDTH="22" VPOS="749" HPOS="105"/>
							<String ID="string_197" HPOS="127" VPOS="749" WIDTH="65" HEIGHT="21" WC="0.92" CONTENT="kritik"/><SP WIDTH="22" VPOS="749" HPOS="192"/>
							<String ID="string_198" HPOS="214" VPOS="748" WIDTH="22" HEIGHT="22" WC="0.93" CONTENT="af"/><SP WIDTH="16" VPOS="748" HPOS="236"/>
							<String ID="string_199" HPOS="252" VPOS="749" WIDTH="239" HEIGHT="21" WC="0.91" CONTENT="utskottsbetänkandet"/><SP WIDTH="18" VPOS="749" HPOS="491"/>
							<String ID="string_200" HPOS="509" VPOS="750" WIDTH="5" HEIGHT="20" WC="0.93" CONTENT="i"/><SP WIDTH="16" VPOS="750" HPOS="514"/>
							<String ID="string_201" HPOS="530" VPOS="749" WIDTH="122" HEIGHT="21" WC="0.92" CONTENT="hufvudsak"/><SP WIDTH="14" VPOS="749" HPOS="652"/>
							<String ID="string_202" HPOS="666" VPOS="749" WIDTH="69" HEIGHT="26" WC="0.93" CONTENT="rigtig,"/><SP WIDTH="16" VPOS="749" HPOS="735"/>
							<String ID="string_203" HPOS="751" VPOS="750" WIDTH="39" HEIGHT="20" WC="0.96" CONTENT="och"/><SP WIDTH="15" VPOS="750" HPOS="790"/>
							<String ID="string_204" HPOS="805" VPOS="750" WIDTH="24" HEIGHT="19" WC="0.96" CONTENT="är"/><SP WIDTH="12" VPOS="750" HPOS="829"/>
							<String ID="string_205" HPOS="841" VPOS="748" WIDTH="36" HEIGHT="27" WC="0.96" CONTENT="jag"/>
						</TextLine>
						<TextLine ID="line_22" HPOS="61" VPOS="777" WIDTH="815" HEIGHT="27">
							<String ID="string_206" HPOS="61" VPOS="777" WIDTH="64" HEIGHT="21" WC="0.90" CONTENT="ocksä"/><SP WIDTH="17" VPOS="777" HPOS="125"/>
							<String ID="string_207" HPOS="142" VPOS="778" WIDTH="48" HEIGHT="20" WC="0.96" CONTENT="med"/><SP WIDTH="14" VPOS="778" HPOS="190"/>
							<String ID="string_208" HPOS="204" VPOS="778" WIDTH="78" HEIGHT="20" WC="0.93" CONTENT="honom"/><SP WIDTH="16" VPOS="778" HPOS="282"/>
							<String ID="string_209" HPOS="298" VPOS="784" WIDTH="48" HEIGHT="14" WC="0.93" CONTENT="ense"/><SP WIDTH="15" VPOS="784" HPOS="346"/>
							<String ID="string_210" HPOS="361" VPOS="784" WIDTH="35" HEIGHT="14" WC="0.96" CONTENT="om"/><SP WIDTH="15" VPOS="784" HPOS="396"/>
							<String ID="string_211" HPOS="411" VPOS="778" WIDTH="36" HEIGHT="20" WC="0.93" CONTENT="det"/><SP WIDTH="16" VPOS="778" HPOS="447"/>
							<String ID="string_212" HPOS="463" VPOS="778" WIDTH="96" HEIGHT="26" WC="0.92" CONTENT="önskliga"/><SP WIDTH="15" VPOS="778" HPOS="559"/>
							<String ID="string_213" HPOS="574" VPOS="778" WIDTH="8" HEIGHT="20" WC="0.96" CONTENT="i"/><SP WIDTH="15" VPOS="778" HPOS="582"/>
							<String ID="string_214" HPOS="597" VPOS="779" WIDTH="31" HEIGHT="19" WC="0.93" CONTENT="att"/><SP WIDTH="14" VPOS="779" HPOS="628"/>
							<String ID="string_215" HPOS="642" VPOS="778" WIDTH="70" HEIGHT="20" WC="0.93" CONTENT="lärare"/><SP WIDTH="15" VPOS="778" HPOS="712"/>
							<String ID="string_216" HPOS="727" VPOS="778" WIDTH="6" HEIGHT="20" WC="0.93" CONTENT="i"/><SP WIDTH="15" VPOS="778" HPOS="733"/>
							<String ID="string_217" HPOS="748" VPOS="778" WIDTH="128" HEIGHT="26" WC="0.92" CONTENT="undantags-"/>
						</TextLine>
						<TextLine ID="line_23" HPOS="60" VPOS="805" WIDTH="818" HEIGHT="28">
							<String ID="string_218" HPOS="60" VPOS="806" WIDTH="37" HEIGHT="21" WC="0.96" CONTENT="fall"/><SP WIDTH="22" VPOS="806" HPOS="97"/>
							<String ID="string_219" HPOS="119" VPOS="806" WIDTH="67" HEIGHT="21" WC="0.95" CONTENT="skulle"/><SP WIDTH="22" VPOS="806" HPOS="186"/>
							<String ID="string_220" HPOS="208" VPOS="806" WIDTH="73" HEIGHT="21" WC="0.93" CONTENT="kunna"/><SP WIDTH="18" VPOS="806" HPOS="281"/>
							<String ID="string_221" HPOS="299" VPOS="806" WIDTH="104" HEIGHT="21" WC="0.89" CONTENT="afskedas."/><SP WIDTH="30" VPOS="806" HPOS="403"/>
							<String ID="string_222" HPOS="433" VPOS="806" WIDTH="49" HEIGHT="21" WC="0.96" CONTENT="Men"/><SP WIDTH="19" VPOS="806" HPOS="482"/>
							<String ID="string_223" HPOS="501" VPOS="807" WIDTH="59" HEIGHT="21" WC="0.96" CONTENT="detta"/><SP WIDTH="14" VPOS="807" HPOS="560"/>
							<String ID="string_224" HPOS="574" VPOS="806" WIDTH="72" HEIGHT="21" WC="0.93" CONTENT="kunde"/><SP WIDTH="15" VPOS="806" HPOS="646"/>
							<String ID="string_225" HPOS="661" VPOS="806" WIDTH="120" HEIGHT="27" WC="0.92" CONTENT="lämpligast"/><SP WIDTH="14" VPOS="806" HPOS="781"/>
							<String ID="string_226" HPOS="795" VPOS="806" WIDTH="44" HEIGHT="26" WC="0.93" CONTENT="ske,"/><SP WIDTH="16" VPOS="806" HPOS="839"/>
							<String ID="string_227" HPOS="855" VPOS="805" WIDTH="23" HEIGHT="21" WC="0.97" CONTENT="sä"/>
						</TextLine>
						<TextLine ID="line_24" HPOS="60" VPOS="834" WIDTH="818" HEIGHT="27">
							<String ID="string_228" HPOS="60" VPOS="840" WIDTH="46" HEIGHT="15" WC="0.93" CONTENT="som"/><SP WIDTH="21" VPOS="840" HPOS="106"/>
							<String ID="string_229" HPOS="127" VPOS="836" WIDTH="161" HEIGHT="20" WC="0.91" CONTENT="reservanterna"/><SP WIDTH="21" VPOS="836" HPOS="288"/>
							<String ID="string_230" HPOS="309" VPOS="834" WIDTH="116" HEIGHT="26" WC="0.91" CONTENT="framhälla,"/><SP WIDTH="24" VPOS="834" HPOS="425"/>
							<String ID="string_231" HPOS="449" VPOS="841" WIDTH="76" HEIGHT="20" WC="0.96" CONTENT="genom"/><SP WIDTH="23" VPOS="841" HPOS="525"/>
							<String ID="string_232" HPOS="548" VPOS="836" WIDTH="32" HEIGHT="20" WC="0.96" CONTENT="ett"/><SP WIDTH="17" VPOS="836" HPOS="580"/>
							<String ID="string_233" HPOS="597" VPOS="835" WIDTH="109" HEIGHT="21" WC="0.93" CONTENT="consilium"/><SP WIDTH="15" VPOS="835" HPOS="706"/>
							<String ID="string_234" HPOS="721" VPOS="835" WIDTH="92" HEIGHT="21" WC="0.92" CONTENT="abeundi"/><SP WIDTH="15" VPOS="835" HPOS="813"/>
							<String ID="string_235" HPOS="828" VPOS="834" WIDTH="50" HEIGHT="21" WC="0.94" CONTENT="eller"/>
						</TextLine>
						<TextLine ID="line_25" HPOS="61" VPOS="862" WIDTH="817" HEIGHT="29">
							<String ID="string_236" HPOS="61" VPOS="862" WIDTH="118" HEIGHT="28" WC="0.96" CONTENT="beviljande"/><SP WIDTH="15" VPOS="862" HPOS="179"/>
							<String ID="string_237" HPOS="194" VPOS="863" WIDTH="22" HEIGHT="21" WC="0.92" CONTENT="af"/><SP WIDTH="13" VPOS="863" HPOS="216"/>
							<String ID="string_238" HPOS="229" VPOS="863" WIDTH="91" HEIGHT="22" WC="0.96" CONTENT="tillskott"/><SP WIDTH="15" VPOS="863" HPOS="320"/>
							<String ID="string_239" HPOS="335" VPOS="864" WIDTH="32" HEIGHT="21" WC="0.96" CONTENT="till"/><SP WIDTH="15" VPOS="864" HPOS="367"/>
							<String ID="string_240" HPOS="382" VPOS="864" WIDTH="41" HEIGHT="20" WC="0.93" CONTENT="den"/><SP WIDTH="15" VPOS="864" HPOS="423"/>
							<String ID="string_241" HPOS="438" VPOS="864" WIDTH="78" HEIGHT="27" WC="0.96" CONTENT="lagliga"/><SP WIDTH="15" VPOS="864" HPOS="516"/>
							<String ID="string_242" HPOS="531" VPOS="864" WIDTH="122" HEIGHT="27" WC="0.96" CONTENT="pensionen."/><SP WIDTH="26" VPOS="864" HPOS="653"/>
							<String ID="string_243" HPOS="679" VPOS="863" WIDTH="72" HEIGHT="22" WC="0.94" CONTENT="Såsom"/><SP WIDTH="16" VPOS="863" HPOS="751"/>
							<String ID="string_244" HPOS="767" VPOS="864" WIDTH="25" HEIGHT="20" WC="0.93" CONTENT="hr"/><SP WIDTH="15" VPOS="864" HPOS="792"/>
							<String ID="string_245" HPOS="807" VPOS="863" WIDTH="71" HEIGHT="21" WC="0.92" CONTENT="Rönn-"/>
						</TextLine>
						<TextLine ID="line_26" HPOS="60" VPOS="891" WIDTH="818" HEIGHT="28">
							<String ID="string_246" HPOS="60" VPOS="891" WIDTH="55" HEIGHT="22" WC="0.96" CONTENT="bäck"/><SP WIDTH="22" VPOS="891" HPOS="115"/>
							<String ID="string_247" HPOS="137" VPOS="892" WIDTH="104" HEIGHT="26" WC="0.95" CONTENT="framhöll,"/><SP WIDTH="23" VPOS="892" HPOS="241"/>
							<String ID="string_248" HPOS="264" VPOS="894" WIDTH="24" HEIGHT="19" WC="0.96" CONTENT="är"/><SP WIDTH="22" VPOS="894" HPOS="288"/>
							<String ID="string_249" HPOS="310" VPOS="893" WIDTH="58" HEIGHT="20" WC="0.93" CONTENT="detta"/><SP WIDTH="20" VPOS="893" HPOS="368"/>
							<String ID="string_250" HPOS="388" VPOS="892" WIDTH="166" HEIGHT="22" WC="0.93" CONTENT="förafskedande"/><SP WIDTH="21" VPOS="892" HPOS="554"/>
							<String ID="string_251" HPOS="575" VPOS="893" WIDTH="7" HEIGHT="20" WC="0.92" CONTENT="i"/><SP WIDTH="15" VPOS="893" HPOS="582"/>
							<String ID="string_252" HPOS="597" VPOS="892" WIDTH="157" HEIGHT="27" WC="0.96" CONTENT="undantagsfall"/><SP WIDTH="16" VPOS="892" HPOS="754"/>
							<String ID="string_253" HPOS="770" VPOS="893" WIDTH="108" HEIGHT="20" WC="0.96" CONTENT="dessutom"/>
						</TextLine>
						<TextLine ID="line_27" HPOS="61" VPOS="920" WIDTH="816" HEIGHT="27">
							<String ID="string_254" HPOS="61" VPOS="920" WIDTH="64" HEIGHT="27" WC="0.92" CONTENT="nägot"/><SP WIDTH="22" VPOS="920" HPOS="125"/>
							<String ID="string_255" HPOS="147" VPOS="921" WIDTH="75" HEIGHT="26" WC="0.90" CONTENT="odiöst,"/><SP WIDTH="23" VPOS="921" HPOS="222"/>
							<String ID="string_256" HPOS="245" VPOS="927" WIDTH="47" HEIGHT="15" WC="0.96" CONTENT="men"/><SP WIDTH="23" VPOS="927" HPOS="292"/>
							<String ID="string_257" HPOS="315" VPOS="921" WIDTH="54" HEIGHT="21" WC="0.95" CONTENT="huru"/><SP WIDTH="23" VPOS="921" HPOS="369"/>
							<String ID="string_258" HPOS="392" VPOS="927" WIDTH="45" HEIGHT="15" WC="0.95" CONTENT="som"/><SP WIDTH="15" VPOS="927" HPOS="437"/>
							<String ID="string_259" HPOS="452" VPOS="921" WIDTH="62" HEIGHT="26" WC="0.96" CONTENT="helst,"/><SP WIDTH="17" VPOS="921" HPOS="514"/>
							<String ID="string_260" HPOS="531" VPOS="923" WIDTH="23" HEIGHT="19" WC="0.93" CONTENT="är"/><SP WIDTH="14" VPOS="923" HPOS="554"/>
							<String ID="string_261" HPOS="568" VPOS="921" WIDTH="75" HEIGHT="26" WC="0.91" CONTENT="frägan"/><SP WIDTH="15" VPOS="921" HPOS="643"/>
							<String ID="string_262" HPOS="658" VPOS="927" WIDTH="34" HEIGHT="15" WC="0.93" CONTENT="om"/><SP WIDTH="15" VPOS="927" HPOS="692"/>
							<String ID="string_263" HPOS="707" VPOS="921" WIDTH="80" HEIGHT="21" WC="0.92" CONTENT="lärares"/><SP WIDTH="15" VPOS="921" HPOS="787"/>
							<String ID="string_264" HPOS="802" VPOS="920" WIDTH="75" HEIGHT="27" WC="0.92" CONTENT="afgäng"/>
						</TextLine>
						<TextLine ID="line_28" HPOS="60" VPOS="949" WIDTH="818" HEIGHT="28">
							<String ID="string_265" HPOS="60" VPOS="949" WIDTH="35" HEIGHT="20" WC="0.96" CONTENT="vid"/><SP WIDTH="19" VPOS="949" HPOS="95"/>
							<String ID="string_266" HPOS="114" VPOS="949" WIDTH="41" HEIGHT="21" WC="0.93" CONTENT="viss"/><SP WIDTH="16" VPOS="949" HPOS="155"/>
							<String ID="string_267" HPOS="171" VPOS="949" WIDTH="58" HEIGHT="21" WC="0.93" CONTENT="älder"/><SP WIDTH="15" VPOS="949" HPOS="229"/>
							<String ID="string_268" HPOS="244" VPOS="949" WIDTH="23" HEIGHT="21" WC="0.93" CONTENT="af"/><SP WIDTH="14" VPOS="949" HPOS="267"/>
							<String ID="string_269" HPOS="281" VPOS="949" WIDTH="148" HEIGHT="22" WC="0.92" CONTENT="underordnad"/><SP WIDTH="15" VPOS="949" HPOS="429"/>
							<String ID="string_270" HPOS="444" VPOS="950" WIDTH="45" HEIGHT="26" WC="0.92" CONTENT="vigt"/><SP WIDTH="14" VPOS="950" HPOS="489"/>
							<String ID="string_271" HPOS="503" VPOS="950" WIDTH="8" HEIGHT="21" WC="0.93" CONTENT="i"/><SP WIDTH="12" VPOS="950" HPOS="511"/>
							<String ID="string_272" HPOS="523" VPOS="949" WIDTH="121" HEIGHT="28" WC="0.92" CONTENT="jemförelse"/><SP WIDTH="15" VPOS="949" HPOS="644"/>
							<String ID="string_273" HPOS="659" VPOS="949" WIDTH="48" HEIGHT="21" WC="0.93" CONTENT="med"/><SP WIDTH="15" VPOS="949" HPOS="707"/>
							<String ID="string_274" HPOS="722" VPOS="949" WIDTH="75" HEIGHT="27" WC="0.92" CONTENT="mänga"/><SP WIDTH="15" VPOS="949" HPOS="797"/>
							<String ID="string_275" HPOS="812" VPOS="949" WIDTH="66" HEIGHT="21" WC="0.96" CONTENT="andra"/>
						</TextLine>
						<TextLine ID="line_29" HPOS="60" VPOS="977" WIDTH="818" HEIGHT="27">
							<String ID="string_276" HPOS="60" VPOS="977" WIDTH="43" HEIGHT="26" WC="0.96" CONTENT="fall,"/><SP WIDTH="16" VPOS="977" HPOS="103"/>
							<String ID="string_277" HPOS="119" VPOS="977" WIDTH="27" HEIGHT="22" WC="0.97" CONTENT="dä"/><SP WIDTH="15" VPOS="977" HPOS="146"/>
							<String ID="string_278" HPOS="161" VPOS="977" WIDTH="36" HEIGHT="22" WC="0.96" CONTENT="det"/><SP WIDTH="14" VPOS="977" HPOS="197"/>
							<String ID="string_279" HPOS="211" VPOS="977" WIDTH="33" HEIGHT="22" WC="0.93" CONTENT="för"/><SP WIDTH="16" VPOS="977" HPOS="244"/>
							<String ID="string_280" HPOS="260" VPOS="978" WIDTH="127" HEIGHT="21" WC="0.92" CONTENT="statsverket"/><SP WIDTH="14" VPOS="978" HPOS="387"/>
							<String ID="string_281" HPOS="401" VPOS="984" WIDTH="50" HEIGHT="15" WC="0.93" CONTENT="vore"/><SP WIDTH="16" VPOS="984" HPOS="451"/>
							<String ID="string_282" HPOS="467" VPOS="978" WIDTH="24" HEIGHT="21" WC="0.93" CONTENT="af"/><SP WIDTH="13" VPOS="978" HPOS="491"/>
							<String ID="string_283" HPOS="504" VPOS="979" WIDTH="69" HEIGHT="20" WC="0.91" CONTENT="nöden"/><SP WIDTH="16" VPOS="979" HPOS="573"/>
							<String ID="string_284" HPOS="589" VPOS="980" WIDTH="31" HEIGHT="19" WC="0.96" CONTENT="att"/><SP WIDTH="16" VPOS="980" HPOS="620"/>
							<String ID="string_285" HPOS="636" VPOS="978" WIDTH="72" HEIGHT="21" WC="0.93" CONTENT="kunna"/><SP WIDTH="15" VPOS="978" HPOS="708"/>
							<String ID="string_286" HPOS="723" VPOS="978" WIDTH="87" HEIGHT="21" WC="0.92" CONTENT="afskeda"/><SP WIDTH="15" VPOS="978" HPOS="810"/>
							<String ID="string_287" HPOS="825" VPOS="977" WIDTH="53" HEIGHT="27" WC="0.93" CONTENT="tjen-"/>
						</TextLine>
						<TextLine ID="line_30" HPOS="61" VPOS="1005" WIDTH="818" HEIGHT="28">
							<String ID="string_288" HPOS="61" VPOS="1008" WIDTH="80" HEIGHT="19" WC="0.93" CONTENT="stemän"/><SP WIDTH="16" VPOS="1008" HPOS="141"/>
							<String ID="string_289" HPOS="157" VPOS="1006" WIDTH="60" HEIGHT="21" WC="0.92" CONTENT="äfven"/><SP WIDTH="15" VPOS="1006" HPOS="217"/>
							<String ID="string_290" HPOS="232" VPOS="1007" WIDTH="28" HEIGHT="26" WC="0.96" CONTENT="pä"/><SP WIDTH="15" VPOS="1007" HPOS="260"/>
							<String ID="string_291" HPOS="275" VPOS="1007" WIDTH="66" HEIGHT="20" WC="0.93" CONTENT="andra"/><SP WIDTH="15" VPOS="1007" HPOS="341"/>
							<String ID="string_292" HPOS="356" VPOS="1007" WIDTH="100" HEIGHT="20" WC="0.91" CONTENT="omräden"/><SP WIDTH="15" VPOS="1007" HPOS="456"/>
							<String ID="string_293" HPOS="471" VPOS="1009" WIDTH="28" HEIGHT="19" WC="0.93" CONTENT="än"/><SP WIDTH="16" VPOS="1009" HPOS="499"/>
							<String ID="string_294" HPOS="515" VPOS="1007" WIDTH="85" HEIGHT="21" WC="0.92" CONTENT="skolans"/><SP WIDTH="15" VPOS="1007" HPOS="600"/>
							<String ID="string_295" HPOS="615" VPOS="1007" WIDTH="39" HEIGHT="20" WC="0.93" CONTENT="och"/><SP WIDTH="16" VPOS="1007" HPOS="654"/>
							<String ID="string_296" HPOS="670" VPOS="1007" WIDTH="119" HEIGHT="20" WC="0.92" CONTENT="oberoende"/><SP WIDTH="15" VPOS="1007" HPOS="789"/>
							<String ID="string_297" HPOS="804" VPOS="1005" WIDTH="23" HEIGHT="22" WC="0.93" CONTENT="af"/><SP WIDTH="10" VPOS="1005" HPOS="827"/>
							<String ID="string_298" HPOS="837" VPOS="1006" WIDTH="42" HEIGHT="26" WC="0.92" CONTENT="hög"/>
						</TextLine>
						<TextLine ID="line_31" HPOS="60" VPOS="1033" WIDTH="819" HEIGHT="28">
							<String ID="string_299" HPOS="60" VPOS="1033" WIDTH="65" HEIGHT="22" WC="0.94" CONTENT="ålder."/><SP WIDTH="30" VPOS="1033" HPOS="125"/>
							<String ID="string_300" HPOS="155" VPOS="1035" WIDTH="42" HEIGHT="20" WC="0.93" CONTENT="Det"/><SP WIDTH="22" VPOS="1035" HPOS="197"/>
							<String ID="string_301" HPOS="219" VPOS="1041" WIDTH="60" HEIGHT="20" WC="0.96" CONTENT="synes"/><SP WIDTH="22" VPOS="1041" HPOS="279"/>
							<String ID="string_302" HPOS="301" VPOS="1035" WIDTH="42" HEIGHT="26" WC="0.92" CONTENT="mig"/><SP WIDTH="23" VPOS="1035" HPOS="343"/>
							<String ID="string_303" HPOS="366" VPOS="1035" WIDTH="77" HEIGHT="26" WC="0.96" CONTENT="derför,"/><SP WIDTH="24" VPOS="1035" HPOS="443"/>
							<String ID="string_304" HPOS="467" VPOS="1041" WIDTH="45" HEIGHT="16" WC="0.96" CONTENT="som"/><SP WIDTH="24" VPOS="1041" HPOS="512"/>
							<String ID="string_305" HPOS="536" VPOS="1041" WIDTH="33" HEIGHT="15" WC="0.95" CONTENT="om"/><SP WIDTH="23" VPOS="1041" HPOS="569"/>
							<String ID="string_306" HPOS="592" VPOS="1035" WIDTH="36" HEIGHT="22" WC="0.93" CONTENT="det"/><SP WIDTH="22" VPOS="1035" HPOS="628"/>
							<String ID="string_307" HPOS="650" VPOS="1035" WIDTH="39" HEIGHT="21" WC="0.94" CONTENT="alls"/><SP WIDTH="22" VPOS="1035" HPOS="689"/>
							<String ID="string_308" HPOS="711" VPOS="1035" WIDTH="45" HEIGHT="21" WC="0.96" CONTENT="icke"/><SP WIDTH="16" VPOS="1035" HPOS="756"/>
							<String ID="string_309" HPOS="772" VPOS="1035" WIDTH="39" HEIGHT="21" WC="0.96" CONTENT="och"/><SP WIDTH="15" VPOS="1035" HPOS="811"/>
							<String ID="string_310" HPOS="826" VPOS="1034" WIDTH="53" HEIGHT="21" WC="0.96" CONTENT="allra"/>
						</TextLine>
						<TextLine ID="line_32" HPOS="60" VPOS="1063" WIDTH="819" HEIGHT="27">
							<String ID="string_311" HPOS="60" VPOS="1063" WIDTH="64" HEIGHT="21" WC="0.96" CONTENT="minst"/><SP WIDTH="21" VPOS="1063" HPOS="124"/>
							<String ID="string_312" HPOS="145" VPOS="1063" WIDTH="7" HEIGHT="21" WC="0.94" CONTENT="i"/><SP WIDTH="23" VPOS="1063" HPOS="152"/>
							<String ID="string_313" HPOS="175" VPOS="1063" WIDTH="39" HEIGHT="21" WC="0.93" CONTENT="den"/><SP WIDTH="20" VPOS="1063" HPOS="214"/>
							<String ID="string_314" HPOS="234" VPOS="1063" WIDTH="130" HEIGHT="26" WC="0.96" CONTENT="begränsade"/><SP WIDTH="18" VPOS="1063" HPOS="364"/>
							<String ID="string_315" HPOS="382" VPOS="1064" WIDTH="61" HEIGHT="26" WC="0.96" CONTENT="form,"/><SP WIDTH="16" VPOS="1064" HPOS="443"/>
							<String ID="string_316" HPOS="459" VPOS="1064" WIDTH="26" HEIGHT="21" WC="0.96" CONTENT="hr"/><SP WIDTH="16" VPOS="1064" HPOS="485"/>
							<String ID="string_317" HPOS="501" VPOS="1064" WIDTH="75" HEIGHT="21" WC="0.96" CONTENT="Heikel"/><SP WIDTH="16" VPOS="1064" HPOS="576"/>
							<String ID="string_318" HPOS="592" VPOS="1064" WIDTH="37" HEIGHT="21" WC="0.96" CONTENT="här"/><SP WIDTH="15" VPOS="1064" HPOS="629"/>
							<String ID="string_319" HPOS="644" VPOS="1064" WIDTH="39" HEIGHT="21" WC="0.93" CONTENT="har"/><SP WIDTH="15" VPOS="1064" HPOS="683"/>
							<String ID="string_320" HPOS="698" VPOS="1063" WIDTH="114" HEIGHT="27" WC="0.96" CONTENT="föreslagit,"/><SP WIDTH="15" VPOS="1063" HPOS="812"/>
							<String ID="string_321" HPOS="827" VPOS="1069" WIDTH="52" HEIGHT="15" WC="0.96" CONTENT="vore"/>
						</TextLine>
						<TextLine ID="line_33" HPOS="60" VPOS="1091" WIDTH="818" HEIGHT="28">
							<String ID="string_322" HPOS="60" VPOS="1091" WIDTH="46" HEIGHT="21" WC="0.88" CONTENT="skäl"/><SP WIDTH="23" VPOS="1091" HPOS="106"/>
							<String ID="string_323" HPOS="129" VPOS="1093" WIDTH="31" HEIGHT="19" WC="0.96" CONTENT="att"/><SP WIDTH="15" VPOS="1093" HPOS="160"/>
							<String ID="string_324" HPOS="175" VPOS="1093" WIDTH="51" HEIGHT="25" WC="0.96" CONTENT="göra"/><SP WIDTH="15" VPOS="1093" HPOS="226"/>
							<String ID="string_325" HPOS="241" VPOS="1092" WIDTH="70" HEIGHT="21" WC="0.93" CONTENT="denna"/><SP WIDTH="14" VPOS="1092" HPOS="311"/>
							<String ID="string_326" HPOS="325" VPOS="1092" WIDTH="60" HEIGHT="27" WC="0.93" CONTENT="fräga"/><SP WIDTH="14" VPOS="1092" HPOS="385"/>
							<String ID="string_327" HPOS="399" VPOS="1093" WIDTH="33" HEIGHT="20" WC="0.93" CONTENT="till"/><SP WIDTH="15" VPOS="1093" HPOS="432"/>
							<String ID="string_328" HPOS="447" VPOS="1092" WIDTH="90" HEIGHT="22" WC="0.91" CONTENT="föremäl"/><SP WIDTH="14" VPOS="1092" HPOS="537"/>
							<String ID="string_329" HPOS="551" VPOS="1093" WIDTH="33" HEIGHT="20" WC="0.96" CONTENT="för"/><SP WIDTH="16" VPOS="1093" HPOS="584"/>
							<String ID="string_330" HPOS="600" VPOS="1099" WIDTH="25" HEIGHT="14" WC="0.93" CONTENT="en"/><SP WIDTH="16" VPOS="1099" HPOS="625"/>
							<String ID="string_331" HPOS="641" VPOS="1092" WIDTH="141" HEIGHT="27" WC="0.93" CONTENT="lagstiftnings"/><SP WIDTH="15" VPOS="1092" HPOS="782"/>
							<String ID="string_332" HPOS="797" VPOS="1091" WIDTH="81" HEIGHT="27" WC="0.92" CONTENT="ätgärd,"/>
						</TextLine>
						<TextLine ID="line_34" HPOS="60" VPOS="1120" WIDTH="819" HEIGHT="27">
							<String ID="string_333" HPOS="60" VPOS="1121" WIDTH="51" HEIGHT="20" WC="0.96" CONTENT="utan"/><SP WIDTH="15" VPOS="1121" HPOS="111"/>
							<String ID="string_334" HPOS="126" VPOS="1120" WIDTH="66" HEIGHT="21" WC="0.96" CONTENT="borde"/><SP WIDTH="14" VPOS="1120" HPOS="192"/>
							<String ID="string_335" HPOS="206" VPOS="1127" WIDTH="49" HEIGHT="14" WC="0.93" CONTENT="man"/><SP WIDTH="15" VPOS="1127" HPOS="255"/>
							<String ID="string_336" HPOS="270" VPOS="1127" WIDTH="86" HEIGHT="15" WC="0.92" CONTENT="snarare"/><SP WIDTH="14" VPOS="1127" HPOS="356"/>
							<String ID="string_337" HPOS="370" VPOS="1121" WIDTH="44" HEIGHT="21" WC="0.91" CONTENT="läta"/><SP WIDTH="15" VPOS="1121" HPOS="414"/>
							<String ID="string_338" HPOS="429" VPOS="1121" WIDTH="87" HEIGHT="22" WC="0.93" CONTENT="dermed"/><SP WIDTH="16" VPOS="1121" HPOS="516"/>
							<String ID="string_339" HPOS="532" VPOS="1121" WIDTH="57" HEIGHT="25" WC="0.92" CONTENT="bero,"/><SP WIDTH="15" VPOS="1121" HPOS="589"/>
							<String ID="string_340" HPOS="604" VPOS="1121" WIDTH="33" HEIGHT="21" WC="0.96" CONTENT="till"/><SP WIDTH="15" VPOS="1121" HPOS="637"/>
							<String ID="string_341" HPOS="652" VPOS="1121" WIDTH="46" HEIGHT="21" WC="0.96" CONTENT="dess"/><SP WIDTH="16" VPOS="1121" HPOS="698"/>
							<String ID="string_342" HPOS="714" VPOS="1127" WIDTH="24" HEIGHT="15" WC="0.96" CONTENT="en"/><SP WIDTH="11" VPOS="1127" HPOS="738"/>
							<String ID="string_343" HPOS="749" VPOS="1120" WIDTH="130" HEIGHT="27" WC="0.96" CONTENT="proposition"/>
						</TextLine>
						<TextLine ID="line_35" HPOS="61" VPOS="1149" WIDTH="818" HEIGHT="27">
							<String ID="string_344" HPOS="61" VPOS="1154" WIDTH="33" HEIGHT="15" WC="0.93" CONTENT="om"/><SP WIDTH="23" VPOS="1154" HPOS="94"/>
							<String ID="string_345" HPOS="117" VPOS="1149" WIDTH="137" HEIGHT="25" WC="0.92" CONTENT="tjenstemäns"/><SP WIDTH="22" VPOS="1149" HPOS="254"/>
							<String ID="string_346" HPOS="276" VPOS="1149" WIDTH="116" HEIGHT="27" WC="0.91" CONTENT="afsättning"/><SP WIDTH="16" VPOS="1149" HPOS="392"/>
							<String ID="string_347" HPOS="408" VPOS="1149" WIDTH="140" HEIGHT="22" WC="0.90" CONTENT="öfverhufvud"/><SP WIDTH="15" VPOS="1149" HPOS="548"/>
							<String ID="string_348" HPOS="563" VPOS="1149" WIDTH="43" HEIGHT="22" WC="0.96" CONTENT="kan"/><SP WIDTH="15" VPOS="1149" HPOS="606"/>
							<String ID="string_349" HPOS="621" VPOS="1149" WIDTH="84" HEIGHT="22" WC="0.96" CONTENT="komma"/><SP WIDTH="15" VPOS="1149" HPOS="705"/>
							<String ID="string_350" HPOS="720" VPOS="1151" WIDTH="31" HEIGHT="20" WC="0.93" CONTENT="att"/><SP WIDTH="14" VPOS="1151" HPOS="751"/>
							<String ID="string_351" HPOS="765" VPOS="1149" WIDTH="114" HEIGHT="21" WC="0.92" CONTENT="ständerna"/>
						</TextLine>
						<TextLine ID="line_36" HPOS="60" VPOS="1177" WIDTH="819" HEIGHT="28">
							<String ID="string_352" HPOS="60" VPOS="1177" WIDTH="125" HEIGHT="27" WC="0.92" CONTENT="föreläggas."/><SP WIDTH="29" VPOS="1177" HPOS="185"/>
							<String ID="string_353" HPOS="214" VPOS="1177" WIDTH="49" HEIGHT="22" WC="0.96" CONTENT="Mitt"/><SP WIDTH="15" VPOS="1177" HPOS="263"/>
							<String ID="string_354" HPOS="278" VPOS="1178" WIDTH="79" HEIGHT="26" WC="0.93" CONTENT="förslag"/><SP WIDTH="14" VPOS="1178" HPOS="357"/>
							<String ID="string_355" HPOS="371" VPOS="1184" WIDTH="57" HEIGHT="20" WC="0.91" CONTENT="vore,"/><SP WIDTH="17" VPOS="1184" HPOS="428"/>
							<String ID="string_356" HPOS="445" VPOS="1180" WIDTH="32" HEIGHT="19" WC="0.93" CONTENT="att"/><SP WIDTH="16" VPOS="1180" HPOS="477"/>
							<String ID="string_357" HPOS="493" VPOS="1178" WIDTH="175" HEIGHT="27" WC="0.92" CONTENT="borgareständet"/><SP WIDTH="14" VPOS="1178" HPOS="668"/>
							<String ID="string_358" HPOS="682" VPOS="1178" WIDTH="49" HEIGHT="21" WC="0.93" CONTENT="ville"/><SP WIDTH="14" VPOS="1178" HPOS="731"/>
							<String ID="string_359" HPOS="745" VPOS="1178" WIDTH="72" HEIGHT="27" WC="0.92" CONTENT="afböja"/><SP WIDTH="14" VPOS="1178" HPOS="817"/>
							<String ID="string_360" HPOS="831" VPOS="1183" WIDTH="48" HEIGHT="21" WC="0.93" CONTENT="pro-"/>
						</TextLine>
						<TextLine ID="line_37" HPOS="61" VPOS="1206" WIDTH="126" HEIGHT="26">
							<String ID="string_361" HPOS="61" VPOS="1206" WIDTH="126" HEIGHT="26" WC="0.91" CONTENT="positionen."/>
						</TextLine>
					</TextBlock>
					<TextBlock ID="block_4" HPOS="60" VPOS="1235" WIDTH="821" HEIGHT="312">
						<TextLine ID="line_38" HPOS="129" VPOS="1235" WIDTH="750" HEIGHT="27">
							<String ID="string_362" HPOS="129" VPOS="1235" WIDTH="31" HEIGHT="20" WC="0.96" CONTENT="Hr"/><SP WIDTH="14" VPOS="1235" HPOS="160"/>
							<String ID="string_363" HPOS="174" VPOS="1235" WIDTH="127" HEIGHT="21" WC="0.93" CONTENT="Fellman:"/><SP WIDTH="18" VPOS="1235" HPOS="301"/>
							<String ID="string_364" HPOS="319" VPOS="1235" WIDTH="71" HEIGHT="21" WC="0.93" CONTENT="Jemte"/><SP WIDTH="15" VPOS="1235" HPOS="390"/>
							<String ID="string_365" HPOS="405" VPOS="1235" WIDTH="37" HEIGHT="22" WC="0.97" CONTENT="det"/><SP WIDTH="12" VPOS="1235" HPOS="442"/>
							<String ID="string_366" HPOS="454" VPOS="1235" WIDTH="38" HEIGHT="27" WC="0.93" CONTENT="jag"/><SP WIDTH="15" VPOS="1235" HPOS="492"/>
							<String ID="string_367" HPOS="507" VPOS="1235" WIDTH="95" HEIGHT="22" WC="0.93" CONTENT="anhäller"/><SP WIDTH="16" VPOS="1235" HPOS="602"/>
							<String ID="string_368" HPOS="618" VPOS="1237" WIDTH="31" HEIGHT="19" WC="0.93" CONTENT="att"/><SP WIDTH="15" VPOS="1237" HPOS="649"/>
							<String ID="string_369" HPOS="664" VPOS="1235" WIDTH="21" HEIGHT="21" WC="0.93" CONTENT="fä"/><SP WIDTH="15" VPOS="1235" HPOS="685"/>
							<String ID="string_370" HPOS="700" VPOS="1235" WIDTH="73" HEIGHT="21" WC="0.92" CONTENT="förena"/><SP WIDTH="15" VPOS="1235" HPOS="773"/>
							<String ID="string_371" HPOS="788" VPOS="1235" WIDTH="42" HEIGHT="26" WC="0.96" CONTENT="mig"/><SP WIDTH="16" VPOS="1235" HPOS="830"/>
							<String ID="string_372" HPOS="846" VPOS="1240" WIDTH="33" HEIGHT="15" WC="0.96" CONTENT="om"/>
						</TextLine>
						<TextLine ID="line_39" HPOS="61" VPOS="1263" WIDTH="819" HEIGHT="28">
							<String ID="string_373" HPOS="61" VPOS="1263" WIDTH="26" HEIGHT="20" WC="0.91" CONTENT="hr"/><SP WIDTH="21" VPOS="1263" HPOS="87"/>
							<String ID="string_374" HPOS="108" VPOS="1263" WIDTH="108" HEIGHT="26" WC="0.91" CONTENT="Enebergs"/><SP WIDTH="22" VPOS="1263" HPOS="216"/>
							<String ID="string_375" HPOS="238" VPOS="1264" WIDTH="117" HEIGHT="27" WC="0.96" CONTENT="uttalande,"/><SP WIDTH="22" VPOS="1264" HPOS="355"/>
							<String ID="string_376" HPOS="377" VPOS="1264" WIDTH="50" HEIGHT="21" WC="0.97" CONTENT="ville"/><SP WIDTH="13" VPOS="1264" HPOS="427"/>
							<String ID="string_377" HPOS="440" VPOS="1264" WIDTH="38" HEIGHT="27" WC="0.93" CONTENT="jag"/><SP WIDTH="16" VPOS="1264" HPOS="478"/>
							<String ID="string_378" HPOS="494" VPOS="1266" WIDTH="56" HEIGHT="25" WC="0.92" CONTENT="yttra"/><SP WIDTH="15" VPOS="1266" HPOS="550"/>
							<String ID="string_379" HPOS="565" VPOS="1264" WIDTH="67" HEIGHT="26" WC="0.92" CONTENT="nägra"/><SP WIDTH="14" VPOS="1264" HPOS="632"/>
							<String ID="string_380" HPOS="646" VPOS="1265" WIDTH="38" HEIGHT="20" WC="0.93" CONTENT="ord"/><SP WIDTH="16" VPOS="1265" HPOS="684"/>
							<String ID="string_381" HPOS="700" VPOS="1263" WIDTH="60" HEIGHT="22" WC="0.92" CONTENT="äfven"/><SP WIDTH="15" VPOS="1263" HPOS="760"/>
							<String ID="string_382" HPOS="775" VPOS="1263" WIDTH="7" HEIGHT="21" WC="0.96" CONTENT="i"/><SP WIDTH="15" VPOS="1263" HPOS="782"/>
							<String ID="string_383" HPOS="797" VPOS="1265" WIDTH="32" HEIGHT="19" WC="0.93" CONTENT="ett"/><SP WIDTH="14" VPOS="1265" HPOS="829"/>
							<String ID="string_384" HPOS="843" VPOS="1269" WIDTH="37" HEIGHT="14" WC="0.91" CONTENT="an-"/>
						</TextLine>
						<TextLine ID="line_40" HPOS="61" VPOS="1291" WIDTH="819" HEIGHT="28">
							<String ID="string_385" HPOS="61" VPOS="1293" WIDTH="38" HEIGHT="19" WC="0.91" CONTENT="nat"/><SP WIDTH="22" VPOS="1293" HPOS="99"/>
							<String ID="string_386" HPOS="121" VPOS="1292" WIDTH="104" HEIGHT="21" WC="0.91" CONTENT="afseende."/><SP WIDTH="31" VPOS="1292" HPOS="225"/>
							<String ID="string_387" HPOS="256" VPOS="1292" WIDTH="111" HEIGHT="21" WC="0.93" CONTENT="Utskottet"/><SP WIDTH="22" VPOS="1292" HPOS="367"/>
							<String ID="string_388" HPOS="389" VPOS="1293" WIDTH="39" HEIGHT="20" WC="0.93" CONTENT="har"/><SP WIDTH="23" VPOS="1293" HPOS="428"/>
							<String ID="string_389" HPOS="451" VPOS="1293" WIDTH="32" HEIGHT="20" WC="0.92" CONTENT="uti"/><SP WIDTH="24" VPOS="1293" HPOS="483"/>
							<String ID="string_390" HPOS="507" VPOS="1293" WIDTH="40" HEIGHT="20" WC="0.93" CONTENT="den"/><SP WIDTH="22" VPOS="1293" HPOS="547"/>
							<String ID="string_391" HPOS="569" VPOS="1293" WIDTH="115" HEIGHT="26" WC="0.91" CONTENT="inledning,"/><SP WIDTH="20" VPOS="1293" HPOS="684"/>
							<String ID="string_392" HPOS="704" VPOS="1299" WIDTH="44" HEIGHT="14" WC="0.96" CONTENT="som"/><SP WIDTH="16" VPOS="1299" HPOS="748"/>
							<String ID="string_393" HPOS="764" VPOS="1293" WIDTH="23" HEIGHT="20" WC="0.93" CONTENT="är"/><SP WIDTH="16" VPOS="1293" HPOS="787"/>
							<String ID="string_394" HPOS="803" VPOS="1291" WIDTH="77" HEIGHT="21" WC="0.92" CONTENT="stäld"/><SP WIDTH="-13" VPOS="1291" HPOS="880"/>
							<String ID="string_395" HPOS="867" VPOS="1287" WIDTH="15" HEIGHT="36" WC="0.96" CONTENT="i"/>
						</TextLine>
						<TextLine ID="line_41" HPOS="61" VPOS="1319" WIDTH="819" HEIGHT="29">
							<String ID="string_396" HPOS="61" VPOS="1323" WIDTH="86" HEIGHT="23" WC="0.96" CONTENT="spetsen"/><SP WIDTH="15" VPOS="1323" HPOS="147"/>
							<String ID="string_397" HPOS="162" VPOS="1321" WIDTH="32" HEIGHT="21" WC="0.93" CONTENT="för"/><SP WIDTH="15" VPOS="1321" HPOS="194"/>
							<String ID="string_398" HPOS="209" VPOS="1320" WIDTH="246" HEIGHT="27" WC="0.91" CONTENT="författningsförslaget,"/><SP WIDTH="16" VPOS="1320" HPOS="455"/>
							<String ID="string_399" HPOS="471" VPOS="1321" WIDTH="95" HEIGHT="27" WC="0.87" CONTENT="angifvit,"/><SP WIDTH="16" VPOS="1321" HPOS="566"/>
							<String ID="string_400" HPOS="582" VPOS="1323" WIDTH="32" HEIGHT="19" WC="0.96" CONTENT="att"/><SP WIDTH="14" VPOS="1323" HPOS="614"/>
							<String ID="string_401" HPOS="628" VPOS="1321" WIDTH="40" HEIGHT="21" WC="0.92" CONTENT="här"/><SP WIDTH="14" VPOS="1321" HPOS="668"/>
							<String ID="string_402" HPOS="682" VPOS="1321" WIDTH="112" HEIGHT="26" WC="0.95" CONTENT="föreligger"/><SP WIDTH="15" VPOS="1321" HPOS="794"/>
							<String ID="string_403" HPOS="809" VPOS="1325" WIDTH="26" HEIGHT="15" WC="0.93" CONTENT="en"/><SP WIDTH="15" VPOS="1325" HPOS="835"/>
							<String ID="string_404" HPOS="850" VPOS="1319" WIDTH="30" HEIGHT="21" WC="0.92" CONTENT="af-"/>
						</TextLine>
						<TextLine ID="line_42" HPOS="60" VPOS="1349" WIDTH="821" HEIGHT="28">
							<String ID="string_405" HPOS="60" VPOS="1349" WIDTH="81" HEIGHT="21" WC="0.93" CONTENT="vikelse"/><SP WIDTH="14" VPOS="1349" HPOS="141"/>
							<String ID="string_406" HPOS="155" VPOS="1349" WIDTH="52" HEIGHT="26" WC="0.93" CONTENT="frän,"/><SP WIDTH="18" VPOS="1349" HPOS="207"/>
							<String ID="string_407" HPOS="225" VPOS="1349" WIDTH="64" HEIGHT="21" WC="0.96" CONTENT="bland"/><SP WIDTH="15" VPOS="1349" HPOS="289"/>
							<String ID="string_408" HPOS="304" VPOS="1351" WIDTH="71" HEIGHT="24" WC="0.92" CONTENT="annat,"/><SP WIDTH="16" VPOS="1351" HPOS="375"/>
							<String ID="string_409" HPOS="391" VPOS="1350" WIDTH="12" HEIGHT="27" WC="0.92" CONTENT="$"/><SP WIDTH="15" VPOS="1350" HPOS="403"/>
							<String ID="string_410" HPOS="418" VPOS="1351" WIDTH="13" HEIGHT="20" WC="0.96" CONTENT="2"/><SP WIDTH="15" VPOS="1351" HPOS="431"/>
							<String ID="string_411" HPOS="446" VPOS="1350" WIDTH="7" HEIGHT="21" WC="0.93" CONTENT="i"/><SP WIDTH="16" VPOS="1350" HPOS="453"/>
							<String ID="string_412" HPOS="469" VPOS="1349" WIDTH="197" HEIGHT="27" WC="0.92" CONTENT="regeringsformen."/><SP WIDTH="30" VPOS="1349" HPOS="666"/>
							<String ID="string_413" HPOS="696" VPOS="1349" WIDTH="64" HEIGHT="21" WC="0.92" CONTENT="Detta"/><SP WIDTH="15" VPOS="1349" HPOS="760"/>
							<String ID="string_414" HPOS="775" VPOS="1349" WIDTH="106" HEIGHT="20" WC="0.91" CONTENT="öfverens-"/>
						</TextLine>
						<TextLine ID="line_43" HPOS="61" VPOS="1376" WIDTH="820" HEIGHT="29">
							<String ID="string_415" HPOS="61" VPOS="1379" WIDTH="101" HEIGHT="20" WC="0.92" CONTENT="stämmer"/><SP WIDTH="22" VPOS="1379" HPOS="162"/>
							<String ID="string_416" HPOS="184" VPOS="1385" WIDTH="28" HEIGHT="14" WC="0.93" CONTENT="nu"/><SP WIDTH="22" VPOS="1385" HPOS="212"/>
							<String ID="string_417" HPOS="234" VPOS="1378" WIDTH="122" HEIGHT="27" WC="0.92" CONTENT="visserligen"/><SP WIDTH="23" VPOS="1378" HPOS="356"/>
							<String ID="string_418" HPOS="379" VPOS="1379" WIDTH="61" HEIGHT="20" WC="0.91" CONTENT="äfven"/><SP WIDTH="19" VPOS="1379" HPOS="440"/>
							<String ID="string_419" HPOS="459" VPOS="1379" WIDTH="49" HEIGHT="20" WC="0.96" CONTENT="med"/><SP WIDTH="15" VPOS="1379" HPOS="508"/>
							<String ID="string_420" HPOS="523" VPOS="1379" WIDTH="43" HEIGHT="20" WC="0.96" CONTENT="min"/><SP WIDTH="15" VPOS="1379" HPOS="566"/>
							<String ID="string_421" HPOS="581" VPOS="1378" WIDTH="141" HEIGHT="27" WC="0.96" CONTENT="uppfattning,"/><SP WIDTH="16" VPOS="1378" HPOS="722"/>
							<String ID="string_422" HPOS="738" VPOS="1377" WIDTH="39" HEIGHT="22" WC="0.96" CONTENT="och"/><SP WIDTH="12" VPOS="1377" HPOS="777"/>
							<String ID="string_423" HPOS="789" VPOS="1378" WIDTH="38" HEIGHT="26" WC="0.96" CONTENT="jag"/><SP WIDTH="15" VPOS="1378" HPOS="827"/>
							<String ID="string_424" HPOS="842" VPOS="1376" WIDTH="39" HEIGHT="22" WC="0.96" CONTENT="har"/>
						</TextLine>
						<TextLine ID="line_44" HPOS="61" VPOS="1405" WIDTH="820" HEIGHT="28">
							<String ID="string_425" HPOS="61" VPOS="1405" WIDTH="83" HEIGHT="22" WC="0.92" CONTENT="säledes"/><SP WIDTH="22" VPOS="1405" HPOS="144"/>
							<String ID="string_426" HPOS="166" VPOS="1407" WIDTH="108" HEIGHT="26" WC="0.92" CONTENT="ingenting"/><SP WIDTH="22" VPOS="1407" HPOS="274"/>
							<String ID="string_427" HPOS="296" VPOS="1408" WIDTH="32" HEIGHT="19" WC="0.92" CONTENT="att"/><SP WIDTH="22" VPOS="1408" HPOS="328"/>
							<String ID="string_428" HPOS="350" VPOS="1407" WIDTH="103" HEIGHT="21" WC="0.91" CONTENT="anmärka"/><SP WIDTH="22" VPOS="1407" HPOS="453"/>
							<String ID="string_429" HPOS="475" VPOS="1407" WIDTH="103" HEIGHT="21" WC="0.91" CONTENT="deremot."/><SP WIDTH="30" VPOS="1407" HPOS="578"/>
							<String ID="string_430" HPOS="608" VPOS="1407" WIDTH="47" HEIGHT="20" WC="0.95" CONTENT="Men"/><SP WIDTH="18" VPOS="1407" HPOS="655"/>
							<String ID="string_431" HPOS="673" VPOS="1407" WIDTH="37" HEIGHT="26" WC="0.96" CONTENT="jag"/><SP WIDTH="14" VPOS="1407" HPOS="710"/>
							<String ID="string_432" HPOS="724" VPOS="1406" WIDTH="40" HEIGHT="21" WC="0.92" CONTENT="kan"/><SP WIDTH="17" VPOS="1406" HPOS="764"/>
							<String ID="string_433" HPOS="781" VPOS="1405" WIDTH="46" HEIGHT="22" WC="0.91" CONTENT="icke"/><SP WIDTH="16" VPOS="1405" HPOS="827"/>
							<String ID="string_434" HPOS="843" VPOS="1411" WIDTH="38" HEIGHT="15" WC="0.93" CONTENT="un-"/>
						</TextLine>
						<TextLine ID="line_45" HPOS="61" VPOS="1434" WIDTH="820" HEIGHT="28">
							<String ID="string_435" HPOS="61" VPOS="1434" WIDTH="81" HEIGHT="22" WC="0.93" CONTENT="derläta"/><SP WIDTH="21" VPOS="1434" HPOS="142"/>
							<String ID="string_436" HPOS="163" VPOS="1437" WIDTH="33" HEIGHT="19" WC="0.93" CONTENT="att"/><SP WIDTH="21" VPOS="1437" HPOS="196"/>
							<String ID="string_437" HPOS="217" VPOS="1435" WIDTH="75" HEIGHT="21" WC="0.93" CONTENT="härvid"/><SP WIDTH="22" VPOS="1435" HPOS="292"/>
							<String ID="string_438" HPOS="314" VPOS="1435" WIDTH="65" HEIGHT="26" WC="0.89" CONTENT="draga"/><SP WIDTH="22" VPOS="1435" HPOS="379"/>
							<String ID="string_439" HPOS="401" VPOS="1441" WIDTH="26" HEIGHT="15" WC="0.96" CONTENT="en"/><SP WIDTH="22" VPOS="1441" HPOS="427"/>
							<String ID="string_440" HPOS="449" VPOS="1435" WIDTH="91" HEIGHT="27" WC="0.84" CONTENT="parallel"/><SP WIDTH="18" VPOS="1435" HPOS="540"/>
							<String ID="string_441" HPOS="558" VPOS="1435" WIDTH="48" HEIGHT="21" WC="0.96" CONTENT="med"/><SP WIDTH="16" VPOS="1435" HPOS="606"/>
							<String ID="string_442" HPOS="622" VPOS="1435" WIDTH="41" HEIGHT="21" WC="0.93" CONTENT="den"/><SP WIDTH="15" VPOS="1435" HPOS="663"/>
							<String ID="string_443" HPOS="678" VPOS="1435" WIDTH="59" HEIGHT="26" WC="0.93" CONTENT="äsigt,"/><SP WIDTH="16" VPOS="1435" HPOS="737"/>
							<String ID="string_444" HPOS="753" VPOS="1434" WIDTH="106" HEIGHT="21" WC="0.92" CONTENT="utskottet"/><SP WIDTH="15" VPOS="1434" HPOS="859"/>
							<String ID="string_445" HPOS="874" VPOS="1434" WIDTH="7" HEIGHT="20" WC="0.96" CONTENT="i"/>
						</TextLine>
						<TextLine ID="line_46" HPOS="61" VPOS="1461" WIDTH="820" HEIGHT="30">
							<String ID="string_446" HPOS="61" VPOS="1463" WIDTH="174" HEIGHT="27" WC="0.76" CONTENT="nästföregäende"/><SP WIDTH="15" VPOS="1463" HPOS="235"/>
							<String ID="string_447" HPOS="250" VPOS="1464" WIDTH="78" HEIGHT="21" WC="0.96" CONTENT="ärende"/><SP WIDTH="16" VPOS="1464" HPOS="328"/>
							<String ID="string_448" HPOS="344" VPOS="1464" WIDTH="84" HEIGHT="25" WC="0.96" CONTENT="uttalat,"/><SP WIDTH="17" VPOS="1464" HPOS="428"/>
							<String ID="string_449" HPOS="445" VPOS="1464" WIDTH="111" HEIGHT="27" WC="0.96" CONTENT="angående"/><SP WIDTH="14" VPOS="1464" HPOS="556"/>
							<String ID="string_450" HPOS="570" VPOS="1463" WIDTH="148" HEIGHT="26" WC="0.96" CONTENT="förordningen"/><SP WIDTH="17" VPOS="1463" HPOS="718"/>
							<String ID="string_451" HPOS="735" VPOS="1463" WIDTH="22" HEIGHT="21" WC="0.96" CONTENT="af"/><SP WIDTH="12" VPOS="1463" HPOS="757"/>
							<String ID="string_452" HPOS="769" VPOS="1462" WIDTH="41" HEIGHT="21" WC="0.96" CONTENT="den"/><SP WIDTH="16" VPOS="1462" HPOS="810"/>
							<String ID="string_453" HPOS="826" VPOS="1462" WIDTH="13" HEIGHT="21" WC="0.93" CONTENT="3"/><SP WIDTH="12" VPOS="1462" HPOS="839"/>
							<String ID="string_454" HPOS="851" VPOS="1461" WIDTH="30" HEIGHT="22" WC="0.93" CONTENT="fe-"/>
						</TextLine>
						<TextLine ID="line_47" HPOS="62" VPOS="1490" WIDTH="819" HEIGHT="29">
							<String ID="string_455" HPOS="62" VPOS="1491" WIDTH="72" HEIGHT="22" WC="0.92" CONTENT="bruari"/><SP WIDTH="23" VPOS="1491" HPOS="134"/>
							<String ID="string_456" HPOS="157" VPOS="1492" WIDTH="61" HEIGHT="22" WC="0.91" CONTENT="1868."/><SP WIDTH="32" VPOS="1492" HPOS="218"/>
							<String ID="string_457" HPOS="250" VPOS="1492" WIDTH="73" HEIGHT="21" WC="0.91" CONTENT="Sävidt"/><SP WIDTH="19" VPOS="1492" HPOS="323"/>
							<String ID="string_458" HPOS="342" VPOS="1493" WIDTH="37" HEIGHT="26" WC="0.96" CONTENT="jag"/><SP WIDTH="22" VPOS="1493" HPOS="379"/>
							<String ID="string_459" HPOS="401" VPOS="1492" WIDTH="42" HEIGHT="21" WC="0.93" CONTENT="kan"/><SP WIDTH="15" VPOS="1492" HPOS="443"/>
							<String ID="string_460" HPOS="458" VPOS="1492" WIDTH="75" HEIGHT="27" WC="0.92" CONTENT="förstä,"/><SP WIDTH="15" VPOS="1492" HPOS="533"/>
							<String ID="string_461" HPOS="548" VPOS="1494" WIDTH="37" HEIGHT="19" WC="0.93" CONTENT="äro"/><SP WIDTH="17" VPOS="1494" HPOS="585"/>
							<String ID="string_462" HPOS="602" VPOS="1492" WIDTH="60" HEIGHT="21" WC="0.95" CONTENT="dessa"/><SP WIDTH="15" VPOS="1492" HPOS="662"/>
							<String ID="string_463" HPOS="677" VPOS="1491" WIDTH="36" HEIGHT="22" WC="0.96" CONTENT="fall"/><SP WIDTH="16" VPOS="1491" HPOS="713"/>
							<String ID="string_464" HPOS="729" VPOS="1490" WIDTH="86" HEIGHT="22" WC="0.93" CONTENT="alldeles"/><SP WIDTH="15" VPOS="1490" HPOS="815"/>
							<String ID="string_465" HPOS="830" VPOS="1496" WIDTH="51" HEIGHT="15" WC="0.93" CONTENT="ana-"/>
						</TextLine>
						<TextLine ID="line_48" HPOS="61" VPOS="1519" WIDTH="820" HEIGHT="28">
							<String ID="string_466" HPOS="61" VPOS="1519" WIDTH="54" HEIGHT="27" WC="0.90" CONTENT="loga."/><SP WIDTH="30" VPOS="1519" HPOS="115"/>
							<String ID="string_467" HPOS="145" VPOS="1521" WIDTH="42" HEIGHT="21" WC="0.93" CONTENT="Det"/><SP WIDTH="17" VPOS="1521" HPOS="187"/>
							<String ID="string_468" HPOS="204" VPOS="1521" WIDTH="107" HEIGHT="21" WC="0.92" CONTENT="förefaller"/><SP WIDTH="17" VPOS="1521" HPOS="311"/>
							<String ID="string_469" HPOS="328" VPOS="1521" WIDTH="42" HEIGHT="26" WC="0.93" CONTENT="mig"/><SP WIDTH="15" VPOS="1521" HPOS="370"/>
							<String ID="string_470" HPOS="385" VPOS="1521" WIDTH="106" HEIGHT="26" WC="0.93" CONTENT="nemligea"/><SP WIDTH="15" VPOS="1521" HPOS="491"/>
							<String ID="string_471" HPOS="506" VPOS="1523" WIDTH="31" HEIGHT="19" WC="0.96" CONTENT="att"/><SP WIDTH="15" VPOS="1523" HPOS="537"/>
							<String ID="string_472" HPOS="552" VPOS="1527" WIDTH="52" HEIGHT="14" WC="0.96" CONTENT="vara"/><SP WIDTH="15" VPOS="1527" HPOS="604"/>
							<String ID="string_473" HPOS="619" VPOS="1520" WIDTH="22" HEIGHT="21" WC="0.97" CONTENT="af"/><SP WIDTH="13" VPOS="1520" HPOS="641"/>
							<String ID="string_474" HPOS="654" VPOS="1520" WIDTH="87" HEIGHT="21" WC="0.96" CONTENT="alldeles"/><SP WIDTH="15" VPOS="1520" HPOS="741"/>
							<String ID="string_475" HPOS="756" VPOS="1525" WIDTH="81" HEIGHT="16" WC="0.93" CONTENT="samma"/><SP WIDTH="15" VPOS="1525" HPOS="837"/>
							<String ID="string_476" HPOS="852" VPOS="1519" WIDTH="29" HEIGHT="21" WC="0.92" CONTENT="ef-"/>
						</TextLine>
					</TextBlock>
				</ComposedBlock>
			</PrintSpace>
		</Page>
	</Layout>
</alto>
