1084 1745
353 125 94 23 Borgarest.
459 125 45 19 1888.
528 126 11 18 4
552 125 47 19 Febr.
844 127 23 17 89

60 199 28 15 on
110 194 94 20 minusta
222 193 57 28 kyllä
298 194 92 25 kumma,
413 194 57 21 ehkä
488 194 66 27 hyvin
573 194 48 21 olen
641 200 37 15 sen
694 195 106 20 ennenkin
815 195 74 26 tienyt,

61 223 45 20 että
127 222 219 21 merikouluissamme
369 223 19 20 ei
410 224 60 20 oteta
492 223 83 20 mitään
593 223 73 20 selvää
684 225 100 19 suuresta
798 223 92 21 vesiliik-

60 250 75 21 keestä
150 251 182 26 sisämaissamme,
354 251 58 26 josta
427 250 66 21 onkin
509 252 118 20 seurannut
642 253 75 19 suuret
731 251 76 26 haitat,
822 251 69 22 koska

61 278 111 21 kuitenkin
196 279 108 21 asetukset
326 279 137 26 pakoittavat
479 279 93 22 laivoilla
588 279 98 21 sielläkin
703 281 108 20 ottamaan
827 280 62 21 meri-

60 307 82 21 koulun
164 307 144 27 läpikäyneita
329 307 134 27 päälliköitä,
485 308 62 26 joilla
569 313 68 16 emme
660 308 55 21 siinä
734 314 107 15 asemassa
856 310 35 19 tee

59 335 60 27 juuri
140 336 88 26 mitään,
251 342 38 15 sen
311 336 87 25 tähden,
422 336 90 21 etteivät
529 337 28 20 he
572 337 60 20 näitä
655 336 100 27 vesistöjä
778 337 111 21 ollenkaan

61 365 74 20 tunne.
164 364 157 21 Todistuksena
341 364 67 21 tähän
427 371 26 14 on
471 365 59 26 juuri
545 365 53 20 mitä
613 365 50 21 hrat
681 365 102 21 Hartman
795 365 23 27 ja
833 365 58 22 And-

63 393 53 26 sten,
133 393 55 21 ehkä
202 393 145 25 fakkimiehet,
365 394 50 19 ovat
430 394 60 20 tässä
505 394 89 20 tuoneet
609 394 53 20 esiin
676 393 150 22 Laatokankin
837 394 53 21 vesi-

62 421 120 21 liikkeestä.

130 449 32 21 Hr
178 449 168 27 Clouberg:
369 449 42 27 Jag
429 449 66 27 vägar
513 450 48 21 icke
577 450 68 21 tilltro
661 451 43 26 mig
719 452 32 19 att
766 457 29 14 nu
810 450 80 27 afgöra,

62 477 82 21 hvilket
166 483 55 21 gagn
237 478 36 21 det
287 477 24 22 af
324 477 25 21 hr
365 477 129 22 Gummerus
516 479 76 26 gjorda
614 479 102 26 förslaget
735 478 69 22 skulle
818 479 73 21 kunna

63 505 96 22 medföra
180 506 34 21 för
236 506 101 26 sjöfarten
353 506 13 21 å
381 507 94 26 Ladoga,
499 513 49 15 men
570 507 169 26 upphjelpandet
754 507 23 21 af
789 507 102 27 sjöfarten

64 534 110 21 derstädes
197 536 23 19 är
242 535 55 20 dock
313 534 23 21 sä
355 535 78 26 viktigt
449 535 40 21 och
504 535 34 21 för
553 535 88 27 Ladoga
656 536 112 21 trakterna
782 536 24 21 af
819 536 23 21 sä
856 542 37 20 ge-

64 563 153 26 nomgripande
232 563 114 26 betydelse,
369 565 33 19 att
414 563 39 27 jag
467 564 50 21 med
532 564 101 21 afseende
648 564 58 26 derä,
730 564 39 21 och
784 565 27 20 dä
825 564 66 21 redan

64 591 40 20 här
126 591 57 21 inom
208 591 59 21 detta
285 591 61 22 ständ
361 592 82 25 ganska
459 592 58 21 olika
532 593 80 20 äsikter
627 593 75 20 härom
718 594 59 26 synts
792 599 51 14 vara
857 592 34 21 rä-

64 619 76 26 dande,
161 625 63 15 anser
239 621 32 20 att
290 620 36 21 det
344 620 47 21 icke
406 627 52 14 vore
473 621 104 26 lämpligt,
594 623 32 18 att
641 623 66 24 vägra
722 621 74 21 remiss
811 621 32 20 till
858 622 34 19 ut-

64 647 59 22 skott
137 648 33 21 för
185 647 86 27 frägans
285 649 122 26 utredning.
438 649 39 21 Om
499 649 65 21 ocksä
578 649 48 21 icke
642 649 36 21 det
693 649 85 26 förslag,
794 655 45 16 som
855 655 37 20 pe-

64 677 115 20 titionären
195 676 39 21 har
248 677 113 26 framstält,
384 683 51 15 vore
451 678 36 21 det
502 677 69 26 bästa,
592 678 24 21 sä
631 679 24 19 är
670 678 37 21 det
723 678 55 21 dock
793 679 32 20 att
839 677 53 27 hop-

64 711 45 20 pas,
132 707 32 18 att
178 704 105 22 utskottet
305 705 47 21 med
373 706 116 26 anledning
505 706 62 21 deraf
580 706 85 21 komme
681 707 32 20 att
728 706 78 21 föreslä
822 706 71 26 ätgär-

66 733 37 21 der
121 733 33 20 för
172 733 145 27 befrämjande
336 733 23 22 af
373 734 102 27 sjöfarten
490 734 28 27 pä
533 735 95 26 Ladoga.
658 735 42 26 Jag
714 735 90 21 föreslår
818 734 75 21 remiss

64 761 34 21 till
112 761 90 21 utskott.

135 790 31 20 Hr
182 789 233 28 Schybergson:
438 791 35 21 Dä
485 792 39 26 jag
539 791 37 21 vid
591 793 86 20 senaste
692 792 85 26 plenum
792 792 101 20 motsatte

66 818 42 26 mig
130 818 75 21 remiss
220 817 23 22 af
257 818 68 21 denna
340 819 91 26 petition
450 819 35 21 till
500 820 90 26 utskott,
607 819 75 28 gjorde
694 820 37 27 jag
746 820 42 26 det,
804 819 89 22 emedan

64 847 36 26 jag
122 846 65 26 ansäg
210 846 40 21 den
273 847 22 20 af
315 847 144 26 petitionären
480 848 124 26 föreslagna
626 848 103 26 ätgärden
748 854 51 15 vara
813 848 23 21 af
848 847 45 21 helt

66 874 40 21 och
120 874 66 21 hället
208 874 107 22 sekundär
333 875 111 27 betydelse
463 875 34 21 för
512 876 105 27 sjöfarten
632 876 28 26 pä
675 876 93 26 Ladoga.
798 876 41 26 Jag
853 876 40 20 har

65 902 116 27 ingalunda
203 902 46 22 haft
271 903 114 27 anledning
408 906 32 19 att
463 904 68 22 ändra
556 905 70 21 denna
648 905 43 21 min
710 904 135 28 uppfattning
859 904 33 21 till

66 931 53 27 följd
134 931 24 21 af
170 931 149 21 diskussionen
333 932 7 20 i
356 932 51 26 dag;
430 934 94 20 tvärtom
541 946 24 2 —
583 934 43 20 alla
641 933 27 21 de
683 934 74 25 talare,
781 939 45 15 som
840 938 53 21 upp-

66 960 64 25 trädt,
146 959 70 26 hafva,
232 966 61 21 synes
309 960 36 21 det
360 961 49 26 mig,
426 961 119 27 medgifvit,
561 964 33 19 att
609 962 147 21 ombildandet
770 961 23 22 af
806 961 88 26 Ladoga

67 988 173 27 sjöfartsomräde
256 989 33 20 till
304 990 31 19 ett
351 989 144 27 sjelfständigt
503 990 137 26 lotsdistrikt,
657 991 51 20 eller
719 991 48 20 med
777 990 67 21 andra
855 989 39 21 ord

66 1017 147 26 upphöjandet
228 1017 22 20 af
263 1017 88 27 Ladoga
366 1018 227 27 lotsuppsyningsman
609 1019 32 20 till
660 1025 52 20 rang
728 1019 39 20 och
782 1017 112 27 värdighet

67 1045 23 20 af
103 1045 184 26 fördelningschef,
303 1046 110 27 ingenting
428 1047 117 26 väsentligt
560 1047 68 21 skulle
647 1049 82 19 uträtta
743 1047 33 20 för
792 1046 102 27 sjöfarten

66 1073 28 26 pä
116 1073 93 26 Ladoga.
238 1074 45 21 Här
304 1074 39 21 har
365 1075 126 26 visserligen
514 1076 104 26 upplysts,
634 1077 33 20 att
686 1075 102 26 ätskilligt
806 1075 88 20 annat
882 1069 16 38 i

66 1101 60 26 fråga
148 1107 34 15 om
205 1102 70 21 denna
293 1103 76 26 sjöfart
383 1103 47 21 icke
447 1105 24 20 är
487 1110 46 15 som
549 1104 32 26 sig
596 1104 46 26 bör,
665 1110 48 15 men
728 1103 69 22 sävidt
809 1103 38 27 jag
862 1102 32 21 &t-

67 1130 107 21 minstone
196 1130 39 21 har
257 1131 109 26 uppfattat
388 1132 109 21 formerna
512 1133 35 20 vid
563 1133 158 26 behandlingen
737 1132 23 21 af
772 1131 122 26 landtdags-

67 1159 99 25 ärenden,
182 1159 24 20 sä
221 1159 43 21 kan
277 1159 24 26 ju
316 1160 47 21 icke
379 1161 31 20 ett
425 1161 86 20 utskott
526 1161 52 21 eller
593 1161 63 21 ständ
672 1163 52 24 göra
739 1167 25 14 en
780 1159 114 22 framställ-

67 1187 51 26 ning
140 1193 34 15 om
197 1187 116 27 nägonting
327 1188 46 21 helt
389 1190 72 25 annat,
478 1191 28 19 än
521 1189 43 26 det,
580 1189 89 21 hvarom
691 1189 142 27 petitionären
855 1188 40 21 har

66 1215 64 21 väckt
150 1215 67 26 fråga.
247 1215 33 21 Då
299 1216 24 21 hr
342 1216 129 22 Gummerus
491 1217 40 21 har
546 1218 76 21 endast
636 1217 112 27 föreslagit
762 1217 86 26 Ladoga
863 1217 32 20 di-

66 1243 75 22 strikts
156 1243 135 22 förklarande
306 1245 34 20 för
355 1246 32 19 ett
405 1245 104 22 särskildt
527 1246 137 26 lotsdistrikt,
687 1246 24 21 sä
725 1246 72 21 kunna
812 1245 83 21 säledes

67 1272 115 21 ständerna
197 1272 46 21 icke
259 1273 6 20 i
281 1273 116 27 anledning
412 1274 23 21 af
451 1275 239 26 petitionsmemorialet
704 1275 86 20 förorda
799 1280 50 15 vare
863 1273 32 26 sig

67 1301 152 25 sjömätningar
241 1301 51 20 eller
307 1301 65 26 nägot
395 1304 73 19 annat.
499 1303 74 21 Under
590 1303 160 25 förutsättning,
770 1304 32 20 att
816 1302 41 20 den
873 1301 24 21 af

66 1328 141 26 petitionären
228 1328 125 22 framstälda
375 1330 105 26 ätgärden
495 1330 48 22 icke
559 1337 63 15 anses
638 1331 100 27 antaglig,
753 1331 42 21 kan
810 1329 85 27 petitio-

66 1362 42 16 nen
124 1356 71 22 derför
209 1357 47 21 icke
270 1357 48 22 leda
332 1358 34 20 till
381 1358 66 27 nägot
462 1359 100 21 resultat.
584 1360 51 20 Men
649 1360 37 20 det
700 1359 68 21 finnes
783 1364 25 16 en
824 1363 71 15 annan

67 1385 114 26 synpunkt,
205 1392 45 14 som
273 1386 65 21 ocksä
360 1387 56 20 talar
438 1387 35 21 för
496 1389 33 19 att
551 1388 115 26 petitioner
681 1388 22 21 af
716 1388 69 20 denna
800 1388 34 19 art
848 1386 47 20 icke

66 1414 120 20 remitteras
208 1414 32 20 till
256 1415 89 25 utskott,
369 1416 107 26 nemligen
493 1416 48 26 den,
565 1418 33 19 att
614 1416 116 21 ständerna
745 1414 150 22 öfverhufvud-

66 1442 60 26 taget
147 1442 48 20 icke
217 1442 53 22 böra
289 1444 99 20 använda
403 1444 33 20 sin
451 1445 149 25 petitionsrätt
614 1444 7 21 i
636 1444 72 27 frägor
723 1444 23 22 af
758 1450 26 15 en
800 1443 23 21 sä
838 1442 58 22 lokal

66 1471 69 24 natur,
151 1476 45 15 som
212 1471 39 20 den
268 1471 147 22 förevarande.
438 1472 45 22 Det
498 1474 25 20 är
537 1473 125 26 visserligen
677 1473 66 26 fallet,
754 1475 32 19 att
794 1471 102 22 särskildt

63 1498 216 27 jernvägspetitioner
294 1500 23 21 af
330 1500 59 21 lokal
403 1502 66 19 natur
484 1501 134 22 förekomma
629 1501 36 21 vid
679 1501 160 26 landtdagarne,
856 1499 39 22 och

65 1526 37 21 det
119 1527 47 21 icke
184 1527 64 21 minst
263 1528 7 21 i
285 1528 186 27 borgareständet.
503 1529 51 21 Men
570 1530 36 21 det
620 1530 41 21 bör
675 1529 92 27 märkas,
786 1531 33 19 att
834 1529 62 20 dessa
