1086 1745
340 123 96 22 Borgarest.
448 122 48 19 1888.
520 122 13 18 11
546 122 46 19 Febr.
820 123 32 18 241

48 192 173 26 svärsutskottet,
236 198 46 15 som
296 192 39 21 här
351 192 61 21 äfven
428 191 129 27 föreslagits,
572 191 44 21 kan
631 191 23 21 af
662 191 215 26 petitionsmemoria-

48 220 31 21 let
93 222 52 24 göra
159 226 26 15 en
200 221 87 26 lämplig
302 220 98 27 petition,
416 219 70 22 skulle
499 220 37 27 jag
550 219 86 27 föreslå,
653 220 33 20 att
696 219 180 27 petitionsmemo-

49 248 62 21 rialet
126 248 65 21 måtte
207 249 120 21 remitteras
342 249 34 20 till
387 248 215 27 jernvägsutskottet.

118 277 32 21 Hr
166 277 23 21 A.
206 277 25 21 O.
247 277 143 21 Snellman:
407 277 43 21 För
465 277 44 20 min
525 277 34 20 del
574 276 40 21 har
626 276 37 27 jag
678 276 47 21 icke
736 277 66 20 heller
813 276 65 27 något

50 307 58 19 emot
123 307 32 19 att
170 305 234 27 petitionsmemorialet
418 305 123 22 remitteras
555 305 34 21 till
604 305 91 25 utskott,
711 305 67 20 ehuru
791 305 37 27 jag
838 305 40 21 vis-

49 333 92 27 serligen
156 340 62 15 anser
233 335 32 20 att
279 334 119 21 detsamma
412 333 47 22 icke
474 333 28 28 pä
517 333 66 27 nägot
597 334 44 20 sätt
656 335 23 19 är
694 333 127 22 motiveradt
832 333 48 22 der-

51 362 90 26 igenom,
157 364 32 20 att
211 368 49 15 man
275 362 73 21 kunde
363 368 52 15 anse
430 363 33 20 att
478 362 125 27 regeringen
618 361 48 22 icke
682 362 68 21 skulle
765 362 64 21 hafva
844 368 35 21 eg-

51 392 37 19 nat
109 391 113 26 tillräcklig
245 397 84 20 omsorg
352 390 22 21 ät
391 390 155 21 befordrandet
564 390 25 21 af
608 389 93 22 trafiken
723 390 57 21 öfver
796 391 84 26 Hangö.

52 419 100 21 Tvärtom
170 419 69 21 mäste
254 425 49 15 man
318 419 35 21 väl
368 419 102 25 erkänna,
487 420 32 20 att
534 425 34 15 om
584 419 69 26 nägon
669 419 35 20 del
720 419 22 21 af
755 418 125 22 affärsverk-

51 447 111 21 samheten
177 448 7 20 i
199 447 73 21 landet
287 448 58 26 legat
360 447 126 26 regeringen
501 453 34 15 om
550 447 87 27 hjärtat,
652 447 25 21 sä
692 447 39 21 har
745 447 37 21 det
791 447 35 21 väl
835 447 46 27 just

43 476 64 20 "varit
129 476 178 21 underhällandet
330 475 23 21 af
374 482 27 14 en
420 475 136 21 vintertrafik
572 475 28 27 pä
614 475 106 21 utlandet.
749 476 76 21 Redan
840 476 41 20 den

53 504 191 26 omständigheten,
256 505 31 20 att
297 504 125 26 regeringen
437 504 71 21 beslöt
523 504 32 26 sig
570 504 33 21 för
617 504 132 26 inköpandet
764 504 23 22 af
795 504 87 26 Hangö-

53 532 78 26 banan,
147 533 88 26 utvisar,
250 534 32 20 att
301 533 125 26 regeringen
441 534 72 19 varmt
527 532 103 21 nitälskat
645 532 33 21 för
695 532 153 22 befordrandet
860 532 24 21 af

53 560 71 22 denna
142 561 261 21 vinterkommunikation.
432 561 45 21 För
496 561 89 27 inköpet
600 560 24 22 af
637 560 70 22 denna
722 561 61 26 bana,
799 567 46 15 som
857 561 25 27 ju

53 589 8 21 i
76 589 195 27 hufvudsakligaste
287 590 48 20 män
351 590 69 20 skulle
434 595 71 21 gagna
519 590 74 20 landet
605 589 46 27 just
666 595 76 21 genom
752 590 32 20 att
794 589 89 21 beforda

54 618 70 21 denna
145 618 141 26 vintertrafik,
308 618 109 21 användes
432 619 32 20 ett
483 618 78 26 belopp
580 618 28 25 af,
627 618 71 21 säsom
711 618 36 26 jag
762 618 36 20 vill
813 618 70 20 erinra

55 646 50 27 mig,
126 646 36 22 nio
184 646 98 27 miljoner
303 646 75 26 mark;
400 646 96 26 500,000
522 646 61 21 mark
608 646 84 21 erlades
718 646 109 22 dessutom
849 645 34 21 för

55 674 192 28 hamnbyggnaden
261 676 7 20 i
284 675 75 26 Hangö
376 675 40 21 och
432 675 94 25 700,000
541 674 60 22 mark
616 674 111 22 fordrades
743 675 45 21 dels
802 674 34 21 för
851 676 33 19 att

55 703 128 21 iständsätta
199 703 70 21 banan
284 704 45 20 dels
344 703 33 21 för
392 705 32 19 att
438 703 89 27 vidtaga
537 704 79 26 nödiga
627 703 99 27 ätgärder
737 704 32 20 till
779 702 104 22 trafikens

55 732 155 20 förbättrande.
241 732 157 26 Hangö-banan
420 732 39 20 har
482 732 83 26 hittills,
585 732 70 20 säsom
675 731 23 21 af
709 731 175 27 jernvägsstyrel-

55 766 50 15 sens
119 760 128 21 berättelser
260 760 100 26 framgär,
375 760 47 21 icke
437 761 33 20 ett
485 760 55 21 enda
555 760 23 21 är
593 760 81 21 lemnat
688 760 128 26 behällning,
831 761 53 19 utan

56 788 85 21 förlust.
170 788 220 22 Trafikinkomsterna
409 788 64 22 hafva
489 789 47 21 icke
550 788 62 21 räckt
627 789 33 20 tili
675 788 132 21 betäckande
822 788 22 21 af
858 788 26 20 de

57 816 134 27 nödvändiga
209 817 122 26 utgifterna,
348 818 27 20 än
390 817 84 21 mindre
490 818 32 20 att
537 817 71 21 betala
623 818 85 20 räntan.
737 817 42 21 Det
793 818 24 19 är
832 816 53 21 säle-

58 845 38 21 des
111 845 61 26 högst
187 845 114 27 betydliga,
317 852 34 14 om
366 846 40 20 ock
421 846 110 21 indirekta
545 845 153 27 uppoffringar,
714 851 44 15 som
772 845 67 27 gjorts
852 844 34 21 för

57 875 34 19 att
113 873 121 21 underlätta
255 873 161 22 vintertrafiken
438 873 29 27 pä
489 874 107 25 utlandet,
615 873 87 22 hvartill
724 873 84 21 komma
827 875 59 18 stora

58 901 84 21 direkta
164 902 104 21 subsidier
289 902 34 21 för
345 902 85 26 ängare,
450 908 47 15 som
512 902 68 21 under
594 902 85 21 vintern
695 901 111 22 trafikerat
821 901 65 21 linien

58 930 239 27 Hangö
147 926 9 36 —
165 930 132 27 Stockholm.
328 930 52 21 Man
401 932 37 19 vet
457 930 67 21 också
542 932 33 19 att
589 931 126 26 regeringen
729 931 69 20 under
812 930 27 21 de
854 935 33 16 se-

57 959 62 20 naste
141 958 50 21 ären
214 959 55 20 varit
291 958 91 22 betänkt
396 958 28 27 pä
440 958 101 27 ätgärder
556 958 34 21 för
605 961 31 19 att
652 959 105 21 förbättra
771 959 93 20 hamnen
879 958 8 20 i

59 986 82 27 Hangö.
171 987 48 21 Men
235 993 35 15 om
285 987 40 21 den
341 987 46 21 icke
403 989 57 19 ännu
476 987 90 21 beslutit
581 987 32 26 sig
628 987 33 21 för
677 987 36 21 det
728 993 40 15 ena
783 987 51 21 eller
850 992 36 15 an-

59 1015 39 20 dra
119 1015 114 27 projektet,
257 1022 45 15 som
325 1016 8 20 i
351 1016 60 21 detta
430 1016 101 21 afseende
546 1015 70 22 blifvit
631 1015 78 28 gjordt,
725 1015 23 21 sä
762 1017 24 19 är
802 1015 36 21 det
853 1015 34 20 väl

59 1043 77 26 derför,
152 1045 33 20 att
199 1044 144 21 kostnaderna
353 1044 33 21 för
396 1044 154 21 realiserandet
561 1044 23 21 af
592 1045 63 20 dessa
665 1044 83 27 projekt
758 1043 56 22 varit
824 1043 64 21 orim-

59 1071 48 27 liga.
137 1072 42 21 För
194 1074 33 19 att
241 1073 125 26 regeringen
381 1073 91 20 sälunda
487 1073 119 20 tillsvidare
621 1073 102 20 hesiterat
738 1073 32 20 att
780 1071 71 22 utföra
861 1071 26 21 de

59 1100 120 26 föreslagna
193 1101 189 27 förbättringarna,
398 1101 69 21 skulle
480 1102 39 26 jag
533 1101 33 21 för
581 1102 42 20 min
640 1101 33 21 del
689 1101 49 27 vilja
753 1100 83 22 skänka
847 1100 41 21 den

60 1129 49 21 mitt
130 1129 143 26 erkännande,
296 1131 23 25 ty
335 1130 37 26 jag
392 1136 62 15 anser
475 1132 33 19 att
523 1130 70 26 nägon
608 1132 64 24 gräns
688 1129 54 21 dock
757 1129 39 21 bör
812 1128 75 26 finnas,

60 1157 84 21 utöfver
158 1157 86 21 hvilken
260 1158 116 26 utgifterna
391 1158 33 21 för
439 1158 78 26 Hangö
534 1158 75 21 hamns
619 1158 148 21 förbättrande
778 1158 46 20 icke
835 1157 54 21 böra

59 1186 128 21 utsträckas.
217 1186 62 21 Visar
302 1186 36 22 det
360 1187 32 26 sig
415 1188 32 20 att
471 1187 38 21 det
528 1187 41 21 blir
588 1186 99 27 ofantligt
710 1186 46 27 dyrt
772 1188 32 19 att
818 1185 71 27 bygga

59 1220 42 21 nya
123 1214 75 27 möljor
217 1214 7 21 i
242 1214 83 27 Hangö,
346 1215 24 21 sä
385 1217 45 19 tror
442 1215 38 27 jag
497 1215 36 21 det
548 1215 40 21 blir
604 1215 77 26 bättre,
697 1216 32 20 att
743 1214 44 22 läta
802 1214 87 21 dermed

59 1242 52 21 bero
134 1243 124 26 tillsvidare,
282 1244 128 20 ätminstone
433 1244 33 20 till
490 1244 49 20 dess
557 1249 49 15 man
626 1249 33 15 ser
678 1245 32 19 att
725 1243 37 21 der
777 1242 71 21 blifvit
863 1248 26 14 en

60 1272 69 20 större
148 1271 64 21 trafik
227 1273 28 19 än
274 1278 35 15 nu.
339 1272 32 20 De
389 1272 21 20 få
429 1272 112 26 ångbåtar,
561 1278 46 15 som
627 1272 76 20 hittills
719 1272 27 20 ha
760 1270 130 22 underhållit

60 1299 167 26 vintertrafiken,
243 1300 61 21 torde
319 1306 43 20 nog
376 1300 22 20 fä
413 1300 58 26 plats
486 1300 37 21 vid
538 1300 41 21 den
594 1300 70 26 mölja,
681 1306 46 15 som
737 1300 66 19 redan
814 1298 74 21 finnes.

59 1327 42 26 Jag
123 1327 38 21 har
183 1328 55 21 dock
260 1328 108 27 ingenting
391 1329 58 20 emot
467 1329 34 20 att
520 1328 234 27 petitionsmemorialet
768 1326 122 22 remitteras

60 1355 33 21 till
108 1356 89 21 utskott.

130 1384 153 22 Diskussionen
299 1385 134 21 förklarades
449 1385 90 21 härmed
554 1385 99 26 afslutad,
668 1385 81 26 hvarpä
764 1385 25 20 hr
800 1384 90 21 talman-

61 1418 42 15 nen
118 1413 32 20 till
166 1413 97 21 ständets
278 1413 133 22 besvarande
425 1413 127 22 framstälde
563 1413 94 27 följande
668 1413 222 26 omröstningspropo-

61 1440 74 21 sition:

130 1468 40 27 De,
192 1469 70 21 hvilka
281 1469 54 28 vilja
358 1470 106 21 remittera
488 1470 26 21 hr
529 1477 39 14 von
584 1469 85 26 Pfalers
684 1469 138 27 förevarande
835 1467 55 27 peti-

61 1496 136 28 tionsförslag
219 1497 32 21 till
272 1497 152 27 förberedande
447 1498 127 27 behandling
592 1498 26 28 af
634 1498 84 26 utskott,
733 1499 57 20 rösta
800 1497 42 27 ja;
859 1496 31 25 de,

61 1524 35 21 det
109 1525 43 21 icke
166 1525 59 27 vilja,
241 1527 57 20 rösta
313 1527 49 26 nej;

810 1575 22 20 16
