1084 1748
229 119 27 36 46
502 129 93 24 Borgarest.
607 125 45 24 1888.
676 131 20 18 28
709 131 36 18 Jan.

211 198 34 21 för
263 198 36 21 det
318 199 63 26 lägre;
401 199 66 22 måste
482 199 74 22 bifalla
571 200 33 21 till
619 200 26 21 hr
660 200 106 21 Fellmans
782 199 117 22 befriande.
928 200 65 21 Detta
1008 202 24 19 är

211 227 116 26 någonting
348 228 44 21 helt
407 230 65 19 annat
487 231 26 18 än
533 229 56 20 hvad
608 228 230 27 landtdagsordningen
854 235 72 14 menar
941 229 48 21 med
1000 232 32 17 att

211 261 63 20 ingen
290 256 54 21 skall
359 257 71 20 kunna
444 257 107 21 förmenas
566 258 32 20 att
608 257 74 21 utöfva
692 257 38 21 sitt
739 257 292 27 landtdagsmannauppdrag.

280 285 31 20 Hr
327 284 135 23 Stenbäck.
491 285 41 27 Jag
547 288 46 19 tror
609 288 31 19 att
654 292 49 15 man
719 287 39 20 har
773 285 138 22 missförstått
926 286 47 21 mitt
988 288 42 25 ytt-

211 313 72 20 rande.
313 313 41 26 Jag
369 314 87 21 menade
472 315 51 20 visst
537 314 48 21 icke
601 316 32 19 att
648 317 88 18 senaten
750 314 70 21 skulle
835 314 90 21 behöfva
935 315 96 26 upphöra

211 341 47 21 med
280 342 30 21 sin
326 342 140 27 verksamhet,
482 345 51 19 utan
549 343 71 21 talade
635 343 75 21 endast
725 349 34 15 om
774 344 32 20 att
822 343 36 20 det
872 349 50 15 vore
938 349 25 15 en
978 343 53 27 möj-

211 370 72 26 lighet.
314 371 60 20 Huru
392 371 36 21 vill
446 371 28 21 då
494 372 25 20 hr
538 372 77 25 Elving
633 373 51 26 säga
703 373 32 20 att
750 371 125 22 utöfvandet
890 371 22 21 af
925 373 107 19 senators-

210 398 67 22 kallet
291 401 23 18 är
329 399 64 26 något
407 400 65 27 högre
487 402 27 19 än
528 400 127 21 utöfvandet
670 401 22 20 af
704 400 271 27 landtdagsmannakallet?
991 400 40 27 Jag

211 428 45 20 tror
272 429 31 19 att
318 427 25 21 hr
358 428 74 27 Elving
448 429 49 27 sjelf
510 429 39 21 har
563 429 107 26 misstagit
686 429 37 26 sig.

280 456 31 21 Hr
326 456 91 22 Heikel
432 458 71 21 anhöll
518 464 35 15 om
569 457 155 27 bordläggning
738 457 40 22 och

280 485 24 20 hr
319 485 155 27 Chydenius,
490 493 43 14 som
550 486 61 21 äfven
626 487 75 26 begärt
716 486 68 27 ordet,
801 486 68 21 afstod
886 485 97 26 derifrån,
998 492 32 15 se-

211 513 40 21 dan
267 514 92 26 begäran
375 520 33 15 om
424 515 153 27 bordläggning
591 516 73 26 gjorts.

279 542 89 21 Ståndet
383 543 69 21 beslöt
466 544 52 20 härå
532 545 33 20 att
581 544 115 26 bordlägga
711 544 75 26 frågan
801 544 33 21 till
849 546 61 19 nästa
924 550 105 14 samman-

210 571 67 21 träde.

279 628 118 26 Föredrogs
412 629 38 21 och
466 629 57 21 lades
538 630 33 20 till
586 630 155 26 handlingarna
753 636 25 14 en
790 630 47 20 från
849 631 84 19 senator
946 629 22 21 af
977 630 53 20 Fro-

211 659 68 19 sterus
301 657 32 21 till
354 657 84 22 ståndet
456 658 126 21 ankommen
601 658 110 22 skrifvelse
727 658 66 27 jemte
812 659 31 20 ett
862 658 122 21 densamma
998 658 32 20 bi-

210 685 59 27 lagdt
287 686 112 26 protokoll,
418 687 225 27 vidhandengifvande,
663 689 31 19 att
713 688 65 20 sedan
798 687 32 21 till
848 693 29 15 nu
892 688 138 19 sammanträ-

210 714 69 20 dande
298 714 102 27 landtdag
414 716 63 20 valda
492 715 78 21 ombud
585 716 34 20 för
635 716 25 21 de
675 718 32 19 tre
724 715 169 22 ofrälsestånden
908 716 7 20 i
930 715 99 21 afseende

211 742 12 21 å
245 743 130 27 granskning
393 744 31 20 till
450 745 97 20 senatorn
569 744 99 21 aflemnat
690 745 46 21 sina
754 744 129 26 fullmakter,
902 744 61 21 dessa
981 744 48 20 full-

210 771 83 21 makter
317 772 69 21 blifvit
404 772 22 21 af
443 774 97 19 senatorn
556 773 162 27 genomgångna
734 773 39 21 och
788 773 120 26 godkända,
924 772 106 21 hvarefter

210 800 105 21 ombuden
340 800 66 22 blifvit
424 801 98 21 försedda
537 801 49 21 med
601 802 162 26 inträdespollet
778 802 32 20 till
825 804 45 18 säte
886 801 39 21 och
940 802 89 20 stämma

209 828 80 21 enhvar
303 829 6 20 i
325 829 37 21 sitt
376 829 68 21 stånd.

278 915 55 20 Från
355 915 202 22 ekonomiutskottet
575 916 55 22 hade
649 917 117 21 ankommit
788 923 25 14 en
840 916 115 27 skrifvelse,
972 916 57 21 med-

210 943 90 21 delande
323 945 31 20 att
375 944 105 22 utskottet
498 945 31 21 till
549 945 32 21 sin
600 945 126 21 ordförande
746 946 68 20 utsett
832 945 115 21 statsrådet
966 945 22 21 L.
1003 945 25 21 L.

208 972 130 23 Lindelöf,
354 973 40 21 och
414 974 57 20 lades
487 974 47 26 den,
550 974 69 21 såsom
635 974 46 22 icke
696 974 153 21 föranledande
864 974 33 20 till
912 974 69 26 någon
997 973 31 21 åt-

209 1001 53 25 gärd
277 1000 47 22 från
340 1001 94 21 ståndets
450 1002 51 26 sida,
517 1002 32 21 till
565 1002 95 22 ståndets
676 1003 133 26 handlingar.

277 1087 31 21 Hr
323 1088 120 20 talmannen
458 1088 131 25 meddelade,
605 1090 32 19 att
652 1088 64 26 enligt
732 1088 244 21 talmanskonferensens
991 1088 37 20 be-

209 1115 42 21 slut
273 1116 63 26 plena
358 1116 67 20 under
444 1116 175 21 nästkommande
642 1117 65 21 vecka
722 1117 84 20 komme
822 1119 33 18 att
869 1116 67 21 hållas
951 1116 78 21 onsda-

207 1149 40 21 gen
263 1144 41 20 den
320 1145 10 20 1
346 1144 93 22 februari
453 1145 29 21 kl.
497 1145 13 21 6
525 1145 28 27 på
567 1145 166 27 eftermiddagen
748 1145 39 21 och
803 1146 100 26 lördagen
918 1144 39 21 den
973 1145 9 20 4
990 1144 37 21 fe-

208 1172 74 21 bruari
297 1172 28 22 kl.
342 1173 24 21 11
383 1173 27 27 på
424 1174 153 26 förmiddagen,
593 1176 55 19 samt
663 1174 69 21 under
746 1174 121 26 påföljande
882 1173 66 21 vecka
961 1172 68 22 tisda-

207 1206 42 20 gen
264 1201 40 21 den
320 1202 11 20 7
347 1201 91 22 februari
455 1202 28 21 kl.
500 1203 25 21 12
540 1202 28 27 på
583 1202 74 27 dagen.

276 1286 41 21 Hrr
336 1287 168 27 Heimberger
519 1288 40 21 och
575 1288 127 22 Sumelius
718 1288 57 21 bade
791 1288 91 21 anhållit
896 1289 32 19 att
943 1287 32 21 för
990 1292 37 15 en-

207 1315 69 21 skilda
297 1315 177 27 angelägenheter
495 1316 21 21 få
538 1322 51 16 vara
603 1317 141 21 frånvarande
759 1317 47 21 från
826 1316 96 21 ständets
940 1315 88 21 nästföl-

203 1343 66 27 jande
280 1344 160 26 sammanträde,
456 1345 84 21 hvilken
555 1346 99 20 anhållan
670 1346 22 20 af
705 1346 87 21 ståndet
808 1345 78 21 bifölls.

275 1430 88 21 Plenum
379 1430 115 22 afslutades
508 1431 28 21 kl.
553 1431 39 28 2'/s
609 1438 17 14 e.
642 1438 27 14 m.

792 1471 21 17 In
826 1471 64 18 fidem:

729 1505 97 21 Mauritz
840 1504 119 27 Hornborg.
