1086 1748
359 130 93 22 Borgarest.
464 129 47 18 1888.
535 129 11 18 4
557 129 50 22 April.
838 128 34 18 528

69 199 122 26 föreslaget.
221 199 43 21 Det
279 205 62 20 synes
356 199 43 26 mig
414 198 26 27 gå
455 199 77 20 nästan
547 198 33 21 för
595 197 66 27 långt,
678 203 34 16 om
725 197 115 21 ständerna
850 197 46 21 icke

71 227 72 21 kunna
160 227 58 27 gifva
237 227 23 21 åt
279 227 60 21 desse
357 227 198 26 kronotjenstemän
574 228 32 19 ett
625 227 98 26 uppdrag
740 226 8 21 i
767 225 40 22 och
821 225 34 21 för
870 231 26 15 en

71 256 115 26 bevillning
201 257 52 19 utan
269 257 32 19 att
317 255 71 21 derför
403 255 107 21 fastställa
525 261 27 14 en
567 257 61 18 extra
644 254 125 26 ersättning,
780 254 27 21 då
817 259 79 16 samme

71 284 128 27 tjenstemän
215 283 55 22 dock
285 289 50 16 vore
351 284 101 27 skyldige,
468 283 46 21 ifall
529 283 88 26 afgiften
632 283 110 26 uppbures
752 282 34 21 för
796 281 100 22 statsfon-

71 313 53 20 dens
142 313 96 26 räkning,
258 313 32 20 att
305 312 97 27 uppbära
417 312 39 21 och
472 312 99 21 redovisa
585 311 34 21 för
635 311 123 21 densamma
773 312 52 19 utan
840 310 56 21 skild

71 341 142 26 godtgörelse.
245 341 42 26 Jag
305 340 67 21 skulle
390 340 71 21 derför
480 341 51 26 vilja
546 339 102 22 särskildt
663 339 136 27 interpellera
814 339 83 20 utskot-

71 370 43 21 tets
133 369 142 25 medlemmar,
293 369 105 21 huruvida
414 369 26 20 de
454 369 47 20 icke
517 369 53 26 tagit
586 369 70 20 denna
671 367 61 27 fråga
746 368 68 21 under
829 367 68 21 öfver-

71 399 103 25 vägande,
191 398 39 21 och
245 397 105 21 huruvida
364 397 108 21 utskottet
487 399 97 19 närmare
597 397 38 20 har
645 396 86 27 pröfvat
740 395 157 27 behöfligheten

72 426 23 21 af
109 427 59 21 detta
186 426 129 26 stadgandes
330 425 158 22 bibehållande.
518 425 42 22 För
576 425 44 21 min
635 425 35 21 del
685 431 50 14 vore
747 425 38 26 jag
799 424 50 27 böjd
865 425 32 20 att

72 455 45 21 låta
133 455 36 21 det
184 455 45 20 helt
244 455 39 20 och
299 454 65 21 hållet
379 454 108 21 bortfalla.

141 483 31 21 Hr
193 483 191 27 Neppenström
407 483 145 21 understödde
574 482 36 21 det
633 482 23 21 af
677 482 25 21 hr
724 481 77 22 Heikel
822 481 75 27 gjorda

71 511 108 27 förslaget.

142 540 31 20 Hr
191 540 146 21 Lindblom:
369 540 44 20 För
430 540 44 20 min
493 540 34 20 del
545 539 38 21 ber
600 539 37 27 jag
656 540 33 20 att
709 538 22 22 få
752 538 87 22 förorda
860 544 38 14 an-

71 568 104 27 tagandet
193 568 22 21 af
232 568 11 27 $
262 569 13 21 2
294 568 134 21 oförändrad.
457 568 44 21 Det
520 568 41 20 kan
581 568 124 26 visserligen
720 567 68 21 finnas
802 566 47 22 skäl
864 566 34 21 för

73 598 41 20 den
136 596 23 22 af
179 597 25 20 hr
226 596 79 22 Heikel
325 597 127 21 framhällna
475 597 89 26 äsigten,
580 602 48 15 men
643 596 37 21 det
695 596 67 20 skulle
778 595 120 26 säkerligen

72 626 111 20 föranleda
202 625 121 21 konflikter.
354 625 40 21 Om
413 626 60 20 detta
490 625 84 27 belopp,
594 631 46 15 som
658 624 94 21 tillfaller
770 624 128 26 tulltjenste-

72 656 92 19 männen
178 654 33 21 för
225 654 132 26 uppbörden,
372 654 99 20 beröfvas
487 654 54 26 dem,
557 654 23 20 sä
591 653 69 21 skulle
670 653 27 21 de
707 653 133 27 tjenstemän,
852 657 46 16 som

73 684 46 20 före
138 683 69 20 denna
225 682 135 26 förändrings
378 682 167 27 genomförande
562 682 82 20 inträdt
662 682 7 20 i
689 682 97 26 tjensten,
802 680 96 28 päräkna

73 712 34 20 att
125 710 23 22 af
164 710 129 22 statsverket
311 711 85 27 åtnjuta
415 711 125 25 ersättning.
574 710 29 21 Sä
621 710 40 21 har
679 710 127 20 åtminstone
821 708 77 22 hittills

73 739 56 21 varit
143 739 67 26 fallet,
226 739 28 21 dä
269 738 66 27 nägra
349 740 92 26 sportler
455 739 66 21 hafva
535 739 123 26 borttagits.
688 738 97 26 Utgiften
800 740 24 18 är
838 738 5 20 i
856 737 42 21 alla

73 767 38 21 fall
134 768 23 20 sä
176 768 114 26 obetydlig,
309 768 32 20 att
359 774 59 15 mera
435 768 55 20 bräk
509 767 39 21 och
568 767 77 21 trassel
660 768 28 19 än
706 768 60 25 nyttä
785 766 39 21 och
842 771 56 21 gagn

73 796 160 21 framkallades.
262 796 41 26 Jag
318 798 42 24 vet,
376 797 32 20 att
423 796 27 20 dä
465 796 168 21 skattekomit6n
648 802 38 14 var
696 794 120 26 församlad,
827 794 24 21 sä
861 800 38 14 var

73 824 43 21 den
137 824 102 26 förlägen,
262 824 54 21 huru
338 824 126 27 uppbörden
486 824 23 21 af
526 824 220 26 tobaksbevillningen
766 823 68 21 skulle
853 822 45 26 ske,

74 852 41 22 och
133 852 125 22 föranledde
278 853 36 21 det
332 853 30 21 till
383 853 62 26 länga
460 852 204 27 underhandlingar,
680 852 89 21 emedan
784 850 115 22 tullverket

73 881 75 27 gjorde
170 881 93 27 anspräk
281 881 27 27 pä
325 883 69 19 större
417 882 124 26 ersättning,
564 883 27 19 än
610 881 41 21 den
670 887 45 14 som
734 881 44 20 blef
795 879 103 22 bestämd.

74 910 41 21 Om
130 910 115 21 ständerna
259 910 68 21 skulle
338 910 82 26 nödgas
430 910 116 21 verkställa
558 910 70 20 denna
638 909 105 27 uppbörd,
754 909 69 21 skulle
833 907 65 26 utgif-

73 941 37 19 ten
125 939 55 26 stiga
195 939 33 21 till
243 939 66 26 högre
324 940 26 19 än
366 945 27 14 en
408 940 95 26 procent.
533 938 41 26 Jag
589 940 46 19 tror
650 939 34 20 att
699 937 36 21 det
748 943 52 15 vore
815 938 32 20 att
856 936 43 22 för-

74 967 63 21 svära
154 967 40 21 och
212 967 97 21 inveckla
328 967 75 27 frägan
422 969 32 19 att
473 967 81 27 päyrka
574 967 90 25 ändring
682 967 8 20 i
706 966 67 21 denna
789 966 39 20 del.
858 965 41 26 Jag

74 996 38 20 ber
127 997 32 19 att
174 995 21 21 fä
210 996 131 20 understöda
356 996 131 26 antagandet
502 996 24 20 af
539 995 127 27 paragrafen
682 994 134 22 oförändrad.

144 1024 31 20 Hr
193 1024 104 26 Elving:
329 1024 42 26 Jag
389 1027 46 18 tror
449 1025 34 20 att
497 1024 26 20 hr
538 1024 75 20 Heikel
629 1024 39 20 har
684 1023 83 27 mycket
782 1024 43 19 rätt
839 1022 8 20 i
862 1022 38 20 sitt

73 1054 152 19 resonnement
240 1052 40 22 och
296 1052 32 21 sin
343 1052 138 28 uppfattning
496 1058 35 15 om
545 1052 172 26 obehöfligheten
732 1051 22 21 af
768 1051 69 21 denna
846 1056 54 20 upp-

73 1080 66 22 börds
156 1083 95 24 procent,
271 1087 48 15 men
335 1081 37 27 jag
390 1081 86 21 befarar
495 1083 32 19 att
542 1081 20 21 vi
577 1080 70 22 skulle
662 1081 57 20 sätta
733 1079 71 21 alltför
819 1078 81 27 vigtiga

73 1109 105 21 intressen
194 1109 27 27 pä
237 1110 51 26 spel,
304 1109 45 21 ifall
364 1110 21 20 vi
400 1109 119 21 omfattade
533 1110 25 20 hr
569 1109 88 21 Heikels
667 1108 85 26 förslag.
775 1108 43 20 Det
827 1107 73 21 kunde

71 1138 26 26 ju
114 1137 78 27 hända,
212 1139 32 20 att
263 1144 26 14 en
307 1137 67 22 sädan
392 1138 91 26 ändring
502 1138 70 21 skulle
586 1138 86 20 komma
687 1137 48 21 hela
749 1136 103 26 förslaget
867 1136 33 20 att

73 1166 91 21 förfalla.
194 1166 51 21 Men
260 1172 36 15 om
310 1166 65 21 också
389 1166 48 21 icke
453 1166 60 21 detta
523 1166 70 21 blefve
603 1166 88 26 följden,
702 1165 23 21 sä
736 1171 50 15 vore
797 1164 36 21 det
844 1163 55 22 dock

74 1200 28 16 en
117 1194 114 27 anledning
246 1195 34 21 till
295 1196 32 20 att
343 1195 41 21 öka
399 1195 177 26 obenägenheten
590 1196 46 19 mot
651 1193 160 27 framläggande
827 1192 23 21 af
857 1192 43 21 för-

75 1224 46 25 slag
136 1222 33 22 för
184 1222 127 22 kommande
327 1223 102 27 landtdag
443 1224 8 20 i
466 1224 71 20 denna
551 1222 67 27 fräga.

144 1251 31 21 Hr
197 1252 124 26 Högman:
359 1252 45 20 Hra
423 1252 98 20 Heikelin
540 1251 142 28 kysymyksen
698 1250 102 28 johdosta
818 1249 82 21 tahdon

74 1280 95 26 mainita,
189 1281 46 19 että
253 1280 125 21 valiokunta
392 1280 72 21 katsoi
479 1280 172 25 kohtuulliseksi,
667 1280 45 20 että
727 1279 44 20 kun
786 1284 22 15 se
823 1278 78 20 kerran

75 1308 92 21 määräsi
185 1308 205 22 tullivirkamiehille
409 1309 100 26 erityisen
528 1310 58 26 työn,
599 1308 53 27 joka
666 1306 201 22 välttämättömästi
882 1306 19 20 ei

74 1336 108 22 kuulunut
203 1336 78 22 heidän
303 1337 113 21 virkaansa
438 1337 83 21 valtion
539 1336 135 27 tulliverojen
692 1335 163 28 ylöskantajina,
873 1334 28 20 he

74 1365 98 27 myöskin
187 1366 88 20 saisivat
289 1366 49 20 siitä
350 1365 83 27 jonkun
449 1366 109 27 palkkion,
572 1366 23 27 ja
610 1364 44 21 kun
670 1364 128 21 semmoinen
813 1362 87 28 palkkio

75 1393 29 21 oli
120 1394 53 20 ollut
188 1395 105 20 olemassa
305 1394 23 27 jo
344 1394 113 26 ennenkin,
474 1395 21 20 ei
509 1394 125 21 valiokunta
649 1393 55 21 siinä
714 1393 102 20 tahtonut
826 1391 76 22 ehdot-

74 1423 38 20 taa
130 1422 81 21 mitään
230 1423 129 20 muutoksia.
393 1422 90 21 Muuten
503 1423 99 26 yhdistyn
621 1422 68 21 siihen
708 1421 51 21 mitä
774 1421 48 20 hrat
837 1419 65 22 Lind-

75 1450 58 21 blom
145 1450 24 27 ja
182 1451 78 26 Elving
275 1453 50 19 ovat
340 1451 115 26 puhuneet.

144 1479 32 20 Hr
191 1479 145 21 Wasenius:
366 1479 42 26 Jag
424 1479 59 21 delar
497 1485 81 15 samma
588 1478 137 27 uppfattning
736 1484 45 15 som
791 1477 37 21 hrr
838 1476 64 21 Lind-

75 1506 58 21 blom
148 1507 40 21 och
202 1507 77 26 Elving
295 1514 34 15 om
345 1508 168 26 olämpligheten
528 1507 23 21 af
564 1508 33 20 att
611 1513 29 14 nu
655 1509 50 18 röra
719 1507 35 20 vid
769 1506 69 21 denna
853 1510 49 21 pro-

74 1536 103 21 centsats.
206 1536 42 26 Jag
263 1536 38 21 ber
317 1535 55 22 dock
387 1537 33 19 att
434 1535 22 22 fä
471 1535 91 28 päpeka,
579 1537 32 19 att
626 1535 34 21 för
675 1535 41 21 den
726 1534 102 21 händelse
838 1534 64 20 stats-
