1086 1748
248 127 34 18 372
515 127 92 23 Borgarest.
620 127 47 19 1888.
690 128 11 18 3
713 128 50 18 Mars.

225 202 76 20 genom
317 196 193 27 sidoförgreningar
524 198 67 20 sattes
607 197 7 21 i
629 196 100 27 beröring
745 196 48 21 med
807 196 121 26 hamnplats
944 197 57 21 såväl
1016 197 35 21 vid

225 224 119 22 Jakobstad
361 231 43 15 som
421 224 76 22 Gamla
512 225 95 27 Karleby
623 225 39 21 och
678 227 27 19 än
720 225 73 21 vidare
809 224 33 21 vid
860 224 106 28 Uleåborg
978 226 73 20 leddes

225 252 60 22 öfver
307 253 67 21 elfven
396 253 42 21 hän
460 254 32 20 till
515 253 90 27 Toppila
627 253 61 25 sund,
707 253 66 26 ansåg
792 259 48 15 man
859 253 58 21 detta
936 254 69 21 såsom
1025 260 25 15 en

225 281 80 27 borgen
323 282 34 20 för
374 284 32 18 att
425 282 142 25 Wasabanan,
584 282 84 20 direkta
682 281 216 27 förmedlingslänken
914 282 76 21 mellan
1006 282 45 21 lan-

225 310 47 20 dets
295 312 94 19 centrum
412 310 39 21 och
473 310 209 26 verldsmarknaden,
706 310 34 21 vid
763 310 70 20 denna
854 310 103 27 landtdag
972 311 78 27 jemväl

226 338 68 21 skulle
310 338 81 21 erhålla
407 339 30 20 sin
455 338 116 26 afslutning
586 338 35 21 vid
637 338 98 21 Wasklot
749 338 72 21 hamn.

294 367 134 21 Beträffande
444 367 26 21 de
485 367 46 21 skäl
546 367 87 21 hvarför
648 367 98 21 Wasklot
762 366 72 27 spåret
849 368 81 20 ansetts
945 367 53 21 böra
1008 367 43 21 för-

224 394 58 26 falla,
302 395 34 21 må
354 397 94 19 nämnas,
468 397 32 19 att
518 395 91 21 orsaken
629 395 33 21 till
681 395 112 27 ringheten
812 394 23 22 af
851 395 37 21 det
906 395 82 26 bidrag,
1004 402 45 14 som

224 423 128 21 kommunen
367 424 97 26 utlofvat,
480 423 45 21 står
540 425 32 19 att
587 423 53 21 söka
652 424 50 25 deri,
714 425 31 20 att
757 423 47 26 den,
816 424 65 20 sedan
893 424 48 20 dess
952 423 98 27 flyttning

225 452 74 20 endast
315 452 65 26 några
396 452 39 21 och
450 452 58 27 tjugo
525 452 23 20 år
563 452 71 26 gamla
649 452 81 25 staden,
744 452 85 26 nyligen
839 452 87 26 uppfört
939 453 31 19 ett
982 452 68 21 stads-

225 480 39 20 hus
284 480 32 20 för
335 486 26 15 en
379 480 92 21 kostnad
489 480 23 21 af
528 480 98 26 omkring
645 481 94 25 450,000
757 480 67 25 mark,
844 482 55 19 samt
914 482 32 19 att
961 480 39 21 den
1017 480 33 22 för

224 509 132 20 närvarande
382 509 38 20 har
445 509 27 27 på
495 509 160 26 dagordningen
677 509 123 27 ytterligare
823 510 75 20 trenne
920 509 130 21 kostsamma

225 536 94 26 arbeten,
340 537 113 27 nemligen:
472 537 148 21 anskaffandet
639 537 23 21 af
679 537 166 26 vattenledning,
861 539 101 24 gatornas
978 537 72 21 maka-

225 565 128 27 damisering
370 566 40 20 och
428 566 86 20 stadens
533 566 121 26 belysande.
688 566 33 20 Då
739 566 181 20 Wasklotbanans
939 566 111 27 byggande

224 594 101 25 beslutes,
341 594 32 21 får
387 594 40 21 ock
438 594 75 21 staden
524 594 118 21 vidkännas
654 594 66 27 dryga
731 594 116 21 kostnader
859 594 7 20 i
878 594 38 21 och
928 594 32 21 för
972 594 77 27 nödiga

225 622 141 26 anordningar
380 623 57 21 invid
452 622 168 21 hamnområdet.

294 651 141 26 Antagandet,
454 653 32 19 att
504 650 85 22 Brändö
606 651 63 21 hamn
686 650 67 22 skulle
769 650 107 27 begagnas
891 651 81 26 ganska
988 651 61 26 länge

223 679 55 21 efter
293 679 37 21 det
340 681 31 19 att
382 679 98 21 Wasklot
491 680 88 20 kommit
590 680 33 20 till
634 679 69 25 stånd,
716 679 39 21 har
767 680 32 20 sin
811 679 133 27 tillämpning
955 680 94 26 tydligen

224 708 75 20 endast
319 708 12 20 å
347 708 39 20 den
402 708 34 20 del
452 708 23 20 af
487 708 145 26 varuutbytet,
649 714 45 14 som
710 708 56 20 afser
781 708 86 20 stadens
883 709 105 19 närmaste
1004 714 45 14 om-

224 736 55 26 nejd.
302 736 47 21 Den
361 736 161 26 hufvudsakliga
534 736 39 21 och
585 738 69 19 större
666 736 61 21 delen
739 736 84 21 tillfölle
831 736 105 26 sjelffallet
944 736 104 25 Wasklot,

224 764 23 20 så
267 766 60 19 snart
346 764 137 26 erforderliga
502 765 143 26 anordningar
664 765 38 20 der
721 764 76 21 hunnit
817 764 39 21 och
873 764 80 21 kunnat
968 764 80 22 träffas.

223 792 70 21 Bland
308 793 61 21 dessa
384 793 34 21 må
433 795 87 19 nämnas
535 793 103 26 förslaget
653 799 34 15 om
703 795 30 19 ett
748 792 34 21 för
797 794 152 25 exportörerna
964 799 85 20 gemen-

223 823 56 19 samt
297 821 212 27 spanmålsnederlag,
526 821 136 27 hvarigenom
678 821 110 27 betydliga
803 821 160 27 inbesparingar
978 821 71 21 kunde

222 851 69 24 göras,
311 850 71 20 hvilka
402 850 46 20 åter
467 850 26 26 på
512 850 69 26 grund
600 850 24 20 af
637 850 13 20 å
665 851 59 20 orten
740 849 95 21 rådande
850 849 51 27 liflig
916 849 133 21 konkurrens

222 877 176 28 hufvudsakligen
409 879 83 20 tillfölle
501 878 157 27 jordbrukaren
671 879 6 20 i
688 878 53 21 form
755 877 22 22 af
786 878 66 26 högre
859 877 188 28 försäljningspris.

292 907 168 20 Vidkommande
478 907 143 20 förhållandet
640 909 32 18 att
692 907 73 20 städer
780 907 48 20 med
843 906 124 27 strandspår
984 906 64 21 likväl

221 935 8 20 i
247 935 27 20 de
293 934 60 21 flesta
370 935 38 21 fall
426 937 37 19 äro
482 935 123 21 nödsakade
625 937 32 18 att
672 935 99 20 använda
786 935 85 26 pråmar
885 934 33 21 för
933 935 116 26 inlastning

221 963 24 20 af
263 965 101 23 trävaror,
384 963 23 21 så
426 963 60 21 torde
506 963 59 21 detta
581 963 129 21 åtminstone
725 963 66 21 delvis
808 963 51 21 bero
875 963 22 20 af
911 969 137 21 ogynsamma

221 991 148 21 förhållanden
392 992 51 20 eller
466 992 99 26 olämplig
587 992 126 25 anordning,
731 997 50 15 men
800 991 28 21 då
848 991 133 21 Wasabanan
1000 991 47 21 icke

222 1019 63 21 berör
301 1020 170 26 upplagsplatser
485 1021 48 19 med
548 1020 82 21 mindre
647 1020 123 21 densamma
785 1020 57 21 ledes
857 1020 32 20 till
904 1019 104 26 Wasklot,
1025 1019 23 22 så

219 1048 131 21 tillkommer
364 1049 123 26 ytterligare
502 1048 120 21 kostnaden
636 1048 34 21 för
684 1050 137 19 trävarornas
837 1048 87 26 forsling
939 1048 47 21 med
999 1048 49 21 häst

219 1076 33 21 till
276 1077 25 20 de
323 1077 79 25 ganska
424 1077 93 26 aflägsna
535 1077 124 21 nuvarande
678 1077 205 26 upplagsplatserna,
903 1076 54 21 ifrån
976 1076 72 21 hvilka

218 1104 140 27 pråmningen
381 1105 72 20 vidare
476 1105 31 20 till
531 1106 45 19 stor
594 1105 34 21 del
648 1105 83 20 komme
751 1106 32 19 att
801 1104 74 21 kräfva
894 1104 114 27 bogsering
1027 1104 22 21 af

219 1133 58 20 ända
291 1133 33 20 till
339 1133 36 20 två
390 1135 63 19 verst.
483 1133 10 20 I
508 1133 98 21 Wasklot
622 1133 100 21 bortfölle
738 1133 119 20 kostnaden
875 1133 57 20 såväl
944 1133 33 20 för
989 1135 58 18 tran-

218 1163 89 24 sporten
322 1161 47 20 med
385 1161 47 21 häst
448 1167 44 15 som
508 1161 33 21 för
556 1162 114 26 bogsering
685 1161 23 21 af
719 1161 120 26 pråmarne.
862 1161 104 26 Slutligen
978 1161 69 20 måste

217 1189 125 21 framhållas
357 1191 32 19 att
405 1189 27 21 då
447 1189 64 22 Wasa
522 1192 63 24 utgör
595 1190 116 27 Jyväskylä
722 1189 98 21 traktens
832 1189 106 26 naturliga
951 1189 94 25 uthamn,

217 1217 26 21 så
258 1218 67 26 ligger
339 1218 106 26 synnerlig
460 1218 43 26 vigt
519 1218 71 27 derpå,
606 1220 32 19 att
654 1218 99 21 Wasklot
769 1217 72 27 spåret
851 1217 24 21 så
886 1218 7 20 i
904 1218 31 20 tid
946 1218 100 24 beslutes,

219 1247 32 19 att
270 1246 123 25 detsamma,
410 1247 66 26 jemte
491 1246 86 21 dermed
592 1247 7 20 i
615 1246 103 21 samband
733 1246 89 21 stående
837 1247 94 25 magasin
947 1245 99 27 upplags-

218 1274 81 26 platser
314 1281 27 14 m.
357 1273 21 22 fl.
394 1275 149 26 anordningar,
559 1275 135 26 nödvändiga
709 1275 34 20 för
758 1274 171 24 trafikbehofvet,
946 1274 64 26 något
1023 1273 24 22 så

218 1304 39 19 när
273 1303 75 20 hinner
362 1302 118 21 fullbordas
495 1303 32 20 till
542 1303 129 26 tidpunkten
686 1303 33 20 för
730 1303 121 26 byggandet
863 1303 23 20 af
896 1302 147 27 Myllymäki--

216 1330 117 27 Jyväskylä
348 1331 77 20 banan.

288 1359 31 20 Hr
334 1359 91 21 Walle:
456 1359 40 26 Jag
511 1359 38 21 har
565 1359 49 22 med
629 1360 70 26 glädje
715 1359 75 21 erfarit
805 1361 32 19 att
853 1359 26 20 de
893 1358 61 21 flesta
970 1358 75 26 talare,

216 1392 48 15 som
279 1387 91 26 upptädt
385 1387 6 20 i
404 1387 181 27 jernvägsfrågan,
601 1388 47 21 icke
663 1388 90 21 anslutit
768 1388 32 25 sig
812 1387 32 21 till
855 1387 40 21 den
907 1387 139 21 ekonomiska

216 1415 102 26 riktning,
331 1421 45 15 som
388 1415 48 21 från
444 1415 147 28 inflytelserikt
599 1416 44 21 håll
651 1416 49 21 sökt
707 1418 53 25 göra
768 1417 32 25 sig
807 1415 98 27 gällande
913 1415 133 21 beträffande

216 1443 39 21 vår
277 1443 99 22 framtida
395 1444 184 27 jernvägspolitik.
617 1445 42 20 Det
681 1445 39 20 har
743 1444 47 21 icke
809 1444 66 21 heller
894 1443 82 21 kunnat
995 1449 50 15 vara

217 1472 135 21 annorlunda
362 1473 57 20 inom
432 1474 30 19 ett
473 1473 68 25 stånd,
555 1479 45 14 som
611 1473 58 20 inom
681 1473 31 20 sin
725 1473 59 20 krets
796 1473 116 20 innesluter
924 1472 24 20 så
955 1471 90 28 mycken

215 1499 134 28 fackunskap
375 1500 55 21 både
455 1501 57 20 inom
537 1501 252 26 ingeniörsvetenskapen
813 1501 39 20 och
875 1501 36 20 det
932 1500 113 26 praktiska

215 1527 72 22 lifvets
303 1528 105 21 särskilda
424 1529 106 21 områden.
560 1529 131 26 Visserligen
706 1529 41 21 har
757 1535 26 15 en
794 1529 67 20 talare
873 1528 60 21 äfven
946 1528 99 21 omfattat
