1081 1748
217 118 26 32 64
495 123 93 23 Borgarest.
601 123 45 19 1888.
670 123 7 18 1
690 122 47 19 Febr.

442 192 115 22 Dessutom
572 192 107 27 tillfälliga
695 192 81 26 anslag.

263 237 70 21 Dessa
355 238 144 26 anordningar
521 240 37 19 äro
582 238 55 21 dock
659 244 47 14 som
729 237 62 27 sagdt
813 237 47 21 icke
882 238 142 27 tillfyllestgö-

194 265 73 21 rande.
297 266 105 21 Behofvet
417 266 23 21 af
453 273 42 20 nya
510 266 65 28 fyrar,
591 266 142 27 utprickande
747 266 23 21 af
783 272 42 21 nya
835 266 98 26 farleder,
945 268 79 20 utmär-

195 293 70 21 kande
288 294 23 21 af
331 294 80 26 grund,
433 295 44 21 fast
499 295 99 21 anstälda
620 295 74 25 lotsar,
717 294 123 22 inrättande
860 294 23 21 af
899 295 125 27 räddnings-

196 322 105 21 stationer
319 329 26 14 m.
366 329 27 15 m.
412 325 38 25 gör
470 324 31 26 sig
519 323 28 27 på
567 325 32 19 ett
617 324 120 26 trängande
751 325 44 19 sätt
810 323 105 26 gällande.
946 323 79 21 Likaså

195 350 34 21 stå
244 350 101 26 frågorna
360 357 34 15 om
410 352 190 21 åstadkommande
616 352 23 20 af
653 352 100 26 lämpliga
764 351 260 27 fartygskonstruktioner

195 381 55 19 samt
268 379 141 27 bibringande
428 380 23 21 af
469 380 70 27 någon
557 380 99 27 kunskap
671 381 8 20 i
694 380 123 26 navigation
833 380 22 21 åt
870 380 132 26 skepparene
1017 381 7 20 i

196 407 62 21 dessa
273 410 73 19 vatten
362 410 57 19 ännu
434 411 77 25 öppna.

265 436 69 24 Tager
359 443 49 15 man
431 438 37 20 det
490 438 67 26 sagda
575 438 7 20 i
601 437 150 26 betraktande,
775 443 62 21 synes
860 439 31 19 ett
912 437 114 26 tillbörligt

195 464 122 22 beaktande
333 465 22 21 af
369 465 86 27 sjöfarts
471 466 120 21 intressena
605 466 7 20 i
628 466 88 26 Ladoga
729 466 163 26 nödvändigtvis
902 466 78 24 fordra,
992 467 32 19 att

195 492 49 22 dess
264 493 85 27 sjöfarts
369 494 86 21 område
474 494 70 21 bildar
563 496 31 20 ett
615 494 145 27 sjelfständigt
779 494 136 26 lotsdistrikt,
934 494 49 21 med
998 500 26 15 en

196 521 53 26 chef,
266 528 44 14 som
326 522 39 20 har
383 529 80 15 samma
482 523 89 26 insigter
591 523 40 21 och
647 523 151 26 befogenheter
813 524 56 19 samt
884 522 140 28 tillfyllestgö-

195 550 67 20 rande
281 550 126 27 hjelpmedel
421 551 33 21 för
469 551 105 21 skötande
589 551 24 21 af
627 552 32 20 sin
675 552 72 26 tjenst,
763 557 46 15 som
826 551 198 21 distriktscheferna

195 578 35 21 vid
246 578 84 22 landets
346 579 68 27 öfriga
432 580 134 21 lostdistrikt.
597 580 40 20 Vid
655 580 62 21 dessa
732 586 74 14 senare
823 580 39 20 har
877 580 146 26 lotsstyrelsen

195 607 33 21 till
243 607 38 21 sitt
296 608 49 20 stöd
360 608 223 26 skeppsbefälhafvare
598 608 129 27 föreningar,
743 608 135 26 sjömanshus
894 608 39 21 och
949 608 73 21 hamn-

195 636 154 26 myndigheter,
372 636 72 21 hvilka
465 637 86 21 biträda
572 637 49 21 med
644 636 167 22 införskaffande
834 636 22 21 af
872 636 83 26 sakliga
970 643 53 20 upp-

194 664 64 26 gifter
281 664 40 21 och
343 664 120 27 afgifvande
486 665 23 21 af
529 665 112 22 utlåtande
660 666 7 20 i
687 665 126 21 distriktens
836 664 187 28 sjöfartsärenden.

196 692 76 21 Denna
290 692 83 22 förmån
393 693 78 21 saknas
486 694 7 20 i
508 694 94 26 Ladoga,
623 694 40 21 och
679 696 24 18 är
718 700 26 15 en
759 693 116 27 insigtsfull
890 693 132 21 förtroende-

195 727 50 15 man
260 721 111 21 derstädes
387 722 70 21 derför
473 722 24 21 så
511 722 85 27 mycket
611 729 59 15 mera
685 722 106 27 påkallad.

264 749 163 27 Berättigandet
446 750 23 22 af
481 750 88 27 Ladoga
584 751 87 27 sjöfarts
687 751 86 21 område
789 752 33 19 att
836 750 60 21 bilda
911 752 32 19 ett
958 750 65 21 skildt

195 778 131 21 lotsdistrikt
340 778 92 27 framgår
447 780 123 26 ytterligare
586 779 67 26 deraf,
664 780 33 20 att
707 780 48 20 dess
766 779 138 21 kuststräcka
914 780 24 19 är
948 779 74 26 längre

195 808 27 18 än
246 806 70 26 någon
339 807 23 21 af
383 807 108 27 befintliga
513 808 147 26 lotsdistrikts,
683 810 56 18 samt
756 810 33 18 att
804 808 82 20 antalet
901 807 121 27 kustfartyg

195 834 122 22 äfvenledes
332 836 61 20 torde
409 836 113 26 öfverstiga
538 842 81 15 samma
633 836 108 26 kategoris
751 836 71 27 fartyg
832 836 6 20 i
850 836 67 26 öfriga
928 836 93 20 distrikt.

194 862 11 21 I
228 863 100 22 afseende
352 864 12 21 &
383 864 82 21 antalet
483 864 176 27 fyrinrättningar
677 865 134 26 understiger
830 864 87 27 Ladoga
936 864 86 21 distrikt

195 891 57 22 blott
274 894 33 19 tre
329 893 143 21 kustdistrikt.
502 893 11 21 I
535 893 101 21 afseende
659 893 12 21 å
690 893 93 27 längden
801 893 24 21 af
838 893 127 26 utprickade
980 893 42 21 far-

194 920 60 21 leder
269 921 135 26 understiger
419 921 86 27 Ladoga
520 922 86 21 distrikt
621 922 43 21 alla
679 922 68 21 andra
761 921 94 26 distrikt,
871 928 49 14 men
931 922 91 20 orsaken

195 948 71 21 dertill
289 951 24 18 är
335 949 48 21 icke
404 949 110 22 bristande
536 950 67 21 behof
621 950 22 21 af
660 951 99 25 farleder,
778 952 54 19 utan
852 950 75 21 endast
942 951 32 20 att
989 951 33 20 ut-

194 977 114 27 prickning
322 977 47 22 icke
385 978 23 21 af
422 985 26 14 en
464 979 51 20 eller
529 985 71 14 annan
616 979 65 20 orsak
695 979 52 20 fåtts
762 979 33 20 till
811 978 71 21 stånd.

263 1005 32 22 På
306 1007 70 25 grund
392 1006 23 21 af
429 1007 36 20 det
483 1007 66 26 sagda
563 1007 34 21 får
609 1007 38 27 jag
662 1007 109 21 vördsamt
786 1007 92 26 anhålla,
895 1008 31 19 att
942 1006 80 21 Vällof-

194 1033 43 27 liga
259 1034 182 27 Borgareståndet
463 1035 49 22 ville
530 1035 75 22 förena
623 1036 32 26 sig
673 1042 34 15 om
723 1035 40 22 och
778 1035 90 27 inbjuda
882 1035 140 21 medstånden

194 1062 34 21 till
244 1069 26 14 en
285 1063 136 26 underdånig
436 1064 99 26 petition:

369 1099 30 18 att
416 1097 62 22 Hans
496 1097 123 28 Kejserliga
638 1097 104 28 Majestät
761 1097 79 21 täcktes
855 1098 9 19 i
877 1097 68 21 nåder
960 1097 62 21 anbe-

298 1130 54 27 falla
371 1133 30 19 att
416 1131 27 27 af
456 1131 85 28 Ladoga
556 1132 179 27 sjöfartsområde
750 1132 68 21 bildas
834 1133 28 20 ett
876 1131 147 28 sjelfständigt

298 1165 125 21 lotsdistrikt
441 1166 47 21 med
505 1173 25 14 en
545 1166 96 21 distrikts
656 1166 53 27 chef,
725 1165 82 22 hvilken
822 1166 9 20 i
846 1165 97 27 afseende
958 1166 14 20 å
988 1165 33 20 in-

297 1199 70 26 sigter,
384 1199 142 28 befogenheter
541 1201 37 20 och
592 1200 126 29 hjelpmedel
733 1200 8 21 i
755 1200 38 21 och
807 1199 37 28 för
859 1201 101 26 tjenstens
974 1199 48 22 skö-

298 1233 62 21 tande
381 1233 68 22 skulle
470 1234 104 21 likställas
592 1234 97 21 distrikts
707 1234 98 27 cheferna
828 1235 8 19 i
855 1234 81 21 landets
954 1234 69 27 öfriga

299 1267 130 22 lotsdistrikt.

263 1301 133 27 Helsingfors
411 1303 42 20 den
469 1303 28 22 30
510 1303 91 21 Januari
617 1303 62 22 1888.

713 1337 30 20 H.
759 1336 27 21 E.
805 1336 148 21 Gummerus.*

264 1387 70 22 Sedan
361 1389 132 20 memorialet
514 1389 71 21 blifvit
607 1389 96 26 uppläst,
728 1389 74 20 anhöll
824 1389 144 26 petitionären
991 1390 33 19 att

193 1414 88 22 ständet
299 1416 67 21 mätte
384 1417 109 21 remittera
511 1417 118 26 petitionen
648 1418 33 20 till
699 1418 108 21 allmänna
823 1416 200 22 besvärsutskottet.

264 1443 68 22 Ordet
346 1445 105 26 begärdes
467 1446 48 20 med
530 1446 115 26 anledning
660 1446 63 21 häraf
737 1445 23 22 af

262 1472 33 20 Hr
310 1473 136 26 Hartman,
462 1479 45 16 som
525 1474 96 27 yttrade:
640 1473 117 22 Gentemot
775 1474 26 20 hr
818 1473 134 22 Gummerus'
967 1473 7 20 i
988 1479 36 20 pe-

192 1499 92 22 titionen
307 1501 97 22 uttalade
427 1502 55 27 äsigt
501 1502 38 21 ber
554 1503 37 26 jag
606 1504 33 19 att
653 1502 22 21 fä
689 1502 120 25 framhälla,
827 1502 37 21 det
879 1501 103 27 sjöfarten
996 1501 28 26 pä

192 1527 89 28 Ladoga
303 1531 24 19 är
349 1530 106 27 betydligt
477 1531 72 20 bättre
567 1531 145 26 tillgodosedd
731 1533 28 18 än
774 1531 50 20 hela
839 1530 37 21 det
891 1529 68 27 öfriga
974 1529 50 22 Fin-
