1084 1748
336 120 92 22 Borgarest.
440 119 45 19 1888.
509 119 19 18 10
540 119 51 22 April.
822 119 33 18 617

740 150 8 8 &

55 188 112 26 presterlig
185 188 141 21 verksamhet.
360 188 30 21 Af
406 195 26 14 en
452 188 65 21 sådan
536 188 117 26 stilisering
669 187 23 22 af
704 188 118 26 petitionen
837 188 42 21 kan

56 216 133 26 naturligtvis
204 217 47 20 icke
266 217 40 20 den
322 217 88 21 slutsats
425 217 83 26 dragas,
524 217 33 20 att
573 216 79 27 qvinna
667 216 68 21 skulle
745 222 53 15 vara
808 216 72 21 berät-

55 244 61 27 tigad
131 246 31 19 att
172 245 93 20 bekläda
275 245 67 21 andra
352 245 94 26 tjenster,
458 247 27 19 än
496 245 99 26 gällande
605 244 153 27 författningar
768 243 110 27 medgifva.

56 272 70 27 Något
141 273 77 21 sådant
232 273 148 21 missförstånd
395 273 67 21 borde
477 273 47 22 icke
539 273 68 21 heller
618 273 78 26 uppstå
706 273 47 20 med
764 272 116 27 anledning

56 301 24 21 af
95 301 124 26 petitionen,
237 301 27 22 då
283 301 59 22 detta
357 301 143 28 uttryckligen
516 303 60 25 säges
592 301 7 21 i
614 301 154 26 motiveringen
782 301 33 21 till
830 301 50 21 den-

57 335 85 16 samma.
172 330 42 27 Jag
224 330 36 21 vill
272 329 71 22 derför
354 329 87 22 förorda
452 330 130 27 antagandet
593 329 23 22 af
624 329 42 22 den
677 329 22 22 af
708 329 42 27 mig
759 329 121 26 föreslagna

57 353 112 35 klämmen.
285 382 9 3 W

126 387 31 20 Hr
171 387 94 20 Viktor
280 386 112 27 Öhberg:
422 386 42 27 Jag
479 387 37 20 ber
527 388 33 19 att
571 386 22 21 få
603 386 131 21 understöda
746 386 36 21 det
793 386 87 26 förslag,

57 415 26 20 hr
100 421 40 15 von
159 415 72 21 Pfaler
248 414 130 26 framstälde,
399 421 46 14 men
462 417 51 24 tror,
529 417 33 18 att
577 415 36 20 det
627 421 51 14 vore
693 415 47 20 bäst
756 416 32 19 att
803 416 78 24 antaga

58 442 40 22 den
120 443 132 27 ordalydelse
273 443 26 20 hr
317 443 100 21 Avellans
436 443 58 21 kläm
512 443 50 26 har;
578 443 41 21 den
638 443 71 27 lyder:
729 444 31 20 att
778 443 102 20 Finlands

58 472 89 25 gvinnor
161 471 145 26 berättigades
321 473 53 20 utan
389 471 55 22 skild
460 471 100 22 anhällan
575 471 22 21 fä
612 471 84 26 aflägga
706 471 174 21 studentexamen

58 501 55 20 samt
130 500 51 21 idka
199 499 82 22 studier
296 499 34 21 vid
345 500 84 21 landets
444 500 147 22 universitet".
621 500 10 20 I
647 499 39 22 och
701 500 48 21 med
764 500 117 21 detsamma

58 534 26 15 en
106 528 65 21 sädan
193 528 103 26 rättighet
317 528 89 27 beviljas
424 528 55 27 dem,
497 529 24 21 sä
540 530 37 19 äro
597 528 26 22 de
639 528 63 21 ocksä
717 528 101 21 likstälda
832 528 48 21 med

58 556 74 26 ofrige,
147 562 45 16 som
207 557 51 21 idka
273 557 82 21 studier
369 557 35 21 vid
419 558 156 20 universitetet.
600 557 41 26 Jag
651 558 45 20 tror
706 556 72 22 derför
788 556 46 22 icke
845 556 37 21 det

56 585 81 27 tillägg,
147 585 26 21 hr
183 585 54 21 Lille
247 585 68 21 skulle
325 585 69 21 önska
404 586 32 20 till
446 586 71 20 denna
524 585 63 27 kläm,
596 585 109 26 verkligen
713 591 51 15 vara
772 584 108 27 behöfligt.

127 614 31 20 Hr
173 614 123 26 Högman:
327 614 59 20 Minä
400 614 84 27 pyydän
499 614 66 21 saada
575 614 65 27 yhtyä
651 614 66 20 siihen
728 613 153 26 ehdotukseen,

55 642 68 27 jonka
145 642 105 21 edellinen
272 642 79 26 puhuja
373 642 39 21 hra
434 642 86 27 Öhberg
538 644 59 19 tässä
616 642 84 25 esitteli,
716 643 44 20 että
775 642 106 20 nimittäin

58 671 145 26 pyyntöesitys
221 670 176 28 hyväksyttäisiin
415 670 40 22 hra
474 671 112 21 Avellanin
601 670 99 21 tekemän
716 670 166 21 sananmuodos-

58 698 77 22 tuksen
153 699 99 21 mukaan.
283 698 67 22 Tämä
367 699 59 27 saapi
445 700 91 26 etusijan
555 699 39 21 hra
609 699 68 20 Lillen
692 699 132 21 ehdotuksen
840 698 42 21 rin-

58 727 58 21 nalla
131 727 74 21 senkin
221 728 80 25 kautta,
317 728 45 20 että
377 728 54 20 siinä
446 734 28 15 on
489 728 150 20 nimenomaan
654 727 106 26 mainittu,
772 728 44 20 että
827 733 54 15 sem-

58 756 85 20 moinen
161 756 74 21 oikeus
253 758 141 25 myönnetään
413 756 94 21 Suomen
526 756 93 26 naisille;
638 756 39 20 hra
695 755 66 21 Lillen
778 755 104 21 ehdotuk-

60 789 58 16 sessa
132 786 47 19 taas
189 786 141 25 myönnetään
341 784 102 21 sellainen
454 784 74 21 oikeus
538 784 111 28 ylipäänsä
660 784 88 26 naisille,
757 784 24 26 ja
791 784 91 20 minusta

60 812 48 21 olisi
118 814 95 24 suotava,
225 814 44 19 että
279 812 210 28 pyyntöesityksessä
499 813 86 21 erittäin
595 812 85 27 löytyisi
691 818 52 15 sana
753 812 129 26 ,,Suomen*',

60 840 44 21 niin
120 841 89 21 etteivät
223 841 162 21 ulkomaalaiset
399 841 156 21 mahdollisesti
570 841 53 21 voisi
637 841 76 27 pyrkiä
726 842 64 19 tänne
800 840 83 21 meidän

60 869 128 27 yliopistoon
210 870 95 26 opintoja
326 869 172 27 harjoittamaan.
535 870 50 21 Kun
603 869 79 26 luulen,
702 869 51 21 ettei
772 869 34 21 ole
823 870 61 26 syytä

60 897 84 27 peljätä,
164 899 45 20 että
226 898 83 21 naisten
327 898 97 21 oikeutta
442 898 117 27 harjoittaa
574 898 95 27 opintoja
681 898 59 27 juuri
754 897 130 28 supistettai-

60 926 40 21 siin
116 926 99 21 ahtaisiin
232 926 97 28 rajoihin,
342 927 34 27 jos
391 927 123 20 kohtakaan
530 927 49 20 siitä
594 927 162 20 nimenomaista
770 927 115 20 lausuntoa

61 954 19 22 ei
96 955 119 26 annettaisi,
234 955 97 21 niinkuin
350 955 39 21 hra
407 955 55 21 Lille
475 955 23 27 ja
513 956 52 20 mitä
581 955 151 27 stipendioihin
746 955 58 21 tulee
819 954 65 21 valio-

61 983 67 21 kunta
150 986 49 18 ovat
222 984 152 21 tarkoittaneet
393 984 130 21 lausuntoon
539 984 137 26 otettavaksi,
691 984 43 20 niin
750 984 92 20 minusta
857 988 27 15 on

60 1012 40 20 hra
118 1012 68 20 Lillen
204 1012 104 21 vaatimus
323 1012 69 21 vähän
407 1012 210 22 ristiriitaisuudessa
632 1018 37 15 sen
685 1012 77 21 kanssa
777 1012 51 20 mitä
842 1011 44 21 hän

61 1040 78 21 esitteli
157 1040 42 21 sitä
217 1042 97 24 vastaan,
333 1042 45 20 että
393 1040 144 28 valiokunnan
552 1046 85 22 ponnen
652 1041 104 26 loppuosa
771 1039 115 28 hyväksyt-

61 1068 77 21 täisiin.
175 1069 88 27 Pyydän
285 1069 66 27 yhtyä
372 1069 38 21 hra
433 1069 110 26 Ohbergin
566 1069 77 21 kanssa
662 1069 166 21 kannattamaan
847 1068 39 20 hra

62 1097 112 21 Avellanin
188 1097 99 21 tekemää
303 1097 223 21 sananmuodostusta.

130 1125 31 21 Hr
176 1126 105 26 Elving:
309 1126 42 26 Jag
365 1126 39 20 ber
418 1127 33 20 att
466 1126 22 21 fä
502 1126 8 20 i
525 1126 43 21 allo
584 1126 75 20 förena
674 1125 42 27 mig
730 1125 48 21 med
789 1124 25 21 hr
826 1124 60 21 Lille.

61 1154 41 26 Jag
116 1154 43 20 kan
173 1154 48 21 icke
235 1154 64 26 finna,
315 1155 32 20 att
359 1154 41 22 den
411 1154 94 27 gvinliga
517 1154 154 22 studerandens
681 1153 139 27 likställighet
830 1153 7 21 i
848 1152 39 21 allt

62 1182 48 21 med
129 1182 40 21 den
188 1183 92 26 manliga
295 1182 69 22 såsom
380 1183 93 26 student,
489 1182 94 27 framgår
598 1182 23 21 af
634 1182 25 21 hr
674 1182 99 21 Avellans
788 1182 64 24 kläm,
868 1181 18 27 ej

61 1210 67 22 heller
142 1210 23 22 af
180 1211 37 21 det
231 1211 86 27 förslag,
333 1217 45 15 som
394 1211 24 21 hr
433 1217 42 15 von
492 1211 71 21 Pfaler
577 1211 114 21 framstält.
721 1204 18 27 Ä
750 1210 66 21 andra
826 1209 62 21 sidan

62 1239 46 21 åter
126 1239 73 27 tyckes
214 1239 37 21 det
265 1240 43 26 mig
322 1246 52 15 vara
391 1239 88 21 alldeles
495 1239 140 27 öfverflödigt,
651 1241 32 19 att
698 1238 132 22 beträffande
844 1238 44 20 rät-

61 1267 95 27 tigheten
172 1269 32 19 att
219 1268 82 21 ansöka
311 1268 88 27 tjenster
409 1270 53 24 göra
474 1270 32 19 ett
516 1268 78 21 sädant
604 1267 110 26 förbehäll,
726 1273 44 15 som
782 1266 106 21 utskottet

62 1295 95 27 föreslär,
177 1296 39 21 och
235 1296 99 27 slutligen
352 1298 46 20 tror
410 1296 44 27 jag,
470 1298 34 19 att
518 1296 116 21 ständerna
648 1296 47 21 icke
709 1295 63 21 hafva
786 1294 103 26 rättighet

62 1325 32 20 att
109 1324 107 27 uppträda
230 1324 70 22 säsom
315 1325 86 21 tolkare
415 1324 24 22 af
452 1325 27 21 de
495 1324 207 26 donationsskrifter,
718 1324 79 26 hvarpä
809 1323 79 26 stipen-

62 1352 75 22 dierna
151 1353 84 26 grunda
249 1353 38 27 sig.
317 1353 68 21 Dessa
400 1353 133 27 synpunkter
549 1354 37 20 äro
602 1352 128 22 ätminstone
746 1352 66 21 delvis
828 1350 22 22 af
864 1350 24 21 hr

62 1380 54 22 Lille
138 1383 98 20 närmare
257 1381 132 27 utvecklade,
414 1381 39 22 och
475 1382 37 27 jag
536 1387 63 16 anser
621 1381 43 27 mig
683 1380 70 22 derför
771 1380 47 21 icke
836 1379 53 22 böra

62 1409 91 22 utbreda
169 1411 43 26 mig
227 1410 59 21 öfver
301 1410 115 21 desamma.
884 1435 4 4 N

132 1438 31 21 Hr
185 1439 78 20 Lille:
292 1439 42 26 Jag
355 1439 50 20 ville
427 1440 46 19 mot
492 1439 26 20 hr
536 1439 100 26 Högman
655 1437 108 26 anmärka,
778 1438 33 20 att
827 1435 27 22 dä
869 1441 20 15 vi

62 1466 60 21 stifta
137 1467 41 26 lag,
197 1467 24 21 sä
241 1466 59 22 stifta
318 1467 21 21 vi
357 1467 137 26 naturligtvis
511 1467 36 26 lag
565 1467 33 21 för
617 1466 138 26 medborgare
774 1465 39 21 och
832 1464 58 21 med-

62 1494 141 27 borgarinnor
226 1495 6 20 i
255 1495 60 21 detta
336 1495 50 21 land
408 1495 41 21 och
468 1495 48 21 icke
533 1495 34 21 för
585 1494 130 27 främlingar.
748 1494 101 21 Kommer
864 1497 26 15 en

63 1523 78 26 avinna
160 1523 23 21 af
200 1529 69 15 annan
289 1523 135 22 nationalitet
443 1523 40 21 och
504 1523 95 22 anhäller
618 1524 32 20 att
668 1523 38 20 här
721 1522 22 21 få
757 1522 93 24 studera,
866 1519 24 22 sä
