1089 1656
223 111 34 32 488
481 117 92 23 Borgarest.
586 117 47 19 1888.
657 117 16 19 21
687 117 50 19 Mars.

201 186 41 20 den
263 186 67 21 andra
347 186 122 26 belöningar
488 188 24 20 är
531 188 32 20 att
580 186 124 28 förkrympa
722 187 41 21 den
784 186 52 21 eller
852 186 63 22 locka
933 187 40 21 den
991 186 29 27 på

201 214 92 27 afvägar.
322 214 143 22 Litteraturen
479 216 24 20 är
517 215 64 27 ingen
596 215 167 27 drifhusplanta;
779 214 63 22 söker
856 221 49 15 man
920 217 32 20 att
966 216 53 26 göra

201 243 41 21 den
258 243 32 21 till
305 250 26 14 en
345 243 72 26 sådan,
433 243 23 21 så
470 243 91 22 förlorar
575 244 41 21 den
631 244 32 21 sin
679 244 107 26 naturliga
800 243 53 21 form
869 244 39 20 och
922 244 96 21 friskhet.

201 271 66 22 Detta
281 272 40 20 har
335 272 104 21 utskottet
453 272 7 20 i
475 272 38 21 sitt
528 272 133 22 betänkande
677 272 12 21 å
704 272 61 21 sidan
781 272 12 21 8
808 272 104 27 tydligare
924 272 39 22 och
974 272 44 21 vid-

201 300 96 27 lyftigare
315 300 94 21 betonat.
442 300 31 21 På
491 301 69 26 grund
579 301 23 21 af
619 301 56 21 hvad
695 301 38 21 der
748 300 69 22 blifvit
832 300 62 26 sagdt
908 301 38 21 och
962 301 57 21 hvad

199 328 37 28 jag
255 328 38 22 här
311 328 46 22 haft
376 330 51 20 äran
446 331 57 25 yttra
521 329 39 21 ber
576 330 37 26 jag
632 330 33 20 att
683 329 86 21 ståndet
787 329 51 21 ville
852 329 72 21 förena
938 329 32 27 sig
985 336 35 14 om

202 357 40 21 den
261 357 62 26 kläm,
343 357 85 21 hvartill
445 358 106 21 utskottet
570 358 95 26 kommit,
684 358 104 26 nemligen
809 359 45 24 ,,att
869 358 83 21 landets
967 358 53 26 hög-

201 386 70 26 lofliga
293 386 85 21 ständer
399 386 48 21 ville
468 386 71 21 lemna
561 386 25 22 de
604 386 161 27 ifrågavarande
784 386 235 26 petitionsmemorialen

201 416 52 20 utan
269 414 120 22 afseende".

270 443 31 21 Hr
315 443 148 21 Rönnbäck:
495 444 41 26 Jag
551 444 38 20 ber
604 445 32 20 att
650 444 22 20 få
686 443 75 21 förena
775 443 43 26 mig
833 449 34 15 om
882 444 36 20 det
932 443 86 27 förslag,

202 477 45 15 som
263 471 22 21 af
298 471 25 21 hr
338 471 53 21 Lille
407 472 68 21 blifvit
485 472 128 21 framstäldt.
635 472 42 26 Jag
689 478 61 15 anser
762 471 37 21 det
811 478 39 20 ega
861 472 106 27 betydliga
977 472 44 21 för-

202 500 59 20 delar
279 499 57 21 såväl
354 500 87 21 framför
456 503 169 19 reservanternes
641 500 85 27 förslag,
743 506 46 14 som
805 500 87 21 framför
907 500 36 22 det
958 500 23 22 af
994 501 26 20 hr

203 528 84 26 Hoving
303 528 122 27 framlagda.
459 529 40 27 Jag
517 529 37 21 ber
572 529 56 21 blott
646 531 33 19 att
696 530 7 20 i
721 528 139 27 förbigående
874 529 22 21 få
910 529 109 26 anmärka,

203 558 32 20 att
253 557 25 20 hr
297 557 84 27 Hoving
399 558 120 26 antagligen
538 558 138 21 missförstått
695 558 24 20 hr
735 557 61 26 Lille,
812 557 28 21 då
854 557 42 21 han
912 557 107 27 uppfattat

203 586 40 20 den
259 592 84 15 senares
357 586 79 26 förslag
451 586 28 26 så,
496 588 32 19 att
542 586 230 27 litteratursällskapen
788 586 76 21 endast
875 586 67 21 skulle
955 586 64 21 höras

203 614 39 21 och
264 615 122 26 regeringen
409 615 63 21 sedan
489 615 73 21 utdela
580 615 150 21 understöden.
767 614 74 21 Såsom
858 614 36 27 jag
912 614 62 21 fattat
994 614 27 21 hr

203 642 64 22 Lilles
281 642 84 27 förslag,
381 643 83 21 komme
478 644 137 26 utdelningen
631 645 31 19 att
677 644 37 20 ske
728 649 78 21 genom
822 643 197 21 litteratursällska-

203 677 52 21 pens
273 671 131 27 förmedling,
423 672 23 21 sä
464 674 31 19 att
514 672 36 21 det
567 678 50 15 vore
637 672 67 26 dessa,
723 678 46 16 som
789 672 7 20 i
811 672 52 20 sista
878 672 56 20 hand
950 672 69 20 skulle

203 700 117 21 bestämma
338 706 33 15 om
389 700 77 27 prisen.
496 700 44 22 Och
555 701 69 21 denna
639 700 55 27 åsigt
709 701 60 21 delar
781 700 37 27 jag
832 700 33 21 för
880 700 43 21 min
938 700 40 21 del.
1009 700 9 21 I

203 728 25 21 hr
247 728 94 27 Hovings
358 729 79 27 förslag
455 730 53 21 fäste
524 730 37 26 jag
578 730 43 26 mig
639 730 35 20 vid
690 731 31 19 ett
736 736 40 20 par
791 729 45 26 ord,
852 734 33 16 om
901 729 69 21 hvilka
982 729 39 26 jag

203 757 115 26 ingalunda
336 757 42 21 kan
395 757 74 22 förena
486 758 48 26 mig,
553 758 106 26 nemligen
677 758 32 25 de,
728 759 7 20 i
751 757 73 21 hvilka
840 757 36 21 det
890 759 61 24 säges
966 758 32 20 att
1012 758 7 20 i

202 785 153 27 frågavarande
369 786 114 22 understöd
498 786 67 22 skulle
580 787 83 21 utdelas
679 792 90 21 ,,genom
780 786 241 26 litteratursällskapens

203 814 51 21 eller
269 820 69 15 annan
348 814 129 28 sakkunnigs
487 815 148 26 förmedling".
657 815 65 21 Detta
732 814 128 22 alternativa
872 814 148 26 ,,sakkunnig'

203 844 24 19 är
245 842 24 21 så
287 844 67 26 svagt,
370 845 31 19 att
417 844 121 26 regeringen
555 844 86 20 alldeles
657 844 53 20 efter
725 843 107 27 godtycke
846 842 43 22 kan
904 843 118 21 bestämma

203 877 34 15 om
256 873 65 19 sättet
335 872 33 20 för
382 872 155 21 understödens
552 872 121 26 utdelande,
689 872 24 21 så
727 873 34 20 att
777 872 59 20 detta
851 871 70 21 kunde
936 871 85 21 komma

203 901 32 19 att
250 899 33 21 stå
298 900 7 20 i
319 900 109 27 principiel
443 900 126 27 motsägelse
584 902 45 20 mot
643 901 56 21 hvad
710 907 49 15 man
771 900 85 27 åsyftat,
868 900 26 20 då
904 906 49 15 man
964 899 58 21 velat

203 928 94 21 anförtro
316 928 65 22 saken
399 928 23 22 åt
440 929 234 27 litteratursällskapen.
708 929 43 21 För
766 928 44 21 min
826 928 34 21 del
874 928 36 21 vill
923 928 37 27 jag
974 928 47 21 icke

202 958 49 19 veta
267 956 22 22 af
301 957 65 26 något
380 957 77 21 sådant
471 958 118 25 alternativ,
600 959 53 19 utan
663 958 66 26 gifver
741 963 46 15 som
799 957 62 26 sagdt
872 956 116 22 företrädet
999 956 23 21 åt

203 984 25 22 hr
242 985 64 21 Lilles
321 986 84 26 förslag,
421 986 80 21 hvilket
515 986 76 21 endast
602 986 56 21 talar
670 992 34 15 om
715 985 238 27 litteratursällskapen.
975 985 10 21 I
995 985 26 21 hr

203 1013 64 21 Lilles
281 1013 79 27 förslag
374 1014 141 21 förekommer
531 1015 107 20 dessutom
654 1016 31 19 ett
700 1015 45 25 ord,
757 1020 47 15 som
813 1014 37 26 jag
862 1014 48 20 ville
922 1014 100 20 särskildt

203 1041 80 22 betona
300 1042 39 21 och
358 1049 45 14 som
422 1043 65 26 enligt
505 1043 43 21 min
566 1043 65 21 tanke
646 1043 89 21 innebär
751 1043 32 20 ett
799 1042 23 21 af
836 1042 25 21 de
876 1041 144 22 hufvudsakli-

203 1071 60 25 gaste
282 1071 91 21 motiven
390 1071 32 21 för
440 1071 128 27 antagandet
583 1071 22 21 af
619 1073 31 19 ett
665 1071 76 22 sådant
757 1071 87 26 förslag,
859 1077 45 15 som
920 1070 36 21 det
970 1076 28 15 nu
1014 1070 7 21 i

202 1098 159 27 frägavarande,
376 1100 105 27 nemligen
497 1100 59 21 ordet
572 1100 164 25 ,studieresor''.
761 1099 44 21 Det
815 1099 125 26 ifrågasatta
952 1099 70 20 ansla-

202 1129 36 24 get
253 1127 68 21 skulle
337 1128 65 27 enligt
416 1128 26 21 hr
456 1128 63 21 Lilles
534 1129 79 26 förslag
628 1129 107 20 användas
752 1128 49 21 icke
815 1127 56 21 blott
883 1127 33 21 till
927 1127 95 21 belönin-

202 1161 37 20 gar
261 1155 32 22 för
315 1156 82 27 utgifna
418 1157 93 26 arbeten,
534 1159 51 19 utan
603 1157 102 27 derjemte
727 1157 34 20 för
781 1156 135 25 studieresor,
936 1155 85 22 hvilken

202 1184 133 21 sistnämnda
352 1185 54 21 form
425 1185 33 21 för
473 1185 122 25 understöd,
611 1186 66 26 enligt
692 1186 43 20 min
751 1184 93 27 mening,
861 1186 23 19 är
899 1183 43 22 lika
958 1184 64 21 ända-

202 1212 116 27 mälsenlig,
336 1213 28 21 dä
379 1214 35 20 det
428 1214 67 26 gäller
509 1214 158 21 litteratörerna
682 1220 44 15 som
742 1213 29 21 dä
786 1213 60 26 fräga
861 1215 23 18 är
900 1219 33 14 om
948 1213 74 20 konst-

202 1243 97 19 närerna.
335 1241 142 22 Litteratören
499 1242 40 21 blir
557 1243 60 20 alltid
636 1243 87 26 ensidig,
743 1248 36 15 om
799 1241 42 21 han
860 1241 46 21 icke
925 1241 97 21 studerar

201 1269 160 22 förhällandena
382 1273 59 18 utom
459 1271 41 20 den
518 1271 65 26 krets,
603 1271 6 20 i
628 1271 85 21 hvilken
732 1271 45 20 han
797 1270 71 21 lefver.
904 1269 58 22 Skall
980 1269 41 20 han

201 1297 72 22 kunna
288 1298 65 21 blifva
367 1305 25 14 en
408 1299 142 22 framstäende
564 1299 111 22 författare
691 1299 38 21 och
742 1298 166 24 nationalskald,
920 1298 23 21 sä
954 1297 69 21 mäste

201 1326 42 21 han
259 1326 72 21 kunna
346 1327 62 22 ställa
423 1328 31 21 sin
470 1328 97 27 diktning
577 1330 45 19 mot
633 1328 140 26 bakgrunden
787 1327 23 21 af
819 1326 204 21 tidsförhällandena

201 1355 6 20 i
223 1355 126 26 allmänhet;
365 1356 39 21 och
419 1356 33 21 för
467 1358 32 19 att
513 1357 63 20 vinna
591 1363 26 14 en
633 1357 65 20 sädan
714 1355 115 27 bakgrund
839 1355 33 21 för
883 1355 32 21 sin
925 1355 98 20 litterära

201 1383 134 22 verksamhet
352 1383 67 22 finnes
437 1385 54 21 intet
509 1385 122 26 lämpligare
649 1385 69 21 medel
736 1387 29 18 än
787 1390 66 15 resor.
886 1383 38 21 Ett
939 1389 85 15 resean-

201 1411 46 27 slag
265 1414 24 19 är
308 1412 108 22 dessutom
434 1413 46 22 icke
499 1413 140 26 bortkastadt,
658 1413 59 22 äfven
739 1419 35 15 om
791 1413 40 20 den
847 1412 111 25 litteratör,
974 1417 48 15 man

201 1440 86 21 dermed
306 1441 36 21 vill
360 1444 135 24 uppmuntra,
515 1442 46 21 icke
577 1442 67 21 skulle
659 1442 66 21 blifva
740 1447 28 16 en
785 1443 45 18 stor
844 1440 111 21 författare
970 1442 53 19 utan

200 1468 32 21 slä
250 1469 22 21 in
291 1469 28 27 pä
333 1475 26 15 en
375 1476 70 15 annan
460 1470 61 21 bana.
551 1471 30 26 Ty
597 1470 72 27 hvarje
685 1469 114 22 menniska
815 1469 55 21 skall
885 1469 59 20 alltid
960 1468 63 21 hafva

200 1499 61 25 nyttä
279 1498 24 21 af
319 1505 26 14 en
364 1505 54 20 resa,
437 1499 85 21 frukten
538 1499 23 21 af
574 1505 26 15 en
619 1499 65 22 sädan
699 1499 56 21 skall
772 1498 69 26 aldrig
856 1503 50 15 vara
921 1497 101 26 förlorad,

199 1525 86 22 hvilken
308 1527 100 26 ställning
430 1528 42 21 hon
494 1530 27 19 än
542 1528 57 21 inom
617 1527 142 22 fosterlandet
778 1527 96 20 kommer
893 1527 33 20 att
943 1525 79 27 intaga.
