1086 1725
341 116 93 22 Borgarest.
446 115 47 19 1888.
517 115 18 18 14
548 115 46 19 Febr.
826 115 33 17 277

56 185 70 26 betyg,
147 184 102 26 examina,
265 190 28 15 m.
309 190 27 15 m.
353 184 20 21 d.
403 184 43 21 Det
462 186 23 19 är
501 184 70 21 denna
585 186 41 24 väg
641 184 27 20 hr
683 184 100 21 Nissinen
799 184 37 21 har
851 184 33 21 fö-

55 213 89 26 reslagit
167 214 32 20 att
221 219 49 14 man
289 212 69 22 skulle
376 212 56 22 inslä
449 212 34 21 för
499 214 32 20 att
546 212 49 28 höja
610 212 218 27 yrkesskickligheten
843 212 40 21 hos

57 241 51 21 vära
129 241 162 21 handtverkare.
320 241 43 21 Det
384 240 101 22 förvänar
504 241 43 26 mig
566 240 54 27 icke,
636 242 33 20 att
684 241 25 20 hr
723 240 98 21 Nissinen
837 242 46 19 tror

57 269 28 27 pä
103 270 41 20 den
162 270 120 20 underbara
297 269 79 21 verkan
392 268 22 21 af
428 270 98 20 examina
541 269 40 21 och
596 269 186 26 pappersmeriter,
798 268 28 21 dä
840 269 43 20 han

57 303 34 15 ser
110 299 32 20 att
161 298 48 21 dei
223 297 48 21 värt
289 297 50 21 land
359 297 27 27 pä
401 297 67 21 andra
484 297 100 21 omräden
600 298 60 25 spela
676 303 26 15 en
717 297 23 21 sä
754 297 66 26 vigtig
835 297 47 20 roll.

57 326 42 21 För
114 326 43 21 min
172 326 34 21 del
221 326 64 26 vägar
298 326 37 26 jag
351 325 54 22 dock
420 332 52 15 vara
482 326 82 26 ganska
575 325 134 26 tvifvelaktig
720 325 90 21 rörande
820 325 63 21 dessa

58 354 96 21 meriters
179 354 95 27 verkliga
296 354 70 21 värde.
397 354 43 21 Det
463 353 68 22 finnes
553 360 108 21 personer,
684 360 45 15 som
749 353 64 22 hafva
827 353 57 27 goda

58 389 100 15 examens
172 383 65 27 intyg,
254 389 48 14 men
318 383 35 20 det
364 383 89 20 oaktadt
464 384 37 19 äro
514 383 81 26 ganska
606 382 64 21 klena
681 383 6 20 i
698 383 45 20 sina
754 382 128 27 kunskaper,

58 411 39 21 och
117 411 36 22 det
171 411 67 22 finnes
257 411 72 25 andra,
345 417 46 15 som
405 411 48 20 icke
468 411 65 21 hafva
547 411 68 26 nägra
630 411 67 26 intyg,
713 417 46 14 men
776 411 54 20 dock
845 412 37 19 äro

57 439 156 27 kunskapsrike
231 441 55 19 män.
316 439 31 21 Pä
366 445 81 15 samma
463 441 44 19 sätt
522 439 73 22 träffar
611 445 49 15 man
676 439 28 26 pä
719 439 164 26 handtverkare,

58 474 45 15 som
125 468 70 21 blifvit
217 468 54 21 både
294 468 90 26 gesäller
408 468 39 21 och
467 470 99 23 mästare,
586 474 48 15 men
650 468 94 21 leverera
760 469 31 19 ett
807 467 77 21 sådant

58 497 80 25 arbete,
154 498 32 19 att
200 502 48 15 man
264 496 47 21 icke
326 497 38 20 har
380 496 42 21 lust
438 498 32 19 att
486 498 52 25 göra
553 503 37 14 ens
607 497 41 20 den
664 496 78 21 minsta
754 496 130 26 beställning

57 525 40 20 hos
112 525 53 20 dem.
195 525 49 20 Men
260 525 12 20 &
287 525 66 20 andra
368 524 60 21 sidan
443 524 68 22 finnes
527 525 37 21 det
574 525 164 24 handtverkare,
751 525 71 20 hvilka
833 525 51 25 inga

57 559 81 21 papper
160 553 72 21 kunna
254 553 73 26 förete,
351 559 48 15 men
419 559 44 15 som
483 553 84 27 ätnjuta
583 555 55 19 stort
652 553 123 21 förtroende
790 553 39 20 hos
844 553 38 20 all-

57 582 113 21 mänheten
189 582 39 21 och
247 584 95 24 mottaga
361 582 153 26 beställningar
529 582 23 21 af
567 582 129 20 densamma.
728 582 40 20 Det
784 583 24 19 är
824 581 59 21 detta

57 610 39 21 sist
115 610 94 27 antydda
227 612 65 19 sättet
311 612 31 19 att
361 610 75 26 pröfva
453 610 229 28 yrkesskickligheten,
702 610 81 21 hvilket
798 610 37 26 jag
850 609 33 21 för

57 638 43 21 min
119 639 34 21 del
172 639 68 21 skulle
256 639 62 21 ställa
332 638 82 22 främst.
443 638 50 22 Kan
508 645 27 15 en
549 639 158 21 handtverkare
722 638 70 21 utföra
806 638 78 21 sädant

58 667 79 26 arbete,
152 669 33 19 att
199 667 40 21 han
256 667 33 21 fär
304 667 161 26 beställningar,
481 667 24 21 sä
520 669 24 19 är
559 668 60 20 detta
631 669 31 19 ett
673 667 58 26 längt
742 667 70 21 bättre
824 667 60 26 intyg

58 694 59 22 öfver
139 696 54 20 hans
215 695 94 27 förmäga
328 697 31 19 att
377 695 73 21 utöfva
469 696 38 20 sitt
522 696 52 26 yrke
590 696 40 20 och
646 695 59 21 öfver
720 696 53 20 hans
788 694 95 27 förmäga

58 724 32 20 att
110 724 44 20 deri
170 724 113 20 undervisa
297 724 74 26 andra,
388 726 26 18 än
430 730 35 14 om
481 724 43 21 han
539 724 55 21 hade
610 724 51 21 flera
677 726 100 19 mästare-
793 723 38 21 och
847 728 35 21 ge-

58 752 89 20 sällbref
166 752 27 26 pä
216 752 75 26 fickan,
316 758 46 15 men
382 752 47 21 icke
448 752 43 21 kan
511 753 98 21 tillvinna
624 752 32 26 sig
672 752 153 21 allmänhetens
840 751 42 21 för-

57 780 95 21 troende.
184 780 44 21 Och
253 781 41 21 den
317 780 162 26 handtverkare,
504 787 44 15 som
572 783 66 19 sätter
654 781 7 20 i
676 780 60 26 fräga
754 782 32 19 att
805 782 78 24 antaga

57 808 101 26 lärlingar
180 809 38 21 och
242 810 76 24 elever,
341 809 67 21 måste
430 809 130 21 åtminstone
583 809 33 21 till
635 815 26 15 en
680 809 43 21 viss
742 808 52 27 grad
809 808 73 21 vara
866 804 19 35 i

57 836 126 27 ätnjutande
199 837 22 21 af
234 837 130 25 förtroende,
381 840 21 23 ty
418 838 39 20 har
473 838 41 20 han
530 838 46 20 icke
592 838 159 25 beställningar,
768 836 23 22 sä
806 837 77 25 drager

57 864 42 21 han
121 865 31 26 sig
174 865 62 21 äfven
255 865 32 21 för
305 867 32 19 att
355 871 106 20 engagera
480 865 45 22 folk
541 866 39 21 och
596 866 100 21 förbinda
712 866 30 25 sig
758 867 32 19 att
805 865 77 20 under-

58 893 56 21 hällä
133 894 70 20 elever
218 894 6 20 i
239 893 42 22 fem
297 893 34 22 ärs
346 894 37 21 tid.
414 893 37 22 Uti
467 894 60 21 detta
542 894 156 21 allmänhetens
713 893 122 22 förtroende
850 893 32 20 till

57 921 54 22 hans
128 921 191 28 yrkesskicklighet
337 929 63 14 anser
416 923 37 26 jag
472 923 58 26 ligga
549 929 25 14 en
594 923 59 26 längt
668 924 68 20 större
751 922 83 27 garanti
849 921 33 21 för

58 951 32 19 att
105 950 98 21 eleverna
218 950 39 21 hos
273 950 77 21 honom
365 951 109 26 verkligen
491 951 60 21 skola
566 951 46 21 lära
626 951 123 26 nägonting,
766 952 26 19 än
805 949 76 26 deruti,

58 980 32 19 att
109 985 48 14 man
176 979 23 20 af
217 979 78 21 honom
314 979 84 21 fordrar
413 979 148 21 mästarebref.
593 979 31 21 Hr
638 979 99 21 Nissinen
753 979 38 20 har
806 979 75 20 visser-

58 1007 54 26 ligen
137 1007 76 26 anfört,
237 1009 32 19 att
287 1014 48 14 man
351 1008 6 20 i
373 1008 98 21 utlandet
490 1008 70 27 börjat
580 1014 45 15 mer
640 1008 40 21 och
695 1013 45 15 mer
754 1007 74 26 frängä
844 1008 36 18 nä-

58 1035 159 26 ringsfrihetens
231 1036 137 26 grundsatser
380 1036 40 21 och
431 1036 57 27 gjort
499 1036 179 27 inskränkningar
690 1036 7 21 i
709 1035 91 21 nämnda
810 1034 71 21 frihet.

57 1063 40 26 Jag
113 1065 35 18 vet
163 1066 31 18 att
209 1064 6 20 i
231 1064 76 27 mänga
323 1065 73 20 länder
412 1064 32 21 för
460 1065 133 20 närvarande
609 1065 70 20 bläser
690 1071 26 14 en
727 1063 83 28 mycket
821 1062 61 21 reak-

57 1091 71 21 tionär
146 1092 56 20 vind.
232 1093 50 20 Man
304 1093 95 26 vidtager
415 1093 100 26 ätgärder
530 1096 45 18 mot
590 1093 100 21 handels-
706 1092 38 21 och
759 1091 123 26 näringsfri-

57 1120 70 25 heten,
143 1122 44 19 mot
203 1122 99 25 yttrande
317 1121 90 21 friheten
424 1121 39 21 och
480 1123 45 19 mot
539 1122 43 20 alla
597 1122 67 20 andra
674 1121 92 25 friheter,
777 1127 45 14 som
833 1125 48 15 man

57 1148 76 21 hittills
152 1151 71 19 ansett
242 1149 69 22 säsom
330 1149 154 27 oförytterliga.
515 1149 49 22 Men
580 1150 60 21 detta
655 1150 39 21 bör
709 1149 45 21 icke
770 1155 62 15 mana
848 1154 34 15 oss

57 1178 32 20 att
104 1177 27 26 gä
145 1177 28 26 pä
187 1184 80 15 samma
282 1180 47 25 väg.
359 1179 26 21 Vi
400 1178 65 21 hafva
481 1180 32 19 att
529 1178 75 26 pröfva
618 1178 161 22 förhällandena
794 1178 39 20 hos
848 1182 34 15 oss

57 1206 40 20 och
112 1205 64 26 tillse,
192 1206 105 22 huruvida
313 1207 79 21 sädana
407 1207 108 26 ätgärder,
527 1213 44 15 som
583 1207 26 21 de
620 1207 25 21 hr
656 1207 97 21 Nissinen
764 1205 117 26 föreslagit,

57 1234 107 26 verkligen
180 1234 68 22 skulle
264 1235 71 21 kunna
351 1236 27 26 pä
392 1235 66 27 nägot
474 1237 44 19 sätt
534 1236 115 26 upphjelpa
664 1234 218 28 yrkesskickligheten

57 1262 52 21 eller
124 1262 52 22 icke.
207 1263 49 21 Men
271 1266 57 18 ännu
344 1266 23 18 är
382 1264 37 20 det
434 1264 41 20 alls
491 1264 47 20 icke
554 1264 104 26 bevisadt,
675 1266 31 18 att
721 1262 161 28 yrkesskicklig-

57 1290 64 22 heten
136 1290 45 27 gätt
197 1292 70 25 nedät,
283 1292 39 21 och
337 1294 57 19 ännu
409 1292 90 26 mindre,
511 1294 32 19 att
553 1292 66 26 nägra
630 1292 80 21 sädana
722 1292 104 26 ätgärder,
837 1296 45 15 som

57 1319 24 21 hr
97 1319 97 21 Nissinen
210 1320 101 26 förordat,
328 1320 109 26 verkligen
453 1320 70 22 skulle
538 1321 58 26 tjena
611 1321 32 21 till
660 1322 31 20 att
707 1320 44 21 äter
766 1319 49 27 höja
831 1318 51 21 den-

56 1353 88 15 samma.
175 1348 30 20 Hr
223 1349 110 21 Nissinens
351 1349 79 26 förslag
449 1349 98 26 innebär,
564 1349 68 21 såsom
648 1349 43 21 han
706 1348 61 21 äfven
782 1346 49 28 sjelf
846 1353 36 14 an-

56 1376 47 26 tydt
119 1378 31 20 att
167 1377 36 20 det
218 1377 79 26 tillgätt
312 1378 6 20 i
333 1377 104 26 utlandet,
453 1377 69 21 första
537 1379 69 25 steget
621 1378 32 20 till
670 1384 26 14 en
711 1376 103 22 reaktion.
840 1375 42 21 Det

55 1406 63 19 nästa
133 1406 69 25 steget
217 1411 50 15 vore
283 1406 139 26 naturligtvis,
439 1407 33 19 att
488 1405 99 27 förbjuda
603 1406 47 26 den,
667 1412 45 14 som
727 1405 46 21 icke
789 1404 38 21 har
838 1405 44 19 mä-

56 1433 111 26 starebref,
183 1435 31 19 att
229 1436 50 23 taga
295 1434 97 21 arbetare
407 1434 7 20 i
430 1434 33 21 sin
479 1434 71 27 tjenst,
567 1434 39 21 och
618 1434 36 21 det
666 1434 62 26 derpä
739 1432 99 28 följande,
850 1432 32 20 att

56 1460 98 27 förbjuda
169 1462 79 20 honom
264 1463 107 25 emottaga
387 1462 155 26 beställningar
558 1463 38 20 och
612 1462 72 21 utföra
697 1462 72 21 arbete
778 1461 22 20 ät
807 1460 75 21 andra.

57 1489 94 21 Sälunda
165 1490 84 21 komme
259 1496 49 15 man
317 1491 45 26 steg
372 1490 34 21 för
417 1493 46 23 steg
475 1491 91 20 tillbaka
576 1491 33 20 till
620 1491 36 20 det
666 1491 69 26 gamla
745 1488 138 26 skrätvänget

56 1517 48 22 med
120 1518 48 21 dess
184 1518 160 27 bönhas-jagter
360 1519 38 20 och
416 1519 75 26 dylikt.
522 1519 40 26 Jag
578 1519 48 21 ville
642 1519 72 20 derför
728 1518 8 21 i
751 1517 67 22 likhet
834 1516 49 21 med
