1086 1745
355 125 92 22 Borgarest.
459 124 46 19 1888.
528 125 12 18 11
553 125 50 18 Febr.
835 125 33 18 237

68 195 107 20 rättandet
198 194 22 21 af
233 194 78 21 kontor
326 194 40 21 och
382 195 114 24 agenturer
512 193 56 21 inom
584 193 74 21 landet
673 195 61 22 sait,
751 193 7 21 i
773 193 37 21 fall
826 194 65 21 sädan

67 223 74 25 åtgärd
166 222 85 27 pröfvas
276 222 63 26 nödig
364 221 40 22 och
428 221 34 21 för
485 221 86 22 banken
593 222 105 26 gagnelig,
721 221 75 27 frågan
819 222 72 21 derom

67 251 69 21 tillika
157 251 49 21 med
224 250 80 27 förslag
319 251 90 20 rörande
424 250 110 26 omfånget
548 249 23 22 af
585 250 41 20 den
641 256 42 21 nya
699 251 117 20 anstaltens
832 250 60 21 verk-

67 279 82 21 samhet
171 279 33 21 till
226 279 103 21 Senatens
352 278 261 27 ekonomiedepartement
629 278 150 21 öfverlemna'*.
810 278 33 21 Då
858 278 33 21 sä-

67 307 66 22 lunda
154 307 197 26 bankreglementet
373 306 118 21 innehäller
514 313 25 14 en
558 307 68 26 tydlig
642 307 38 20 och
697 307 47 20 klar
759 307 133 26 bestämning

68 342 34 15 om
123 336 130 27 procedyren
268 335 33 21 för
316 335 132 21 inrättandet
463 335 23 20 af
499 341 42 21 nya
555 335 200 26 afdelningskontor
774 335 39 21 och
828 341 63 21 agen-

67 365 65 25 turer,
155 365 24 21 sä
200 364 62 21 torde
284 363 36 21 det
341 369 52 15 vara
415 363 107 27 sjelffallet
537 365 32 19 att
584 363 117 21 ständerna
715 363 47 21 icke
776 363 53 22 böra
844 364 48 21 med

68 393 69 21 denna
160 393 39 21 sak
217 393 31 26 sig
264 391 69 22 direkt
348 391 89 26 befatta,
453 391 24 22 sä
492 392 84 26 mycket
591 392 82 20 mindre
689 398 45 15 som
749 392 142 27 petitionären

67 421 47 21 icke
130 427 37 15 ens
182 421 87 27 pästätt,
285 421 32 20 att
331 419 157 27 framställning
504 420 73 20 derom
592 419 71 21 blifvit
672 420 61 27 gjord
744 420 40 21 och
794 421 23 20 af
826 420 66 21 bank-

67 449 135 27 fullmäktige
223 451 52 18 utan
290 448 47 21 skäl
352 448 101 26 afslagen.
483 449 42 26 Jag
540 448 86 21 förenar
641 449 43 26 mig
699 449 7 20 i
721 449 43 20 alla
778 449 114 21 afseenden

68 478 48 21 med
131 478 25 20 hr
172 477 117 21 Wasenius.

137 506 31 21 Hr
184 505 188 27 Schybergson:
402 505 50 21 Icke
475 505 88 21 hindrar
578 505 36 21 det
629 505 122 26 åberopade
765 505 127 27 stadgandet

68 535 7 20 i
90 534 202 27 bankreglementet,
315 533 81 21 hvilket
417 533 68 26 gäller
502 533 205 26 bankfullmäktiges
730 533 162 27 arbetsordning

69 569 27 14 m.
112 569 35 19 m.,
163 563 115 20 ständerna
297 563 32 20 att
344 562 84 21 besluta
444 568 34 15 om
493 562 123 21 inrättande
632 561 23 22 af
668 562 72 21 hvilka
755 562 77 21 kontor
847 568 43 15 som

69 591 55 21 helst
147 591 39 21 här
207 591 7 20 i
237 591 78 20 landet.
345 591 9 20 I
370 590 198 27 bankreglementet
586 590 69 21 finnes
670 590 66 21 bland
751 591 67 20 andra
834 597 26 14 en
875 590 17 27 $,

69 625 44 15 som
135 621 105 25 upptager
262 619 26 21 de
310 619 83 25 kontor,
416 619 73 20 hvilka
511 619 7 20 i
540 619 74 20 landet
633 618 74 27 finnas,
724 619 39 20 och
778 619 115 20 ständerna

69 647 44 22 stär
136 648 36 21 det
193 647 47 21 fritt
262 649 37 24 att,
322 647 132 26 naturligtvis
471 647 68 21 under
553 647 155 26 förutsättning
723 647 22 21 af
758 647 134 26 regeringens

69 676 141 25 stadfästelse,
230 676 66 21 ändra
312 675 68 21 denna
396 676 11 26 $
424 675 88 26 derhän,
528 676 33 20 att
576 675 32 21 till
624 675 26 21 de
665 675 7 21 i
687 675 139 27 reglementet
840 681 52 21 upp-

69 706 65 24 tagna
156 705 104 20 kontoren
281 704 121 26 ytterligare
425 704 73 26 lägges
520 705 31 20 ett
574 705 53 25 nytt.
658 704 49 20 Men
729 704 7 21 i
751 704 39 21 sak
805 704 38 21 har
855 704 37 27 jag

69 732 109 27 ingenting
200 734 56 19 emot
278 734 32 19 att
331 732 70 21 denna
423 733 92 26 petition
537 732 47 21 icke
607 733 120 20 remitteras
749 733 32 20 till
803 732 89 21 utskott.

69 761 146 21 Petitionären
237 761 38 20 har
296 761 47 20 icke
364 760 107 21 framstält
490 761 65 26 nägot
570 760 53 26 skäl,
639 767 45 14 som
701 760 67 21 skulle
783 760 110 21 föranleda

69 789 32 21 till
117 789 69 26 nägon
202 795 70 15 annan
287 789 80 26 ätgärd,
384 789 40 20 och
436 789 38 26 jag
490 789 104 21 erkänner
608 790 33 19 att
651 789 241 26 lämplighetssynpunk-

71 819 31 19 ter
117 817 44 21 tala
176 817 32 21 för
228 818 30 20 ett
274 817 75 21 sädant
364 817 130 25 förfarande,
510 819 32 19 att
557 817 116 21 ständerna
688 817 6 20 i
709 817 70 26 regeln
795 817 46 20 icke
857 817 35 20 be-

69 845 54 21 fatta
145 846 32 25 sig
199 845 48 21 med
270 845 61 21 dessa
353 845 83 26 kontor,
460 847 53 19 utan
536 845 130 21 öfverlemna
688 845 168 21 bestämmandet
871 845 21 20 ät

70 873 198 27 bankfullmäktige.

138 902 32 20 Hr
184 902 102 20 Ervast:
318 902 58 20 Efter
398 902 36 20 det
459 902 49 20 mitt
530 902 213 26 petitionsmemorial
758 902 35 20 vid
809 903 84 19 senaste

68 930 89 27 plenum
178 930 45 21 blef
242 930 127 26 föredraget,
388 930 68 21 erhöll
469 930 38 27 jag
522 930 28 27 pä
564 930 83 21 enskild
662 932 41 24 väg
718 930 126 27 upplysning
860 935 34 15 om

69 958 33 21 att
117 958 191 27 bankfullmäktige
323 958 67 21 skulle
405 958 87 22 komma
507 960 33 19 att
554 958 6 21 i
577 958 33 21 sin
625 958 116 21 berättelse
756 958 32 21 till
798 957 96 22 ständer-

71 993 38 14 nas
124 987 142 20 bankutskott
280 987 84 21 anhålla
380 993 34 15 om
430 989 30 19 ett
477 987 112 21 uttalande
603 987 7 20 i
625 987 88 26 princip,
730 987 54 21 huru
800 987 48 20 med
863 987 31 20 in-

70 1015 109 21 rättandet
193 1015 23 21 af
229 1021 41 20 nya
285 1015 76 21 kontor
376 1015 115 21 framdeles
506 1015 55 21 skall
575 1015 99 21 förfaras.
696 1015 69 21 Bland
780 1015 25 20 de
816 1015 77 25 städer,

69 1049 46 15 som
137 1043 40 21 hos
198 1043 190 27 bankfullmäktige
407 1044 57 27 gjort
480 1044 100 21 anhällan
596 1050 34 15 om
646 1046 31 19 ett
693 1043 200 26 afdelningskontor,

72 1071 95 21 befinner
181 1072 32 26 sig
228 1071 64 22 ocksä
307 1072 89 27 Kajana,
412 1072 40 21 och
463 1072 166 21 bankutskottet
640 1072 96 21 kommer
746 1071 90 21 sälunda
846 1072 48 19 med

71 1100 113 26 anledning
199 1100 23 21 af
235 1100 201 27 bankfullmäktiges
452 1101 117 20 berättelse
585 1102 32 19 att
633 1101 70 20 uttala
717 1100 31 27 sig
764 1106 33 15 om
813 1101 31 19 ett
864 1099 30 21 af-

69 1128 176 26 delningskontor
260 1129 62 20 äfven
337 1129 27 26 pä
380 1129 69 20 denna
465 1131 41 18 ort.
536 1129 34 20 Dä
585 1129 63 21 alltsä
663 1129 74 26 frägan
752 1128 8 21 i
774 1128 73 27 hvarje
857 1128 38 21 fall

71 1156 95 21 kommer
188 1158 32 19 att
242 1157 141 21 underställas
406 1157 131 26 behandling
559 1157 53 21 först
635 1157 22 21 af
671 1159 32 19 ett
718 1156 176 26 ständerutskott,

71 1185 65 20 sedan
152 1184 22 21 af
188 1185 121 26 ständerna,
325 1187 23 19 är
363 1185 37 21 det
414 1185 125 27 visserligen
554 1185 28 26 af,
599 1185 34 21 mä
644 1185 37 27 jag
692 1187 56 24 säga,
759 1185 63 26 ingen
832 1184 63 27 prak-

71 1213 41 20 tisk
134 1213 116 27 betydelse,
273 1219 33 15 om
329 1214 48 21 mitt
398 1213 164 27 ifrägavarande
584 1214 109 21 memorial
709 1214 120 21 remitteras
844 1213 52 20 eller

71 1241 52 21 icke.
153 1241 50 21 Men
226 1241 27 21 dä
272 1242 37 26 jag
331 1242 64 21 redan
418 1242 36 21 vid
478 1244 85 19 senaste
582 1243 86 26 plenum
683 1242 46 21 haft
744 1243 52 19 äran
810 1241 86 20 anhälla

71 1275 34 15 om
127 1270 82 25 remiss,
231 1269 39 21 ber
289 1270 37 27 jag
348 1272 32 19 att
402 1277 29 14 nu
453 1270 23 21 fä
493 1270 76 27 förnya
584 1271 69 20 denna
669 1270 106 21 anhällan.
806 1269 90 21 Ständet

71 1298 75 20 binder
169 1298 31 26 sig
222 1298 123 26 derigenom
360 1299 46 20 icke
422 1298 28 27 pä
465 1299 66 26 något
545 1299 39 25 vis,
600 1301 51 19 utan
667 1301 24 18 är
704 1299 24 26 ju
733 1294 12 36 i
765 1298 84 21 tillfälle
864 1299 32 19 att

70 1326 67 20 sedan
153 1326 53 20 efter
221 1326 99 26 pröfning
335 1327 100 25 antingen
450 1326 115 27 godkänna
581 1327 51 21 eller
647 1326 96 22 förkasta
758 1326 108 25 förslaget.

140 1354 31 20 Hr
186 1354 145 21 Molander:
361 1354 34 22 Dä
417 1355 26 20 hr
458 1355 114 21 Wasenius
588 1355 38 21 har
641 1355 87 27 upplyst
743 1356 31 20 att
789 1353 107 21 bankfull-

71 1382 93 26 mäktige
179 1382 67 21 önska
261 1382 52 22 höra
328 1383 122 26 ständerna,
466 1383 105 21 huruvida
586 1383 78 21 kontor
679 1383 62 21 äfven
755 1384 7 20 i
778 1383 26 21 de
814 1382 82 21 mindre

71 1410 101 21 städerna
193 1410 61 21 skola
276 1410 97 27 inrättas,
393 1411 25 21 sä
432 1417 64 15 anser
509 1412 37 26 jag
561 1412 37 20 det
613 1411 27 27 pä
655 1412 54 20 intet
724 1414 43 18 sätt
782 1410 68 22 skada
864 1412 32 18 att

70 1438 62 21 äfven
150 1438 71 21 denna
239 1438 90 27 petition
343 1440 68 20 skulle
427 1440 86 20 komma
528 1440 32 20 till
576 1440 170 25 bankutskottet,
762 1446 45 14 som
822 1438 28 22 dä
864 1438 32 21 fär

71 1467 68 21 uttala
161 1467 32 26 sig
215 1467 7 21 i
244 1466 72 23 saken.
346 1468 74 21 Under
438 1468 76 27 sjelfva
529 1468 131 27 landtdagen
676 1468 66 21 måste
758 1468 36 21 det
806 1468 24 27 ju
845 1472 52 16 vara

70 1495 122 25 ständerna,
218 1501 44 15 som
288 1502 38 20 ega
351 1498 43 19 rätt
419 1498 33 19 att
477 1497 126 25 bestämma,
629 1497 53 20 hvar
707 1497 106 21 kontoren
836 1495 61 22 skola

69 1523 104 26 placeras.
