1086 1748
226 129 41 31 226
500 134 93 23 Borgarest.
606 135 46 19 1888.
675 135 10 18 7
698 135 46 18 Febr.

207 204 24 22 så
252 204 47 21 vidt
320 204 81 27 möjligt
423 204 54 21 böra
497 204 85 21 forcera
596 205 52 26 isen,
666 205 39 20 och
722 204 35 21 det
772 203 73 28 lyckas
861 205 32 20 till
908 210 26 15 en
951 205 81 26 början,

206 233 24 20 sä
251 233 62 26 länge
335 239 48 14 man
406 232 95 21 befinner
523 233 33 26 sig
577 233 7 20 i
607 233 31 21 lös
662 233 66 25 drifis,
749 239 49 14 men
813 233 65 20 innan
893 233 49 21 kort
957 235 24 18 är
997 233 36 20 det

206 261 97 27 omöjligt
325 263 32 19 att
378 261 106 26 fortsätta,
507 261 39 21 och
570 261 27 21 dä
619 261 39 21 bör
680 261 121 26 isbrytaren
817 267 52 15 vara
884 261 101 21 tillhands
1001 263 32 19 att

206 290 71 26 hjelpa
293 290 40 21 den
348 289 120 21 nödställde
483 289 112 22 kamraten
610 296 26 14 ur
652 290 86 26 knipan.
769 289 68 21 Dessa
852 290 125 21 uttalanden
994 290 38 20 har

203 319 38 26 jag
256 319 71 20 ansett
341 318 43 26 mig
399 318 52 21 böra
465 317 73 28 bifoga
556 318 60 21 detta
631 318 219 27 petitionsmemorial,
868 317 27 22 dä
909 318 36 21 det
960 318 72 21 remit-

205 349 58 18 teras
279 346 33 21 till
326 347 143 26 vederbörligt
484 347 90 20 utskott.

275 375 32 20 Hr
321 375 162 26 Borgström:
512 375 93 21 Hvilken
620 375 45 26 vigt
680 381 49 14 man
740 375 7 20 i
757 375 48 20 vårt
815 375 119 26 grannland
945 375 87 26 Sverige

206 403 103 21 tillmäter
323 403 111 27 isbrytare,
444 403 93 26 framgär
548 403 66 26 deraf,
626 405 32 19 att
668 403 93 21 svenska
771 403 125 26 regeringen
906 403 39 21 har
955 409 76 20 genom

206 432 47 21 sina
271 431 115 22 utländska
400 431 107 26 konsuler,
524 431 70 22 säsom
607 432 37 26 jag
660 433 42 19 sett
718 432 6 20 i
740 431 100 27 engelska
855 432 113 26 tidningar,
984 431 48 21 lätit

206 460 116 26 publicera,
339 462 31 19 att
385 460 75 21 staden
477 460 109 26 Göteborg
602 461 39 20 har
656 460 113 21 förskaffat
784 460 32 26 sig
832 467 26 14 en
873 460 104 27 isbrytare
991 460 40 21 och

206 489 122 26 derigenom
351 489 122 20 säkerställt
494 489 213 20 kommunikationen
722 489 49 20 hela
786 488 46 21 året
848 495 40 14 om.
916 489 43 20 Det
969 494 62 21 synes

205 517 50 26 mig,
271 518 32 19 att
319 517 69 20 denna
402 517 59 26 fräga
476 519 24 18 är
515 517 23 21 af
552 517 53 21 allra
621 519 79 18 största
716 518 44 25 vigt
775 517 40 20 och
831 517 96 26 intresse,
943 517 39 20 och
993 517 38 20 vill

203 545 37 27 jag
262 545 74 21 förena
350 546 43 26 mig
408 546 48 20 med
471 546 26 20 de
512 546 81 25 herrar,
609 551 45 15 som
670 547 68 25 yttrat
754 545 32 26 sig
801 545 7 20 i
824 545 36 21 det
876 545 53 27 syfte
945 547 32 19 att
991 552 39 14 un-

205 573 130 27 dersökning
349 573 131 22 beträffande
495 580 26 15 en
536 574 117 27 isbrytares
668 574 139 21 anskaffande
822 574 68 21 skulle
905 574 6 20 i
926 580 105 14 samman-

205 603 57 26 hang
277 602 48 21 med
341 603 69 20 denna
424 603 70 26 frägas
510 603 130 25 behandling
656 603 110 20 anställas.

274 631 31 20 Hr
320 631 101 26 Elving:
452 631 41 26 Jag
508 631 36 20 vill
559 631 48 20 med
623 631 115 26 anledning
753 631 23 20 af
790 631 41 20 den
840 631 97 20 uttalade
948 630 81 21 önskan

205 665 34 15 om
262 659 138 21 anskaffande
422 659 23 21 af
464 659 78 21 telefon
566 659 34 21 till
622 659 98 26 Bogskär
734 661 85 24 nämna,
836 660 32 20 att
883 659 65 21 saken
963 659 66 20 redan

204 687 33 21 för
259 687 70 27 nägon
351 688 33 21 tid
406 688 64 21 sedan
493 694 38 14 var
553 689 109 25 upptagen
686 688 39 21 och
740 687 171 22 understödddes
925 689 68 19 varmt
1009 687 23 21 af

204 715 123 22 dävarande
341 716 124 26 lotschefen,
480 723 48 14 men
542 716 37 21 föll
594 716 49 21 med
658 717 115 25 anledning
790 716 65 26 deraf,
870 718 32 19 att
916 716 113 25 ledningen

204 744 47 21 icke
266 744 72 21 kunde
353 744 156 21 ästadkommas
524 745 33 20 för
572 745 58 26 lägre
645 745 44 26 pris
705 747 27 18 än
747 745 95 25 300,000
856 744 67 21 mark.

273 773 32 20 Hr
319 773 138 26 Tallgvist:
487 773 42 21 För
544 773 42 20 min
602 773 35 21 del
651 773 51 21 ville
714 773 36 26 jag
766 773 84 25 föreslä,
864 775 32 19 att
911 773 117 26 petitionen

204 801 69 21 skulle
288 802 122 20 remitteras
425 802 32 20 till
469 801 213 27 jernvägsutskottet,
700 801 30 22 dit
746 801 65 21 ocksä
826 801 107 26 ätskilliga
948 801 81 20 kanali-

203 829 156 27 seringsfrägor
380 829 69 22 blifvit
472 830 144 21 remitterade.
646 830 67 21 Detta
727 829 85 21 utskott
827 830 68 20 borde
910 829 119 26 egentligen

203 858 116 21 benämnas
341 858 303 22 kommunikationsutskottet
665 858 29 27 pä
715 859 69 26 grund
805 857 23 22 af
842 858 26 21 de
882 858 95 27 uppdrag
993 858 37 20 det

203 887 66 21 redan
285 886 42 22 fått
341 887 131 21 beträffande
485 887 114 27 jernvägar
614 887 40 21 och
670 887 96 21 kanaler.
790 886 10 21 I
816 887 59 20 detta
889 886 90 26 utskott,
995 892 34 15 om

205 915 36 21 det
263 915 64 21 ocksä
349 915 39 21 har
409 916 155 26 benämningen
584 916 192 26 jernvägsutskott,
799 915 85 21 komma
906 914 72 22 säkert
997 917 33 18 att

204 944 51 20 sitta
277 944 80 20 sädana
375 950 107 20 personer,
499 950 45 15 som
560 946 36 18 äro
613 944 48 20 bäst
677 943 149 27 gvalificerade
841 946 32 18 att
890 943 87 21 bedöma
993 943 36 21 det

204 972 85 26 ärende,
305 978 46 15 som
369 972 69 21 denna
453 972 89 26 petition
558 972 63 21 afser.
651 972 78 21 Derför
744 972 109 20 förefaller
869 972 35 20 det
919 972 48 26 mig,
983 977 45 15 som

204 1006 34 15 om
261 1000 36 21 det
319 1006 50 15 vore
392 1001 122 26 lämpligare
536 1002 32 20 att
590 1001 110 21 remittera
723 1000 60 21 detta
801 1000 181 26 petitionsförslag
996 1000 32 20 till

201 1029 213 26 jernvägsutskottet,
430 1031 27 19 än
471 1029 33 21 till
519 1030 106 20 allmänna
640 1028 203 22 besvärsutskottet.

272 1057 32 21 Hr
319 1058 75 20 Lille:
425 1058 41 26 Jag
487 1058 39 20 ber
548 1059 33 19 att
595 1057 22 21 fä
631 1057 132 21 understöda
778 1058 25 19 hr
818 1056 110 27 Tallgvist.
959 1056 70 21 Ocksä

201 1085 37 26 jag
260 1085 78 21 önskar
353 1086 100 20 särskildt
469 1086 22 20 af
505 1086 39 20 den
560 1086 143 26 anledningen
718 1086 110 20 remittera
844 1086 60 20 detta
918 1086 111 26 petitions-

203 1114 111 20 memorial
329 1114 31 20 till
373 1114 211 26 jernvägsutskottet,
600 1115 33 20 att
648 1114 119 21 detsamma
782 1114 5 20 i
804 1114 60 20 detta
874 1113 83 21 utskott
967 1114 61 20 torde

203 1142 64 21 hafva
282 1142 51 20 vida
348 1144 68 19 större
431 1143 66 26 utsigt
512 1144 32 19 att
559 1143 66 20 hinna
640 1142 66 21 blifva
721 1142 133 21 behandladt
869 1144 26 18 än
905 1142 6 20 i
923 1142 106 21 allmänna

202 1170 201 21 besvärsutskottet.

271 1199 32 20 Hr
318 1199 123 21 Hedman:
471 1199 41 26 Jag
526 1200 113 20 motsätter
654 1199 42 26 mig
711 1199 75 21 remiss
802 1199 23 21 af
837 1199 60 20 detta
907 1199 78 20 ärende
995 1199 33 20 till

199 1227 216 27 jernvägsutskottet,
431 1228 87 21 emedan
531 1228 37 26 jag
583 1228 76 21 tänker
674 1228 42 25 mig
731 1229 33 19 att
779 1227 33 21 till
822 1227 207 27 jernvägsutskottet

201 1255 125 22 sannnolikt
347 1255 33 22 för
403 1256 37 21 det
460 1259 69 18 mesta
547 1256 66 26 väljas
629 1262 108 21 personer,
754 1262 46 15 som
814 1256 136 21 uteslutande
965 1255 64 21 hafva

201 1286 66 25 egnat
281 1285 32 25 sig
328 1284 22 21 ät
365 1284 247 27 ingeniörvetenskapen.
636 1285 41 26 Jag
691 1284 99 21 betviflar
805 1285 33 20 att
853 1284 62 21 dessa
927 1289 101 21 personer

201 1313 62 20 skola
285 1319 52 14 vara
356 1313 124 26 tillräckligt
495 1312 149 27 gvalificerade
660 1313 65 20 också
739 1313 8 20 i
762 1312 266 27 sjöfartsangelägenheter

201 1341 40 20 och
264 1341 37 20 vill
323 1340 28 27 pä
373 1341 70 21 denna
461 1341 68 26 grund
544 1343 104 19 motsätta
662 1341 43 26 mig
720 1341 100 21 ärendets
836 1341 74 20 remiss
925 1340 32 21 till
970 1340 58 27 jern-

200 1369 166 26 vägsutskottet.

271 1397 32 21 Hr
317 1403 48 15 von
380 1397 97 22 Pfaler:
507 1398 41 26 Jag
570 1398 44 26 vill,
629 1398 49 21 med
700 1397 131 26 frängäende
847 1397 21 21 af
882 1397 49 21 mitt
945 1396 83 27 föregä-

201 1426 54 21 ende
270 1426 80 27 förslag
364 1426 132 21 beträffande
511 1427 110 24 remissen,
637 1426 133 21 understöda
785 1426 25 20 hr
824 1425 110 26 Tallgvist.

269 1455 33 20 Hr
317 1454 110 27 Öhberg,
443 1455 25 21 V.
484 1455 43 20 W.:
558 1455 50 20 Med
624 1455 115 26 anledning
756 1454 66 26 deraf,
838 1455 32 20 att
881 1453 57 21 olika
949 1453 79 26 äsigter

199 1483 92 20 uttalats
314 1483 7 21 i
343 1482 100 22 afseende
461 1483 13 21 ä
489 1483 36 21 det
540 1483 92 25 utskott,
648 1483 32 20 till
696 1483 83 20 hvilket
794 1482 234 27 petitionsmemorialet

200 1510 70 21 skulle
285 1511 84 26 sändas,
381 1511 39 21 och
431 1512 61 21 äfven
503 1511 47 22 med
561 1511 101 22 afseende
672 1511 13 21 ä
696 1511 26 21 de
734 1511 58 21 olika
802 1511 124 27 yrkandena
937 1510 90 21 rörande
