1086 1753
204 121 34 33 550
468 126 91 22 Borgarest.
571 125 46 19 1888.
641 125 12 19 4
664 125 51 23 April.

182 194 33 21 för
238 194 42 21 alla
303 195 179 21 reservstationer.
520 196 114 20 Dessutom
657 201 62 21 synes
742 195 36 21 det
800 195 43 26 mig
865 201 49 15 vara
937 195 63 26 något

183 223 115 26 oegentligt
317 226 31 18 att
362 223 68 21 införa
445 230 25 14 en
487 224 134 26 bestämning
637 224 73 20 härom
726 224 5 20 i
748 230 26 14 en
790 223 132 27 kungörelse,
939 224 61 26 angå-

182 252 54 20 ende
252 252 85 21 hvilken
353 252 113 21 ständerna
481 252 47 21 icke
543 258 39 20 ega
598 252 171 21 beslutanderätt
786 254 52 19 utan
849 252 74 20 endast
935 252 66 21 blifvit

182 280 74 21 hörda.
294 280 130 27 Lämpligare
446 281 54 21 hade
524 281 25 21 då
568 282 54 20 varit
641 283 38 23 att,
699 281 70 21 såsom
790 280 54 22 1882
864 280 34 21 års
917 282 85 20 ständer

182 309 80 26 gjorde,
282 309 6 20 i
308 309 72 27 sjelfva
399 309 153 27 författningen
571 310 118 20 bestämma
708 310 143 26 skjutslegans
870 309 34 21 vid
923 316 78 15 reserv-

184 338 130 20 stationerna
330 338 74 26 belopp
420 338 5 20 i
441 338 131 21 förhållande
587 338 32 21 till
635 338 40 21 den
687 338 105 21 ordinarie
804 338 67 26 legan,
883 338 119 22 oberoende

183 365 24 21 af
220 365 55 21 hvad
290 367 122 26 regeringen
427 366 130 21 beträffande
573 367 40 21 den
628 367 141 20 sistnämndas
785 367 81 20 storlek
882 366 70 22 kunde
968 367 34 21 be-

183 396 95 19 stämma.
312 395 30 26 Ty
360 395 82 26 intager
460 401 48 15 man
528 395 40 21 den
587 395 23 21 af
627 395 24 20 hr
670 395 52 21 Lille
738 395 121 26 föreslagna
875 395 127 21 bestämnin-

183 429 41 20 gen
239 423 5 20 i
261 423 68 21 denna
344 423 130 27 kungörelse,
491 423 23 22 så
530 423 63 22 hafva
608 424 115 21 ständerna
738 424 80 21 lemnat
828 424 121 26 regeringen
961 426 41 19 rätt

184 453 32 19 att
231 451 79 22 förfara
325 452 85 21 alldeles
426 452 52 21 efter
494 453 68 26 behag
577 453 39 20 och
632 452 105 21 fastställa
753 452 202 27 reservskjutslegan
971 453 31 21 till

184 486 80 15 samma
279 481 76 27 belopp
370 487 44 15 som
430 481 40 20 den
486 481 105 21 ordinarie
606 481 130 27 skjutslegan
752 481 52 21 eller
815 481 32 20 till
858 481 63 26 något
931 485 70 18 annat.

184 509 42 26 Jag
248 509 68 21 skulle
339 509 69 21 derför
422 509 84 26 föreslå,
526 511 32 20 att
576 510 116 21 utskottets
711 509 135 22 betänkande
864 510 6 20 i
886 509 69 22 denna
970 511 32 20 del

185 537 66 21 måtte
266 538 128 26 godkännas.

255 566 31 20 Hr
312 566 196 27 Neppenström:
545 566 34 22 Då
602 567 36 27 jag
662 567 77 21 uttalat
762 567 43 21 min
828 566 175 22 förkastelsedom

186 594 59 21 öfver
264 595 40 21 den
322 596 122 20 nuvarande
460 596 151 26 anordningen,
628 595 23 21 så
667 596 38 20 har
717 596 37 26 jag
769 596 53 20 visst
837 596 46 20 icke
898 596 55 26 gjort
969 596 35 20 det

186 623 23 21 af
222 623 41 21 den
278 624 146 26 anledningen,
440 626 32 19 att
487 624 46 21 icke
548 624 61 21 äfven
623 624 37 26 jag
675 624 68 21 skulle
759 624 52 26 hysa
821 624 89 21 intresse
921 624 32 21 för
964 625 39 20 den

187 652 173 26 oprivilegierade
372 653 156 26 jordbrukaren
543 653 44 21 lika
598 653 23 21 så
632 653 33 20 väl
677 659 45 15 som
734 653 26 21 de
772 652 64 22 ärade
848 653 73 26 talare,
935 653 69 21 hvilka

186 680 39 21 här
244 680 62 27 yrkat
325 681 26 26 på
370 688 25 14 en
414 682 116 26 skjutslega
546 682 23 20 af
583 683 26 20 15
624 682 64 25 penni
703 688 38 19 per
757 681 119 21 kilometer.
905 682 99 20 Tvärtom

187 709 68 20 skulle
275 709 43 27 jag,
342 715 32 15 om
397 710 35 21 det
455 710 55 21 blott
531 716 50 15 vore
604 710 88 26 möjligt,
716 710 50 27 vilja
785 709 72 28 aflyfta
876 709 128 28 skjutsnings

187 740 80 23 tungan
286 737 47 22 från
349 738 155 27 jordbrukaren
520 739 39 20 och
574 739 27 26 på
617 739 38 20 rak
671 745 44 14 arm
731 738 121 28 öfverflytta
867 739 39 20 den
922 739 27 26 på
965 739 39 20 den

187 766 89 21 resande
292 767 146 21 allmänheten.
468 767 41 26 Jag
524 767 39 21 har
577 767 47 21 icke
640 767 65 21 heller
720 767 26 26 på
757 767 44 21 min
812 767 107 21 kammare
930 768 75 20 samlat

188 795 27 20 de
231 795 85 26 åsigter,
335 801 43 15 som
398 796 37 26 jag
454 796 38 21 här
511 796 38 21 har
565 796 78 21 uttalat
659 796 109 26 angående
784 795 40 22 den
840 796 55 26 höga
910 796 97 27 skjutsle-

187 829 53 20 gans
259 823 124 22 återverkan
401 824 27 27 på
444 825 40 20 den
499 825 106 21 allmänna
621 824 146 25 samfärdseln,
784 827 51 18 utan
851 827 32 18 att
898 831 26 14 en
940 825 67 20 öfver-

188 851 78 27 klagad
282 852 40 27 hög
338 853 134 26 beskattning
487 853 23 21 af
520 854 76 27 jorden
612 853 61 21 deraf
687 855 47 19 rönt
750 853 71 26 någon
837 853 97 26 lindring.
958 853 49 21 Dels

188 880 39 21 har
243 881 37 26 jag
299 881 75 21 samlat
392 881 47 22 dem
458 882 68 21 under
544 883 57 20 mina
617 882 98 26 ständiga
730 888 60 15 resor
806 881 39 22 och
861 882 44 21 dels
921 882 38 21 har
972 882 36 26 jag

189 909 49 21 hört
260 910 105 26 allmogen
384 910 47 27 sjelf
448 911 90 26 beklaga
558 911 32 26 sig
610 911 64 26 öfver,
691 912 32 19 att
738 910 70 21 denna
824 910 55 27 höga
894 911 115 26 skjutslega

189 937 39 22 har
254 938 71 27 vållat,
351 940 32 19 att
408 939 211 27 skjutsningstungan
645 939 69 21 blifvit
740 939 41 20 den
805 941 57 18 ännu
885 941 73 24 tyngre
982 941 26 18 än

188 966 65 21 förut.
286 967 41 26 Jag
346 967 37 21 ber
401 968 104 26 nemligen
525 970 31 19 att
571 968 21 21 få
608 968 117 25 framhålla,
742 969 32 19 att
786 967 38 27 jag
840 967 27 28 på
882 968 127 26 landsvägen

188 995 97 26 tillbragt
300 995 126 22 åtminstone
442 1003 26 14 en
482 997 106 26 fjerdedel
603 997 23 20 af
640 997 26 20 de
681 997 27 21 23
722 996 24 21 år
758 996 37 27 jag
805 996 66 21 lefvat
882 1002 43 15 som
937 996 71 21 affärs-

189 1030 55 14 man.
278 1024 42 20 Det
335 1026 23 19 är
373 1025 67 20 under
455 1025 61 21 dessa
531 1032 58 14 resor
603 1026 36 26 jag
655 1025 76 21 samlat
746 1025 58 21 mina
819 1025 85 25 åsigter,
920 1025 38 20 och
974 1031 33 14 om

186 1052 37 26 jag
242 1052 42 21 kan
303 1058 22 15 se
344 1053 54 20 helst
416 1053 47 21 litet
482 1054 20 19 in
520 1053 7 21 i
542 1053 120 26 framtiden,
678 1053 23 21 så
716 1053 80 21 förmår
812 1053 41 20 den
868 1053 23 20 af
904 1053 104 20 utskottet

188 1079 121 28 föreslagna
331 1081 142 27 anordningen
493 1082 45 21 icke
557 1082 133 27 undanrödja
709 1082 25 21 de
754 1082 89 21 allmänt
862 1081 148 26 öfverklagade

189 1109 143 27 olägenheter,
348 1110 71 21 hvilka
434 1111 36 20 det
485 1110 77 27 nådiga
577 1111 102 26 förslaget
690 1110 38 21 har
738 1111 6 20 i
756 1110 56 27 syfte
823 1112 31 19 att
865 1109 145 22 undanskaffa.

189 1137 61 21 Huru
268 1144 50 15 man
336 1139 41 20 kan
396 1145 116 15 resonnera
526 1140 32 25 sig
573 1139 32 21 till
621 1139 26 21 de
666 1139 95 26 resultat,
782 1145 45 15 som
842 1139 26 20 hr
882 1138 76 27 Elving
973 1138 38 21 här

190 1166 38 20 har
246 1166 121 27 framhällit,
387 1169 103 25 nemligen
510 1169 31 20 att
559 1174 49 15 man
623 1168 33 21 till
671 1168 95 27 exempel
781 1167 70 21 skulle
867 1167 62 21 hafva
944 1167 66 20 öfver-

188 1194 62 26 gifvit
269 1195 144 26 skjutshästen
428 1197 27 26 på
470 1197 69 26 grund
555 1196 65 25 deraf,
637 1198 31 19 att
683 1197 36 20 det
734 1198 24 19 är
774 1196 128 21 bekvämare
917 1198 32 19 att
964 1201 47 15 resa

188 1223 8 20 i
219 1225 49 24 eget
290 1224 88 27 ekipage
396 1225 53 21 efter
468 1231 52 20 egen
539 1225 51 21 eller
608 1225 42 26 lejd
669 1225 54 26 häst,
743 1225 42 20 kan
798 1225 38 26 jag
851 1224 47 21 icke
912 1224 62 25 fatta,
989 1225 22 26 ty

189 1251 109 28 ingenting
318 1253 84 21 hindrar
414 1254 24 26 ju
453 1256 32 19 att
500 1253 60 22 äfven
577 1253 47 22 med
640 1256 47 24 eget
703 1253 90 27 ekipage
809 1253 42 21 åka
866 1252 53 21 efter
935 1252 77 27 skjuts-

189 1279 56 22 häst.
282 1281 42 26 Jag
346 1282 114 26 medgifver
482 1282 84 27 mycket
587 1288 72 20 gerna,
682 1284 32 19 att
732 1283 6 20 i
758 1282 60 21 olika
832 1281 82 22 trakter
929 1281 23 21 af
965 1280 47 21 vårt

189 1308 51 21 land
255 1311 63 24 göras
333 1310 55 21 olika
404 1311 92 26 anspråk
510 1311 28 26 på
553 1311 117 26 ersättning
685 1311 33 21 för
733 1311 121 20 verkstäldt
869 1310 80 25 arbete,
965 1315 47 15 men

190 1337 39 20 här
251 1338 67 25 gäller
340 1339 36 21 det
394 1339 25 27 ju
442 1341 32 19 att
495 1339 58 21 finna
571 1345 26 15 en
619 1339 135 26 medelsiffra,
775 1345 46 15 som
837 1339 81 26 lämpar
933 1337 33 27 sig
980 1337 32 21 för

189 1365 74 22 landet
282 1367 6 20 i
308 1367 31 20 sin
358 1367 77 27 helhet,
458 1368 46 21 icke
523 1368 54 21 blott
595 1368 33 21 för
647 1368 55 21 vissa
721 1368 61 21 delar
800 1367 66 22 deraf.
900 1367 9 20 I
928 1367 82 26 Nyland

190 1394 40 21 och
253 1395 7 19 i
279 1395 159 22 kusttrakterna
456 1397 32 21 till
508 1397 93 26 exempel
621 1399 34 18 vet
671 1397 42 26 jag,
732 1398 34 19 att
785 1397 85 19 arbetet
888 1395 124 27 uppskattas

189 1422 85 28 mycket
298 1425 64 25 högre
385 1426 25 20 än
434 1426 6 20 i
461 1425 36 21 det
515 1426 44 20 inre
579 1425 22 21 af
618 1425 79 21 landet.
730 1426 50 20 Men
796 1424 38 27 jag
852 1426 46 19 tror
912 1423 54 21 dock
982 1425 31 19 att

190 1451 63 21 äfven
273 1452 7 20 i
300 1453 63 21 södra
382 1453 61 21 delen
462 1454 22 20 af
501 1454 47 20 vårt
567 1454 48 20 land
634 1460 26 14 en
678 1454 125 26 ersättning,
824 1459 45 15 som
885 1452 81 27 uppgår
981 1452 32 20 till

191 1480 27 21 15
233 1481 63 27 penni
312 1488 37 20 per
364 1482 187 27 kilometerskjuts,
567 1484 23 18 är
605 1482 33 21 för
653 1483 41 25 hög
708 1482 33 22 för
758 1482 36 21 det
809 1482 75 20 arbete
899 1480 114 28 skjutsnin-

190 1515 40 20 gen
254 1510 88 21 medför.
379 1510 30 21 Pä
432 1511 62 20 dessa
515 1510 92 27 grunder
629 1511 78 20 ernade
727 1511 38 26 jag
784 1510 77 21 endast
879 1509 84 25 föreslä,
982 1510 31 19 att

191 1539 131 27 skjutslegan
338 1539 98 26 möjligen
452 1539 68 23 skulle
536 1539 112 26 stipuleras
664 1539 32 21 till
712 1540 26 21 12
749 1539 72 27 penni,
833 1539 49 20 fullt
892 1537 121 27 öfvertygad
