1086 1711
340 102 93 23 Borgarest.
445 102 47 19 1888.
516 102 9 18 7
539 102 45 19 Febr.
820 103 34 18 213

118 171 57 21 Utan
197 172 33 19 att
248 171 74 21 vidare
340 171 32 20 för
388 171 70 20 denna
473 171 39 21 sak
527 172 51 25 taga
593 171 37 20 det
645 170 114 27 Vällofliga
775 171 100 22 Ståndets

48 199 189 27 uppmärksamhet
258 199 7 21 i
288 199 98 26 anspråk,
409 199 34 20 får
458 199 43 26 jag,
521 199 49 21 med
584 199 134 21 hänvisande
733 199 32 22 till
781 199 26 22 de
822 200 53 26 skäl,

49 233 45 16 som
112 228 8 21 i
138 228 57 21 mina
210 227 211 27 petitionsmemorial
437 227 23 21 af
473 227 41 21 den
529 227 13 21 6
557 227 106 22 Februari
680 227 55 22 1882
751 228 40 21 och
806 228 41 21 den
864 229 10 20 1

49 256 103 21 Februari
169 256 54 21 1885
238 256 70 21 blifvit
322 256 94 26 utlagda,
433 255 122 28 ödmjukast
566 255 75 22 anföra
651 256 88 21 stadens
749 256 126 27 önsknings-

49 284 48 26 mål,
114 285 76 20 sådant
205 285 37 19 det
256 284 70 21 blifvit
340 284 23 20 af
377 283 195 27 stadsfullmäktige
586 284 153 21 formuleradt:

153 325 29 19 att
208 323 87 27 Kajana
320 323 59 21 stads
405 324 122 20 nuvarande
559 322 120 28 3-klassiga
709 323 168 21 elementarskola

153 358 63 21 måtte
230 358 96 26 utvidgas
340 357 99 27 antingen
454 358 72 20 såsom
539 357 108 27 gossskola
663 357 33 21 till
712 357 104 27 4-klassig
830 358 47 21 med

152 392 84 27 finskan
258 391 31 21 till
310 391 230 27 undervisningsspråk
558 391 50 21 eller
626 391 42 28 ock,
684 392 10 20 i
707 391 40 27 fall
761 392 115 21 ständerna

153 426 26 28 af
198 433 24 14 en
242 426 49 21 eller
312 432 72 15 annan
406 425 115 27 anledning
539 425 43 21 icke
601 425 67 21 skulle
688 432 50 15 anse
757 426 34 27 sig
805 425 71 22 kunna

152 460 70 21 dertill
240 460 110 27 samtycka,
370 460 32 20 till
421 466 25 14 en
462 460 103 27 4-klassig
580 459 105 22 samskola
700 460 37 26 för
750 466 75 21 gossar
840 460 35 21 och

152 494 79 26 flickor,
253 494 26 21 så
301 494 87 26 ordnad,
412 495 30 20 att
464 494 64 21 elever
547 494 23 26 af
590 494 60 26 begge
670 493 67 22 könen
755 494 49 27 egde
818 494 56 28 möj-

153 528 61 27 lighet
229 530 29 19 att
274 528 98 27 derifrån
387 528 64 21 vinna
466 528 85 21 inträde
564 528 31 26 på
609 528 65 27 femte
694 528 81 21 klassen
790 528 9 21 i
813 528 62 28 högre

153 562 153 21 läroanstalter.

119 597 32 20 De
166 597 46 20 skäl
228 596 78 26 härför,
321 602 45 15 som
385 595 194 28 stadsfullmäktige
594 596 120 26 framhålla,
729 598 38 19 äro
782 596 93 27 följande

50 627 87 19 tvenne:
157 626 32 20 att
207 627 71 19 staten
296 625 67 21 redan
377 625 34 20 för
426 625 74 26 längre
516 625 31 20 tid
562 625 78 21 framåt
656 624 57 27 (från
728 625 76 21 hösten
820 625 55 21 1889

50 653 27 27 på
95 654 30 21 tio
145 653 32 27 år)
196 653 93 27 upphyrt
308 659 25 15 en
352 653 107 26 skolgård,
478 653 86 21 hvilken
580 653 82 27 lämpar
678 653 31 26 sig
725 653 61 22 äfven
801 653 33 21 för
849 659 26 15 en

49 682 104 26 4-klassig
176 682 66 25 skola,
266 687 33 16 om
323 681 76 22 endast
421 681 224 22 vaktmästarebostad
664 681 115 26 anskaffas;
795 683 32 20 att
842 681 33 22 för

49 710 132 21 inrättandet
195 710 23 21 af
231 715 26 16 en
272 710 103 26 4-klassig
391 710 108 21 samskola
509 711 70 20 staten
589 710 85 21 komme
684 712 33 19 att
727 710 21 21 få
758 710 117 21 vidkännas

50 739 55 20 blott
124 739 117 26 obetydligt
261 738 69 21 ökade
348 738 93 27 utgifter,
459 740 51 19 enär
526 739 41 20 den
582 739 124 20 nuvarande
720 739 83 26 privata
817 738 58 21 frun-

49 767 171 21 timmersskolan
242 767 28 26 på
292 769 59 19 orten
374 767 176 21 subventioneras
569 767 49 21 med
637 768 32 20 ett
688 767 63 26 årligt
765 767 74 26 anslag
855 766 22 21 af

50 796 63 25 3,000
129 795 67 26 mark,
211 795 82 21 hvilket
307 795 32 21 för
355 797 56 19 ännu
426 798 33 18 tre
475 795 24 21 år
514 795 78 22 framåt
608 797 24 19 är
647 795 110 27 beviljadt.

119 829 133 27 Helsingfors
268 829 40 21 den
324 830 12 21 3
352 829 103 21 Februari
472 829 62 22 1888.

622 856 25 22 P.
664 856 27 22 E.
708 857 96 21 Ervast."

119 902 31 21 Pä
165 902 79 27 förslag
259 902 23 22 af
294 902 26 21 hr
335 902 114 22 Hedman
464 903 149 21 remitterades
624 903 60 21 detta
694 902 182 26 petitionsförslag

50 931 32 21 till
97 931 155 21 förberedande
267 931 128 27 behandling
411 931 23 21 af
447 931 108 21 allmänna
570 931 202 21 besvärsutskottet.

117 1016 40 21 Ett
171 1016 68 27 tredje
254 1016 22 22 af
289 1016 26 21 hr
329 1016 97 22 Ervast
441 1016 119 22 inlemnadt
570 1016 185 27 petitionsförslag
765 1016 110 26 upplästes

51 1044 38 21 och
105 1044 75 22 befans
195 1051 51 15 vara
262 1045 24 21 sä
300 1045 104 27 lydande:

118 1123 10 10 »
133 1106 44 22 TM
196 1107 111 28 Vällofliga
322 1107 182 28 Borgareständet
519 1108 35 21 vid
568 1109 60 20 1888
643 1108 38 21 års
696 1107 113 28 landtdag!

118 1159 74 21 Redan
208 1160 7 20 i
230 1161 77 20 tvenne
322 1160 212 26 petitionsmemorial
548 1159 40 21 har
600 1160 38 26 jag
648 1160 36 20 vid
694 1159 69 21 denna
773 1158 103 27 landtdag

49 1188 66 20 vändt
132 1188 43 26 mig
193 1188 33 21 till
244 1188 114 26 Vällofliga
371 1188 183 26 Borgareständet
570 1188 40 21 och
624 1188 74 27 vädjat
712 1188 31 21 till
759 1188 48 20 dess
823 1193 52 21 upp-

49 1216 56 26 lysta
126 1216 39 26 nit,
187 1216 33 21 till
238 1216 48 21 dess
305 1216 245 22 fäderneslandskärlek.
580 1216 107 22 Tveksam
706 1218 23 19 är
745 1216 37 26 jag
797 1216 28 26 pä
840 1215 36 21 det

49 1244 82 26 högsta,
150 1244 105 22 huruvida
271 1245 43 26 jag,
333 1246 176 26 representanten
529 1245 33 21 för
577 1251 26 15 en
618 1246 62 25 ringa
694 1244 48 22 stad
758 1244 93 27 deruppe
867 1244 7 20 i

48 1272 93 26 Norden,
164 1273 73 21 vidare
259 1273 54 21 skall
331 1273 73 21 kunna
418 1274 93 20 besvära
525 1273 107 27 vällofliga
646 1273 87 21 ständet
747 1273 48 20 med
810 1272 66 26 nägra

48 1301 37 26 pia
107 1301 111 26 desideria,
241 1308 48 14 men
311 1302 102 20 kärleken
432 1302 33 20 till
480 1302 45 21 min
540 1302 70 26 gamla
624 1302 105 26 hembygd
744 1306 74 16 manar
833 1300 43 26 mig

49 1329 55 21 dock
127 1331 32 19 att
181 1332 57 18 ännu
253 1330 33 21 till
301 1330 96 21 ständets
413 1330 122 21 kännedom
550 1330 83 26 bringa,
648 1330 57 20 hvad
720 1330 57 20 mina
791 1328 85 21 valmän

48 1358 7 20 i
71 1363 26 16 en
119 1358 32 21 för
175 1358 47 21 dem
240 1358 66 27 vigtig
320 1358 60 27 fräga
395 1358 78 22 önskat
489 1359 41 26 sig:
546 1360 32 19 att
594 1360 32 20 ett
641 1358 198 26 afdelningskontor
855 1356 23 21 af

48 1386 103 21 Finlands
173 1386 61 22 Bank
256 1387 69 21 skulle
343 1388 96 26 placeras
454 1387 7 20 i
477 1387 85 27 Kajana
577 1387 55 21 stad.
661 1386 42 26 Jag
718 1386 39 21 har
772 1385 55 26 sökt,
843 1384 33 22 för

49 1416 32 19 att
95 1414 47 21 frän
158 1414 108 27 känslans,
282 1415 46 21 frän
344 1416 43 20 min
402 1415 125 26 subjektiva
542 1415 133 26 ständpunkt
686 1414 94 27 förflytta
790 1414 43 25 mig
844 1413 32 20 till

48 1449 27 14 en
97 1443 101 26 objektiv,
221 1443 49 21 med
292 1443 86 26 ledning
401 1443 23 21 af
445 1443 26 21 de
487 1445 75 25 nyaste
577 1443 70 21 källor
662 1442 58 21 finna
735 1441 94 28 grunder
843 1440 33 21 för

48 1470 162 27 ifrågavarande
230 1471 99 22 anhållan
348 1472 39 21 och
400 1471 38 27 jag
453 1471 41 22 har
510 1472 66 26 enligt
591 1473 48 24 eget
654 1471 62 27 tycke
732 1471 82 26 lyckats
829 1469 48 21 der-

47 1499 89 21 utinnan
152 1499 24 21 sä
191 1499 33 22 till
240 1500 55 26 vida,
310 1501 34 20 att
358 1502 15 19 t.
390 1506 32 15 ex.
439 1499 121 22 Sordavala
574 1500 55 25 stad,
646 1505 45 15 som
708 1499 83 27 nyligen
807 1497 69 22 erhäl-
