1089 1753
232 128 34 17 464
494 130 94 23 Borgarest.
600 131 45 18 1888.
672 131 19 18 13
704 131 50 18 Mars.

209 197 162 27 ifrågavarande
387 199 181 28 fördelningschef
580 201 40 21 har
635 208 25 15 en
677 201 23 21 så
714 203 78 25 ytterst
803 200 57 27 dålig
871 201 38 21 och
920 201 111 26 försvagad

209 232 44 21 syn,
273 228 32 19 att
321 227 42 21 han
378 228 41 21 kan
435 230 62 25 sägas
512 236 51 14 vara
578 230 115 21 halfblind.
723 230 57 21 Vare
796 229 62 21 dessa
874 231 93 26 exempel
982 236 47 21 nog.

277 255 93 22 Emedan
390 263 27 14 nu
436 257 60 21 äfven
517 259 42 20 alla
578 259 90 20 svenska
686 259 96 24 hamnar,
803 258 64 21 bland
886 259 71 20 hvilka
978 259 51 21 Slite

209 284 39 21 och
264 284 55 21 Fårö
335 285 26 26 på
376 285 103 22 Gottland
495 287 84 27 mycket
594 287 45 21 ofta
655 287 83 26 anlitas,
751 289 37 18 äro
800 286 133 27 fullkomliga
943 287 86 22 friham-

208 319 39 14 nar
262 313 5 20 i
283 313 93 27 antydda
391 314 120 27 afseenden,
528 316 40 20 och
584 316 33 25 då,
632 316 69 21 såsom
712 315 70 27 sagdt,
794 315 95 21 hvarken
900 317 68 20 staten
980 317 49 20 eller

208 341 70 25 någon
301 341 82 22 enskild
401 349 74 19 genom
496 344 40 20 den
555 344 120 27 föreslagna
694 344 152 26 förändringen
866 344 67 21 skulle
952 345 77 21 förlora

208 369 107 27 någoting,
336 370 23 21 så
377 371 79 21 tillåter
472 372 36 27 jag
526 373 44 26 mig
584 374 32 20 att
634 372 85 22 anhålla
738 373 37 21 det
794 372 86 21 ståndet
898 372 46 21 icke
963 374 66 20 måtte

206 397 57 21 fästa
285 399 64 26 något
371 400 99 21 afseende
492 401 35 21 vid
546 402 164 25 reservationen,
729 403 53 19 utan
798 401 113 26 godkänna
927 402 102 20 utskotts-

207 426 155 22 betänkandets
377 428 103 22 klämmar
495 429 149 22 oförändrade.

275 456 32 20 Hr
329 456 133 22 Hartman:
486 458 31 20 En
541 458 81 26 redare,
646 465 44 14 som
710 459 69 20 under
794 458 94 21 rådande
903 458 125 28 nedtryckta

206 483 212 28 fraktkonjunkturer
432 488 76 19 väntar
523 487 70 26 någon
608 487 94 21 inkomst
717 487 23 21 af
754 487 47 21 sina
814 487 73 27 skepp,
899 488 67 20 måste
977 488 51 20 ovil-

206 512 97 27 korligen
326 516 49 24 taga
390 514 6 21 i
414 515 38 21 akt
467 517 31 19 att
514 515 74 25 ,,Time
603 516 27 20 ist
645 517 97 26 money".
774 515 86 21 Samma
874 516 83 26 gyllene
971 516 55 26 regel

205 540 69 22 måste
289 542 61 21 äfven
366 542 158 23 befälhafvaren
539 544 57 27 följa,
614 544 73 21 såvida
703 545 42 20 han
762 544 18 27 ej
797 544 36 21 vill
848 544 63 21 mista
922 545 32 21 sin
965 545 63 27 plats.

205 569 118 28 Fartygens
345 573 106 20 reseturer
473 572 67 21 måste
564 573 60 21 äfven
648 573 74 21 ställas
738 572 30 27 så,
785 575 33 19 att
833 579 61 15 resan
910 574 41 20 kan
966 576 62 24 göras

205 598 28 26 på
255 599 77 21 minsta
354 600 84 27 möjliga
457 602 41 25 tid;
515 602 59 20 detta
589 602 46 20 åter
650 602 132 25 förutsätter,
800 602 132 26 synnerligen
948 602 32 21 för
996 608 32 15 se-

205 627 110 27 gelfartyg,
338 630 31 20 att
387 629 36 21 det
438 630 78 20 minsta
531 630 86 27 möjliga
633 631 58 20 antal
706 630 91 21 hamnar
812 630 92 21 besökas
919 631 67 20 under
1002 637 25 15 en

205 656 39 20 och
261 662 80 16 samma
355 664 53 14 resa.
439 658 33 21 Då
487 659 62 21 dessa
565 662 68 18 satser
648 659 62 21 torde
725 658 127 28 godkännas
868 659 22 21 af
904 659 47 26 alla,
967 660 60 20 torde

205 684 36 21 det
256 684 61 21 äfven
333 692 50 15 vara
398 687 62 26 klart,
476 689 32 18 att
522 688 63 25 ingen
601 688 75 21 redare
692 688 54 20 låter
762 688 38 20 sitt
816 687 65 27 skepp
894 688 76 26 anlöpa
983 688 44 20 Ma-

205 713 102 28 riehamn
315 713 33 21 för
363 715 67 26 order,
448 722 33 14 om
497 722 80 15 samma
594 717 62 20 order
671 716 73 21 kunna
761 715 91 22 erhållas
867 716 34 21 vid
917 722 110 20 passeran-

205 741 36 21 det
257 741 23 21 af
293 742 104 21 Öresund.

273 771 112 21 Dessutom
408 775 91 18 utsätter
515 780 25 13 en
556 773 150 26 befälhafvare,
722 779 47 15 som
786 773 88 26 anlöper
890 773 136 26 Mariehamn,

205 799 31 26 sig
259 799 32 20 för
315 800 69 21 risken
407 803 32 19 att
458 801 54 21 efter
527 802 95 21 erhållna
638 803 62 20 order
715 802 49 21 med
780 801 42 21 den
837 803 53 19 mest
905 808 122 21 gynsamma

203 827 50 21 vind
275 828 32 21 för
330 835 71 14 resans
423 829 139 28 fortsättning
580 833 75 18 norrut
673 831 47 20 icke
739 831 75 20 kunna
830 830 84 21 komma
929 837 25 14 ur
968 830 58 21 ham-

203 861 48 21 nen,
275 857 38 20 och
336 863 62 15 resan
420 858 49 26 kan,
486 859 132 26 synnerligen
634 865 34 15 om
685 861 82 24 hösten,
784 858 28 21 då
827 859 57 20 tiden
900 861 23 18 är
938 859 88 21 dubbelt

203 884 78 27 dyrbar
304 885 38 21 och
365 886 121 27 långvariga
509 888 127 26 sydvestliga
651 888 75 21 vindar
743 887 46 22 ofta
804 887 90 24 inträffa,
911 887 64 21 blifva
990 894 36 14 an-

203 913 77 27 senligt
295 914 103 27 förlängd.

273 943 61 20 Hvad
357 943 45 21 åter
424 944 143 21 Mariehamns
590 945 64 20 värde
677 945 70 21 såsom
767 945 142 26 utrustnings-
924 945 39 20 och
978 951 48 20 pro-

203 971 202 26 vianterings-hamn
422 972 33 21 för
470 973 67 21 andra
552 976 25 18 än
594 973 104 21 åländska
712 973 72 28 fartyg
799 973 137 26 vidkommer,
952 973 23 21 sä
990 973 36 21 fin-

204 1005 37 14 nes
264 999 35 21 det
321 1000 48 26 inga
392 1001 132 26 betingelser,
546 1008 45 15 som
610 1002 60 26 gåfve
685 1002 150 27 förhoppning,
846 1003 38 26 att
899 1007 25 15 en
940 1002 86 27 skepps-

203 1027 186 22 fournerare-aftär
412 1030 37 21 der
471 1031 70 21 kunde
564 1031 76 26 uppstå
656 1031 40 20 oeh
712 1031 100 20 existera.
842 1030 67 21 Äfven
925 1030 65 26 några
1006 1031 22 20 af

204 1055 51 22 våra
271 1058 77 20 största
363 1057 241 27 afskeppningshamnar
620 1061 36 19 äro
672 1060 40 20 den
728 1059 50 26 dag,
794 1065 46 14 som
856 1060 30 24 är,
902 1058 23 21 så
936 1059 36 20 illa
984 1058 42 22 för-

203 1084 66 21 sedda
291 1086 47 20 med
362 1086 54 21 hvad
438 1087 32 21 till
492 1087 80 28 fartygs
591 1088 123 26 utrustning
729 1088 40 20 och
786 1088 159 26 proviantering
960 1087 66 21 erfor-

203 1112 57 27 dras,
283 1115 33 19 att
337 1114 75 28 fartyg,
436 1122 44 14 som
504 1116 37 20 der
560 1116 73 26 intaga
648 1116 48 26 last,
713 1116 45 21 ofta
774 1122 22 14 se
812 1116 32 25 sig
858 1116 120 20 föranlåtna
994 1118 32 19 att

203 1142 78 26 anlöpa
295 1142 140 27 Köpenhamn
450 1144 51 21 eller
517 1145 112 26 Helsingör
644 1144 33 21 för
688 1147 32 19 att
731 1144 151 26 komplettera.
909 1144 43 21 När
968 1144 57 21 detta

203 1172 23 18 är
249 1170 60 21 fallet
330 1172 47 20 med
400 1172 94 27 hamnar,
514 1179 45 15 som
575 1173 80 27 årligen
670 1173 93 21 besökas
780 1172 23 21 af
817 1172 151 22 hundradetals
984 1172 41 21 far-

201 1200 44 25 tyg,
267 1199 24 21 så
309 1200 55 20 lärer
379 1200 36 21 det
430 1201 18 27 cj
464 1208 51 14 vara
530 1204 55 18 stort
600 1202 63 26 hopp,
680 1203 32 19 att
727 1202 72 26 någon
814 1201 80 27 vågade
909 1201 95 21 försöket
1018 1202 6 19 i

202 1227 137 21 Mariehamn.

272 1256 72 22 Större
366 1258 152 26 reparationer,
541 1264 45 16 som
606 1259 94 21 erfordra
716 1258 94 27 dyrbara
826 1258 38 21 och
880 1258 48 21 flere
944 1258 45 26 slag
1004 1258 23 20 af

201 1285 135 25 materialier,
359 1286 72 21 kunna
454 1287 72 21 endast
549 1287 83 21 utföras
651 1288 34 20 vid
704 1288 34 20 väl
758 1287 102 21 försedda
875 1286 52 26 varf,
944 1286 38 21 och
998 1286 27 21 då

201 1312 132 22 Mariehamn
357 1314 77 21 saknar
457 1322 26 14 en
505 1315 67 21 sådan
594 1316 118 26 inrättning
734 1316 49 26 och,
799 1315 70 21 såsom
882 1316 37 26 jag
933 1315 91 25 befarar,

201 1341 62 21 äfven
287 1342 147 27 byggmästare
453 1344 38 20 och
507 1344 139 26 timmermän,
662 1344 30 26 så,
708 1350 64 21 synes
789 1344 49 26 mig,
854 1344 94 20 förfaller
963 1343 61 21 äfven

201 1368 146 24 Mariehamns
361 1372 123 26 lämplighet
500 1372 69 22 såsom
584 1373 131 27 tillflyktsort
730 1373 35 21 för
781 1373 123 20 haverister.

270 1399 61 20 Hvad
351 1400 37 26 jag
406 1401 55 20 dock
481 1402 53 19 mest
549 1401 42 20 fäst
606 1402 42 25 mig
663 1402 41 25 vid,
720 1403 25 18 är
762 1403 32 18 att
810 1401 104 20 utskottet
929 1400 95 25 föreslår,

201 1426 36 21 det
252 1427 75 28 fartyg,
343 1434 44 15 som
403 1429 77 27 anlöpa
496 1429 132 21 Mariebamn
643 1430 33 21 för
692 1430 71 25 order,
777 1429 53 21 eller
841 1429 124 25 vinddrifne,
977 1429 47 20 icke

200 1461 51 15 vore
273 1456 96 27 skyldiga
391 1459 32 19 att
446 1458 66 21 anlita
535 1458 42 21 lots
600 1458 50 21 eller
669 1459 87 26 erlägga
772 1458 91 26 lotslega
878 1460 51 18 utan
946 1459 31 19 att
992 1459 32 18 ut-

200 1483 81 22 skottet
296 1485 68 21 tillika
379 1485 94 27 föreslår,
490 1486 26 27 på
531 1487 55 20 hvad
602 1488 42 19 sätt
659 1487 96 20 lotsarne
772 1487 35 20 vid
823 1486 131 21 Mariehamn
965 1485 59 21 skola

200 1512 81 21 erhålla
297 1514 36 21 sitt
349 1514 115 22 lefvebröd.

270 1541 102 22 Lotsarne
394 1542 28 27 på
444 1544 50 21 våra
508 1545 56 26 yttre
580 1544 83 26 klippor
679 1545 61 26 njuta
757 1543 124 26 visserligen
897 1542 23 21 af
933 1543 40 20 den
988 1543 36 20 fri-
