1089 1748
343 140 93 22 Borgarest.
449 139 44 19 1888.
517 139 10 18 3
541 139 50 18 Mars.
823 139 34 18 363

51 210 32 25 sig
98 209 65 26 nägot
179 208 82 26 dyrare,
277 208 23 20 sä
314 208 22 21 fä
351 208 20 20 vi
387 207 88 21 derutaf
487 207 48 21 icke
550 207 44 21 läta
610 206 114 22 afskräcka
739 212 42 20 oss,
797 209 51 19 utan
859 207 21 21 vi

52 237 53 21 böra
119 236 49 22 frän
183 236 126 21 ständernas
324 236 46 20 sida
384 236 71 20 lemna
470 236 127 27 regeringen
612 235 85 21 tillfälle
709 236 38 25 att,
759 236 70 20 derest
840 234 40 22 den

51 265 47 21 icke
120 265 69 21 skulle
204 264 51 27 vilja
273 264 104 27 tillskjuta
392 264 70 21 medel
477 264 48 21 frän
540 264 26 20 de
581 264 82 25 fonder,
679 263 58 21 öfver
752 263 73 21 hvilka
840 263 40 21 den

51 294 100 26 förfogar,
174 294 67 25 draga
263 293 59 21 vexel
344 292 27 27 pä
389 292 276 22 kommunikationsfonden
685 292 40 20 och
739 294 96 24 upptaga
850 293 31 19 ett

52 324 69 19 större
136 322 41 26 län,
194 328 52 19 som,
261 322 52 20 utan
329 323 32 19 att
376 327 49 15 man
440 321 93 21 behöfde
547 320 88 21 invänta
650 320 74 21 vidare
734 320 146 26 besparingar,

53 350 68 21 skulle
135 352 58 20 sätta
209 356 34 15 oss
258 350 7 20 i
275 349 84 21 tillfälle
369 351 32 19 att
410 350 59 20 inom
481 349 40 21 den
532 348 23 22 af
564 349 43 26 mig
617 348 93 21 nämnda
720 348 59 22 tiden
790 348 90 22 slutföra

53 384 48 21 nyss
123 378 93 22 berörda
232 378 231 26 jernvägsbyggnader.
493 378 41 26 Jag
552 377 33 21 fär
603 377 72 21 derför
691 376 70 22 säsom
776 382 105 16 samman-

53 406 92 28 fattning
163 407 23 21 af
203 406 55 22 hvad
272 406 37 26 jag
323 406 47 20 haft
385 408 52 18 äran
453 406 76 20 anföra
544 406 43 20 läta
602 405 161 27 propositionen
777 405 34 21 till
824 406 57 26 jern-

53 436 160 26 vägsutskottet
227 434 62 27 följas
304 434 23 21 af
340 434 41 21 den
395 434 106 26 helsning,
517 436 32 19 att
565 434 105 20 utskottet
685 434 114 25 ingalunda
815 433 66 21 mätte

53 463 52 21 falla
127 464 52 20 offer
194 463 34 21 för
247 463 69 21 denna
331 462 72 22 alltför
417 462 112 27 försigtiga
544 462 83 27 politik,
643 468 52 20 som,
712 468 34 14 om
761 464 27 18 än
804 462 78 21 välme-

53 492 48 26 nad,
117 492 65 20 likväl
197 492 53 20 utan
265 491 47 21 skäl
327 491 54 21 skall
395 491 58 21 hälla
468 491 85 21 landets
568 490 122 26 utveckling
705 490 90 21 tillbaka

123 520 31 20 Hr
169 520 145 20 Molander:
333 519 11 21 I
361 520 40 20 den
416 519 147 27 föreliggande
579 519 78 25 nådiga
671 519 161 26 propositionen
846 520 34 19 rö-

53 548 67 21 rande
135 548 72 21 vidare
221 548 208 26 jernvägsbygnader
444 548 7 20 i
467 548 74 21 landet
555 547 67 21 finnes
633 547 28 27 pä
671 547 60 21 sidan
741 548 14 20 5
767 553 25 15 en
804 546 76 28 punkt,

54 582 46 16 som
120 577 37 27 jag
179 577 38 20 ber
235 577 32 20 att
281 576 22 21 få
318 576 99 26 uppläsa:
433 576 24 26 ,,I
473 576 142 21 betraktande
631 575 66 26 deraf,
714 577 32 19 att
761 575 119 21 kostnaden

54 605 34 21 för
109 605 27 21 de
157 605 72 21 nedan
248 604 140 21 omförmälda
399 604 250 27 jernvägsanlägningar,
665 610 34 14 om
715 604 71 20 hvilka
800 603 81 25 förslag

54 640 77 20 genom
146 634 70 20 denna
226 632 78 27 nädiga
314 633 134 27 proposition
459 633 32 21 till
503 632 125 22 ständernas
639 632 158 26 handläggning
808 631 72 21 aflem-

55 668 45 20 nas,
117 662 125 26 öfverstiger
257 661 285 21 kommunikationsfondens
557 661 69 21 under
636 660 193 22 nästinstundande
839 661 43 19 tre-

56 690 108 26 ärsperiod
179 690 34 21 för
229 690 71 26 dylika
311 690 154 26 anläggningar
476 689 121 27 disponibla
607 688 120 27 tillgångar,
742 689 38 21 och
792 688 27 21 dä
829 688 53 21 läm-

56 718 89 27 pligaste
168 718 150 26 sträckningen
341 718 23 21 af
382 718 119 26 jernvägen
520 718 33 20 till
568 717 132 27 Björneborg
715 719 56 19 ännu
786 717 48 21 icke
849 722 33 21 sy-

56 753 37 15 nes
107 753 52 15 vara
174 747 115 25 behörigen
305 746 83 25 utredd,
404 747 55 20 samt
474 746 151 21 instrumenta]
640 745 159 26 undersökning
813 744 23 22 af
846 751 36 14 an-

57 775 38 21 dra
116 776 33 20 för
173 776 122 20 densamma
316 775 119 26 föreslagna
458 775 69 25 linier,
547 776 27 18 än
590 774 90 21 emellan
695 774 132 26 Björneborg
843 772 40 22 och

56 803 89 21 Urdiala
159 804 81 20 station
256 803 108 21 äfvensom
380 803 91 21 emellan
487 802 134 28 Björneborg
636 802 40 21 och
691 801 142 22 Tammerfors
848 807 35 20 ge-

57 838 49 14 nom
121 832 148 26 Kankaanpää
285 832 78 21 socken
378 832 47 20 icke
440 832 70 20 heller
525 833 36 24 egt
576 837 53 20 rum,
645 831 39 21 har
695 831 58 20 Hans
765 830 119 26 Kejserliga

58 860 105 27 Majestät,
183 861 67 27 jemte
274 860 36 21 det
333 860 57 21 Hans
413 860 103 27 Majestät
538 859 57 22 velat
617 860 76 25 bringa
710 859 33 21 till
757 858 127 22 ständernas

57 889 126 26 kännedom,
199 889 57 21 hvad
270 889 7 20 i
293 889 69 21 denna
376 889 60 26 fråga
451 889 7 20 i
475 888 76 21 anförd
565 888 67 21 måtto
648 888 103 21 härintills
762 887 70 21 blifvit
842 886 42 21 till-

57 917 77 27 gjordt,
155 919 72 20 ansett
241 917 74 27 frågan
331 923 33 15 om
380 917 123 26 byggandet
518 917 23 20 af
555 923 24 14 en
593 917 90 26 jernväg
697 916 34 21 till
745 915 139 28 Björneborg,

57 951 34 16 om
115 946 39 21 ock
176 947 70 20 denna
268 946 63 25 bana,
354 945 48 22 med
424 945 102 21 afseende
545 945 12 21 å
577 945 36 21 det
628 951 62 20 gagn,
706 951 45 14 som
767 943 61 22 deraf
842 943 42 21 kan

58 974 114 25 förväntas,
192 974 66 21 borde
277 975 86 20 komma
378 973 33 22 till
425 973 122 26 utförande,
563 973 22 21 så
601 975 60 19 snart
676 972 209 27 omständigheterna

58 1002 36 21 det
109 1003 111 26 medgifva,
236 1002 33 21 för
284 1003 69 20 denna
371 1002 55 27 gång
441 1002 48 21 icke
505 1002 72 21 kunna
593 1001 66 22 blifva
673 1001 89 22 föremål
776 1001 33 20 för
821 1000 64 26 nådig

57 1031 132 26 proposition
204 1031 33 21 till
248 1031 140 21 Ständerna".
408 1031 81 20 Vidare
500 1030 68 21 finnes
579 1032 30 19 ett
619 1030 112 21 utlåtande
741 1029 27 27 på
778 1029 61 21 sidan
851 1028 33 26 14,

57 1065 45 14 som
117 1059 59 27 lyder
191 1059 99 22 sålunda:
307 1076 12 9 ,,
321 1059 50 21 Med
387 1059 101 21 afseende
504 1059 57 26 derå,
577 1059 33 20 att
625 1059 70 26 någon
709 1060 68 19 större
787 1056 98 22 trafikin-

57 1087 71 21 komst
142 1087 23 21 af
179 1088 41 20 den
235 1087 100 22 karelska
350 1087 70 22 banan
435 1087 49 21 icke
499 1087 72 21 kunde
586 1088 86 25 motses,
687 1088 52 20 utan
755 1087 36 20 det
804 1085 34 22 till
848 1085 36 21 ba-

57 1121 52 16 nans
131 1116 112 27 byggande
266 1117 97 21 använda
385 1116 82 27 kapital
489 1116 94 26 troligen
605 1116 63 25 länge
690 1121 41 20 nog
749 1115 84 20 komme
853 1115 32 20 att

57 1144 56 27 ligga
127 1146 53 19 utan
196 1146 68 25 ränta,
281 1145 38 21 och
336 1146 31 20 att
383 1145 40 20 den
439 1146 69 19 större
525 1144 50 21 eller
590 1144 83 21 mindre
687 1142 199 28 anläggningskost-

57 1172 70 22 naden
147 1173 34 20 för
199 1173 70 21 denna
287 1174 56 21 bana
358 1173 81 21 således
455 1179 53 14 vore
523 1172 23 21 af
559 1172 156 27 öfvervägande
729 1172 109 27 betydelse
852 1170 34 21 för

57 1201 79 26 landet,
151 1201 40 21 har
206 1201 163 28 öfverstyrelsen
385 1201 120 22 emellertid
520 1202 71 20 ansett
606 1201 45 26 sig'*
668 1207 19 15 o.
703 1207 16 14 s.
735 1207 18 14 v.
775 1200 111 21 Samman-

59 1229 72 22 ställer
153 1235 50 16 man
224 1229 58 22 båda
305 1231 61 20 dessa
388 1230 122 27 yttranden,
533 1229 7 21 i
562 1229 73 21 hvilka
652 1229 104 27 styrelsen
771 1229 7 20 i
793 1228 37 21 det
846 1233 40 16 ena

57 1258 81 26 nödgas
160 1258 113 27 medgifva,
296 1260 33 19 att
352 1258 218 27 Björneborgsbanan
592 1257 70 22 blefve
677 1257 23 21 af
713 1259 54 19 stort
782 1262 56 21 gagn
853 1256 33 21 för

58 1292 27 15 en
107 1288 69 19 större
198 1287 104 26 landsort,
326 1287 40 21 och
388 1287 177 26 öfverstyrelsens
583 1286 34 21 för
631 1288 50 24 väg-
697 1285 39 22 och
751 1284 135 22 vattenkom-

58 1315 185 21 munikationerna
265 1315 118 26 utlätande,
407 1315 37 21 der
467 1315 39 20 det
528 1315 67 25 heter,
611 1315 33 20 att
659 1314 36 21 det
710 1314 27 27 pä
752 1313 63 27 länga
831 1313 55 20 tider

58 1343 47 21 icke
127 1343 42 21 kan
192 1345 77 20 väntas
292 1350 37 15 ens
347 1345 33 20 att
395 1343 211 21 trafikkostnaderna
621 1343 69 20 blefve
705 1342 106 26 betäckta,
828 1343 58 18 ännu

57 1371 82 21 mindre
161 1372 71 27 nägon
255 1374 62 19 ränta
334 1372 28 27 pä
377 1371 248 27 anläggningskapitalet
639 1371 47 21 frän
701 1371 99 21 karelska
815 1369 72 21 banan

57 1399 86 22 komma
164 1401 7 20 i
186 1400 67 27 fråga,
270 1400 40 21 och
327 1401 35 20 det
378 1400 103 27 derjemte
497 1406 26 15 ur
539 1400 25 21 de
580 1399 133 27 handlingar,
729 1399 103 27 styrelsen
847 1397 40 21 har

57 1428 34 21 till
113 1429 38 20 sitt
166 1429 132 26 förfogande,
314 1429 100 26 framgär,
431 1429 32 20 att
479 1428 217 27 Björneborgsbanan
711 1427 38 27 gär
763 1432 77 22 genom
855 1425 32 21 hi-

57 1457 92 21 storiska
163 1457 41 21 och
218 1457 114 21 välodlade
347 1457 89 25 trakter,
451 1463 61 14 mera
527 1456 114 21 befolkade
656 1458 27 19 än
699 1455 26 22 de
739 1455 62 21 flesta
811 1453 77 22 orter
879 1449 14 38 i

56 1484 98 27 Finland,
170 1485 28 21 dä
213 1485 46 22 äter
273 1485 100 21 karelska
387 1485 71 21 banan
469 1485 138 26 genomlöper
614 1484 153 27 jemförelsevis
778 1483 40 20 öde
829 1482 59 21 trak-

57 1515 38 23 ter,
111 1513 24 22 sä
150 1513 43 22 kan
207 1520 50 15 man
272 1514 47 21 icke
334 1513 61 26 fatta,
410 1513 28 27 pä
453 1513 89 21 hvilken
557 1513 69 26 grund
641 1513 102 26 styrelsen
755 1512 38 21 har
805 1511 82 20 undan-

57 1541 76 28 skjutit
151 1542 227 27 Björneborgsbanans
393 1542 115 27 byggande
523 1541 35 21 vid
574 1541 70 21 denna
659 1541 101 26 landtdag
776 1539 39 22 och
832 1539 56 21 före-
