1089 1745
401 432 165 32 18SS8S.

243 521 116 28 Torsdagen
377 521 38 22 den
431 521 22 22 19
467 521 80 28 januari
564 521 27 24 kl.
609 521 48 28 '/211
673 521 14 23 f.
703 527 24 18 m.

142 595 69 22 Sedan
229 595 188 28 borgareständets
436 596 137 21 medlemmar
592 596 69 21 under
680 596 105 27 gärdagen
808 596 87 21 företett

72 625 47 21 sina
137 624 122 21 fullmakter
277 625 34 21 till
325 624 66 21 sådan
407 625 138 26 granskning,
561 625 11 27 $
589 625 27 21 22
635 625 4 20 i
654 625 240 26 Landtdagsordningen

73 653 81 27 bjuder,
171 653 169 21 sammanträdde
355 653 178 26 borgareständet
548 653 28 27 pä
591 653 71 21 denna
677 653 41 26 dag
729 653 39 21 och
779 653 72 21 timme
861 653 33 20 till

72 682 38 21 sitt
124 681 67 21 första
208 682 93 26 plenum,
316 681 89 22 hvarvid
419 683 90 20 närvoro
526 682 69 21 säsom
611 684 172 24 representanter
797 682 33 21 för
845 681 50 21 Hel-

72 709 102 27 singfors:
189 710 135 21 handlanden
339 710 53 21 Karl
408 710 93 21 Herman
517 711 105 24 Renlund,
635 711 180 20 kommerserädet
825 710 69 21 Johan

73 738 98 21 Leonard
189 738 130 27 Borgström,
334 739 132 26 sakföraren,
482 739 240 26 vicehäradshöfdingen
737 739 79 21 Rudolf
830 739 65 20 Bern-

74 767 54 21 hard
147 767 83 26 Elving,
237 767 147 27 handlanden
404 767 65 21 Adolf
485 767 90 22 Fredrik
590 768 119 25 Wasenius,
725 767 170 28 politieborgmä-

73 797 71 19 staren
160 795 57 21 Elias
233 795 88 27 Öhman,
337 795 231 28 folkskoleinspektorn
588 796 77 21 Viktor
685 796 97 21 Wilhelm
803 796 91 25 Öhberg,

73 823 136 22 fabrikanten
223 824 93 21 Richard
331 824 99 21 Theodor
445 825 141 26 Heimberger
601 825 40 21 och
658 825 135 20 handlanden
803 825 91 20 Mauritz

73 852 56 21 Emil
151 853 89 20 Fredrik
259 853 107 26 Hallberg,
383 853 42 20 alla
439 853 48 21 från
503 853 132 27 Helsingfors
651 854 58 25 stad;
725 853 32 21 för
773 847 58 27 Åbo:
847 852 47 21 hof-

73 883 166 19 rättsassessorn
258 881 51 21 Karl
328 881 100 22 Wilhelm
448 881 66 26 Sulin,
534 882 181 21 kommerserådet
734 881 79 22 Gustaf
833 881 65 21 Adolf

74 909 119 26 Lindblom,
213 910 234 26 politieborgmästaren
467 910 83 27 August
569 911 123 21 Ferdinand
711 911 99 22 Juselius,
830 909 66 22 hand-

75 938 77 21 landen
170 938 64 21 Ernst
253 939 123 20 Dahlström
397 939 39 20 och
453 939 148 21 sekreteraren
617 940 7 20 i
640 939 80 21 Finska
735 939 161 25 Hushällnings-

74 966 124 27 sällskapet,
213 966 220 22 filosofiekandidaten
449 967 65 21 Ernst
529 968 125 25 Rönnbäck,
671 968 42 21 alla
722 967 45 21 frän
779 962 47 26 Äbo
838 967 57 23 stad;

73 995 34 20 för
130 995 97 26 Wiborg:
250 995 160 21 bokhandlaren
433 996 83 21 Walter
535 996 90 27 Hoving,
645 996 153 21 hofrättsrädet
815 995 81 26 Ludvig

74 1023 81 21 Gustaf
177 1023 96 22 Leonard
300 1024 107 27 Clouberg
432 1025 40 20 och
496 1025 205 21 hofrättsassessorn
723 1024 70 27 Georg
815 1023 81 22 Henrik

74 1051 64 27 Willy
155 1052 105 26 Calonius,
276 1053 43 20 alla
333 1053 47 20 från
396 1053 100 26 Wiborgs
507 1053 58 26 stad;
576 1053 33 21 för
619 1053 87 22 Lovisa:
715 1052 181 28 justitierädman-

74 1086 41 15 nen
136 1081 7 20 i
162 1081 133 26 Helsingfors
317 1081 48 21 stad
387 1081 53 21 Karl
459 1082 66 21 Arvid
544 1082 96 27 Nyberg;
656 1082 34 21 för
706 1082 115 25 Uleäborg:
837 1081 59 21 kom-

74 1109 130 21 merserädet
219 1110 74 20 Albert
309 1109 68 22 Oskar
393 1110 108 21 Snellman
517 1111 40 20 och
570 1111 235 26 politieborgmästaren
815 1109 82 22 Robert

75 1137 74 21 Alarik
164 1137 138 26 Hasselblatt,
318 1138 56 21 bäda
388 1138 48 21 frän
451 1139 93 21 nämnda
559 1139 59 26 stad;
634 1139 33 21 för
678 1139 144 21 Nikolaistad:
838 1138 59 21 kom-

75 1166 130 21 merserädet
229 1167 96 20 Joachim
349 1167 84 21 Kurtén
459 1168 40 20 och
521 1167 202 22 hofrättsassessorn
745 1167 70 21 Johan
837 1167 62 20 Josef

75 1194 114 27 Stenbäck,
205 1195 67 26 begge
286 1195 47 21 frän
348 1196 93 20 nämnda
456 1196 59 25 stad;
531 1196 32 21 för
578 1196 143 27 Björneborg:
736 1197 161 25 borgmästaren

75 1223 86 21 Edvard
175 1223 111 22 Molander
301 1224 39 21 och
355 1224 149 21 stadsläkaren
520 1225 52 20 Karl
587 1225 92 20 Fredrik
694 1225 75 25 Walle,
785 1224 55 21 bäda
850 1223 47 21 frän

75 1258 80 14 samma
169 1252 57 26 stad;
242 1252 33 21 för
289 1252 93 21 Raumo:
399 1253 137 21 handlanden
547 1253 112 21 derstädes
669 1253 70 21 Johan
750 1253 98 20 Wilhelm
860 1252 37 21 Sö-

75 1280 99 26 derlund;
189 1280 34 21 för
237 1281 93 20 Torneä:
346 1281 231 26 tidningsredaktören,
593 1281 206 27 filosofiemagistern
815 1281 83 21 Anders

75 1309 94 20 Herman
189 1309 126 27 Chydenius,
331 1309 48 21 frän
395 1310 134 26 Helsingfors
545 1310 58 26 stad;
620 1310 33 20 för
669 1310 78 26 Borgä:
763 1309 134 21 handlanden

75 1337 116 25 derstädes,
215 1337 136 22 vicekonsuln
374 1338 53 21 Karl
449 1338 92 21 Fredrik
563 1338 131 28 Tojkander;
717 1338 32 21 för
765 1337 133 28 Nykarleby:

75 1365 169 22 tullförvaltaren
263 1366 110 21 derstädes
391 1367 71 20 Johan
479 1367 76 21 Albert
569 1367 82 26 Eligius
667 1367 82 26 Öberg;
765 1367 33 20 för
813 1366 85 21 Gamla-

75 1394 98 27 karleby:
195 1394 230 27 tidningsredaktören,
446 1395 174 27 juris-utriusgve
643 1396 91 21 doktorn
757 1395 53 21 Axel
829 1394 69 21 Johan

75 1422 60 26 Lille,
154 1422 46 21 frän
219 1423 142 26 Helsingfors;
377 1423 34 21 för
426 1423 91 27 Nystad:
535 1425 140 26 sjökaptenen
691 1424 81 21 Robert
787 1423 111 25 Hartman,

74 1451 47 20 från
147 1457 80 15 samma
251 1452 58 25 stad;
335 1451 32 21 för
393 1452 96 21 Ekenäs:
515 1453 220 21 bankkommissarien
757 1451 65 22 Ernst
844 1451 55 21 Emil

75 1479 154 27 Schybergson,
247 1480 47 21 frän
313 1480 145 26 Nikolaistad;
478 1481 34 21 för
530 1481 155 21 Kristinestad:
701 1481 135 21 handlanden
852 1481 47 20 der-

75 1504 72 36 städes
167 1508 51 26 Karl
236 1508 74 21 Alfred
329 1508 129 27 Carlström;
478 1509 34 21 för
530 1509 123 22 Nädendal:
669 1509 144 22 Fabrikanten
828 1509 71 20 Johan

74 1536 106 26 Nissinen,
203 1537 46 20 frän
272 1537 143 26 Helsingfors;
435 1537 34 21 för
484 1538 131 21 Jakobstad:
632 1537 266 25 handelsskoledirektorn,

820 1577 9 16 1
