1086 1750
337 132 93 22 Borgarest.
443 130 50 20 1888.
517 132 20 18 27
550 132 52 18 Mars.
825 132 33 18 511

56 201 55 26 tagit
125 200 7 21 i
146 200 85 27 frågans
246 200 130 26 behandling
391 200 58 21 inom
465 200 113 21 utskottet.
608 201 67 20 Detta
685 202 24 19 är
719 200 46 22 icke
776 200 107 22 öfverens-

58 229 132 21 stämmande
212 229 49 21 med
282 229 96 26 verkliga
396 228 150 22 förhållandet.
580 229 32 21 Hr
631 229 109 21 Renlunds
760 235 64 15 namn
843 229 40 21 bör

57 257 50 27 ingå
122 257 7 21 i
144 258 71 20 stället
230 257 33 21 för
279 258 55 20 mitt.
405 283 3 1 -

127 286 149 20 Betänkandet
291 285 45 21 blef
348 285 54 21 härä
418 285 23 21 af
455 285 86 21 ständet
556 286 103 26 enhälligt
674 286 116 26 godkändt.

127 342 56 21 Frän
201 342 157 21 bondeständet
376 342 93 21 anlände
487 349 27 14 en
529 342 133 28 deputation,
679 342 116 22 bestäende
810 343 23 21 af
847 343 36 21 hrr

59 370 108 28 Hedberg,
183 370 114 22 Riihimäki
313 370 39 21 och
368 370 70 26 Häkli,
455 370 23 21 af
492 370 72 22 hvilka

127 400 25 20 hr
168 399 121 26 Hedberg
303 399 84 27 yttrade
402 398 104 28 följande:
533 400 96 26 Högädle
643 400 26 20 hr
679 399 86 27 talman,
777 400 106 26 vällofliga

58 428 164 27 borgareständ!
260 427 41 21 Vid
323 427 158 27 behandlingen
503 428 24 21 af
547 428 108 21 allmänna
676 428 207 22 besvärsutskottets

58 456 135 22 betänkande
211 462 35 15 n:o
266 456 12 21 7
294 455 110 27 angående
420 456 144 27 petitionerna
580 463 34 14 om
629 457 117 20 understöd
761 457 33 21 för
809 457 75 22 förfat-

59 487 47 19 tare
129 485 27 26 pä
175 485 36 21 det
229 484 153 21 skönlitterära
400 484 104 27 omrädet,
523 485 40 21 har
582 485 108 26 vällofliga
708 484 176 27 borgareständet

59 514 40 20 och
114 513 157 21 bondeständet
285 515 72 25 tyvärr
372 514 87 20 stannat
473 513 36 21 vid
524 513 57 22 olika
596 514 76 25 beslut,
688 513 8 21 i
710 513 36 21 det
762 515 31 20 att
808 515 76 25 borga-

59 542 109 21 reständet
190 541 87 22 anslutit
300 542 31 25 sig
353 541 33 21 till
408 542 244 21 utskottsbetänkandet
671 542 39 21 och
729 542 155 21 bondeständet

59 570 99 21 omfattat
176 571 41 20 den
236 570 145 21 betänkandet
400 570 118 27 ätföljande
537 571 166 21 reservationen.
733 570 33 21 Dä
781 571 23 21 sä
820 571 64 26 skett,

59 599 40 21 har
113 598 155 22 bondeständet
283 598 48 22 lätit
345 599 38 20 sitt
398 605 74 15 varma
487 599 90 21 intresse
592 600 33 20 för
640 599 190 21 skönlitteraturen
844 600 40 20 och

60 627 32 21 sin
108 627 66 27 lifliga
189 627 140 27 öfvertygelse
345 633 34 15 om
395 627 60 21 detta
470 627 189 27 bildningsmedels
674 629 59 19 stora
747 628 59 20 makt
816 628 69 21 förmä

59 656 32 26 sig
114 657 32 19 att
163 656 88 26 inbjuda
270 655 106 26 vällofliga
395 656 184 26 borgareständet,
600 658 31 19 att
649 656 48 20 med
716 656 129 26 frängäende
864 656 23 22 af

59 684 38 21 sitt
115 684 58 21 förut
190 684 81 21 fattade
291 684 70 20 beslut
380 684 54 26 änyo
454 686 95 24 upptaga
568 684 60 21 detta
647 684 78 21 ärende
740 684 32 21 till
786 685 99 26 pröfning

58 712 28 27 pä
108 712 65 22 basen
195 712 23 21 af
238 712 168 21 bondeständets
429 712 77 21 beslut.
542 712 162 22 Bondeständet
726 713 38 21 har
787 713 24 21 sä
840 713 45 21 ofta
903 730 2 2 .

59 741 42 21 fått
123 740 68 22 erfara
213 740 106 27 vällofliga
337 740 190 26 borgareständets
546 741 111 27 prisvärda
675 741 161 27 beredvillighet
853 743 32 19 att

59 771 50 25 taga
128 770 7 20 i
153 769 155 27 öfvervägande
327 769 23 21 af
368 769 118 21 detsamma
504 769 126 21 framstälda
648 770 85 26 förslag,
752 771 32 19 att
800 770 85 21 ståndet

60 797 61 22 äfven
140 804 28 14 nu
186 798 65 26 vågar
271 798 93 26 anknyta
384 798 64 26 något
468 798 57 26 hopp
541 804 35 14 om
592 798 60 20 bifall
666 798 34 20 till
716 798 68 21 denna
800 798 32 21 sin
848 804 37 15 an-

59 826 83 26 hällan;
158 832 48 15 men
221 826 7 20 i
243 826 43 21 alla
301 826 37 21 fall
353 826 97 20 anhäller
466 826 163 26 bondeständet,
645 832 76 20 genom
737 832 33 15 oss
786 826 48 21 dess
849 826 36 21 de-

60 854 109 27 puterade,
188 856 32 20 att
238 854 61 21 äfven
317 854 107 26 framgent
441 854 22 21 fä
482 860 51 15 vara
552 855 117 21 inneslutet
684 855 7 20 i
706 855 72 26 Edert,
794 855 91 26 högädle

60 883 25 20 hr
104 883 86 25 talman,
210 883 40 21 och
265 882 105 27 vällofliga
386 883 188 26 borgareständets
590 883 123 21 förtroende
729 883 38 21 och
783 883 101 27 vänskap,

60 911 116 27 hvarjemte
191 912 20 20 vi
227 911 86 21 anhålla
328 913 31 19 att
374 911 22 21 få
411 911 32 21 till
458 911 108 27 vällofliga
576 912 86 20 ståndet
672 912 130 20 öfverlemna
812 913 72 25 proto-

61 939 133 27 kollsutdrag
209 940 59 20 öfver
283 940 166 20 bondeständets
465 940 7 20 i
487 940 89 21 ärendet
591 940 79 21 fattadt
685 940 75 21 beslut.

131 968 31 20 Hr
176 968 121 21 talmannen
313 968 125 21 försäkrade
453 968 153 27 deputationen
622 974 34 15 om
667 970 32 19 att
709 968 177 26 borgareständet

61 996 48 21 icke
127 996 68 22 skulle
213 996 114 21 underläta
346 998 32 19 att
396 997 8 20 i
423 997 69 20 sinom
510 997 32 21 tid
561 999 50 24 taga
630 997 41 21 den
690 996 22 22 af
730 997 156 21 bondeständet

61 1024 78 22 väckta
152 1024 75 27 frågan
242 1025 7 20 i
265 1025 163 26 öfvervägande,
443 1025 41 21 och
500 1025 42 21 bad
558 1026 153 26 deputationen
722 1025 31 21 till
765 1025 35 21 det
810 1025 76 21 heder-

61 1053 66 21 värda
146 1053 156 21 bondeständet
319 1053 109 21 frambära
445 1053 191 27 borgareständets
655 1053 115 27 vänskaps-
789 1054 40 20 och
844 1053 42 21 för-

61 1081 142 21 troendefulla
219 1082 104 26 helsning.
353 1081 100 21 Härefter
469 1082 99 20 afträdde
583 1082 26 20 de
625 1082 135 26 deputerade.

130 1110 43 21 Det
187 1110 33 21 till
235 1110 86 21 ständet
336 1110 159 21 öfverlemnade
505 1110 221 26 protokollsutdraget
738 1110 58 21 öfver
807 1110 79 21 bonde-

62 1138 96 21 ständets
173 1138 164 26 ifrägavarande
352 1138 72 21 beslut
439 1144 38 15 var
493 1139 22 21 af
528 1138 94 27 följande
638 1138 89 28 lydelse:

302 1212 5 9 ,
310 1196 89 27 Utdrag
418 1202 26 15 ur
462 1196 174 21 Bondeständets
650 1195 113 28 protokoll,
780 1195 57 22 fördt
852 1195 36 21 vid

233 1225 129 26 landtdagen
378 1225 7 20 i
401 1225 140 26 Helsingfors,
557 1225 41 20 den
614 1225 27 20 23
656 1231 57 14 mars
729 1224 61 21 1888.

131 1270 31 21 På
180 1270 79 26 förslag
278 1270 23 21 af
318 1270 207 26 landtdagsmannen
546 1271 90 20 Castrén
659 1271 70 20 beslöt
747 1269 86 22 ståndet
852 1275 37 14 en-

63 1299 74 26 hälligt
160 1300 32 20 att
213 1305 77 20 genom
313 1305 26 14 en
362 1299 133 26 deputation,
515 1299 32 21 till
565 1299 139 21 medlemmar
723 1299 60 20 hvari
801 1297 88 27 utsägos

62 1328 204 26 landtdagsmännen
282 1327 122 26 Riihimäki,
420 1328 103 26 Hedberg
539 1328 39 20 och
594 1328 71 26 Häkli,
681 1327 87 27 inbjuda
780 1326 108 26 Borgare-

62 1356 83 20 ständet
160 1357 37 23 att,
214 1356 49 20 med
278 1356 129 26 frängäende
423 1356 23 20 af
460 1356 39 20 sitt
513 1356 71 21 beslut
599 1356 7 20 i
621 1356 115 26 anledning
752 1355 22 21 af
784 1355 106 21 allmänna

62 1384 204 21 besvärsutskottets
285 1384 136 21 betänkande
440 1390 35 15 n:o
497 1384 10 21 7
528 1384 109 26 angäende
652 1384 119 26 beviljande
786 1383 23 21 af
824 1383 63 25 ärligt

62 1412 117 21 understöd
197 1412 22 21 ät
237 1412 155 26 skriftställare,
412 1412 77 21 förena
507 1413 32 26 sig
557 1419 35 15 om
610 1413 37 20 det
666 1412 24 21 af
706 1411 160 22 Bondeständet
882 1411 7 20 i

61 1440 76 27 frägan
154 1440 83 22 fattade
256 1440 76 26 beslut,
349 1446 44 15 som
410 1442 23 19 är
448 1440 137 28 likalydande
600 1441 48 21 med
664 1440 40 22 den
720 1440 31 21 till
766 1439 120 22 betänkan-

63 1469 36 21 det
114 1469 99 26 bifogade
228 1469 166 21 reservationen.
426 1469 39 21 Tid
482 1475 46 15 som
544 1469 70 21 ofvan.

676 1502 22 17 In
711 1502 63 17 fidem:

624 1536 56 21 Karl
695 1536 123 20 Fabritius'*
