1084 1739
344 126 93 21 Borgarest.
449 125 45 19 1888.
518 126 6 18 1
539 126 48 18 Febr.
836 126 22 18 59

52 194 73 21 ställer
148 194 37 21 sitt
206 194 291 27 landtdagsmannauppdrag
520 194 33 21 till
576 195 47 20 sina
638 195 95 20 valmäns
749 194 132 27 disposition.

53 223 43 21 Det
120 229 62 20 synes
205 223 43 26 mig
271 223 60 20 äfven
354 223 82 26 framgå
458 229 26 14 ur
506 223 26 20 hr
551 223 108 21 Fellmans
675 223 102 26 ansökan,
793 224 32 20 att
840 223 42 20 han

53 257 63 14 anser
132 251 59 20 detta
205 257 53 15 vara
273 251 36 20 det
324 251 112 26 vigtigaste
452 251 39 21 och
508 251 109 21 starkaste
632 252 96 25 motivet,
745 251 39 21 och
792 251 37 27 jag
839 251 43 21 kan

53 279 33 22 för
101 279 44 21 min
160 279 34 21 del
208 280 47 21 icke
271 281 65 19 annat
352 281 28 19 än
394 280 71 20 uttala
480 280 29 21 all
524 280 90 26 aktning
628 280 34 21 för
677 282 32 19 ett
723 280 77 21 sådant
810 280 72 20 motiv.

122 308 34 21 Då
177 308 63 27 ingen
263 308 72 21 vidare
354 308 99 21 anmälde
472 308 32 26 sig
520 309 32 20 till
569 309 72 20 ordets
658 308 130 26 erhållande,
804 308 79 21 förkla-

54 337 62 23 rades
132 336 149 22 diskussionen
296 336 101 26 afslutad,
412 336 109 21 hvarefter
536 337 26 20 hr
577 337 124 21 talmannen
716 337 123 20 framstälde
851 336 32 21 till

54 365 187 26 borgareståndets
256 365 132 21 besvarande
404 371 26 15 en
446 365 24 21 så
484 365 92 28 lydande
595 365 288 27 omröstningsproposition:

124 393 40 26 De,
179 393 70 22 hvilka
263 393 112 26 godkänna
390 393 108 21 utskottets
512 393 83 27 förslag
611 395 30 19 att
655 393 76 28 afböja
741 393 26 21 hr
777 393 107 21 Fellmans

56 421 166 28 ifrågavarande
236 421 107 26 anhållan,
359 423 58 19 rösta
428 422 36 25 ja;
481 423 24 20 de
521 423 34 20 det
570 421 43 22 icke
626 423 59 25 göra,
702 424 57 19 rösta
773 422 49 27 nej:

124 451 74 20 vinner
212 451 42 26 nej,
272 450 38 21 har
325 450 84 21 ståndet
424 450 83 21 beslutit
522 450 75 27 bifalla
612 451 94 20 nämnda
718 450 107 21 anhållan.

124 479 33 21 Då
180 479 69 22 denna
271 479 132 27 proposition
426 479 35 21 vid
477 479 85 21 anstäld
577 479 99 26 votering
691 479 128 22 besvarades
834 478 50 22 med

56 508 26 21 27
104 507 22 27 ja
150 508 39 21 och
212 509 27 20 22
255 508 41 26 nej,
312 507 55 21 hade
390 507 85 22 ståndet
498 507 84 22 således
605 508 89 21 beslutit
717 510 32 19 att
771 507 72 28 afböja
858 507 26 21 hr

56 536 107 21 Fellmans
178 536 162 27 ifrågavarande
356 536 107 21 anhållan.

125 593 101 21 Härefter
248 593 110 26 upplästes
382 595 31 18 ett
436 593 22 21 af
480 593 36 21 hrr
539 593 138 26 Sumelius,
701 593 125 26 Bergbom
845 593 40 20 och

56 616 134 27 Åkerlund
205 621 117 22 inlemnadt
337 621 215 27 petitionsmemorial
567 622 23 21 af
603 622 94 27 följande
712 622 89 27 lydelse:

283 683 9 9 »
298 666 40 21 Till
352 666 107 27 vällofliga
475 667 187 27 Borgareståndet.

127 707 37 21 Uti
186 707 78 26 nådiga
285 707 152 26 förordningen
459 707 23 21 af
502 708 43 20 den
567 708 28 21 23
618 707 59 21 Mars
701 707 53 21 1868
777 706 108 27 angående

58 736 185 26 vattenledningar
262 736 40 21 och
320 735 126 22 vattenverk
462 736 88 26 stadgas
567 742 34 15 om
616 736 147 26 kungsådran:
780 736 18 25 ,i
813 735 73 26 hvarje

57 764 35 26 elf,
116 766 72 24 ström,
212 764 12 21 å
244 764 52 21 eller
312 764 54 21 sund
382 764 54 21 skall
451 764 138 27 kungsådran
606 765 43 20 alla
664 764 55 21 tider
734 764 67 21 hållas
817 765 70 25 öppen

58 792 40 21 och
120 792 27 21 fri
170 793 46 20 från
240 793 93 26 stängsel
352 793 33 20 till
400 799 26 14 en
442 793 105 26 tredjedel
563 793 24 20 af
600 794 95 19 vattnets
710 793 67 20 bredd
793 792 39 21 och
849 791 38 22 der

59 821 36 20 det
118 821 86 26 djupast
223 823 29 24 är,
272 821 24 21 sä
311 823 31 18 att
357 821 42 20 far-
415 821 52 20 eller
483 821 90 26 ftottled,
589 821 80 21 fiskens
684 827 52 21 upp-
751 821 40 21 och
807 820 80 21 nedsti-

58 849 68 26 gande
142 851 55 19 samt
213 851 94 20 vattnets
322 849 129 26 tillräckliga
466 849 70 28 aflopp
553 850 47 21 icke
615 851 86 25 stänges
716 849 51 21 eller
777 849 109 25 hindras",

58 877 110 21 äfvensom

128 907 43 25 »uti
190 907 82 20 mindre
287 907 134 26 vattendrag,
438 912 45 15 som
498 907 67 20 likväl
580 907 32 20 till
627 906 43 21 far-
686 906 51 21 eller
752 905 83 22 flottled
851 905 36 20 be-

59 940 87 20 gagnas,
162 935 55 21 skall
232 935 138 26 kungsådran
385 935 79 20 räknas
479 935 34 20 till
528 935 42 21 tolf
583 935 67 25 alnar,
666 935 7 20 i
689 935 98 26 djupaste
797 934 90 25 vattnet,

60 963 83 20 ändock
158 964 32 20 att
205 963 69 27 tredje
290 963 59 21 delen
366 963 23 21 af
402 965 94 19 vattnets
512 963 68 21 bredd
591 965 23 19 är
624 963 89 21 mindre.
735 963 42 20 För
787 963 100 24 vattnets,

60 991 117 26 tillräkliga
192 991 71 28 aflopp
279 992 53 21 skall
348 992 40 21 ock
404 991 68 22 hållas
488 993 70 20 större
573 992 95 27 öppning
683 993 27 19 än
726 997 25 15 en
766 990 69 27 tredje
846 989 41 26 del,

61 1019 38 21 der
114 1019 78 22 sådant
207 1020 102 27 behöfligt
324 1020 86 21 finnes".

129 1048 95 21 Härmed
239 1049 105 26 annaloga
358 1048 134 22 föreskrifter
507 1049 50 26 ingå
572 1049 32 20 uti
618 1049 11 26 8
646 1049 25 20 13
686 1048 23 21 af
718 1048 77 26 nådiga
805 1046 83 21 Fiskeri

61 1076 91 26 stadgan
167 1077 23 20 af
203 1077 42 21 den
260 1078 14 20 4
288 1077 119 21 December
424 1077 62 21 1865.

129 1104 74 21 Kändt
218 1107 24 19 är
258 1108 32 18 att
305 1106 61 20 dessa
382 1106 160 26 bestämningar
557 1105 48 21 icke
620 1107 37 19 äro
674 1105 80 26 egnade
770 1105 32 19 att
817 1102 27 28 på
858 1103 31 21 ett

60 1132 199 22 tillfredsställande
282 1135 43 19 sätt
347 1134 46 21 lösa
416 1134 27 20 de
465 1134 110 26 spörsmål,
591 1140 46 15 som
652 1133 87 21 framstå
754 1132 33 22 för
803 1138 26 14 en
845 1137 44 15 om-

61 1161 99 21 tänksam
179 1162 40 20 och
238 1168 96 20 sparsam
352 1162 145 27 hushållning,
514 1162 27 21 då
557 1162 36 21 det
608 1162 68 27 gäller
692 1164 32 19 att
739 1161 94 25 allsidigt
847 1160 42 20 till-

60 1190 110 26 godogöra
185 1190 36 21 det
236 1191 92 21 element
343 1203 26 3 —
390 1192 90 24 vattnet,
500 1196 46 16 som
564 1191 7 20 i
589 1191 126 21 bassinerna
733 1191 62 25 utgör
806 1188 84 22 landets

61 1218 108 27 billigaste
191 1219 266 21 kommunikationsmedel
480 1219 40 21 och
542 1225 47 15 som
610 1219 105 21 rinnande
729 1219 52 20 eller
796 1216 94 22 fallande

61 1247 81 21 lemnar
165 1247 40 21 den
228 1248 64 25 kraft,
313 1248 77 20 hvaraf
404 1249 80 19 största
500 1248 61 20 delen
577 1248 23 20 af
613 1248 37 20 vår
665 1246 174 22 fabriksindustri
853 1244 38 22 be-

61 1276 70 26 tjenar
148 1276 38 26 sig.
217 1276 39 21 Att
271 1276 137 21 föreskriften
424 1282 34 15 om
474 1276 147 26 kungsädrans
637 1276 67 21 bredd
719 1276 32 20 till
769 1274 24 28 !/3
809 1274 22 21 af
843 1275 47 19 vat-

61 1304 123 26 tendragets
207 1304 69 21 skulle
299 1305 7 20 i
328 1304 129 22 theoretiskt
473 1304 100 22 afseende
588 1304 83 27 framgå
685 1310 25 15 ur
725 1303 144 25 beräkningar
883 1301 8 21 i

61 1332 77 21 sådant
160 1332 62 28 syfte,
246 1339 45 15 som
314 1333 148 26 kungsådrans
488 1333 101 21 ändamål
611 1333 102 27 angifver,
735 1332 57 21 lärer
813 1330 34 21 väl
870 1329 23 21 af

62 1361 64 26 ingen
140 1361 80 26 påstås.

130 1390 105 21 Häremot
257 1390 42 20 kan
316 1390 149 20 erfarenheten
481 1390 47 21 från
544 1390 106 21 särskilda
666 1389 81 21 trakter
762 1388 81 27 påvisa,
859 1387 34 20 att

62 1419 83 19 vattnet
167 1418 32 21 uti
221 1418 85 21 landets
328 1418 80 26 insjöar
424 1430 26 3 —
468 1418 66 21 sedan
558 1418 107 26 skogarna
683 1424 44 14 mer
742 1419 28 19 än
785 1415 108 22 tillförene

62 1446 110 26 uthuggits
196 1448 55 20 samt
273 1453 42 21 nya
337 1446 43 22 till-
404 1446 39 22 och
466 1446 71 27 aflopp
553 1446 101 21 inrättats
671 1446 39 21 och
725 1445 71 27 gamla
811 1443 82 21 sådana

62 1476 129 24 upprensats
205 1487 30 3 —
250 1475 68 21 under
340 1481 30 14 nu
392 1475 96 21 rådande
504 1475 161 26 bestämningar
680 1474 72 21 alltför
767 1472 80 26 hastigt
863 1471 30 21 af-

62 1503 71 21 rinner
148 1503 33 21 till
197 1504 67 20 skada
279 1503 33 21 för
327 1504 41 20 den
384 1504 108 20 allmänna
507 1503 171 26 hushållningen,
695 1502 44 21 dels
753 1501 96 25 sålunda,
861 1501 33 19 att

61 1530 93 22 farleder
176 1532 75 20 tidtals
271 1532 64 21 blifva
354 1532 110 26 otjenliga,
484 1532 46 21 dels
546 1532 123 26 derigenom
685 1532 32 20 att
731 1528 162 24 vattenkraften
