1084 1736
353 108 93 22 Borgarest.
457 108 47 18 1888.
526 108 11 18 4
550 108 50 18 Febr.
834 108 34 17 119

444 188 27 21 51
488 188 19 26 8.

133 236 17 18 1.
181 234 79 20 Kaikki
283 234 52 20 mitä
352 235 59 19 tässä
428 234 137 20 asetuksessa
585 240 27 14 on
629 234 97 26 säädetty
741 233 148 27 paloviinasta,

62 262 63 27 paitsi
147 263 27 21 28
197 262 55 27 $ssä
274 263 103 20 annettua
396 262 80 21 kieltoa
495 268 38 15 sen
552 262 126 21 tuomisesta
697 262 98 25 maahan,
812 261 77 21 olkoon

62 291 184 20 noudatettavana
264 290 97 27 myöskin
380 290 87 21 muiden
482 290 129 27 poltettujen
625 290 23 27 ja
663 290 157 26 tisleerattujen
834 290 56 21 koti-

62 319 45 21 tahi
122 319 142 21 ulkomaisten
280 318 204 21 väkiviinatavarain
496 319 24 26 ja
530 319 66 20 niistä
606 319 121 26 laitettujen
735 318 96 27 juomain
842 318 49 21 suh-

63 349 54 24 teen,
133 347 112 22 kuitenkin
260 347 52 26 niin,
328 349 45 19 että
390 347 25 20 16
431 347 55 27 &:ssä
502 347 75 21 olevaa
593 348 116 20 säännöstä
724 347 49 20 siitä
786 346 105 28 väkevyy-

64 376 66 26 destä,
154 376 57 21 mikä
233 375 137 28 paloviinalla
389 375 59 27 pitää
466 376 49 25 olla,
535 376 20 21 ei
569 375 42 27 käy
627 375 151 21 sovittaminen
793 375 97 21 viimeksi

63 405 144 21 mainittuihin
221 404 96 27 juomiin.
348 403 74 21 Näiksi
437 404 87 21 luetaan
541 404 123 21 semmoiset
679 403 140 26 sekoitukset,
828 403 62 28 jotka

63 433 110 21 sisältävät
188 434 110 20 enemmän
313 432 52 21 kuin
381 432 130 21 kaksitoista
526 433 120 26 prosenttia
662 432 108 21 alkoholia
785 433 105 20 ollessaan

64 462 26 25 +
100 462 26 21 15
135 463 80 19 astetta
229 461 114 26 lämpöistä
357 461 126 21 Celsiuksen
499 461 174 21 termomeeterin
688 461 99 21 mukaan.

130 491 19 20 2.
180 489 131 22 Ulkomailta
326 489 108 27 puteleilla
450 489 46 21 tahi
511 489 148 27 savipulloissa
674 489 84 27 tuotuja
773 489 117 21 väkiviina-

62 518 106 21 tavaroita
183 518 77 21 olkoon
272 518 187 21 asianmukaisesti
470 518 141 21 oikeutetulla
621 517 201 28 vähittäismyöjällä
832 517 58 22 valta

62 547 75 25 myydä
159 546 178 21 vähemmissäkin
361 547 53 20 kuin
436 546 71 26 yhden
530 547 87 20 kannun
644 547 108 25 määrissä,
774 547 34 26 jos
828 547 61 24 astia,

62 575 64 20 missä
141 575 71 25 juoma
226 575 111 26 myydään,
354 581 27 14 on
396 574 145 21 tullisinetillä
556 575 95 26 suljettu.

130 609 130 26 Helsingissä
276 609 13 20 2
304 615 20 20 p.
342 608 139 21 Helmikuuta
498 609 63 20 1888.

131 648 28 21 K.
175 648 21 21 J.
213 648 104 27 Högman.
665 647 22 21 V.
704 647 114 27 Löfgren.*

132 699 29 21 Hr
184 700 116 26 Högman
319 700 72 20 anhöll
410 706 34 14 om
463 699 208 27 motionsförslagets
687 699 151 21 remitterande
855 699 33 20 till

63 728 146 26 lagutskottet.

130 757 125 20 Emellertid
279 757 114 20 bordlades
413 756 89 21 ärendet
521 756 28 27 pä
567 756 80 26 förslag
663 756 23 21 af
699 756 25 21 hr
740 756 100 25 Hoving
855 755 33 21 till

62 787 61 18 nästa
138 785 92 27 plenum.

131 870 36 20 Ett
191 870 22 20 af
235 870 24 20 hr
280 870 147 20 Söderlund
446 870 34 20 till
499 870 86 20 ständet
603 869 88 27 ingifvet
708 868 181 28 petitionsförslag

62 898 111 26 föredrogs
189 898 39 21 och
244 898 55 21 hade
314 898 94 26 följande
424 898 90 27 lydelse:

288 972 9 9 »
304 955 42 21 Till
360 955 106 27 vällofliga
483 955 186 27 Borgareständet.

132 1001 72 21 Redan
221 1002 32 21 för
270 1002 25 21 16
311 1001 24 21 år
350 1002 90 20 tillbaka
455 1001 89 21 väcktes
560 1002 39 20 hos
615 1001 120 21 Ständerna
750 1000 90 27 petition
856 1002 34 18 om

64 1029 122 21 inrättande
208 1030 27 26 pä
254 1032 81 19 statens
354 1029 121 21 bekostnad
491 1030 21 21 at
527 1036 27 14 en
567 1029 90 27 jernväg
672 1035 76 21 genom
764 1028 126 22 Satakunta.

65 1057 50 20 Man
130 1057 75 22 tänkte
221 1058 30 27 sig
267 1058 27 21 dä
309 1058 70 21 denna
391 1058 226 27 jernvägssträckning
632 1058 79 26 dragen
725 1057 48 21 frän
784 1057 108 21 Tammer-

64 1085 44 22 fors
130 1086 33 21 till
185 1086 139 27 Björneborg.
358 1087 64 20 Först
445 1093 76 14 senare
548 1087 39 20 har
609 1087 37 20 det
664 1085 124 22 framställts
811 1085 81 25 förslag

64 1114 73 21 derom
159 1116 32 19 att
213 1115 65 26 linjen
297 1115 68 21 skulle
384 1115 58 21 ledas
461 1115 48 21 frän
528 1115 70 26 nägon
614 1115 69 26 punkt
698 1114 22 21 af
734 1113 157 28 Toijala--Abo

65 1143 76 25 banan,
159 1143 59 21 detta
233 1143 72 21 säkert
320 1143 68 21 under
404 1143 40 21 den
453 1143 179 27 förhoppningen,
643 1145 32 19 att
686 1143 27 26 pä
723 1144 31 20 ett
765 1143 51 20 eller
827 1143 65 19 annat

65 1172 44 20 sätt
123 1170 21 22 få
159 1171 36 21 det
211 1171 106 21 allmänna
332 1171 102 21 behofvet
450 1172 22 20 af
487 1178 26 14 en
526 1172 90 26 jernväg
631 1172 8 20 i
654 1171 92 21 nämnda
761 1170 98 22 landsdel
870 1169 23 21 sä

65 1199 65 26 tidigt
144 1205 45 15 som
204 1200 82 27 möjligt
301 1200 100 27 afhjelpt.
431 1200 31 27 Ty
477 1200 69 21 under
561 1200 59 21 tiden
636 1200 39 21 har
686 1200 40 20 den
738 1198 155 27 öfvertygelsen

66 1228 38 20 allt
123 1234 45 14 mer
186 1228 39 21 och
244 1234 44 15 mer
307 1228 103 27 stadgats,
427 1230 33 19 att
476 1235 35 14 om
526 1228 101 22 nutidens
643 1228 117 21 förnämsta
775 1227 118 21 kommuni-

66 1256 155 21 kationsmedel
241 1256 110 27 förvägras
371 1256 129 27 Satakunta,
516 1257 23 21 sä
555 1256 122 28 äfventyrar
691 1263 49 15 man
754 1255 140 26 landskapets

66 1284 121 25 utveckling
206 1285 39 21 och
260 1285 105 26 välständ,
383 1285 32 21 till
430 1285 70 21 skada
516 1286 18 26 ej
551 1286 56 20 blott
626 1286 33 20 för
679 1285 69 21 denna
766 1284 57 27 bygd
842 1285 52 19 utan

65 1313 34 21 för
120 1313 49 21 hela
191 1314 79 20 landet.
301 1314 49 21 Med
366 1314 88 20 talande
477 1314 71 21 siffror
567 1314 39 21 har
621 1314 37 20 det
673 1313 69 21 blifvit
758 1311 137 27 ädagalagdt,

65 1343 33 19 att
120 1341 89 21 berörde
232 1342 96 21 landsdel
351 1342 135 21 beträffande
505 1342 143 21 folktätheten
674 1344 23 18 är
717 1342 44 20 lika
775 1340 35 21 väl
826 1340 70 20 lottad

66 1376 46 14 som
128 1371 54 19 trots
197 1370 67 21 andra
279 1374 64 22 orter,
360 1371 38 20 der
410 1370 92 27 jernväg
517 1370 40 22 hos
573 1377 34 15 oss
623 1370 76 28 byggts
715 1370 39 21 och
769 1371 57 19 ännu
840 1368 55 20 före-

66 1398 44 21 stär
126 1400 31 19 att
172 1399 87 27 byggas.
289 1399 79 21 Vidare
384 1399 40 21 har
440 1399 36 21 det
492 1399 152 26 konstaterats,
653 1400 32 20 att
698 1396 198 28 förmögenhetsvil-

65 1426 67 21 koren
151 1427 40 20 och
209 1427 101 20 kulturen
325 1427 13 21 &
353 1428 65 20 södra
436 1427 62 21 sidan
521 1428 23 20 af
565 1428 76 25 Kumo,
665 1427 89 20 likasom
778 1426 59 21 Eura
859 1424 37 22 elf-

66 1454 66 26 dalar,
149 1455 86 21 befinna
257 1456 32 25 sig
307 1455 27 26 pä
354 1461 26 15 en
399 1455 87 28 mycket
501 1456 42 26 hög
559 1455 138 27 ständpunkt,
714 1455 116 26 hvarjemte
845 1453 52 21 flera

66 1483 68 20 andra
149 1483 32 21 för
197 1490 26 14 en
236 1483 227 27 jernvägssträckning
480 1484 88 20 talande
584 1484 39 21 och
635 1483 124 26 tillräckligt
770 1482 72 21 kända
853 1488 44 14 om-

66 1511 148 26 ständigheter
229 1512 138 20 härförinnan
383 1512 113 26 päpekats,
512 1512 73 21 hvilka
601 1512 36 21 det
652 1518 50 15 vore
718 1511 88 26 onödigt
822 1512 32 19 att
868 1516 29 14 nu
