1084 1748
217 116 34 30 138
486 121 95 22 Borgarest.
593 121 46 19 1888.
663 121 10 18 7
685 121 46 18 Febr.

264 190 30 20 Hr
311 189 137 27 Clouberg:
472 190 41 26 Jag
528 190 94 27 begärde
637 190 61 21 ordet
714 190 48 21 med
778 190 116 26 anledning
909 190 65 26 deraf,
990 192 33 19 att

194 218 37 20 hrr
247 218 84 26 Hoving
346 218 39 21 och
401 218 149 28 Schybergson
565 221 72 25 syntes
652 219 43 26 mig
710 218 64 22 hafva
789 218 110 27 uppfattat
910 219 112 26 petitionä-

194 252 49 15 rens
258 246 79 27 förslag
353 247 93 26 oriktigt.
477 248 32 20 Hr
524 247 158 27 Neppenström
697 247 40 21 har
750 247 25 27 ju
790 247 47 21 icke
852 247 79 27 åsyftat
946 249 31 19 att
993 254 29 14 nu

194 274 99 27 gällande
308 275 36 26 lag
359 276 67 20 skulle
442 276 84 25 ändras,
543 276 65 20 innan
625 276 57 20 tiden
698 276 34 20 för
747 276 48 20 dess
811 276 99 26 gällande
920 276 58 20 kraft
988 277 34 19 ut-

194 303 53 27 gått,
264 304 39 20 och
319 304 27 20 då
365 304 24 21 hr
406 304 170 27 Neppenströms
595 304 79 26 förslag
692 304 38 26 går
750 306 24 18 ut
792 304 34 26 på,
846 305 32 20 att
896 304 125 26 regeringen

195 332 68 20 skulle
281 338 77 20 genom
377 339 26 14 en
422 332 81 21 komité
521 332 92 22 insamla
632 332 79 27 nödiga
729 332 154 27 upplysningar
898 332 7 21 i
920 332 54 27 syfte
990 334 32 19 att

195 360 23 20 så
233 360 46 20 vidt
293 360 82 27 möjligt
389 360 28 28 på
427 363 31 19 ett
469 361 114 26 förnuftigt
591 362 44 20 sätt
643 361 67 21 ordna
722 361 40 21 och
772 361 124 27 ytterligare
907 361 116 21 inskränka

194 388 200 26 bränvinshandeln,
410 389 84 21 förenar
506 390 38 26 jag
559 390 43 26 mig
617 389 33 21 för
666 390 43 20 min
724 390 36 20 del
775 395 34 15 om
820 389 26 21 hr
856 390 166 26 Neppenströms

195 416 106 26 anhållan,
317 418 32 20 att
365 418 116 26 petitionen
490 418 67 20 måtte
568 418 120 21 remitteras
699 418 33 21 till
742 418 213 20 ekonomiutskottet.
973 417 48 21 Sär-

195 445 66 21 skildt
283 446 49 20 ville
348 446 37 26 jag
403 446 119 26 framhålla,
538 448 33 19 att
589 446 129 21 åtminstone
734 446 162 26 bestämningen
912 452 34 14 om
961 446 26 21 25
996 444 25 28 %

194 474 81 20 tarfvar
290 474 56 21 vissa
361 474 79 27 tillägg,
456 475 33 21 för
504 476 32 20 att
551 475 133 21 förekomma
700 475 77 21 sådant
797 474 143 27 kringgående
955 474 23 21 af
991 474 30 21 la-

195 508 46 20 gen,
258 508 46 15 som
318 502 65 21 redan
399 503 28 27 på
442 503 50 21 flere
508 504 44 20 håll
567 504 39 20 har
621 504 64 20 skett.
709 504 42 20 Det
766 503 62 21 torde
844 503 46 21 icke
906 509 50 15 vara
972 502 50 22 obe-

194 530 59 26 kant,
269 532 32 19 att
317 537 107 20 personer,
440 532 57 20 kost-
514 532 38 20 och
569 532 131 26 spishållare,
717 538 47 15 som
780 532 47 20 icke
840 534 37 18 äro
888 532 132 26 berättigade

195 560 32 19 att
248 559 108 21 utskänka
379 560 73 21 starka
472 560 95 27 drycker,
587 560 64 21 hafva
669 560 104 21 utskänkt
791 560 67 27 toddy
877 560 39 21 och
932 560 88 21 sålunda

194 587 109 27 kringgått
323 588 70 26 lagen.
430 589 41 26 Jag
493 588 68 21 skulle
580 591 45 19 mot
644 589 25 21 hr
688 589 96 26 Hovings
806 588 104 22 skrämsel
928 588 33 21 för
979 588 42 21 den

194 618 59 18 stora
268 616 160 27 lönnbränning,
445 623 44 15 som
509 618 106 26 uppstode
639 618 128 26 derigenom,
791 618 33 20 att
847 617 83 21 skatten
951 616 68 22 skulle

193 644 67 26 höjas,
280 644 51 28 vilja
349 645 93 27 tillägga,
462 648 32 18 att
513 652 26 14 en
555 646 66 20 sådan
638 646 87 21 fruktan
741 646 131 20 åtminstone
887 646 42 20 tills
946 645 73 21 vidare

193 672 48 21 icke
263 672 39 21 har
325 674 55 20 visat
399 674 31 26 sig
448 674 104 26 grundad.
583 674 42 26 Jag
639 674 37 21 vill
692 674 87 21 dermed
794 674 47 21 icke
857 676 56 24 säga,
929 675 32 19 att
975 674 43 20 för-

193 701 118 27 ordningen
326 702 47 20 icke
389 703 99 26 möjligen
503 703 7 20 i
528 702 115 22 framtiden
659 703 69 21 skulle
743 703 74 20 kunna
832 702 112 21 framkalla
958 702 61 21 lönn-

193 729 112 27 bränning,
321 736 48 14 men
385 732 56 19 ännu
456 731 40 21 har
511 738 49 14 man
575 732 48 20 icke
639 731 70 27 någon
724 731 68 21 sådan
808 731 126 26 erfarenhet,
943 730 76 21 åtmin-

193 760 61 18 stone
269 758 47 21 icke
331 759 7 20 i
353 761 58 19 östra
419 760 97 20 Finland.
538 760 131 26 Visserligen
677 760 93 20 existera
780 760 181 25 lönnbrännerier,
970 765 48 15 men

193 787 32 20 att
241 786 26 21 de
282 787 69 21 skulle
366 788 63 20 hafva
444 788 96 26 uppstått
556 788 7 21 i
579 788 23 21 så
621 788 149 21 oroväckande
789 788 61 26 grad,
866 789 31 19 att
912 788 47 20 hela
976 787 42 27 syf-

192 816 31 19 tet
238 815 48 21 med
301 815 198 22 bränvinsskattens
514 816 121 28 förhöjning
651 817 39 20 och
699 816 183 26 inskränkningen
892 816 7 20 i
907 816 110 21 bränvins-

191 843 152 27 förordningen
359 844 121 27 derigenom
496 845 69 21 skulle
579 845 64 21 hafva
659 845 105 26 förfelats,
780 846 24 19 är
820 845 86 21 alldeles
921 844 47 21 icke
978 844 39 21 fal-

191 871 36 21 let.
257 872 78 21 Likaså
351 879 56 20 anse,
423 873 67 27 enligt
504 874 40 20 den
560 874 127 26 erfarenhet,
703 880 46 15 som
765 873 85 21 vunnits
862 873 7 21 i
881 873 93 26 Wiborg,
991 873 26 21 de

191 899 66 26 fleste,
273 901 72 21 hvilka
360 901 46 21 haft
421 903 47 20 med
484 902 65 21 saken
565 903 33 20 att
616 902 73 26 skaffa,
706 903 71 20 såsom
792 902 83 26 polisen
891 901 39 22 och
945 901 72 26 fattig-

191 928 173 27 vårdsstyrelsen,
381 931 32 19 att
428 931 163 26 lagstadgandet
607 937 33 14 om
651 931 164 26 försäljningens
826 930 147 26 begränsande
984 930 33 21 till

191 958 30 19 ett
237 957 108 21 minimum
361 958 23 21 af
398 965 25 14 en
439 959 71 20 kanna
524 959 40 20 har
579 959 92 21 medfört
686 959 33 21 till
730 959 158 26 öfvervägande
898 959 52 25 grad
961 958 55 27 goda

189 986 97 20 resultat.
317 986 39 21 Om
373 987 64 20 också
452 987 130 26 lönnkrogar
605 987 64 21 hafva
687 987 105 27 uppstått,
812 987 23 20 så
850 987 63 20 hafva
929 987 25 20 de
969 987 47 20 icke

191 1014 96 26 uppstått
302 1015 7 20 i
324 1015 66 21 sådan
406 1015 134 28 myckenhet,
557 1017 32 20 att
603 1016 47 21 icke
665 1016 26 21 de
706 1015 57 27 goda
778 1015 157 26 verkningarna
944 1015 22 21 af
974 1015 42 21 för-

189 1041 119 28 fattningen
324 1049 51 15 vore
391 1044 49 21 vida
455 1044 156 27 öfvervägande
629 1045 26 20 de
674 1044 139 27 olägenheter
833 1044 131 21 densammas
980 1043 35 22 be-

189 1071 106 26 stämning
311 1071 129 22 härutinnan
454 1072 99 21 medfört.

258 1099 33 20 Hr
309 1099 201 27 Neppenström:
533 1101 46 20 Min
598 1101 64 26 afsigt
680 1107 38 15 var
737 1100 77 21 endast
834 1102 32 19 att
880 1101 48 20 med
943 1101 72 20 anled-

189 1127 50 26 ning
255 1127 22 21 af
290 1127 26 21 hr
336 1128 158 27 Schybergsons
513 1130 137 26 andragande
668 1129 124 27 ytterligare
811 1129 95 21 förklara
925 1129 90 20 hufvud-

189 1155 64 27 syftet
276 1156 48 21 med
347 1157 48 20 mitt
413 1157 120 22 inlemnade
553 1157 220 28 petitionsmemorial.
807 1157 49 21 Men
874 1157 36 26 jag
929 1157 38 21 har
982 1163 32 14 re-

188 1183 42 21 dan
249 1184 69 21 blifvit
336 1185 146 22 förekommen
502 1186 23 21 af
542 1187 26 20 de
586 1186 128 27 föregående
730 1185 104 27 talarene,
851 1186 87 26 specielt
953 1186 23 21 af
989 1185 26 21 hr

188 1211 113 28 Clouberg.

256 1241 32 20 Hr
308 1241 191 28 Schybergson:
522 1243 33 20 Då
574 1243 125 26 regeringen
718 1243 40 21 har
777 1243 34 21 för
834 1242 63 27 afsigt
912 1245 32 18 att
959 1243 55 20 före-

186 1269 63 26 lägga
265 1270 116 21 ständerna
396 1277 25 14 en
437 1271 140 26 proposition,
588 1271 24 21 så
622 1271 108 22 förmodar
738 1272 38 26 jag
790 1273 33 19 att
838 1271 40 20 den
890 1271 54 20 låter
953 1273 61 18 ären-

186 1297 37 21 det
238 1297 67 22 blifva
319 1298 89 22 föremål
423 1299 33 21 för
472 1300 28 20 all
515 1300 41 20 den
571 1300 122 26 beredning,
709 1306 47 15 som
772 1300 118 20 detsamma
900 1299 113 20 erfordrar.

186 1325 107 22 Särskildt
308 1327 48 20 med
372 1327 41 21 den
428 1328 124 26 strömning,
569 1334 45 15 som
630 1328 33 21 för
678 1328 134 21 närvarande
822 1328 7 20 i
837 1327 176 26 bränvinsfrägan

185 1355 24 19 är
224 1355 99 25 gällande
338 1355 7 20 i
361 1355 46 21 vårt
422 1355 57 27 land,
495 1356 42 21 kan
550 1357 24 26 ju
590 1357 125 26 regeringen
729 1357 49 20 icke
793 1356 73 26 undgå
881 1357 32 19 att
923 1361 54 20 egna
985 1355 29 21 all

185 1383 74 26 möjlig
274 1383 191 26 uppmärksamhet
480 1385 61 20 äfven
557 1385 22 20 åt
589 1385 287 27 nykterhetssträfvandena.
898 1384 62 21 Huru
968 1389 45 15 som

184 1410 56 21 helst
255 1411 109 21 förefaller
379 1412 69 21 denna
463 1413 91 26 petition
568 1413 130 26 fullkomligt
705 1413 87 26 onödig,
804 1413 39 20 och
854 1412 59 21 detta
923 1412 23 21 så
957 1418 56 20 mye-

183 1438 38 21 ket
235 1445 51 20 mer,
303 1444 51 17 som'
363 1440 158 22 förberedande
536 1441 90 22 arbeten
641 1442 7 20 i
663 1441 75 27 frågan
754 1441 69 21 finnas
839 1441 133 26 tillgängliga
983 1440 30 21 äf-

183 1473 41 14 ven
239 1467 7 20 i
261 1467 42 22 den
319 1468 40 26 del,
379 1469 124 22 densamma
522 1470 57 21 afser
597 1470 85 21 absolut
700 1470 86 21 förbud.
817 1469 62 21 Hvad
896 1469 65 21 sedan
976 1469 37 20 be-

182 1495 75 21 träffar
276 1495 75 28 frågan
371 1503 34 15 om
426 1498 167 26 alkoholhalten,
612 1498 23 21 så
654 1499 35 20 vill
706 1499 38 26 jag
764 1498 101 27 påminna
880 1498 43 25 mig
938 1498 32 20 att
987 1497 26 20 hr

181 1523 100 27 Högman
300 1525 103 21 inlemnat
423 1532 26 14 en
469 1527 80 20 motion
569 1527 80 26 derom,
669 1527 39 20 och
728 1527 97 21 kommer
840 1526 75 26 frågan
930 1525 83 22 således
