1086 1748
228 126 35 30 224
497 132 94 22 Borgarest.
604 132 47 18 1888.
675 132 10 18 7
698 132 48 18 Febr.

206 199 62 21 äfven
282 200 98 21 förordar
396 200 47 22 dess
458 201 75 21 remiss
548 200 33 22 till
597 200 99 27 behörigt
711 200 90 26 utskott,
818 200 69 22 skulle
898 201 37 27 jag
946 200 86 22 anhålla

206 230 33 19 att
260 228 48 21 med
331 228 65 27 några
418 229 39 21 ord
478 229 22 21 få
522 229 115 26 beledsaga
659 229 108 21 remissen.
798 229 43 21 Det
861 229 107 21 förefaller
982 229 48 27 mig,

206 262 47 15 som
275 263 32 15 om
330 257 142 27 petitionären
495 257 71 27 utgått
583 257 48 21 från
647 258 41 20 den
704 257 187 27 förutsättningen,
907 260 32 19 att
953 258 78 21 vinter-

206 285 93 21 trafiken
317 285 59 22 öfver
390 286 76 26 Hangö
482 286 67 21 under
564 286 124 21 nuvarande
703 286 148 21 förhållanden
867 288 24 19 är
906 286 125 21 säkerstäld.

206 314 33 20 De
262 320 75 14 senare
359 314 61 21 årens
429 310 7 36 '
442 314 66 21 milda
528 314 83 21 vintrar
632 314 64 21 hafva
716 314 65 22 också
795 315 80 21 lemnat
890 314 48 22 stöd
952 314 33 22 för
1001 315 30 20 ett

206 341 78 21 sådant
306 342 127 27 antagande.
463 343 49 21 Men
534 343 33 21 för
589 343 47 21 icke
658 342 77 27 många
753 343 25 21 år
800 343 66 21 sedan
882 343 69 21 hände
966 342 65 22 likväl

207 371 32 19 att
261 370 107 26 ångbåten
390 371 93 27 Express
501 371 34 21 för
549 371 96 21 ishinder
659 371 43 21 fick
717 371 117 21 återvända
848 371 47 21 från
909 371 86 21 trakten
1010 370 22 22 af

206 398 77 27 Hangö
299 399 39 21 och
354 400 78 26 anlöpa
446 400 132 21 främmande
593 400 71 26 hamn,
680 400 40 20 och
735 400 145 21 innevarande
895 400 34 20 års
944 401 88 25 stränga

206 427 71 21 vinter
299 428 60 26 tycks
380 428 47 20 icke
449 428 66 21 heller
537 428 57 21 båda
615 428 53 26 godt
689 428 8 21 i
716 428 60 21 detta
791 428 106 21 afseende.
926 428 44 21 För
984 428 47 20 vårt

206 455 62 21 lands
289 456 103 26 jordbruk
414 456 40 22 och
476 456 138 22 storindustri
636 458 24 19 är
683 456 36 22 det
741 457 120 21 emellertid
875 458 31 20 ett
920 456 110 26 lifsvilkor,

207 485 33 19 att
255 484 70 21 denna
340 485 214 26 sjökommunikation
569 485 84 21 vintern
669 491 35 15 om
720 485 59 21 öfver
793 485 76 27 Hangö
883 485 66 21 måtte
959 484 71 22 säker-

206 512 82 21 ställas.
318 512 83 27 Frågan
424 520 34 14 om
477 514 56 20 huru
548 514 42 20 den
605 513 55 21 skall
676 513 139 21 säkerställas
830 514 39 20 har
885 513 63 21 också
962 513 68 21 under

207 546 76 16 senare
305 541 55 21 tider
381 542 81 27 utgjort
482 542 89 21 föremål
591 542 34 21 för
640 542 187 27 meningsutbyten
842 542 7 20 i
865 548 26 15 en
906 542 34 21 del
956 542 23 21 af
992 542 38 21 vår

206 569 161 27 tidningspress.
397 570 50 21 Man
470 570 38 21 har
531 570 74 21 dervid
626 570 117 22 framhållit
765 570 171 22 önskvärdheten
958 570 23 21 af
998 571 32 20 att

206 598 81 20 inrätta
305 604 26 15 en
345 598 104 27 isbrytare
464 599 35 21 vid
514 599 83 26 Hangö.
627 599 48 21 Mot
689 605 27 15 en
731 599 67 21 sådan
814 599 39 21 har
867 599 115 24 anmärkts,
998 600 32 20 att

208 626 40 20 den
263 626 35 21 vid
313 627 85 26 möjliga
416 627 38 21 fall
469 628 23 20 af
504 628 51 20 drif-
571 628 39 20 och
625 627 73 27 packis
714 629 23 19 är
751 627 136 27 fullständigt
901 627 129 27 vanmäktig,

206 654 112 22 hvaremot
339 661 49 15 man
410 656 86 26 påstått,
516 658 32 19 att
564 656 40 21 den
620 656 63 20 äfven
698 656 35 21 vid
748 656 97 26 tjockare
859 656 44 21 fast
916 656 115 26 isbildning

207 682 70 22 skulle
292 690 51 14 vara
358 684 104 21 verksam.
484 684 57 22 Från
557 684 101 26 temligen
673 684 127 27 kompetent
815 684 44 21 håll
874 684 38 21 har
920 684 36 27 jag
968 684 63 21 emel-

206 711 64 21 lertid
291 712 50 20 hört
362 712 118 27 uppgifvas,
496 714 32 20 att
543 713 40 21 den
599 713 62 21 äfven
676 713 49 21 med
740 712 111 27 framgång
865 713 43 21 kan
922 712 109 22 användas

206 739 34 21 för
263 740 112 27 öppnande
398 741 24 21 af
442 748 26 14 en
490 743 67 19 ränna
572 742 7 20 i
594 741 51 21 drif-
661 741 52 21 eller
727 741 81 27 packis.
839 741 32 21 Då
887 741 65 21 saken
968 741 63 21 emel-

206 768 65 21 lertid
286 770 24 19 är
324 769 65 26 något
404 770 67 25 oklar,
488 769 23 21 så
526 776 63 20 synes
603 770 43 26 mig
661 776 51 14 vara
727 770 24 20 af
765 770 77 26 högsta
857 770 44 26 vigt
916 771 32 19 att
961 770 70 26 någon

206 796 86 22 klarhet
310 797 46 21 häri
372 798 67 21 skulle
454 798 80 26 vinnas,
551 798 40 21 och
606 798 50 21 ville
669 798 38 26 jag
722 798 72 21 derför
808 798 85 26 föreslå,
908 800 32 19 att
955 798 76 26 borga-

206 825 111 21 reståndet
332 826 66 20 måtte
414 826 70 21 såsom
498 827 38 20 sitt
551 826 160 27 önskningsmål
726 826 37 21 vid
779 826 68 22 denna
862 826 74 22 remiss
954 826 75 26 uttala,

206 854 33 20 att
255 854 102 27 styrelsen
372 855 50 20 ville
437 861 75 20 genom
528 855 119 26 sakkuniga
662 861 103 21 personer
780 855 45 21 låta
839 856 105 26 noggrant
954 854 77 22 under-

206 882 60 27 söka,
289 882 105 22 huruvida
409 889 25 15 en
450 883 105 27 isbrytare
569 883 33 22 för
617 883 158 27 uppehållande
791 883 24 22 af
827 883 161 22 vintertrafiken
1003 883 27 27 på

205 911 76 26 Hangö
297 911 71 21 kunde
383 918 51 15 vara
450 912 167 27 ändamålsenlig
632 914 61 24 samt,
710 918 35 15 om
761 912 23 21 så
799 914 24 19 är
838 912 66 26 fallet,
916 912 72 21 skrida
998 911 32 22 till

205 939 138 21 anskaffande
358 939 22 22 af
394 947 25 14 en
435 940 72 21 sådan.

275 968 31 20 Hr
321 968 142 21 Hedman:
493 968 81 22 Genom
590 968 38 21 sitt
642 969 135 26 geografiska
787 969 47 26 läge
845 971 24 18 är
879 969 75 26 Hangö
965 969 65 20 hamn

205 996 139 26 ovilkorligen
366 997 41 20 den
430 997 61 26 enda,
513 997 47 21 från
582 997 86 21 hvilken
691 998 20 20 vi
733 997 75 21 kunna
829 997 66 21 tänka
910 1003 34 15 oss
960 997 70 26 någon

205 1024 113 21 oafbruten
341 1025 125 21 samfärdsel
488 1025 46 22 året
556 1031 41 15 om.
627 1025 49 21 Men
700 1027 117 25 utrymmet
839 1026 37 20 der
898 1027 23 19 är
943 1031 45 15 mer
1003 1027 27 19 än

204 1053 80 26 trångt,
304 1053 24 26 ja
347 1053 37 26 jag
398 1054 50 20 ville
462 1055 15 19 t.
494 1060 18 15 o.
528 1060 27 15 m.
570 1053 91 22 förneka
675 1054 85 27 platsen
775 1060 64 15 namn
854 1054 23 21 af
890 1054 70 21 hamn.
990 1053 40 22 Om

205 1086 26 15 en
247 1081 82 21 ordnad
351 1081 133 22 vintertrafik
499 1082 48 21 med
562 1081 89 27 lifligare
666 1082 209 21 kommunikationer
890 1082 54 21 skall
958 1082 72 21 knnna

204 1108 166 28 åstadkommas,
385 1110 83 21 fordras
483 1111 7 20 i
505 1110 68 21 första
588 1113 92 19 rummet
695 1113 106 25 utrymme
816 1110 33 21 för
864 1111 26 20 de
905 1110 67 27 båtar,
984 1117 46 14 som

204 1137 79 27 anlöpa
305 1138 90 26 platsen.
425 1139 41 26 Jag
488 1145 61 15 anser
572 1139 71 21 derför
668 1145 27 15 en
710 1139 128 26 vågbrytare
853 1139 75 20 främst
942 1145 52 15 vara
1008 1138 24 21 af

204 1165 103 22 behofvet
328 1166 106 27 påkallad.
464 1167 63 21 Hvad
549 1167 144 27 petitionären
709 1173 74 15 menar
799 1167 48 21 med
862 1167 168 21 säkerställande

204 1194 23 21 af
247 1194 27 21 lif
295 1195 39 20 och
353 1195 103 26 egendom
471 1195 28 27 på
514 1195 35 21 det
565 1195 100 27 ofantligt
679 1195 134 22 vidsträckta
827 1195 141 26 hafsområde,
984 1201 45 15 som

203 1222 69 27 ligger
294 1223 90 21 emellan
407 1223 75 26 Hangö
505 1224 40 21 och
567 1224 131 26 Stockholm,
721 1224 44 21 kan
785 1224 38 27 jag
837 1224 47 21 icke
899 1223 59 22 fatta.
988 1223 42 26 Jag

203 1250 44 21 kan
262 1251 47 20 icke
325 1251 66 21 tänka
405 1252 49 26 mig,
471 1253 32 20 att
518 1258 49 15 man
582 1252 72 21 kunde
671 1253 37 20 der
722 1252 110 27 uppställa
847 1252 109 25 blänkare,
966 1251 64 21 rädd-

202 1279 169 26 ningsstationer
382 1280 40 21 och
438 1282 65 19 annat
518 1281 82 26 sådant,
616 1280 34 21 för
665 1282 32 19 att
712 1281 127 20 säkerställa
854 1280 91 21 trafiken
961 1279 13 21 å
988 1280 42 21 den

203 1307 101 26 ofantligt
319 1308 62 26 långa
396 1308 64 21 linien
476 1309 90 21 emellan
582 1309 26 20 de
623 1309 56 20 båda
694 1309 169 21 ändstationern.
886 1308 56 22 Från
953 1308 76 26 Hangö

202 1335 138 22 underhålles
360 1337 24 26 ju
407 1337 62 20 äfven
491 1337 255 21 vinterkommunikation
769 1337 49 21 med
833 1337 141 26 Köpenhamn
989 1336 40 21 och

202 1363 93 28 Lybeck,
319 1365 39 20 och
382 1365 62 21 dessa
459 1365 61 21 linier
535 1365 68 21 måste
618 1365 55 22 dock
688 1365 124 26 antagligen
827 1365 116 21 betecknas
958 1364 71 21 såsom

201 1392 52 21 vida
275 1393 79 26 längre,
376 1393 146 21 hvarförutom
545 1400 48 15 map
616 1393 29 27 på
667 1394 49 21 dem
737 1393 48 22 icke
800 1393 43 21 kan
857 1395 65 19 vänta
936 1393 28 26 på
978 1399 52 20 gyn-

202 1426 81 15 samma
298 1421 206 26 vindförhällanden,
520 1422 81 21 hvilket
616 1428 49 15 man
680 1422 43 21 kan
734 1422 28 27 på
772 1422 65 21 linien
858 1421 66 26 Hangö
938 1421 92 21 —Stock-

201 1448 66 21 holm.
297 1449 63 21 Hvad
379 1449 47 22 åter
443 1450 100 21 beträffar
559 1450 41 21 den
614 1450 123 27 föreslagna
753 1450 126 26 isbrytaren,
896 1449 23 22 så
934 1451 24 19 är
970 1449 38 27 jag
1022 1449 8 20 i

201 1478 91 20 motsats
314 1480 45 18 mot
381 1478 26 20 hr
429 1478 105 21 Sumelius
556 1479 23 20 af
599 1479 42 20 den
663 1478 62 27 äsigt,
750 1480 33 19 att
801 1478 42 21 den
857 1478 33 21 uti
904 1477 126 27 hoppackad

201 1504 61 21 drifis
277 1506 110 26 ingenting
402 1506 43 21 kan
460 1508 91 25 uträtta;
567 1507 7 20 i
589 1513 80 15 samma
685 1506 121 27 ögonblick,
822 1513 45 14 som
879 1507 40 20 den
930 1505 100 28 möjligen

200 1532 41 21 har
263 1533 82 22 kunnat
361 1534 63 21 skära
440 1541 26 14 en
480 1537 68 19 ränna
563 1535 7 20 i
585 1535 101 26 packisen
702 1535 41 21 och
759 1535 80 21 lemnat
854 1536 82 19 rännan
951 1534 79 21 bakom
