1075 1753
200 118 40 30 602
464 122 94 22 Borgarest.
570 122 47 18 1888.
641 122 10 18 7
664 122 50 22 April.

178 190 28 22 då
224 190 61 28 tyder
300 190 43 22 han
359 190 36 22 det
410 190 30 26 så,
456 193 33 19 att
503 197 49 15 man
567 193 39 25 gör
622 191 60 21 detta
696 191 34 21 för
745 192 33 20 att
792 191 22 21 få
829 192 43 20 rätt
887 192 45 20 mot
947 196 58 22 myn-

178 219 131 26 digheterna.
345 219 43 27 Jag
409 220 36 20 vill
467 219 66 27 fråga,
552 219 87 21 hvarför
657 226 56 20 man,
733 226 33 14 om
786 226 50 15 man
854 225 63 15 anser
935 219 70 26 någon

177 248 40 20 sak
238 254 52 14 vara
312 249 64 25 orätt,
399 248 36 21 vill
458 248 74 26 bringa
550 248 41 21 den
609 248 29 26 på
653 250 49 24 rätt,
719 254 34 15 om
768 248 48 21 icke
828 248 47 27 just
889 248 34 20 för
937 249 32 19 att
983 246 22 22 få

178 277 43 20 rätt
240 278 45 19 mot
303 276 55 26 dem,
374 282 46 15 som
435 283 50 15 man
500 282 63 16 anser
577 276 64 22 hafva
657 276 72 22 orätt?
760 276 46 22 Och
821 278 32 20 att
867 276 96 21 förkasta
979 281 26 15 en

178 304 39 21 sak
239 304 27 27 på
288 304 70 27 grund
381 304 65 27 deraf,
466 306 32 20 att
517 305 41 21 den
576 305 118 21 tillsvidare
713 305 77 21 endast
808 307 36 19 rör
859 310 26 15 en
900 304 51 20 eller
965 310 40 20 par

177 339 109 20 personer,
303 339 62 15 anser
377 333 37 26 jag
429 340 51 14 vara
495 334 88 20 alldeles
599 334 95 25 oriktigt.
726 333 60 21 Skall
797 339 48 15 man
856 332 34 21 för
900 333 32 20 att
943 332 62 26 godt-

177 363 52 24 göra
251 367 25 15 en
299 361 121 27 kränkning
441 361 23 22 af
480 363 44 19 rätt
543 361 40 22 och
603 361 97 27 billighet
718 363 72 24 vänta,
810 361 34 21 till
862 361 49 20 dess
927 367 25 14 en
968 360 36 21 hel

178 389 77 27 mängd
271 395 102 21 personer
387 390 69 21 blifvit
473 389 89 22 föremål
577 390 33 21 för
626 390 127 26 kränkning,
769 390 53 21 eller
837 389 40 21 bör
892 395 49 14 man
956 388 47 21 icke

177 420 82 24 genast,
279 418 24 21 så
317 420 61 19 snart
393 425 47 14 man
458 425 33 14 ser
507 419 32 20 att
554 425 24 14 en
594 419 36 26 lag
645 419 81 20 tolkats
741 418 28 27 på
784 420 31 19 ett
830 419 50 24 sätt,
895 423 45 15 som
955 423 48 14 man

178 446 47 21 icke
241 447 41 20 kan
299 447 120 26 godkänna,
435 447 87 21 försöka
537 448 32 20 att
584 447 149 21 åstadkomma
749 453 27 14 en
791 445 137 27 förändring?

248 475 31 20 Hr
297 475 112 27 Nyberg:
440 475 30 21 Hr
488 475 91 22 Geitlins
597 475 91 27 petition
704 475 36 21 må
756 475 64 21 hafva
834 473 133 28 uppkommit
982 473 23 21 af

178 503 86 21 hvilken
279 504 115 25 anledning
409 510 44 15 som
469 504 62 26 helst,
547 503 24 22 så
585 505 24 19 är
625 504 83 21 faktum
724 504 56 21 dock
795 504 43 24 det,
854 505 32 19 att
901 503 38 20 här
949 502 54 21 före-

178 531 96 22 kommer
289 533 31 20 ett
337 532 183 27 behjertansvärdt
535 532 36 21 fall
587 532 28 26 på
629 533 161 25 skolhygienins
806 531 93 22 område.
929 530 33 21 Då
977 530 26 22 de

178 560 106 26 åtgärder,
303 566 45 15 som
368 560 100 26 vidtagits
487 560 32 21 för
537 560 153 21 förhindrande
709 560 24 21 af
747 561 155 21 smittosamma
917 559 86 27 sjukdo-

178 594 56 16 mars
250 588 132 22 utbredande
398 589 6 21 i
419 589 107 26 skolorna,
541 589 47 21 icke
604 595 63 21 synas
682 595 52 15 vara
749 589 49 21 fullt
813 588 128 26 tillräckliga
951 588 52 20 eller

178 617 147 27 systematiskt
344 618 100 25 ordnade,
464 618 23 20 så
506 617 37 21 har
561 617 108 21 utskottet
684 619 73 19 ansett
772 618 32 26 sig
819 616 48 21 icke
882 616 54 21 blott
950 616 53 21 böra

177 646 132 20 understöda
335 646 26 20 hr
382 646 91 21 Geitlins
495 646 96 26 petition,
615 648 51 19 utan
689 646 64 21 äfven
775 645 85 26 föreslå,
883 646 32 19 att
936 644 67 21 andra

177 673 100 27 åtgärder
292 674 67 21 måtte
370 675 102 25 vidtagas.
494 674 41 26 Jag
545 680 62 15 anser
619 674 70 21 derför
700 674 119 21 utskottets
830 673 79 26 förslag
919 672 84 28 mycket

177 702 34 21 väl
229 702 97 21 försvara
341 703 32 20 sin
389 703 61 26 plats,
468 703 38 20 och
522 702 95 21 anhåller
633 704 32 19 att
680 702 87 21 ståndet
782 702 67 21 måtte
864 703 78 24 antaga
957 701 45 20 det-

176 736 87 15 samma.

246 759 31 20 Hr
293 759 24 21 G.
334 759 23 21 F.
374 759 140 22 Snellman:
543 759 42 26 Jag
601 759 69 21 skulle
686 759 27 21 be
728 761 32 19 att
771 759 6 21 i
788 759 42 20 allo
842 758 20 21 få
873 757 130 22 understöda

176 787 117 21 utskottets
308 788 64 21 kläm.
401 788 41 26 Jag
458 794 61 15 anser
535 788 41 21 den
591 794 76 15 senare
683 788 63 21 delen
761 787 23 22 af
798 787 106 21 klämmen
915 786 87 27 egentli-

175 822 40 20 gen
231 822 51 15 vara
297 816 24 21 af
334 817 82 20 mindre
431 817 49 26 vigt,
496 823 47 15 men
559 823 63 14 anser
638 817 36 20 det
689 823 52 14 vara
756 815 89 28 lyckligt
856 817 31 19 att
897 815 40 21 den
948 815 53 20 före-

175 844 102 25 kommer,
296 845 72 21 derför
386 847 31 19 att
436 845 40 20 den
495 845 67 26 gifver
581 845 116 26 anledning
715 844 33 21 till
769 844 41 21 den
829 844 57 21 förra
905 843 61 21 delen
982 842 23 21 af

175 872 114 22 klämmen.
326 873 42 21 Det
390 873 39 22 har
447 873 132 26 framhållits,
599 875 33 19 att
649 873 109 21 utskottet
776 872 48 27 gått
842 872 60 26 långt
920 871 83 21 utöfver

175 901 125 27 petitionen,
321 908 47 15 men
388 908 33 15 om
440 902 59 21 detta
517 902 43 21 kan
578 904 70 24 göras,
667 901 24 21 så
711 903 24 19 är
754 901 36 21 det
809 901 85 26 mycket
908 899 94 28 lyckligt,

175 931 32 19 att
226 930 107 21 utskottet
352 930 56 27 gjort
428 930 42 27 det,
490 930 33 21 för
538 931 33 20 att
586 930 89 21 sålunda
691 935 101 22 reparera
808 936 26 14 en
849 928 153 27 försumlighet,

174 964 46 15 som
243 958 70 21 blifvit
336 959 116 26 begången,
476 959 27 20 då
524 959 47 21 icke
593 965 27 14 en
643 959 70 20 direkt
736 958 91 27 petition
845 957 7 21 i
872 957 58 21 detta
949 956 54 27 syfte

174 986 71 21 blifvit
262 987 68 26 gjord,
349 987 51 21 eller
419 987 67 21 andra
504 987 100 27 åtgärder
619 987 70 21 blifvit
707 987 103 26 vidtagna
829 985 33 22 för
881 987 32 19 att
931 985 71 21 åstad-

174 1014 85 22 komma
279 1016 31 20 ett
329 1015 76 21 sådant
423 1015 110 27 regulativ,
549 1022 46 14 som
611 1015 39 21 här
665 1017 24 19 är
704 1015 61 26 fråga
781 1021 41 14 om.
852 1015 42 19 Det
909 1015 24 19 är
948 1013 53 25 icke,

174 1043 69 20 såsom
259 1043 37 20 hrr
311 1043 118 21 Rönnbäck
444 1044 39 20 och
500 1044 154 26 Schybergsom
668 1043 124 25 framhållit,
804 1042 75 21 endast
890 1048 25 14 en
926 1041 76 27 partiel

174 1071 35 21 del
224 1071 23 21 af
265 1071 154 28 skolhygienin,
438 1078 45 15 som
502 1072 70 21 denna
587 1072 90 27 petition
693 1071 74 26 berör;
784 1071 40 20 den
841 1071 62 20 berör
918 1069 84 27 mycket

174 1099 46 21 litet
239 1100 154 27 skolhygienin,
413 1106 47 15 men
480 1100 60 21 desto
557 1106 58 15 mera
630 1100 73 27 hvarje
719 1099 111 26 samhälle,
847 1099 37 20 der
899 1104 26 15 en
941 1097 60 22 skola

173 1127 74 26 finnes,
267 1135 46 14 som
333 1131 23 18 är
374 1129 149 26 freqventerad
542 1129 23 20 af
583 1129 70 20 elever
672 1128 47 21 från
739 1128 120 21 samhället.
892 1127 50 20 Med
961 1127 39 20 den

173 1156 135 27 befogenhet,
323 1163 45 15 som
383 1157 215 21 helsovårdsnämden
609 1163 30 15 nu
650 1157 46 26 har,
707 1157 40 20 och
758 1156 49 21 med
818 1155 183 26 tillmötesgående

174 1184 22 21 af
220 1184 159 28 skolstyrelsen,
406 1185 173 22 skolrektorerna
605 1185 40 21 och
669 1185 111 21 elevernas
802 1184 105 21 föräldrar
929 1183 72 21 kunna

172 1213 126 26 visserligen
317 1213 26 22 de
362 1213 136 26 olägenheter
513 1214 150 26 förekommas,
679 1219 45 15 som
738 1213 47 27 just
800 1218 81 15 samma
895 1212 105 26 regulativ

172 1243 24 19 är
211 1241 70 22 afsedt
296 1243 33 20 att
343 1242 136 26 förekomma,
495 1249 49 14 men
559 1249 34 14 om
609 1249 49 14 man
674 1244 70 19 möter
759 1241 66 26 något
840 1240 108 21 motstånd
961 1240 39 21 hos

172 1269 160 28 skolstyrelsen,
352 1271 109 20 elevernas
480 1271 105 20 föräldrar
604 1271 52 20 eller
675 1270 183 25 skolrektorerna,
874 1268 27 21 då
916 1268 84 22 sväfvar

172 1298 113 21 samhället
304 1299 7 20 i
329 1299 53 20 fara.
416 1299 41 26 Jag
476 1305 62 15 anser
557 1299 36 21 det
609 1299 72 21 derför
695 1305 53 14 vara
763 1299 79 26 ytterst
857 1297 92 28 lyckligt,
966 1303 34 14 om

172 1327 31 20 ett
223 1326 77 22 sådant
319 1327 104 26 regulativ
443 1327 68 21 skulle
530 1327 124 26 fastställas,
674 1327 37 21 der
732 1327 92 26 speciela
844 1325 156 27 detaljbestäm-

172 1354 77 27 ningar
264 1355 69 21 skulle
348 1355 49 26 ingå
412 1356 90 21 rörande
518 1356 130 21 hindrandet
663 1355 24 22 af
699 1355 157 22 smittosamma
866 1354 134 27 sjukdomars

172 1383 115 26 spridande
309 1390 75 20 genom
407 1383 111 22 skolornas
541 1385 68 20 lärare
629 1384 40 21 och
687 1384 80 20 elever.
800 1383 41 25 Jag
860 1382 140 21 understöder

171 1411 247 21 utskottsbetänkandet.

241 1440 32 20 Hr
288 1440 92 21 Walle:
410 1440 42 26 Jag
466 1440 38 21 ber
520 1442 32 19 att
563 1442 57 19 ännu
631 1440 48 21 med
690 1440 70 26 några
770 1439 39 21 ord
820 1439 21 21 få
852 1438 148 27 komplettera,

171 1467 56 21 hvad
233 1468 38 26 jag
280 1468 91 26 tidigare
379 1469 6 20 i
394 1468 69 22 denna
470 1468 61 26 fråga
539 1470 54 25 sagt,
602 1468 39 22 och
651 1468 60 21 detta
720 1468 103 21 särskildt
830 1467 49 21 med
888 1467 113 26 anledning

171 1496 23 21 af
211 1496 42 21 den
269 1498 84 19 senaste
368 1497 93 20 talarens
476 1497 108 26 yttrande.
614 1497 33 20 Hr
663 1496 109 21 Snellman
788 1496 40 21 har
843 1495 116 21 framhållit
974 1501 26 14 en

171 1525 85 26 mycket
275 1525 67 26 vigtig
353 1525 166 26 omständighet
537 1525 7 20 i
563 1525 69 21 denna
651 1525 46 25 sak,
719 1524 40 21 och
772 1524 38 27 jag
825 1524 38 22 ber
879 1525 32 19 att
925 1523 22 21 få
961 1529 39 15 un-
