1089 1750
210 132 43 31 358
455 136 93 22 Borgarest.
560 136 46 19 1888.
630 136 10 18 3
655 136 53 18 Mars.

261 205 34 20 2:0
310 204 47 21 från
372 204 158 27 presteståndet
545 205 149 20 meddelande:

261 234 33 19 att
309 233 90 25 ståndet,
415 233 35 20 vid
460 233 158 26 behandlingen
628 233 24 20 af
660 232 216 22 ekonomiutskottets
887 233 135 21 betänkande

192 267 35 15 n:o
243 261 14 21 4
271 261 7 21 i
293 261 114 26 anledning
422 261 23 21 af
460 261 78 26 nådiga
553 261 162 27 propositionen
730 267 35 15 om
781 262 180 26 metersystemets
979 262 43 21 till-

193 289 108 27 lämpning
315 289 36 21 vid
365 289 135 26 tillverkning
516 290 40 20 och
571 289 125 28 försäljning
711 289 23 22 af
748 289 90 21 bränvin
855 289 40 21 och
906 289 114 28 spritdryc-

193 317 45 26 ker,
254 317 95 27 godkänt
364 318 145 21 betänkandet
526 318 150 25 oförändradt;

261 348 32 19 att
308 346 85 21 ståndet
408 346 140 21 oförändradt
562 346 96 27 godkänt
674 346 154 27 lagutskottets
840 346 136 21 betänkande
987 353 34 14 n:o

193 375 13 20 3
229 374 7 21 i
259 374 115 27 anledning
397 375 22 20 af
432 375 78 26 nådiga
525 375 161 26 propositionen
702 381 35 14 om
752 374 80 27 förslag
847 375 33 20 till
895 375 81 20 ändrad
992 375 30 26 ly-

193 402 58 21 delse
267 402 22 21 af
302 403 11 26 $
329 403 14 21 4
358 403 7 21 i
380 403 78 26 nådiga
473 403 153 26 förordningen
642 403 40 21 den
699 403 13 21 3
727 403 95 21 februari
839 403 62 26 1868,
913 403 109 26 angående

193 431 27 21 de
241 431 126 26 rättigheter
386 431 39 21 och
441 431 151 27 skyldigheter,
609 437 46 15 som
670 431 120 22 tillkomma
805 431 91 21 embets-
912 431 39 22 och
967 431 54 27 tjen-

193 461 90 24 stemän,
299 459 82 22 hvilkas
396 460 144 26 befattningar
555 459 111 27 indragas;

261 489 33 20 att
316 488 90 26 ståndet,
428 494 44 15 som
488 489 31 20 till
535 488 143 27 lagutskottet
693 488 121 21 remitterat
829 489 31 20 ett
876 488 22 21 af
912 488 35 21 hrr
962 487 60 22 Kihl-

192 522 50 15 man
261 516 38 21 och
319 515 79 22 Geitlin
416 517 118 20 inlemnadt
552 516 182 27 petitionsförslag
754 522 35 15 om
804 516 90 27 ändring
910 516 22 21 af
946 516 10 27 $
973 517 25 21 77
1015 517 7 20 i

191 545 100 26 gällande
306 545 143 26 skolordning,
466 545 94 26 beslutit,
577 545 27 27 pä
619 545 73 21 derom
704 545 62 27 gjord
778 545 155 26 framställning
945 545 23 21 af
978 545 44 26 lag-

192 573 113 27 utskottet,
321 574 32 20 att
367 573 48 22 med
430 573 129 27 frängäende
575 573 23 21 af
608 574 60 21 detta
679 573 38 21 sitt
728 573 72 21 beslut
810 573 110 22 remittera
930 573 92 22 nämnda

192 602 90 26 petition
298 602 32 21 till
345 602 107 21 allmänna
467 602 204 26 besvärsutskottet;

261 632 32 19 att
311 630 91 25 ständet,
422 631 66 21 sedan
503 630 149 27 ridderskapet
668 631 38 21 och
722 630 65 22 adeln
803 633 55 18 samt
875 630 146 27 borgarestän-

192 658 37 21 det
251 658 68 27 afböjt
341 659 167 26 presteständets
530 659 80 26 förslag
626 665 33 15 om
677 659 107 26 sänkning
799 658 23 21 af
835 659 67 26 priset
916 659 33 20 för
965 659 57 20 stän-

193 686 52 21 dens
267 687 108 26 protokoll
397 687 47 21 frän
467 688 27 21 12
517 687 32 21 till
571 687 6 21 6
594 687 68 26 mark,
678 687 107 22 definitivt
801 687 93 25 beslutit,
912 688 31 20 att
958 687 64 21 äfven

192 714 74 22 förena
281 715 31 26 sig
328 721 33 15 om
377 715 36 21 det
428 716 23 21 af
464 716 160 21 statsutskottet
638 716 76 27 gjorda
729 715 103 27 förslaget
843 717 32 20 att
886 721 136 21 prenumera-

192 743 125 27 tionspriset
333 743 70 22 blefve
417 744 108 21 bestämdt
540 745 32 20 till
589 745 26 20 12
629 744 67 21 mark.

261 829 118 26 Föredrogs
394 830 59 21 Hans
469 829 117 27 Kejserliga
598 829 109 27 Majestäts
718 829 36 21 vid
767 831 83 19 senaste
862 829 85 26 plenum
959 829 63 20 bord-

191 857 63 26 lagda
269 858 132 26 proposition
416 864 34 15 n:o
466 859 34 25 33,
516 858 110 27 angäende
641 858 74 26 anslag
730 858 34 21 till
774 857 149 21 fullbordande
935 857 23 21 af
964 857 58 27 jern-

191 887 68 24 vägen
274 885 47 22 frän
337 886 97 21 Kouvola
449 887 33 20 till
497 887 95 26 Kuopio;
608 886 40 21 och
663 886 71 21 beslöt
750 885 86 22 ständet
851 886 108 21 remittera
970 886 52 21 den-

193 919 82 16 samma
290 915 33 20 till
337 915 155 21 förberedande
509 915 129 26 behandling
654 914 22 21 af
690 914 172 22 statsutskottet.

260 999 120 27 Föredrogs
403 1000 59 21 Hans
488 1000 120 27 Kejserliga
633 1000 114 27 Majestäts
771 999 35 22 vid
829 1000 84 21 senaste
935 999 87 27 plenum

190 1027 119 27 bordlagda
324 1028 78 27 nädiga
416 1029 133 26 proposition
565 1035 35 15 n:o
616 1029 28 21 34
654 1028 112 27 angäende
776 1028 73 21 vidare
856 1028 165 27 jernvägsbygg-

191 1056 68 21 nader
273 1057 7 20 i
295 1056 82 26 landet;
394 1057 40 21 och
449 1057 104 26 begärdes
569 1057 62 21 ordet
646 1057 74 21 dervid
737 1057 34 20 till
785 1056 55 21 först
855 1056 23 21 af

260 1085 25 19 hr
300 1085 107 27 Elving,
423 1091 46 15 som
483 1085 93 27 yttrade:
593 1085 33 21 Dä
642 1085 36 21 det
693 1085 6 21 i
715 1085 61 21 tiden
791 1085 63 26 gälde
864 1085 33 20 att
907 1084 72 21 skrida
988 1085 34 20 till

191 1112 122 27 byggandet
335 1113 23 21 af
378 1113 295 27 Helsingfors—Petersburg
692 1113 92 27 jernväg
802 1112 77 22 trodde
898 1112 76 27 många
988 1112 34 22 för

189 1140 49 21 värt
254 1140 49 22 land
319 1143 70 19 varmt
404 1142 113 21 kännande
531 1148 103 21 personer
649 1143 33 19 att
692 1142 61 21 detta
764 1141 68 21 skulle
843 1147 51 15 vara
904 1141 33 21 för
948 1147 35 15 oss
994 1147 27 15 en

190 1170 46 20 stor
251 1169 82 27 olycka.
363 1169 43 23 Det
421 1177 37 14 var
472 1170 47 21 icke
534 1171 48 21 litet
598 1171 52 21 ondt
665 1176 49 15 man
730 1169 82 28 spädde
828 1169 23 22 af
860 1171 31 20 ett
902 1169 76 22 sädant
988 1169 34 22 för

189 1197 53 21 vära
264 1197 148 22 förhällanden
428 1199 139 26 exempellöst
582 1199 118 21 storartadt
715 1198 41 22 och
772 1197 64 28 djerft
851 1197 89 28 företag.
971 1198 50 21 Men

189 1225 120 27 djerfheten
324 1227 88 26 segrade
428 1227 40 21 och
483 1227 71 21 banan
569 1227 46 21 blef
628 1227 76 26 byggd,
721 1227 42 21 och
778 1227 27 26 vi,
821 1232 44 15 som
882 1229 36 18 äro
930 1227 38 20 här
979 1226 42 21 för-

189 1254 96 21 samlade
306 1255 7 20 i
336 1255 47 26 dag,
403 1255 73 22 kunna
495 1255 95 22 bevittna
609 1257 33 20 att
659 1255 61 22 faran
740 1261 39 15 var
794 1255 69 26 ingen,
880 1261 48 14 men
942 1255 79 26 gagnet

189 1284 62 19 stort.
281 1283 71 21 Sedan
375 1283 48 22 dess
446 1284 28 21 ha
496 1284 108 27 ätskilliga
624 1283 226 28 jernvägsbyggnader
873 1283 49 26 följt
939 1282 82 27 ganska

189 1311 61 20 raskt
265 1311 28 27 pä
307 1311 123 22 hvarandra
445 1312 40 21 och
500 1313 48 20 med
564 1313 41 20 den
621 1312 133 27 ödmjukhet,
771 1311 101 21 hvarmed
888 1311 20 21 vi
918 1313 38 19 äro
967 1317 54 15 vana

189 1340 32 20 att
236 1345 23 16 se
275 1339 27 28 pä
317 1340 48 21 värt
379 1341 61 20 lands
456 1341 140 21 ekonomiska
610 1341 158 25 förhällanden,
780 1339 105 28 jemförda
895 1339 48 22 med
954 1339 67 21 andra

188 1367 73 22 rikare
276 1369 82 20 lottade
377 1369 91 26 länders,
485 1371 23 18 är
524 1369 36 21 det
572 1369 25 27 ju
612 1369 82 26 ganska
708 1369 112 26 naturligt,
836 1369 32 20 att
884 1374 80 15 samma
978 1367 42 22 far-

188 1395 75 28 hägor,
279 1403 46 14 som
341 1396 27 21 dä
383 1397 73 27 gjorde
472 1397 32 26 sig
518 1397 106 27 gällande,
640 1397 46 21 äter
700 1397 62 21 skola
773 1396 101 28 uppdyka
885 1396 39 21 och
935 1396 86 27 tillropa

189 1423 85 23 landets
293 1426 170 26 representation
482 1425 109 22 varnande
606 1426 46 21 ord.
683 1425 26 22 Vi
724 1427 52 19 veta
790 1425 43 21 alla
848 1426 33 20 att
897 1425 61 20 dessa
973 1430 47 15 var-

188 1452 77 27 ningar
287 1455 37 19 äro
347 1453 125 22 välmenade
492 1454 39 21 och
550 1454 112 21 dikterade
678 1454 23 21 af
714 1461 27 14 en
758 1453 110 27 nppriktig
882 1453 138 21 fosterlands-

187 1480 82 22 kärlek.
299 1481 50 21 Men
365 1488 34 15 om
415 1489 49 14 man
480 1483 69 25 ocksä,
566 1483 41 20 den
622 1489 40 14 ene
677 1488 45 15 som
738 1482 44 21 den
796 1482 73 25 andra,
885 1481 36 21 vill
939 1487 81 15 samma

187 1509 50 26 mål,
260 1512 24 18 är
302 1511 37 20 det
358 1510 48 21 icke
425 1511 62 26 sagdt
502 1513 32 18 att
549 1511 179 25 tillväsagäendet
745 1510 57 21 skall
816 1509 110 27 uppfattas
941 1509 43 22 lika
999 1509 23 22 af

188 1537 49 26 alla,
257 1538 40 21 och
313 1538 27 21 dä
355 1544 50 16 man
420 1539 58 21 inom
494 1539 36 21 vär
545 1539 171 27 representation
731 1538 38 21 vid
784 1538 71 21 denna
870 1538 102 26 landtdag
986 1544 34 21 yr-
