1084 1745
335 123 94 22 Borgarest.
441 123 46 18 1888.
511 123 21 18 28
544 123 35 18 Jan.
823 122 23 17 45

47 193 35 20 vill
98 194 45 19 mot
160 193 26 20 hr
201 192 106 21 Stenbäck
322 191 89 28 påpeka,
428 193 32 20 att
476 192 37 21 det
528 192 68 21 måste
612 191 50 21 bero
678 191 28 28 på
720 192 53 20 hvar
788 191 38 22 och
842 198 26 14 en

47 221 173 26 landtdagsmans
236 220 138 27 öfvertygelse
389 220 56 21 hvad
460 220 41 21 han
517 227 63 14 anser
594 220 70 21 såsom
680 220 66 27 högre
761 220 39 21 och
811 220 57 27 lägre

47 249 110 22 intressen.
186 249 41 26 Jag
242 249 36 20 vill
293 249 88 26 tillägga
396 250 32 20 att
443 249 21 20 in
480 255 51 15 casu
547 249 38 21 har
600 249 180 26 borgareståndet
794 249 35 20 vid
838 249 31 20 fö-

48 277 104 27 regående
168 277 131 26 landtdagar,
315 277 90 21 likasom
420 277 35 21 vid
471 277 70 22 denna
556 277 110 26 landtdag,
681 277 47 22 icke
742 277 43 21 fäst
795 277 31 26 sig
835 277 36 21 vid

48 312 33 15 om
97 307 48 26 laga
159 306 75 21 hinder
249 307 23 19 är
287 305 100 26 företedt,
396 305 27 22 då
439 312 26 15 en
479 306 165 27 landtdagsman
659 306 39 21 har
713 306 76 26 begärt
803 307 32 19 att
849 305 22 22 få

48 341 50 15 vara
113 335 49 21 bort
175 335 47 21 från
238 334 95 21 ståndets
348 335 179 21 sammanträden.
556 335 41 26 Jag
612 341 63 14 anser
690 336 32 19 att
733 334 84 21 ståndet
832 334 39 21 bör

48 363 79 21 förfara
145 363 27 28 på
187 369 81 16 samma
282 364 43 20 sätt
343 369 35 19 nu,
398 363 27 20 då
447 363 35 21 det
497 363 67 27 gäller
579 363 49 21 hela
643 363 173 26 landtdagstiden
831 363 40 21 och

46 398 64 15 anser
132 392 71 21 derför
222 393 32 20 att
273 391 84 21 ståndet
374 393 24 19 är
416 391 150 22 oförhindradt
584 393 33 20 att
637 391 73 21 bifalla
725 391 25 21 hr
766 391 105 22 Fellmans

48 421 99 21 anhållan
163 427 33 15 om
212 420 97 21 befrielse
323 419 48 21 från
387 420 37 20 sitt
439 420 296 26 landtdagsmannauppdrag.

116 450 32 20 Hr
163 449 122 26 Högman:
305 448 44 21 Hra
364 448 77 26 Elving
455 454 28 16 on
498 449 72 27 paljon
585 448 99 27 puhunut
698 449 64 20 niistä
779 448 92 22 suurista

46 478 23 26 ja
83 478 103 21 tärkeistä
201 477 89 26 eduista,
303 476 62 28 jotka
379 478 57 20 tässä
452 477 47 21 olisi
514 477 163 27 kysymyksessä
689 477 23 27 ja
724 477 55 27 joita
790 477 18 21 ei
819 477 50 21 voisi

50 506 104 26 säilyttää,
175 506 34 26 jos
232 506 19 20 ei
272 506 38 20 hra
332 505 118 21 Fellmania
468 506 151 26 vapautettaisi
638 505 232 22 edusmiestoimestaan

50 536 57 19 tässä
128 534 108 27 säädyssä.
265 534 74 21 Minun
362 534 156 21 vakuutukseni
540 541 34 19 on,
594 536 46 19 että
660 534 94 27 säädyllä
773 541 27 15 on
817 534 54 21 vielä

52 563 155 27 suurempiakin
223 563 21 23 ja
252 563 131 26 tärkeämpiä
397 563 58 26 etuja
469 563 145 21 valvottavina
627 563 23 26 ja
666 562 113 22 huomioon
795 564 76 20 otetta-

51 592 54 26 vina,
125 592 52 20 kuin
195 598 33 20 ne,
242 592 53 26 joita
310 592 39 20 hra
363 591 76 27 Elving
455 593 58 19 tässä
529 598 27 14 on
572 592 99 26 esitellyt.
702 592 98 26 Säätyjen
815 592 56 20 tulee

50 620 81 26 katsoa,
150 620 51 22 ettei
220 626 102 15 maamme
337 620 158 26 perustuslakia
511 620 78 21 tulkita
602 620 23 27 ja
640 620 52 21 ettei
706 620 114 21 lausuntoa
835 626 35 14 an-

51 650 49 20 neta
122 649 142 21 semmoisella
282 648 85 26 tavalla,
383 650 46 19 että
444 649 77 21 näiden
537 648 171 27 perustuslakien
724 654 50 15 arvo
787 649 23 26 ja
825 650 46 20 sää-

50 677 56 27 tyjen
121 684 49 14 arvo
186 678 58 20 tulee
258 677 104 27 sysätyksi
378 677 85 26 sivulle;
476 678 24 26 ja
515 678 72 20 minun
602 677 158 21 vakuutukseni
778 683 33 20 on,
827 678 44 20 että

48 707 59 19 tämä
128 706 58 20 tulisi
208 706 159 26 tapahtumaan,
387 706 35 26 jos
445 706 118 21 senaattori
586 706 95 20 Fellman
700 706 171 26 vapautettaisiin

50 734 207 21 edusmiestoimesta
271 736 58 19 tässä
345 734 108 27 säädyssä.
483 735 32 21 Ne
530 734 104 26 tosiasiat,
648 734 54 27 joita
714 734 22 27 jo
752 734 61 21 viime
823 734 48 21 ker-

51 762 52 22 ralla
125 763 106 26 esiintoin,
250 763 50 20 kuin
320 763 95 26 myöskin
431 763 86 21 erittäin
533 769 22 15 se
571 764 53 20 mitä
638 763 39 21 hra
693 762 105 22 Stenbäck
813 764 58 20 tässä

50 791 119 21 huomautti
183 798 37 14 sen
235 792 79 25 lisäksi,
329 791 52 21 mitä
396 791 125 21 valiokunta
536 798 27 14 on
580 792 108 26 esittänyt,
703 791 72 21 kaikki
786 798 25 14 ne
822 793 49 20 ovat

51 820 79 20 tukena
145 820 72 21 minun
233 820 168 26 käsitykselleni;
417 820 85 27 pyydän
517 826 37 15 sen
570 820 81 21 tähden
662 820 64 21 saada
736 820 72 21 kaikin
819 826 52 20 puo-

51 848 29 20 lin
95 848 117 22 kannattaa
226 848 142 21 valiokunnan
385 848 120 22 lausuntoa.

118 877 32 20 Hr
164 877 102 26 Elving:
289 877 92 21 Alldeles
400 883 49 14 ense
465 877 49 20 med
530 877 24 20 hr
570 877 114 26 Stenbäck,
700 877 71 21 derom
788 878 32 19 att
835 877 36 20 det

51 905 58 26 lägre
131 905 99 21 intresset
249 905 54 21 skall
322 905 49 21 vika
389 905 33 21 för
438 905 37 21 det
489 906 72 26 högre,
578 905 68 22 mäste
658 906 37 26 jag
710 905 61 26 dock,
784 905 45 27 just
845 905 26 26 pä

50 934 68 25 grund
138 934 22 21 af
174 934 68 21 denna
258 934 22 21 af
294 934 77 21 honom
386 934 97 21 uttalade
499 935 97 26 sanning,
613 935 84 20 komma
712 934 31 21 till
759 935 32 20 ett
806 935 64 19 annat

50 963 89 20 resultat
154 965 26 18 än
197 963 41 20 han
254 963 39 20 och
307 962 113 21 utskottet.
444 962 31 21 Hr
484 963 117 21 Stenbäcks
610 964 134 20 resonement
752 963 68 21 skulle
831 968 39 20 ega

50 991 38 20 sitt
102 990 52 22 fulla
169 991 153 26 berättigande,
338 991 7 20 i
360 991 102 20 händelse
473 991 25 21 hr
508 991 106 22 Fellmans
625 991 109 21 befriande
745 991 45 21 frän
802 991 68 20 landt-

49 1019 249 27 dagsmannauppdraget
320 1019 71 22 kunde
406 1019 65 21 verka
487 1022 32 19 ett
533 1020 139 27 upphörande
687 1020 23 21 af
725 1019 145 27 borgarestän-

48 1047 48 21 dets
118 1048 195 26 landtdagsarbete,
335 1054 48 15 men
403 1049 37 26 jag
456 1050 45 19 tror
517 1050 32 19 att
563 1049 20 20 vi
598 1049 74 20 kunna
687 1055 49 14 enas
751 1048 71 21 derom
838 1050 33 19 att

48 1075 26 22 sä
95 1076 46 21 icke
164 1077 40 20 blir
225 1076 148 21 förhållandet.
404 1077 56 20 Vore
480 1077 36 20 det
531 1079 32 19 att
578 1077 56 27 välja
649 1077 88 21 emellan
753 1077 25 21 de
794 1079 76 18 tvenne

51 1105 148 21 alternativen:
223 1112 34 14 om
272 1106 197 26 landtdagsarbetet
485 1106 54 21 skall
555 1106 105 25 afstanna,
676 1106 50 21 eller
742 1106 129 26 lagskipnin-

50 1140 40 20 gen
105 1134 7 20 i
126 1134 76 26 högsta
216 1134 118 21 domstolen
350 1134 27 27 pä
393 1140 25 15 en
434 1134 23 21 af
471 1134 48 22 dess
534 1136 78 20 tvenne
627 1135 113 21 divisioner
754 1134 33 21 för
802 1134 68 26 nägon

50 1162 31 20 tid
104 1162 54 21 skall
179 1163 103 27 upphöra,
305 1163 26 20 dä
350 1168 50 16 vore
417 1163 24 26 ju
456 1163 67 21 saken
539 1163 84 27 mycket
638 1163 62 21 enkel
716 1163 38 21 och
769 1163 47 21 klar
831 1162 40 21 och

51 1190 65 22 borde
137 1191 83 27 afgöras
242 1191 67 21 säsom
333 1191 108 21 utskottet
459 1192 40 20 har
517 1192 117 26 föreslagit.
666 1192 48 20 Men
733 1192 59 20 detta
811 1193 23 19 är
846 1191 25 27 ju

51 1219 38 21 alls
104 1219 46 21 icke
164 1220 70 24 fallet;
250 1220 197 26 landtdagsarbetet
462 1220 82 26 fortgår
560 1220 83 21 ostördt
658 1220 39 21 och
712 1220 74 26 frågan
799 1220 72 21 ställer

49 1248 33 25 sig
104 1248 32 20 så:
159 1250 23 19 är
204 1248 25 20 hr
248 1248 105 21 Fellmans
369 1248 129 27 deltagande
513 1249 7 21 i
535 1248 301 27 landtdagsförhandlingarna
851 1248 23 20 af

51 1276 40 21 den
114 1279 39 24 art,
174 1279 32 19 att
228 1277 41 21 han
285 1277 112 27 omöjligen
417 1277 42 21 kan
479 1278 115 26 undvaras,
609 1278 61 20 äfven
686 1278 7 20 i
708 1277 100 21 händelse
823 1282 49 15 man

48 1305 68 26 derpå
130 1305 68 21 skulle
213 1305 81 21 riskera
308 1307 31 19 att
355 1306 41 19 den
412 1306 70 25 jemna
497 1306 83 26 gången
595 1306 23 20 af
631 1306 159 26 lagskipningen
806 1306 6 19 i
827 1305 45 20 lan-

51 1333 46 21 dets
119 1333 76 27 högsta
210 1333 101 27 judiciela
336 1334 81 21 instans
433 1333 103 27 afbrötes,
553 1334 52 21 eller
620 1336 24 19 är
660 1335 58 20 detta
732 1334 48 21 icke
794 1332 78 22 förhål-

51 1361 77 21 landet.
158 1362 60 21 Stäld
233 1363 7 20 i
258 1362 57 21 valet
333 1362 90 21 emellan
443 1363 64 20 dessa
525 1366 76 17 tvenne
617 1363 119 22 alternativ,
752 1362 68 21 måste
833 1361 39 26 jag

50 1389 32 22 för
105 1391 43 20 min
167 1391 33 20 del
220 1397 49 14 anse
287 1391 36 20 det
341 1391 67 26 högre
426 1391 102 21 intresset
542 1397 58 20 vara,
617 1393 32 19 att
664 1391 161 26 lagskipningen
840 1389 33 21 får

48 1419 85 20 ostördt
147 1419 75 26 fortgå,
238 1419 61 21 äfven
311 1425 34 15 om
355 1419 36 26 jag
403 1419 22 21 åt
436 1419 37 21 det
484 1419 75 27 bidrag
570 1420 25 20 hr
605 1420 95 21 Fellman
710 1419 70 21 kunde
791 1417 82 23 skänka

49 1446 87 22 ståndet
154 1447 39 22 och
209 1447 48 21 dess
271 1447 160 27 förhandlingar
447 1447 28 27 på
490 1448 92 21 förhand
597 1448 68 21 måste
680 1448 81 21 skänka
777 1449 31 19 ett
822 1447 51 21 obe-

50 1475 83 26 tingadt
152 1476 141 21 erkännande.
323 1476 41 26 Jag
383 1476 43 21 kan
446 1476 84 21 således
546 1477 44 26 just
609 1477 28 26 på
652 1476 68 27 grund
736 1476 22 21 af
772 1477 24 20 hr
812 1475 61 22 Sten-

50 1503 64 22 bäcks
136 1504 123 27 principiela
277 1504 137 27 uppfattning
433 1505 48 20 icke
500 1505 86 21 komma
604 1505 33 21 till
653 1507 65 19 annat
732 1505 96 24 resultat,
844 1505 27 19 än

48 1533 33 19 att
104 1533 20 20 vi
143 1533 144 25 ovilkorligen,
304 1533 45 26 just
363 1533 34 20 för
413 1534 31 19 att
460 1533 45 21 låta
521 1534 36 20 det
572 1534 66 26 högre
653 1533 98 21 intresset
766 1533 26 26 gå
807 1532 65 21 fram-
