1067 1767
199 126 35 17 514
463 126 94 22 Borgarest.
569 125 49 20 1888.
641 126 20 18 27
674 126 54 19 Mars.

176 195 36 21 det
227 194 62 22 torde
304 194 71 22 derför
389 201 52 15 vara
455 195 38 21 allt
507 195 47 21 skäl
568 195 35 21 för
617 196 117 21 ständerna
749 196 32 20 att
796 195 7 21 i
819 194 41 22 den
875 196 55 20 enda
940 194 63 26 form,

174 230 47 15 som
240 223 45 21 står
305 224 48 20 dem
371 224 32 20 till
418 223 60 26 buds,
498 224 107 26 nemligen
619 224 136 26 petitionens,
772 224 7 20 i
793 223 116 27 anledning
924 224 24 21 af
960 223 43 21 den

174 258 51 21 nyss
243 252 119 26 upptäckta
380 252 102 21 balansen
501 252 6 21 i
523 252 102 27 Wiborgs
639 252 47 21 läns
701 252 88 26 ränteri,
804 252 71 21 uttala
890 252 32 26 sig
936 252 66 26 angå-

174 280 56 21 ende
251 280 155 27 behöfligheten
429 280 22 22 af
465 287 26 15 en
510 280 104 22 förstärkt
633 281 94 21 kontroll
743 282 55 20 samt
818 282 66 20 sättet
902 280 33 22 för
953 280 50 22 dess

174 308 177 27 genomförande;
370 309 39 21 och
425 309 58 21 detta
498 309 24 21 så
536 309 86 27 mycket
637 316 52 19 mer,
705 315 45 15 som
767 309 115 21 ständerna
897 309 57 21 inom
970 309 32 26 sig

174 337 68 21 räkna
265 338 31 20 ett
317 337 70 21 flertal
405 344 103 20 personer
526 338 49 20 med
594 337 123 22 erfarenhet
735 338 39 20 och
794 337 161 22 sakkännedom
974 337 29 27 på

175 365 59 21 detta
255 365 86 21 område
361 368 56 18 samt
435 368 32 19 ett
484 366 112 21 uttalande
611 366 48 21 från
675 366 126 22 ständernas
817 366 47 21 sida
879 366 72 21 derför
966 365 36 21 vid

174 394 102 20 ärendets
292 393 128 27 behandling
435 394 39 22 hos
489 395 103 26 styrelsen
607 394 70 22 skulle
691 395 66 21 lända
772 394 33 21 till
820 394 128 28 upplysning
962 394 40 21 och

174 428 57 21 gagn
247 422 33 21 för
295 422 73 22 saken.

243 451 74 21 Under
335 451 136 27 åberopande
490 451 23 22 af
525 457 76 16 senare
617 452 61 21 delen
695 451 23 22 af
731 451 26 22 51
774 451 11 28 &
801 451 203 27 landtdagsordnin-

174 485 41 20 gen
230 481 117 20 momentet
364 481 18 24 1,
397 480 22 21 få
433 480 20 21 vi
469 480 71 21 derför
555 480 86 21 anhålla
657 487 33 14 om
705 480 190 27 borgareständets
906 479 97 22 medver-

174 507 42 22 kan
231 507 34 22 till
280 514 26 15 en
321 509 90 26 petition
427 509 84 20 derom:

347 549 29 19 att
390 548 101 27 styrelsen
505 549 64 20 mätte
584 550 48 25 taga
647 549 9 20 i
667 548 160 27 öfvervägande,
840 548 104 21 huruvida
958 549 45 20 sta-

279 583 45 20 tens
336 582 235 27 penningeförvaltning
587 582 37 21 och
639 582 116 21 kontrollen
770 582 96 27 deröfver
881 582 43 21 icke
934 582 70 22 kunde

278 615 9 21 i
301 615 120 27 hufvudsak
436 617 78 21 ordnas
529 617 64 27 enligt
608 616 64 27 ofvan
687 616 92 27 anförda
793 617 99 26 grunder.

243 650 139 27 Helsingfors,
399 651 40 21 den
455 652 26 21 27
498 651 58 22 Mars
573 651 63 22 1888.

315 684 59 21 Emil
389 685 150 27 Schybergson.
786 685 56 22 Axel
856 685 75 22 Lille".

243 735 62 22 Efter
319 737 143 20 memorialets
473 737 134 26 upplösande
617 737 94 26 föreslog
721 737 26 20 hr
759 736 182 27 Schybergson
952 737 50 21 dess

173 764 76 21 remiss
265 765 32 20 till
313 765 166 21 statsutskottet.

243 793 32 20 Hr
297 793 94 26 Elving
412 794 94 26 yttrade:
545 793 34 22 Dä
598 794 37 21 det
649 794 25 26 ju
693 796 23 19 är
735 793 94 26 osäkert,
848 793 105 21 huruvida
974 799 26 16 en

173 821 132 27 behandling
323 821 23 22 af
362 822 118 26 petitionen
498 822 49 21 med
565 822 82 27 hänsyn
666 823 33 20 till
719 822 40 21 den
778 821 60 27 längt
856 821 145 22 framskridna

172 849 62 22 tiden
249 849 43 22 kan
307 850 7 21 i
329 850 107 22 utskottet
449 851 132 25 medhinnas,
597 857 48 15 men
661 851 34 26 jag
709 850 34 21 för
758 851 44 20 min
813 850 34 21 del
858 856 62 15 anser
930 850 69 27 petio-

172 883 54 16 nens
240 878 99 27 syftemäl
354 885 51 15 vara
419 878 25 21 sä
458 879 175 25 beaktansvärdt,
649 881 32 19 att
696 879 23 21 ät
734 879 124 21 densamma
867 879 40 20 bör
916 879 84 20 lemnas

173 907 29 20 all
224 907 74 26 möjlig
317 907 195 26 uppmärksamhet,
531 907 24 21 sä
572 907 69 22 skulle
656 908 38 27 jag
712 907 87 21 anhålla
817 913 35 15 om
870 907 130 26 petitionens

172 934 158 27 bordläggning
345 935 33 21 till
393 937 66 20 annat
474 936 91 27 plenum,
581 936 28 27 pä
624 936 37 21 det
675 936 86 21 ständet
775 935 69 22 blefve
846 930 10 37 i
871 935 83 22 tillfälle
967 937 34 19 att

173 963 71 21 uttala
260 963 31 26 sig
307 969 33 15 om
357 964 128 21 densamma.

242 991 122 22 Petitionen
382 992 114 22 bordlades
515 993 53 20 härä
586 993 33 21 till
637 993 98 21 ständets
754 992 158 21 sammanträde
930 992 41 21 den
987 993 13 20 7

172 1021 50 20 näst
236 1020 145 21 instundande
396 1021 61 27 april.

242 1111 32 21 Hr
296 1112 123 21 talmannen
441 1112 142 27 tillkännagaf
604 1114 32 19 att
657 1114 62 19 nästa
738 1111 159 22 sammanträde
915 1111 85 22 komme

172 1140 33 21 att
226 1139 70 22 hållas
319 1141 108 26 onsdagen
451 1141 40 20 den
510 1141 14 21 4
542 1141 55 26 april
615 1141 29 21 kl.
663 1141 12 20 6
695 1147 18 15 e.
733 1147 35 20 m.,
788 1140 108 21 hvarefter
913 1140 86 27 plenum

172 1168 111 27 upplöstes
299 1168 28 21 kl.
345 1169 49 26 7,30
409 1175 18 15 e.
443 1175 28 15 m.

764 1213 22 18 In
798 1213 65 18 fidem:

693 1247 98 22 Mauritz
806 1247 119 27 Hornborg.

385 1447 106 27 Onsdagen
508 1447 38 23 den
562 1447 15 23 4
591 1447 51 27 april
660 1447 25 23 kl.
702 1448 13 22 6
731 1452 18 18 e.
766 1452 25 18 m.

240 1502 43 22 Vid
306 1503 95 21 anstäldt
415 1510 83 21 upprop
513 1504 106 21 befunnos
635 1504 97 21 ständets
748 1504 100 26 samtliga
862 1504 138 20 medlemmar

169 1531 136 21 närvarande
327 1532 60 20 utom
410 1532 37 21 hrr
461 1532 144 26 Lindblom,
621 1532 25 22 A.
663 1532 24 22 O.
704 1532 139 26 Snellman,
860 1531 138 25 Stenbäck,
