<?xml version="1.0" encoding="UTF-8"?>
<alto xmlns="http://www.loc.gov/standards/alto/ns-v3#" xmlns:xlink="http://www.w3.org/1999/xlink" xmlns:xsi="http://www.w3.org/2001/XMLSchema-instance" xsi:schemaLocation="http://www.loc.gov/standards/alto/ns-v3# http://www.loc.gov/alto/v3/alto-3-0.xsd">
	<Description>
		<MeasurementUnit>pixel</MeasurementUnit>
		<sourceImageInformation>
			<fileName>/tmp/tess_mf7w_70k_input.PNG</fileName>
		</sourceImageInformation>
		<OCRProcessing ID="OCR_0">
			<ocrProcessingStep>
				<processingSoftware>
					<softwareName>tesseract 5.3.4</softwareName>
				</processingSoftware>
			</ocrProcessingStep>
		</OCRProcessing>
	</Description>
	<Layout>
		<Page WIDTH="1086" HEIGHT="1750" PHYSICAL_IMG_NR="0" ID="page_0">
			<PrintSpace HPOS="0" VPOS="0" WIDTH="1086" HEIGHT="1750">
				<ComposedBlock ID="cblock_0" HPOS="340" VPOS="129" WIDTH="511" HEIGHT="23">
					<TextBlock ID="block_0" HPOS="340" VPOS="129" WIDTH="511" HEIGHT="23">
						<TextLine ID="line_0" HPOS="340" VPOS="129" WIDTH="511" HEIGHT="23">
							<String ID="string_0" HPOS="340" VPOS="130" WIDTH="93" HEIGHT="22" WC="0.91" CONTENT="Borgarest."/><SP WIDTH="12" VPOS="130" HPOS="433"/>
							<String ID="string_1" HPOS="445" VPOS="129" WIDTH="46" HEIGHT="19" WC="0.96" CONTENT="1888."/><SP WIDTH="25" VPOS="129" HPOS="491"/>
							<String ID="string_2" HPOS="516" VPOS="129" WIDTH="9" HEIGHT="18" WC="0.92" CONTENT="7"/><SP WIDTH="13" VPOS="129" HPOS="525"/>
							<String ID="string_3" HPOS="538" VPOS="129" WIDTH="49" HEIGHT="23" WC="0.90" CONTENT="April."/><SP WIDTH="232" VPOS="129" HPOS="587"/>
							<String ID="string_4" HPOS="819" VPOS="129" WIDTH="32" HEIGHT="19" WC="0.96" CONTENT="591"/>
						</TextLine>
					</TextBlock>
				</ComposedBlock>
				<ComposedBlock ID="cblock_1" HPOS="53" VPOS="198" WIDTH="832" HEIGHT="1370">
					<TextBlock ID="block_1" HPOS="54" VPOS="198" WIDTH="822" HEIGHT="113">
						<TextLine ID="line_1" HPOS="54" VPOS="198" WIDTH="822" HEIGHT="28">
							<String ID="string_5" HPOS="54" VPOS="200" WIDTH="39" HEIGHT="26" WC="0.92" CONTENT="ligt"/><SP WIDTH="22" VPOS="200" HPOS="93"/>
							<String ID="string_6" HPOS="115" VPOS="198" WIDTH="213" HEIGHT="27" WC="0.86" CONTENT="strafflagsförslaget."/><SP WIDTH="30" VPOS="198" HPOS="328"/>
							<String ID="string_7" HPOS="358" VPOS="199" WIDTH="41" HEIGHT="25" WC="0.96" CONTENT="Jag"/><SP WIDTH="21" VPOS="199" HPOS="399"/>
							<String ID="string_8" HPOS="420" VPOS="198" WIDTH="70" HEIGHT="22" WC="0.95" CONTENT="skulle"/><SP WIDTH="23" VPOS="198" HPOS="490"/>
							<String ID="string_9" HPOS="513" VPOS="198" WIDTH="82" HEIGHT="22" WC="0.96" CONTENT="således"/><SP WIDTH="22" VPOS="198" HPOS="595"/>
							<String ID="string_10" HPOS="617" VPOS="198" WIDTH="113" HEIGHT="28" WC="0.95" CONTENT="tillstyrka,"/><SP WIDTH="23" VPOS="198" HPOS="730"/>
							<String ID="string_11" HPOS="753" VPOS="200" WIDTH="32" HEIGHT="20" WC="0.96" CONTENT="att"/><SP WIDTH="23" VPOS="200" HPOS="785"/>
							<String ID="string_12" HPOS="808" VPOS="198" WIDTH="68" HEIGHT="22" WC="0.96" CONTENT="denna"/>
						</TextLine>
						<TextLine ID="line_2" HPOS="55" VPOS="226" WIDTH="821" HEIGHT="28">
							<String ID="string_13" HPOS="55" VPOS="227" WIDTH="100" HEIGHT="33" WC="0.96" CONTENT="paragraf"/><SP WIDTH="13" VPOS="227" HPOS="155"/>
							<String ID="string_14" HPOS="168" VPOS="227" WIDTH="65" HEIGHT="21" WC="0.96" CONTENT="måtte"/><SP WIDTH="15" VPOS="227" HPOS="233"/>
							<String ID="string_15" HPOS="248" VPOS="228" WIDTH="32" HEIGHT="20" WC="0.96" CONTENT="till"/><SP WIDTH="16" VPOS="228" HPOS="280"/>
							<String ID="string_16" HPOS="296" VPOS="227" WIDTH="104" HEIGHT="21" WC="0.96" CONTENT="utskottet"/><SP WIDTH="15" VPOS="227" HPOS="400"/>
							<String ID="string_17" HPOS="415" VPOS="226" WIDTH="167" HEIGHT="22" WC="0.90" CONTENT="återremitteras"/><SP WIDTH="11" VPOS="226" HPOS="582"/>
							<String ID="string_18" HPOS="593" VPOS="227" WIDTH="7" HEIGHT="21" WC="0.96" CONTENT="i"/><SP WIDTH="11" VPOS="227" HPOS="600"/>
							<String ID="string_19" HPOS="611" VPOS="227" WIDTH="61" HEIGHT="27" WC="0.95" CONTENT="syfte,"/><SP WIDTH="12" VPOS="227" HPOS="672"/>
							<String ID="string_20" HPOS="684" VPOS="229" WIDTH="33" HEIGHT="19" WC="0.96" CONTENT="att"/><SP WIDTH="11" VPOS="229" HPOS="717"/>
							<String ID="string_21" HPOS="728" VPOS="227" WIDTH="21" HEIGHT="21" WC="0.96" CONTENT="få"/><SP WIDTH="11" VPOS="227" HPOS="749"/>
							<String ID="string_22" HPOS="760" VPOS="229" WIDTH="32" HEIGHT="19" WC="0.96" CONTENT="ett"/><SP WIDTH="11" VPOS="229" HPOS="792"/>
							<String ID="string_23" HPOS="803" VPOS="227" WIDTH="73" HEIGHT="26" WC="0.96" CONTENT="tillägg"/>
						</TextLine>
						<TextLine ID="line_3" HPOS="55" VPOS="255" WIDTH="821" HEIGHT="27">
							<String ID="string_24" HPOS="55" VPOS="257" WIDTH="7" HEIGHT="19" WC="0.96" CONTENT="i"/><SP WIDTH="25" VPOS="257" HPOS="62"/>
							<String ID="string_25" HPOS="87" VPOS="256" WIDTH="94" HEIGHT="26" WC="0.96" CONTENT="enlighet"/><SP WIDTH="22" VPOS="256" HPOS="181"/>
							<String ID="string_26" HPOS="203" VPOS="256" WIDTH="47" HEIGHT="21" WC="0.88" CONTENT="med"/><SP WIDTH="23" VPOS="256" HPOS="250"/>
							<String ID="string_27" HPOS="273" VPOS="255" WIDTH="220" HEIGHT="27" WC="0.88" CONTENT="strafflagsförslagets"/><SP WIDTH="23" VPOS="255" HPOS="493"/>
							<String ID="string_28" HPOS="516" VPOS="256" WIDTH="165" HEIGHT="26" WC="0.96" CONTENT="bestämningar,"/><SP WIDTH="23" VPOS="256" HPOS="681"/>
							<String ID="string_29" HPOS="704" VPOS="256" WIDTH="109" HEIGHT="26" WC="0.93" CONTENT="angående"/><SP WIDTH="21" VPOS="256" HPOS="813"/>
							<String ID="string_30" HPOS="834" VPOS="255" WIDTH="42" HEIGHT="21" WC="0.88" CONTENT="för-"/>
						</TextLine>
						<TextLine ID="line_4" HPOS="55" VPOS="284" WIDTH="517" HEIGHT="27">
							<String ID="string_31" HPOS="55" VPOS="284" WIDTH="100" HEIGHT="27" WC="0.91" CONTENT="vandling"/><SP WIDTH="16" VPOS="284" HPOS="155"/>
							<String ID="string_32" HPOS="171" VPOS="284" WIDTH="22" HEIGHT="28" WC="0.96" CONTENT="af"/><SP WIDTH="12" VPOS="284" HPOS="193"/>
							<String ID="string_33" HPOS="205" VPOS="284" WIDTH="62" HEIGHT="21" WC="0.96" CONTENT="böter"/><SP WIDTH="15" VPOS="284" HPOS="267"/>
							<String ID="string_34" HPOS="282" VPOS="284" WIDTH="35" HEIGHT="21" WC="0.96" CONTENT="vid"/><SP WIDTH="14" VPOS="284" HPOS="317"/>
							<String ID="string_35" HPOS="331" VPOS="284" WIDTH="110" HEIGHT="21" WC="0.96" CONTENT="bristande"/><SP WIDTH="15" VPOS="284" HPOS="441"/>
							<String ID="string_36" HPOS="456" VPOS="284" WIDTH="116" HEIGHT="26" WC="0.93" CONTENT="betalning."/>
						</TextLine>
					</TextBlock>
					<TextBlock ID="block_2" HPOS="53" VPOS="312" WIDTH="826" HEIGHT="451">
						<TextLine ID="line_5" HPOS="123" VPOS="312" WIDTH="754" HEIGHT="27">
							<String ID="string_37" HPOS="123" VPOS="313" WIDTH="32" HEIGHT="21" WC="0.96" CONTENT="Hr"/><SP WIDTH="16" VPOS="313" HPOS="155"/>
							<String ID="string_38" HPOS="171" VPOS="308" WIDTH="104" HEIGHT="26" WC="0.96" CONTENT="Öhman:"/><SP WIDTH="16" VPOS="308" HPOS="275"/>
							<String ID="string_39" HPOS="291" VPOS="313" WIDTH="40" HEIGHT="26" WC="0.96" CONTENT="Jag"/><SP WIDTH="16" VPOS="313" HPOS="331"/>
							<String ID="string_40" HPOS="347" VPOS="313" WIDTH="38" HEIGHT="20" WC="0.96" CONTENT="har"/><SP WIDTH="15" VPOS="313" HPOS="385"/>
							<String ID="string_41" HPOS="400" VPOS="312" WIDTH="71" HEIGHT="22" WC="0.96" CONTENT="blifvit"/><SP WIDTH="14" VPOS="312" HPOS="471"/>
							<String ID="string_42" HPOS="485" VPOS="312" WIDTH="145" HEIGHT="22" WC="0.96" CONTENT="förekommen"/><SP WIDTH="15" VPOS="312" HPOS="630"/>
							<String ID="string_43" HPOS="645" VPOS="313" WIDTH="24" HEIGHT="21" WC="0.96" CONTENT="af"/><SP WIDTH="9" VPOS="313" HPOS="669"/>
							<String ID="string_44" HPOS="678" VPOS="313" WIDTH="26" HEIGHT="21" WC="0.96" CONTENT="hr"/><SP WIDTH="11" VPOS="313" HPOS="704"/>
							<String ID="string_45" HPOS="715" VPOS="313" WIDTH="99" HEIGHT="25" WC="0.96" CONTENT="Juselius,"/><SP WIDTH="13" VPOS="313" HPOS="814"/>
							<String ID="string_46" HPOS="827" VPOS="314" WIDTH="50" HEIGHT="19" WC="0.96" CONTENT="enär"/>
						</TextLine>
						<TextLine ID="line_6" HPOS="53" VPOS="326" WIDTH="824" HEIGHT="46">
							<String ID="string_47" HPOS="53" VPOS="342" WIDTH="38" HEIGHT="26" WC="0.93" CONTENT="jag"/><SP WIDTH="14" VPOS="342" HPOS="91"/>
							<String ID="string_48" HPOS="105" VPOS="342" WIDTH="79" HEIGHT="21" WC="0.93" CONTENT="ärnade"/><SP WIDTH="14" VPOS="342" HPOS="184"/>
							<String ID="string_49" HPOS="198" VPOS="343" WIDTH="52" HEIGHT="25" WC="0.96" CONTENT="göra"/><SP WIDTH="15" VPOS="343" HPOS="250"/>
							<String ID="string_50" HPOS="265" VPOS="341" WIDTH="109" HEIGHT="21" WC="0.96" CONTENT="enahanda"/><SP WIDTH="16" VPOS="341" HPOS="374"/>
							<String ID="string_51" HPOS="390" VPOS="341" WIDTH="147" HEIGHT="27" WC="0.96" CONTENT="anmärkning,"/><SP WIDTH="16" VPOS="341" HPOS="537"/>
							<String ID="string_52" HPOS="553" VPOS="341" WIDTH="134" HEIGHT="21" WC="0.96" CONTENT="beträffande"/><SP WIDTH="15" VPOS="341" HPOS="687"/>
							<String ID="string_53" HPOS="702" VPOS="342" WIDTH="41" HEIGHT="20" WC="0.96" CONTENT="den"/><SP WIDTH="15" VPOS="342" HPOS="743"/>
							<String ID="string_54" HPOS="758" VPOS="342" WIDTH="24" HEIGHT="20" WC="0.96" CONTENT="af"/><SP WIDTH="12" VPOS="342" HPOS="782"/>
							<String ID="string_55" HPOS="794" VPOS="326" WIDTH="83" HEIGHT="46" WC="0.91" CONTENT="utskot-"/>
						</TextLine>
						<TextLine ID="line_7" HPOS="56" VPOS="368" WIDTH="821" HEIGHT="28">
							<String ID="string_56" HPOS="56" VPOS="372" WIDTH="30" HEIGHT="19" WC="0.96" CONTENT="tet"/><SP WIDTH="19" VPOS="372" HPOS="86"/>
							<String ID="string_57" HPOS="105" VPOS="370" WIDTH="7" HEIGHT="21" WC="0.96" CONTENT="i"/><SP WIDTH="19" VPOS="370" HPOS="112"/>
							<String ID="string_58" HPOS="131" VPOS="370" WIDTH="152" HEIGHT="26" WC="0.96" CONTENT="motiveringen"/><SP WIDTH="15" VPOS="370" HPOS="283"/>
							<String ID="string_59" HPOS="298" VPOS="370" WIDTH="32" HEIGHT="21" WC="0.96" CONTENT="till"/><SP WIDTH="15" VPOS="370" HPOS="330"/>
							<String ID="string_60" HPOS="345" VPOS="370" WIDTH="146" HEIGHT="21" WC="0.96" CONTENT="betänkandet"/><SP WIDTH="15" VPOS="370" HPOS="491"/>
							<String ID="string_61" HPOS="506" VPOS="370" WIDTH="109" HEIGHT="26" WC="0.93" CONTENT="angående"/><SP WIDTH="15" VPOS="370" HPOS="615"/>
							<String ID="string_62" HPOS="630" VPOS="370" WIDTH="101" HEIGHT="21" WC="0.92" CONTENT="böternas"/><SP WIDTH="13" VPOS="370" HPOS="731"/>
							<String ID="string_63" HPOS="744" VPOS="368" WIDTH="133" HEIGHT="27" WC="0.91" CONTENT="förvåndling"/>
						</TextLine>
						<TextLine ID="line_8" HPOS="55" VPOS="398" WIDTH="821" HEIGHT="28">
							<String ID="string_64" HPOS="55" VPOS="399" WIDTH="97" HEIGHT="22" WC="0.93" CONTENT="uttalade"/><SP WIDTH="23" VPOS="399" HPOS="152"/>
							<String ID="string_65" HPOS="175" VPOS="399" WIDTH="59" HEIGHT="27" WC="0.92" CONTENT="åsigt,"/><SP WIDTH="24" VPOS="399" HPOS="234"/>
							<String ID="string_66" HPOS="258" VPOS="398" WIDTH="84" HEIGHT="21" WC="0.96" CONTENT="hvarför"/><SP WIDTH="17" VPOS="398" HPOS="342"/>
							<String ID="string_67" HPOS="359" VPOS="399" WIDTH="36" HEIGHT="26" WC="0.96" CONTENT="jag"/><SP WIDTH="15" VPOS="399" HPOS="395"/>
							<String ID="string_68" HPOS="410" VPOS="399" WIDTH="6" HEIGHT="20" WC="0.93" CONTENT="i"/><SP WIDTH="16" VPOS="399" HPOS="416"/>
							<String ID="string_69" HPOS="432" VPOS="398" WIDTH="122" HEIGHT="22" WC="0.92" CONTENT="hufvudsak"/><SP WIDTH="15" VPOS="398" HPOS="554"/>
							<String ID="string_70" HPOS="569" VPOS="398" WIDTH="84" HEIGHT="22" WC="0.96" CONTENT="förenar"/><SP WIDTH="16" VPOS="398" HPOS="653"/>
							<String ID="string_71" HPOS="669" VPOS="399" WIDTH="42" HEIGHT="26" WC="0.96" CONTENT="mig"/><SP WIDTH="15" VPOS="399" HPOS="711"/>
							<String ID="string_72" HPOS="726" VPOS="399" WIDTH="48" HEIGHT="21" WC="0.96" CONTENT="med"/><SP WIDTH="15" VPOS="399" HPOS="774"/>
							<String ID="string_73" HPOS="789" VPOS="399" WIDTH="87" HEIGHT="25" WC="0.96" CONTENT="honom;"/>
						</TextLine>
						<TextLine ID="line_9" HPOS="57" VPOS="427" WIDTH="819" HEIGHT="27">
							<String ID="string_74" HPOS="57" VPOS="434" WIDTH="47" HEIGHT="15" WC="0.95" CONTENT="men"/><SP WIDTH="23" VPOS="434" HPOS="104"/>
							<String ID="string_75" HPOS="127" VPOS="428" WIDTH="130" HEIGHT="21" WC="0.94" CONTENT="beträffande"/><SP WIDTH="19" VPOS="428" HPOS="257"/>
							<String ID="string_76" HPOS="276" VPOS="429" WIDTH="64" HEIGHT="19" WC="0.96" CONTENT="sättet"/><SP WIDTH="23" VPOS="429" HPOS="340"/>
							<String ID="string_77" HPOS="363" VPOS="428" WIDTH="32" HEIGHT="20" WC="0.96" CONTENT="att"/><SP WIDTH="14" VPOS="428" HPOS="395"/>
							<String ID="string_78" HPOS="409" VPOS="427" WIDTH="115" HEIGHT="27" WC="0.96" CONTENT="förtydliga"/><SP WIDTH="15" VPOS="427" HPOS="524"/>
							<String ID="string_79" HPOS="539" VPOS="427" WIDTH="134" HEIGHT="27" WC="0.96" CONTENT="paragrafen,"/><SP WIDTH="16" VPOS="427" HPOS="673"/>
							<String ID="string_80" HPOS="689" VPOS="427" WIDTH="28" HEIGHT="27" WC="0.96" CONTENT="på"/><SP WIDTH="14" VPOS="427" HPOS="717"/>
							<String ID="string_81" HPOS="731" VPOS="428" WIDTH="37" HEIGHT="20" WC="0.96" CONTENT="det"/><SP WIDTH="16" VPOS="428" HPOS="768"/>
							<String ID="string_82" HPOS="784" VPOS="429" WIDTH="32" HEIGHT="19" WC="0.96" CONTENT="att"/><SP WIDTH="14" VPOS="429" HPOS="816"/>
							<String ID="string_83" HPOS="830" VPOS="427" WIDTH="46" HEIGHT="21" WC="0.95" CONTENT="icke"/>
						</TextLine>
						<TextLine ID="line_10" HPOS="56" VPOS="455" WIDTH="821" HEIGHT="28">
							<String ID="string_84" HPOS="56" VPOS="456" WIDTH="70" HEIGHT="26" WC="0.96" CONTENT="någon"/><SP WIDTH="15" VPOS="456" HPOS="126"/>
							<String ID="string_85" HPOS="141" VPOS="456" WIDTH="23" HEIGHT="22" WC="0.96" CONTENT="af"/><SP WIDTH="13" VPOS="456" HPOS="164"/>
							<String ID="string_86" HPOS="177" VPOS="457" WIDTH="71" HEIGHT="25" WC="0.96" CONTENT="lagens"/><SP WIDTH="16" VPOS="457" HPOS="248"/>
							<String ID="string_87" HPOS="264" VPOS="455" WIDTH="98" HEIGHT="21" WC="0.93" CONTENT="framtida"/><SP WIDTH="12" VPOS="455" HPOS="362"/>
							<String ID="string_88" HPOS="374" VPOS="456" WIDTH="121" HEIGHT="26" WC="0.92" CONTENT="tillämpare"/><SP WIDTH="12" VPOS="456" HPOS="495"/>
							<String ID="string_89" HPOS="507" VPOS="456" WIDTH="33" HEIGHT="20" WC="0.96" CONTENT="må"/><SP WIDTH="10" VPOS="456" HPOS="540"/>
							<String ID="string_90" HPOS="550" VPOS="458" WIDTH="52" HEIGHT="24" WC="0.96" CONTENT="göra"/><SP WIDTH="12" VPOS="458" HPOS="602"/>
							<String ID="string_91" HPOS="614" VPOS="456" WIDTH="32" HEIGHT="26" WC="0.96" CONTENT="sig"/><SP WIDTH="11" VPOS="456" HPOS="646"/>
							<String ID="string_92" HPOS="657" VPOS="456" WIDTH="83" HEIGHT="27" WC="0.96" CONTENT="skyldig"/><SP WIDTH="12" VPOS="456" HPOS="740"/>
							<String ID="string_93" HPOS="752" VPOS="456" WIDTH="33" HEIGHT="21" WC="0.96" CONTENT="till"/><SP WIDTH="12" VPOS="456" HPOS="785"/>
							<String ID="string_94" HPOS="797" VPOS="462" WIDTH="80" HEIGHT="15" WC="0.96" CONTENT="samma"/>
						</TextLine>
						<TextLine ID="line_11" HPOS="57" VPOS="484" WIDTH="821" HEIGHT="28">
							<String ID="string_95" HPOS="57" VPOS="485" WIDTH="185" HEIGHT="27" WC="0.96" CONTENT="missuppfattning"/><SP WIDTH="16" VPOS="485" HPOS="242"/>
							<String ID="string_96" HPOS="258" VPOS="484" WIDTH="22" HEIGHT="21" WC="0.96" CONTENT="af"/><SP WIDTH="13" VPOS="484" HPOS="280"/>
							<String ID="string_97" HPOS="293" VPOS="484" WIDTH="127" HEIGHT="26" WC="0.95" CONTENT="densamma,"/><SP WIDTH="16" VPOS="484" HPOS="420"/>
							<String ID="string_98" HPOS="436" VPOS="490" WIDTH="46" HEIGHT="15" WC="0.96" CONTENT="som"/><SP WIDTH="15" VPOS="490" HPOS="482"/>
							<String ID="string_99" HPOS="497" VPOS="484" WIDTH="114" HEIGHT="26" WC="0.95" CONTENT="utskottet,"/><SP WIDTH="15" VPOS="484" HPOS="611"/>
							<String ID="string_100" HPOS="626" VPOS="484" WIDTH="50" HEIGHT="21" WC="0.96" CONTENT="ville"/><SP WIDTH="13" VPOS="484" HPOS="676"/>
							<String ID="string_101" HPOS="689" VPOS="485" WIDTH="37" HEIGHT="27" WC="0.96" CONTENT="jag"/><SP WIDTH="14" VPOS="485" HPOS="726"/>
							<String ID="string_102" HPOS="740" VPOS="484" WIDTH="86" HEIGHT="22" WC="0.96" CONTENT="förorda"/><SP WIDTH="16" VPOS="484" HPOS="826"/>
							<String ID="string_103" HPOS="842" VPOS="484" WIDTH="36" HEIGHT="21" WC="0.97" CONTENT="det"/>
						</TextLine>
						<TextLine ID="line_12" HPOS="57" VPOS="513" WIDTH="820" HEIGHT="27">
							<String ID="string_104" HPOS="57" VPOS="514" WIDTH="67" HEIGHT="20" WC="0.96" CONTENT="andra"/><SP WIDTH="23" VPOS="514" HPOS="124"/>
							<String ID="string_105" HPOS="147" VPOS="514" WIDTH="22" HEIGHT="20" WC="0.96" CONTENT="af"/><SP WIDTH="21" VPOS="514" HPOS="169"/>
							<String ID="string_106" HPOS="190" VPOS="513" WIDTH="25" HEIGHT="21" WC="0.96" CONTENT="hr"/><SP WIDTH="21" VPOS="513" HPOS="215"/>
							<String ID="string_107" HPOS="236" VPOS="513" WIDTH="93" HEIGHT="21" WC="0.93" CONTENT="Juselius"/><SP WIDTH="24" VPOS="513" HPOS="329"/>
							<String ID="string_108" HPOS="353" VPOS="513" WIDTH="94" HEIGHT="27" WC="0.88" CONTENT="antydda"/><SP WIDTH="19" VPOS="513" HPOS="447"/>
							<String ID="string_109" HPOS="466" VPOS="513" WIDTH="185" HEIGHT="27" WC="0.88" CONTENT="tillvägagåendet,"/><SP WIDTH="17" VPOS="513" HPOS="651"/>
							<String ID="string_110" HPOS="668" VPOS="513" WIDTH="27" HEIGHT="21" WC="0.96" CONTENT="då"/><SP WIDTH="15" VPOS="513" HPOS="695"/>
							<String ID="string_111" HPOS="710" VPOS="514" WIDTH="58" HEIGHT="20" WC="0.96" CONTENT="detta"/><SP WIDTH="16" VPOS="514" HPOS="768"/>
							<String ID="string_112" HPOS="784" VPOS="519" WIDTH="93" HEIGHT="20" WC="0.96" CONTENT="snarare,"/>
						</TextLine>
						<TextLine ID="line_13" HPOS="57" VPOS="541" WIDTH="821" HEIGHT="27">
							<String ID="string_113" HPOS="57" VPOS="542" WIDTH="39" HEIGHT="21" WC="0.96" CONTENT="och"/><SP WIDTH="23" VPOS="542" HPOS="96"/>
							<String ID="string_114" HPOS="119" VPOS="544" WIDTH="50" HEIGHT="19" WC="0.95" CONTENT="utan"/><SP WIDTH="24" VPOS="544" HPOS="169"/>
							<String ID="string_115" HPOS="193" VPOS="543" WIDTH="32" HEIGHT="19" WC="0.96" CONTENT="att"/><SP WIDTH="22" VPOS="543" HPOS="225"/>
							<String ID="string_116" HPOS="247" VPOS="542" WIDTH="104" HEIGHT="21" WC="0.93" CONTENT="utskottet"/><SP WIDTH="22" VPOS="542" HPOS="351"/>
							<String ID="string_117" HPOS="373" VPOS="541" WIDTH="104" HEIGHT="21" WC="0.91" CONTENT="behöfver"/><SP WIDTH="26" VPOS="541" HPOS="477"/>
							<String ID="string_118" HPOS="503" VPOS="542" WIDTH="101" HEIGHT="21" WC="0.91" CONTENT="anmodas"/><SP WIDTH="15" VPOS="542" HPOS="604"/>
							<String ID="string_119" HPOS="619" VPOS="544" WIDTH="32" HEIGHT="19" WC="0.96" CONTENT="att"/><SP WIDTH="15" VPOS="544" HPOS="651"/>
							<String ID="string_120" HPOS="666" VPOS="542" WIDTH="108" HEIGHT="21" WC="0.96" CONTENT="inkomma"/><SP WIDTH="14" VPOS="542" HPOS="774"/>
							<String ID="string_121" HPOS="788" VPOS="542" WIDTH="48" HEIGHT="21" WC="0.96" CONTENT="med"/><SP WIDTH="14" VPOS="542" HPOS="836"/>
							<String ID="string_122" HPOS="850" VPOS="548" WIDTH="28" HEIGHT="20" WC="0.96" CONTENT="ny"/>
						</TextLine>
						<TextLine ID="line_14" HPOS="57" VPOS="570" WIDTH="820" HEIGHT="27">
							<String ID="string_123" HPOS="57" VPOS="570" WIDTH="137" HEIGHT="27" WC="0.96" CONTENT="formulering"/><SP WIDTH="15" VPOS="570" HPOS="194"/>
							<String ID="string_124" HPOS="209" VPOS="570" WIDTH="23" HEIGHT="21" WC="0.96" CONTENT="af"/><SP WIDTH="13" VPOS="570" HPOS="232"/>
							<String ID="string_125" HPOS="245" VPOS="570" WIDTH="131" HEIGHT="27" WC="0.95" CONTENT="paragrafen,"/><SP WIDTH="17" VPOS="570" HPOS="376"/>
							<String ID="string_126" HPOS="393" VPOS="570" WIDTH="59" HEIGHT="21" WC="0.96" CONTENT="leder"/><SP WIDTH="16" VPOS="570" HPOS="452"/>
							<String ID="string_127" HPOS="468" VPOS="570" WIDTH="31" HEIGHT="21" WC="0.95" CONTENT="till"/><SP WIDTH="17" VPOS="570" HPOS="499"/>
							<String ID="string_128" HPOS="516" VPOS="576" WIDTH="79" HEIGHT="15" WC="0.96" CONTENT="samma"/><SP WIDTH="16" VPOS="576" HPOS="595"/>
							<String ID="string_129" HPOS="611" VPOS="570" WIDTH="48" HEIGHT="21" WC="0.94" CONTENT="mål."/><SP WIDTH="28" VPOS="570" HPOS="659"/>
							<String ID="string_130" HPOS="687" VPOS="571" WIDTH="41" HEIGHT="26" WC="0.95" CONTENT="Jag"/><SP WIDTH="14" VPOS="571" HPOS="728"/>
							<String ID="string_131" HPOS="742" VPOS="570" WIDTH="78" HEIGHT="22" WC="0.95" CONTENT="tillåter"/><SP WIDTH="16" VPOS="570" HPOS="820"/>
							<String ID="string_132" HPOS="836" VPOS="570" WIDTH="41" HEIGHT="26" WC="0.95" CONTENT="mig"/>
						</TextLine>
						<TextLine ID="line_15" HPOS="58" VPOS="599" WIDTH="820" HEIGHT="27">
							<String ID="string_133" HPOS="58" VPOS="599" WIDTH="69" HEIGHT="22" WC="0.96" CONTENT="derför"/><SP WIDTH="22" VPOS="599" HPOS="127"/>
							<String ID="string_134" HPOS="149" VPOS="599" WIDTH="84" HEIGHT="25" WC="0.96" CONTENT="föreslå,"/><SP WIDTH="24" VPOS="599" HPOS="233"/>
							<String ID="string_135" HPOS="257" VPOS="601" WIDTH="32" HEIGHT="19" WC="0.96" CONTENT="att"/><SP WIDTH="19" VPOS="601" HPOS="289"/>
							<String ID="string_136" HPOS="308" VPOS="600" WIDTH="6" HEIGHT="20" WC="0.93" CONTENT="i"/><SP WIDTH="20" VPOS="600" HPOS="314"/>
							<String ID="string_137" HPOS="334" VPOS="599" WIDTH="5" HEIGHT="27" WC="0.62" CONTENT="&amp;"/><SP WIDTH="20" VPOS="599" HPOS="339"/>
							<String ID="string_138" HPOS="359" VPOS="600" WIDTH="26" HEIGHT="20" WC="0.93" CONTENT="14"/><SP WIDTH="15" VPOS="600" HPOS="385"/>
							<String ID="string_139" HPOS="400" VPOS="599" WIDTH="80" HEIGHT="21" WC="0.93" CONTENT="införes"/><SP WIDTH="16" VPOS="599" HPOS="480"/>
							<String ID="string_140" HPOS="496" VPOS="599" WIDTH="40" HEIGHT="21" WC="0.96" CONTENT="den"/><SP WIDTH="15" VPOS="599" HPOS="536"/>
							<String ID="string_141" HPOS="551" VPOS="599" WIDTH="158" HEIGHT="27" WC="0.96" CONTENT="förändringen,"/><SP WIDTH="15" VPOS="599" HPOS="709"/>
							<String ID="string_142" HPOS="724" VPOS="601" WIDTH="38" HEIGHT="24" WC="0.96" CONTENT="att,"/><SP WIDTH="15" VPOS="601" HPOS="762"/>
							<String ID="string_143" HPOS="777" VPOS="599" WIDTH="45" HEIGHT="21" WC="0.93" CONTENT="ifall"/><SP WIDTH="15" VPOS="599" HPOS="822"/>
							<String ID="string_144" HPOS="837" VPOS="599" WIDTH="41" HEIGHT="21" WC="0.92" CONTENT="till-"/>
						</TextLine>
						<TextLine ID="line_16" HPOS="57" VPOS="627" WIDTH="822" HEIGHT="28">
							<String ID="string_145" HPOS="57" VPOS="628" WIDTH="79" HEIGHT="27" WC="0.96" CONTENT="gångar"/><SP WIDTH="19" VPOS="628" HPOS="136"/>
							<String ID="string_146" HPOS="155" VPOS="628" WIDTH="76" HEIGHT="21" WC="0.96" CONTENT="saknas"/><SP WIDTH="15" VPOS="628" HPOS="231"/>
							<String ID="string_147" HPOS="246" VPOS="628" WIDTH="32" HEIGHT="21" WC="0.93" CONTENT="till"/><SP WIDTH="15" VPOS="628" HPOS="278"/>
							<String ID="string_148" HPOS="293" VPOS="627" WIDTH="99" HEIGHT="22" WC="0.92" CONTENT="böternas"/><SP WIDTH="15" VPOS="627" HPOS="392"/>
							<String ID="string_149" HPOS="407" VPOS="627" WIDTH="53" HEIGHT="22" WC="0.93" CONTENT="fulla"/><SP WIDTH="14" VPOS="627" HPOS="460"/>
							<String ID="string_150" HPOS="474" VPOS="628" WIDTH="112" HEIGHT="26" WC="0.92" CONTENT="gäldande,"/><SP WIDTH="17" VPOS="628" HPOS="586"/>
							<String ID="string_151" HPOS="603" VPOS="628" WIDTH="135" HEIGHT="26" WC="0.86" CONTENT=",,förvandlas"/><SP WIDTH="16" VPOS="628" HPOS="738"/>
							<String ID="string_152" HPOS="754" VPOS="629" WIDTH="26" HEIGHT="20" WC="0.96" CONTENT="de"/><SP WIDTH="14" VPOS="629" HPOS="780"/>
							<String ID="string_153" HPOS="794" VPOS="628" WIDTH="28" HEIGHT="27" WC="0.96" CONTENT="pä"/><SP WIDTH="14" VPOS="628" HPOS="822"/>
							<String ID="string_154" HPOS="836" VPOS="629" WIDTH="43" HEIGHT="19" WC="0.96" CONTENT="sätt"/>
						</TextLine>
						<TextLine ID="line_17" HPOS="58" VPOS="656" WIDTH="820" HEIGHT="27">
							<String ID="string_155" HPOS="58" VPOS="663" WIDTH="33" HEIGHT="15" WC="0.91" CONTENT="om"/><SP WIDTH="23" VPOS="663" HPOS="91"/>
							<String ID="string_156" HPOS="114" VPOS="657" WIDTH="115" HEIGHT="21" WC="0.91" CONTENT="vitesböter"/><SP WIDTH="15" VPOS="657" HPOS="229"/>
							<String ID="string_157" HPOS="244" VPOS="659" WIDTH="24" HEIGHT="18" WC="0.97" CONTENT="är"/><SP WIDTH="15" VPOS="659" HPOS="268"/>
							<String ID="string_158" HPOS="283" VPOS="657" WIDTH="50" HEIGHT="21" WC="0.92" CONTENT="eller"/><SP WIDTH="15" VPOS="657" HPOS="333"/>
							<String ID="string_159" HPOS="348" VPOS="657" WIDTH="76" HEIGHT="20" WC="0.92" CONTENT="varder"/><SP WIDTH="16" VPOS="657" HPOS="424"/>
							<String ID="string_160" HPOS="440" VPOS="657" WIDTH="122" HEIGHT="26" WC="0.40" CONTENT="stadgadt&#39;*."/><SP WIDTH="30" VPOS="657" HPOS="562"/>
							<String ID="string_161" HPOS="592" VPOS="657" WIDTH="46" HEIGHT="20" WC="0.93" CONTENT="Mot"/><SP WIDTH="16" VPOS="657" HPOS="638"/>
							<String ID="string_162" HPOS="654" VPOS="657" WIDTH="121" HEIGHT="21" WC="0.96" CONTENT="återremiss"/><SP WIDTH="15" VPOS="657" HPOS="775"/>
							<String ID="string_163" HPOS="790" VPOS="657" WIDTH="38" HEIGHT="20" WC="0.96" CONTENT="har"/><SP WIDTH="13" VPOS="657" HPOS="828"/>
							<String ID="string_164" HPOS="841" VPOS="656" WIDTH="37" HEIGHT="27" WC="0.96" CONTENT="jag"/>
						</TextLine>
						<TextLine ID="line_18" HPOS="57" VPOS="685" WIDTH="821" HEIGHT="26">
							<String ID="string_165" HPOS="57" VPOS="685" WIDTH="123" HEIGHT="26" WC="0.91" CONTENT="visserligen"/><SP WIDTH="22" VPOS="685" HPOS="180"/>
							<String ID="string_166" HPOS="202" VPOS="685" WIDTH="108" HEIGHT="26" WC="0.91" CONTENT="ingenting"/><SP WIDTH="22" VPOS="685" HPOS="310"/>
							<String ID="string_167" HPOS="332" VPOS="685" WIDTH="114" HEIGHT="26" WC="0.96" CONTENT="väsentligt"/><SP WIDTH="16" VPOS="685" HPOS="446"/>
							<String ID="string_168" HPOS="462" VPOS="687" WIDTH="32" HEIGHT="19" WC="0.93" CONTENT="att"/><SP WIDTH="15" VPOS="687" HPOS="494"/>
							<String ID="string_169" HPOS="509" VPOS="685" WIDTH="108" HEIGHT="26" WC="0.91" CONTENT="anmärka,"/><SP WIDTH="15" VPOS="685" HPOS="617"/>
							<String ID="string_170" HPOS="632" VPOS="691" WIDTH="48" HEIGHT="15" WC="0.96" CONTENT="men"/><SP WIDTH="15" VPOS="691" HPOS="680"/>
							<String ID="string_171" HPOS="695" VPOS="691" WIDTH="61" HEIGHT="15" WC="0.96" CONTENT="anser"/><SP WIDTH="16" VPOS="691" HPOS="756"/>
							<String ID="string_172" HPOS="772" VPOS="685" WIDTH="40" HEIGHT="21" WC="0.93" CONTENT="den"/><SP WIDTH="16" VPOS="685" HPOS="812"/>
							<String ID="string_173" HPOS="828" VPOS="686" WIDTH="50" HEIGHT="19" WC="0.92" CONTENT="onö-"/>
						</TextLine>
						<TextLine ID="line_19" HPOS="59" VPOS="713" WIDTH="819" HEIGHT="27">
							<String ID="string_174" HPOS="59" VPOS="714" WIDTH="40" HEIGHT="26" WC="0.96" CONTENT="dig,"/><SP WIDTH="20" VPOS="714" HPOS="99"/>
							<String ID="string_175" HPOS="119" VPOS="713" WIDTH="27" HEIGHT="21" WC="0.96" CONTENT="dä"/><SP WIDTH="17" VPOS="713" HPOS="146"/>
							<String ID="string_176" HPOS="163" VPOS="720" WIDTH="49" HEIGHT="14" WC="0.96" CONTENT="man"/><SP WIDTH="15" VPOS="720" HPOS="212"/>
							<String ID="string_177" HPOS="227" VPOS="720" WIDTH="76" HEIGHT="20" WC="0.96" CONTENT="genom"/><SP WIDTH="17" VPOS="720" HPOS="303"/>
							<String ID="string_178" HPOS="320" VPOS="714" WIDTH="39" HEIGHT="21" WC="0.96" CONTENT="den"/><SP WIDTH="15" VPOS="714" HPOS="359"/>
							<String ID="string_179" HPOS="374" VPOS="713" WIDTH="23" HEIGHT="21" WC="0.96" CONTENT="af"/><SP WIDTH="13" VPOS="713" HPOS="397"/>
							<String ID="string_180" HPOS="410" VPOS="714" WIDTH="44" HEIGHT="25" WC="0.96" CONTENT="mig"/><SP WIDTH="16" VPOS="714" HPOS="454"/>
							<String ID="string_181" HPOS="470" VPOS="713" WIDTH="120" HEIGHT="27" WC="0.93" CONTENT="föreslagna"/><SP WIDTH="15" VPOS="713" HPOS="590"/>
							<String ID="string_182" HPOS="605" VPOS="713" WIDTH="103" HEIGHT="27" WC="0.96" CONTENT="åtgärden"/><SP WIDTH="15" VPOS="713" HPOS="708"/>
							<String ID="string_183" HPOS="723" VPOS="714" WIDTH="6" HEIGHT="21" WC="0.96" CONTENT="i"/><SP WIDTH="15" VPOS="714" HPOS="729"/>
							<String ID="string_184" HPOS="744" VPOS="714" WIDTH="37" HEIGHT="21" WC="0.93" CONTENT="det"/><SP WIDTH="14" VPOS="714" HPOS="781"/>
							<String ID="string_185" HPOS="795" VPOS="715" WIDTH="83" HEIGHT="19" WC="0.92" CONTENT="närma-"/>
						</TextLine>
						<TextLine ID="line_20" HPOS="59" VPOS="742" WIDTH="394" HEIGHT="21">
							<String ID="string_186" HPOS="59" VPOS="744" WIDTH="31" HEIGHT="19" WC="0.93" CONTENT="ste"/><SP WIDTH="15" VPOS="744" HPOS="90"/>
							<String ID="string_187" HPOS="105" VPOS="742" WIDTH="95" HEIGHT="21" WC="0.96" CONTENT="kommer"/><SP WIDTH="15" VPOS="742" HPOS="200"/>
							<String ID="string_188" HPOS="215" VPOS="742" WIDTH="31" HEIGHT="21" WC="0.96" CONTENT="till"/><SP WIDTH="16" VPOS="742" HPOS="246"/>
							<String ID="string_189" HPOS="262" VPOS="749" WIDTH="79" HEIGHT="14" WC="0.96" CONTENT="samma"/><SP WIDTH="15" VPOS="749" HPOS="341"/>
							<String ID="string_190" HPOS="356" VPOS="742" WIDTH="97" HEIGHT="21" WC="0.96" CONTENT="resultat."/>
						</TextLine>
					</TextBlock>
					<TextBlock ID="block_3" HPOS="58" VPOS="770" WIDTH="822" HEIGHT="228">
						<TextLine ID="line_21" HPOS="126" VPOS="770" WIDTH="752" HEIGHT="28">
							<String ID="string_191" HPOS="126" VPOS="771" WIDTH="31" HEIGHT="20" WC="0.96" CONTENT="Hr"/><SP WIDTH="21" VPOS="771" HPOS="157"/>
							<String ID="string_192" HPOS="178" VPOS="777" WIDTH="47" HEIGHT="14" WC="0.96" CONTENT="von"/><SP WIDTH="22" VPOS="777" HPOS="225"/>
							<String ID="string_193" HPOS="247" VPOS="771" WIDTH="96" HEIGHT="20" WC="0.96" CONTENT="Pfaler:"/><SP WIDTH="23" VPOS="771" HPOS="343"/>
							<String ID="string_194" HPOS="366" VPOS="771" WIDTH="41" HEIGHT="21" WC="0.96" CONTENT="Vid"/><SP WIDTH="23" VPOS="771" HPOS="407"/>
							<String ID="string_195" HPOS="430" VPOS="771" WIDTH="157" HEIGHT="26" WC="0.95" CONTENT="behandlingen"/><SP WIDTH="19" VPOS="771" HPOS="587"/>
							<String ID="string_196" HPOS="606" VPOS="771" WIDTH="22" HEIGHT="21" WC="0.96" CONTENT="af"/><SP WIDTH="14" VPOS="771" HPOS="628"/>
							<String ID="string_197" HPOS="642" VPOS="771" WIDTH="70" HEIGHT="21" WC="0.93" CONTENT="denna"/><SP WIDTH="14" VPOS="771" HPOS="712"/>
							<String ID="string_198" HPOS="726" VPOS="770" WIDTH="101" HEIGHT="28" WC="0.92" CONTENT="paragraf"/><SP WIDTH="13" VPOS="770" HPOS="827"/>
							<String ID="string_199" HPOS="840" VPOS="771" WIDTH="38" HEIGHT="20" WC="0.96" CONTENT="har"/>
						</TextLine>
						<TextLine ID="line_22" HPOS="58" VPOS="799" WIDTH="820" HEIGHT="27">
							<String ID="string_200" HPOS="58" VPOS="799" WIDTH="105" HEIGHT="21" WC="0.90" CONTENT="utskottet"/><SP WIDTH="21" VPOS="799" HPOS="163"/>
							<String ID="string_201" HPOS="184" VPOS="799" WIDTH="70" HEIGHT="26" WC="0.92" CONTENT="utgätt"/><SP WIDTH="22" VPOS="799" HPOS="254"/>
							<String ID="string_202" HPOS="276" VPOS="799" WIDTH="46" HEIGHT="21" WC="0.93" CONTENT="frän"/><SP WIDTH="23" VPOS="799" HPOS="322"/>
							<String ID="string_203" HPOS="345" VPOS="799" WIDTH="39" HEIGHT="21" WC="0.93" CONTENT="den"/><SP WIDTH="23" VPOS="799" HPOS="384"/>
							<String ID="string_204" HPOS="407" VPOS="799" WIDTH="164" HEIGHT="27" WC="0.92" CONTENT="öfvertygelsen,"/><SP WIDTH="16" VPOS="799" HPOS="571"/>
							<String ID="string_205" HPOS="587" VPOS="801" WIDTH="32" HEIGHT="19" WC="0.97" CONTENT="att"/><SP WIDTH="15" VPOS="801" HPOS="619"/>
							<String ID="string_206" HPOS="634" VPOS="799" WIDTH="121" HEIGHT="27" WC="0.93" CONTENT="strafflagen"/><SP WIDTH="15" VPOS="799" HPOS="755"/>
							<String ID="string_207" HPOS="770" VPOS="799" WIDTH="108" HEIGHT="26" WC="0.92" CONTENT="verkligen"/>
						</TextLine>
						<TextLine ID="line_23" HPOS="58" VPOS="827" WIDTH="820" HEIGHT="27">
							<String ID="string_208" HPOS="58" VPOS="828" WIDTH="67" HEIGHT="21" WC="0.95" CONTENT="skulle"/><SP WIDTH="23" VPOS="828" HPOS="125"/>
							<String ID="string_209" HPOS="148" VPOS="828" WIDTH="84" HEIGHT="21" WC="0.95" CONTENT="komma"/><SP WIDTH="22" VPOS="828" HPOS="232"/>
							<String ID="string_210" HPOS="254" VPOS="828" WIDTH="32" HEIGHT="21" WC="0.93" CONTENT="till"/><SP WIDTH="23" VPOS="828" HPOS="286"/>
							<String ID="string_211" HPOS="309" VPOS="828" WIDTH="67" HEIGHT="26" WC="0.92" CONTENT="ständ,"/><SP WIDTH="24" VPOS="828" HPOS="376"/>
							<String ID="string_212" HPOS="400" VPOS="828" WIDTH="40" HEIGHT="21" WC="0.93" CONTENT="och"/><SP WIDTH="23" VPOS="828" HPOS="440"/>
							<String ID="string_213" HPOS="463" VPOS="828" WIDTH="89" HEIGHT="21" WC="0.92" CONTENT="sälunda"/><SP WIDTH="23" VPOS="828" HPOS="552"/>
							<String ID="string_214" HPOS="575" VPOS="828" WIDTH="62" HEIGHT="21" WC="0.93" CONTENT="dessa"/><SP WIDTH="18" VPOS="828" HPOS="637"/>
							<String ID="string_215" HPOS="655" VPOS="829" WIDTH="159" HEIGHT="25" WC="0.92" CONTENT="bestämningar"/><SP WIDTH="18" VPOS="829" HPOS="814"/>
							<String ID="string_216" HPOS="832" VPOS="827" WIDTH="46" HEIGHT="21" WC="0.92" CONTENT="icke"/>
						</TextLine>
						<TextLine ID="line_24" HPOS="58" VPOS="856" WIDTH="821" HEIGHT="27">
							<String ID="string_217" HPOS="58" VPOS="856" WIDTH="85" HEIGHT="21" WC="0.96" CONTENT="komma"/><SP WIDTH="18" VPOS="856" HPOS="143"/>
							<String ID="string_218" HPOS="161" VPOS="857" WIDTH="6" HEIGHT="20" WC="0.93" CONTENT="i"/><SP WIDTH="15" VPOS="857" HPOS="167"/>
							<String ID="string_219" HPOS="182" VPOS="856" WIDTH="66" HEIGHT="27" WC="0.91" CONTENT="fräga,"/><SP WIDTH="17" VPOS="856" HPOS="248"/>
							<String ID="string_220" HPOS="265" VPOS="857" WIDTH="127" HEIGHT="20" WC="0.89" CONTENT="ätminstone"/><SP WIDTH="16" VPOS="857" HPOS="392"/>
							<String ID="string_221" HPOS="408" VPOS="857" WIDTH="18" HEIGHT="26" WC="0.92" CONTENT="ej"/><SP WIDTH="16" VPOS="857" HPOS="426"/>
							<String ID="string_222" HPOS="442" VPOS="857" WIDTH="35" HEIGHT="20" WC="0.93" CONTENT="för"/><SP WIDTH="15" VPOS="857" HPOS="477"/>
							<String ID="string_223" HPOS="492" VPOS="857" WIDTH="68" HEIGHT="32" WC="0.93" CONTENT="nägon"/><SP WIDTH="16" VPOS="857" HPOS="560"/>
							<String ID="string_224" HPOS="576" VPOS="857" WIDTH="73" HEIGHT="26" WC="0.96" CONTENT="längre"/><SP WIDTH="15" VPOS="857" HPOS="649"/>
							<String ID="string_225" HPOS="664" VPOS="857" WIDTH="38" HEIGHT="21" WC="0.92" CONTENT="tid."/><SP WIDTH="30" VPOS="857" HPOS="702"/>
							<String ID="string_226" HPOS="732" VPOS="857" WIDTH="33" HEIGHT="20" WC="0.92" CONTENT="Dä"/><SP WIDTH="15" VPOS="857" HPOS="765"/>
							<String ID="string_227" HPOS="780" VPOS="857" WIDTH="26" HEIGHT="20" WC="0.93" CONTENT="de"/><SP WIDTH="16" VPOS="857" HPOS="806"/>
							<String ID="string_228" HPOS="822" VPOS="856" WIDTH="57" HEIGHT="21" WC="0.92" CONTENT="stad-"/>
						</TextLine>
						<TextLine ID="line_25" HPOS="58" VPOS="885" WIDTH="820" HEIGHT="27">
							<String ID="string_229" HPOS="58" VPOS="885" WIDTH="90" HEIGHT="26" WC="0.92" CONTENT="ganden,"/><SP WIDTH="23" VPOS="885" HPOS="148"/>
							<String ID="string_230" HPOS="171" VPOS="891" WIDTH="45" HEIGHT="14" WC="0.96" CONTENT="som"/><SP WIDTH="22" VPOS="891" HPOS="216"/>
							<String ID="string_231" HPOS="238" VPOS="885" WIDTH="38" HEIGHT="20" WC="0.93" CONTENT="här"/><SP WIDTH="23" VPOS="885" HPOS="276"/>
							<String ID="string_232" HPOS="299" VPOS="887" WIDTH="35" HEIGHT="19" WC="0.90" CONTENT="äro"/><SP WIDTH="23" VPOS="887" HPOS="334"/>
							<String ID="string_233" HPOS="357" VPOS="885" WIDTH="6" HEIGHT="20" WC="0.93" CONTENT="i"/><SP WIDTH="23" VPOS="885" HPOS="363"/>
							<String ID="string_234" HPOS="386" VPOS="885" WIDTH="68" HEIGHT="26" WC="0.92" CONTENT="fräga,"/><SP WIDTH="23" VPOS="885" HPOS="454"/>
							<String ID="string_235" HPOS="477" VPOS="887" WIDTH="49" HEIGHT="19" WC="0.90" CONTENT="röra"/><SP WIDTH="15" VPOS="887" HPOS="526"/>
							<String ID="string_236" HPOS="541" VPOS="885" WIDTH="32" HEIGHT="26" WC="0.96" CONTENT="sig"/><SP WIDTH="16" VPOS="885" HPOS="573"/>
							<String ID="string_237" HPOS="589" VPOS="885" WIDTH="26" HEIGHT="27" WC="0.96" CONTENT="pä"/><SP WIDTH="16" VPOS="885" HPOS="615"/>
							<String ID="string_238" HPOS="631" VPOS="892" WIDTH="80" HEIGHT="15" WC="0.93" CONTENT="samma"/><SP WIDTH="14" VPOS="892" HPOS="711"/>
							<String ID="string_239" HPOS="725" VPOS="885" WIDTH="92" HEIGHT="25" WC="0.92" CONTENT="omräde,"/><SP WIDTH="17" VPOS="885" HPOS="817"/>
							<String ID="string_240" HPOS="834" VPOS="891" WIDTH="44" HEIGHT="14" WC="0.96" CONTENT="som"/>
						</TextLine>
						<TextLine ID="line_26" HPOS="58" VPOS="913" WIDTH="822" HEIGHT="27">
							<String ID="string_241" HPOS="58" VPOS="913" WIDTH="172" HEIGHT="26" WC="0.91" CONTENT="handelsbalken,"/><SP WIDTH="24" VPOS="913" HPOS="230"/>
							<String ID="string_242" HPOS="254" VPOS="913" WIDTH="38" HEIGHT="21" WC="0.96" CONTENT="har"/><SP WIDTH="23" VPOS="913" HPOS="292"/>
							<String ID="string_243" HPOS="315" VPOS="920" WIDTH="25" HEIGHT="15" WC="0.92" CONTENT="en"/><SP WIDTH="21" VPOS="920" HPOS="340"/>
							<String ID="string_244" HPOS="361" VPOS="913" WIDTH="137" HEIGHT="27" WC="0.92" CONTENT="förvandling"/><SP WIDTH="21" VPOS="913" HPOS="498"/>
							<String ID="string_245" HPOS="519" VPOS="914" WIDTH="32" HEIGHT="21" WC="0.93" CONTENT="till"/><SP WIDTH="23" VPOS="914" HPOS="551"/>
							<String ID="string_246" HPOS="574" VPOS="916" WIDTH="73" HEIGHT="19" WC="0.92" CONTENT="vatten"/><SP WIDTH="16" VPOS="916" HPOS="647"/>
							<String ID="string_247" HPOS="663" VPOS="915" WIDTH="38" HEIGHT="20" WC="0.96" CONTENT="och"/><SP WIDTH="16" VPOS="915" HPOS="701"/>
							<String ID="string_248" HPOS="717" VPOS="914" WIDTH="52" HEIGHT="21" WC="0.96" CONTENT="bröd"/><SP WIDTH="15" VPOS="914" HPOS="769"/>
							<String ID="string_249" HPOS="784" VPOS="913" WIDTH="33" HEIGHT="22" WC="0.93" CONTENT="för"/><SP WIDTH="15" VPOS="913" HPOS="817"/>
							<String ID="string_250" HPOS="832" VPOS="915" WIDTH="48" HEIGHT="18" WC="0.93" CONTENT="när-"/>
						</TextLine>
						<TextLine ID="line_27" HPOS="59" VPOS="942" WIDTH="820" HEIGHT="27">
							<String ID="string_251" HPOS="59" VPOS="942" WIDTH="92" HEIGHT="21" WC="0.92" CONTENT="varande"/><SP WIDTH="23" VPOS="942" HPOS="151"/>
							<String ID="string_252" HPOS="174" VPOS="930" WIDTH="80" HEIGHT="33" WC="0.92" CONTENT="ansetts"/><SP WIDTH="22" VPOS="930" HPOS="254"/>
							<String ID="string_253" HPOS="276" VPOS="942" WIDTH="71" HEIGHT="21" WC="0.96" CONTENT="kunna"/><SP WIDTH="15" VPOS="942" HPOS="347"/>
							<String ID="string_254" HPOS="362" VPOS="942" WIDTH="87" HEIGHT="21" WC="0.95" CONTENT="komma"/><SP WIDTH="15" VPOS="942" HPOS="449"/>
							<String ID="string_255" HPOS="464" VPOS="943" WIDTH="7" HEIGHT="20" WC="0.95" CONTENT="i"/><SP WIDTH="15" VPOS="943" HPOS="471"/>
							<String ID="string_256" HPOS="486" VPOS="942" WIDTH="65" HEIGHT="27" WC="0.94" CONTENT="fråga."/><SP WIDTH="30" VPOS="942" HPOS="551"/>
							<String ID="string_257" HPOS="581" VPOS="943" WIDTH="44" HEIGHT="20" WC="0.96" CONTENT="För"/><SP WIDTH="14" VPOS="943" HPOS="625"/>
							<String ID="string_258" HPOS="639" VPOS="943" WIDTH="44" HEIGHT="20" WC="0.96" CONTENT="min"/><SP WIDTH="15" VPOS="943" HPOS="683"/>
							<String ID="string_259" HPOS="698" VPOS="943" WIDTH="32" HEIGHT="21" WC="0.93" CONTENT="del"/><SP WIDTH="16" VPOS="943" HPOS="730"/>
							<String ID="string_260" HPOS="746" VPOS="943" WIDTH="39" HEIGHT="20" WC="0.96" CONTENT="har"/><SP WIDTH="12" VPOS="943" HPOS="785"/>
							<String ID="string_261" HPOS="797" VPOS="942" WIDTH="37" HEIGHT="27" WC="0.93" CONTENT="jag"/><SP WIDTH="14" VPOS="942" HPOS="834"/>
							<String ID="string_262" HPOS="848" VPOS="942" WIDTH="31" HEIGHT="20" WC="0.92" CONTENT="in-"/>
						</TextLine>
						<TextLine ID="line_28" HPOS="59" VPOS="971" WIDTH="598" HEIGHT="27">
							<String ID="string_263" HPOS="59" VPOS="971" WIDTH="87" HEIGHT="26" WC="0.93" CONTENT="genting"/><SP WIDTH="15" VPOS="971" HPOS="146"/>
							<String ID="string_264" HPOS="161" VPOS="972" WIDTH="57" HEIGHT="19" WC="0.96" CONTENT="emot"/><SP WIDTH="14" VPOS="972" HPOS="218"/>
							<String ID="string_265" HPOS="232" VPOS="971" WIDTH="36" HEIGHT="20" WC="0.96" CONTENT="det"/><SP WIDTH="15" VPOS="971" HPOS="268"/>
							<String ID="string_266" HPOS="283" VPOS="971" WIDTH="85" HEIGHT="26" WC="0.96" CONTENT="förslag,"/><SP WIDTH="16" VPOS="971" HPOS="368"/>
							<String ID="string_267" HPOS="384" VPOS="977" WIDTH="45" HEIGHT="14" WC="0.96" CONTENT="som"/><SP WIDTH="16" VPOS="977" HPOS="429"/>
							<String ID="string_268" HPOS="445" VPOS="971" WIDTH="26" HEIGHT="20" WC="0.96" CONTENT="hr"/><SP WIDTH="15" VPOS="971" HPOS="471"/>
							<String ID="string_269" HPOS="486" VPOS="971" WIDTH="93" HEIGHT="21" WC="0.96" CONTENT="Juselius"/><SP WIDTH="15" VPOS="971" HPOS="579"/>
							<String ID="string_270" HPOS="594" VPOS="971" WIDTH="63" HEIGHT="27" WC="0.96" CONTENT="gjort."/>
						</TextLine>
					</TextBlock>
					<TextBlock ID="block_4" HPOS="59" VPOS="999" WIDTH="821" HEIGHT="112">
						<TextLine ID="line_29" HPOS="128" VPOS="999" WIDTH="752" HEIGHT="27">
							<String ID="string_271" HPOS="128" VPOS="999" WIDTH="29" HEIGHT="20" WC="0.95" CONTENT="Hr"/><SP WIDTH="15" VPOS="999" HPOS="157"/>
							<String ID="string_272" HPOS="172" VPOS="999" WIDTH="127" HEIGHT="21" WC="0.95" CONTENT="Juselius:"/><SP WIDTH="16" VPOS="999" HPOS="299"/>
							<String ID="string_273" HPOS="315" VPOS="999" WIDTH="40" HEIGHT="27" WC="0.93" CONTENT="Jag"/><SP WIDTH="11" VPOS="999" HPOS="355"/>
							<String ID="string_274" HPOS="366" VPOS="1000" WIDTH="66" HEIGHT="20" WC="0.93" CONTENT="fäster"/><SP WIDTH="10" VPOS="1000" HPOS="432"/>
							<String ID="string_275" HPOS="442" VPOS="999" WIDTH="48" HEIGHT="22" WC="0.93" CONTENT="icke"/><SP WIDTH="11" VPOS="999" HPOS="490"/>
							<String ID="string_276" HPOS="501" VPOS="999" WIDTH="23" HEIGHT="21" WC="0.96" CONTENT="sä"/><SP WIDTH="11" VPOS="999" HPOS="524"/>
							<String ID="string_277" HPOS="535" VPOS="1001" WIDTH="44" HEIGHT="20" WC="0.93" CONTENT="stor"/><SP WIDTH="10" VPOS="1001" HPOS="579"/>
							<String ID="string_278" HPOS="589" VPOS="1000" WIDTH="45" HEIGHT="26" WC="0.93" CONTENT="vigt"/><SP WIDTH="10" VPOS="1000" HPOS="634"/>
							<String ID="string_279" HPOS="644" VPOS="1000" WIDTH="35" HEIGHT="21" WC="0.96" CONTENT="vid"/><SP WIDTH="12" VPOS="1000" HPOS="679"/>
							<String ID="string_280" HPOS="691" VPOS="1000" WIDTH="35" HEIGHT="21" WC="0.96" CONTENT="det"/><SP WIDTH="10" VPOS="1000" HPOS="726"/>
							<String ID="string_281" HPOS="736" VPOS="1000" WIDTH="22" HEIGHT="21" WC="0.96" CONTENT="af"/><SP WIDTH="13" VPOS="1000" HPOS="758"/>
							<String ID="string_282" HPOS="771" VPOS="1000" WIDTH="42" HEIGHT="25" WC="0.93" CONTENT="mig"/><SP WIDTH="12" VPOS="1000" HPOS="813"/>
							<String ID="string_283" HPOS="825" VPOS="999" WIDTH="55" HEIGHT="20" WC="0.93" CONTENT="före-"/>
						</TextLine>
						<TextLine ID="line_30" HPOS="59" VPOS="1027" WIDTH="821" HEIGHT="28">
							<String ID="string_284" HPOS="59" VPOS="1028" WIDTH="81" HEIGHT="26" WC="0.92" CONTENT="dragna"/><SP WIDTH="16" VPOS="1028" HPOS="140"/>
							<String ID="string_285" HPOS="156" VPOS="1028" WIDTH="141" HEIGHT="25" WC="0.92" CONTENT="alternativet,"/><SP WIDTH="16" VPOS="1028" HPOS="297"/>
							<String ID="string_286" HPOS="313" VPOS="1030" WIDTH="32" HEIGHT="19" WC="0.96" CONTENT="att"/><SP WIDTH="12" VPOS="1030" HPOS="345"/>
							<String ID="string_287" HPOS="357" VPOS="1029" WIDTH="36" HEIGHT="26" WC="0.97" CONTENT="jag"/><SP WIDTH="15" VPOS="1029" HPOS="393"/>
							<String ID="string_288" HPOS="408" VPOS="1028" WIDTH="72" HEIGHT="21" WC="0.96" CONTENT="skulle"/><SP WIDTH="15" VPOS="1028" HPOS="480"/>
							<String ID="string_289" HPOS="495" VPOS="1028" WIDTH="50" HEIGHT="27" WC="0.93" CONTENT="vilja"/><SP WIDTH="15" VPOS="1028" HPOS="545"/>
							<String ID="string_290" HPOS="560" VPOS="1028" WIDTH="56" HEIGHT="21" WC="0.93" CONTENT="hälla"/><SP WIDTH="13" VPOS="1028" HPOS="616"/>
							<String ID="string_291" HPOS="629" VPOS="1029" WIDTH="26" HEIGHT="26" WC="0.97" CONTENT="pä"/><SP WIDTH="12" VPOS="1029" HPOS="655"/>
							<String ID="string_292" HPOS="667" VPOS="1029" WIDTH="42" HEIGHT="25" WC="0.96" CONTENT="det,"/><SP WIDTH="13" VPOS="1029" HPOS="709"/>
							<String ID="string_293" HPOS="722" VPOS="1028" WIDTH="26" HEIGHT="21" WC="0.96" CONTENT="dä"/><SP WIDTH="12" VPOS="1028" HPOS="748"/>
							<String ID="string_294" HPOS="760" VPOS="1029" WIDTH="26" HEIGHT="20" WC="0.93" CONTENT="hr"/><SP WIDTH="12" VPOS="1029" HPOS="786"/>
							<String ID="string_295" HPOS="798" VPOS="1027" WIDTH="82" HEIGHT="22" WC="0.92" CONTENT="Ohman"/>
						</TextLine>
						<TextLine ID="line_31" HPOS="59" VPOS="1056" WIDTH="821" HEIGHT="28">
							<String ID="string_296" HPOS="59" VPOS="1056" WIDTH="106" HEIGHT="21" WC="0.96" CONTENT="bestämdt"/><SP WIDTH="21" VPOS="1056" HPOS="165"/>
							<String ID="string_297" HPOS="186" VPOS="1056" WIDTH="63" HEIGHT="27" WC="0.96" CONTENT="yrkar"/><SP WIDTH="22" VPOS="1056" HPOS="249"/>
							<String ID="string_298" HPOS="271" VPOS="1056" WIDTH="28" HEIGHT="27" WC="0.96" CONTENT="pä"/><SP WIDTH="23" VPOS="1056" HPOS="299"/>
							<String ID="string_299" HPOS="322" VPOS="1057" WIDTH="34" HEIGHT="20" WC="0.96" CONTENT="det"/><SP WIDTH="23" VPOS="1057" HPOS="356"/>
							<String ID="string_300" HPOS="379" VPOS="1057" WIDTH="75" HEIGHT="26" WC="0.96" CONTENT="andra,"/><SP WIDTH="25" VPOS="1057" HPOS="454"/>
							<String ID="string_301" HPOS="479" VPOS="1058" WIDTH="51" HEIGHT="19" WC="0.93" CONTENT="utan"/><SP WIDTH="15" VPOS="1058" HPOS="530"/>
							<String ID="string_302" HPOS="545" VPOS="1057" WIDTH="84" HEIGHT="27" WC="0.96" CONTENT="förenar"/><SP WIDTH="13" VPOS="1057" HPOS="629"/>
							<String ID="string_303" HPOS="642" VPOS="1057" WIDTH="37" HEIGHT="27" WC="0.96" CONTENT="jag"/><SP WIDTH="14" VPOS="1057" HPOS="679"/>
							<String ID="string_304" HPOS="693" VPOS="1057" WIDTH="49" HEIGHT="26" WC="0.96" CONTENT="mig,"/><SP WIDTH="15" VPOS="1057" HPOS="742"/>
							<String ID="string_305" HPOS="757" VPOS="1057" WIDTH="33" HEIGHT="21" WC="0.93" CONTENT="till"/><SP WIDTH="16" VPOS="1057" HPOS="790"/>
							<String ID="string_306" HPOS="806" VPOS="1056" WIDTH="74" HEIGHT="21" WC="0.93" CONTENT="undvi-"/>
						</TextLine>
						<TextLine ID="line_32" HPOS="59" VPOS="1085" WIDTH="584" HEIGHT="26">
							<String ID="string_307" HPOS="59" VPOS="1085" WIDTH="70" HEIGHT="20" WC="0.97" CONTENT="kande"/><SP WIDTH="16" VPOS="1085" HPOS="129"/>
							<String ID="string_308" HPOS="145" VPOS="1085" WIDTH="22" HEIGHT="20" WC="0.93" CONTENT="af"/><SP WIDTH="13" VPOS="1085" HPOS="167"/>
							<String ID="string_309" HPOS="180" VPOS="1085" WIDTH="76" HEIGHT="26" WC="0.96" CONTENT="många"/><SP WIDTH="15" VPOS="1085" HPOS="256"/>
							<String ID="string_310" HPOS="271" VPOS="1085" WIDTH="161" HEIGHT="26" WC="0.95" CONTENT="omröstningar,"/><SP WIDTH="17" VPOS="1085" HPOS="432"/>
							<String ID="string_311" HPOS="449" VPOS="1086" WIDTH="48" HEIGHT="20" WC="0.96" CONTENT="med"/><SP WIDTH="17" VPOS="1086" HPOS="497"/>
							<String ID="string_312" HPOS="514" VPOS="1085" WIDTH="25" HEIGHT="21" WC="0.96" CONTENT="hr"/><SP WIDTH="14" VPOS="1085" HPOS="539"/>
							<String ID="string_313" HPOS="553" VPOS="1085" WIDTH="90" HEIGHT="22" WC="0.95" CONTENT="Öhman."/>
						</TextLine>
					</TextBlock>
					<TextBlock ID="block_5" HPOS="59" VPOS="1113" WIDTH="823" HEIGHT="107">
						<TextLine ID="line_33" HPOS="127" VPOS="1113" WIDTH="754" HEIGHT="28">
							<String ID="string_314" HPOS="127" VPOS="1113" WIDTH="31" HEIGHT="20" WC="0.92" CONTENT="Hr"/><SP WIDTH="21" VPOS="1113" HPOS="158"/>
							<String ID="string_315" HPOS="179" VPOS="1113" WIDTH="139" HEIGHT="32" WC="0.91" CONTENT="Clouberg:"/><SP WIDTH="23" VPOS="1113" HPOS="318"/>
							<String ID="string_316" HPOS="341" VPOS="1114" WIDTH="41" HEIGHT="26" WC="0.93" CONTENT="Jag"/><SP WIDTH="22" VPOS="1114" HPOS="382"/>
							<String ID="string_317" HPOS="404" VPOS="1114" WIDTH="95" HEIGHT="27" WC="0.92" CONTENT="begärde"/><SP WIDTH="15" VPOS="1114" HPOS="499"/>
							<String ID="string_318" HPOS="514" VPOS="1114" WIDTH="64" HEIGHT="21" WC="0.93" CONTENT="ocksä"/><SP WIDTH="15" VPOS="1114" HPOS="578"/>
							<String ID="string_319" HPOS="593" VPOS="1115" WIDTH="68" HEIGHT="25" WC="0.92" CONTENT="ordet,"/><SP WIDTH="16" VPOS="1115" HPOS="661"/>
							<String ID="string_320" HPOS="677" VPOS="1114" WIDTH="74" HEIGHT="21" WC="0.97" CONTENT="endast"/><SP WIDTH="14" VPOS="1114" HPOS="751"/>
							<String ID="string_321" HPOS="765" VPOS="1113" WIDTH="33" HEIGHT="21" WC="0.96" CONTENT="för"/><SP WIDTH="16" VPOS="1113" HPOS="798"/>
							<String ID="string_322" HPOS="814" VPOS="1115" WIDTH="32" HEIGHT="19" WC="0.93" CONTENT="att"/><SP WIDTH="14" VPOS="1115" HPOS="846"/>
							<String ID="string_323" HPOS="860" VPOS="1113" WIDTH="21" HEIGHT="20" WC="0.93" CONTENT="fä"/>
						</TextLine>
						<TextLine ID="line_34" HPOS="59" VPOS="1131" WIDTH="821" HEIGHT="39">
							<String ID="string_324" HPOS="59" VPOS="1142" WIDTH="74" HEIGHT="21" WC="0.96" CONTENT="förena"/><SP WIDTH="23" VPOS="1142" HPOS="133"/>
							<String ID="string_325" HPOS="156" VPOS="1142" WIDTH="42" HEIGHT="28" WC="0.96" CONTENT="mig"/><SP WIDTH="23" VPOS="1142" HPOS="198"/>
							<String ID="string_326" HPOS="221" VPOS="1149" WIDTH="33" HEIGHT="14" WC="0.96" CONTENT="om"/><SP WIDTH="24" VPOS="1149" HPOS="254"/>
							<String ID="string_327" HPOS="278" VPOS="1143" WIDTH="35" HEIGHT="20" WC="0.96" CONTENT="det"/><SP WIDTH="18" VPOS="1143" HPOS="313"/>
							<String ID="string_328" HPOS="331" VPOS="1143" WIDTH="22" HEIGHT="20" WC="0.96" CONTENT="af"/><SP WIDTH="16" VPOS="1143" HPOS="353"/>
							<String ID="string_329" HPOS="369" VPOS="1143" WIDTH="25" HEIGHT="20" WC="0.96" CONTENT="hr"/><SP WIDTH="15" VPOS="1143" HPOS="394"/>
							<String ID="string_330" HPOS="409" VPOS="1143" WIDTH="86" HEIGHT="20" WC="0.96" CONTENT="Öhman"/><SP WIDTH="15" VPOS="1143" HPOS="495"/>
							<String ID="string_331" HPOS="510" VPOS="1143" WIDTH="74" HEIGHT="27" WC="0.96" CONTENT="gjorda"/><SP WIDTH="15" VPOS="1143" HPOS="584"/>
							<String ID="string_332" HPOS="599" VPOS="1131" WIDTH="106" HEIGHT="39" WC="0.96" CONTENT="förslaget."/><SP WIDTH="30" VPOS="1131" HPOS="705"/>
							<String ID="string_333" HPOS="735" VPOS="1142" WIDTH="31" HEIGHT="28" WC="0.96" CONTENT="Hr"/><SP WIDTH="15" VPOS="1142" HPOS="766"/>
							<String ID="string_334" HPOS="781" VPOS="1142" WIDTH="99" HEIGHT="21" WC="0.83" CONTENT="Juselius”"/>
						</TextLine>
						<TextLine ID="line_35" HPOS="60" VPOS="1170" WIDTH="822" HEIGHT="28">
							<String ID="string_335" HPOS="60" VPOS="1171" WIDTH="39" HEIGHT="21" WC="0.96" CONTENT="och"/><SP WIDTH="22" VPOS="1171" HPOS="99"/>
							<String ID="string_336" HPOS="121" VPOS="1170" WIDTH="26" HEIGHT="21" WC="0.96" CONTENT="hr"/><SP WIDTH="22" VPOS="1170" HPOS="147"/>
							<String ID="string_337" HPOS="169" VPOS="1166" WIDTH="96" HEIGHT="26" WC="0.96" CONTENT="Öhmans"/><SP WIDTH="22" VPOS="1166" HPOS="265"/>
							<String ID="string_338" HPOS="287" VPOS="1171" WIDTH="78" HEIGHT="27" WC="0.96" CONTENT="förslag"/><SP WIDTH="17" VPOS="1171" HPOS="365"/>
							<String ID="string_339" HPOS="382" VPOS="1171" WIDTH="27" HEIGHT="27" WC="0.96" CONTENT="gå"/><SP WIDTH="15" VPOS="1171" HPOS="409"/>
							<String ID="string_340" HPOS="424" VPOS="1174" WIDTH="25" HEIGHT="18" WC="0.96" CONTENT="ut"/><SP WIDTH="15" VPOS="1174" HPOS="449"/>
							<String ID="string_341" HPOS="464" VPOS="1172" WIDTH="28" HEIGHT="26" WC="0.96" CONTENT="på"/><SP WIDTH="16" VPOS="1172" HPOS="492"/>
							<String ID="string_342" HPOS="508" VPOS="1172" WIDTH="121" HEIGHT="25" WC="0.96" CONTENT="detsamma,"/><SP WIDTH="17" VPOS="1172" HPOS="629"/>
							<String ID="string_343" HPOS="646" VPOS="1178" WIDTH="48" HEIGHT="14" WC="0.96" CONTENT="men"/><SP WIDTH="15" VPOS="1178" HPOS="694"/>
							<String ID="string_344" HPOS="709" VPOS="1172" WIDTH="25" HEIGHT="20" WC="0.96" CONTENT="hr"/><SP WIDTH="16" VPOS="1172" HPOS="734"/>
							<String ID="string_345" HPOS="750" VPOS="1166" WIDTH="93" HEIGHT="26" WC="0.96" CONTENT="Öhmans"/><SP WIDTH="15" VPOS="1166" HPOS="843"/>
							<String ID="string_346" HPOS="858" VPOS="1172" WIDTH="24" HEIGHT="18" WC="0.96" CONTENT="är"/>
						</TextLine>
						<TextLine ID="line_36" HPOS="60" VPOS="1199" WIDTH="92" HEIGHT="21">
							<String ID="string_347" HPOS="60" VPOS="1199" WIDTH="92" HEIGHT="21" WC="0.96" CONTENT="enklare."/>
						</TextLine>
					</TextBlock>
					<TextBlock ID="block_6" HPOS="61" VPOS="1227" WIDTH="822" HEIGHT="85">
						<TextLine ID="line_37" HPOS="128" VPOS="1227" WIDTH="754" HEIGHT="29">
							<String ID="string_348" HPOS="128" VPOS="1228" WIDTH="153" HEIGHT="21" WC="0.95" CONTENT="Diskussionen"/><SP WIDTH="15" VPOS="1228" HPOS="281"/>
							<String ID="string_349" HPOS="296" VPOS="1228" WIDTH="132" HEIGHT="22" WC="0.94" CONTENT="beträffande"/><SP WIDTH="16" VPOS="1228" HPOS="428"/>
							<String ID="string_350" HPOS="444" VPOS="1228" WIDTH="12" HEIGHT="28" WC="0.69" CONTENT="$"/><SP WIDTH="18" VPOS="1228" HPOS="456"/>
							<String ID="string_351" HPOS="474" VPOS="1229" WIDTH="26" HEIGHT="21" WC="0.96" CONTENT="14"/><SP WIDTH="15" VPOS="1229" HPOS="500"/>
							<String ID="string_352" HPOS="515" VPOS="1228" WIDTH="132" HEIGHT="22" WC="0.93" CONTENT="förklarades"/><SP WIDTH="15" VPOS="1228" HPOS="647"/>
							<String ID="string_353" HPOS="662" VPOS="1228" WIDTH="53" HEIGHT="21" WC="0.93" CONTENT="härä"/><SP WIDTH="14" VPOS="1228" HPOS="715"/>
							<String ID="string_354" HPOS="729" VPOS="1228" WIDTH="99" HEIGHT="25" WC="0.92" CONTENT="afslutad,"/><SP WIDTH="14" VPOS="1228" HPOS="828"/>
							<String ID="string_355" HPOS="842" VPOS="1227" WIDTH="40" HEIGHT="21" WC="0.97" CONTENT="och"/>
						</TextLine>
						<TextLine ID="line_38" HPOS="61" VPOS="1256" WIDTH="822" HEIGHT="26">
							<String ID="string_356" HPOS="61" VPOS="1256" WIDTH="122" HEIGHT="22" WC="0.92" CONTENT="framstälde"/><SP WIDTH="23" VPOS="1256" HPOS="183"/>
							<String ID="string_357" HPOS="206" VPOS="1256" WIDTH="24" HEIGHT="21" WC="0.96" CONTENT="hr"/><SP WIDTH="23" VPOS="1256" HPOS="230"/>
							<String ID="string_358" HPOS="253" VPOS="1257" WIDTH="120" HEIGHT="21" WC="0.96" CONTENT="talmannen"/><SP WIDTH="23" VPOS="1257" HPOS="373"/>
							<String ID="string_359" HPOS="396" VPOS="1264" WIDTH="26" HEIGHT="14" WC="0.96" CONTENT="en"/><SP WIDTH="20" VPOS="1264" HPOS="422"/>
							<String ID="string_360" HPOS="442" VPOS="1257" WIDTH="92" HEIGHT="21" WC="0.96" CONTENT="sålunda"/><SP WIDTH="13" VPOS="1257" HPOS="534"/>
							<String ID="string_361" HPOS="547" VPOS="1257" WIDTH="129" HEIGHT="21" WC="0.93" CONTENT="formulerad"/><SP WIDTH="16" VPOS="1257" HPOS="676"/>
							<String ID="string_362" HPOS="692" VPOS="1256" WIDTH="191" HEIGHT="26" WC="0.91" CONTENT="omröstningspro-"/>
						</TextLine>
						<TextLine ID="line_39" HPOS="61" VPOS="1285" WIDTH="101" HEIGHT="27">
							<String ID="string_363" HPOS="61" VPOS="1285" WIDTH="101" HEIGHT="27" WC="0.95" CONTENT="position:"/>
						</TextLine>
					</TextBlock>
					<TextBlock ID="block_7" HPOS="60" VPOS="1312" WIDTH="822" HEIGHT="57">
						<TextLine ID="line_40" HPOS="129" VPOS="1312" WIDTH="753" HEIGHT="29">
							<String ID="string_364" HPOS="129" VPOS="1312" WIDTH="40" HEIGHT="27" WC="0.95" CONTENT="De,"/><SP WIDTH="22" VPOS="1312" HPOS="169"/>
							<String ID="string_365" HPOS="191" VPOS="1313" WIDTH="69" HEIGHT="21" WC="0.95" CONTENT="hvilka"/><SP WIDTH="20" VPOS="1313" HPOS="260"/>
							<String ID="string_366" HPOS="280" VPOS="1314" WIDTH="112" HEIGHT="26" WC="0.96" CONTENT="godkänna"/><SP WIDTH="18" VPOS="1314" HPOS="392"/>
							<String ID="string_367" HPOS="410" VPOS="1314" WIDTH="18" HEIGHT="33" WC="0.90" CONTENT="$"/><SP WIDTH="17" VPOS="1314" HPOS="428"/>
							<String ID="string_368" HPOS="445" VPOS="1315" WIDTH="29" HEIGHT="19" WC="0.96" CONTENT="14"/><SP WIDTH="16" VPOS="1315" HPOS="474"/>
							<String ID="string_369" HPOS="490" VPOS="1313" WIDTH="132" HEIGHT="33" WC="0.96" CONTENT="oförändrad"/><SP WIDTH="15" VPOS="1313" HPOS="622"/>
							<String ID="string_370" HPOS="637" VPOS="1314" WIDTH="64" HEIGHT="26" WC="0.95" CONTENT="enligt"/><SP WIDTH="13" VPOS="1314" HPOS="701"/>
							<String ID="string_371" HPOS="714" VPOS="1313" WIDTH="107" HEIGHT="21" WC="0.96" CONTENT="utskottets"/><SP WIDTH="14" VPOS="1313" HPOS="821"/>
							<String ID="string_372" HPOS="835" VPOS="1312" WIDTH="47" HEIGHT="27" WC="0.91" CONTENT="för-"/>
						</TextLine>
						<TextLine ID="line_41" HPOS="60" VPOS="1342" WIDTH="537" HEIGHT="27">
							<String ID="string_373" HPOS="60" VPOS="1342" WIDTH="51" HEIGHT="26" WC="0.96" CONTENT="slag,"/><SP WIDTH="16" VPOS="1342" HPOS="111"/>
							<String ID="string_374" HPOS="127" VPOS="1343" WIDTH="59" HEIGHT="19" WC="0.95" CONTENT="rösta"/><SP WIDTH="13" VPOS="1343" HPOS="186"/>
							<String ID="string_375" HPOS="199" VPOS="1343" WIDTH="36" HEIGHT="26" WC="0.96" CONTENT="ja;"/><SP WIDTH="16" VPOS="1343" HPOS="235"/>
							<String ID="string_376" HPOS="251" VPOS="1342" WIDTH="31" HEIGHT="33" WC="0.96" CONTENT="de,"/><SP WIDTH="16" VPOS="1342" HPOS="282"/>
							<String ID="string_377" HPOS="298" VPOS="1342" WIDTH="32" HEIGHT="21" WC="0.96" CONTENT="det"/><SP WIDTH="15" VPOS="1342" HPOS="330"/>
							<String ID="string_378" HPOS="345" VPOS="1342" WIDTH="43" HEIGHT="21" WC="0.96" CONTENT="icke"/><SP WIDTH="14" VPOS="1342" HPOS="388"/>
							<String ID="string_379" HPOS="402" VPOS="1344" WIDTH="60" HEIGHT="25" WC="0.96" CONTENT="göra,"/><SP WIDTH="17" VPOS="1344" HPOS="462"/>
							<String ID="string_380" HPOS="479" VPOS="1344" WIDTH="57" HEIGHT="19" WC="0.96" CONTENT="rösta"/><SP WIDTH="14" VPOS="1344" HPOS="536"/>
							<String ID="string_381" HPOS="550" VPOS="1343" WIDTH="47" HEIGHT="26" WC="0.96" CONTENT="nej;"/>
						</TextLine>
					</TextBlock>
					<TextBlock ID="block_8" HPOS="61" VPOS="1359" WIDTH="823" HEIGHT="67">
						<TextLine ID="line_42" HPOS="128" VPOS="1359" WIDTH="756" HEIGHT="39">
							<String ID="string_382" HPOS="128" VPOS="1370" WIDTH="73" HEIGHT="21" WC="0.96" CONTENT="vinner"/><SP WIDTH="21" VPOS="1370" HPOS="201"/>
							<String ID="string_383" HPOS="222" VPOS="1372" WIDTH="42" HEIGHT="26" WC="0.96" CONTENT="nej,"/><SP WIDTH="23" VPOS="1372" HPOS="264"/>
							<String ID="string_384" HPOS="287" VPOS="1371" WIDTH="38" HEIGHT="21" WC="0.93" CONTENT="har"/><SP WIDTH="22" VPOS="1371" HPOS="325"/>
							<String ID="string_385" HPOS="347" VPOS="1371" WIDTH="172" HEIGHT="27" WC="0.92" CONTENT="borgareståndet"/><SP WIDTH="22" VPOS="1371" HPOS="519"/>
							<String ID="string_386" HPOS="541" VPOS="1359" WIDTH="81" HEIGHT="33" WC="0.92" CONTENT="beslutit"/><SP WIDTH="22" VPOS="1359" HPOS="622"/>
							<String ID="string_387" HPOS="644" VPOS="1372" WIDTH="76" HEIGHT="25" WC="0.95" CONTENT="antaga"/><SP WIDTH="20" VPOS="1372" HPOS="720"/>
							<String ID="string_388" HPOS="740" VPOS="1370" WIDTH="26" HEIGHT="21" WC="0.93" CONTENT="hr"/><SP WIDTH="25" VPOS="1370" HPOS="766"/>
							<String ID="string_389" HPOS="791" VPOS="1364" WIDTH="93" HEIGHT="26" WC="0.94" CONTENT="Öhmans"/>
						</TextLine>
						<TextLine ID="line_43" HPOS="61" VPOS="1399" WIDTH="189" HEIGHT="27">
							<String ID="string_390" HPOS="61" VPOS="1399" WIDTH="189" HEIGHT="27" WC="0.90" CONTENT="ändringsförslag."/>
						</TextLine>
					</TextBlock>
					<TextBlock ID="block_9" HPOS="61" VPOS="1426" WIDTH="824" HEIGHT="84">
						<TextLine ID="line_44" HPOS="129" VPOS="1426" WIDTH="756" HEIGHT="29">
							<String ID="string_391" HPOS="129" VPOS="1428" WIDTH="162" HEIGHT="26" WC="0.96" CONTENT="Propositionen"/><SP WIDTH="22" VPOS="1428" HPOS="291"/>
							<String ID="string_392" HPOS="313" VPOS="1428" WIDTH="129" HEIGHT="27" WC="0.96" CONTENT="besvarades"/><SP WIDTH="23" VPOS="1428" HPOS="442"/>
							<String ID="string_393" HPOS="465" VPOS="1428" WIDTH="49" HEIGHT="21" WC="0.89" CONTENT="med"/><SP WIDTH="22" VPOS="1428" HPOS="514"/>
							<String ID="string_394" HPOS="536" VPOS="1428" WIDTH="154" HEIGHT="26" WC="0.89" CONTENT="öfvervägande"/><SP WIDTH="22" VPOS="1428" HPOS="690"/>
							<String ID="string_395" HPOS="712" VPOS="1428" WIDTH="39" HEIGHT="26" WC="0.96" CONTENT="nej,"/><SP WIDTH="23" VPOS="1428" HPOS="751"/>
							<String ID="string_396" HPOS="774" VPOS="1427" WIDTH="39" HEIGHT="21" WC="0.96" CONTENT="och"/><SP WIDTH="15" VPOS="1427" HPOS="813"/>
							<String ID="string_397" HPOS="828" VPOS="1426" WIDTH="57" HEIGHT="21" WC="0.96" CONTENT="hade"/>
						</TextLine>
						<TextLine ID="line_45" HPOS="61" VPOS="1456" WIDTH="824" HEIGHT="28">
							<String ID="string_398" HPOS="61" VPOS="1456" WIDTH="82" HEIGHT="21" WC="0.96" CONTENT="således"/><SP WIDTH="22" VPOS="1456" HPOS="143"/>
							<String ID="string_399" HPOS="165" VPOS="1456" WIDTH="36" HEIGHT="21" WC="0.96" CONTENT="det"/><SP WIDTH="22" VPOS="1456" HPOS="201"/>
							<String ID="string_400" HPOS="223" VPOS="1456" WIDTH="23" HEIGHT="22" WC="0.96" CONTENT="af"/><SP WIDTH="20" VPOS="1456" HPOS="246"/>
							<String ID="string_401" HPOS="266" VPOS="1457" WIDTH="25" HEIGHT="20" WC="0.95" CONTENT="hr"/><SP WIDTH="23" VPOS="1457" HPOS="291"/>
							<String ID="string_402" HPOS="314" VPOS="1456" WIDTH="81" HEIGHT="22" WC="0.94" CONTENT="Öhman"/><SP WIDTH="17" VPOS="1456" HPOS="395"/>
							<String ID="string_403" HPOS="412" VPOS="1457" WIDTH="78" HEIGHT="27" WC="0.96" CONTENT="gjorda"/><SP WIDTH="15" VPOS="1457" HPOS="490"/>
							<String ID="string_404" HPOS="505" VPOS="1456" WIDTH="100" HEIGHT="27" WC="0.96" CONTENT="förslaget"/><SP WIDTH="16" VPOS="1456" HPOS="605"/>
							<String ID="string_405" HPOS="621" VPOS="1456" WIDTH="23" HEIGHT="21" WC="0.93" CONTENT="af"/><SP WIDTH="14" VPOS="1456" HPOS="644"/>
							<String ID="string_406" HPOS="658" VPOS="1456" WIDTH="175" HEIGHT="26" WC="0.92" CONTENT="borgareståndet"/><SP WIDTH="15" VPOS="1456" HPOS="833"/>
							<String ID="string_407" HPOS="848" VPOS="1461" WIDTH="37" HEIGHT="15" WC="0.91" CONTENT="an-"/>
						</TextLine>
						<TextLine ID="line_46" HPOS="61" VPOS="1485" WIDTH="70" HEIGHT="25">
							<String ID="string_408" HPOS="61" VPOS="1485" WIDTH="70" HEIGHT="25" WC="0.95" CONTENT="tagits."/>
						</TextLine>
					</TextBlock>
					<TextBlock ID="block_10" HPOS="129" VPOS="1513" WIDTH="658" HEIGHT="27">
						<TextLine ID="line_47" HPOS="129" VPOS="1513" WIDTH="658" HEIGHT="27">
							<String ID="string_409" HPOS="129" VPOS="1513" WIDTH="155" HEIGHT="27" WC="0.92" CONTENT="Paragraferna"/><SP WIDTH="16" VPOS="1513" HPOS="284"/>
							<String ID="string_410" HPOS="300" VPOS="1514" WIDTH="32" HEIGHT="25" WC="0.96" CONTENT="15,"/><SP WIDTH="17" VPOS="1514" HPOS="332"/>
							<String ID="string_411" HPOS="349" VPOS="1513" WIDTH="26" HEIGHT="21" WC="0.96" CONTENT="16"/><SP WIDTH="15" VPOS="1513" HPOS="375"/>
							<String ID="string_412" HPOS="390" VPOS="1514" WIDTH="40" HEIGHT="20" WC="0.96" CONTENT="och"/><SP WIDTH="18" VPOS="1514" HPOS="430"/>
							<String ID="string_413" HPOS="448" VPOS="1514" WIDTH="27" HEIGHT="21" WC="0.93" CONTENT="17"/><SP WIDTH="17" VPOS="1514" HPOS="475"/>
							<String ID="string_414" HPOS="492" VPOS="1515" WIDTH="87" HEIGHT="25" WC="0.90" CONTENT="antogos"/><SP WIDTH="15" VPOS="1515" HPOS="579"/>
							<String ID="string_415" HPOS="594" VPOS="1516" WIDTH="52" HEIGHT="18" WC="0.96" CONTENT="utan"/><SP WIDTH="15" VPOS="1516" HPOS="646"/>
							<String ID="string_416" HPOS="661" VPOS="1513" WIDTH="126" HEIGHT="21" WC="0.96" CONTENT="diskussion."/>
						</TextLine>
					</TextBlock>
					<TextBlock ID="block_11" HPOS="129" VPOS="1541" WIDTH="347" HEIGHT="27">
						<TextLine ID="line_48" HPOS="129" VPOS="1541" WIDTH="347" HEIGHT="27">
							<String ID="string_417" HPOS="129" VPOS="1541" WIDTH="10" HEIGHT="20" WC="0.96" CONTENT="I"/><SP WIDTH="16" VPOS="1541" HPOS="139"/>
							<String ID="string_418" HPOS="155" VPOS="1542" WIDTH="112" HEIGHT="26" WC="0.95" CONTENT="anledning"/><SP WIDTH="16" VPOS="1542" HPOS="267"/>
							<String ID="string_419" HPOS="283" VPOS="1542" WIDTH="21" HEIGHT="20" WC="0.93" CONTENT="af"/><SP WIDTH="15" VPOS="1542" HPOS="304"/>
							<String ID="string_420" HPOS="319" VPOS="1542" WIDTH="10" HEIGHT="26" WC="0.91" CONTENT="$"/><SP WIDTH="17" VPOS="1542" HPOS="329"/>
							<String ID="string_421" HPOS="346" VPOS="1542" WIDTH="26" HEIGHT="20" WC="0.96" CONTENT="18"/><SP WIDTH="16" VPOS="1542" HPOS="372"/>
							<String ID="string_422" HPOS="388" VPOS="1542" WIDTH="88" HEIGHT="26" WC="0.96" CONTENT="yttrade"/>
						</TextLine>
					</TextBlock>
				</ComposedBlock>
			</PrintSpace>
		</Page>
	</Layout>
</alto>
