1086 1761
218 126 41 31 508
483 132 93 23 Borgarest.
589 132 47 19 1888.
660 133 21 18 27
694 133 50 18 Mars.

199 199 116 27 anledning
329 200 24 21 af
365 202 31 19 ett
411 201 57 21 inom
484 201 150 27 ridderskapet
649 202 39 21 och
704 201 62 22 adeln
778 201 63 21 väckt
851 201 174 26 motionsförslag

200 234 34 15 om
250 230 31 19 ett
299 229 75 26 tillägg
393 229 32 21 till
443 229 153 26 förordningen
612 230 111 26 angående
738 230 107 21 allmänna
859 229 142 27 fattigvården
1017 230 8 21 i

199 256 201 22 storfurstendömet
418 258 90 21 Finland
528 258 23 21 af
567 259 41 20 den
629 259 25 20 17
674 265 56 14 mars
751 258 61 26 1879,
831 258 132 21 beträffande
982 259 42 20 den

199 285 106 21 särskilda
319 285 143 27 fattigvården
477 287 34 19 vid
527 287 127 20 industriela
669 287 60 25 verk;

270 315 32 19 att
321 314 91 25 ståndet,
432 314 34 21 vid
484 314 152 27 föredragning
655 315 24 21 af
695 315 108 21 allmänna
822 314 203 22 besvärsutskottets

199 341 136 21 betänkande
356 348 34 15 n:o
410 342 13 21 6
440 343 8 20 i
467 343 114 26 anledning
600 343 24 21 af
640 344 32 20 ett
690 343 33 21 till
741 342 177 27 borgareståndet
936 342 89 27 ingifvet

198 370 184 27 petitionsförslag
396 371 110 26 angående
521 372 111 26 belysning
644 372 24 20 af
676 372 96 26 inloppet
782 371 33 21 till
825 370 133 22 Mariehamn
968 372 56 20 samt

198 398 205 26 hamnumgälderna
418 399 116 26 derstädes,
549 400 107 20 förkastat
672 400 55 21 båda
742 401 122 20 momenten
875 399 23 21 af
906 399 119 21 utskottets

199 426 215 27 resolutionsförslag,
433 434 49 15 men
499 428 70 21 tillika
588 428 95 26 beslutit,
703 430 32 19 att
750 428 7 21 i
773 428 72 21 stället
859 427 34 21 för
907 427 35 21 det
956 427 69 21 första

199 456 118 19 momentet
331 455 89 22 omfatta
431 458 31 19 ett
472 456 23 22 af
504 456 148 27 kyrkoherden
663 457 112 20 Nordlund
786 456 115 26 föreslaget
910 455 113 21 uttalande

199 483 7 20 i
225 483 77 20 sådant
321 484 60 26 syfte,
400 486 46 24 ,,att
462 485 83 20 landets
560 485 116 26 höglofliga
692 485 87 20 ständer
794 485 69 20 skulle
878 484 39 21 hos
932 484 93 26 regerin-

199 517 41 20 gen
263 511 118 27 hemställa,
400 513 106 21 huruvida
523 513 46 21 icke
588 513 7 21 i
614 513 142 21 betraktande
775 513 23 21 af
815 513 142 20 Mariehamns
976 513 48 26 läge

200 539 37 22 det
252 540 72 21 kunde
339 547 63 15 anses
416 541 33 21 för
460 541 102 27 sjöfarten
573 541 145 27 fördelaktigt,
729 544 33 19 att
772 541 166 26 ändamålsenlig
948 541 77 26 åtgärd

200 568 97 26 vidtages
315 569 33 20 till
366 569 145 27 befrämjande
530 570 22 21 af
568 570 81 21 sådana
667 570 81 26 fartygs
767 570 114 26 inlöpande
899 569 32 21 till
947 569 77 21 Marie-

200 596 72 26 hamn,
291 597 71 21 hvilka
380 598 53 21 söka
451 598 64 20 hamn
534 598 69 21 såsom
624 598 76 21 stadda
719 599 6 20 i
740 598 76 25 sjönöd
831 598 51 20 eller
896 597 34 21 för
945 599 32 19 att
992 598 31 20 in-

198 624 74 22 hemta
294 626 63 20 order
379 626 52 21 eller
448 626 34 21 för
499 628 33 19 att
550 627 142 26 proviantera,
712 626 81 21 hvilket
812 626 79 26 förslag
909 626 27 26 på
954 626 71 20 finska

200 653 89 26 afgifvet
307 654 55 20 hade
380 654 93 27 följande
492 655 89 27 lydelse:
601 657 59 24 ,,että
675 655 100 25 Hallitus,
791 654 184 21 Marianhaminan
990 660 34 15 sa-

200 683 73 19 taman
293 688 100 15 asemaan
412 683 91 25 nähden,
520 684 71 20 ottaisi
607 684 174 26 punnitaksensa,
798 683 47 21 eikö
861 683 47 21 olisi
923 682 101 22 meriliik-

198 710 70 21 keelle
287 711 106 25 edullista,
412 712 45 20 että
475 712 273 21 tarkoituksenmukaisilla
766 711 162 26 toimenpiteillä
943 711 81 27 helpoi-

199 738 105 21 tettaisiin
320 739 152 22 senkaltaisten
488 740 77 21 laivain
580 740 88 27 käyntiä
683 740 126 21 mainitussa
825 742 123 23 satamassa,
962 740 63 26 jotka

199 766 94 22 hakevat
311 769 95 19 satamaa
421 768 51 27 joko
491 768 165 22 merenhädässä
672 769 30 21 tai
717 768 174 27 käskyinsaantia
903 768 23 26 ja
942 770 82 18 evästä-

199 795 65 21 mistä
278 797 102 25 varten"
369 791 13 35 ;

269 826 32 18 att
324 824 85 22 ständet
427 825 95 26 godkänt
540 825 153 26 lagutskottets
712 825 80 26 förslag
810 824 33 21 till
862 824 162 27 sammanjemk-

198 851 52 27 ning
265 852 24 21 af
302 852 26 20 de
343 853 57 21 olika
415 853 78 26 beslut,
508 854 7 20 i
531 854 72 20 hvilka
618 854 89 20 ständen
723 855 88 19 stannat
821 853 35 21 vid
867 853 157 26 behandlingen

198 879 25 21 af
236 880 117 21 utskottets
369 881 135 21 betänkande
519 887 34 16 n:o
568 882 14 21 4
595 882 7 21 i
613 882 114 26 anledning
737 881 23 21 af
769 881 77 26 nädiga
856 881 167 26 propositionen,

198 907 134 22 beträffande
351 909 45 21 dels
414 910 191 26 röstberäkningen
624 911 36 20 vid
678 911 34 20 val
731 910 34 21 till
784 909 125 21 besättande
924 909 23 21 af
960 909 64 26 borg-

198 937 110 25 mästare-,
320 937 108 22 rädmans-
436 938 39 21 och
484 939 352 26 magistratssekreteraretjenster,
846 938 44 21 dels
898 937 126 22 frälsemäns

197 964 128 27 behörighet
339 966 33 20 till
388 967 66 25 sagda
469 967 99 26 tjenster;

268 995 33 19 att
323 994 96 21 ständets
440 995 105 20 elektorer
563 995 32 21 till
616 995 138 26 suppleanter
772 995 6 20 i
798 994 140 27 lagutskottet
955 995 70 20 utsett

197 1021 38 20 hrr
250 1021 105 27 Torckell,
374 1023 155 26 Vennerström,
545 1023 105 26 Sahlberg
666 1024 40 21 och
721 1023 107 25 Hällfors;
951 1040 3 3 N

267 1052 33 19 att
318 1050 86 21 ständet
422 1051 96 26 godkänt
536 1052 108 20 allmänna
662 1051 207 22 besvärsutskottets
888 1051 137 21 betänkande

197 1083 36 15 n:o
249 1079 12 20 7
278 1079 48 20 med
341 1079 115 26 anledning
470 1079 23 21 af
506 1082 76 19 tvenne
597 1080 33 21 till
645 1080 100 26 borgare-
761 1080 40 21 och
816 1079 162 21 bondeständen
992 1080 33 20 in-

197 1106 98 21 lemnade
315 1107 181 27 petitionsförslag
515 1114 33 15 om
568 1108 121 27 beviljande
708 1108 23 21 af
745 1108 64 26 ärligt
824 1108 115 21 understöd
955 1108 22 21 ät
992 1108 32 21 in-

196 1133 91 22 hemska
302 1135 160 27 skriftställare;
478 1136 107 21 äfvensom

267 1165 32 18 att
314 1163 91 26 ständet,
421 1165 35 19 vid
471 1165 129 25 behandling
615 1165 23 20 af
651 1165 107 20 allmänna
773 1165 204 23 besvärsutskottets
987 1165 37 20 be-

196 1190 109 22 tänkande
325 1198 33 14 n:o
378 1192 13 20 8
410 1192 6 20 i
432 1193 114 26 anledning
561 1193 22 21 af
597 1195 32 19 ett
644 1193 33 21 till
692 1192 159 27 presteständet
866 1192 88 26 ingifvet
968 1193 55 26 peti-

196 1218 138 28 tionsförslag
349 1220 109 26 angående
472 1221 149 21 förbättrande
636 1221 22 21 af
672 1221 136 26 kollegornas
823 1220 36 21 vid
875 1220 149 22 elementarlä-

195 1247 104 21 roverken
324 1248 161 26 löneförmäner,
508 1249 95 25 beslutit,
623 1252 38 23 att,
681 1250 48 20 med
748 1249 140 21 förkastande
907 1248 23 22 af
946 1248 78 27 ifräga-

195 1276 95 20 varande
307 1276 142 27 betänkande,
466 1277 89 21 omfatta
569 1278 69 20 första
653 1279 117 20 momentet
785 1278 22 20 af
820 1278 172 20 reservanternas
1008 1277 14 21 &

194 1304 81 26 pagina
290 1304 13 21 8
318 1304 127 22 framstälda
459 1306 216 26 resolutionsförslag.

264 1388 121 28 Föredrogs
407 1390 60 21 Hans
482 1391 120 26 Kejserliga
617 1391 112 27 Majestäts
745 1390 80 27 nädiga
840 1391 132 27 proposition
988 1397 38 15 n:o

194 1416 35 24 37,
246 1417 110 26 angäende
372 1420 129 26 omsättning
516 1419 23 21 af
552 1420 26 20 de
593 1419 33 21 för
641 1420 82 20 inlösen
733 1419 25 21 af
767 1419 256 26 donationslägenheter
1013 1412 13 38 i

194 1444 100 27 Wiborgs
313 1446 40 21 och
372 1446 33 22 S:t
424 1448 88 20 Michels
531 1448 34 20 län
585 1450 110 24 upptagna
710 1447 99 25 statslän,
827 1448 54 20 samt
896 1448 6 20 i
918 1453 105 15 samman-

192 1471 58 32 hang
265 1473 88 22 dermed
368 1475 41 20 den
425 1475 23 21 af
461 1475 218 27 finansexpeditionen
690 1475 8 21 i
711 1476 114 27 kejserliga
836 1477 87 19 senaten
934 1475 88 27 afgifna,

192 1506 58 15 inom
267 1502 86 21 ständet
367 1503 101 22 utdelade
483 1504 128 21 berättelsen
627 1510 35 15 om
676 1504 127 27 fortgängen
819 1503 23 22 af
856 1503 167 27 donationsgod-

192 1534 50 15 sens
257 1530 94 27 inlösen;
366 1531 40 21 och
422 1532 74 21 anhöll
510 1532 75 21 härvid
