1086 1748
345 124 93 21 Borgarest.
450 123 45 19 1888.
519 123 11 18 3
543 123 50 19 Mars.
831 124 35 18 383

63 192 49 21 med
127 192 25 20 hr
168 188 88 29 Öhman,
273 194 101 19 motsätta
390 192 48 26 mig,
454 193 22 25 ty
491 192 143 26 lagutskottet
648 192 68 20 skulle
725 192 105 26 betungas
841 193 48 20 med

64 220 71 21 alltför
150 220 83 27 mycket
248 221 78 25 arbete,
343 227 34 14 om
392 220 119 21 detsamma
526 220 72 20 älades
614 220 91 20 anställa
720 220 170 22 rättshistoriska

64 248 141 27 forskningar.

135 277 30 21 Hr
187 283 47 15 von
257 277 97 21 Pfaler:
376 277 34 20 Då
430 277 36 26 jag
489 277 35 20 vid
540 278 86 19 senaste
642 277 157 21 sammanträde
814 277 76 20 under-

66 305 76 21 stödde
161 306 35 20 det
211 305 23 21 af
247 306 25 20 hr
288 305 97 27 Eneberg
400 306 109 20 eventuelt
524 305 125 21 framstälda
664 305 102 26 förslaget
781 312 34 14 om
830 307 60 19 ären-

66 334 47 20 dets
136 334 120 21 äterremiss
279 334 32 20 till
333 334 147 26 lagutskottet,
500 333 28 27 pä
546 334 36 20 det
597 334 108 20 utskottet
720 334 68 20 skulle
803 333 88 21 blifva
878 329 15 36 i

65 362 84 21 tillfälle
172 364 32 19 att
226 364 50 24 taga
294 362 119 21 kännedom
430 368 33 14 om
480 362 38 20 och
536 364 98 18 närmare
649 362 93 26 granska
758 362 25 20 de
799 364 92 19 omstän-

67 390 102 27 digheter,
193 397 45 15 som
261 390 23 21 af
304 391 25 20 hr
351 390 95 21 Fellman
462 390 6 20 i
484 390 75 26 frägan
575 390 88 25 anförts,
680 390 79 21 skedde
774 391 36 21 det
824 391 68 20 under

67 419 41 21 den
128 419 158 26 förutsättning,
312 420 32 19 att
365 418 178 27 borgareständet
564 418 36 21 vid
623 418 60 21 detta
705 425 79 15 samma
806 420 86 25 plenum

67 448 69 20 skulle
152 448 72 20 skrida
239 447 32 21 till
286 448 71 20 beslut
372 448 6 20 i
394 448 74 20 saken.
498 447 34 21 Dä
546 447 74 26 frägan
637 447 118 21 emellertid
771 448 45 20 blef
828 448 64 20 bord-

67 476 56 26 lagd,
139 476 40 20 och
193 482 87 14 numera
295 476 46 20 icke
357 476 76 20 endast
448 475 152 27 lagutskottets
611 476 143 25 medlemmar,
765 478 52 19 utan
828 476 65 21 ocksä

68 504 95 21 ständets
186 504 68 26 öfriga
277 504 116 21 ledamöter
412 504 63 20 hafva
490 504 55 20 varit
560 504 7 20 i
582 504 85 20 tillfälle
683 506 32 18 att
730 506 50 24 taga
795 506 97 19 närmare

68 532 121 21 kännedom
213 538 34 15 om
266 532 25 21 hr
306 533 106 21 Fellmans
428 532 136 26 bevisföring,
580 538 63 21 synes
659 532 104 26 sjelffallet
778 533 68 26 nägon
863 532 29 22 vi-

69 561 51 21 dare
143 560 120 22 äterremiss
285 561 46 21 icke
354 561 52 21 böra
429 561 7 20 i
458 560 60 26 fräga
533 560 92 21 komma.
656 561 43 21 För
713 562 43 20 min
772 562 33 20 del
820 563 24 19 är
856 561 37 26 jag

69 589 64 21 också
148 589 69 27 färdig
232 591 31 19 att
278 591 56 25 yttra
349 590 42 26 mig
407 590 6 20 i
428 589 75 27 sjelfva
519 589 72 25 saken,
607 589 39 21 och
657 590 37 20 vill
705 590 69 20 derför
786 592 56 24 säga,
854 591 38 23 att,

69 618 70 21 sävidt
159 618 37 26 jag
218 618 82 21 kunnat
322 618 60 26 fatta,
403 618 25 20 de
444 618 23 20 af
480 617 26 21 hr
521 618 96 20 Fellman
633 618 89 20 anförda
737 618 157 26 omständighe-

69 648 62 19 terna
154 648 36 18 äro
210 646 32 20 till
258 646 40 21 den
313 646 52 26 grad
380 646 158 27 öfvertygande,
555 648 32 19 att
599 646 38 26 jag
653 646 73 26 mäste,
741 647 7 20 i
763 646 67 21 likhet
845 646 48 21 med

69 675 86 25 honom,
180 680 50 15 anse
254 675 35 20 det
310 675 7 20 i
339 674 61 26 fräga
415 676 58 19 satta
488 674 138 26 lagförslaget
641 674 44 21 afse
701 677 31 19 att
747 675 147 21 ästadkomma

71 709 24 15 en
113 702 123 27 förändring
252 704 6 20 i
274 703 11 27 $
300 704 13 20 3
329 703 22 21 af
365 703 54 21 1789
436 703 34 21 års
486 702 150 31 ,,Försäkran'*
648 703 33 21 för
691 703 153 27 borgerskapet
854 703 40 21 och

71 731 106 21 städerna.
208 732 42 20 Det
272 732 39 20 har
332 732 34 20 väl
389 732 23 20 af
433 732 35 20 hrr
488 732 83 22 Öhman
589 731 40 21 och
645 731 100 21 Calonius
760 732 86 24 anförts,
863 733 32 19 att

71 760 106 26 grundlag
199 760 39 20 bör
260 760 70 20 tolkas
353 760 53 20 efter
424 760 156 28 ordalydelsen,
597 760 39 20 och
652 761 32 19 att
699 760 36 20 det
749 760 146 26 föreliggande

71 788 136 26 lagförslaget
217 788 28 26 pä
255 788 64 21 sädan
331 788 68 27 grund
410 788 18 27 ej
440 788 68 23 skulle
519 788 65 20 verka
596 794 26 14 en
633 788 123 26 förändring
766 788 23 21 af
798 788 65 26 sagda
874 788 20 27 $;

72 822 48 15 men
143 816 27 21 dä
185 822 29 15 nu
230 816 64 22 ocksä
311 817 25 20 hr
351 816 82 21 Ohman
448 816 123 28 medgifver,
588 818 32 20 att
636 816 26 21 de
677 817 32 20 uti
723 817 92 21 nämnda
831 816 11 28 $
859 822 37 15 an-

72 845 69 20 vända
165 845 113 26 ordalagen
302 845 104 21 måhända
429 845 44 22 afse
496 853 26 15 en
538 844 58 28 dylik
611 844 159 28 inskränkning,
786 851 45 15 som
846 850 50 16 man

72 879 30 14 nu
121 872 54 22 afser
191 875 32 19 att
238 873 113 27 upphäfva,
368 874 39 21 och
422 874 64 26 ingen
501 874 62 22 torde
578 873 94 26 betvifla,
689 875 31 19 att
734 874 37 21 det
786 874 18 27 ej
819 874 36 20 vid
870 873 26 21 ti-

74 902 40 20 den
129 901 33 21 för
177 902 131 21 tillkomsten
323 902 23 21 af
359 903 69 20 denna
443 903 150 26 ,,Försäkran'*
609 902 77 26 ansågs
701 902 69 21 såsom
782 909 24 14 en
822 902 74 25 rättig-

74 930 37 20 het
132 930 33 21 för
187 930 162 27 borgerskapets
371 931 144 26 medlemmar,
538 932 33 20 att
589 931 33 20 till
637 931 223 26 magistratspersoner
876 930 21 21 fä

75 959 74 20 endast
171 965 101 20 personer
292 959 22 21 af
328 959 77 21 ofrälse
420 960 61 25 börd,
497 962 55 19 samt
567 959 7 20 i
589 959 12 27 $
617 959 13 21 3
645 959 143 27 uttryckligen
803 959 93 26 stadgas,

75 989 32 18 att
129 987 92 26 Kunglig
243 987 100 27 Majestät
365 988 57 21 velat
443 989 124 26 ytterligare
582 987 98 21 försäkra
696 987 151 26 borgerskapet
863 993 34 14 om

75 1015 61 20 deras
151 1016 137 25 rättigheters
303 1016 149 21 bibehållande
469 1017 58 26 ,allt,
543 1023 46 14 som
604 1016 76 20 hittills
696 1016 80 26 vanligt
786 1016 76 25 varit",
874 1015 24 20 sä

75 1043 107 21 förefaller
198 1044 36 21 det
250 1045 42 26 mig
306 1044 46 21 icke
368 1051 50 14 vara
433 1045 71 26 någon
520 1045 101 21 afvikelse
636 1044 47 21 från
699 1045 40 20 den
754 1044 78 21 strikta
842 1043 56 21 tolk-

75 1072 77 26 ningen
175 1072 23 21 af
219 1073 152 26 ordalydelsen,
393 1073 7 20 i
419 1073 37 21 fall
473 1080 50 14 man
539 1075 88 24 antager
642 1073 25 20 hr
682 1073 104 20 Fellmans
802 1072 97 26 tolkning

76 1100 70 21 säsom
161 1100 71 27 riktig.
253 1101 133 21 Beträffande
402 1101 46 21 äter
464 1101 82 27 frägan,
561 1101 106 21 huruvida
683 1101 63 20 ocksä
760 1101 140 20 momentet
886 1096 19 37 4

75 1129 7 20 i
105 1128 109 27 förenings
236 1129 40 21 och
298 1129 110 22 säkerhets
430 1130 66 21 akten
519 1130 68 21 skulle
609 1129 79 21 ändras
706 1135 74 20 genom
797 1129 59 20 detta
871 1135 29 14 nu

76 1157 145 26 föreliggande
236 1157 120 27 lagförslag,
373 1157 23 22 sä
412 1159 38 20 har
466 1159 34 26 jag
515 1159 53 20 visst
582 1159 49 26 hyst
646 1158 84 27 mycket
742 1157 82 24 dubier,
836 1157 64 20 huru-

77 1185 49 21 vida
147 1185 47 21 icke
216 1186 152 26 lagutskottets
390 1187 110 26 pluralitet
518 1187 73 21 dervid
610 1186 69 21 skulle
693 1186 63 21 hafva
770 1187 49 20 rätt.
850 1185 51 21 Men

78 1213 27 22 dä
118 1214 36 26 jag
169 1213 33 21 för
217 1214 43 21 min
276 1215 34 20 del
324 1215 47 20 icke
386 1215 83 20 kunnat
482 1215 60 27 jäfva
555 1215 131 26 riktigheten
702 1215 22 20 af
734 1215 26 20 de
772 1214 71 25 motiv,
855 1219 46 15 som

77 1243 7 20 i
107 1242 40 21 den
170 1242 68 21 andra
259 1243 157 21 reservationen
433 1243 90 25 anförts,
539 1244 52 20 eller
606 1245 39 24 att,
661 1243 28 20 dä
704 1243 114 25 adelsman,
835 1242 67 26 enligt

78 1271 60 20 detta
148 1271 239 26 grundlagsstadgande,
399 1271 83 22 härtills
493 1273 56 20 varit
559 1271 125 21 förhindrad
695 1273 32 19 att
737 1271 91 21 bekläda
836 1270 66 26 sagda

77 1300 96 26 tjenster,
197 1299 39 21 och
260 1300 36 20 det
314 1306 28 14 nu
360 1300 92 26 stadgas,
469 1302 33 19 att
518 1300 108 21 adelsman
640 1300 48 21 icke
703 1301 23 19 är
742 1299 90 21 hindrad
847 1299 56 20 deri-

78 1327 54 26 frän,
148 1334 25 14 en
188 1328 82 26 verklig
286 1329 88 26 ändring
390 1328 23 21 af
426 1329 106 26 grundlag
547 1328 69 21 skulle
631 1334 40 20 ega
685 1334 53 19 rum,
754 1327 24 21 sä
790 1327 68 21 mäste
866 1327 37 26 jag

78 1356 33 21 för
134 1356 43 21 min
199 1356 35 21 del
256 1356 89 21 omfatta
364 1357 40 20 den
420 1357 22 20 af
455 1357 26 20 hr
497 1357 53 21 Lille
565 1357 126 20 framstälda
705 1356 88 26 äsigten,
810 1355 39 21 och
864 1355 40 20 ber

76 1385 37 26 jag
131 1384 78 27 derför,
226 1387 32 19 att
272 1385 7 20 i
294 1385 41 20 allo
351 1385 21 20 få
387 1385 74 21 förena
476 1385 44 26 mig
536 1391 33 15 om
585 1385 25 20 hr
625 1385 66 20 Lilles
705 1384 79 26 förslag
799 1383 33 22 till
846 1389 58 15 reso-

79 1413 75 20 lution.

148 1441 31 20 Hr
201 1441 126 26 Högman:
350 1441 60 21 Minä
428 1443 76 26 pyysin
522 1442 166 26 puheenvuoroa
702 1441 97 27 myöskin
814 1439 91 32 saadak-

79 1469 46 20 seni
147 1470 121 26 puolestani
290 1470 64 27 yhtyä
376 1470 68 21 siihen
467 1470 218 27 ponsiehdotukseen,
706 1469 66 27 jonka
794 1469 39 19 hra
851 1467 54 21 Lille

80 1499 58 19 tässä
161 1503 26 15 on
208 1498 81 27 tehnyt.
320 1498 110 21 Minunkin
446 1499 121 20 mielestäni
583 1505 27 14 on
625 1498 65 25 selvä,
706 1499 44 19 että
764 1496 106 28 yhdistys-
883 1496 23 26 ja

80 1525 177 27 vakuutuskirjan
273 1527 13 20 4
301 1526 66 21 kohta
382 1528 73 19 tämän
470 1527 72 20 uuden
557 1526 253 21 lainsääntöehdotuksen
829 1524 78 21 kautta
