1086 1750
216 129 22 17 12
480 129 92 23 Borgarest.
584 129 45 19 1888.
652 129 23 19 20
688 130 37 21 Jan,

263 199 71 22 Sedan
356 200 95 21 ständets
473 206 53 20 egen
548 200 237 27 helsningsdeputation
802 205 89 15 numera
905 199 112 21 ätervändt

194 228 40 21 och
249 228 113 26 meddelat,
380 230 32 20 att
427 228 41 22 den
483 228 94 27 fullgjort
594 228 38 22 sitt
646 229 104 26 uppdrag,
769 228 100 27 upplöste
884 228 25 21 hr
924 228 91 22 talman-

193 263 42 15 nen
254 257 165 21 sammanträdet
435 257 30 21 kl.
486 258 45 26 '92
550 264 18 14 e.
584 263 28 15 m.
627 258 48 20 med
691 257 130 27 uppmaning
835 257 34 21 till
885 257 84 21 ståndet
984 258 32 20 att

194 285 46 22 åter
256 285 77 22 samlas
348 286 28 20 kl.
394 284 44 26 '/23
454 292 17 15 e.
489 292 26 15 m.

782 314 21 18 In
815 313 65 18 fidem:

718 348 97 21 Mauritz
830 348 117 27 Hornborg.

371 481 103 29 Fredagen
492 482 38 22 den
545 482 27 22 20
586 482 80 28 januari
684 481 26 23 kl.
727 480 44 29 '/23
787 486 18 18 e.
821 486 25 18 m.

264 544 70 21 Sedan
350 544 95 22 ständets
460 545 137 21 medlemmar
612 545 48 21 äter
674 545 94 25 samlats,
788 545 100 21 inträdde
903 545 114 21 ceremoni-

194 574 113 25 mästaren,
329 573 145 22 hofmästaren
493 574 79 24 Taube,
589 574 40 21 och
644 574 74 27 inbjöd
733 574 8 21 i
756 574 59 21 Hans
831 574 111 27 Majestäts
960 574 56 27 höga

194 608 64 15 namn
281 602 39 21 och
342 602 27 27 pä
391 603 116 26 befallning
526 603 22 21 af
566 603 54 21 hans
636 603 105 21 excellens
756 603 221 26 generalguvernören
992 603 26 21 hr

194 631 122 21 talmannen
335 631 39 21 och
392 631 177 27 borgareständet
588 633 32 20 att
639 632 82 21 bevista
735 631 261 26 landtdagsgudstjensten
1011 632 7 20 i

193 659 169 28 Nikolaikyrkan
384 660 100 27 lördagen
505 661 39 20 den
564 661 25 21 21
607 661 86 26 januari
708 660 29 21 kl.
755 661 24 20 11
796 659 15 22 f.
827 666 26 15 m.
870 659 39 22 och
924 660 94 21 derefter

194 687 111 22 öfvervara
326 689 141 26 landtdagens
490 689 117 26 högtidliga
630 689 113 27 öppnande
758 689 6 20 i
780 689 109 20 tronsalen
908 688 12 21 &
937 689 81 27 kejser-

193 716 44 27 liga
251 717 79 21 slottet.

264 745 70 21 Sedan
349 746 25 21 hr
389 747 122 20 talmannen
527 746 81 21 uttalat
624 746 95 21 ständets
734 746 135 27 tacksägelse
883 745 33 22 för
931 746 41 21 den
986 752 32 15 er-

193 773 73 22 hållna
287 774 158 27 inbjudningen,
468 775 98 21 afträdde
582 775 221 25 ceremonimästaren,
824 775 39 21 och
879 776 139 20 sammanträ-

194 803 36 20 det
245 803 109 26 upplöstes
369 803 29 21 kl.
413 804 14 21 3
443 810 17 14 e.
476 810 27 14 m.

782 832 21 17 In
816 831 63 18 fidem:

713 866 95 21 Mauritz
823 866 119 27 Hornborg.

363 997 113 29 Mändagen
493 998 37 23 den
546 999 26 22 23
586 999 80 28 januari
682 999 27 23 kl.
727 998 53 25 '/212
795 999 14 22 f.
825 1003 26 18 m.

262 1043 41 22 Vid
328 1047 106 24 uppropet
460 1045 104 21 befunnos
592 1045 98 27 samtliga
716 1045 139 21 medlemmar
876 1044 139 26 närvarande,

192 1074 60 19 utom
267 1073 25 20 hr
308 1073 145 27 Wasenius,
469 1079 44 16 som
529 1074 91 26 tidigare
634 1074 82 21 anmält
730 1073 118 22 förhinder.

261 1163 32 22 Hr
311 1164 115 22 Fellman
446 1165 71 22 anhöll
536 1172 34 16 om
586 1166 61 22 ordet
662 1166 40 22 och
717 1166 100 27 uppläste
833 1166 31 21 ett
879 1165 24 21 sä
917 1165 98 27 lydande,

192 1192 120 27 skriftligen
327 1193 98 22 affattadt
441 1194 147 27 andragande:

410 1267 9 10 »
425 1251 42 21 Till
481 1252 105 26 vällofliga
602 1252 187 26 Borgareständet.

262 1290 70 22 Sedan
346 1291 130 27 landtdagen
492 1298 88 15 numera
594 1292 70 21 blifvit
679 1293 7 20 i
701 1292 143 21 föreskrifven
859 1291 90 26 ordning
964 1292 52 25 öpp-

191 1319 50 26 nad,
264 1319 96 22 anhäller
373 1320 36 27 jag
425 1321 108 21 vördsamt
551 1323 39 23 att,
613 1321 66 21 innan
694 1320 179 27 borgareständet
889 1320 80 20 skrider
984 1319 32 21 till

192 1348 36 21 det
243 1348 107 27 egentliga
364 1349 204 27 landtdagsarbetet,
584 1349 22 21 fä
621 1350 32 20 till
668 1349 97 22 ständets
777 1348 116 27 afgörande
903 1348 113 27 hänskjuta

190 1382 27 15 en
232 1376 66 27 fräga,
315 1384 51 20 som,
382 1379 59 19 utom
456 1380 32 19 att
503 1378 39 21 den
558 1378 64 21 berör
636 1378 49 21 mitt
699 1378 123 27 personliga
836 1377 132 21 förhällande
977 1376 39 21 och

190 1405 58 21 mina
263 1406 94 21 valmäns
372 1407 50 25 rätt,
438 1406 61 21 äfven
514 1408 24 19 är
553 1406 23 22 af
589 1406 78 22 allmän
682 1408 71 20 natur.

259 1434 47 20 Den
324 1435 26 21 12
365 1435 120 26 september
501 1435 53 21 1887
569 1435 48 21 vald
634 1435 31 21 till
681 1436 151 26 representant
846 1434 33 21 för
894 1434 62 21 Kemi
968 1433 48 21 stad

190 1462 35 20 vid
248 1462 70 21 denna
333 1463 108 27 landtdag,
463 1463 46 21 blef
519 1464 43 26 jag,
586 1464 27 20 dä
628 1463 95 22 direktör
738 1464 7 20 i
761 1463 163 25 statskontoret,
947 1462 41 21 den
1004 1462 10 20 1

190 1490 160 28 derpäföljande
373 1492 111 21 december
501 1492 7 21 i
523 1492 67 21 näder
612 1492 73 21 kallad
707 1492 40 22 och
769 1491 117 22 förordnad
908 1492 32 20 att
965 1496 51 15 vara

190 1520 87 20 senator
292 1520 39 20 och
347 1520 94 22 ledamot
459 1520 23 22 af
499 1520 113 27 kejserliga
630 1522 99 20 senatens
744 1520 33 22 för
792 1520 93 22 Finland
897 1519 120 27 justitiede-

189 1549 127 25 partement.
346 1548 41 22 Vid
409 1549 59 21 tiden
490 1549 33 21 för
544 1549 162 27 ifrägavarande
724 1550 35 21 val
774 1548 83 28 föreläg
872 1548 83 22 säledes
970 1547 46 22 icke
