1086 1723
342 127 94 23 Borgarest.
448 128 46 19 1888.
517 128 10 18 7
540 128 49 23 April.
822 128 33 18 567

62 196 117 22 utskottets
200 196 135 22 betänkande
357 196 7 21 i
382 196 71 22 denna
468 197 41 27 del,
524 199 31 23 är,
573 198 32 19 att
619 196 37 22 det
671 202 61 21 synes
747 196 49 27 mig,
811 196 69 21 såsom

64 231 35 15 om
114 225 41 21 den
170 224 22 22 af
204 225 104 21 utskottet
322 224 122 27 föreslagna
459 225 174 27 utsträckningen
649 225 23 21 af
680 225 116 27 begreppet
807 230 74 21 ,,varu-

65 253 86 21 märke''
175 253 67 21 skulle
264 253 99 25 medföra,
380 255 32 19 att
427 254 109 26 åtskilliga
551 254 161 21 bestämmelser
726 254 7 20 i
748 254 26 20 de
788 252 93 28 följande

64 282 149 27 paragraferna
234 282 69 21 blefve
320 282 139 26 otillämpliga
474 282 52 22 eller
541 282 128 22 åtminstone
684 282 62 21 ledde
760 282 32 21 till
807 282 75 20 inkon-

63 316 114 21 seqvenser
198 310 51 21 eller
264 310 81 21 kanske
360 312 81 20 rättare
456 311 152 27 orimligheter,
624 310 62 22 äfven
701 312 58 20 utom
775 310 47 26 den,
837 315 45 15 som

65 338 23 22 af
108 339 25 21 hr
154 340 75 25 Elving
248 340 72 20 senast
334 338 68 22 blifvit
417 339 134 26 framhållen,
566 339 133 21 beträffande
714 345 106 21 personer,
836 344 46 15 som

65 367 64 22 hafva
149 374 79 15 samma
250 373 70 15 namn.
349 367 40 27 Jag
412 368 37 21 vill
467 368 7 21 i
490 368 77 21 sådant
582 368 99 21 afseende
696 367 88 27 påpeka,
800 368 31 20 att
846 366 36 22 det

65 396 33 21 till
113 396 93 28 exempel
220 402 61 21 synes
295 396 42 26 mig
351 402 51 15 vara
417 397 101 26 temligen
534 396 115 27 olämpligt,
665 398 33 19 att
708 402 24 15 en
743 402 83 20 person,
837 401 45 15 som

65 425 94 21 anmäler
181 425 37 21 sitt
235 424 120 27 personliga
369 431 64 15 namn
448 426 34 20 till
498 425 166 27 inregistrering,
680 424 68 22 skulle
762 431 51 15 vara
827 424 56 27 skyl-

65 454 36 26 dig
123 456 38 24 att,
183 454 7 20 i
212 453 92 27 enlighet
325 453 48 21 med
392 453 12 27 $
423 454 20 26 3,
459 454 86 26 bilägga
560 460 26 14 en
601 453 117 27 afbildning
732 453 23 21 af
768 454 38 20 sitt
819 458 63 15 namn

65 482 28 27 pä
107 482 42 21 fast
163 488 79 20 papper
257 482 22 21 af
292 482 41 20 viss
349 482 80 21 storlek
444 483 40 21 och
499 482 70 22 dertill
587 484 56 19 ännu
661 482 90 21 clichéer
761 482 49 21 med
819 482 64 20 stäm-

66 511 41 26 pel.
137 510 72 22 Skulle
224 510 42 21 han
281 512 51 24 göra
347 510 59 22 detta
422 517 82 19 senare,
519 511 24 21 sä
558 510 69 22 skulle
642 510 42 21 han
699 510 47 21 icke
760 510 72 21 kunna
846 515 37 15 an-

66 539 69 21 vända
157 539 37 21 sitt
215 545 63 15 namn
296 538 68 22 säsom
379 540 129 21 varumärke
522 540 67 20 annat
603 541 26 19 än
645 539 48 21 med
709 545 79 15 samma
803 538 81 22 stilsort

66 568 40 20 och
128 567 53 21 efter
204 568 40 20 den
266 567 71 26 clich6,
360 568 39 20 han
423 568 103 21 inlemnat
540 568 33 21 till
587 568 201 27 industristyrelsen,
804 566 80 22 hvilket

67 602 62 21 synes
143 596 49 26 mig,
208 596 27 21 dä
250 596 36 21 det
300 596 65 26 gäller
380 598 30 19 ett
426 603 70 17 namn,
512 603 52 15 vara
579 596 100 26 temligen
691 596 93 26 onödigt.
807 594 77 22 Likasä

66 631 63 15 anser
140 625 37 27 jag
191 625 36 21 det
241 631 51 15 vara
306 625 92 26 onödigt,
414 626 32 20 att
462 632 25 14 en
503 625 119 27 afbildning
637 624 23 22 af
673 624 59 22 detta
741 630 64 15 namn
815 623 69 21 skulle

66 654 50 26 ingä
138 654 6 20 i
167 654 25 21 de
214 653 90 21 officiela
318 653 144 27 tidningarna;
478 654 38 21 der
531 654 72 26 borde,
620 653 67 27 enligt
701 653 42 21 min
759 653 61 26 äsigt,
835 652 49 26 ingä

67 682 76 21 endast
165 688 26 15 en
212 682 132 26 förteckning
366 682 58 21 öfver
447 682 55 26 dem,
526 688 45 15 som
594 682 63 21 hafva
679 682 145 26 inregistrerat
838 681 46 21 sina

67 716 71 20 namn,
161 710 39 21 och
221 710 47 21 icke
290 710 80 27 aftryck
392 710 24 22 af
436 711 92 21 clich&er
550 710 48 22 med
617 710 161 27 namnstämpel.
808 708 33 22 Dä
855 715 28 15 nu

67 745 87 20 person-
177 739 38 21 och
237 738 123 22 firmanamn
381 738 129 28 fullkomligt
529 739 104 21 likställas
647 738 49 22 med
710 737 173 24 fabriksmärken,

68 773 61 21 synes
152 768 35 20 det
209 768 47 26 mig,
278 774 44 14 som
341 774 33 14 om
393 768 27 20 de
434 768 167 25 bestämmelser,
617 768 72 20 hvilka
704 767 59 21 äfven
779 766 105 21 utskottet

65 796 116 26 föreslagit,
197 796 128 21 beträffande
339 796 153 22 varumärkens
503 796 68 27 skydd
581 798 45 19 mot
636 796 66 21 andra
717 795 85 25 sädana,
814 794 71 21 hvilka

65 826 38 19 äro
119 824 23 21 sä
157 824 43 21 lika
214 825 26 21 de
254 824 64 24 förra,
333 826 31 20 att
378 825 27 21 de
420 824 74 22 kunna
508 825 48 21 med
571 824 48 21 dem
633 824 111 24 förvexlas,
759 830 50 14 vore
820 822 65 27 omöj-

67 853 42 26 liga
130 854 32 20 att
176 853 101 27 tillämpa.
308 853 38 22 Om
361 854 32 21 till
408 854 96 27 exempel
520 860 25 15 en
560 859 78 21 person
653 853 60 21 heter
729 852 101 22 Selander
845 851 39 22 och

67 888 27 15 en
116 888 70 15 annan
208 882 103 25 Silander,
329 882 24 21 sä
370 882 68 21 skulle
454 883 42 21 den
511 888 75 15 senare
601 881 73 22 kunna
689 887 61 16 anses
766 880 63 22 hafva
843 880 42 21 för-

66 910 79 21 falskat
166 911 130 24 varumärke,
322 911 87 21 emedan
432 911 54 21 hans
502 917 63 15 namn
581 911 38 20 har
635 910 67 21 likhet
716 910 47 21 med
778 909 36 22 det
828 909 58 21 förra

68 941 91 22 namnet.
182 939 77 21 Vidare
273 939 39 21 har
326 939 25 21 hr
368 939 101 27 Hallberg
485 939 76 26 anfört,
577 940 32 20 att
625 945 34 15 om
674 939 37 21 två
721 944 101 21 personer
831 937 54 21 hade

68 974 80 14 samma
165 974 62 15 namn
242 968 39 21 och
296 968 91 21 anmälte
402 974 93 15 namnen
510 968 33 21 till
557 967 142 27 registrering,
716 967 23 21 sä
754 967 68 21 skulle
838 965 46 26 den,

67 1002 46 15 som
134 996 84 21 komme
240 1002 79 20 senare,
341 1003 51 14 vara
407 998 95 25 tvungen
518 998 31 19 att
563 999 52 24 taga
630 998 31 19 ett
676 998 66 19 annat
757 1001 62 15 namn
835 994 51 21 eller

67 1024 78 26 märke,
168 1025 33 20 för
222 1027 32 19 att
275 1025 22 21 fä
319 1025 35 21 det
368 1025 168 26 inregistreradt.
565 1025 50 20 Men
631 1024 24 21 sä
670 1026 24 19 är
710 1024 35 21 det
759 1023 47 22 icke
821 1023 65 26 enligt

68 1053 115 21 utskottets
203 1053 79 27 förslag
303 1054 32 20 till
364 1053 4 27 $
393 1054 33 24 12,
448 1055 24 25 ty
488 1054 37 20 der
540 1053 60 21 heter
615 1053 42 25 det,
673 1053 33 21 att
721 1059 32 14 om
769 1058 26 14 en
810 1057 75 21 person

68 1081 40 21 fätt
123 1081 38 21 sitt
175 1081 71 21 märke
260 1082 160 26 inregistreradt
436 1082 40 20 och
492 1088 26 15 en
533 1088 71 14 annan
619 1087 84 21 person,
719 1086 44 16 som
778 1080 57 21 förut
850 1085 36 15 an-

68 1109 65 21 vändt
149 1116 79 15 samma
243 1110 78 26 märke,
336 1110 56 22 inom
408 1110 12 21 6
436 1110 103 22 mänader
554 1110 53 21 efter
623 1110 36 20 det
673 1109 151 26 förordningen
834 1114 52 15 vun-

69 1138 31 21 nit
121 1138 98 26 gällande
241 1138 63 27 kraft,
320 1138 94 22 anhäller
430 1144 35 16 om
480 1138 167 27 inregistrering,
663 1138 24 21 sä
702 1138 40 20 kan
758 1137 42 21 han
814 1136 22 21 fä
850 1136 37 21 det

68 1166 58 22 förra
148 1167 82 21 märket
252 1168 125 20 annuleradt
396 1167 38 21 och
451 1168 39 20 sitt
505 1168 50 26 eget
568 1166 166 27 inregistreradt.
764 1165 59 22 Skall
838 1170 49 16 man

69 1195 26 21 dä
118 1196 48 20 med
188 1196 48 21 stöd
257 1196 23 21 af
293 1196 107 27 dopattest
414 1196 70 20 räkna
498 1199 30 23 ut,
544 1195 139 21 hvilkendera
697 1195 71 26 längre
783 1194 32 21 tid
829 1193 59 21 burit

69 1224 38 21 sitt
121 1224 67 26 ärliga
202 1230 70 20 namn,
288 1224 51 22 eller
354 1224 54 21 skall
423 1230 50 15 man
489 1227 50 24 taga
553 1224 52 21 reda
619 1224 34 26 pä,
668 1223 137 21 hvilkendera
815 1222 73 26 längre

69 1252 31 22 tid
122 1252 82 22 kunnat
222 1253 78 21 skrifva
314 1253 59 21 detta
388 1259 72 20 namn,
476 1253 52 21 eller
543 1252 84 22 skrifvit
642 1252 36 21 det
693 1252 27 26 pä
735 1252 45 20 sina
794 1249 94 23 tillverk-

69 1282 80 25 ningar.
179 1281 41 27 Jag
242 1288 61 14 anser
325 1282 58 20 detta
398 1281 48 21 leda
462 1282 34 20 till
511 1281 24 21 sä
549 1282 59 20 stora
622 1280 162 26 förvecklingar,
800 1280 32 20 att
844 1278 43 27 jag,

69 1310 44 20 ifall
135 1310 40 20 den
197 1310 92 27 följande
311 1310 148 21 diskussionen
482 1310 40 21 och
545 1310 26 20 de
590 1309 136 21 medlemmar
740 1308 23 22 af
776 1307 111 25 utskottet,

69 1344 46 15 som
136 1337 68 22 finnas
224 1338 136 26 närvarande,
375 1338 47 22 icke
437 1338 75 22 kunna
528 1337 109 28 öfvertyga
651 1338 43 26 mig
709 1343 40 20 om,
765 1339 33 19 att
812 1336 40 21 den
868 1335 22 21 af

69 1366 106 22 utskottet
196 1367 100 26 vidtagna
317 1366 151 27 förändringen
491 1368 24 20 är
532 1366 85 22 absolut
634 1366 126 26 nödvändig,
776 1364 68 22 mäste
858 1363 30 22 af-

71 1395 47 27 böja
133 1395 115 21 utskottets
262 1396 78 26 förslag
355 1395 39 21 och
409 1397 60 19 rösta
483 1395 34 21 för
532 1395 41 21 den
589 1394 76 26 nädiga
680 1394 165 27 propositionen.

137 1424 32 20 Hr
191 1424 111 27 Nyberg:
325 1424 135 21 Beträffande
484 1424 67 20 andra
572 1424 117 20 momentet
711 1422 21 21 af
749 1422 11 27 &
777 1423 11 20 1
803 1421 85 21 förenar

67 1452 37 26 jag
125 1452 42 26 mig
186 1452 48 22 med
250 1452 25 21 hr
290 1452 99 22 Juselius.
419 1452 52 21 Men
484 1452 38 27 jag
537 1458 62 15 anser
614 1453 32 19 att
660 1450 106 22 utskottet
780 1450 40 21 har
833 1449 56 27 gjort

69 1486 26 15 en
110 1480 101 22 afvikelse
226 1480 46 22 frän
286 1480 113 27 kejserliga
413 1480 170 27 propositionen,
598 1480 85 21 hvilken
698 1479 54 21 varit
766 1480 58 20 ännu
836 1477 52 21 min-

70 1508 37 21 dre
128 1509 130 26 välbetänkt,
280 1510 27 19 än
323 1509 39 21 den
377 1509 7 21 i
398 1508 69 22 första
482 1508 134 28 paragrafen.
645 1508 41 26 Jag
701 1513 71 15 menar
786 1505 103 23 förfaran-

70 1536 36 21 det
126 1537 49 21 med
193 1537 32 21 till
240 1537 72 21 landet
325 1537 101 21 inkomna
440 1536 117 22 utländska
571 1542 72 21 varor;
658 1536 106 21 utskottet
778 1535 39 21 har
832 1540 58 15 nem-
