1084 1750
324 137 93 22 Borgarest.
429 136 49 19 1888.
501 136 23 18 10
532 136 51 23 April.
809 139 34 18 689

36 206 44 26 liga
100 204 305 27 omröstningspropositionen
425 204 46 21 blef
485 204 33 22 till
533 204 54 27 följd
601 205 64 21 häraf
678 204 90 22 sålunda
787 206 78 22 formu-

36 234 70 20 lerad:

105 260 40 28 De,
164 260 70 22 hvilka
252 260 65 22 önska
334 262 77 26 antaga
429 261 162 21 bondeståndets
609 260 132 28 inbjudning,
759 263 58 20 rösta
827 262 36 27 ja;

36 290 32 26 de,
84 290 34 20 det
132 289 43 22 icke
188 290 58 26 göra,
262 290 57 20 rösta
333 289 46 27 nej;

104 318 73 21 vinner
191 318 43 27 nej,
250 317 40 21 kar
304 317 171 27 borgareståndet
490 317 89 26 beslutit,
596 319 36 24 att,
648 318 49 20 med
711 317 114 28 afböjande
839 318 27 27 af

36 342 160 58 bondeståndet
217 346 134 27 inbjudning,
372 346 102 26 vidblifva
496 346 38 21 sitt
552 346 90 26 tidigare
660 346 9 20 i
686 346 80 27 frågan
784 346 80 27 fattade

49 376 59 20 eslut.

104 403 34 21 Då
152 404 71 21 denna
236 402 134 27 proposition
384 403 130 21 besvarades
528 403 49 21 med
591 403 156 27 öfvervägande
757 404 40 27 nej,
808 404 56 21 hade

35 431 179 27 borgareständet
233 431 81 21 säledes
329 431 95 26 beslutit,
440 432 34 20 att
490 431 73 27 afböja
577 431 168 21 bondeständets
759 432 104 26 ifrägava-

35 460 67 21 rande
116 460 128 27 inbjudning
259 459 39 21 och
312 459 103 21 vidblifva
430 460 38 20 sitt
482 460 8 20 i
505 460 67 21 saken
587 460 92 26 tidigare
694 460 81 22 fattade
786 461 75 25 beslut,

36 489 33 20 att
84 489 121 25 ständerna,
220 488 28 26 pä
262 489 44 19 sätt
320 488 108 20 allmänna
441 488 198 21 besvärsutskottet
653 488 7 21 i
675 488 38 21 sitt
727 488 135 22 betänkande

35 516 116 27 föreslagit,
174 516 69 21 skulle
264 516 71 21 lemna
353 516 27 21 de
398 517 6 19 i
424 516 75 27 frägan
514 516 120 22 inlemnade
653 517 209 27 petitionsförslagen

36 546 52 19 utan
104 544 106 22 afseende.

104 630 120 27 Föredrogs
239 630 37 21 hrr
290 630 81 21 Lilles
386 630 40 21 och
442 630 199 27 Schybergsons
652 630 33 21 till
695 630 83 21 ständet
788 631 73 20 inlem-

35 659 63 26 nade,
113 658 35 21 vid
164 660 85 19 senaste
263 658 86 27 plenum
359 658 54 27 änyo
424 659 121 26 bordlagda
555 658 188 27 petitionsförslag,
754 659 108 25 angäende

35 687 74 26 skärpt
123 687 95 20 kontroll
232 687 23 21 af
268 688 81 20 statens
363 687 244 26 penningeförvaltning.
641 686 68 21 Ordet
723 687 102 26 begärdes
841 687 23 20 af

104 715 26 20 hr
144 715 100 26 Heikel,
260 721 45 15 som
320 715 94 27 yttrade:
444 715 44 21 Det
502 721 38 15 var
555 717 52 19 utan
624 715 72 21 tvifvel
706 715 124 21 välbetänkt
841 715 23 21 af

35 743 27 21 de
77 745 79 19 tvenne
172 743 168 26 petitionärerna
354 745 33 19 att
400 743 118 27 framlägga
533 743 60 21 detta
608 743 85 26 förslag,
709 743 28 21 dä
751 744 26 20 de
789 743 72 27 betyd-

35 771 43 27 liga
93 771 160 27 försnillningar
268 771 23 22 af
304 771 107 22 allmänna
424 772 76 25 medel,
511 777 46 15 som
568 771 68 21 under
647 771 26 21 de
685 773 83 20 senaste
779 772 83 21 tiderna

34 800 143 26 törekommit,
196 799 64 22 hafva
277 800 79 21 blottat
371 806 65 20 svaga
450 800 59 21 sidor
524 800 7 20 i
546 800 158 26 förvaltningen
720 800 23 21 af
755 800 107 21 allmänna

34 828 83 21 kassor.
147 828 43 21 Det
205 830 24 19 är
244 828 71 21 derför
330 829 39 20 allt
384 828 46 21 skäl
445 828 35 21 för
491 828 116 21 ständerna
619 829 32 20 att
662 830 50 24 taga
723 829 69 20 denna
802 828 61 26 fräga

34 857 33 20 till
83 857 46 20 tals.
160 857 33 20 De
208 856 81 21 skedda
303 856 198 27 förskingringarna
516 856 65 21 hafva
592 857 34 20 väl
637 857 33 20 sin
681 858 107 20 närmaste
799 857 63 20 orsak

34 885 7 20 i
56 885 108 26 personlig
174 885 137 26 brottslighet
322 885 39 20 och
372 885 110 21 bristande
492 885 103 20 moralisk
606 885 77 26 stadga
692 885 40 21 hos
743 885 25 21 de
778 885 84 21 felande

34 919 108 20 personer,
157 913 83 21 hvilkas
255 913 112 21 förseelser
379 913 47 21 icke
436 913 27 27 pä
474 913 66 26 nägot
550 914 44 20 sätt
604 913 73 21 kunna
687 913 113 21 urskuldas
811 913 51 20 eller

35 941 138 27 Ofverskylas,
192 947 35 15 om
243 947 48 15 man
306 941 66 21 också
386 941 68 21 måste
470 941 102 26 erkänna,
588 943 33 19 att
636 941 62 21 dessa
713 941 58 21 brott
785 942 77 25 utgöra

34 969 107 22 måhända
159 970 41 21 den
218 971 90 25 yttersta
324 970 167 26 konsegvensen,
506 969 49 22 utaf
569 969 26 21 de
610 969 33 22 för
658 970 51 21 våra
724 969 138 22 ekonomiska

34 998 148 21 förhällanden
197 998 72 21 alltför
284 1000 58 19 stora
357 998 99 27 anspräk,
472 1004 49 15 man
536 999 59 20 inom
611 998 26 21 de
652 998 85 21 bildade
752 999 110 20 klasserna

34 1027 39 20 har
95 1026 28 27 pä
145 1026 67 21 lifvet.
249 1026 52 21 Man
324 1026 71 21 älskar
413 1028 33 19 att
464 1027 58 20 lefva
540 1026 53 27 högt
612 1026 39 21 och
672 1027 67 20 delvis
753 1027 61 20 äfven
830 1027 32 20 att

34 1055 60 26 spela
115 1054 59 27 högt.
211 1054 46 21 Och
280 1055 37 20 der
339 1055 147 21 inkomsterna
508 1054 47 21 icke
578 1055 65 20 räcka
664 1055 31 20 till
718 1056 32 20 att
772 1054 90 22 betäcka

34 1083 123 26 utgifterna,
178 1083 38 20 der
230 1083 71 26 griper
316 1089 49 15 man
380 1083 32 21 till
428 1083 26 20 de
470 1083 123 26 sedvanliga
609 1083 252 26 borgesförbindelserna,

34 1111 136 26 vexelrytteri
192 1111 40 21 och
255 1111 39 21 sist
316 1111 40 21 och
374 1111 100 27 slutligen
493 1111 142 26 förfalskning
654 1111 40 21 och
712 1111 149 26 förskingring.

34 1139 50 21 Men
100 1140 62 21 dessa
176 1139 60 21 brott
251 1139 55 21 hade
321 1140 109 21 sannolikt
444 1139 49 22 icke
507 1140 56 21 varit
578 1140 87 26 möjliga
680 1140 6 20 i
701 1140 40 20 den
755 1139 106 22 utsträck-

34 1168 50 26 ning
107 1167 26 21 de
155 1174 29 15 nu
205 1167 111 27 föröfvats,
339 1174 34 15 om
391 1168 48 21 icke
454 1168 29 21 fel
498 1168 31 21 uti
548 1168 156 26 förvaltningen
719 1168 142 21 förekommit.

34 1196 76 21 Såsom
132 1202 27 15 en
180 1196 55 21 brist
256 1196 7 21 i
286 1197 60 20 detta
368 1196 101 22 afseende
492 1197 62 21 torde
569 1197 8 20 i
595 1196 90 22 främsta
701 1199 90 18 rummet
809 1196 53 21 böra

33 1224 123 21 framhållas
179 1231 27 14 en
228 1224 37 21 illa
284 1225 82 21 ordnad
384 1225 114 26 bokföring
517 1225 39 21 och
573 1225 88 26 specielt
677 1225 40 21 den
733 1224 128 26 omständig-

34 1253 71 26 heten,
120 1254 38 24 att,
175 1252 54 22 efter
248 1253 56 21 hvad
316 1253 38 27 jag
369 1253 39 21 har
423 1253 43 26 mig
480 1253 88 26 bekant,
583 1254 7 20 i
606 1254 71 25 regeln
693 1253 69 26 någon
777 1258 84 21 gemen-

34 1287 45 15 sam
94 1281 108 21 kassabok
217 1281 51 21 eller
283 1281 130 21 kassakladd
424 1282 47 20 icke
482 1282 58 20 föres
551 1282 36 20 vid
597 1282 51 20 våra
657 1282 133 20 förvaltande
803 1286 59 21 myn-

33 1310 103 25 digheter.
174 1309 86 21 Samma
281 1316 77 20 person
380 1310 40 20 har
442 1316 27 14 en
492 1310 35 21 hel
545 1310 79 26 mängd
642 1310 75 21 fonder
737 1310 50 20 eller
805 1309 57 21 olika

33 1337 75 21 kassor
127 1338 68 20 under
214 1338 32 20 sin
265 1337 137 27 förvaltning.
436 1338 43 21 För
498 1344 26 15 en
539 1338 54 20 hvar
608 1338 23 21 af
644 1338 62 21 dessa
721 1338 56 20 föras
793 1337 70 21 skilda

33 1366 87 26 böcker,
138 1366 33 20 uti
188 1366 73 20 hvilka
278 1366 48 21 dess
341 1366 119 21 inkomster
475 1366 40 22 och
531 1366 88 27 utgifter
634 1366 105 21 anteknas
751 1366 66 27 jemte
832 1365 30 21 af-

34 1394 39 20 och
88 1394 123 26 päföringar
226 1394 40 21 och
281 1394 61 21 alltid
358 1394 66 27 enligt
439 1394 37 21 det
490 1394 119 27 bevingade
620 1394 61 21 ordet
692 1394 111 26 ,,slutande
813 1394 50 20 med

33 1422 96 21 balans".
163 1422 77 21 Denna
257 1422 55 21 brist
330 1422 28 27 på
372 1428 123 21 gemensam
513 1423 131 21 kassakladd
662 1425 38 24 gör
715 1423 37 21 det
767 1422 96 26 omöjligt

32 1450 34 21 för
88 1450 130 21 förvaltaren
240 1450 40 22 och
303 1450 69 22 likaså
390 1451 34 21 för
441 1451 154 26 kontrollören,
615 1452 33 20 att
665 1453 53 19 utan
733 1450 130 26 tidsutdrägt

33 1479 41 20 lätt
92 1478 72 22 kunna
182 1478 126 22 öfverskåda
326 1479 90 21 kassans
434 1480 102 26 ställning
555 1480 39 20 och
610 1479 111 27 öfvertyga
735 1479 31 26 sig
781 1485 34 15 om
831 1480 32 18 att

33 1507 41 20 den
93 1506 95 22 befinner
206 1507 32 26 sig
256 1507 7 21 i
282 1508 44 20 rätt
344 1507 67 21 skick.
445 1508 77 20 Denna
540 1508 55 20 brist
612 1508 8 20 i
639 1508 141 26 bokföringen
795 1506 67 22 vållar

33 1534 70 26 äfven,
123 1534 71 22 såsom
209 1535 167 27 petitionärerne
391 1536 123 25 framhållit,
531 1536 93 26 onödiga
639 1536 98 21 remisser
752 1535 39 21 och
807 1534 56 22 åter-
