1086 1748
338 108 91 23 Borgarest.
442 108 44 18 1888.
510 108 19 18 10
541 108 52 18 Mars.
820 108 34 18 425

58 178 195 25 lifstidsunderhåll,
276 178 27 26 på
324 179 42 19 sätt
388 177 103 21 särskildt
513 177 107 27 stadgas',
643 177 48 21 icke
710 177 26 27 på
755 176 64 26 något
834 178 42 19 sätt

59 208 122 25 garanterar
197 206 26 21 de
238 212 106 20 personer,
361 212 44 14 som
422 206 61 21 skola
497 206 47 21 från
559 206 33 21 sin
602 206 66 26 tjenst
684 205 89 25 afträda,
790 206 30 20 ett
834 204 41 21 till-

59 235 91 26 räckligt
164 234 148 27 lifsuppehälle
327 234 32 21 för
375 234 61 21 deras
451 234 134 21 återstående
600 234 75 21 lifstid.
707 234 48 21 Man
770 234 39 20 bör
819 238 57 16 nem-

59 264 55 26 ligen
134 263 73 21 härvid
224 263 55 21 fästa
297 263 214 27 uppmärksamheten
529 263 36 21 vid
580 263 41 21 den
638 262 191 26 omständigheten,
845 262 31 20 att

59 293 32 20 ett
105 294 54 19 stort
174 292 57 21 antal
245 292 23 20 af
281 292 50 20 våra
342 291 116 21 skollärare
473 292 34 20 vid
523 298 65 20 yngre
603 291 30 27 år,
649 292 100 26 möjligen
764 290 66 21 under
846 291 31 19 ett

59 320 124 22 decennium
199 320 50 22 eller
267 322 58 19 ännu
342 320 73 26 längre
434 320 37 26 tid,
491 322 64 25 egnat
569 320 49 21 hela
637 320 32 21 sin
685 320 57 20 kraft
757 319 22 21 åt
794 319 83 27 privata

60 349 96 21 läroverk
172 350 39 20 och
226 349 53 21 först
294 348 35 21 vid
344 354 74 15 senare
438 348 23 21 år
480 348 106 27 öfvergått
600 348 33 22 till
648 350 81 19 statens
744 348 70 27 tjenst.
844 346 32 22 Då

59 378 117 21 tillsvidare
197 378 46 21 icke
265 377 69 27 någon
357 377 34 26 lag
410 377 73 21 derom
502 377 66 21 finnes
588 390 26 2 —
636 377 68 21 ehuru
718 377 7 20 i
740 376 136 26 förbigående

60 406 61 27 sagdt
133 407 113 21 ständerna
258 406 33 20 vid
307 407 83 19 senaste
405 406 102 26 landtdag
522 406 155 26 petitionerade
692 412 34 14 om
737 412 25 14 en
773 405 65 21 sådan
849 416 26 2 —

59 437 32 19 att
109 436 70 20 denna
193 434 109 27 tjenstetid
320 434 34 21 vid
373 434 82 27 privata
474 435 98 21 läroverk
590 434 69 21 skulle
674 434 22 21 få
710 433 166 27 tillgodoräknas

60 464 35 20 vid
109 464 143 25 beräkningen
271 463 23 21 af
310 463 95 26 pension,
424 462 24 22 så
467 463 68 21 skulle
550 464 25 26 ju
595 463 36 21 det
648 463 143 21 förhållandet
806 462 71 21 kunna

59 492 84 27 uppstå,
162 494 31 19 att
213 498 24 14 en
256 492 68 20 lärare
343 492 51 20 eller
412 491 115 26 lärarinna,
547 498 45 15 som
611 492 68 20 under
698 493 67 19 större
780 491 61 21 delen
856 489 23 21 af

60 521 37 20 sitt
112 520 25 21 lif
149 520 75 21 verkat
239 520 47 21 med
301 520 109 26 framgång
424 520 29 26 på
469 520 125 27 skolbanan,
610 520 69 21 skulle
690 520 82 26 tvingas
782 522 32 19 att
829 518 49 27 afgå

60 549 48 21 med
127 555 25 15 en
171 548 127 27 otillräcklig
315 549 95 26 pension,
430 551 22 24 ty
471 549 65 27 enligt
558 550 36 20 det
612 548 144 27 föreliggande
778 548 100 26 förslaget

60 578 106 20 beräknas
184 578 126 26 pensionens
329 578 75 26 belopp
424 578 55 20 efter
498 578 41 20 den
558 578 31 21 tid
608 577 120 27 respektive
743 578 69 20 lärare
827 576 51 20 eller

60 606 106 21 lärarinna
181 606 120 27 tjenstgjort
316 606 35 21 vid
365 607 82 20 statens
465 606 105 21 läroverk.
604 607 66 20 Detta
691 606 75 26 belopp
785 604 70 21 kunde
871 604 6 20 i

61 634 93 27 angifvet
176 634 37 21 fall
235 634 66 21 blifva
318 634 80 26 ganska
417 634 111 22 minimalt.
558 635 41 26 Jag
619 634 69 21 skulle
706 634 71 21 derför
792 632 86 22 förorda

61 663 36 21 det
111 663 73 26 tillägg
199 663 32 20 till
245 663 26 21 hr
286 663 85 21 Heikels
386 662 86 27 förslag,
489 665 31 19 att
535 663 35 21 vid
586 663 199 26 omformuleringen
801 661 23 21 af
836 661 42 21 för-

61 692 115 25 ordningen
195 692 40 20 den
257 691 23 21 af
297 692 42 26 mig
357 691 100 26 upplästa
477 693 70 20 satsen
567 692 69 21 skulle
652 691 86 27 utbytas
753 693 45 19 mot
812 690 66 21 orden

61 722 71 24 ,,emot
147 720 37 21 full
200 720 108 27 pension",
327 720 28 27 pä
373 720 36 20 det
428 721 33 20 att
482 721 25 20 de
526 721 68 20 lärare
610 720 40 21 och
667 720 124 25 lärarinnor,
806 718 73 21 hvilka

60 748 65 21 blifva
140 751 93 24 tvungna
249 750 31 19 att
295 748 48 27 afgä
362 755 26 14 ur
409 749 101 26 tjensten,
530 749 64 21 sedan
614 749 27 20 de
660 748 74 21 verkat
748 747 131 26 framgängs-

60 777 43 21 rikt
117 777 67 21 under
199 777 47 21 hela
261 777 40 21 den
317 777 143 21 kraftfullaste
476 777 61 21 delen
548 777 23 22 af
580 778 32 20 sin
622 777 74 26 lifstid,
707 776 104 22 mähända
826 775 53 21 först

60 805 27 27 pä
104 806 25 21 de
144 806 81 26 privata
239 806 135 21 läroverkens
390 805 87 22 omräde
497 806 39 21 och
554 806 122 21 sedermera
691 806 7 20 i
713 807 79 19 statens
807 804 71 27 tjenst,

60 834 33 21 för
109 835 32 20 sin
156 834 134 21 äterstäende
305 834 66 21 lifstid
386 834 69 21 skulle
474 834 80 21 erhälla
569 837 32 18 ett
619 834 123 26 tillräckligt
761 832 118 23 underhäll.

62 862 39 22 Om
119 863 59 21 detta
196 863 73 27 tillägg
287 865 67 25 göres,
374 863 68 21 skulle
465 863 2 21 i
491 863 39 21 och
553 864 48 20 med
624 863 117 21 detsamma
763 863 40 21 den
826 861 54 21 före-

62 892 74 26 slagna
150 892 141 26 kungörelsen
306 892 99 20 bortfalla
420 892 71 21 säsom
505 892 129 26 fullkomligt
650 892 83 26 onödig.

131 920 31 21 Hr
184 920 121 27 Löfgren:
327 920 180 22 Puolustaessaan
529 921 125 21 armollinen
678 920 104 27 esityksen
801 918 79 22 tarkoi-

62 950 58 20 tusta
143 955 26 15 on
187 949 123 21 valiokunta
325 948 132 22 esiintuonut
472 950 43 20 niin
532 950 90 20 tukevat
636 951 54 25 syyt,
706 949 51 21 ettei
772 948 52 21 niitä
839 947 40 26 käy

61 977 156 21 kumoominen.
246 978 26 20 Ei
294 978 52 20 niitä
365 978 106 20 ainakaan
490 978 87 21 kumota
592 978 137 21 semmoisilla
742 976 137 25 verukkeilla,

61 1006 52 21 kuin
128 1012 26 14 ne
170 1008 55 24 ovat,
238 1006 61 27 jotka
313 1006 170 22 vastalauseessa
498 1008 50 20 ovat
560 1006 112 22 kuuluviin
682 1007 103 26 päässeet.
805 1004 76 21 Vasta-

61 1035 86 21 lauseen
162 1034 75 28 tekijät
251 1035 81 27 pitävät
342 1034 152 22 virkamiesten
505 1035 229 21 eroittamattomuutta
743 1034 44 21 niin
798 1033 84 27 pyhänä

62 1063 119 26 oikeutena,
204 1065 43 19 että
269 1063 143 21 virkamiehen
434 1064 67 20 muka
522 1064 71 26 pitäisi
611 1064 67 20 saada
692 1064 108 20 virassaan
816 1062 64 26 pysyä

59 1092 24 27 ja
101 1091 172 22 virkatoimiansa
285 1092 74 26 jatkaa
373 1092 55 21 vielä
444 1092 109 21 silloinkin
568 1092 52 21 kuin
634 1092 50 26 hän,
699 1090 121 22 ikäkuluksi
832 1090 48 27 jou-

62 1120 110 26 duttuaan,
197 1120 18 21 ei
237 1122 54 20 enää
308 1120 137 22 kelvollisesti
463 1120 85 28 kykyne
563 1121 113 21 virkaansa
691 1120 154 22 toimittamaan
859 1118 22 26 ja

62 1149 53 21 siten
130 1148 154 28 yhteiskunnan
299 1149 159 27 palveluksessa
474 1150 96 20 saattaisi
585 1151 111 19 enemmän
710 1148 106 22 vahinkoa
828 1147 53 21 kuin

61 1178 78 26 hyötyä
156 1177 71 21 tehdä.
257 1178 152 20 Vastalauseen
427 1178 78 27 tekijät
521 1180 88 19 sanovat
623 1178 96 27 ikärajan
733 1176 149 22 määräämistä

62 1206 173 26 pakkokeinoksi,
255 1206 51 27 jopa
325 1206 185 22 väkivallaksikin.
539 1206 71 22 Mutta
625 1213 29 19 se,
667 1206 52 27 joka
733 1206 73 21 tahtoo
823 1204 59 22 asiaa

62 1234 76 22 katsoa
162 1234 193 27 yhteiskunnankin
380 1234 62 26 edun,
470 1236 48 20 eikä
539 1235 171 27 yksinomaisesti
732 1234 150 22 virkamiesten

63 1263 56 21 edun
133 1262 108 27 kannalta,
257 1263 19 21 ei
291 1264 34 20 voi
340 1264 87 20 havaita
438 1264 81 21 mitään
529 1264 122 21 väkivaltaa
661 1264 30 20 tai
701 1264 110 26 vääryyttä
821 1262 61 25 siinä,

63 1293 44 20 että
129 1297 22 15 se
174 1292 117 26 virkamies,
311 1292 52 27 joka
385 1292 130 22 vanhuuden
537 1292 162 21 vaikutuksesta
714 1292 39 27 käy
769 1291 114 21 virkaansa

63 1320 225 27 kykenemättömäksi,
312 1326 27 15 on
361 1320 136 27 velvollinen,
517 1321 115 21 riittävällä
646 1320 117 22 eläkkeellä
777 1320 106 20 varustet-

62 1351 59 23 tuna,
143 1349 106 21 virastaan
273 1355 120 15 eroomaan.
422 1349 150 21 Väkivallasta
594 1350 35 21 voi
651 1349 42 21 sitä
707 1348 118 22 vähemmin
841 1346 42 22 olla

62 1377 95 26 puhetta,
173 1377 66 21 koska
254 1377 113 21 virkamies
383 1377 33 26 eli,
432 1380 39 24 nyt
487 1377 97 27 puheena
599 1378 89 21 olevaan
703 1377 71 21 asiaan
785 1377 97 24 katsoen,

63 1406 93 26 opettaja
176 1405 22 27 jo
221 1405 153 28 valtuuskirjaa
391 1405 116 22 virkaansa
523 1406 128 21 saadessaan
667 1406 71 26 tietää,
754 1406 44 20 että
813 1405 71 20 hänen

63 1439 27 16 on
112 1434 79 21 virasta
212 1434 121 21 eroaminen
348 1435 28 20 63
390 1435 77 20 vuotta
483 1436 140 26 täytettyään,
636 1435 34 26 jos
686 1434 18 21 ei
719 1434 64 21 häntä
798 1432 86 22 erittäin

64 1462 109 21 oikeuteta
188 1463 107 21 virassaan
310 1463 91 21 vieläkin
416 1465 125 25 pysymään.

132 1491 124 21 Paikallaan
269 1491 23 27 ja
306 1492 93 20 minusta
414 1491 65 28 hyvin
496 1491 94 22 harkittu
606 1497 27 15 on
648 1491 83 21 tärkein
746 1490 63 21 niistä
824 1495 61 15 muu-

62 1519 96 26 toksista,
179 1519 61 26 jotka
263 1519 125 22 valiokunta
410 1525 27 16 on
457 1520 229 21 asetusehdotuksessa
703 1519 79 27 tehnyt.
813 1518 72 21 Valio-
