1086 1742
376 126 96 22 Borgarest.
483 125 48 19 1888.
554 125 20 19 10
585 125 51 23 April.
862 125 34 18 629

93 192 71 22 denna
179 192 34 22 del
234 192 119 23 förefinnes.
383 194 50 21 Man
450 193 43 22 kan
515 194 73 21 vidare
611 193 99 26 invända,
729 194 33 20 att
781 199 25 15 en
821 194 97 26 varning,

94 220 59 22 öfver
167 221 84 22 hvilken
267 222 76 21 besvär
358 222 33 21 får
406 228 39 20 ega
460 228 54 20 rum,
531 222 39 21 och
586 222 64 21 hvars
661 222 86 26 slutliga
757 221 117 27 afgörande
885 222 33 21 så-

93 248 66 22 lunda
180 249 42 22 kan
240 250 28 26 gå
285 250 34 21 till
337 250 76 27 högsta
431 251 90 26 instans,
540 250 100 28 möjligen
659 250 96 21 kommer
775 251 32 20 att
825 250 93 21 tilldelas

94 277 41 21 den
149 278 96 27 skyldige
263 278 53 22 först
334 280 31 20 ett
383 279 52 21 eller
453 279 38 21 två
505 278 24 22 år
545 278 55 22 efter
618 278 42 22 den
676 278 112 27 begångna
802 278 116 22 förseelsen

93 306 40 21 och
151 306 90 22 sålunda
262 308 25 20 är
308 307 65 27 något
391 307 90 22 sentida.
511 308 43 20 Det
571 306 111 22 förefaller
696 306 77 26 derför,
790 312 45 16 som
854 312 41 20 om,
910 306 8 21 i

93 334 101 22 händelse
209 336 69 21 denna
296 335 95 22 straffart
409 336 40 21 alls
466 336 56 21 skall
539 335 127 26 bibehållas,
683 342 26 14 en
724 335 66 21 sådan
805 335 113 27 procedur,

93 368 45 16 som
154 364 41 21 den
210 364 23 22 af
246 364 141 27 petitionären
401 364 128 27 föreslagna,
545 364 48 22 icke
608 370 51 15 vore
674 365 33 19 att
721 363 92 27 förorda,
829 363 40 22 och
881 363 37 27 jag

93 391 37 22 vill
145 394 56 20 ännu
223 392 90 27 påpeka,
329 394 32 20 att
382 392 218 28 hufvudsynpunkten
623 392 35 21 vid
680 391 85 27 frågans
780 391 138 27 afgörande
907 387 15 37 i

93 420 193 22 besvärsutskottet
302 420 128 22 åtminstone
449 420 34 22 för
500 421 44 27 mig
563 420 40 22 och
621 420 92 26 troligen
731 420 34 21 för
782 420 51 21 flere
847 420 24 21 af
883 421 34 19 ut-

94 448 92 22 skottets
204 449 137 21 medlemmar
362 456 39 14 var
415 449 49 27 den,
480 451 32 19 att
532 448 111 28 uppgiften
663 455 35 15 om
717 448 40 22 den
780 448 138 22 ekonomiska

93 476 108 28 påföljden
216 477 46 21 icke
277 477 131 27 betviflades,
425 478 39 21 och
477 478 38 27 jag
529 478 69 21 måste
614 477 72 22 derför
701 477 111 26 medgifva,
828 478 33 20 att
876 476 41 21 den

94 505 23 21 af
130 506 26 21 de
171 506 127 27 föregående
316 506 83 21 talarne
417 506 127 22 framstälda
562 506 89 26 åsigten,
667 505 101 21 särskildt
782 506 26 20 hr
823 505 93 25 Heikels,

94 534 40 20 har
149 534 47 20 skäl
210 534 34 21 för
258 534 38 27 sig.

163 562 32 21 Hr
217 562 155 22 Herckman:
402 563 33 21 Hr
456 563 77 21 Heikel
554 563 40 21 har
615 562 124 27 framhållit,
761 564 33 20 att
808 568 25 16 en
849 562 69 21 öfver-

95 590 82 22 ordnad
194 591 122 27 myndighet
333 597 50 15 vore
402 593 52 19 utan
472 592 73 20 vidare
564 591 91 28 omgång
674 591 120 27 berättigad
813 593 32 19 att
859 590 59 21 med-

95 618 48 22 dela
157 619 67 21 sådan
238 620 96 26 varning,
350 625 44 16 som
409 620 40 21 här
463 622 24 19 är
502 620 7 21 i
524 620 67 26 fråga.
614 620 67 20 Detta
696 621 24 19 är
731 619 128 21 åtminstone
871 619 47 21 icke

95 647 61 21 alltid
178 647 66 22 fallet.
280 648 27 21 Så
326 648 87 27 stadgar
435 648 34 21 till
491 648 96 27 exempel
605 648 131 28 kyrkolagen
755 648 23 21 af
795 648 39 21 den
853 648 13 20 6
883 647 35 21 de-

94 676 85 20 cember
196 676 60 26 1869,
273 677 38 26 att,
327 676 28 21 då
369 683 25 14 en
410 679 59 24 prest
484 683 77 21 genom
581 676 148 22 försummelse
744 676 7 20 i
763 676 91 27 tjensten
866 675 52 21 eller

94 703 65 27 något
181 706 66 20 annat
268 704 83 22 mindre
369 704 29 22 fel
417 711 63 15 anses
498 705 99 21 förfallen
620 705 33 21 till
671 704 96 27 varning,
786 704 42 21 han
847 704 71 21 dertill

94 732 55 21 skall
164 733 79 26 dömas,
263 733 40 21 och
322 733 58 21 öfver
399 733 37 21 det
455 734 76 26 utslag,
551 734 139 26 hvarigenom
708 733 115 27 varningen
837 732 80 21 honom

94 760 89 27 ådömts,
198 761 40 21 har
252 761 42 21 han
309 762 103 26 rättighet
427 763 31 19 att
474 762 76 21 anföra
564 762 86 26 besvär;
668 761 40 21 och
723 761 26 21 då
759 761 89 26 varning
858 761 7 20 i
875 760 43 21 alla

93 789 38 21 fall
147 791 24 19 är
186 796 25 14 en
226 789 101 26 straffart,
343 796 34 15 om
392 790 65 21 också
472 790 84 27 lindrig,
573 790 24 21 så
611 790 49 21 ville
673 790 37 27 jag
725 789 32 21 för
767 790 44 20 min
822 789 33 21 del
865 788 53 27 god-

93 817 72 21 känna
180 818 116 21 utskottets
314 818 85 26 förslag,
415 818 62 21 äfven
492 819 7 21 i
515 819 41 21 den
574 818 104 22 händelse
694 820 31 19 att
740 818 114 26 varningen
869 816 49 22 icke

94 845 69 22 skulle
181 846 49 21 leda
247 847 33 20 till
298 846 27 21 de
343 846 140 21 ekonomiska
501 846 108 26 förluster,
628 853 47 14 som
695 846 106 21 omtalats.
830 846 41 25 Jag
885 845 33 21 får

93 873 34 22 för
141 874 43 21 min
200 874 35 21 del
249 874 107 27 tillstyrka
370 875 61 21 bifall
446 875 33 21 till
494 875 118 21 utskottets
626 875 87 26 förslag.

162 903 11 20 I
188 903 113 26 anledning
316 903 23 21 af
352 903 41 21 den
408 903 53 21 härå
476 903 107 22 afslutade
598 903 150 21 diskussionen
757 901 125 23 framstälde
892 901 25 21 hr

94 931 122 21 talmannen
232 937 25 15 en
273 931 89 21 sålunda
377 931 130 22 formulerad
521 932 144 27 proposition:

163 958 41 27 De,
219 959 69 21 hvilka
301 959 113 27 godkänna
428 959 108 22 utskottets
545 959 213 27 resolutionsförslag,
769 960 58 20 rösta
837 959 38 27 ja;
886 958 30 26 de,

95 987 34 21 det
143 987 44 21 icke
200 989 59 25 göra,
274 989 58 20 rösta
346 989 47 26 nej;

163 1016 73 21 vinner
250 1017 43 26 nej,
308 1016 40 21 har
362 1016 171 27 borgareståndet
547 1016 83 22 beslutit
645 1018 29 19 att
687 1016 113 27 petitivnen
811 1015 43 21 icke
865 1014 53 22 skall

95 1043 32 22 till
142 1045 70 26 någon
228 1045 78 26 åtgärd
319 1044 117 27 föranleda.

163 1073 42 21 Vid
223 1073 85 21 anstäld
329 1073 98 27 votering
449 1073 97 27 afgåfvos
564 1073 28 22 28
609 1073 23 28 ja
650 1073 41 22 och
710 1074 27 21 25
751 1073 41 27 nej,
807 1072 40 22 och
862 1072 56 21 hade

94 1101 178 26 borgareståndet
288 1101 81 22 således
385 1101 96 28 godkänt
496 1102 118 21 utskottets
629 1101 212 26 resolutionsförslag,
853 1100 65 21 likväl

94 1129 49 22 med
157 1130 99 21 rättande
272 1130 23 21 af
309 1130 36 21 det
360 1130 46 21 deri
421 1130 114 21 anmärkta
549 1131 119 26 tryckfelet.

163 1215 97 27 Upptogs
275 1215 33 22 till
323 1216 129 27 behandling
467 1216 169 21 bondeståndets
651 1222 76 21 genom
742 1215 124 27 deputation
877 1214 41 21 och

93 1243 200 28 protokollsutdrag
307 1244 132 26 framstälda,
454 1245 34 20 till
506 1245 60 21 detta
581 1244 158 22 sammanträde
753 1242 118 27 bordlagda
886 1242 31 21 in-

93 1271 104 27 bjudning
214 1272 33 21 till
264 1272 184 27 borgareståndet,
467 1274 33 20 att
518 1273 186 26 borgareståndet,
723 1273 48 20 med
789 1271 129 26 frångående

93 1299 24 22 af
131 1300 37 21 sitt
182 1300 72 21 beslut
268 1301 7 20 i
290 1301 114 26 anledning
419 1301 23 21 af
451 1301 108 21 allmänna
569 1301 202 21 besvärsutskottets
781 1299 137 22 betänkande

93 1334 34 15 n:o
144 1329 19 25 7,
179 1328 109 27 angående
303 1329 119 27 beviljande
437 1329 24 21 af
474 1329 65 27 årligt
553 1329 118 22 understöd
687 1329 22 21 ät
723 1329 108 21 inhemske
845 1327 73 22 skrift-

93 1357 93 26 ställare,
202 1357 50 21 ville
266 1357 75 22 förena
356 1358 31 26 sig
403 1364 34 15 om
453 1357 169 22 bondeståndets
636 1358 8 21 i
659 1357 75 27 frågan
749 1357 82 22 fattade
841 1356 77 25 beslut,

93 1385 33 20 att
140 1385 96 21 förkasta
254 1385 117 22 utskottets
394 1386 139 21 betänkande
556 1386 40 21 och
612 1386 113 27 godkänna
741 1386 40 21 den
795 1385 34 22 till
843 1385 75 20 betän-

92 1413 82 21 kandet
188 1413 77 27 fogade
280 1414 170 26 reservationen;
467 1414 40 21 och
522 1415 86 27 yttrade
624 1415 32 26 sig
670 1414 75 21 härvid
759 1414 34 21 till
807 1413 55 21 först

161 1441 26 22 hr
202 1441 104 22 Heikel:
336 1442 33 21 Då
388 1443 71 20 denna
481 1442 61 27 fråga
560 1444 74 20 senast
649 1443 84 20 förevar
747 1443 7 20 i
768 1440 150 28 borgarestån-

93 1469 42 26 det,
151 1469 71 22 förföll
244 1470 130 27 densamma,
397 1471 91 21 emedan
510 1471 55 21 intet
583 1471 23 21 af
624 1471 26 21 de
668 1471 125 20 framstälda
812 1469 106 26 förslagen

91 1497 73 22 kunde
179 1498 63 21 vinna
256 1498 110 27 pluralitet
380 1499 34 21 för
429 1499 39 26 sig.
494 1499 29 21 Af
538 1499 36 21 det
589 1501 50 24 sätt,
654 1499 29 27 på
693 1499 80 21 hvilket
782 1497 136 28 majoriteten

92 1525 35 21 vid
146 1527 184 26 omröstningarna
351 1533 38 14 var
410 1529 147 24 sammansatt,
579 1527 105 26 framgick
707 1527 116 21 emellertid
841 1525 78 27 tydligt
