1086 1650
337 109 94 23 Borgarest.
443 110 45 19 1888,
511 110 17 18 21
540 110 50 18 Mars.
815 106 36 36 487

56 178 24 21 af
95 178 75 26 12,000
185 178 67 21 mark.
281 179 66 21 Detta
362 180 24 19 är
401 178 55 21 dock
472 178 32 22 för
519 178 95 26 rundligt
629 179 98 26 tilltaget,
745 178 5 21 i
761 178 114 27 synnerhet

57 206 28 21 då
103 212 47 15 man
166 206 103 21 betänker
284 209 31 18 att
330 206 143 22 understöden
488 207 61 21 skola
563 207 53 26 utgå
630 207 68 21 under
712 208 33 19 tre
760 206 29 21 är.
813 207 62 24 8,000

58 234 60 21 mark
136 235 40 20 bör
194 241 50 15 vara
263 234 49 22 fullt
330 235 124 26 tillräckligt
473 235 32 21 för
524 235 127 22 ändamälet.
684 235 49 21 Icke
752 235 66 21 heller
833 235 42 20 kan

55 263 38 27 jag
108 263 49 26 gilla
173 263 106 26 förslaget,
295 265 32 19 att
337 263 61 21 dessa
409 264 70 21 medel
489 263 60 22 skola
559 263 92 27 utgifvas
662 263 23 22 af
694 270 25 15 en
731 263 22 21 af
761 263 114 21 ständerna

59 291 76 21 tillsatt
149 292 126 26 delegation.
305 292 41 21 Det
361 292 59 21 lönar
436 293 32 25 sig
482 293 54 25 icke,
551 292 27 21 dä
593 292 107 21 utskottet
714 292 65 21 redan
795 291 80 27 ganska

59 319 104 28 vidlyftigt
178 321 77 20 ättälat
270 320 31 27 sig
316 321 90 20 rörande
421 322 67 20 sättet
501 321 33 21 för
549 321 95 21 medlens
659 321 120 24 utdelande,
795 321 32 20 att
836 319 39 21 här

59 348 72 21 vidare
150 349 97 22 utveckla
266 349 69 20 denna
353 349 65 26 fräga.
447 349 42 27 Jag
504 349 122 21 framhäller
641 349 56 21 blott
712 351 37 23 att,
765 355 34 14 om
814 349 61 20 dessa

59 377 67 21 medel
145 377 84 22 komma
248 378 32 20 att
297 377 84 21 utdelas
400 377 22 22 af
440 384 25 15 en
485 378 23 21 af
525 378 115 21 ständerna
658 378 76 21 tillsatt
749 377 124 26 delegation,

59 405 48 22 hela
125 406 101 27 ätgärden
245 405 66 22 skulle
329 406 7 21 i
358 407 67 26 grund
443 406 67 21 blifva
527 406 97 21 förfelad.
661 406 41 26 Jag
724 406 63 26 vägar
806 405 69 22 derför

59 434 83 25 föreslä,
158 436 32 19 att
204 434 176 27 borgareständet
394 435 49 20 ville
458 435 74 21 förena
547 435 31 26 sig
594 441 34 15 om
644 436 32 19 ett
690 435 110 20 uttalande
815 435 7 20 i
836 440 38 14 un-

58 463 59 26 gefär
132 463 93 27 följande
240 463 101 26 riktning:

127 492 38 20 Att
184 491 58 22 Hans
257 491 100 27 Majestät
370 492 50 21 ville
435 492 23 21 af
471 493 108 20 allmänna
594 492 69 21 medel
678 491 59 22 anslä
752 498 26 15 en
793 497 80 16 summa

59 519 23 21 af
96 519 62 27 högst
173 520 63 26 8,000
251 520 65 26 mark,
332 523 32 18 att
378 521 81 26 årligen
474 521 52 26 utgå
540 521 67 20 under
623 520 51 21 åren
687 520 144 26 1888—1890,
841 519 33 22 för

58 549 34 20 att
110 554 74 21 genom
203 548 70 22 finska
291 549 38 21 och
345 549 89 21 svenska
449 549 239 27 litteratursällskapens
703 547 124 28 förmedling
841 548 33 22 för

60 576 81 27 utgifna
166 578 177 26 originalarbeten
365 578 22 21 af
407 578 99 21 lofvande
528 578 112 21 inhemska
660 577 111 21 författare
792 577 83 21 utdelas

60 605 69 21 säsom
145 606 124 26 belöningar
284 606 50 21 eller
349 606 68 21 säsom
433 607 117 20 understöd
564 606 33 21 för
612 606 136 21 studieresor.

128 634 31 21 Hr
178 635 110 26 Hoving:
321 635 40 26 Jag
380 641 62 14 anser
461 635 7 20 i
490 635 67 23 likhet
574 635 49 20 med
638 635 25 20 hr
679 634 58 25 Lille,
753 636 32 19 att
799 634 75 25 borga-

59 662 109 21 reständet
182 663 46 21 icke
243 663 39 21 bör
297 663 53 21 afslä
365 663 69 21 denna
448 664 91 26 petition
555 663 27 28 pä
592 665 44 19 sätt
646 663 104 21 utskottet
760 662 115 26 föreslagit.

60 691 48 20 Men
121 691 37 26 jag
173 697 62 15 anser
249 691 70 26 ocksä,
335 694 32 19 att
382 692 36 21 det
432 692 24 21 af
470 694 160 19 reservanterne
640 691 119 26 föreslagna
769 692 65 20 sättet
843 691 32 20 för

60 719 113 22 utdelande
191 720 23 21 af
227 720 114 21 understöd
356 721 45 20 icke
416 720 68 21 heller
498 721 40 20 bör
552 723 94 24 antagas,
662 721 50 20 utan
728 721 23 20 är
765 719 42 22 min
823 719 53 26 äsigt

60 747 8 21 i
89 747 66 22 likhet
173 749 48 20 med
239 749 26 20 hr
283 749 69 26 Lilles,
370 750 32 20 att
420 749 125 26 regeringen
560 749 39 21 bör
614 749 56 26 gifva
685 748 61 21 dessa
760 747 116 22 understöd

60 776 54 21 efter
133 777 36 20 det
187 777 227 27 litteratursällskapen
434 778 74 21 derom
528 777 69 22 blifvit
612 777 73 21 hörda.
715 777 40 26 Jag
770 777 36 20 vill
821 776 55 21 dock

61 805 68 21 lemna
151 805 125 26 regeringen
297 805 64 22 friare
383 806 87 26 händer,
494 807 24 20 sä
536 807 32 20 att
586 807 41 20 den
646 805 65 22 ocksä
729 805 67 21 skulle
814 804 62 21 hafva

61 833 82 21 tillfälle
162 835 32 19 att
213 834 93 21 inhemta
321 841 69 14 annan
406 835 121 26 utredning,
543 835 39 21 och
597 834 92 21 derefter
702 834 71 21 utdela
787 833 89 25 medlen,

60 867 47 15 men
127 862 46 21 icke
192 863 75 20 endast
284 863 68 21 säsom
371 863 102 26 belöning
491 864 33 21 för
541 863 83 27 utgifna
642 863 93 26 arbeten,
751 865 51 18 utan
817 861 59 22 äfven

60 890 69 21 såsom
148 891 116 21 understöd
283 891 22 21 åt
326 891 97 22 lofvande
445 891 119 22 författare.
597 892 41 26 Jag
658 891 37 21 ber
714 891 70 21 derför
806 891 32 20 att
855 889 22 22 få

61 918 78 21 föreslä
155 921 31 19 ett
200 919 25 22 sä
239 920 90 26 lydande
344 920 79 21 beslut:

128 948 39 21 Att
184 948 84 21 landets
283 948 113 27 höglofliga
411 949 73 20 städer
499 949 49 21 ville
563 949 74 21 förena
652 949 32 26 sig
699 955 33 14 om
748 954 26 15 en
789 947 87 28 petition

60 975 8 21 i
87 975 35 22 det
136 976 60 27 syfte,
213 978 31 19 att
262 977 123 26 regeringen
403 977 50 21 ville
473 977 59 22 anslä
550 983 25 15 en
592 983 82 15 summa
689 977 23 21 af
724 977 62 26 högst
803 975 74 27 12,000

60 1004 61 21 mark
139 1005 88 26 ärligen,
245 1005 33 21 till
297 1012 26 15 en
341 1006 75 26 början
434 1006 70 21 under
520 1008 31 19 tre
567 1006 29 25 är,
612 1006 33 21 för
660 1007 32 20 att
707 1011 74 21 genom
796 1005 81 20 littera-

60 1032 168 28 tursällskapens
249 1034 51 20 eller
322 1040 69 15 annan
413 1034 123 26 sakkunnig
557 1034 126 26 förmedling
704 1034 83 21 utdelas
809 1032 68 21 såsom

60 1060 117 22 understöd
192 1062 52 21 eller
259 1062 99 27 belöning
373 1062 22 22 åt
410 1062 118 27 begåfvade
543 1062 111 22 författare
669 1062 27 27 på
712 1062 39 21 den
761 1060 116 24 inhemska,

60 1088 59 23 såväl
134 1090 87 21 svensk-
238 1096 40 16 som
287 1090 165 29 finskspråkiga
467 1091 201 22 skönlitteraturens
684 1091 91 22 område.

129 1119 32 20 Hr
176 1119 92 21 Viktor
283 1119 109 27 Öhberg:
423 1120 71 21 Bland
511 1121 25 20 de
551 1120 53 27 skäl,
620 1126 45 15 som
679 1119 85 22 förmått
773 1119 106 21 utskottet

62 1148 31 19 att
115 1147 96 26 afstyrka
228 1148 117 21 understöd
364 1148 22 21 åt
404 1149 64 20 dessa
486 1149 120 26 petitioner,
624 1155 62 15 anser
702 1149 36 26 jag
755 1147 70 22 såsom
843 1147 36 21 det

61 1175 113 26 viktigaste
197 1177 40 20 och
258 1179 54 19 mest
330 1177 174 21 beaktansvärda
522 1177 42 27 det,
583 1179 32 20 att
632 1177 47 22 fara
696 1177 32 21 för
746 1177 133 20 litteraturen

61 1203 49 27 sjelf
126 1203 61 28 följer
205 1205 23 21 af
246 1211 25 15 en
291 1205 70 22 alltför
376 1205 71 22 direkt
463 1205 78 22 officiel
559 1205 129 22 omvårdnad
704 1211 33 16 om
751 1205 128 21 densamma.

61 1232 90 21 Schiller
166 1234 61 25 säger
241 1234 7 20 i
263 1234 33 21 sin
311 1234 51 26 sång
378 1234 62 26 ,Den
456 1235 63 26 tyska
534 1234 174 27 sänggudinnan'
723 1233 102 28 följande:

129 1261 80 26 »Ingen
225 1262 132 26 augustinisk
372 1263 38 26 tid,
425 1263 66 26 ingen
506 1263 114 21 mediceisk
634 1265 75 25 ynnest
722 1263 37 20 har
770 1261 110 22 omhuldat

61 1290 42 20 den
117 1290 62 27 tyskä
193 1290 194 22 skönlitteraturen.
418 1291 48 21 Den
483 1291 44 22 blef
540 1291 46 22 icke
597 1298 37 15 ens
644 1291 23 22 af
676 1291 116 27 Tysklands
803 1290 77 21 störste

63 1324 44 20 son,
122 1318 91 21 Fredrik
229 1319 40 21 den
285 1319 71 26 andre,
372 1320 52 21 ärad
439 1320 54 21 eller
503 1320 102 27 skyddad.
631 1320 76 21 Derför
716 1320 42 21 kan
769 1319 40 21 den
819 1318 61 27 tyska

61 1346 102 27 sängmön
186 1348 48 21 med
256 1347 184 22 tillfredsställelse
464 1349 83 27 betyga,
571 1350 32 20 att
621 1349 42 20 hon
682 1348 48 27 sjelf
747 1348 78 26 skapat
843 1347 37 20 sitt

62 1375 73 26 värde;
151 1375 71 22 derför
237 1376 38 21 har
291 1376 40 21 den
346 1376 61 27 tyske
422 1377 95 21 bardens
532 1377 52 26 säng
598 1377 62 27 ljudit
671 1377 63 26 högre
745 1377 39 20 och
794 1375 86 22 utveck-

62 1403 30 22 lat
110 1404 31 25 sig
159 1404 76 27 rikare,
255 1405 52 20 närd
327 1405 22 20 af
365 1411 53 20 egen
438 1405 60 22 kraft
516 1406 39 21 och
573 1405 161 27 framsprungen
751 1411 26 15 ur
791 1404 90 27 hjärtats

63 1432 70 26 djup".
165 1432 45 21 Och
228 1433 24 21 sä
271 1435 23 19 är
313 1433 36 21 det
367 1433 39 21 och
425 1433 72 22 måste
516 1434 23 20 sä
557 1440 51 15 vara
626 1434 48 20 med
693 1434 188 20 skönlitteraturen

62 1460 7 21 i
91 1460 42 21 alla
148 1461 55 21 tider
221 1461 40 21 och
279 1461 42 21 alla
336 1461 55 21 land.
421 1462 50 21 Den
488 1462 113 27 befrämjas
615 1462 47 21 icke
676 1462 47 21 med
739 1461 142 27 penningeun-

62 1488 87 22 derstöd
164 1490 39 20 och
219 1490 7 20 i
241 1490 116 20 allmänhet
370 1490 47 20 icke
432 1496 80 20 genom
526 1490 110 22 materiela
649 1490 74 21 medel.
749 1488 132 26 Hänförelse,

62 1516 59 22 bifall
136 1520 24 18 är
175 1518 36 21 det
227 1518 72 27 solljus
315 1518 40 21 den
370 1518 104 22 behöfver
490 1519 39 21 och
544 1519 59 21 hvari
614 1519 40 21 den
665 1518 79 22 trifves.
769 1519 38 20 Att
817 1516 65 28 bjuda
