1086 1739
204 107 41 31 504
474 112 94 23 Borgarest.
579 113 48 19 1888.
684 112 50 19 Mars.

254 179 32 22 Hr
301 180 120 23 talmannen
436 181 131 27 meddelade,
584 183 33 20 att
631 181 37 22 hrr
684 181 136 26 Stenbäck,
833 180 124 22 Calonius
969 180 39 21 och

184 208 116 21 Juselius
323 209 33 21 till
377 209 178 27 borgareståndet
570 210 103 21 inlemnat
688 211 31 20 ett
733 209 180 26 motionsförslag,
929 209 80 21 hvilket

184 237 68 27 härpå
274 237 21 21 at
317 237 25 22 hr
364 238 117 21 Juselius
496 239 110 26 upplästes
622 239 40 20 och
677 238 75 21 befans
768 244 52 15 vara
834 237 24 22 af
871 237 93 28 följande
978 237 31 27 ly-

186 265 67 22 delse:

466 323 11 8 »
484 305 113 22 Vördsamt
611 306 114 21 memorial.

253 351 11 20 I
286 351 76 27 nådiga
383 351 152 27 förordningen
557 352 110 27 angående
689 352 90 27 ändring
802 351 23 22 af
842 352 24 27 $$
886 352 13 21 3
918 351 39 21 och
973 351 12 21 6
1000 351 9 21 i

184 379 71 26 kongl.
278 379 112 22 försäkran
412 380 33 21 för
467 381 155 27 borgerskapet
643 381 40 20 och
698 381 101 20 städerna
814 381 42 20 den
871 381 28 20 23
913 379 95 21 februari

186 407 62 26 1789,
269 407 71 27 gifven
355 409 40 20 den
411 409 13 20 8
439 409 112 21 december
566 409 61 26 1873,
643 409 93 26 stadgas,
752 410 33 20 att
800 409 41 21 den
857 408 152 27 borgerskapet

186 435 39 22 och
242 436 100 22 städerna
357 437 135 21 derförinnan
507 437 158 22 tillförsäkrade
679 439 44 20 rätt
737 439 39 24 att,
790 439 60 19 utom
867 438 70 24 annat,
953 436 55 22 före-

185 464 33 21 slå
232 464 152 27 borgmästare,
400 466 56 26 välja
471 466 88 21 rådman
575 466 39 21 och
630 468 78 24 antaga
722 466 82 21 mindre
818 466 110 26 betjening
939 465 69 21 skulle

185 492 92 22 derefter
300 494 95 21 orubbad
417 494 120 22 tillkomma
559 494 223 22 stadskommunernas
798 494 99 26 samtliga
910 493 35 21 vid
959 493 49 21 råd-

184 520 132 22 husstämma
341 522 179 27 röstberättigade
545 523 143 21 medlemmar.
726 523 29 21 Af
776 523 56 21 1872
854 523 35 21 års
911 522 99 21 ständers

184 550 171 22 svarsskrifvelse
376 551 7 20 i
406 552 72 20 ämnet
498 551 94 27 framgår
614 552 40 25 väl,
677 553 32 19 att
731 552 49 20 med
796 551 26 21 de
837 551 22 21 af
873 550 136 22 ständerna
996 546 17 36 i

184 578 165 27 författningens
371 580 45 20 text
437 580 89 26 tillagda
548 580 66 21 orden
637 596 4 9 ,
644 580 42 25 vid
701 580 185 20 rädhusstämma'
902 578 71 27 afsägs
988 579 20 27 ej

185 606 83 21 mindre
290 613 26 15 en
338 607 95 27 sakenlig
454 610 98 19 närmare
567 608 134 26 bestämning
717 608 22 21 af
751 608 109 26 uttrycket
874 607 135 21 röstberätti-

184 635 61 26 gade,
262 637 26 19 än
304 636 61 21 äfven
380 637 32 20 att
427 636 79 22 bevara
520 637 126 21 sambandet
661 637 90 21 emellan
766 636 75 27 sjelfva
854 636 154 26 författningen

185 663 40 21 och
248 664 40 20 den
310 664 109 27 samtidigt
433 665 134 21 behandlade
581 665 151 26 förordningen
748 671 33 15 om
797 664 212 22 kommunalförvalt-

184 691 79 27 ningen
284 692 8 21 i
307 692 54 22 stad.
392 693 48 21 Men
456 693 105 21 huruvida
576 694 90 26 afsigten
681 699 43 19 var,
741 694 39 25 att,
796 694 46 20 med
859 692 149 28 upphäfvande

182 720 80 26 jemväl
277 720 23 21 af
312 721 90 26 tidigare
417 722 236 26 specialförfattningar,
670 722 132 20 beträffande
816 721 59 21 såväl
886 721 123 21 röstberäk-

184 748 79 26 ningen
279 755 44 15 som
339 751 66 19 sättet
420 750 39 21 och
474 750 117 26 ordningen
609 750 34 21 vid
659 750 55 21 slika
728 750 56 26 val,i
800 750 42 21 allo
854 749 94 21 likställa
959 749 49 21 dem

184 776 49 21 med
256 777 25 21 de
299 778 36 20 vid
350 778 169 21 rädhusstämma
533 778 162 27 försigggäende
710 778 138 21 kommunala
862 778 67 25 valen,
945 778 62 20 torde

184 804 54 22 böra
261 806 80 21 lemnas
361 806 111 27 oafgjordt.
503 807 94 21 Allmänt
612 807 75 27 gjorde
703 807 31 26 sig
749 806 65 22 likväl
830 807 69 21 denna
913 806 94 26 uppfatt-

184 833 51 26 ning
257 834 105 26 gällande,
381 835 55 21 ända
452 835 32 21 till
499 836 48 20 dess
563 836 59 20 Hans
637 836 119 26 Kejserliga
771 835 102 27 Majestät
888 834 31 21 uti
933 834 76 26 nädigt

184 861 50 21 bref
246 862 24 20 af
283 862 40 21 den
339 863 11 21 7
366 863 54 26 april
437 864 55 20 1879
507 864 132 21 beträffande
654 864 80 20 sädana
749 864 34 20 val
799 864 6 20 i
817 862 131 27 Helsingfors
959 862 48 21 stad

184 889 113 23 faststälde
312 891 164 27 bestämningar,
492 898 51 20 som,
561 892 101 21 ehuruväl
677 892 8 21 i
700 892 65 26 öfrigt
776 891 231 21 öfverensstämmande

184 918 48 21 med
255 918 134 22 föreskriften
412 920 6 20 i
441 920 285 27 kommunalförfattningen,
746 920 55 21 dock
816 920 7 20 i
838 920 99 20 afseende
953 918 12 22 ä
980 919 28 21 de

183 946 109 27 väljandes
315 948 88 20 röstetal
424 948 116 21 hänvisade
561 949 33 21 till
616 949 70 25 kongl
709 948 152 26 förordningen
880 948 23 20 af
923 948 41 20 den
980 948 27 20 12

184 974 91 22 oktober
298 976 61 20 1743.
389 976 40 21 Vid
451 977 143 21 innevarande
616 977 103 26 landtdag
734 976 63 22 hafva
811 976 124 26 visserligen
949 977 60 19 stän-

184 1002 66 22 derna
272 1004 95 25 godkänt
389 1010 25 15 en
437 1004 64 27 nädig
522 1006 132 26 proposition
677 1011 33 15 om
734 1005 150 26 upphäfvande
906 1004 22 21 af
947 1010 62 20 nyss-

182 1032 94 20 nämnda
298 1032 71 26 kongl.
392 1032 124 28 förordning
538 1034 87 26 derhän,
649 1035 32 19 att
696 1034 26 20 de
737 1034 111 26 väljandes
862 1034 69 20 röster
946 1032 62 21 skola

183 1059 108 22 beräknas
314 1061 65 26 enligt
400 1067 81 15 samma
503 1062 100 26 grunder,
627 1068 45 15 som
691 1062 35 21 vid
741 1062 116 20 utöfvande
872 1061 24 21 af
908 1061 43 20 val-
967 1060 39 21 och

182 1089 92 20 rösträtt
296 1088 12 21 &
330 1089 77 21 allmän
430 1090 169 21 rädhusstämma
622 1092 24 19 är
668 1090 105 26 gällande.
803 1090 48 20 Men
868 1089 24 21 af
904 1089 103 27 prokura-

182 1117 60 19 torns
265 1117 7 20 i
296 1117 111 26 kejserliga
429 1120 89 19 senaten
540 1119 32 20 till
587 1125 28 14 nu
630 1119 128 21 församlade
773 1118 87 21 ständer
875 1117 80 26 afgifna
969 1117 38 21 be-

182 1144 88 21 rättelse
286 1151 34 15 om
336 1146 159 26 lagskipningen
511 1146 39 22 och
565 1147 98 26 lagarnes
674 1146 164 22 handhafvande
839 1140 14 38 i
868 1146 64 26 öfrigt
943 1146 65 20 fram-

182 1172 45 26 går,
251 1174 33 20 att
299 1173 112 27 kejserliga
427 1177 87 19 senaten
529 1175 7 20 i
551 1176 31 20 ett
597 1175 101 21 särskildt
714 1175 22 27 (å
752 1175 86 21 sidorna
853 1175 83 21 54—57
952 1174 56 20 refe-

182 1200 82 27 reradt)
288 1201 43 26 fall,
348 1208 76 20 genom
440 1203 69 26 utslag
524 1203 22 21 af
559 1204 41 20 den
615 1204 28 20 22
659 1204 53 26 april
729 1203 55 21 1885
799 1203 110 26 förklarat,
925 1204 32 19 att
971 1202 35 20 vid

182 1234 26 15 en
230 1229 166 27 valförrättning
414 1231 6 20 i
436 1231 100 21 afseende
551 1232 13 20 å
579 1232 174 20 återbesättande
769 1231 23 21 af
805 1230 203 27 borgmästaretjen-

182 1258 47 19 sten
248 1257 7 21 i
273 1264 26 14 en
314 1258 48 21 stad
378 1259 88 27 origtigt
480 1260 94 21 förfarits
589 1260 7 20 i
611 1260 24 20 så
651 1260 73 26 måtto,
741 1261 32 19 att
787 1260 139 26 magistraten
943 1258 63 21 bland

182 1287 72 25 annat,
274 1287 57 20 tvärt
353 1289 57 19 emot
426 1288 127 26 stadgandet
567 1288 7 21 i
589 1288 72 26 kongl.
676 1288 151 26 förordningen
843 1288 23 20 af
879 1288 39 20 den
935 1287 26 21 19
973 1286 35 27 ja-

181 1314 62 20 nuari
259 1314 62 26 1758,
337 1315 73 21 tillåtit
425 1316 140 21 frånvarande
581 1316 112 22 stadsboer
707 1318 32 20 att
754 1318 60 19 rösta
829 1322 76 20 genom
921 1314 86 26 ombud,

180 1342 8 20 i
211 1343 107 20 anseende
341 1343 86 22 hvartill
442 1346 86 19 senaten
545 1345 17 26 ej
579 1345 88 21 allenast
683 1344 101 27 pröfvade
800 1345 86 20 rättvist
901 1343 107 27 upphäfva

180 1370 58 20 valet
260 1371 40 20 och
323 1372 36 20 det
375 1372 65 26 derpå
455 1373 109 26 grundade
579 1373 108 26 förslaget,
702 1376 54 18 utan
771 1372 62 22 äfven
849 1371 157 23 öfverlemnade

180 1398 156 27 handlingarna
358 1400 6 20 i
380 1401 89 21 ärendet
487 1401 33 21 till
535 1402 149 26 prokuratorn,
701 1402 47 20 med
765 1402 41 20 den
821 1401 87 27 påföljd,
925 1401 32 20 att
972 1406 36 14 ve-

180 1426 135 22 derbörande
337 1428 81 21 hofrätt
440 1429 7 21 i
470 1430 74 26 utslag,
565 1436 44 14 som
627 1430 41 20 fått
684 1430 62 20 vinna
761 1430 48 26 laga
824 1429 65 26 kraft,
905 1428 50 22 fann
970 1428 37 21 be-

179 1454 71 22 mälda
273 1455 122 23 förfarande
417 1457 70 21 såsom
510 1458 106 26 tjenstefel
638 1460 77 19 stanna
729 1458 165 21 valförrättaren
910 1457 32 21 till
957 1456 49 21 last.

179 1482 41 32 Vid
243 1483 78 22 sådant
342 1484 142 28 förhållande,
500 1486 39 21 och
555 1486 27 21 då
597 1486 78 21 valrätt
689 1486 36 21 vid
740 1486 78 21 allmän
834 1486 174 20 rådhusstämma

176 1511 84 26 jemlikt
282 1513 99 25 gällande
403 1513 248 28 kommunalförfattning
673 1514 33 22 får
727 1521 77 21 genom
820 1514 78 21 ombud
914 1512 92 27 utöfvas,
