1086 1761
231 123 36 18 374
505 124 93 23 Borgarest.
611 124 48 19 1888.
682 124 10 18 3
705 124 54 19 Mars.

211 199 57 18 seen,
287 193 72 21 mikäli
378 199 21 15 se
418 193 79 22 koskee
517 193 109 22 aineksien
640 194 23 26 ja
678 193 204 26 rautatietarpeiden
897 193 142 22 hankkimista

212 221 93 22 Suomen
321 222 107 21 tehtaista.
459 222 90 21 Tahdon
559 222 75 21 lisäksi
646 222 53 23 vielä
712 227 72 20 sanoa,
798 222 51 25 että,
859 222 34 27 jos
904 221 135 22 rautateiden

211 250 179 21 rakentamisessa
408 250 79 21 turhan
506 251 80 20 tähden
601 251 118 20 hätäillään
732 251 23 26 ja
771 250 149 26 kiirehditään,
936 251 43 20 niin
995 251 44 21 että

212 280 103 19 ruvetaan
337 279 152 20 rakentamaan
512 279 88 21 kaikkia
623 279 116 20 rautateitä
758 279 141 26 yhtähaavaa,
919 279 51 21 sekä
988 279 51 21 liian

211 306 97 27 lyhyessä
327 307 75 26 ajassa,
421 307 48 21 siitä
488 307 57 21 tulee
565 313 23 15 se
604 307 76 25 haitta,
696 307 51 21 ettei
764 306 123 22 kotimaista
902 308 59 25 työtä
976 307 63 21 voida

211 335 66 20 saada
295 335 116 21 läheskään
429 336 54 20 siinä
502 337 114 23 määrässä,
637 336 52 20 mitä
704 335 125 21 oikeastaan
845 335 106 21 voitaisiin
966 336 72 24 saada,

208 363 34 26 jos
258 363 48 26 ajan
321 364 143 20 vaatimukset
479 366 87 18 otetaan
581 364 123 22 huomioon.
731 364 35 20 Me
781 364 90 20 voimme
887 364 63 20 tehdä
967 364 71 26 paljon

211 391 86 26 kotona,
314 392 34 26 jos
367 398 53 15 vaan
440 392 94 21 saadaan
552 392 150 21 kohtuullinen
721 392 50 21 aika
790 392 111 21 valmistaa
916 392 123 21 tarvittavia

211 419 89 27 teoksia,
321 421 53 26 joita
397 421 63 20 tähän
485 422 41 20 asti
545 427 28 14 on
592 423 81 19 ostettu
692 421 133 20 ulkomailta.
859 421 58 20 Minä
935 421 103 20 katsoisin

211 449 97 20 suureksi
331 449 102 26 hyödyksi
456 455 105 15 maamme
584 449 163 26 teollisuudelle,
765 449 34 26 jos
819 449 85 21 hallitus
924 449 116 21 ennakolta

211 477 65 20 tilaisi
291 477 157 22 tehtaistamme
464 478 121 21 semmoisia
600 478 99 26 tarpeita,
713 478 56 27 joita
783 477 198 22 välttämättömästi
996 479 43 19 tar-

211 505 73 21 vitaan
302 506 179 21 rautateittemme
500 506 219 27 rakennuspuuhissa.
755 506 149 21 Tämmöisistä
919 505 120 22 tilauksista

212 534 47 21 olisi
275 534 139 21 ilmoitettava
430 535 77 26 ajoissa
522 535 125 24 sanomissa,
663 535 44 20 niin
723 536 45 19 että
781 535 160 26 tehtailijamme
952 535 86 20 saisivat

213 565 65 18 antaa
300 563 199 26 tarjoumuksiansa.
539 563 38 21 Jos
603 563 64 21 sitten
690 563 115 20 nähtäisiin
829 563 123 21 edulliseksi
975 563 64 21 tehdä

212 590 101 21 tilauksia
328 592 81 20 omasta
424 593 88 23 maasta,
528 592 45 20 niin
588 592 49 20 siitä
653 592 46 20 olisi
715 593 128 19 sanomaton
855 593 36 19 etu
900 591 138 21 maallemme.

212 618 82 28 Olenpa
309 625 77 20 varma,
406 620 34 26 jos
459 620 61 20 kerta
540 621 104 19 ruvetaan
663 620 70 20 meillä
753 620 160 20 valmistamaan
928 620 109 20 rautatien

212 648 100 26 tarpeita,
332 648 50 21 ettei
400 648 74 26 pitkää
492 648 62 21 aikaa
573 648 79 21 tarvita
670 648 75 26 siihen,
766 648 51 20 kuin
833 648 89 21 voimme
938 648 101 21 varmasti

212 676 65 20 saada
296 677 128 25 tarpeemme
442 679 139 19 maastamme
598 677 24 26 ja
641 677 88 20 samalla
744 676 96 21 hinnalla
855 676 51 21 kuin
922 676 118 22 ulkomaal-

212 704 59 21 takin
291 716 26 3 —
333 704 83 27 ehkäpä
438 705 193 25 halvemmallakin,
645 705 35 27 jos
692 707 87 19 otetaan
790 705 116 21 tulliseikat
919 705 120 21 huomioon.

281 733 32 20 Hr
331 733 199 27 Neppenström:
563 734 41 26 Jag
620 734 35 21 vill
672 734 62 26 högst
751 739 79 21 ogerna
845 734 95 26 förlänga
956 734 83 20 diskus-

211 761 75 21 sionen
305 762 5 20 i
331 762 69 21 denna
418 762 66 26 fräga.
517 762 41 26 Jag
577 762 39 21 ber
635 762 75 21 endast
729 764 33 18 att
781 762 21 20 fä
818 762 48 20 med
885 762 113 26 anledning
1019 762 22 20 af

212 789 25 21 hr
259 790 72 21 Valles
350 790 150 26 undervisning
521 790 79 26 derom,
620 792 32 19 att
669 790 38 27 jag
726 790 67 21 borde
813 790 62 21 kasta
893 796 24 15 en
937 790 56 21 blick
1012 790 28 26 pä

212 818 102 21 Finlands
337 819 107 21 allmänna
466 819 100 25 statistik,
591 821 119 24 omnämna,
734 821 33 19 att
787 819 36 27 jag
847 818 60 22 äfven
926 819 38 20 har
983 819 56 26 gjort

212 846 65 27 detta,
298 847 39 21 och
353 849 31 19 att
396 847 37 27 jag
448 848 114 25 dessutom,
578 847 71 21 sävidt
661 848 38 26 jag
714 847 47 21 haft
777 847 30 21 tid
823 847 40 21 och
878 847 100 26 förmäga,
994 849 45 19 stu-

211 875 61 21 derat
295 875 42 21 alla
360 876 61 20 dessa
444 876 111 26 ohyggliga
577 876 73 20 luntor
668 876 22 20 af
707 876 134 26 broschyrer,
861 881 45 15 som
925 876 114 20 utkommit

211 904 48 20 med
275 904 113 26 anledning
403 904 22 21 af
440 904 39 21 den
494 904 170 27 björneborgska
676 904 183 27 jernvägsfrägan,
871 904 38 20 och
921 904 23 20 af
952 904 87 20 hvilken

210 932 109 20 litteratur
341 938 49 15 man
412 932 72 27 hvarje
506 933 41 26 dag
570 933 38 21 kar
632 934 32 20 att
685 934 66 20 vänta
771 934 53 25 nytt.
857 932 76 21 Derför
951 935 35 18 vet
1002 932 37 27 jag

211 960 72 26 ocksä,
299 962 32 19 att
347 961 40 21 den
398 961 98 21 karelska
508 962 70 20 banan
591 962 125 26 tillgodoser
727 968 28 14 en
768 960 122 27 befolkning
903 960 21 21 af
933 961 106 20 mähända

211 994 25 15 en
255 988 46 21 half
316 990 72 26 miljon
407 989 109 27 invänare;
535 990 55 20 huru
610 992 44 18 stor
670 990 126 26 befolkning
811 990 40 20 den
867 989 170 27 björneborgska

208 1017 117 26 jernvägen
348 1018 83 20 komme
455 1019 31 19 att
506 1018 67 21 räkna
591 1018 57 21 inom
672 1018 36 21 sitt
726 1018 67 26 gebit,
813 1018 109 26 päminner
938 1018 37 26 jag
998 1018 41 26 mig

210 1045 96 21 deremot
325 1046 32 21 för
376 1046 93 21 tillfället
487 1046 25 27 ej.
545 1046 42 26 Jag
606 1046 84 27 glömde
710 1047 27 20 dä
751 1046 37 26 jag
807 1048 72 19 senast
896 1046 119 26 uppträdde
1031 1046 7 20 i

210 1074 70 20 denna
295 1074 67 26 fräga,
378 1076 32 19 att
425 1075 85 21 bemöta
525 1075 25 21 hr
562 1075 124 21 Molanders
696 1074 75 22 försök
783 1076 32 19 att
826 1074 93 26 förringa
930 1074 108 21 Joensuus

210 1102 109 26 betydelse
335 1102 69 22 såsom
420 1103 167 21 trafikcentrum.
618 1104 41 25 Jag
674 1104 38 20 ber
727 1109 32 15 nu
775 1105 32 19 att
821 1103 21 20 få
854 1103 87 27 upplysa
953 1103 86 21 ståndet

210 1136 34 14 om
268 1132 31 19 att
323 1131 74 21 staden
419 1132 106 20 Joensuus
547 1132 67 26 ärliga
632 1131 80 27 import
731 1132 40 20 och
791 1133 75 25 export
885 1131 154 26 sammanlagdt

209 1158 82 27 uppgär
306 1159 33 20 till
354 1159 88 26 ungefär
459 1160 26 20 10
500 1160 97 26 miljoner
613 1160 67 20 mark.
710 1160 44 21 Det
766 1162 23 18 är
801 1160 34 20 väl
846 1159 47 21 icke
904 1160 135 25 synnerligen

209 1187 124 26 storartadt,
349 1193 47 15 men
412 1188 86 20 relativt
512 1190 60 24 taget
587 1190 24 19 är
626 1188 36 21 det
674 1188 46 21 icke
733 1187 25 22 sä
771 1187 116 27 obetydligt
899 1187 71 22 heller.
997 1187 42 26 Jag

209 1215 39 20 har
264 1215 106 26 verkligen
387 1216 46 21 icke
449 1217 54 25 tagit
518 1217 52 20 reda
585 1217 27 26 pä
628 1216 84 21 hvilken
726 1216 81 21 rörelse
819 1216 40 21 den
872 1215 167 28 björneborgska

209 1243 72 20 banan
296 1243 83 22 komme
394 1246 32 19 att
442 1245 95 25 omfatta,
553 1251 49 14 men
618 1245 104 21 hesiterar
737 1244 48 21 icke
801 1246 31 19 att
847 1246 57 19 ännu
916 1244 67 21 uttala
994 1244 43 20 min

210 1271 140 28 öfvertygelse
369 1273 78 25 derom,
468 1274 32 20 att
519 1273 42 21 den
578 1273 47 21 icke
644 1273 70 21 blefve
732 1273 104 26 betydlig.
869 1273 60 20 Hvad
948 1271 46 22 åter
1012 1272 26 21 de

209 1300 121 21 landsorter
354 1301 107 25 beträffar,
484 1307 46 15 som
552 1301 86 22 komma
662 1303 31 19 att
716 1301 90 21 beröras
829 1301 22 21 af
869 1301 41 20 den
929 1307 39 14 ena
987 1300 51 21 eller

209 1329 68 20 andra
292 1329 76 26 banan,
385 1329 23 21 sä
423 1329 37 21 vill
472 1330 38 26 jag
524 1330 90 27 upplysa
630 1330 24 21 hr
670 1329 114 22 Molander
800 1335 33 15 om
845 1331 31 19 att
885 1329 36 26 jag
932 1329 107 26 knappast

209 1356 81 22 känner
306 1357 64 27 nägra
386 1358 128 26 landsdelar,
530 1364 45 15 som
592 1359 72 20 kunna
679 1359 120 26 producera
815 1364 44 15 mer
875 1359 26 19 än
916 1363 63 15 norra
995 1357 43 21 Ka-

209 1386 65 20 relen.
305 1386 70 26 Detta,
392 1387 88 21 emedan
495 1387 25 20 hr
535 1386 113 22 Molander
664 1387 70 21 anfört
751 1386 71 21 säsom
834 1388 31 19 ett
876 1386 58 21 bevis
946 1385 26 27 pä
983 1385 55 21 huru

209 1414 119 27 obetydligt
343 1414 161 22 trafikecentrum
519 1416 96 20 Joensuu
627 1417 29 24 är,
668 1416 36 20 det
715 1415 73 26 dåliga
798 1414 90 21 resultat
899 1414 63 20 Pielis
973 1414 65 20 kanal

208 1442 68 26 gifvit.
311 1442 33 21 An
360 1443 72 21 vidare
448 1444 38 20 ber
498 1444 37 26 jag
551 1446 32 18 att
598 1443 22 21 fä
634 1444 96 20 meddela
749 1444 26 20 hr
789 1443 113 21 Molander
916 1442 40 21 och
972 1442 67 20 andra

209 1469 219 28 ständsmedlemmar,
448 1477 45 16 som
513 1471 100 27 möjligen
633 1471 65 21 tänka
717 1471 46 21 lika
783 1477 44 15 som
846 1471 49 25 han,
910 1471 80 24 derom,
1006 1471 32 20 att

208 1498 37 20 det
260 1501 23 18 är
299 1505 26 15 en
345 1499 89 21 bräkdel
449 1500 23 21 af
488 1500 96 21 Joensuu
601 1500 58 21 stads
675 1500 87 25 rörelse,
779 1505 45 15 som
839 1499 91 21 trafiken
946 1498 12 21 ä
973 1498 65 21 Pielis

207 1526 66 21 kanal
285 1530 164 24 representerar,
462 1529 38 20 och
513 1528 141 27 anledningen
668 1528 71 21 dertill
751 1529 30 25 är,
795 1530 32 19 att
839 1527 91 21 kanalen
938 1527 7 20 i
954 1529 84 19 väsent-
