1086 1745
361 134 93 22 Borgarest.
467 132 48 20 1888.
540 132 21 19 18
573 132 49 20 Febr.
829 133 34 17 305

59 204 50 26 ning
131 202 45 22 helt
191 202 41 21 och
247 202 66 21 hållet
327 202 69 21 skulle
411 202 113 26 uppphöra
540 203 31 19 att
586 202 63 26 gälla.
680 201 41 26 Jag
736 200 81 28 åsyftar
830 201 56 21 blott

60 232 31 20 ett
105 230 203 28 tilläggsstadgande
323 230 23 21 af
360 230 36 21 det
410 230 103 26 innehåll,
522 232 31 18 att
568 230 103 20 Finlands
686 229 64 26 bank,
767 229 119 21 oberoende

61 260 22 20 af
103 260 62 21 dessa
186 259 159 26 bestämningar
363 258 40 22 och
419 258 69 21 under
503 258 42 21 alla
560 258 158 26 förhållanden,
735 258 68 21 skulle
818 258 21 20 få
853 259 34 19 ut-

61 288 56 26 gifva
133 288 70 21 sedlar
218 288 33 20 till
266 288 31 20 ett
311 287 78 27 belopp
406 286 22 22 af
442 287 56 21 ända
513 287 33 21 till
561 287 28 21 60
604 287 99 27 miljoner
718 286 66 21 mark.
814 286 73 21 Under

61 317 62 25 tider,
139 316 28 21 då
185 316 96 21 rörelsen
295 316 57 20 inom
368 316 73 20 landet
456 315 101 27 möjligen
573 315 71 21 kunde
660 314 97 22 erfordra
773 316 30 20 ett
818 316 69 20 större

61 345 84 27 belopp,
168 346 23 20 är
214 344 63 21 äfven
299 346 102 24 exporten
425 344 67 26 enligt
514 344 43 20 min
581 343 142 27 öfvertygelse
745 343 24 21 så
783 343 56 27 liflig,
856 345 32 19 att

62 373 96 21 bankens
180 372 114 22 utländska
315 372 124 26 behållning
454 378 52 15 vore
520 372 125 26 tillräckligt
660 374 52 24 stor,
727 372 33 20 för
775 373 32 19 att
823 372 66 26 enligt

63 402 26 22 de
110 401 124 22 nuvarande
257 401 187 26 bestämningarna
466 400 107 27 medgifva
589 407 27 14 en
632 400 163 26 sedelutgifning
805 400 83 21 utöfver

61 431 29 21 60
104 431 105 26 miljoner.
339 453 10 3 W

131 459 32 20 Hr
178 457 127 22 Fellman:
335 457 69 21 Äfven
424 457 38 27 jag
485 457 39 21 har
539 458 70 20 ansett
624 457 44 26 mig
683 457 53 20 böra
751 457 89 26 anmäla,
857 457 32 20 att

61 487 37 27 jag
121 487 22 21 af
164 486 105 21 särskilda
291 485 133 27 trafikanter,
447 486 138 21 medlemmar
608 485 23 22 af
645 485 63 21 Kemi
723 485 164 26 stadskommun,

63 515 40 21 fätt
117 515 8 21 i
139 515 97 26 uppdrag
258 516 33 19 att
311 514 113 21 framhälla
447 514 150 26 önskligheten
620 514 24 21 af
657 515 32 20 ett
703 514 102 21 Finlands
821 514 68 21 banks

63 544 89 21 kontors
174 543 122 21 inrättande
317 543 8 20 i
343 543 63 20 Kemi
421 543 56 20 stad.
507 543 34 21 Då
555 543 36 26 jag
605 549 30 14 nu
650 542 96 27 fullgjort
762 543 59 20 detta
835 549 54 20 upp-

64 573 58 26 drag,
145 572 39 21 har
207 571 36 22 det
265 571 58 21 skett
344 571 7 21 i
374 571 41 21 den
433 571 151 27 förhoppning,
601 573 33 19 att
649 571 69 20 denna
733 571 43 20 min
792 571 96 21 anmälan

63 601 67 21 måtte
143 600 22 21 få
175 600 76 26 åtfölja
265 600 102 21 remissen
382 600 34 20 till
430 599 173 26 bankutskottet,
620 599 34 21 för
665 600 32 20 att
707 599 106 22 utskottet
823 599 66 21 måtte

64 631 51 25 taga
137 629 123 20 densamma
281 629 68 20 under
367 627 136 28 ompröfning
518 628 40 21 och
573 628 36 21 vid
624 628 93 21 nämnda
732 627 158 27 önskningsmål

65 658 55 21 fästa
142 657 37 21 det
194 657 106 26 afseende,
315 657 106 21 utskottet
435 657 143 27 tilläfventyrs
593 657 43 20 kan
652 662 51 15 anse
718 656 51 21 derå
783 657 52 20 böra
850 656 39 21 och

64 686 73 21 kunna
151 685 80 21 hafvas.

134 714 31 21 Hr
180 714 129 26 Eneberg:
340 714 31 20 En
390 713 130 27 föregående
535 713 51 21 ärad
601 715 76 24 talare,
693 713 25 21 hr
733 713 82 26 Heikel,
830 713 39 21 har
883 713 7 20 i

65 743 38 20 sitt
124 742 143 26 andragande,
289 742 32 20 uti
344 742 80 20 hvilket
439 742 44 20 han
498 742 33 20 för
545 743 72 19 resten
633 742 116 20 framhållit
763 741 77 27 många
854 741 37 20 be-

65 770 162 28 hjertansvärda
250 770 188 26 omständigheter,
454 770 111 27 hänsyftat
583 770 73 26 derpå,
672 771 30 20 att
719 770 35 21 det
769 770 122 20 nuvarande

65 799 144 21 förhållandet
231 799 49 21 med
301 798 103 21 Finlands
426 798 70 21 banks
518 799 131 21 sedelreserv
668 799 69 20 skulle
751 798 52 21 bero
819 798 72 26 derpå,

66 828 33 20 att
121 827 161 27 bankstyrelsen
304 827 86 21 nedsatt
412 829 160 19 räntesatserna
594 833 51 19 mer,
662 828 26 20 än
705 827 25 21 de
745 827 28 26 på
787 826 68 27 grund
871 826 20 21 af

66 856 95 20 rådande
182 856 149 20 förhållanden
353 856 50 20 bort
424 856 118 20 nedsättas.
572 856 68 20 Detta
661 855 123 26 påstående,
807 861 44 15 som
871 854 23 21 af

67 884 26 21 hr
111 884 73 21 Heikel
199 884 48 21 icke
262 883 65 22 heller
342 883 28 27 på
385 883 65 26 något
466 885 44 19 sätt
525 883 118 26 bevisades,
660 885 23 19 är
699 883 65 26 enligt
774 884 43 20 min
827 883 66 21 tanke

68 912 87 21 alldeles
177 912 47 21 icke
247 912 231 21 öfverensstämmande
500 912 49 21 med
571 912 95 26 verkliga
680 911 149 22 förhållandet.
859 911 34 22 Dä

66 942 159 20 räntesatserna
241 941 54 21 1886
310 941 8 20 i
333 941 111 20 december
459 941 117 25 nedsattes,
587 946 39 15 var
638 940 128 21 situationen
777 940 72 26 sådan,
861 941 32 20 att

68 969 162 27 bankstyrelsen
255 969 66 26 enligt
343 969 44 21 min
414 969 55 26 åsigt
495 969 56 21 hade
577 969 89 21 handlat
691 969 128 26 fullkomligt
841 971 51 18 utan

68 997 119 21 eftertanke
203 997 40 21 och
258 1000 51 18 utan
325 997 29 21 all
368 997 82 28 hänsyn
466 997 34 21 till
516 998 26 20 de
556 997 212 22 förhandenvarande
779 997 114 21 förhållan-

68 1026 61 26 dena,
153 1032 34 15 om
209 1026 42 21 den
273 1026 68 21 skulle
366 1026 64 21 hafva
452 1026 113 21 bibehållit
589 1026 26 21 de
637 1026 71 26 gamla
729 1027 164 19 räntesatserna.

68 1054 75 21 Prisen
165 1054 55 21 både
243 1054 28 27 på
293 1061 62 14 varor
377 1055 40 20 och
439 1054 75 21 arbete
529 1055 54 20 hade
599 1055 27 20 då
641 1054 89 27 nedgått
745 1055 6 20 i
766 1054 73 21 landet
854 1054 40 21 och

69 1083 36 20 det
127 1085 71 24 syntes
221 1083 77 27 tydligt
320 1085 31 18 att
366 1083 7 20 i
388 1083 106 20 kassorna
508 1083 47 20 fans
570 1083 7 20 i
592 1082 103 22 öfverflöd
710 1083 122 26 penningar,
849 1089 45 14 som

68 1111 47 20 icke
137 1111 72 20 kunde
231 1111 95 27 placeras
348 1111 40 21 och
410 1111 116 21 användas.
556 1111 49 21 Alla
626 1111 82 26 tecken,
723 1117 46 15 som
787 1117 49 15 man
851 1111 43 21 kan

69 1145 52 15 anse
143 1139 87 26 betinga
252 1146 26 14 en
296 1139 207 27 räntenedsättning,
519 1145 51 16 voro
585 1140 127 26 förhanden,
728 1139 39 21 och
783 1139 35 21 det
833 1145 62 21 egen-

70 1167 92 27 domliga
183 1168 112 21 inträffade
318 1168 71 26 också,
408 1169 32 20 att
455 1169 112 25 samtidigt
581 1169 52 20 eller
648 1168 66 26 något
728 1168 95 27 tidigare,
837 1174 58 15 nem-

70 1197 56 26 ligen
148 1196 66 21 redan
237 1203 34 14 om
294 1197 62 20 våren
381 1197 61 26 1886,
469 1198 160 20 räntesatserna
650 1197 109 20 nedsattes
781 1197 7 20 i
811 1197 86 26 Sverige

70 1225 40 21 och
133 1224 61 21 äfven
216 1225 7 20 i
245 1225 110 26 Ryssland,
379 1225 68 20 ehuru
470 1225 28 21 de
520 1231 75 15 senare
617 1226 7 20 i
639 1225 132 22 sistnämnda
785 1226 50 20 land
850 1225 47 21 åter

70 1253 81 27 höjdes.
180 1253 51 21 Man
253 1259 34 15 ser
309 1253 84 21 således
416 1255 32 19 att
470 1253 72 22 denna
563 1254 138 26 nedsättning
716 1259 36 15 var
767 1260 26 15 en
808 1253 51 28 följd
876 1253 23 22 af

70 1281 155 26 förhällanden,
242 1287 45 15 som
302 1281 98 22 inträdde
415 1282 47 21 icke
479 1282 76 21 endast
570 1283 39 20 hos
626 1288 40 19 oss,
678 1285 50 18 utan
740 1282 60 21 äfven
812 1283 7 20 i
830 1282 67 21 andra

71 1310 80 25 länder,
176 1310 39 20 och
238 1310 164 26 nedsättningen
424 1316 38 14 var
484 1310 49 21 icke
554 1310 68 21 heller
641 1310 23 21 sä
680 1312 51 24 stor,
747 1312 31 19 att
793 1310 40 20 den
848 1310 49 26 gick

71 1338 84 21 utöfver
177 1338 57 20 hvad
257 1338 78 26 skäligt
357 1338 40 21 och
419 1338 71 26 billigt
504 1338 73 21 kunde
591 1345 59 15 vara.
680 1339 10 20 I
706 1338 91 26 Sverige,
813 1338 86 21 hvarest

71 1367 160 20 räntesatserna
254 1366 139 21 öfverhufvud
416 1367 62 21 alltid
502 1367 53 21 stått
576 1367 66 27 något
656 1367 67 26 högre
737 1368 26 19 än
779 1367 7 21 i
801 1367 98 26 Finland,

72 1394 40 21 har
134 1394 70 26 nägon
227 1394 102 27 ätergäng
351 1395 33 20 till
407 1395 26 20 de
455 1396 73 25 gamla
545 1397 161 19 räntesatserna
720 1395 46 21 icke
782 1396 66 20 heller
863 1397 36 24 egt

72 1429 53 19 rum,
149 1423 46 25 och,
218 1423 70 21 säsom
307 1423 135 26 tidningarne
454 1424 48 26 just
517 1424 7 20 i
540 1423 40 26 dag
595 1424 105 26 upplyste,
717 1423 38 21 har
769 1423 131 21 riksbanken

72 1451 7 20 i
95 1451 125 21 Stockholm
238 1457 49 21 nyss
303 1451 92 26 vidtagit
409 1457 26 15 en
449 1452 126 27 ytterligare
590 1452 137 26 nedsättning
742 1451 22 21 af
777 1454 83 24 räntan,
877 1451 23 22 sä

73 1481 33 19 att
128 1485 48 15 man
198 1485 41 20 ser,
256 1481 32 19 att
310 1479 7 21 i
336 1479 86 27 Sverige
436 1479 165 22 förhällandena
616 1480 64 21 hafva
694 1480 89 26 fortgätt
798 1481 7 20 i
819 1486 82 15 samma

73 1507 100 26 riktning,
195 1508 78 21 liksom
293 1508 36 27 jag
352 1507 65 22 också
439 1510 23 19 är
486 1509 125 26 öfvertygad
627 1515 34 14 om
677 1510 32 19 att
725 1509 26 20 de
766 1509 64 20 hafva
844 1509 57 27 gjort

73 1535 37 21 det
132 1535 39 21 hos
194 1542 42 15 oss.
266 1536 41 26 Jag
323 1538 24 19 är
364 1537 127 26 visserligen
508 1537 22 20 af
544 1537 41 20 den
601 1537 62 26 äsigt,
679 1539 33 18 att
726 1537 102 22 Finlands
843 1537 58 21 bank

833 1577 23 17 20
