1086 1750
220 125 23 17 14
488 126 99 23 Aorgarest.
594 126 39 19 1888
664 126 21 19 23
697 126 35 19 Jan.

267 196 31 21 Hr
319 196 130 22 talmannen"
464 197 135 27 uppmanade
622 196 87 22 ståndet
727 197 32 21 att
773 202 29 14 nu
817 196 73 21 skrida
904 196 32 21 till
951 196 34 21 val
1000 195 24 22 af

198 224 114 27 elektorer,
328 225 39 21 och
382 225 69 21 beslöt
466 226 91 26 ståndet,
573 226 28 26 på
611 226 81 26 förslag
708 225 23 21 af
743 225 37 21 hrr
796 224 102 27 Hoving
914 224 40 22 och
969 224 53 22 Mo-

197 252 105 28 lander,
317 255 38 25 att,
371 254 6 20 i
393 254 68 21 likhet
476 254 48 21 med
539 254 55 21 hvad
610 260 46 16 som
671 254 56 21 varit
741 253 60 21 fallet
811 253 37 21 vid
859 255 83 19 senaste
953 254 70 20 landt-

199 281 47 27 dag,
262 284 47 20 utse
326 282 26 21 18
367 282 112 22 elektorer.
511 283 39 21 Vid
565 283 53 21 härå
633 282 119 22 verkstäldt
767 282 34 21 val
815 281 88 27 utsågos
917 282 33 21 till
966 282 57 21 elek-

198 312 73 19 torer
262 308 13 34 :

417 340 31 21 Hr
464 340 129 21 Andersin
634 340 49 22 med
698 340 29 22 50
741 340 74 20 röster.

426 385 12 10 »
465 368 130 27 Clouberg
653 386 12 9 »
699 369 28 21 50
771 385 12 9 n

427 414 11 10 »
464 398 94 26 Elving
653 414 12 10 »
698 398 29 21 50
771 414 13 9 ,

425 442 13 10 »
464 426 134 21 Molander
653 443 12 10 »
699 426 28 21 50
771 442 13 9 1»

427 472 11 9 »
464 455 133 27 Tallgvist
651 471 12 10 »
697 455 29 21 50
771 470 11 11 I

427 500 11 10 »
464 484 122 26 Eneberg
653 500 12 10 »
699 484 28 21 49
771 499 13 11 n

425 529 11 10 »
464 512 153 27 Borgström
653 528 11 10 .,
699 512 28 21 32
771 528 12 10 >»

426 557 12 10 »
464 540 168 22 Hasselblatt
653 557 12 10 ,,
699 541 28 21 32
771 556 12 10 >

426 587 12 10 »
464 570 92 21 Heikel
654 587 11 10 n»
699 570 28 21 32
771 585 12 10 »

424 615 13 10 »
463 599 136 20 Lindblom
653 615 12 10 »
699 599 27 21 32
771 614 12 10 x

425 644 13 10 »
463 627 140 21 Rönnbäck
653 643 13 10 ,
700 628 27 21 32
771 643 12 10 »

426 673 12 10 »
465 656 132 27 Stenbäck
651 672 12 10 »
698 657 28 20 32
771 671 12 10 »

426 701 12 10 »
464 685 97 21 Öhman
653 701 12 10 »
699 685 27 21 32
771 700 12 10 »

425 730 12 9 »
464 713 101 26 Hoving
653 729 12 10 »
699 713 25 22 31
770 728 13 11 »

426 759 12 10 »
464 742 69 21 Lille
651 759 12 9 »
697 743 26 20 31
771 757 11 10 uu

426 787 12 9 »
463 771 114 20 Neovius
699 771 85 25 29»,

427 815 11 10 4
466 783 159 48 Schybergson
650 787 15 39 ,,
698 799 27 22 28

426 845 12 9 »
463 827 201 27 V.W.Ohberg,
699 828 27 21 28
771 843 13 10 >»

267 924 59 21 Ifrån
349 925 25 20 hr
396 925 206 21 Landtmarskalken
621 925 55 21 hade
694 925 70 26 ingått
786 924 138 22 meddelande
942 924 80 26 derom,

198 954 33 20 att
246 953 205 22 talmanskonferens
466 960 38 15 var
518 955 68 20 utsatt
601 954 33 21 till
653 954 99 26 tisdagen
768 953 41 21 den
824 953 28 22 25
864 953 84 27 januari
964 953 29 21 kl.
1009 953 14 22 6

198 988 18 15 e.
232 988 35 20 m.,
283 982 40 21 och
337 983 134 26 uppmanade
486 983 26 20 hr
526 983 123 20 talmannen
668 983 71 20 derför
753 981 97 22 ståndets
865 981 137 22 medlemmar
1016 982 8 21 i

197 1010 142 22 konferensen
355 1013 32 19 att
401 1011 28 26 på
445 1011 65 26 sagda
524 1011 32 21 tid
571 1010 81 22 infinna
667 1011 32 27 sig
713 1011 7 21 i
736 1011 143 21 riddarhuset.

266 1114 121 27 Föredrogs
410 1121 26 14 en
458 1114 47 21 från
528 1114 53 21 hans
599 1121 44 15 exc.
659 1115 222 26 generalguvernören
895 1113 33 20 till
943 1113 25 20 hr
983 1113 41 21 tal-

196 1148 93 15 mannen
304 1143 56 20 stäld
374 1143 116 27 skrifvelse,
506 1143 60 21 hvari
581 1143 143 26 meddelades,
740 1144 33 19 att
787 1142 75 27 nödigt
869 1141 59 21 antal
938 1141 86 27 tryckta

196 1172 110 26 exemplar
321 1171 21 21 af
358 1171 26 22 de
399 1172 32 20 uti
446 1178 26 15 en
487 1172 126 21 skrifvelsen
628 1172 72 26 bilagd
715 1171 136 26 förteckning
865 1172 110 25 upptagna
985 1169 39 22 nå-

196 1200 50 26 diga
267 1200 157 26 propositioner
446 1200 33 21 till
501 1201 83 21 landets
607 1201 87 21 ständer
709 1200 36 21 vid
761 1199 144 21 innevarande
920 1198 103 26 landtdag

195 1228 72 21 blifvit
289 1228 33 21 till
344 1228 86 22 ståndet
444 1229 7 21 i
466 1229 100 21 afseende
589 1229 12 21 &
623 1229 152 27 föredragning
794 1227 166 26 öfverlemnade;
983 1227 40 21 och

195 1256 106 22 befunnos
316 1258 8 20 i
338 1257 66 27 sagda
426 1258 133 26 förteckning
580 1257 94 27 följande
695 1258 80 26 nådiga
796 1256 157 28 propositioner
971 1261 53 15 vara

195 1286 118 26 upptagna,
329 1286 117 26 nemligen:
1045 1294 3 4 d

264 1314 41 21 N:o
321 1315 11 20 1
349 1320 34 16 om
396 1315 120 26 antagande
531 1314 31 22 af:
580 1316 33 20 1:o
629 1314 78 22 allmän
722 1314 100 26 strafflag
836 1314 34 20 för
881 1312 143 22 Storfursten-

195 1342 73 22 dömet
289 1342 97 27 Finland,
409 1344 35 20 2:o
462 1343 124 27 förordning
605 1349 34 15 om
661 1342 163 27 verkställighet
843 1342 23 21 af
883 1342 64 25 straff,
967 1343 55 19 samt

194 1371 35 21 3:0
251 1371 127 27 förordning
400 1378 34 15 om
452 1372 111 21 införande
582 1372 23 21 af
623 1372 128 26 strafflagen
771 1371 40 21 och
829 1370 56 22 hvad
899 1370 7 21 i
921 1370 102 22 afseende

194 1400 52 20 derä
261 1400 55 22 skall
332 1400 115 26 iakttagas.

264 1428 40 22 N:o
320 1429 13 21 2
349 1428 109 27 angående
479 1428 137 28 förflyttande
637 1429 33 21 till
693 1428 140 22 statsarkivet
851 1427 23 21 af
886 1426 136 22 häradsarki-

193 1462 53 15 vens
261 1457 60 21 äldre
336 1457 132 27 handlingar.

263 1485 41 21 N:o
319 1486 14 20 3
348 1486 109 26 angäende
471 1486 114 21 förändrad
601 1486 79 26 lydelse
695 1486 24 21 af
732 1485 26 27 $$
772 1486 35 25 20,
818 1485 29 21 25
857 1484 40 21 och
907 1484 28 21 43
945 1484 8 20 i
963 1484 59 26 lego-

193 1513 92 27 stadgan
301 1514 33 21 för
349 1514 123 22 husbönder
486 1514 40 21 och
541 1514 130 28 tjenstehjon
686 1514 24 22 af
723 1514 43 21 den
781 1514 28 20 30
821 1512 86 28 januari
923 1512 62 22 1865.

262 1542 41 21 N:o
318 1543 15 21 4
347 1542 133 22 beträffande
494 1543 46 21 dels
553 1543 194 27 röstberäkningen
761 1542 35 21 vid
806 1542 35 21 val
851 1542 33 21 till
893 1540 129 22 besättande
