1086 1748
212 115 35 18 174
493 116 94 22 Borgarest.
599 116 49 19 1888.
672 116 10 20 7
695 116 47 19 Febr.

190 185 66 27 giften
272 187 24 20 är
310 185 83 22 således
411 185 48 22 icke
478 185 96 28 betydlig
593 186 40 21 och
649 186 43 21 kan
705 186 25 27 ju
745 185 18 28 ej
780 191 62 16 anses
857 192 51 15 vara
922 186 34 21 för
971 186 47 22 dem

190 214 42 21 den
246 214 67 26 gäller
328 214 93 21 särdeles
436 214 144 27 betungande,
601 221 49 14 men
668 215 28 21 då
711 215 36 21 det
759 214 25 27 ju
800 214 7 21 i
822 214 43 21 alla
879 214 38 22 fall
932 217 24 19 är
966 215 53 21 obil-

190 242 40 27 ligt
244 243 40 20 och
303 243 116 26 oegentligt
438 244 33 20 att
489 249 27 15 en
534 243 105 26 landsdel,
654 244 53 20 utan
723 244 34 20 att
771 243 85 27 åtnjuta
869 243 150 22 motsvarande

190 272 61 20 extra
265 271 100 25 fördelar,
381 271 53 21 skall
449 271 95 22 drabbas
560 271 24 22 af
597 271 89 26 skatter,
696 277 46 16 som
757 271 19 27 ej
792 271 131 22 förekomma
932 272 8 21 i
950 271 69 27 öfriga

191 299 60 22 delar
270 299 23 22 af
313 299 80 26 landet,
408 300 74 27 tyckes
497 300 44 26 mig
556 301 33 20 att
604 300 116 26 anledning
734 299 117 22 förefinnes
866 302 32 19 att
912 300 107 27 bebygga-

190 334 52 15 rene
263 328 7 21 i
294 328 137 21 Österbotten
452 329 68 20 borde
542 328 80 21 befrias
641 328 48 21 från
705 329 94 20 nämnda
815 328 67 27 afgift,
899 329 39 20 och
953 329 65 26 vågar

188 356 38 27 jag
244 356 72 21 derför
331 356 92 27 anhålla,
439 358 32 20 att
485 357 184 26 Borgareståndet
688 357 50 21 ville
752 356 77 22 förena
843 357 32 26 sig
891 363 33 15 om
939 357 78 21 under-

192 384 64 27 dånig
271 385 89 26 petition
376 385 83 22 derom:

363 426 30 19 alt
411 425 39 20 den
468 425 65 26 enligt
550 424 78 28 Kongl.
645 425 119 28 Majestäts
783 425 48 27 bref
845 425 26 27 af
883 425 40 22 den
937 426 13 19 1
965 425 52 26 Sep-

294 458 76 21 tember
392 460 62 19 1774
475 459 113 27 påbjudna
610 459 48 28 (och
680 459 103 28 möjligen
803 466 74 20 genom
895 465 73 16 senare
982 460 34 20 ut-

294 493 75 20 komna
390 493 155 27 författningar
562 493 144 28 stadfästade)
722 493 68 28 afgift
808 493 26 27 af
849 493 73 28 »'/j&'/0
938 493 26 28 af
976 493 41 22 alla

267 527 3 2 *
294 527 200 28 bouppteckningars
513 528 8 20 i
542 522 129 27 Österbotten
686 528 141 27 behållning",
843 527 76 28 afsedd
934 529 30 20 att
978 534 39 15 an-

294 561 81 22 vändas
393 562 32 21 till
443 562 116 21 understöd
577 562 27 27 af
622 562 92 27 lasarett,
733 563 65 20 måtte
813 563 48 20 med
875 563 33 20 det
922 563 96 20 snaraste

294 595 92 28 aflyftas.

260 636 133 27 Helsingfors
408 636 40 21 den
464 637 13 20 3
492 636 107 21 Februari
615 637 63 21 1888.

748 665 28 20 A.
795 664 24 22 O.
835 665 112 21 Snellman.

260 715 37 22 Uti
322 716 134 21 förestäende
481 717 185 26 petitionsförslag
689 717 87 21 förenar
797 717 32 26 sig
854 717 61 21 äfven
939 716 78 21 under-

191 744 99 21 tecknad.

259 785 133 27 Helsingfors
408 791 45 15 som
469 785 63 21 ofvan

745 813 66 27 Josef
825 812 121 22 Stenbäck*.

259 859 122 22 Petitionen
395 859 149 22 remitterades
559 859 24 22 af
596 859 86 22 ständet
697 859 33 22 till
746 859 168 22 statsutskottet.

258 944 115 28 Upplästes
387 946 32 20 ett
433 945 24 21 af
470 945 25 21 hr
510 945 103 27 Nyberg
628 945 119 21 inlemnadt
761 944 173 27 motionsförslag
948 944 23 22 af
979 950 37 15 ne-

190 972 131 22 danstäende
336 974 90 26 lydelse:

415 1041 10 10 »
430 1024 41 21 Till
485 1024 107 28 vällofliga
608 1024 187 28 Borgareständet.

258 1070 48 21 Den
328 1071 110 27 spridning
459 1071 108 21 telefonen
586 1071 58 21 inom
662 1070 68 27 nägra
749 1070 25 21 är
792 1071 76 21 vunnit
882 1070 7 21 i
904 1070 48 21 värt
966 1070 50 21 land

189 1098 85 22 bevisar
292 1105 45 15 mer
355 1101 27 19 än
400 1101 66 19 annat
481 1100 48 20 dess
545 1100 164 26 allmännyttiga
724 1098 155 22 beskaffenhet.
909 1099 54 21 Dess
980 1098 35 22 be-

188 1127 122 26 rättigande
328 1128 34 20 till
380 1130 143 24 uppmuntran
538 1128 48 21 frän
602 1130 81 19 statens
699 1128 48 20 sida
763 1127 38 21 har
816 1127 63 21 äfven
894 1127 23 21 af
931 1127 37 21 vär
982 1134 34 14 re-

188 1156 74 26 gering
284 1155 70 21 blifvit
376 1156 81 21 erkänd
475 1156 47 21 icke
541 1156 92 21 allenast
650 1162 77 20 genom
743 1156 78 26 nådiga
836 1156 144 26 kungörelsen
994 1155 25 21 af

188 1184 42 20 den
248 1184 28 21 23
294 1184 119 21 December
433 1185 62 26 1886,
510 1186 52 20 utan
577 1185 64 21 äfven
660 1191 76 20 genom
757 1184 42 21 den
814 1184 140 26 proposition,
970 1190 46 15 som

187 1212 69 22 under
274 1212 42 22 N:o
335 1213 27 21 12
377 1213 70 22 blifvit
462 1213 69 22 denna
545 1214 104 26 landtdag
664 1212 105 27 förelagd.
800 1212 82 22 Genom
898 1212 70 21 denna
982 1218 34 15 se-

187 1247 54 15 nare
262 1241 87 22 komma
371 1242 122 26 antagligen
514 1242 255 26 telefoninrättningarna
787 1243 33 19 att
838 1241 66 21 blifva
917 1241 99 26 fridlysta

187 1269 28 26 på
233 1275 81 16 samma
333 1272 43 19 sätt
395 1276 43 15 som
458 1270 267 27 telegrafinrättningarna.
757 1269 52 22 Men
827 1270 7 20 i
853 1272 32 19 ett
904 1271 66 19 annat
985 1269 31 20 af-

188 1297 78 22 seende
289 1300 25 19 är
336 1298 107 21 telefonen
465 1301 58 18 ännu
541 1299 47 21 icke
603 1299 87 21 likstäld
706 1298 49 21 med
771 1297 125 27 telegrafen.
926 1297 90 21 Enskild

187 1332 63 21 egare
272 1327 52 20 eller
346 1327 138 21 innehafvare
507 1327 23 21 af
547 1327 50 27 jord
616 1327 43 21 kan
678 1327 109 26 nemligen
805 1328 64 24 ännu,
885 1325 63 22 äfven
963 1327 53 19 utan

186 1355 54 26 skäl,
263 1355 100 26 förbjuda
385 1361 26 15 en
434 1355 178 26 telefonlednings
632 1355 109 26 dragande
761 1355 60 21 öfver
836 1355 54 20 hans
904 1354 68 26 mark,
990 1353 27 21 då

186 1383 43 21 han
252 1383 96 22 deremot
371 1384 66 26 enligt
455 1384 115 27 kejserliga
587 1384 154 26 förordningen
762 1383 23 21 af
799 1383 41 21 den
856 1383 28 21 12
899 1382 118 21 December

187 1411 63 27 1864,
270 1412 111 26 angående
399 1412 120 27 skyldighet
533 1412 35 21 för
583 1418 63 21 egare
662 1413 51 20 eller
728 1411 140 22 innehafvare
885 1411 22 21 af
918 1410 50 28 jord
983 1411 34 20 att

186 1441 46 20 mot
254 1441 118 26 ersättning
394 1441 88 26 upplåta
504 1441 61 20 mark
586 1441 34 20 för
642 1441 88 20 allmänt
750 1439 72 27 behof,
841 1441 24 19 är
885 1439 83 27 skyldig
983 1439 33 20 att

186 1468 90 27 upplåta
298 1469 33 20 sin
354 1469 61 21 mark
437 1469 33 21 för
488 1469 182 26 telegrafledning,
690 1469 79 20 endast
784 1470 57 19 emot
857 1467 123 22 erhållande
994 1467 24 20 af

186 1497 120 26 ersättning
323 1498 34 20 för
375 1497 42 21 den
432 1497 74 25 skada,
523 1503 44 15 som
584 1497 127 27 tillskyndas
727 1497 81 20 honom
823 1502 78 21 genom
916 1495 100 26 telegraf-

186 1525 122 26 stolparnas
322 1525 151 27 uppställande
488 1526 40 21 och
543 1526 119 21 anstaltens
676 1525 208 22 vidmakthållande.
