1086 1714
232 103 35 18 214
498 104 93 22 Borgarest.
604 104 48 18 1888.
676 104 10 18 7
699 104 47 18 Febr.

208 172 27 21 lit
249 173 32 20 ett
297 172 66 28 dylikt
381 172 206 27 afdelningskontor,
603 173 8 21 i
626 173 27 21 de
668 172 63 22 flesta
746 172 115 21 afseenden
875 172 42 22 kan
932 172 103 22 likställas

209 200 50 21 med
281 201 89 27 Kajana.
400 201 42 27 Jag
464 201 69 21 finner
554 201 24 21 af
599 201 143 21 sistutkomna
764 200 120 22 statistiska
906 201 79 22 årsbok
1002 201 34 21 för

209 228 93 22 Finland
325 229 115 27 (årgången
456 230 70 26 1887),
545 231 32 19 att
592 229 152 27 folkmängden
759 235 38 15 var
811 229 8 21 i
835 229 115 22 Sordavala
967 230 68 26 1,155,

209 257 7 21 i
231 257 85 27 Kajana
339 258 61 26 1,073
423 258 111 26 individer,
551 259 32 20 att
599 258 82 21 antalet
696 258 133 26 boningshus
844 264 38 15 var
896 258 7 21 i
919 258 117 21 Sordavala

210 286 49 25 135,
281 286 8 20 i
311 286 82 27 Kajana
416 287 48 25 130,
487 288 33 20 att
541 286 152 22 bruttovärdet
715 286 23 22 af
755 286 134 21 fabrikernas
904 287 39 20 och
960 287 76 21 handt-

209 314 148 22 verkeriernas
378 315 138 27 tillverkning
538 315 99 27 utgjorde
658 315 7 21 i
689 314 118 22 Sordavala
829 314 92 27 189,000
942 315 66 26 mark,
1028 315 8 20 i

209 342 85 26 Kajana
316 343 91 26 153,000
429 344 66 25 mark,
515 344 32 20 att
563 343 191 21 elementarskolor
769 343 78 21 funnos
862 343 7 21 i
885 343 115 21 Sordavala
1017 344 18 24 1,

209 370 7 21 i
232 370 83 28 Kajana
332 372 18 25 1,
366 373 32 19 att
412 372 84 26 privata
510 372 221 20 fruntimmersskolor
745 372 79 20 funnos
839 371 7 21 i
863 371 115 21 Sordavala
994 372 19 26 1,
1029 372 6 20 i

209 399 84 27 Kajana
317 400 18 26 1,
358 401 31 20 att
412 400 69 21 elever
502 400 79 21 funnos
604 400 101 26 (läseäret
728 399 152 28 1885—1886)
896 400 7 20 i
919 400 116 21 Sordavala

210 428 179 21 elementarskola
409 429 33 25 13,
458 428 7 21 i
480 428 84 27 Kajana
579 428 179 22 elementarskola
774 428 33 26 16,
823 428 8 21 i
846 428 116 21 Sordavala
978 428 57 21 frun-

209 456 157 22 timmersskola
388 457 34 26 51,
445 457 6 21 i
470 457 85 27 Kajana
572 456 209 22 fruntimmersskola
796 457 34 25 35,
847 458 32 19 att
893 456 142 22 stadsinkom-

210 486 73 20 sterna
305 485 97 27 utgjorde
421 486 7 21 i
444 485 117 22 Sordavala
577 485 79 27 30,834
671 485 67 26 mark,
754 485 7 21 i
777 485 85 27 Kajana
877 485 76 26 23,213
968 485 67 26 mark,

210 514 33 19 att
265 513 176 27 stadsutgifterna
463 514 100 27 utgjorde
585 514 7 21 i
615 513 118 22 Sordavala
755 514 79 25 30,834
849 514 65 25 mark,
930 514 8 21 i
952 514 84 27 Kajana

210 542 78 25 23,038
303 542 67 26 mark,
386 548 19 15 o.
421 549 17 14 s.
453 549 19 14 v.
496 543 44 20 Allt
556 543 59 20 detta
630 542 70 21 finner
708 543 37 26 jag
755 541 48 22 frän
814 543 92 20 nämnda
917 542 119 21 statistiska

210 569 85 27 årsbok,
314 577 48 14 men
380 571 57 21 hvad
453 571 37 27 jag
508 571 47 21 icke
570 571 69 21 finner
655 571 100 26 derifrän,
771 571 57 20 hvad
841 571 37 26 jag
893 570 22 21 af
928 571 108 26 personlig

210 598 121 21 erfarenhet
349 600 40 22 vet,
408 601 30 25 är,
454 601 32 19 att
501 599 84 27 Kajana
600 599 49 21 stad
664 599 50 21 med
728 599 33 21 sin
776 601 83 24 trogna,
876 600 81 25 trägna,
973 599 63 20 sträf-

210 633 81 15 samma
312 627 124 27 befolkning
458 627 96 22 befinner
576 628 31 26 sig
626 628 7 20 i
649 633 26 15 en
691 627 59 27 långt
765 627 94 26 aflägsen
873 627 102 26 landsort,
991 627 45 21 vidt

210 655 56 21 skild
281 655 47 21 från
343 656 41 21 alla
399 656 27 21 de
441 656 99 27 fördelar,
555 656 114 21 hvaröfver
680 656 26 21 de
716 656 62 21 flesta
789 656 23 21 af
821 656 50 21 våra
882 655 72 22 städer
963 655 73 21 kunna

209 683 48 21 fritt
271 683 90 27 förfoga.
391 684 77 21 Männe
484 685 36 20 det
535 691 51 14 vore
601 685 33 21 för
649 685 85 26 mycket
749 684 96 26 begärdt,
862 690 33 15 om
906 684 70 21 denna
987 684 48 21 stad

210 711 69 22 skulle
301 714 139 25 uppmuntras
463 713 48 21 med
534 714 31 20 ett
585 713 201 26 afdelningskontor
805 712 24 21 af
844 712 102 21 Finlands
960 712 75 21 Bank?

208 740 43 26 Jag
269 742 45 19 tror
333 741 31 21 för
382 741 44 21 min
444 741 40 25 del,
506 743 33 19 att
554 741 35 22 det
604 741 48 22 icke
667 747 51 16 vore
732 741 33 21 för
781 741 90 27 mycket,
885 741 37 27 jag
936 742 52 24 tror,
1004 742 32 19 att

209 768 96 27 Banken,
326 775 33 16 om
378 770 19 27 ej
413 776 76 20 vunne,
506 770 128 21 åtminstone
650 770 111 26 ingenting
776 769 108 22 förlorade
899 769 71 26 derpå,
986 775 48 15 men

209 797 36 21 väl
259 797 76 26 bragte
353 804 25 15 en
394 798 149 27 betydelsefull
558 798 64 27 hjelp,
639 800 31 19 ett
685 798 108 21 verksamt
808 804 55 20 gagn
879 797 61 22 åstad
955 797 22 21 åt
992 797 44 21 Ka-

208 825 51 26 jana
274 826 39 21 och
329 826 47 21 dess
391 827 131 20 vidsträckta
537 827 92 26 omnejd.
651 827 42 26 Jag
708 827 65 26 vågar
788 826 83 21 derföre
881 826 155 21 vördsammast

210 853 91 28 anhålla,
321 855 33 20 att
371 855 111 26 Vällofliga
501 855 182 26 Borgareståndet
697 855 50 21 ville
762 855 115 26 godkänna
891 854 93 27 följande
1000 860 35 21 pe-

209 882 74 22 tition:

313 913 30 19 alt
363 911 9 21 i
394 911 88 28 Kajana
500 912 48 21 stad
566 911 64 22 måtte
649 911 92 22 inrättas
760 913 28 19 ett
803 910 193 28 afdelningskontor
1012 911 22 25 af

312 945 105 22 Finlands
433 946 69 21 Bank.

278 980 130 26 Helsingfors
424 980 40 22 den
479 981 13 21 3
508 980 104 21 Februari
629 980 62 21 1888.

783 1007 25 21 P.
825 1006 27 22 E.
868 1007 96 21 Ervast."

277 1054 32 20 På
331 1054 100 21 anhållan
453 1054 23 21 af
496 1054 26 20 hr
541 1054 138 22 Wasenius
698 1054 117 22 bordlades
830 1053 204 27 petitionsförslaget

208 1082 34 20 till
256 1083 62 20 nästa
333 1083 162 21 sammanträde.

277 1138 119 27 Föredrogs
418 1139 94 27 följande
535 1139 23 21 af
578 1140 26 20 hr
626 1139 94 21 Heikel
743 1138 121 22 inlemnade
889 1138 145 27 petitionsme-

208 1166 85 22 morial:

426 1223 9 10 »
441 1206 42 22 Till
502 1206 112 28 Vällofliga
630 1206 189 28 Borgareständet.

277 1252 123 22 Värnandet
418 1253 24 21 af
458 1253 166 27 medborgarens
643 1253 123 27 personliga
784 1252 65 21 frihet
864 1253 23 19 är
903 1258 26 14 en
944 1250 23 22 af
980 1257 55 15 sam-

207 1280 78 21 hällets
303 1280 89 22 främsta
411 1281 113 27 uppgifter.
554 1281 114 21 Erkännas
687 1281 69 21 mäste
776 1280 47 26 ock,
839 1282 32 19 att
887 1280 69 21 denna
971 1279 64 21 frihet

207 1309 33 21 uti
259 1308 38 22 vär
315 1309 97 27 gällande
427 1310 35 26 lag
476 1312 24 18 är
515 1310 82 26 ganska
611 1310 36 21 väl
661 1309 146 27 kringgärdad
822 1308 40 22 och
877 1308 113 26 obehörigt
1004 1308 31 20 in-

206 1343 67 21 grepp
296 1338 7 20 i
327 1338 121 21 densamma
470 1338 87 27 belagdt
575 1338 49 21 med
642 1339 84 25 strängt
742 1343 83 15 ansvar.
855 1336 51 21 Men
920 1336 56 21 huru
991 1342 43 15 om-

207 1366 110 26 sorgsfullt
338 1367 62 26 lagen
422 1368 28 19 än
472 1367 7 20 i
502 1367 59 21 detta
580 1367 101 21 afseende
699 1366 36 21 mä
753 1372 52 15 vara
820 1365 88 21 affattad
924 1365 39 20 och
979 1364 57 21 huru

206 1396 107 25 noggrant
331 1395 41 20 den
390 1397 28 18 än
433 1395 35 21 mä
482 1395 113 27 tillämpas,
611 1395 68 21 mäste
695 1395 37 21 det
748 1394 62 25 dock,
826 1393 27 27 pä
868 1393 68 27 grund
952 1392 23 21 af
989 1393 46 20 svä-

206 1423 98 26 righeten
323 1424 32 19 att
372 1423 73 21 förrän
461 1423 130 26 ransakning
607 1423 58 22 skett
679 1423 94 21 bedöma
788 1422 74 21 skälen
877 1421 33 22 för
925 1421 109 26 häktning,

206 1451 19 26 ej
249 1451 24 20 sä
291 1451 68 21 sällan
376 1452 92 26 inträffa,
487 1454 33 19 att
535 1458 102 20 personer
655 1451 65 21 blifva
736 1450 116 21 beröfvade
867 1450 32 21 sin
914 1449 66 21 frihet
995 1449 39 21 och

206 1479 69 21 hållas
290 1480 7 20 i
312 1479 65 22 häkte
392 1480 33 21 till
440 1481 52 26 följd
508 1480 23 21 af
544 1479 149 27 misstänkliga
708 1479 191 26 omständigheter,
916 1477 72 21 hvilka
1004 1483 32 16 se-

205 1513 53 15 nare
273 1508 68 21 under
356 1509 169 26 ransakningens
540 1508 55 27 gäng
610 1508 98 21 befinnas
723 1507 90 22 alldeles
829 1506 131 27 ogrundade.
990 1506 45 21 Och
