1084 1750
341 136 92 22 Borgarest.
446 136 44 19 1888.
514 136 18 18 14
545 136 49 22 April.
830 136 34 18 658

61 206 119 26 rättningar
199 211 50 15 vore
265 205 168 27 fördelaktigast,
454 211 33 15 om
507 205 86 21 ståndet
611 207 78 24 antoge
708 204 40 21 den
763 204 23 21 af
800 205 41 26 mig
856 205 30 21 fö-

61 234 98 26 reslagna
180 234 171 26 formuleringen,
375 234 55 20 helst
451 234 49 21 med
519 234 70 20 denna
607 233 138 27 formulering
764 233 36 21 det
819 233 68 21 natio-

61 262 172 22 nalekonomiskt
255 262 79 26 vigtiga
356 262 43 21 lax-
422 262 40 21 och
481 262 98 21 sikfisket
599 262 121 21 äfvenledes
740 261 90 21 erhåller
850 261 37 21 sitt

61 291 118 27 tillbörliga
193 290 76 28 skydd.

131 320 32 20 Hr
177 319 127 21 Jus6lius:
330 319 41 26 Jag
386 318 141 22 öfverlemnar
543 318 22 22 ät
581 319 85 21 ståndet
681 320 33 19 att
729 319 63 21 döma
807 325 34 15 om
856 319 31 21 fö-

63 348 94 21 reträdet
171 348 90 21 emellan
279 347 25 21 hr
322 347 130 21 Rönnbäcks
471 348 39 20 och
530 348 42 20 min
591 347 139 26 reservation,
746 348 39 20 och
800 348 36 20 vill
852 353 35 15 en-

64 376 54 26 dast,
134 376 6 21 i
156 376 114 26 anledning
286 376 22 20 af
321 376 26 20 hr
362 376 128 21 Rönnbäcks
505 376 145 25 förmenande,
662 378 32 18 att
708 375 122 27 kungsädra
840 376 48 21 icke

62 404 44 22 kan
121 407 92 25 stängas,
229 406 52 20 utan
297 406 32 19 att
343 404 139 26 begagnande
498 404 22 22 af
534 404 57 22 flott-
607 404 40 21 och
662 404 68 21 farled
745 404 69 21 tillika
828 404 60 21 hind-

63 439 41 21 ras,
122 433 119 26 framhälla,
258 432 101 22 hurusom
375 433 35 21 det
426 434 24 19 är
464 433 85 28 mycket
565 433 82 27 möjligt
663 435 32 19 att
710 439 75 20 genom
801 433 86 26 slussar,

64 464 84 25 rännor,
164 463 111 20 rullbanor
289 462 40 21 och
345 461 67 28 dylikt
427 462 154 21 vidmakthälla
591 461 218 27 kommunikationen,
821 462 67 21 ehuru

64 497 48 15 man
128 493 86 24 stänger
228 490 127 27 kungsädra.
385 490 40 21 Till
444 492 116 25 yttermera
579 490 55 21 visso
650 490 36 21 vill
699 490 37 27 jag
751 490 89 27 päpeka,
856 491 32 20 att

64 519 59 21 detta
145 519 63 21 äfven
231 519 92 26 framgår
345 525 24 14 ur
389 519 98 25 gällande
507 519 124 26 förordning
651 525 33 15 om
704 519 184 26 vattenledningar

64 548 40 21 och
123 547 133 26 vattenverk,
277 547 10 27 &
307 547 34 26 30,
357 547 85 21 hvilken
457 547 7 21 i
479 547 61 27 fråga
555 553 35 15 om
605 547 56 21 fasta
676 547 126 21 vattenverk
817 550 70 24 säger:

64 576 89 27 yFinnes
173 576 74 26 nödigt
266 578 31 19 att
315 575 111 22 utsträcka
444 576 76 21 verket
538 576 60 21 öfver
616 575 127 27 kungsädra,
762 576 34 21 mä
812 576 76 21 sådant

64 604 87 27 tillåtas,
175 611 34 15 om
231 605 64 26 nödig
317 604 42 22 far-
385 605 39 21 och
446 605 83 21 flottled
552 605 123 26 derigenom
697 605 18 26 ej
738 604 78 22 skadas
834 606 54 20 samt

65 634 74 26 tjenlig
162 634 80 20 anstalt
263 635 62 24 göres
344 632 33 22 för
398 633 197 21 vidmakthällande
613 633 24 21 af
653 633 147 27 kungsädrans
822 633 68 26 öfriga

64 662 32 21 uti
112 662 11 27 $
139 662 24 21 11
182 662 111 21 bestämda
307 662 116 20 ändamål.”

134 690 31 21 Hr
180 690 135 27 Bergbom:
353 690 42 26 Mig
417 696 62 21 synes
501 692 33 20 att
556 691 41 21 den
619 690 108 26 generella
748 690 140 26 bestämning,

65 725 47 15 som
130 719 107 21 utskottet
251 718 66 22 infört
332 719 40 21 och
388 725 45 15 som
448 719 109 21 förordats
571 719 24 21 af
607 719 26 20 hr
647 719 101 25 Jusélius,
764 720 32 20 att
810 718 79 21 fiskens

65 753 53 21 upp-
137 748 38 20 och
195 747 97 27 nedgång
308 748 17 26 ej
341 747 32 21 får
389 748 149 26 omöjliggöras
553 748 34 20 för
601 748 74 26 längre
690 748 37 25 tid,
743 749 27 19 än
785 747 59 27 ,med
859 747 30 21 af-

67 776 78 21 seende
165 776 12 20 å
192 776 85 21 verkets
296 776 136 20 omedelbara
451 776 66 21 behof
534 776 23 21 af
571 776 115 20 drifvatten
702 778 24 18 är
741 776 147 26 nödvändigt",

65 804 70 22 skulle
152 804 35 21 vid
206 804 159 27 tillämpningen
385 804 96 22 medföra
500 804 111 28 godtycke.
641 804 42 27 Jag
702 804 42 21 kan
763 804 47 21 icke
828 804 60 25 fatta,

67 833 55 21 huru
144 839 26 15 en
193 833 138 21 verkställare
351 832 22 22 af
391 833 70 21 denna
480 833 125 26 förordning
624 832 54 22 skall
696 833 85 21 komma
799 832 91 21 tillrätta

66 862 49 20 med
137 868 26 14 en
186 862 65 20 sådan
274 862 140 26 bestämning.
445 862 97 26 Afsigten
565 862 49 20 med
632 861 146 27 föreliggande
796 861 94 26 tilläggs-

66 890 125 26 förordning
206 892 23 18 är
244 890 94 27 tydligen
354 890 47 25 den,
418 892 32 19 att
464 890 117 26 förebygga
591 890 171 21 vattenståndets
772 890 118 27 sjunkande

65 918 69 21 under
153 918 41 22 den
213 918 74 27 punkt,
307 924 45 15 som
371 918 71 21 blifvit
460 919 100 21 faststäld
579 919 30 20 uti
629 918 206 27 dämningsvilkoren
855 924 35 20 ge-

66 952 50 16 nom
135 947 139 26 anläggnings
293 948 98 25 utslaget,
410 947 40 21 och
469 947 33 21 för
520 948 86 20 hvilken
626 947 123 27 vattenhöjd
768 947 61 21 äfven
844 948 46 19 vat-

68 975 113 21 tenverket
195 976 7 20 i
218 976 120 20 hufvudsak
353 976 122 20 beräknats.
506 976 35 20 Nu
557 978 23 18 är
596 976 36 20 det
644 976 25 26 ju
684 976 109 26 antagligt,
810 977 32 19 att
856 981 35 15 om

66 1004 137 26 kungsådran
218 1006 85 24 stänges
318 1004 35 20 vid
369 1004 36 20 det
420 1004 91 25 tillfälle,
528 1004 27 21 då
570 1005 84 20 vattnet
665 1004 89 21 innehar
765 1003 126 22 förberörda

66 1032 58 26 höjd,
143 1032 46 21 icke
205 1033 38 20 allt
262 1034 72 19 vatten
353 1032 33 21 för
406 1033 137 26 ögonblicket
561 1032 104 22 behöfves
683 1032 33 21 för
735 1033 85 21 verkets
840 1032 51 20 drif-

66 1061 75 25 vande,
161 1067 49 15 men
229 1061 132 26 småningom
381 1061 107 21 erfordras
506 1062 43 25 det,
568 1061 89 21 emedan
675 1061 136 27 kungsådran
826 1060 65 21 vanli-

66 1091 48 24 gast
131 1091 87 25 stänges
236 1090 67 20 under
322 1092 58 18 torra
399 1090 61 26 tider,
482 1090 28 21 då
528 1090 174 26 vattentilloppet
720 1092 24 18 är
763 1090 72 25 dåligt,
852 1089 39 21 och

66 1117 83 21 således
167 1118 179 26 vattenmängden
361 1118 8 20 i
384 1118 133 21 reservoiren
536 1118 134 21 förminskas.
702 1118 40 21 Till
760 1118 52 26 följd
830 1117 64 21 häraf

66 1146 43 21 kan
126 1146 37 27 jag
181 1147 46 20 icke
246 1146 55 22 fatta
319 1147 26 20 de
360 1147 100 26 grunder,
477 1153 45 15 som
538 1147 107 21 utskottet
660 1146 116 22 framhållit
790 1146 33 21 för
838 1146 54 21 infö-

66 1175 77 20 randet
158 1175 23 21 af
194 1175 161 27 bestämningen
372 1181 33 15 om
420 1175 80 22 fiskens
516 1175 131 28 skyddande,
664 1176 39 20 och
719 1181 44 16 som
774 1175 58 27 lyda:
849 1176 44 25 ,att

67 1204 127 20 vattenverk
214 1203 61 22 äfven
294 1204 68 21 under
377 1204 31 21 tid
424 1204 23 21 af
460 1204 46 27 lågt
520 1204 138 21 vattenstånd
675 1204 74 21 endast
763 1203 129 26 undantags-

67 1232 31 21 vis
116 1232 62 21 torde
197 1232 92 21 behöfva
308 1233 68 20 under
394 1233 74 26 längre
488 1233 31 20 tid
538 1233 99 20 använda
656 1233 47 20 hela
723 1231 169 22 vattenmassan*

66 1267 20 14 0.
103 1267 16 14 s.
135 1267 19 14 v.
184 1261 42 26 Jag
240 1261 78 20 förstår
333 1261 18 26 ej
368 1261 55 21 hvad
439 1261 106 21 utskottet
560 1261 88 21 härmed
664 1261 79 21 önskar
758 1261 63 20 hafva
836 1261 57 20 utta-

67 1289 51 26 ladt,
137 1289 40 21 och
197 1289 27 21 då
243 1296 35 19 nu,
298 1289 69 21 såsom
387 1290 68 26 sagdt,
476 1290 71 21 denna
564 1289 107 27 generella
689 1289 139 26 bestämning,
848 1294 45 15 som

67 1318 107 21 utskottet
192 1318 39 22 har
250 1318 70 26 tillagt
339 1318 32 21 för
391 1318 135 27 skyddandet
542 1318 23 22 af
577 1318 69 21 fisken
666 1318 66 26 enligt
750 1318 48 21 mitt
816 1317 78 21 förme-

67 1346 70 21 nande
152 1346 67 22 måste
235 1347 48 21 leda
297 1347 33 21 till
345 1347 113 27 godtycke,
475 1348 24 20 så
514 1348 38 20 ber
565 1347 37 27 jag
617 1348 32 20 att
664 1346 22 22 få
701 1347 83 25 föreslå,
796 1348 32 19 att
843 1346 51 20 den-

66 1380 82 16 samma
163 1375 66 21 måtte
248 1375 58 26 utgå.
336 1376 102 20 Deremot
457 1377 25 19 är
501 1376 44 20 lax-
564 1376 40 20 och
623 1374 97 22 sikfisket
739 1376 30 20 uti
788 1374 107 22 särskilda

66 1402 68 22 elfvar
153 1403 23 21 af
193 1404 82 26 ganska
293 1406 46 18 stor
357 1404 119 26 betydelse,
496 1404 40 21 och
555 1410 62 21 synes
636 1404 60 20 detta
714 1404 90 20 intresse
823 1402 72 22 derför

69 1431 53 21 böra
139 1432 91 21 beaktas
246 1432 7 20 i
269 1432 68 21 denna
352 1432 132 26 förordning.
508 1432 49 22 Men
573 1432 104 21 huruvida
692 1432 40 20 den
748 1432 22 20 af
784 1432 24 20 hr
823 1431 73 21 Rönn-

67 1460 54 20 bäck
137 1460 6 20 i
159 1460 60 21 detta
238 1460 54 27 syfte
310 1460 76 27 gjorda
400 1460 140 27 formulering
555 1463 24 18 är
595 1460 134 27 fullständigt
744 1460 73 27 tydlig,
833 1465 62 21 synes

66 1488 44 26 mig
135 1488 150 27 tvifvelaktigt.
315 1489 40 26 Jag
379 1489 68 21 skulle
471 1490 68 20 önska
557 1490 78 20 insätta
655 1489 61 21 ordet
735 1488 159 27 ,fullständiga*

67 1516 78 21 mellan
169 1517 66 21 orden
258 1517 156 26 ,kungsädras*
438 1518 39 20 och
498 1518 147 26 ,stängande.*
677 1517 41 21 För
737 1517 63 26 öfrigt
819 1516 76 21 under-

67 1544 73 21 stöder
153 1545 37 26 jag
206 1545 25 21 hr
246 1545 129 21 Rönnbäcks
391 1546 141 21 reservation.
