1089 1742
230 136 34 18 494
487 138 95 22 Borgarest.
593 138 47 18 1888.
664 137 21 19 21
699 138 49 18 Mars.

277 206 24 22 hr
320 207 75 21 Viktor
413 203 111 31 Öhberg:
547 208 42 26 Jag
607 208 38 20 ber
663 208 76 20 endast
754 208 33 20 att
801 206 22 21 få
837 206 96 28 upplysa,
949 208 33 20 att
993 206 37 27 jag

208 237 57 20 orätt
287 237 22 19 är
332 238 105 24 upptagen
462 236 65 22 bland
549 236 26 21 de
597 236 118 22 ledamöter
737 235 24 21 af
773 235 113 25 utskottet,
902 241 44 15 som
961 235 68 21 skulle

209 264 63 21 hafva
286 264 116 22 behandlat
417 265 68 21 denna
500 264 67 27 fråga.
589 265 41 26 Jag
645 271 37 15 var
697 265 47 20 icke
759 264 139 26 närvarande,
915 264 27 21 då
956 264 72 26 frågan

209 292 148 26 behandlades,
374 293 39 21 och
428 293 39 21 har
481 293 63 26 ingen
561 293 34 21 del
609 293 7 21 i
631 293 154 21 betänkandet.
807 292 43 21 Det
864 298 38 15 var
917 292 111 27 supplean-

209 323 36 19 ten
260 321 25 20 hr
300 321 104 26 Renlund,
421 327 44 16 som
481 323 42 20 satt
540 322 7 20 i
561 322 49 21 mitt
625 321 67 22 ställe.

277 349 121 22 Utskottets
413 350 135 21 betänkande
563 350 46 21 blef
622 350 93 21 härefter
730 349 23 22 af
767 349 85 21 ståndet
868 349 116 27 godkändt.

277 407 119 26 Föredrogs
418 407 105 21 allmänna
545 407 207 21 besvärsutskottets
775 406 137 22 betänkande
933 412 34 15 n:o
990 407 13 20 9
1021 407 7 20 i

208 435 113 26 anleduing
343 435 22 21 af
387 437 30 19 ett
439 436 32 21 till
493 435 176 27 borgareståndet
687 435 118 22 inlemnadt
819 435 210 26 petitionsmemorial

208 469 34 15 om
265 463 86 26 Ladoga
373 464 182 27 sjöfartsområdes
578 464 135 21 ombildande
728 463 33 22 till
777 465 31 20 ett
823 463 140 28 sjelfständigt
978 463 50 21 lots-

208 492 95 25 distrikt;
320 492 39 21 och
374 493 83 26 yttrade
473 493 30 26 sig
519 493 73 21 dervid
607 493 33 20 till
654 493 55 21 först

275 521 26 20 hr
319 520 137 22 Vasenius:
480 521 35 21 Uti
532 521 37 21 sitt
584 521 213 27 petitionsmemorial
812 523 88 19 nämner
914 521 113 27 petitionä-

208 555 44 19 ren,
275 551 32 19 att
329 549 56 21 både
407 550 115 21 ständerna
545 550 39 21 och
603 550 124 26 regeringen
743 549 48 21 haft
805 549 33 21 till
853 549 127 27 ögonmärke
996 549 31 21 åt-

207 579 82 25 gärder,
306 578 6 21 i
328 578 53 27 syfte
397 581 31 18 att
442 579 115 26 upphjelpa
573 579 101 26 sjöfarten
689 578 28 27 på
732 578 94 27 Ladoga,
843 578 39 21 och
897 579 6 20 i
919 578 31 21 sin
966 578 61 21 moti-

207 606 72 27 vering
301 608 87 20 nämner
411 607 104 21 allmänna
538 607 198 26 besvärsutskottet,
760 608 33 19 att
814 606 189 27 förslagsställaren
1020 607 7 20 i

207 635 38 20 sitt
266 635 209 26 petitionsmemorial
497 636 38 20 har
557 636 108 27 redogjort
687 635 33 21 för
743 635 26 21 de
791 635 149 26 inrättningar,
959 634 68 22 finska

207 664 70 20 staten
300 663 13 21 å
327 663 173 28 Ladogavattnen
515 664 32 21 för
563 664 131 21 närvarande
709 663 143 27 underhåller,
868 663 38 22 och
922 664 103 26 tillägger,

207 694 32 19 att
261 692 111 27 kejserliga
394 695 87 19 senaten
504 693 108 20 dessutom
634 693 39 20 har
695 693 93 26 anslagit
810 692 56 21 ända
888 692 32 21 till
935 693 91 24 200,000

206 721 60 20 mark
281 720 196 23 öfverskottsmedel
491 721 33 21 för
539 723 32 19 att
586 721 147 21 åstadkomma
749 721 72 21 bättre
831 721 195 27 fartygskonstruk-

206 749 17 20 ti
235 755 38 14 ner
287 749 28 27 på
329 749 92 27 Ladoga.
443 750 41 26 Jag
499 750 38 21 har
553 750 40 21 den
608 750 171 27 uppfattningen,
795 751 33 19 att
842 749 58 21 såväl
911 749 115 21 ständerna

206 783 45 15 som
267 778 122 26 regeringen
405 779 65 20 redan
485 779 67 20 under
567 779 51 27 flere
633 779 24 20 år
672 778 63 21 hafva
750 780 65 24 egnat
826 778 80 26 ganska
918 779 44 20 stor
974 784 52 21 upp-

206 806 143 21 märksamhet
365 806 22 21 åt
401 807 161 21 förhållandena
577 807 6 21 i
599 807 64 21 Östra
673 807 91 21 Finland
777 806 199 27 öfverhufvudtaget
986 807 39 20 och

207 835 100 21 särskildt
329 835 22 21 åt
366 835 100 27 sjöfarten
481 835 27 27 på
523 835 94 26 Ladoga.
647 836 38 21 Att
699 835 69 22 under
783 835 81 21 sådana
878 835 147 21 förhållanden

205 863 115 21 ständerna
333 863 69 21 skulle
417 864 26 26 gå
458 863 33 21 till
505 864 59 20 Hans
580 864 100 26 Majestät
695 864 48 21 med
760 863 121 21 uttalandet
896 863 22 21 af
932 863 40 21 den
988 865 36 19 ön-

205 891 60 26 skan,
288 893 31 19 att
341 892 59 21 Hans
423 892 116 27 Kejserliga
562 892 99 27 Majestät
683 892 48 21 ville
747 892 87 26 vidtaga
849 892 86 26 lämplig
950 892 74 26 åtgärd

204 920 33 20 till
253 920 145 27 befrämjande
414 920 23 22 af
450 920 101 27 sjöfarten
566 920 28 27 på
609 921 92 26 Ladoga,
718 921 70 21 skulle
801 921 37 25 jag
853 920 45 21 icke
910 920 56 21 finna
976 920 49 21 fullt

203 948 136 27 tillständigt.
363 948 39 22 Om
417 950 105 20 utskottet
537 949 54 21 hade
606 949 115 27 föreslagit,
738 951 33 19 att
783 949 116 21 ständerna
910 949 67 21 skulle
988 949 36 21 be-

203 978 52 24 gära
277 977 86 21 alldeles
378 978 108 21 bestämda
501 978 104 26 åtgärder,
621 978 24 20 så
660 977 69 22 skulle
745 978 61 20 detta
822 979 56 19 ännu
893 977 63 21 hafva
971 977 53 21 kun-

204 1007 38 19 nat
264 1005 44 21 låta
330 1007 50 25 säga
395 1006 38 26 sig,
448 1012 47 15 men
511 1008 32 19 att
558 1006 45 21 helt
617 1006 40 21 och
672 1006 67 22 hållet
753 1006 106 26 ignorera,
875 1006 55 20 hvad
946 1005 22 21 af
982 1008 42 25 sty-

203 1034 70 20 relsen
288 1033 68 22 blifvit
370 1034 103 28 tillgjordt
488 1035 67 21 under
571 1035 26 21 de
611 1037 85 19 senaste
708 1035 52 21 åren
771 1041 77 19 genom
859 1036 31 19 att
901 1040 28 15 nu
939 1034 84 26 begära,

203 1064 32 19 att
257 1062 99 27 åtgärder
377 1064 32 20 till
431 1063 144 26 befrämjande
597 1063 23 21 af
641 1063 102 27 sjöfarten
763 1063 61 21 skola
838 1063 103 26 vidtagas,
957 1062 67 21 finner

201 1090 36 27 jag
252 1091 47 21 icke
313 1098 52 14 vara
379 1092 73 26 rigtigt
467 1092 38 20 och
520 1092 48 20 fullt
583 1092 101 26 lämpligt.
713 1092 41 26 Jag
770 1093 62 25 tager
846 1092 42 26 mig
904 1091 70 21 derför
988 1091 36 21 fri-

203 1119 64 21 heten
289 1120 91 26 förorda,
399 1122 32 19 att
445 1120 175 26 borgareståndet
634 1120 49 21 ville
699 1120 93 26 besluta,
808 1122 33 19 att
856 1119 168 21 utskottsbetän-

203 1147 80 21 kandet
298 1148 65 21 måtte
378 1148 106 22 förkastas
499 1149 39 21 och
553 1151 32 19 att
599 1149 237 26 petitionsmemorialet
850 1148 46 21 icke
912 1148 65 21 måtte
990 1148 33 21 till

203 1176 70 26 någon
288 1176 75 26 åtgärd
378 1177 116 21 föranleda.

272 1204 31 21 Hr
321 1204 156 28 Gummerus,
496 1206 26 21 H.
541 1206 34 20 E.:
608 1205 42 27 Jag
667 1206 39 20 har
725 1206 6 20 i
748 1206 49 20 mitt
812 1205 210 27 petitionsmemorial

202 1233 80 21 lemnat
297 1233 107 27 åtskilliga
418 1234 151 26 upplysningar
583 1240 34 15 om
633 1234 251 27 sjöfartsförhållandena
898 1233 28 27 på
937 1233 86 27 Ladoga

203 1261 39 21 och
262 1268 34 14 om
315 1262 25 21 de
359 1262 178 27 bristfälligheter,
557 1269 45 15 som
620 1262 86 22 vidlåda
723 1263 117 25 desamma,
856 1264 55 19 samt
926 1262 98 26 framlagt

202 1290 107 21 särskilda
324 1290 163 28 önskningsmål,
502 1291 33 21 för
550 1291 185 27 undanrödjandet
751 1290 23 22 af
785 1291 61 21 dessa
857 1290 166 21 missförhållan-

201 1318 48 21 den.
280 1318 124 22 Sedermera
419 1320 38 20 har
469 1320 36 26 jag
515 1320 86 20 erhållit
610 1320 123 27 ytterligare
745 1319 155 27 upplysningar
911 1318 47 21 från
969 1318 53 21 lots-

201 1347 110 27 styrelsen,
321 1348 39 20 och
375 1348 39 20 har
427 1348 36 27 jag
478 1348 50 21 stält
543 1348 62 21 äfven
620 1348 62 21 dessa
691 1348 34 21 till
735 1348 109 21 allmänna
855 1346 169 22 besvärsutskot-

201 1376 43 20 tets
259 1376 132 26 disposition.
421 1376 112 21 Allmänna
547 1376 194 22 besvärsutskottet
757 1376 40 21 har
813 1376 65 21 också
892 1376 7 20 i
915 1376 31 20 sin
962 1375 61 21 moti-

200 1404 75 26 vering
294 1404 105 26 begagnat
417 1404 107 22 desamma
543 1405 38 21 och
597 1405 71 21 anfört
683 1405 112 25 åtskilligt,
812 1410 46 15 som
873 1404 56 21 talar
944 1404 32 20 för
991 1405 32 20 att

201 1432 92 21 nämnda
312 1432 231 27 sjöfartsförhållanden
561 1433 46 21 icke
626 1435 37 19 äro
682 1433 81 21 sådana
779 1433 26 20 de
821 1432 67 21 borde
902 1438 52 15 vara
969 1434 55 19 samt

200 1461 122 26 uppräknat
336 1461 104 21 särskilda
455 1461 104 27 åtgärder,
575 1467 45 15 som
634 1461 67 22 borde
715 1461 106 26 vidtagas,
837 1461 72 21 förrän
920 1466 50 15 man
981 1460 42 21 kan

200 1488 43 21 kan
263 1491 50 25 säga
332 1491 31 20 att
382 1489 69 22 denna
469 1490 74 27 sjöfart
560 1489 70 22 blifvit
648 1490 131 27 tillbörligen
795 1489 149 27 tillgodosedd.
974 1488 49 21 Sär-

200 1517 66 21 skildt
281 1518 39 21 har
332 1518 37 27 jag
383 1518 42 21 fäst
436 1519 43 26 mig
489 1518 34 21 vid
534 1519 32 20 att
577 1519 106 20 allmänna
693 1517 197 22 besvärsutskottet
900 1517 38 21 har
950 1518 74 20 nämnt

201 1551 34 15 om
258 1546 37 21 det
316 1546 165 27 önskningsmål,
499 1547 81 21 hvilket
595 1547 38 27 jag
651 1547 7 21 i
677 1549 31 19 ett
726 1548 67 20 annat
812 1546 212 27 petitionsmemorial
