1086 1750
361 119 94 23 Borgarest.
472 118 49 20 1888.
544 118 18 19 17
574 119 50 22 April.
842 118 33 19 675

77 189 76 26 kande,
170 195 44 15 som
229 188 71 22 blifvit
315 188 112 22 framstäld
441 188 24 21 af
477 188 25 21 hr
517 188 117 21 Molander.
657 188 49 21 Men
722 188 26 21 då
760 188 37 26 jag
807 188 90 26 befarar,

77 220 34 20 att
128 224 26 16 en
173 218 65 22 sådan
257 217 139 27 formulering
410 216 100 28 möjligen
526 216 69 22 skulle
610 216 58 28 gifva
682 216 113 28 anledning
810 216 31 22 till
857 217 40 21 den

77 246 146 28 misstydning,
240 247 32 21 att
285 246 148 27 gymnastiken
449 245 64 22 också
528 246 71 20 kunde
614 246 57 20 sätta
686 245 75 21 hinder
771 245 7 21 i
788 247 67 25 vägen
865 245 33 21 för

78 276 79 21 elevers
179 274 142 28 uppflyttning
343 274 47 22 från
413 280 26 15 en
461 274 57 22 klass
537 274 33 22 till
588 280 26 15 en
633 280 77 20 annan,
729 280 61 22 synes
805 274 36 22 det
855 273 42 27 mig

77 310 53 15 vara
155 304 84 21 säkrast
262 304 32 20 att
316 303 108 21 bibehålla
446 302 106 22 allmänna
573 302 204 22 besvärsutskottets
799 302 98 22 slutkläm

78 332 137 22 oförändrad.
238 332 42 21 Det
294 332 69 21 skulle
378 331 122 27 visserligen
515 332 28 21 ha
558 331 55 22 varit
628 331 101 27 önskligt,
745 333 32 20 att
791 331 70 27 vigten
876 330 23 22 af

77 361 147 28 gymnastiken
246 360 35 22 vid
304 360 125 22 läroverken
447 360 70 22 blifvit
535 366 59 16 mera
612 360 94 21 betonad
723 362 28 19 än
770 366 45 15 som
834 360 63 25 skett,

78 396 48 15 men
130 384 14 36 i
163 390 43 21 alla
220 388 38 22 fall
273 389 101 21 behöfver
389 389 60 21 detta
464 389 18 27 ej
498 388 131 27 nödvändigt
644 388 87 22 inverka
745 388 28 28 på
788 388 109 22 slutkläm-

78 424 55 16 men.
163 418 40 21 Om
226 423 48 16 man
292 424 28 15 nu
340 418 87 26 uttalar,
447 419 32 19 att
493 417 84 22 tillfälle
592 417 34 21 till
640 417 124 27 fullständig
778 417 119 26 utbildning

77 447 35 21 må
133 446 90 22 beredas
245 446 190 28 gymnastiklärare
457 445 39 22 och
514 445 121 22 lärarinnor
652 445 58 22 inom
728 447 48 26 eget
794 445 55 27 land,
865 447 33 20 att

77 475 96 22 vilkoren
188 474 34 22 för
237 475 61 21 deras
313 475 204 27 tjenstekompetens
532 474 35 22 må
581 474 102 27 förhöjas,
700 474 38 22 och
749 475 106 21 dessutom
865 475 32 20 att

78 504 49 22 med
149 503 113 27 anledning
282 503 64 22 häraf
366 503 27 22 de
415 503 48 21 med
485 503 91 27 tjensten
595 503 101 22 förenade
716 503 182 22 löneförmånerna

77 533 69 21 skulle
161 532 122 27 förbättras,
298 531 24 22 så
336 533 45 20 tror
394 531 37 28 jag
445 533 32 20 att
492 538 49 15 man
555 532 8 21 i
578 532 116 21 allmänhet
708 534 71 25 utsagt
795 532 41 25 det,
852 537 45 16 som

78 561 33 21 för
133 561 132 22 närvarande
288 562 23 19 är
333 560 138 28 nödvändigt.
501 561 39 21 Att
560 560 50 28 ingå
632 561 7 20 i
657 562 98 20 närmare
774 561 88 27 detaljer
876 559 23 22 af

78 590 74 28 frågan
167 590 74 28 tyckes
255 590 42 26 mig
311 589 48 22 icke
373 589 88 22 tillhöra
475 589 122 22 ständerna.
626 590 42 27 Jag
683 589 38 22 ber
735 591 32 20 att
781 589 21 21 få
813 588 85 22 förorda

79 619 117 21 utskottets
211 618 64 22 kläm.

147 648 32 20 Hr
199 648 200 26 Neppenström:
422 646 115 22 Gentemot
558 646 26 22 hr
606 646 93 22 Neovius
717 647 37 21 ber
770 647 38 27 jag
826 648 32 20 att
875 646 22 21 få

78 676 118 26 framhålla,
218 677 33 20 att
269 676 37 27 jag
328 675 115 27 ingalunda
465 675 39 21 har
522 675 110 27 föreslagit
650 676 60 21 detta
728 675 73 28 tillägg
819 674 78 26 derför,

79 706 32 20 att
130 704 37 28 jag
188 704 70 22 skulle
275 710 57 21 anse,
351 705 32 21 att
401 704 147 27 gymnastiken
566 704 70 21 skulle
654 704 28 27 på
697 704 64 27 något
775 705 43 21 sätt
832 703 65 22 blifva

79 735 32 19 ett
125 733 193 27 kompetensvilkor
332 732 33 22 för
380 739 27 15 en
422 732 57 22 elevs
493 732 143 28 uppflyttning
650 733 48 21 från
714 739 24 15 en
753 733 58 21 klass
825 732 31 22 till
870 738 26 15 en

79 768 78 15 annan.
186 762 49 21 Men
250 767 34 16 om
296 762 37 27 jag
345 761 77 28 jemför
437 761 147 28 gymnastiken
600 761 70 22 såsom
685 768 25 15 en
725 762 66 26 vigtig
805 762 92 21 omstän-

80 790 72 28 dighet
173 790 34 22 för
229 796 26 16 en
277 790 56 22 elevs
355 790 60 21 helsa
437 790 40 21 och
499 790 187 27 kunskapsmåttet
704 790 68 22 såsom
791 796 26 16 en
831 788 66 28 vigtig

79 819 156 27 omständighet
256 819 32 21 för
306 825 26 15 en
351 819 56 21 elevs
426 818 194 22 framåtskridande
635 819 7 21 i
656 819 97 26 vetande,
768 819 25 21 så
806 819 42 21 kan
861 818 36 27 jag

78 848 47 21 icke
147 848 58 27 värja
227 848 43 26 mig
288 847 33 22 för
340 847 40 22 den
398 847 87 27 tanken,
504 849 33 20 att
551 848 58 21 såväl
623 848 147 27 gymnastiken
785 854 45 15 som
844 847 53 21 kun-

79 876 106 27 skaperna
203 876 67 22 måste
285 882 62 15 anses
361 876 141 26 ovilkorligen
517 882 51 16 vara
582 876 45 22 lika
642 876 85 28 vigtiga,
743 883 34 15 om
792 876 47 22 icke
853 876 44 21 hel-

79 911 38 15 san
132 904 122 22 tillochmed
269 905 44 21 står
328 904 90 22 framom
433 904 132 28 kunskapen.
590 905 43 21 Det
648 907 24 19 är
687 906 74 20 endast
779 904 71 23 derför
860 905 37 27 jag

78 934 57 21 velat
155 933 57 22 fästa
226 933 65 22 sådan
307 934 44 26 vigt
365 934 35 21 vid
415 933 36 22 det
466 933 24 21 af
503 934 43 27 mig
560 933 121 27 föreslagna
695 934 100 27 tillägget.

147 962 10 21 I
175 962 114 27 anledning
304 962 23 21 af
340 962 41 21 den
396 968 29 15 nu
441 962 106 21 afslutade
562 962 155 27 diskussionen,
733 963 39 21 och
787 962 28 28 på
829 962 68 27 grund

79 990 22 22 af
116 990 26 21 de
156 990 48 22 utaf
212 991 37 21 hrr
259 990 112 22 Molander
381 990 40 22 och
432 990 156 28 Neppenström
598 991 68 21 under
676 992 121 21 densamma
806 991 75 27 gjorda
891 990 7 21 i

79 1019 39 21 sak
134 1019 110 21 enahanda
259 1020 100 26 tilläggen
373 1020 33 20 till
421 1019 117 22 utskottets
552 1019 64 27 kläm,
631 1019 123 23 framstälde
768 1020 26 21 hr
809 1020 88 21 talman-

78 1054 41 15 nen
135 1054 25 15 en
176 1048 89 21 sålunda
280 1048 129 21 formulerad
424 1048 285 28 omröstningsproposition:

147 1075 40 27 De,
202 1076 69 22 hvilka
284 1076 113 28 godkänna
411 1076 108 22 utskottets
532 1076 205 28 resolutionsförslag
750 1076 147 28 oförändradt,

78 1106 57 20 rösta
146 1105 41 27 ja:
203 1105 31 26 de,
249 1105 35 21 det
297 1104 43 22 icke
353 1106 59 26 göra,
427 1106 59 20 rösta
499 1105 48 28 nej:

135 1134 73 20 vinner
229 1134 41 27 nej,
292 1133 39 22 har
353 1134 171 27 borgareståndet
546 1133 82 22 beslutit
650 1136 32 20 att
702 1134 68 22 dertill
791 1136 52 26 göra
864 1134 34 21 det

79 1162 80 27 tillägg,
175 1162 37 21 hrr
227 1162 113 22 Molander
354 1162 37 22 och
408 1162 155 28 Neppenström
578 1162 116 29 föreslagit.

147 1191 161 27 Propositionen
334 1191 127 22 besvarades
486 1191 47 22 med
556 1191 155 29 öfvervägande
730 1193 29 27 ja,
781 1192 40 22 och
844 1192 53 21 hade

79 1219 86 22 ståndet
179 1220 83 22 således
276 1220 95 27 godkänt
385 1220 107 22 utskottes
507 1220 135 22 betänkande
652 1221 144 22 oförändradt.

147 1305 69 21 Bland
231 1305 96 21 ståndets
345 1306 138 21 medlemmar
500 1306 54 21 hade
572 1307 93 21 utdelats
684 1308 39 21 och
738 1306 113 24 bordlades
865 1307 32 21 till

79 1335 62 19 nästa
155 1334 85 26 plenum
255 1334 216 22 ekonomiutskottets
486 1334 135 23 betänkande
636 1342 34 15 n:o
688 1337 25 21 10
727 1337 7 21 i
748 1336 114 26 anledning
876 1336 24 21 af

79 1362 77 26 nådiga
177 1362 158 27 propositionen
354 1369 33 15 n:o
403 1362 35 28 28,
455 1363 109 27 angående
579 1366 97 20 närmare
692 1365 157 27 bestämningar
863 1371 35 15 om

80 1390 174 22 handhafvandet
268 1391 23 21 af
304 1392 226 21 landskommunernas
545 1392 284 28 ordningsangelägenheter.

148 1476 88 22 Plenum
251 1476 74 22 afslöts
340 1477 28 21 kl.
383 1478 51 26 6,55
449 1484 18 14 e.
485 1484 26 15 m.

664 1508 21 17 In
698 1507 63 19 fidem:

601 1535 97 22 Mauritz
712 1536 118 27 Hornborg.
