1086 1748
223 131 34 18 238
501 132 93 23 Borgarest.
606 132 48 19 1888.
678 132 13 18 11
704 132 48 19 Febr.

270 200 31 21 Hr
317 200 138 27 Clouberg:
485 201 34 21 Då
533 201 205 27 bankreglementet,
754 200 70 22 såsom
840 201 61 21 äfven
915 202 38 20 har
963 202 64 21 fram-

200 228 71 22 hållits
293 229 24 20 af
330 229 36 20 hrr
381 229 112 21 Wasenius
509 230 39 20 och
564 230 101 25 Juselius,
681 230 77 26 tydligt
773 229 123 27 innehåller,
912 232 32 19 att
959 230 67 22 bank-

201 256 133 28 fullmäktige
349 257 53 21 böra
416 258 8 20 i
438 258 68 21 första
521 258 57 21 hand
593 258 77 26 pröfva
685 258 157 26 behöfligheten
858 258 23 21 af
893 264 41 21 nya
948 259 79 21 kontor

201 286 40 20 och
264 288 118 24 agenturer,
405 286 23 21 så
447 292 62 15 anser
522 287 37 26 jag
574 288 38 24 att,
629 292 34 16 om
679 286 65 22 också
760 287 116 21 ständerna
890 286 71 22 kunde
975 293 52 15 vara

201 314 133 26 berättigade
349 316 32 19 att
396 321 29 15 nu
440 315 72 21 derom
528 315 124 26 bestämma,
670 315 36 21 det
722 315 54 21 dock
792 321 50 15 vore
855 315 81 26 ganska
947 316 79 26 olämp-

201 342 38 26 ligt
262 342 23 21 af
306 343 114 21 ständerna
442 344 32 20 att
496 343 90 21 sålunda
608 343 84 27 förbigå
714 343 134 27 fullmäktige
871 344 39 20 och
932 345 93 25 upptaga

202 370 73 26 saken,
290 373 51 19 utan
357 373 32 19 att
403 372 65 21 hafva
482 371 107 22 inhemtat
604 371 144 27 fullmäktiges
764 372 100 26 yttrande
880 372 79 21 derom.
984 372 41 26 Jag

201 399 73 27 tycker
290 400 71 20 derför
375 400 33 20 för
424 401 43 20 min
483 400 41 26 del,
540 401 32 20 att
588 400 81 21 sådana
684 400 182 26 framställningar
881 412 26 3 —
923 406 48 15 man
982 401 43 20 kan

199 427 24 27 ju
238 428 47 21 icke
301 434 36 15 ens
356 428 58 21 kalla
429 429 46 21 dem
491 429 114 26 petitioner
628 442 18 2 --
664 435 45 15 som
725 429 41 21 den
782 428 85 22 hvilken
881 429 68 27 gjorts
964 428 23 21 af
1000 429 25 20 hr

201 456 78 21 Ervast
301 456 12 21 å
336 457 82 27 Kajana
440 457 111 21 kommuns
570 459 87 25 vägnar,
673 458 54 20 böra
741 457 90 27 afböjas,
847 458 62 20 äfven
924 457 33 21 för
971 458 32 20 att
1018 457 7 21 i

201 484 114 22 framtiden
330 485 130 21 förekomma
475 486 77 27 dylika,
569 486 39 20 och
624 486 72 20 derför
711 486 49 20 ville
774 486 37 26 jag
825 486 54 26 yrka
893 486 27 26 på
931 487 31 20 att
972 486 53 26 peti-

201 513 190 21 tionsmemorialet
406 514 67 21 skulle
488 514 74 26 läggas
577 514 34 21 till
626 514 162 26 handlingarna.

271 542 31 20 Hr
318 542 159 26 Borgström:
509 542 49 21 Med
574 543 39 20 allt
628 543 138 21 erkännande
782 542 22 21 af
814 543 36 20 det
860 542 77 22 vackra
948 542 77 22 andra-

201 570 70 26 gande
293 570 25 21 hr
341 570 76 22 Ervast
438 571 35 21 vid
495 572 87 20 senaste
604 572 158 20 sammanträde
785 571 50 25 höll,
851 577 62 21 synes
929 572 35 20 det
982 571 43 26 mig

201 598 62 27 dock,
279 600 32 20 att
326 605 48 15 man
389 600 7 20 i
412 606 25 14 en
452 599 61 26 fråga
527 600 67 20 sådan
610 606 46 14 som
672 600 69 20 denna
756 600 48 20 icke
818 600 33 20 får
866 600 50 26 följa
931 606 25 14 en
973 600 52 20 kän-

201 627 116 26 slopolitik.
341 627 60 21 Efter
416 628 42 20 min
473 627 137 27 uppfattning
625 628 43 21 kan
684 628 41 21 den
735 627 162 27 ifrågavarande
907 630 60 19 orten
978 627 47 21 icke

201 655 96 26 uppbära
313 657 31 20 ett
358 656 101 21 Finlands
471 656 68 21 banks
554 656 85 26 kontor,
656 656 40 21 och
712 657 37 20 ber
761 657 39 26 jag
815 656 71 21 derför
900 657 32 20 att
946 656 22 21 få
983 656 42 21 till-

201 684 74 27 styrka
290 684 36 21 det
341 685 117 26 petitionen
473 685 66 20 måtte
554 685 74 26 läggas
643 685 33 21 till
692 685 161 26 handlingarna.

269 713 154 20 Diskussionen
438 713 132 21 förklarades
585 713 67 27 härpå
668 713 99 26 afslutad,
783 713 107 21 hvarefter
900 713 25 21 hr
935 713 90 20 talman-

201 747 41 14 nen
264 741 33 21 till
319 741 95 21 ståndets
436 741 131 22 besvarande
589 741 125 22 framstälde
738 748 26 15 en
788 742 89 21 sålunda
895 741 130 22 formulerad

201 770 284 26 omröstningsproposition:

269 797 40 26 De,
329 797 68 21 hvilka
417 797 64 22 önska
495 799 105 20 remittera
616 798 26 21 hr
657 798 90 21 Ervasts
762 798 139 27 förevarande
914 798 109 32 petitions-

201 826 108 21 memorial
331 825 31 22 till
385 826 155 26 bankutskottet,
556 828 57 19 rösta
624 827 40 27 ja;
681 827 31 26 de,
728 827 34 20 det
776 827 44 20 icke
834 827 57 27 vilja,
906 828 57 19 rösta
977 826 46 27 nej;

269 855 73 20 vinner
363 856 43 27 nej,
430 855 39 21 har
490 839 84 47 ständet
593 855 88 26 beslutit,
698 844 29 32 att
741 855 226 27 petitionsmemorialet
981 854 44 22 icke

200 882 53 21 skall
269 883 32 20 till
315 884 70 26 nägon
400 884 77 26 ätgärd
491 883 117 27 föranleda.

270 912 75 21 Denna
366 913 132 26 proposition
521 913 128 21 besvarades
672 912 48 22 med
742 912 156 27 öfvervägande
921 912 39 27 nej,
984 912 40 21 och

200 940 55 21 hade
271 940 86 22 ständet
372 941 80 21 säledes
471 941 87 21 beslutit
572 942 32 20 att
619 941 63 27 lägga
696 941 205 27 petitionsförslaget
915 941 32 21 till
958 940 66 21 hand-

200 968 103 26 lingarna.

269 997 50 21 Med
341 997 114 27 anledning
476 997 23 21 af
519 998 25 20 hr
568 998 93 20 Wasenii
683 998 98 26 yttrande
805 998 39 20 och
860 998 26 20 de
902 998 43 20 deri
960 997 64 21 fram-

200 1025 71 21 stälda
292 1026 93 20 motiven
407 1026 33 21 för
462 1025 67 27 afslag
556 1026 12 21 &
590 1026 26 21 hr
637 1027 90 20 Ervasts
750 1026 187 26 petitionsförslag,
961 1026 64 20 fram-

200 1054 68 20 stälde
284 1054 25 20 hr
324 1054 122 21 talmannen
461 1054 92 26 följande
569 1055 286 26 omröstningsproposition:

269 1081 40 26 De,
324 1082 68 21 hvilka
408 1082 64 21 önska
487 1084 30 19 att
532 1083 7 19 i
552 1082 122 26 protokollet
689 1082 53 22 skall
758 1082 102 21 särskildt
871 1082 110 21 antecknas
991 1082 33 21 det

199 1109 181 27 vorgareständets
403 1111 70 25 beslut,
496 1113 30 19 att
541 1110 60 28 lägga
617 1111 26 20 hr
658 1111 89 21 Ervasts
762 1110 138 27 förevarande
911 1111 112 26 petitions-

198 1138 83 26 förslag
300 1138 32 21 till
350 1139 159 27 handlingarna,
524 1140 92 32 grundat
631 1140 33 26 sig
676 1140 32 26 pä
723 1140 25 20 de
764 1139 26 27 af
803 1139 25 21 hr
850 1138 109 22 Wasenius
973 1139 50 21 här-

197 1166 37 26 för
249 1166 117 32 åberopade
380 1167 79 33 skälen,
474 1169 57 19 rösta
541 1168 41 26 ja;
598 1168 30 26 de,
645 1168 33 20 det
693 1167 43 21 icke
751 1168 59 27 vilja,
822 1169 57 19 rösta
894 1168 47 27 nej;

267 1196 73 20 vinner
361 1196 44 27 nej,
427 1196 38 20 har
487 1196 171 26 borgareståndet
680 1196 88 26 beslutit,
784 1198 30 19 att
834 1197 68 25 några
917 1196 106 21 särskilda

197 1224 64 20 motiv
275 1223 36 27 för
326 1224 93 21 ståndets
434 1224 164 27 ifrågavarande
614 1224 65 22 beslut
694 1224 43 21 icke
752 1212 58 34 skola
826 1224 93 27 anföras.

266 1252 32 21 På
321 1253 71 21 derom
415 1253 59 27 gjord
497 1253 99 21 anhållan
616 1254 109 20 anstäldes
740 1254 104 25 votering,
860 1254 85 20 hvilken
961 1253 61 21 utföll

197 1280 48 21 med
269 1281 26 21 13
315 1281 23 27 ja
361 1282 39 20 och
415 1282 27 20 37
457 1282 40 26 nej,
513 1282 32 20 till
560 1282 52 26 följd
628 1282 77 20 hvaraf
719 1281 86 21 ståndet
820 1282 82 20 således
917 1281 55 21 hade
988 1281 36 21 be-

197 1308 61 21 slutit
273 1311 32 19 att
320 1311 52 19 utan
388 1310 72 21 vidare
475 1310 117 21 anförande
607 1310 23 21 af
643 1310 90 21 motiver
748 1310 64 26 lägga
822 1310 201 26 petitionsförslaget

196 1337 33 20 till
245 1337 162 27 handlingarna.

265 1423 120 26 Föredrogs
408 1423 35 21 hrr
465 1423 141 26 Hallbergs
630 1424 39 21 och
692 1430 47 15 von
760 1423 105 21 Pfalers
885 1423 33 20 vid
939 1424 86 19 senaste

195 1450 87 26 plenum
301 1451 119 26 bordlagda
434 1451 182 28 petitionsförslag
631 1458 34 15 om
680 1451 219 27 försäkringsaftalets
915 1451 108 21 ordnande

195 1483 76 20 genom
294 1479 47 22 civil
357 1480 34 26 lag
406 1482 55 19 samt
475 1487 34 14 om
525 1481 31 20 in-
572 1480 39 21 och
627 1481 116 20 utländska
758 1479 207 27 försäkringsbolags
979 1481 46 19 rätt

195 1507 32 20 att
243 1507 70 22 drifva
327 1508 81 21 rörelse
422 1509 6 20 i
444 1509 97 20 Finland.

264 1535 50 22 Med
330 1537 114 26 anledning
459 1537 62 21 häraf
533 1537 85 27 yttrade
