1084 1745
228 118 34 31 108
497 123 95 22 Borgarest.
605 123 47 19 1888.
675 123 11 18 4
699 123 48 19 Febr.

204 191 28 27 gå
252 191 34 22 till
307 192 98 27 omkring
429 193 77 25 10,000
527 192 62 21 mark
611 199 37 20 per
667 193 58 20 verst
740 191 52 22 eller
807 197 81 16 samma
903 192 77 27 belopp
996 197 39 22 per

204 222 64 25 verst,
283 220 101 21 hvarmed
400 221 75 21 staden
491 221 73 21 Kotka
579 221 69 26 åtagit
662 221 33 26 sig
710 222 32 20 att
757 220 90 27 bidraga
862 221 33 20 till
911 220 124 21 utförandet

205 249 23 21 af
241 249 199 21 Kotka—Kouvola
453 249 97 27 jernväg.

273 277 90 22 Utöfver
386 278 35 21 det
443 278 91 21 sålunda
556 278 34 21 till
608 278 76 21 staden
700 277 168 22 Fredrikshamn
884 277 103 27 erbjudna
1002 277 32 20 bi-

205 305 82 26 draget,
311 306 67 26 skola,
401 306 71 21 såsom
494 307 37 20 det
550 306 24 21 af
587 306 195 26 stadsfullmäktige
797 306 7 21 i
819 306 168 21 Fredrikshamn
1001 305 34 21 för

204 333 86 27 frågans
306 334 117 27 beredning
438 335 101 20 nedsatta
554 335 107 21 utskottet
676 335 7 20 i
698 335 38 20 sitt
755 335 138 20 betänkande
911 333 123 26 framhållit,

205 368 90 20 egarene
318 363 23 21 af
363 363 156 26 Stortavastila,
543 363 88 21 Summa
646 363 40 21 och
701 363 91 21 Poitsila
808 363 133 26 egendomar,
958 368 76 21 genom

204 390 84 22 hvilkas
303 397 52 21 egor
369 391 94 21 bibanan
478 392 86 21 komme
579 393 33 20 att
626 392 33 26 gä,
682 392 67 26 enligt
768 391 83 22 enskild
866 393 82 25 utsago,
971 391 63 20 hvar-

206 419 58 21 öfver
279 420 107 21 utskottet
402 420 54 21 dock
471 420 48 21 icke
533 420 90 21 företett
638 420 66 27 nägot
720 421 56 25 slags
791 420 66 27 intyg,
877 420 62 21 hafva
954 419 80 20 förkla-

205 449 34 20 rat
254 448 31 26 sig
301 449 77 25 villige,
394 450 32 19 att
441 449 24 20 sä
479 449 45 20 vidt
532 449 84 26 möjligt
627 449 124 20 underlätta
762 448 217 27 byggnadsföretaget
995 447 40 21 och

205 476 151 21 kostnadsfritt
378 477 55 21 afstå
448 477 29 21 all
491 477 47 21 icke
554 477 66 21 odlad
634 477 67 26 mark,
726 483 46 15 som
787 477 34 21 för
833 477 116 27 jernvägen
964 475 71 22 blefve

205 505 71 26 nödig.

275 533 42 21 Det
331 533 40 21 bör
386 534 99 27 slutligen
501 534 121 26 anmärkas,
642 536 32 19 att
689 534 26 21 de
730 534 34 21 till
779 533 50 28 följe
844 534 23 21 af
881 534 62 21 dessa
957 533 78 26 bidrag

205 561 33 22 för
253 563 70 20 staten
338 562 105 27 betydligt
457 563 131 20 reducerade
606 562 286 27 anläggningskostnaderna
906 568 76 21 genom
997 568 37 14 an-

205 590 112 21 vändande
339 591 24 20 af
384 597 24 14 en
431 591 34 21 för
487 597 26 15 en
532 591 60 26 dylik
608 591 108 21 sekundär
731 591 57 21 bana
804 591 107 27 möjligast
926 591 41 20 lätt
981 590 54 21 kon-

205 619 108 21 struktion
328 619 39 21 och
383 619 123 27 utrustning
521 621 117 25 yttermera
652 620 73 21 kunde
736 619 130 22 förminskas
877 619 107 20 äfvensom
995 620 39 24 att,

206 647 27 21 dä
250 647 35 21 det
301 648 89 21 emellan
406 648 72 21 Kotka
493 649 40 20 och
549 648 99 21 Kouvola
663 648 83 27 gäende
761 648 60 26 täget
836 647 69 22 blefve
916 646 119 27 hufvudtäg

206 675 40 22 och
260 675 95 22 bibanan
370 676 305 21 Fredrikshamn—Tavastila
689 677 57 21 hade
760 677 34 20 för
809 676 84 27 uppgift
906 678 32 19 att
948 675 88 27 betjena

206 704 76 21 endast
297 705 41 20 den
353 704 48 21 från
417 705 39 21 och
471 705 33 21 till
519 705 167 21 Fredrikshamn
702 705 83 27 gående
800 705 91 21 trafiken
902 706 55 19 samt
967 703 69 22 lokal-

204 732 92 21 trafiken
319 733 91 21 emellan
433 733 69 21 denna
524 733 48 21 stad
595 734 40 21 och
658 733 80 26 Kotka,
762 733 61 21 äfven
847 733 188 21 drifkostnaderna

205 761 74 21 kunna
293 762 130 26 nedbringas
438 762 111 26 betydligt.

274 790 11 20 I
299 790 143 21 betraktande
466 790 22 21 af
509 791 43 20 alla
576 791 26 20 de
623 791 94 20 fördelar
740 790 42 21 den
797 790 162 27 ifrågavarande
974 789 61 26 ringa

203 817 255 28 jernvägsanläggningen
481 819 89 21 sålunda
586 819 55 21 hade
656 821 32 19 att
704 819 96 26 erbjuda,
820 819 33 21 får
865 819 43 26 jag,
925 818 73 21 derom
1014 817 23 21 af

205 846 177 22 Fredrikshamns
398 847 47 21 stad
461 847 113 26 anmodad,
589 848 111 21 vördsamt
715 847 87 22 anhålla
816 853 35 15 om
865 847 108 26 välloftiga
982 846 53 21 Bor-

205 874 148 27 gareståndets
369 875 98 27 benägna
481 875 119 22 understöd
616 876 39 21 och
671 875 131 22 medverkan
817 876 33 21 till
867 882 25 15 en
907 875 98 27 petition,

377 928 30 19 att
429 934 26 13 en
476 926 74 21 bibana
574 927 86 21 emellan
679 926 180 22 Fredrikshamns
877 926 48 21 stad
940 926 36 21 och
995 925 40 21 Ta-

308 961 75 20 vastila
405 961 76 21 station
504 961 49 21 eller
572 968 71 14 annan
658 961 90 27 lämplig
762 961 67 26 punkt
850 961 7 20 å
874 959 160 22 Kotka—Kou-

308 995 46 21 vola
375 995 120 27 föreslagna
513 996 94 27 jernväg
625 996 70 25 måtte,
719 995 49 22 med
785 995 70 21 dertill
874 995 26 26 af
913 995 121 21 Ständerna

309 1030 98 21 anvisade
429 1030 65 21 medel
513 1030 35 21 och
567 1032 53 19 emot
634 1030 28 26 af
672 1031 75 20 staden
762 1029 167 21 Fredrikshamn
945 1029 8 20 i
967 1028 65 27 enlig-

308 1064 34 21 het
362 1064 47 21 med
431 1065 46 20 dess
499 1064 75 21 härom
596 1064 81 27 fattade
695 1064 68 21 beslut
781 1064 104 27 erbjudna
902 1063 80 26 bidrag,
998 1063 37 26 för

308 1099 78 20 statens
408 1098 98 31 räkning,
529 1099 111 26 samtidigt
661 1099 48 20 med
730 1098 135 21 sistnämnda
885 1098 92 27 jernväg
1001 1099 34 19 ut-

308 1132 67 27 föras.

275 1166 134 27 Helsingfors
424 1167 41 21 den
480 1167 63 22 30:de
556 1167 85 27 januari
657 1167 62 22 1888.

756 1195 97 26 Frithiof
866 1194 97 21 Neovius.

274 1246 81 21 Härvid
370 1246 93 27 bifogas:

275 1275 21 26 1)
313 1275 83 26 Utdrag
411 1281 26 15 ur
452 1275 204 27 stadsfullmäktiges
671 1275 7 21 i
693 1275 169 21 Fredrikshamn
879 1274 108 27 protokoll
1001 1273 35 22 för

205 1303 41 21 den
262 1303 11 21 7
291 1303 112 21 december
420 1303 67 26 1887;

273 1331 22 27 2)
311 1331 84 27 Utdrag
418 1338 26 14 ur
465 1332 139 26 protokollet,
619 1332 58 20 fördt
692 1332 35 20 vid
742 1331 119 21 förstärkte
876 1330 159 22 stadsfullmäk-

204 1359 55 27 tiges
280 1360 7 20 i
309 1359 167 22 Fredrikshamn
502 1361 157 21 sammanträde
682 1361 7 20 i
712 1361 103 20 rådhuset
839 1360 41 21 den
903 1360 26 21 19
949 1359 87 27 januari

204 1387 24 22 år
246 1388 65 26 1888;

273 1417 23 27 3)
313 1417 132 21 Summarisk
460 1417 144 22 rentabilitets
623 1417 119 27 besäkning
757 1417 34 21 för
806 1423 26 15 en
848 1417 79 20 bibana
943 1415 92 22 emellan

204 1445 109 21 Tavastila
335 1446 80 21 station
438 1446 13 20 å
473 1446 201 21 Kotka—Kouvola
694 1446 92 27 jernväg
809 1445 40 22 och
872 1445 75 21 staden
970 1444 65 21 Fred-

203 1473 116 22 riksham.''

272 1502 204 27 Förslagsställaren
495 1503 72 22 anhöll
583 1509 34 16 om
632 1505 32 20 att
679 1503 55 22 hans
750 1503 91 27 petition
857 1502 74 26 måtte,
946 1501 8 21 i
969 1501 66 26 enlig-

204 1529 37 22 het
256 1531 48 20 med
321 1531 96 22 ståndets
432 1538 50 21 nyss
497 1532 83 21 fattade
595 1532 71 21 beslut
681 1532 95 21 rörande
792 1531 41 21 den
848 1531 23 21 af
885 1531 36 20 hrr
936 1530 98 21 Hedman
