1086 1770
219 124 34 18 574
482 124 93 23 Borgarest,
588 124 50 20 1888.
662 124 9 19 7
683 124 50 23 April.

265 193 31 21 Hr
317 193 149 22 Rönnbäck:
502 194 41 26 Jag
565 193 43 22 kan
629 194 34 21 för
680 194 43 22 min
742 194 35 21 del
795 193 47 21 icke
860 193 112 27 godkänna
989 193 28 21 hr

197 222 87 22 Heikels
299 222 79 26 förslag
391 222 7 21 i
413 222 70 22 denna
498 222 41 22 del.
568 222 41 27 Jag
624 229 69 20 anser,
709 224 33 20 att
756 222 70 22 såsom
838 222 66 21 saken
914 228 29 15 nu
954 227 63 23 synes

197 251 91 26 gestalta
306 251 38 26 sig,
362 250 28 22 då
407 257 48 15 man
471 251 94 21 hvarken
579 251 97 27 godkänt
690 250 160 22 bibehållandet
864 250 24 22 af
900 252 115 20 momentet

198 280 13 21 2
228 280 8 20 i
256 280 53 20 1:sta
327 279 126 27 paragrafen
473 279 67 27 enligt
554 280 135 26 regeringens
706 279 140 27 proposition,
866 279 18 27 ej
903 279 66 21 heller
986 285 28 15 nu

197 308 37 21 vill
244 308 114 26 godkänna
368 308 115 21 utskottets
493 308 136 22 betänkande
640 309 7 21 i
659 309 69 21 denna
738 307 106 28 parapraf,
856 308 65 26 enligt
929 307 84 22 hvilken

197 342 64 16 namn
280 336 51 21 eller
348 336 60 22 firma
427 336 42 22 kan
487 337 147 27 inregistreras
650 337 69 21 såsom
734 336 134 26 varumärke,
884 336 23 22 så
921 336 95 22 kommer

197 371 56 20 man,
268 365 7 21 i
290 365 71 21 stället
375 365 33 21 för
426 366 38 24 att,
483 365 70 21 såsom
569 366 159 26 propositionen
744 366 63 24 velat,
823 365 81 21 skänka
919 365 22 21 åt
951 370 63 16 namn

198 394 39 21 och
254 393 61 22 firma
333 395 52 20 utan
400 394 157 26 inregistrering
572 394 86 21 likadan
672 394 110 26 rättighet,
798 399 45 15 som
858 393 22 21 åt
894 394 120 26 inregistre-

197 422 49 22 radt
264 422 130 25 varumärke,
413 422 57 26 eller,
489 422 70 22 såsom
576 422 106 22 utskottet
697 422 85 24 önskar,
800 422 78 21 bereda
892 422 48 22 dem
955 422 59 20 detta

198 450 74 27 skydd,
292 451 26 20 då
337 451 25 20 de
380 451 153 26 inregistreras,
553 457 29 15 nu
601 453 32 19 att
650 451 82 21 skänka
751 451 49 20 dem
815 450 94 21 hvarken
924 451 35 20 det
974 455 40 16 ena

197 479 52 21 eller
270 479 37 21 det
328 479 73 21 andra.
437 480 41 26 Jag
500 485 67 20 anser,
590 481 32 20 att
643 479 70 22 såsom
737 485 27 15 en
784 479 120 26 nödvändig
921 479 52 26 följd
992 478 25 21 af

197 507 158 27 uteslutningen
373 508 7 20 i
397 509 51 20 1:sta
464 508 33 27 $:n
512 508 39 21 här
565 508 68 21 måste
647 509 84 26 intagas
746 507 162 27 ifrågavarande
924 507 90 21 bestäm-

197 536 51 26 ning
269 536 7 21 i
292 537 114 20 utskottets
421 537 142 25 betänkande,
578 538 23 26 ty
619 543 78 15 annars
714 537 86 20 komme
819 542 62 15 namn
900 536 38 21 och
955 535 60 22 firma

197 564 47 22 icke
259 566 32 20 att
305 564 22 21 få
341 564 65 27 något
421 567 65 19 annat
501 565 73 27 skydd,
591 567 26 19 än
633 565 42 25 det,
692 571 45 15 som
749 564 89 22 beredes
849 564 47 22 dem
906 564 23 21 af
938 564 77 21 allmän

198 593 41 27 lag,
258 593 19 21 d.
296 599 21 15 v.
335 599 16 15 s.
372 594 52 21 1:sta
443 594 91 26 kapitlet
549 594 25 21 11
590 594 12 27 &
617 593 169 22 handelsbalken
802 593 40 21 och
857 593 111 27 kejserliga
982 592 34 22 för

198 622 115 26 ordningen
336 622 108 26 angäende
462 622 128 26 näringarna
609 622 22 21 af
649 622 40 21 den
709 623 10 21 1
739 628 58 14 mars
816 621 62 22 1879.
911 621 44 21 När
974 621 41 21 den

198 656 41 22 nya
254 650 120 26 strafflagen
389 650 41 22 blir
444 652 98 25 antagen,
558 653 24 19 är
597 651 36 21 det
647 651 125 26 visserligen
788 652 54 21 sant,
858 652 32 19 att
900 650 35 21 det
945 649 71 21 bötes-

198 678 84 28 belopp,
298 685 45 15 som
359 679 91 27 skyddar
465 680 45 20 mot
524 679 140 27 förfalskning
679 679 22 21 af
714 684 72 21 namn,
800 678 96 22 kommer
909 680 32 20 att
951 678 66 21 blifva

197 707 45 21 lika
262 708 47 20 med
324 708 36 21 det
375 708 145 27 bötesbelopp,
536 714 46 15 som
597 708 66 26 enligt
677 708 146 26 föreliggande
839 706 176 27 författningsför-

198 736 46 27 slag
261 736 93 27 skyddar
371 736 140 22 varumärken
528 739 45 19 mot
591 736 149 27 förfalskning;
760 742 48 15 men
827 736 36 20 det
878 735 72 27 skydd,
967 735 50 21 sist-

197 764 93 22 nämnda
305 764 125 28 författning
445 767 24 19 är
483 765 73 21 afsedd
571 767 33 19 att
618 765 76 26 lemna,
710 764 73 22 bestär
797 764 47 22 icke
855 764 54 22 blott
919 764 51 25 deri,
982 765 33 20 att

197 793 140 27 förfalskning
352 793 110 22 bestraffas
477 794 49 21 med
540 794 67 26 böter,
624 796 52 18 utan
691 794 37 21 der
742 792 62 28 ingär
820 793 107 21 dessutom
942 793 7 20 i
965 792 11 28 $
988 792 26 22 10

199 828 25 15 en
239 822 134 26 bestämning
388 828 34 16 om
437 822 107 27 ätskilliga
559 822 67 22 andra
639 822 98 26 fördelar,
753 822 71 20 säsom
834 821 183 26 skadeersättning

198 852 55 20 samt
274 850 38 21 det
329 850 104 28 olagligen
452 851 104 27 anbragta
574 851 93 21 märkets
685 850 137 28 utplänande,
840 850 51 21 eller
909 850 40 21 den
967 849 49 22 med

197 878 67 22 falskt
285 879 72 20 märke
379 879 99 21 försedda
498 885 76 15 varans
596 879 123 27 förstöring,
741 878 35 21 för
799 879 40 20 den
860 878 101 21 händelse
982 879 33 20 att

198 907 111 26 utpläning
323 907 19 27 ej
358 907 42 21 kan
415 908 44 21 ske.
488 908 68 21 Dessa
570 907 93 22 fördelar
673 908 76 25 skulle,
761 913 35 15 om
806 907 25 20 hr
841 907 86 21 Heikels
937 906 79 26 förslag

198 935 70 22 blefve
290 937 93 25 antaget,
406 936 46 21 icke
474 936 83 21 tillfalla
576 936 55 26 dem,
649 936 83 21 hvilkas
752 941 63 16 namn
835 935 39 21 och
888 935 72 21 firmor
974 934 42 21 för-

198 964 86 26 falskas,
304 966 51 19 utan
374 965 68 21 skulle
457 965 31 25 de,
504 971 45 15 som
564 965 103 21 förfalska
682 964 88 26 sädana,
786 964 121 26 visserligen
922 963 22 21 fä
958 963 58 25 böta,

198 993 32 20 till
246 999 25 14 en
286 993 74 26 början
375 993 66 27 enligt
455 993 166 22 handelsbalken
631 993 40 21 och
681 993 153 26 förordningen
846 998 33 15 om
890 992 126 26 näringarna

199 1023 55 20 samt
268 1021 119 21 sedermera
402 1022 66 26 enligt
483 1021 127 27 strafflagen,
625 1028 48 15 men
689 1022 70 26 nägon
770 1021 114 26 förstöring
895 1020 22 21 af
925 1026 91 15 varorna

199 1050 68 20 skulle
281 1050 46 20 icke
342 1056 39 20 ega
396 1056 53 15 rum.
478 1050 82 21 Genom
575 1050 26 21 hr
615 1050 87 21 Heikels
716 1049 88 27 förslag,
819 1049 80 21 hvilket
911 1049 38 26 jag
963 1048 53 21 först

198 1078 48 21 icke
269 1078 75 21 trodde
362 1084 52 15 vara
432 1078 69 22 afsedt
518 1081 32 19 att
567 1078 139 26 undandraga
724 1084 66 15 namn
810 1077 39 21 och
867 1077 59 21 firma
944 1077 72 26 lagens

199 1106 74 28 skydd,
290 1106 83 22 komme
388 1113 35 19 nu,
438 1107 54 21 efter
507 1107 35 21 det
557 1107 77 26 beslut,
649 1113 45 15 som
706 1106 112 27 angäende
829 1106 55 21 1:sta
893 1105 125 27 paragrafen

198 1134 98 27 fattades,
315 1141 62 15 namn
396 1136 40 20 och
454 1136 60 21 firma
528 1137 32 19 att
574 1136 47 21 icke
635 1135 56 21 blott
705 1135 49 21 icke
770 1134 104 22 likställas
889 1134 48 21 med
951 1134 67 20 andra

199 1163 146 26 varumärken,
361 1165 51 19 utan
427 1164 33 21 till
475 1164 39 21 och
529 1164 46 21 med
592 1166 32 19 att
638 1164 22 21 få
675 1170 26 15 en
715 1164 45 26 hög
774 1163 52 27 grad
838 1164 68 20 sämre
916 1162 101 26 ställning

198 1194 28 19 än
241 1192 67 21 dessa.
333 1192 42 21 För
390 1192 40 21 den
445 1192 56 22 skull
516 1192 49 22 ville
577 1193 37 26 jag
628 1193 53 27 yrka
695 1192 27 27 på
738 1193 34 20 att
787 1191 115 21 utskottets
916 1191 80 25 förslag
1010 1191 8 20 i

199 1220 69 22 denna
286 1220 39 26 del,
344 1220 7 21 i
369 1220 133 28 konseqvens
520 1221 48 21 med
583 1221 37 21 det
635 1221 77 25 beslut,
728 1220 88 22 ståndet
830 1220 64 21 fattat
908 1218 109 28 angående

200 1250 54 20 1:sta
268 1249 132 27 paragrafen,
416 1249 66 21 måtte
497 1249 139 22 oförändradt
650 1251 96 25 antagas.

267 1278 32 22 Hr
316 1277 127 22 Juselius:
475 1278 41 26 Jag
534 1278 38 21 ber
590 1279 32 20 att
641 1278 8 21 i
664 1278 41 21 alla
720 1277 118 21 afseenden
853 1276 21 21 få
888 1276 131 21 understöda

198 1306 37 21 hrr
256 1306 76 26 Elviog
351 1306 39 21 och
409 1306 82 22 Heikel.
523 1306 43 22 Det
585 1306 54 22 enda
657 1306 74 27 skydd,
753 1312 45 15 som
818 1305 65 26 enligt
900 1305 44 21 min
962 1304 54 26 åsigt

198 1334 44 21 kan
260 1334 40 21 och
318 1334 39 21 bör
375 1334 68 27 gifvas
461 1334 80 22 sådana
559 1335 62 21 enkla
639 1341 69 19 namn,
726 1334 76 21 firmor
817 1333 39 21 och
872 1332 147 27 lägenhetsbe-

198 1362 131 27 teckningar,
347 1363 68 21 måste
433 1369 49 16 man
496 1363 147 22 åstadkomma
657 1369 76 20 genom
748 1364 34 19 att
798 1364 77 24 antaga
890 1361 12 28 $
918 1361 27 21 10
959 1361 7 20 i
980 1367 38 15 en-

199 1391 67 26 lighet
280 1391 48 21 med
342 1391 79 27 nådiga
435 1392 164 27 propositionen,
615 1391 40 22 och
670 1392 36 21 det
721 1393 24 19 är
760 1390 67 22 också
842 1390 38 21 allt
890 1396 45 15 som
945 1389 74 22 behöf-

199 1425 43 16 ves.
271 1419 34 22 Då
320 1419 67 22 skulle
402 1420 42 21 alla
455 1420 25 21 de
490 1420 98 26 fördelar,
599 1426 44 15 som
654 1420 25 21 hr
689 1419 121 22 Rönnbäck
820 1418 103 26 omordat,
933 1418 86 21 komma

199 1448 63 21 dessa
276 1448 152 27 beteckningar
443 1449 33 21 till
490 1449 62 26 godo.

267 1477 32 21 Hr
314 1477 138 26 Clouberg:
482 1477 42 26 Jag
538 1477 93 26 begärde
645 1477 61 21 ordet
721 1477 79 21 endast
814 1476 33 21 för
858 1477 32 20 att
899 1475 120 26 framhälla,

199 1506 32 20 att
249 1505 41 21 den
309 1505 32 21 uti
359 1505 61 21 10:de
438 1505 126 27 paragrafen
579 1506 6 20 i
600 1505 136 27 regeringens
752 1505 134 27 proposition
900 1503 120 27 föreslagna

198 1533 67 27 högre
282 1533 80 27 graden
381 1533 23 22 af
416 1540 76 15 ansvar
507 1534 68 21 skulle
590 1534 85 21 komma
690 1535 31 19 att
736 1534 109 26 tillämpas
860 1532 47 22 icke
921 1532 56 21 blott
991 1532 29 26 pä
