1089 1750
214 102 38 32 322
478 106 94 22 Borgarest.
584 106 48 19 1888.
656 106 21 18 25
690 106 49 19 Febr.

193 175 160 27 propositionen
368 181 34 15 n:o
420 175 32 26 15,
469 175 111 27 angående
595 176 182 26 metersystemets
788 174 134 28 tillämpning
932 175 36 21 vid
978 175 42 21 till-

193 204 104 26 verkning
312 204 40 21 och
366 203 126 27 försäljning
508 203 22 21 af
544 203 90 21 bränvin
651 204 39 20 och
706 202 151 28 spritdrycker,
874 206 54 18 samt

261 232 153 27 lagutskottets
431 232 137 21 betänkande
584 238 34 15 n:o
634 232 14 21 3
663 232 7 20 i
685 232 116 25 anledning
816 231 22 21 af
851 231 77 27 nådiga
942 237 79 21 propo-

195 261 98 25 sitionen,
317 260 147 21 innefattande
486 260 80 26 förslag
588 260 32 21 till
636 260 82 21 ändrad
733 260 81 26 lydelse
829 259 24 21 af
866 260 11 27 $
893 261 13 20 4
921 260 7 21 i
943 260 79 26 nådiga

193 289 152 26 förordningen
362 288 23 22 af
399 289 39 21 den
454 289 14 21 3
482 288 95 21 februari
594 288 62 27 1868,
672 288 112 27 angående
799 288 25 21 de
840 288 125 27 rättigheter
980 288 40 21 och

193 317 152 27 skyldigheter,
368 323 45 15 som
435 317 121 21 tillkomma
570 317 94 21 embets-
679 317 41 21 och
735 316 136 27 tjenstemän,
886 316 83 22 hvilkas
984 316 37 21 be-

193 346 118 26 fattningar
325 346 106 26 indragas.

263 430 33 21 En
312 430 23 21 af
347 430 37 20 hrr
399 430 128 21 Sumelius
543 430 39 21 och
598 430 143 21 Rönnbäck
756 430 61 26 gjord
828 430 106 25 anhållan,
946 430 31 20 att
987 429 35 20 för

195 457 98 22 enskilda
315 458 177 27 angelägenheter
514 458 22 21 få
558 464 52 15 vara
628 458 142 21 frånvarande
786 458 175 21 nästkommande
976 458 45 25 ple-

194 492 58 20 num,
267 486 131 27 godkändes.

264 571 89 21 Plenum
369 571 115 22 afslutades
498 571 29 22 kl.
545 572 45 27 '/28
607 578 17 15 e.
641 578 27 15 m.

785 611 21 17 In
819 610 63 19 fidem:

721 645 97 21 Mauritz
832 644 120 28 Hornborg.

350 753 104 28 Lördagen
471 753 38 23 den
525 753 25 23 25
566 753 95 23 Februari
677 753 26 23 kl.
719 753 22 23 12
757 753 25 27 pä
798 753 72 27 dagen.

263 805 42 21 Vid
320 804 94 21 anstäldt
429 810 83 21 upprop
527 804 105 22 befunnos
647 804 143 22 fränvarande
801 805 25 20 hr
842 804 136 27 Sumelius,
994 805 29 27 pä

194 833 70 27 grund
279 832 23 22 af
315 833 91 25 tidigare
420 833 123 21 meddeladt
557 833 104 24 tillstånd,
678 834 56 20 samt
744 833 37 21 hrr
793 832 177 28 Schybergson
982 834 39 20 och

194 861 118 49 RA
335 861 7 20 i
364 861 52 27 följd
435 861 23 21 af
474 868 29 14 nu
518 862 96 20 anmäldt
630 862 39 20 och
685 862 23 20 af
721 861 86 22 ståndet
819 861 78 27 jemväl
912 862 110 26 godkändt

194 890 77 20 förfall.

264 917 79 21 Likaså
357 918 123 26 godkändes
495 917 23 21 af
527 918 86 21 ståndet
624 924 25 14 en
661 918 23 21 af
692 918 36 20 hrr
743 917 151 21 Dahlström
905 918 39 20 och
955 918 67 20 Hed-

195 952 55 15 man
265 952 30 14 nu
310 946 111 20 framstäld
436 946 99 21 anhållan
551 948 32 19 att
598 946 34 21 för
642 946 97 21 enskilda
750 946 178 26 angelägenheter
938 945 22 21 få
970 952 52 14 vara

195 974 142 21 frånvarande
351 974 48 21 från
414 974 96 21 ståndets
525 974 143 27 nästföljande
684 974 165 22 sammanträde.

265 1054 31 20 Hr
311 1054 121 20 talmannen
447 1054 131 26 meddelade,
595 1056 32 19 att
642 1054 67 26 enligt
724 1052 245 22 talmanskonferensens
985 1052 37 21 be-

195 1081 45 21 slut
258 1082 64 26 plena
340 1082 67 21 under
422 1082 176 21 nästkommande
613 1082 67 21 vecka
695 1082 85 21 komme
796 1083 32 19 att
842 1081 69 21 hållas
926 1081 95 26 tisdagen

195 1109 42 21 den
259 1110 28 21 28
306 1110 7 20 i
328 1110 70 21 denna
412 1110 78 21 månad
504 1110 30 21 kl.
549 1111 13 20 6
578 1117 17 14 e.
612 1116 27 15 m.
656 1110 39 21 och
710 1110 104 26 lördagen
830 1109 40 21 den
886 1110 13 20 3
914 1109 108 21 nästkom-

195 1138 78 21 mande
288 1144 57 15 mars
360 1138 29 20 kl.
421 1140 9 18 1
447 1138 15 21 f.
477 1145 27 14 m.

265 1217 110 21 Särskilda
396 1218 78 25 utdrag
496 1224 25 15 ur
543 1218 187 26 borgareståndets
753 1217 109 27 protokoll
884 1217 32 21 för
938 1218 85 20 senaste

195 1246 159 20 sammanträde
369 1247 107 26 upplästes
492 1247 32 20 till
537 1246 105 27 justering
658 1246 39 21 och
712 1246 132 27 godkändes.

264 1330 57 20 Från
343 1330 140 22 medstånden
505 1330 55 22 hade
583 1330 89 21 anländt
690 1330 110 26 åtskilliga
818 1329 204 27 protokollsutdrag,

196 1358 115 26 nemligen:

265 1386 33 20 1:0
313 1386 48 20 från
376 1386 148 26 ridderskapet
538 1386 40 21 och
594 1386 64 21 adeln
673 1386 151 21 meddelande:

265 1416 32 18 att
319 1414 86 21 ståndet
422 1415 33 21 till
472 1415 42 21 alla
530 1414 59 21 delar
604 1414 96 26 godkänt
715 1414 219 21 ekonomiutskottets
949 1414 74 20 betän-

194 1441 71 22 kande
287 1448 35 15 n:o
344 1444 9 19 1
373 1442 7 21 i
399 1443 115 26 antedning
529 1442 23 21 af
565 1442 77 27 nådiga
657 1442 163 27 propositionen
835 1448 35 14 n:o
886 1442 12 21 3
914 1442 110 26 angående

194 1469 117 22 förändrad
333 1470 79 27 lydelse
436 1471 22 21 af
472 1471 24 27 $$
511 1471 34 26 20,
561 1471 27 21 25
604 1471 40 21 och
659 1471 28 21 43
702 1471 7 20 i
724 1470 142 26 legostadgan
881 1470 33 20 för
931 1470 93 20 husbön-

195 1498 38 20 der
247 1498 39 21 och
302 1498 130 27 tjenstehjon
447 1499 23 21 af
483 1500 41 20 den
539 1499 28 21 30
579 1499 85 27 januari
680 1499 66 25 1865;
