1084 1745
219 120 37 31 106
481 125 95 22 Borgarest.
590 125 44 19 1888.
658 125 11 18 4
682 125 47 19 Febr.

196 194 75 21 hamns
293 194 49 21 stad
364 195 60 26 längs
447 195 65 20 södra
534 195 138 26 landsvägen,
696 201 46 15 som
756 194 8 21 i
780 200 27 15 en
825 193 96 28 betydlig
937 193 86 28 böjning

196 222 101 27 kringgår
311 229 27 15 en
353 223 62 27 djupt
430 223 7 21 i
452 223 75 21 landet
545 223 139 26 inskjutande
701 223 43 26 vik,
768 224 23 19 är
807 224 96 19 närmare
919 223 26 20 15
960 223 63 25 verst,

196 251 76 21 medan
288 257 26 16 en
329 251 85 26 bibana,
429 257 46 16 som
491 252 88 26 utginge
594 251 48 22 från
657 251 109 22 Tavastila
778 251 85 25 station,
879 251 64 21 skure
954 251 70 20 lands-

196 281 68 25 vägen
278 280 8 21 i
300 280 104 21 närheten
427 280 22 21 af
470 280 89 21 Summa
573 280 54 27 gård
642 281 40 20 och
702 279 94 22 derefter
810 280 7 20 i
831 281 77 20 nästan
924 281 33 19 rät
972 279 51 21 linie

196 314 51 15 norr
269 315 34 14 om
326 309 89 20 Poitsila
437 309 52 26 gård
512 309 63 21 ledde
594 309 60 21 öfver
669 308 115 21 Kotosaari
800 308 39 21 och
855 308 169 21 Sockenholmen

196 337 32 20 till
245 337 134 26 Tjärholmen
394 337 59 21 invid
468 337 76 21 staden
560 337 40 21 och
616 337 49 21 dess
680 337 47 21 inre
743 337 71 26 hamn,
829 337 85 20 komme
929 338 32 19 att
971 342 52 21 upp-

196 365 27 26 gä
238 365 31 20 till
285 365 76 21 endast
383 365 59 21 cirka
462 366 26 21 10
503 367 65 20 verst.
585 378 24 2 —
626 366 44 20 Det
684 366 40 20 bör
740 365 106 26 tilläggas,
865 366 32 19 att
912 365 111 21 afständen

196 393 48 21 frän
266 393 167 22 Fredrikshamn
455 394 60 26 längs
531 394 103 26 landsväg
650 394 32 21 till
698 394 65 26 Uttis,
780 393 94 27 Kaipiais
890 393 39 21 och
944 393 79 21 David-

196 422 48 20 stad
267 423 102 20 stationer
384 423 13 20 &
413 423 31 21 S:t
459 423 278 26 Petersburg
602 417 13 37 —
623 423 114 26 Riihimäki
752 423 58 20 bana
824 424 36 19 äro
876 428 53 20 resp.
945 422 34 24 41,
995 421 28 22 45

196 450 40 21 och
252 451 27 21 50
293 453 65 24 verst,
374 451 78 21 medan
468 451 114 21 afständen
602 451 59 21 öfver
676 451 109 21 Tavastila
800 451 60 26 längs
875 450 102 25 landsväg
992 449 31 21 dit

196 479 40 20 och
260 485 37 20 per
316 479 89 27 jernväg
428 479 93 22 derifrän
537 480 33 21 till
585 485 81 16 samma
684 480 107 21 stationer
806 479 84 21 komme
905 480 32 19 att
952 477 71 28 uppgä

196 507 33 21 till
245 513 53 20 resp.
314 508 35 25 62,
365 508 27 21 72
407 508 40 21 och
462 509 27 21 95
504 510 65 19 verst.

264 535 73 22 Under
352 536 80 21 sådana
446 537 149 20 förhållanden
610 537 68 25 torde,
701 537 8 20 i
724 536 103 21 händelse
842 542 27 15 en
883 536 78 21 bibana
975 535 47 21 från

196 563 108 22 Tavastila
326 565 33 20 till
381 565 179 21 Fredrikshamns
582 565 50 21 stad
650 565 48 21 icke
717 565 71 21 blefve
807 564 71 21 utförd
897 565 39 20 och
955 564 27 21 då
997 569 26 15 en

196 593 144 27 fortransport
355 593 7 21 i
377 594 42 21 alla
441 593 38 22 fall
501 593 71 22 blefve
594 594 72 26 nödig,
690 600 27 15 en
732 595 46 19 stor
793 593 34 21 del
843 593 22 21 af
878 592 145 27 godstrafiken

196 621 91 21 emellan
311 621 32 22 S:t
364 622 130 26 Petersburg
510 622 40 21 och
566 622 166 21 Fredrikshamn
748 622 8 21 i
771 622 72 21 stället
857 621 32 21 för
905 621 40 20 den
961 621 62 26 långa

196 651 103 25 omvägen
313 651 48 20 med
377 651 72 20 Kotka
471 651 71 20 banan
565 654 50 23 taga
636 651 70 21 såsom
721 650 107 21 härintills
843 650 47 21 från
905 649 118 21 Davidstad

196 678 52 21 eller
271 678 57 22 Uttis
350 679 41 21 den
413 679 50 21 vida
488 679 88 21 kortare
598 681 68 25 vägen
689 679 85 21 direkte
796 679 33 20 till
851 677 170 22 Fredrikshamn.

195 707 62 20 Hvad
279 707 170 26 persontrafiken
471 707 139 26 vidkommer,
635 708 69 21 skulle
724 707 36 21 vid
779 713 59 15 resor
852 706 47 22 från
914 706 110 21 Fredriks-

195 735 65 21 hamn
281 738 96 19 vesterut
399 737 38 20 och
461 737 92 20 tvertom
576 736 150 27 begagnandet
748 735 24 22 af
789 735 234 22 Tavastila—Kouvola

192 763 95 27 jernväg,
310 764 35 21 vid
367 765 132 20 närvarande
522 765 99 20 tidtabell
644 765 34 20 för
700 765 64 26 tågen
782 764 90 21 emellan
890 763 133 26 Helsingfors

196 792 40 21 och
259 793 135 26 Petersburg,
417 799 52 15 vara
491 793 101 21 förenadt
612 793 48 21 med
683 793 128 21 tidsförlust.
841 792 119 21 Anmärkas
983 792 40 20 bör

196 820 69 27 äfven,
281 822 37 25 att,
335 821 24 20 så
373 821 63 26 länge
451 828 26 14 en
485 821 79 22 bibana
574 822 18 26 ej
603 821 101 22 förenade
715 821 167 21 Fredrikshamn
892 821 49 20 med
950 819 73 22 Kotka

194 849 128 21 -—Kouvola
341 849 96 27 jernväg,
460 850 28 21 all
510 851 176 25 trupptransport
701 850 48 21 från
764 849 130 26 Petersburg
911 849 31 20 till
957 848 64 21 Fred-

194 877 111 22 rikshamn
327 878 40 21 och
390 879 99 26 tvertom,
511 879 87 20 hvilken
618 879 66 26 enligt
702 878 109 27 uppgifter
825 877 23 22 af
861 877 162 22 kommendant-

194 907 104 25 styrelsen
321 907 39 20 och
382 907 185 26 regementstaben
582 907 7 21 i
605 907 168 21 Fredrikshamn
789 907 40 20 kan
849 906 126 27 uppskattas
990 905 33 21 till

194 934 98 27 omkring
307 935 64 26 2,500
386 941 48 15 man
450 935 87 27 årligen,
561 935 70 21 skulle
646 935 70 22 såsom
732 935 107 21 härintills
855 935 85 26 betjena
955 934 32 26 sig
1002 933 23 21 af

191 963 118 26 jernvägen
335 963 76 21 endast
436 964 91 21 emellan
552 964 132 26 Petersburg
710 964 40 21 och
773 963 117 21 Davidstad
913 964 54 19 samt
989 961 33 22 för

194 992 136 26 transporten
353 992 90 21 emellan
466 993 70 20 denna
558 993 80 20 station
662 993 39 20 och
724 991 165 22 Fredrikshamn
905 991 7 21 i
928 991 95 27 betydlig

193 1019 54 26 grad
262 1022 49 24 taga
327 1020 7 21 i
349 1021 94 26 anspråk
458 1021 162 26 befolkningens
636 1020 251 27 skjutningsskyldighet.
918 1019 104 26 Slutligen

193 1047 43 21 kan
258 1050 96 25 antagas,
377 1050 32 20 att
425 1049 23 21 af
461 1050 41 20 den
516 1049 48 21 icke
579 1049 123 27 obetydliga
717 1051 111 24 transport
843 1048 23 21 af
884 1050 82 19 vatten-
982 1047 40 22 och

194 1075 137 28 handsågade
346 1079 104 24 trävaror,
475 1084 44 15 som
535 1078 33 21 för
584 1078 36 21 det
635 1078 134 21 närvarande
785 1079 50 24 äger
850 1083 46 14 rum
911 1076 46 21 från
973 1076 26 21 de
1014 1076 7 21 i

193 1110 51 15 norr
260 1111 34 14 om
309 1105 76 21 staden
400 1106 99 26 liggande
515 1106 118 21 socknarne
648 1106 33 21 till
696 1106 174 24 Fredrikshamn,
887 1111 26 14 en
929 1107 44 19 stor
987 1104 35 21 del

193 1132 132 22 fortfarande
340 1133 85 22 komme
443 1136 32 19 att
493 1135 87 26 betjena
595 1135 32 26 sig
642 1135 23 20 af
680 1135 40 20 den
736 1135 98 20 kortaste
848 1135 69 24 vägen
933 1133 31 21 till
979 1135 42 19 sta-

194 1161 52 21 dens
268 1161 70 26 hamn,
361 1162 25 21 så
401 1163 62 26 länge
483 1163 70 21 denna
568 1163 49 21 med
632 1169 27 15 en
674 1163 80 21 bibana
771 1163 18 26 ej
805 1168 50 15 vore
869 1162 89 21 förenad
973 1161 48 21 med

191 1189 123 27 jernvägen.

263 1218 39 21 Om
325 1219 90 21 sålunda
437 1226 26 15 en
485 1220 78 26 mängd
586 1220 184 26 omständigheter
786 1219 84 21 komme
885 1220 32 19 att
932 1219 90 25 bidraga

193 1246 32 21 till
241 1253 27 14 en
282 1247 81 26 ganska
378 1248 121 27 betydande
514 1249 115 20 reduktion
645 1248 23 21 af
681 1249 41 20 den
741 1247 66 22 trafik
822 1246 200 22 Kotka—Kouvola

190 1274 90 27 jernväg
301 1277 54 20 utan
376 1276 131 21 förbindelse
529 1277 49 21 med
596 1277 167 21 Fredrikshamn
779 1276 71 21 kunde
865 1275 95 27 påräkna
974 1274 48 21 från

192 1303 72 21 denna
279 1304 54 25 stad,
349 1304 70 21 blefve
437 1305 144 21 förhållandet
596 1307 32 19 ett
642 1307 97 24 motsatt,
760 1305 72 20 derest
847 1304 41 20 den
904 1303 75 21 endast
995 1303 27 20 10

192 1333 58 19 verst
271 1331 64 28 långa
357 1332 93 22 bibanan
473 1334 89 21 emellan
578 1334 167 21 Fredrikshamn
762 1333 41 21 och
818 1332 109 21 Tavastila
942 1331 80 21 station

192 1359 70 22 blefve
276 1361 79 21 utförd.

261 1389 30 20 Af
304 1389 86 22 hvilken
405 1390 109 27 betydelse
529 1391 33 20 för
578 1391 37 20 vår
631 1389 171 28 jernvägstrafik,
818 1389 93 21 särdeles
927 1389 32 20 för
973 1394 48 21 per-

191 1417 138 25 sontrafiken,
353 1418 61 21 äfven
438 1425 27 15 en
487 1419 83 21 mindre
593 1419 48 21 stad
656 1419 36 21 vid
704 1419 164 27 jernvägsnätet
883 1419 30 24 är,
929 1416 93 27 framgår

191 1445 77 26 tydligt
282 1452 26 14 ur
320 1447 217 26 jernvägsstyrelsens
556 1447 134 22 berättelser.
722 1447 28 21 Sä
770 1447 69 20 finner
853 1452 50 15 man
917 1445 105 26 exempel-

190 1473 32 20 vis
245 1479 26 15 ur
292 1474 130 22 berättelsen
445 1475 34 22 för
497 1476 24 21 år
540 1476 56 21 1885
615 1477 32 20 att
662 1476 82 21 antalet
760 1475 34 21 till
809 1474 130 21 Tavastehus
954 1473 69 21 under

190 1501 48 21 året
252 1502 92 21 anlände
359 1509 139 21 passagerare
513 1505 41 20 och
568 1504 48 21 från
632 1505 75 20 staden
722 1503 115 27 afgångne,
853 1503 94 21 förutom
963 1503 59 25 trup-

189 1535 39 20 per
243 1531 39 20 och
298 1531 81 27 fångar,
402 1533 100 26 utgjorde
521 1533 98 26 omkring
633 1533 80 26 47,000
727 1538 105 21 personer
848 1533 55 19 samt
918 1532 32 19 att
965 1530 58 21 frakt
