1084 1742
336 130 94 22 Borgarest.
439 129 51 20 1888.
513 130 12 18 4
537 130 47 18 Febr.
832 130 22 18 9”

47 198 50 22 vida
112 199 71 27 någon
198 198 64 28 nådig
276 199 133 27 proposition
424 199 69 21 skulle
508 199 87 21 komma
610 199 33 21 till
659 199 117 21 ständerna
789 199 52 21 eller
851 199 26 27 ej.

46 227 44 26 Jag
111 228 69 20 skulle
195 227 71 21 derför
287 227 86 27 föreslå,
394 228 32 20 att
440 228 180 26 borgareståndet
633 228 51 20 ville
699 228 85 20 besluta
799 227 31 27 sig
845 226 33 22 för

48 255 132 22 tillsättande
204 256 22 21 af
247 257 32 19 ett
295 256 192 26 jernvägsutskott,
504 256 33 21 till
552 256 83 21 hvilket
650 256 70 21 denna
734 256 61 26 fråga
810 256 68 20 skulle

50 284 126 25 remitteras,
193 284 39 21 och
248 284 87 26 inbjuda
350 284 26 21 de
392 284 68 26 öfriga
475 284 91 21 stånden
581 286 33 19 att
629 284 65 21 också
704 284 33 21 för
748 284 32 21 sin
792 284 33 21 del
835 284 43 21 till-

50 313 58 20 sätta
123 313 31 20 ett
166 312 185 27 jernvägsutskott
366 313 7 20 i
389 313 116 26 anledning
520 313 23 20 af
556 314 32 19 att
604 319 26 14 en
647 312 61 27 fråga
722 318 34 15 om
768 313 110 26 jernvägs-

51 341 98 26 byggnad
163 341 71 21 blifvit
248 341 69 21 väckt.

118 369 32 21 Hr
172 370 25 21 A.
220 369 25 22 O.
268 369 141 26 Snellman:
439 369 43 21 För
504 369 44 21 min
572 369 34 22 del
628 369 43 21 kan
690 369 38 26 jag
750 369 46 21 icke
811 369 67 21 heller

49 397 58 22 finna
122 398 36 21 det
172 397 131 27 nödvändigt
318 399 39 24 att,
368 398 119 27 bordlägga
502 398 89 21 ärendet
606 397 78 27 derför,
697 399 33 19 att
741 397 66 26 nägot
819 398 58 27 jern-

50 427 137 26 vägsutskott
209 427 47 20 icke
275 428 23 19 är
312 426 85 21 tillsatt.
428 427 49 20 Men
490 427 37 26 jag
544 427 70 20 skulle
628 425 80 22 föreslä
724 426 154 27 bordläggning

49 455 34 20 till
105 455 48 21 dess
176 455 68 26 öfriga
264 455 216 26 jernvägspetitioner
502 455 119 26 inkommit,
637 455 28 26 pä
687 455 37 20 det
745 455 27 20 de
792 455 41 21 alla
851 454 28 27 pä

50 489 80 15 samma
152 483 56 26 gäng
230 483 33 21 mä
285 483 74 20 kunna
380 483 125 22 behandlas.
535 484 41 26 Jag
598 483 91 21 föreslär
704 483 58 21 detta
778 483 101 21 särskilät

51 512 48 20 med
114 512 115 25 anledning
244 511 22 21 af
279 512 26 20 hr
321 511 117 22 Sanmarks
453 512 108 27 yttrande.

120 540 31 21 Hr
166 540 121 21 Neovius:
317 540 42 26 Jag
377 540 86 21 förenar
482 541 43 26 mig
544 541 48 20 med
610 540 37 21 hrr
662 540 85 26 Hoving
762 541 39 20 och
817 540 61 21 Sten-

51 569 55 20 bäck
128 569 40 20 och
183 568 89 21 föreslär
287 568 96 26 sälunda,
400 570 33 19 att
447 569 86 21 ständet
548 569 68 21 redan
631 575 29 14 nu
675 569 49 20 ville
740 568 54 21 fatta
808 569 71 20 beslut

52 603 35 15 om
101 597 134 21 tillsättande
251 597 22 21 af
287 599 31 19 ett
330 597 193 26 jernvägsutskott.

119 625 32 21 Hr
167 625 191 27 Schybergson:
389 625 42 21 För
446 626 45 21 min
507 626 34 21 del
557 626 69 21 skulle
640 625 38 27 jag
693 625 85 21 anhälla
794 631 32 14 om
842 631 37 20 pe-

51 654 218 21 titionsmemorialets
292 654 156 27 bordläggning
470 655 33 20 till
519 656 63 19 nästa
596 654 87 27 plenum
698 654 8 20 i
721 654 41 20 den
777 653 101 26 förhopp-

52 683 56 26 ning,
124 684 33 19 att
178 682 236 21 talmanskonferensen
437 683 28 20 dä
479 683 108 20 framstält
602 683 80 25 förslag
698 689 33 14 om
747 681 132 22 tillsättande

52 711 23 20 af
96 712 30 19 ett
146 711 184 26 jernvägsutskott
351 711 40 20 och
413 711 20 21 vi
456 711 91 21 sälunda
569 711 67 21 blifva
659 711 95 20 befriade
775 710 47 21 frän
837 710 42 21 den

49 739 153 27 jemförelsevis
216 739 123 21 invecklade
354 739 111 27 procedyr,
480 746 47 15 som
541 740 41 20 här
596 739 40 21 har
651 739 126 26 föreslagits.

120 767 33 21 Hr
167 767 135 22 Molander
316 767 104 22 förenade
435 768 32 26 sig
482 769 49 20 med
546 768 26 21 hr
588 767 154 27 Schybergson.

122 795 70 22 Sedan
215 796 148 21 diskussionen
379 797 87 20 härmed
481 797 116 20 förklarats
613 796 100 26 afslutad,
730 796 27 21 dä
771 796 63 26 ingen
849 795 30 21 vi-

54 825 51 20 dare
126 825 94 26 begärde
239 825 68 26 ordet,
321 825 126 21 framstälde
463 825 26 20 hr
504 825 125 21 talmannen
644 831 27 14 en
686 825 90 20 sälunda
792 824 88 21 affattad

53 853 285 26 omröstningsproposition:

122 880 38 26 De,
184 880 69 21 hvilka
275 880 52 28 vilja
349 882 31 20 att
401 880 80 28 frågan
497 888 34 14 om
546 881 76 21 remiss
637 881 23 26 af
676 880 139 27 förevarande
826 880 54 26 peti-

53 909 163 21 tionsmemorial
231 909 125 21 omedelbart
370 911 103 25 upptages
489 910 32 20 till
537 909 123 27 atgörande,
676 911 58 19 rösta
745 910 39 26 ja;
801 909 30 27 de,
848 908 33 21 det

53 937 43 21 icke
110 937 59 27 vilja,
185 939 58 19 rösta
257 938 48 27 nej;

121 966 73 20 vinner
216 966 44 27 nej,
283 966 39 21 har
337 966 173 26 borgareständet
524 966 83 22 beslutit
622 968 30 19 att
666 966 114 27 bordlägga
796 965 86 21 ärendet

53 994 32 20 till
100 995 63 20 nästa
174 994 95 26 plenum.

122 1022 40 22 Vid
184 1024 109 20 verkstäld
311 1024 98 26 votering
425 1023 96 27 afgäfvos
537 1024 27 21 18
577 1024 23 26 ja
616 1024 40 20 och
672 1024 27 20 33
714 1023 41 27 nej,
770 1022 41 22 och
826 1022 55 20 hade

53 1051 86 21 ståndet
161 1051 83 21 således
267 1052 89 21 beslutit
379 1054 32 19 att
426 1052 120 26 bordlägga
561 1052 89 21 ärendet
665 1052 33 21 till
712 1053 62 19 nästa
789 1051 91 27 plenum.

122 1136 98 27 Upptogs
235 1137 33 21 till
283 1137 130 27 behandling
429 1137 41 21 den
485 1138 36 20 vid
535 1137 129 27 föregående
682 1137 86 27 plenum
783 1136 99 25 bordlag-

54 1165 28 21 da
104 1165 118 27 petitionen
245 1171 34 15 om
301 1165 126 27 förändring
446 1166 23 21 af
481 1166 101 26 gällande
597 1166 178 25 konkursstadga,
790 1170 45 16 som
851 1164 31 20 in-

54 1193 90 21 lemnats
160 1193 22 21 af
196 1194 26 20 hr
236 1194 86 26 Nyberg
338 1194 40 21 och
393 1194 89 21 hvarom
498 1194 26 21 hr
538 1194 100 21 Renlund
654 1194 84 21 förenat
754 1194 38 26 sig.

124 1222 68 21 Ordet
206 1222 103 26 begärdes
325 1222 76 21 härvid
417 1222 22 21 af
453 1222 26 21 hr
494 1223 122 25 Hedman,
633 1228 46 15 som
693 1222 94 27 yttrade:
812 1222 71 20 Jemte

54 1250 37 21 det
106 1250 37 27 jag
162 1250 38 21 ber
216 1252 32 19 att
263 1250 21 21 få
299 1251 132 21 understöda
446 1251 26 21 de
489 1251 23 21 af
525 1252 169 26 petitionärerna
708 1250 118 26 framlagda
840 1249 42 21 för-

54 1279 80 26 slagen,
157 1278 69 22 skulle
246 1279 37 27 jag
299 1279 67 21 önska
381 1281 33 19 att
429 1279 22 21 få
465 1281 53 25 göra
533 1281 32 19 ett
580 1286 38 20 par
634 1279 172 26 anmärkningar.
835 1278 47 20 Den

55 1313 40 15 ena
117 1313 51 15 vore
190 1313 34 15 om
247 1307 74 27 skärpt
342 1308 61 20 straff
425 1308 34 20 för
480 1308 97 21 vårdslös
593 1308 40 21 och
648 1308 111 26 bedräglig
774 1306 109 27 gäldenär.

54 1336 33 20 De
102 1336 123 20 nuvarande
240 1336 253 21 straffbestämmelserna
509 1338 38 19 äro
562 1336 123 26 påtagligen
701 1336 37 20 allt
753 1336 33 20 för
802 1334 81 26 slappa.

55 1364 45 20 Min
115 1364 67 20 andra
198 1364 140 26 anmärkning
353 1364 70 21 skulle
439 1364 27 27 gå
481 1366 25 20 ut
521 1364 28 27 på
564 1366 32 19 att
610 1364 114 26 borgenär,
740 1370 45 15 som
800 1362 41 22 fått
851 1362 32 20 sin

55 1392 87 21 fordran
164 1392 90 21 utdömd
276 1392 28 27 på
325 1393 71 26 grund
415 1393 24 21 af
452 1392 127 22 skuldebref
593 1393 52 21 eller
660 1393 66 25 vexel,
743 1390 141 26 ovilkorligen

55 1420 39 21 bör
116 1420 34 21 för
172 1421 160 26 sysslomannen
353 1421 69 21 förete
445 1421 63 21 dessa
523 1421 33 21 för
571 1421 129 27 påteckning
716 1420 22 21 af
750 1418 85 28 uppgift
849 1424 34 15 om

55 1449 41 20 den
112 1448 107 27 dividerd,
238 1449 42 20 han
297 1449 48 21 från
360 1449 184 21 konkursmassan
560 1449 90 21 erhållit.
682 1448 72 21 Sådan
768 1447 72 28 praxis
855 1453 29 14 nu

55 1478 31 25 är,
108 1477 42 20 kan
173 1483 27 14 en
222 1477 107 26 borgenär
343 1477 7 21 i
365 1477 143 26 gäldenärens
523 1478 41 20 och
580 1477 79 21 dennes
674 1477 82 21 kanske
771 1477 20 24 5,
808 1476 12 20 6
835 1475 49 21 bor-

55 1507 98 24 gesmäns
175 1505 179 22 konkursmassor
377 1506 84 21 bevaka
484 1505 50 22 hela
553 1506 33 20 sin
600 1506 87 21 fordran
702 1505 55 21 inför
772 1506 58 19 rätta
845 1503 39 21 och

55 1533 21 21 få
98 1533 124 21 densamma
244 1534 89 21 utdömd
355 1533 49 22 från
419 1534 43 21 alla
476 1539 118 21 massorna,
611 1534 39 21 och
666 1533 90 22 sålunda
770 1534 34 20 tör
819 1532 44 21 han
878 1532 7 19 i

804 1571 10 17 7
