1089 1725
344 128 93 22 Borgarest.
450 127 46 19 1888.
520 127 9 19 7
542 127 49 23 April.
828 126 33 18 569

62 196 124 21 Emellertid
200 196 89 21 innebär
303 196 168 27 propositionen,
480 198 32 20 att
527 196 48 26 alla,
591 202 46 16 som
651 196 52 27 vilja
717 196 97 26 begagna
824 196 62 20 dessa

62 231 63 15 namn
147 224 70 22 såsom
234 225 132 26 varumärke,
382 225 62 21 skola
459 226 53 26 göra
527 225 80 21 sådana
621 225 80 27 tillägg.
732 224 114 22 Skilnaden
862 225 24 19 är

62 253 55 22 blott
140 254 47 25 den,
210 255 38 25 att,
271 254 66 26 enligt
358 254 120 21 utskottets
500 254 84 27 förslag,
603 260 26 15 en
644 254 62 21 enkel
721 252 165 26 namnteckning

63 282 67 21 skulle
152 282 21 21 få
195 282 108 27 begagnas
325 282 70 21 såsom
409 283 135 26 varumärke,
560 284 51 19 utan
626 282 81 27 tillägg,
723 282 128 21 åtminstone
866 280 22 21 af

63 317 26 14 en
110 317 83 20 person.
223 311 66 21 Detta
311 311 22 21 af
353 311 107 21 utskottet
483 311 75 27 gjorda
572 311 80 26 förslag
667 311 88 21 innebär
771 309 70 22 tillika
856 310 30 20 ett

62 339 167 26 tillgodoseende
251 339 22 22 af
293 339 60 22 äldre
371 339 85 22 firmors
475 340 40 21 och
529 339 142 22 fabrikanters
686 340 113 25 intressen,
814 337 72 22 hvilka

63 368 65 21 redan
151 369 89 26 tidigare
262 368 63 21 hafva
347 368 108 27 begagnat
475 369 38 20 sitt
535 372 54 23 eget,
609 368 32 21 sin
656 367 71 22 firmas
743 368 50 21 eller
809 367 31 21 sin
855 366 31 21 fa-

64 397 87 26 stighets
173 403 65 15 namn
259 397 70 20 såsom
351 397 136 21 varumärke.
518 397 73 26 Enligt
609 397 170 26 propositionens
795 396 91 21 bestäm-

63 425 50 27 ning
128 426 68 21 skulle
211 425 96 22 deremot
321 425 168 22 innehafvarene
504 425 23 22 af
540 425 71 28 dylika
625 431 65 15 namn
705 425 39 21 och
759 425 79 25 firmor,
853 423 33 22 för

64 455 32 20 att
117 454 84 21 komma
218 454 7 21 i
241 453 124 28 åtnjutande
380 453 23 22 af
416 454 73 21 denna
502 454 134 26 förordnings
652 454 42 21 alla
708 453 112 26 förmoner,
835 457 52 16 vara

64 483 122 21 nödsakade
201 484 32 20 att
247 482 101 21 förändra
363 484 31 19 ett
408 483 7 20 i
427 483 132 21 marknaden
570 482 34 21 väl
615 483 68 20 kändt
693 482 78 21 märke.
795 482 31 21 Hr
840 481 47 21 Nis-

64 511 59 21 sinen
145 511 38 21 har
205 511 93 26 påpekat
319 511 189 27 nödvändigheten
523 511 22 22 af
559 512 32 20 att
605 511 62 21 dessa
682 517 63 15 namn
761 511 39 22 och
815 510 72 21 firmor

64 539 69 22 blefve
148 540 108 27 skyddade
271 542 51 19 utan
337 540 162 27 inregistrering
513 540 39 21 och
567 539 62 22 äfven
645 539 133 27 svårigheten
793 539 33 22 för
840 544 46 21 per-

64 574 68 21 soner,
151 571 46 19 som
216 570 37 20 äro
277 568 85 22 bosatta
384 568 28 27 på
427 569 80 26 landet,
524 570 32 20 att
571 568 96 22 anskaffa
682 568 89 22 clichéer
785 568 32 21 för
832 567 56 21 inre-

64 597 118 27 gistrering.
211 597 34 21 Då
266 603 29 15 nu
312 597 189 27 inregistreringen
517 599 23 19 är
555 597 120 26 fakultativ,
691 597 90 26 frivillig,
797 596 40 22 och
852 602 35 14 en-

65 626 47 20 dast
134 626 26 21 de
182 632 108 21 personer,
313 632 44 15 som
379 626 66 21 hafva
467 626 70 27 någon
552 627 60 26 nytta
627 626 66 26 deraf,
709 626 72 21 kunna
795 625 92 21 förutses

63 654 86 21 komma
163 656 32 19 att
210 656 52 25 göra
277 654 72 28 dylika
363 654 192 27 inregistreringar,
571 654 24 22 så
610 660 62 22 synes
687 654 37 21 det
738 654 49 26 mig,
799 656 32 18 att
840 652 48 22 icke

64 682 70 27 någon
156 683 44 26 vigt
215 683 75 21 härvid
304 683 39 21 bör
357 683 74 21 fästas.
463 683 32 21 Hr
510 683 117 21 Rönnbäck
642 683 39 21 har
697 683 55 21 velat
767 682 69 22 drifva
850 681 37 21 nå-

64 713 37 25 got
122 712 22 20 in
162 711 116 21 absurdum
293 712 26 20 de
335 712 167 26 bestämningar,
518 718 45 15 som
577 712 50 26 ingå
641 712 7 20 i
664 712 107 26 förslaget,
787 710 101 22 särskildt

65 740 48 20 med
128 740 100 21 afseende
243 740 12 21 å
272 740 38 21 den
326 740 109 26 rättighet,
452 746 47 15 som
513 741 8 21 i
537 740 10 28 $
564 741 26 21 12
606 742 23 19 är
645 740 119 26 medgifven
780 740 46 25 den,
842 744 46 16 som

64 768 90 27 tidigare
169 768 38 22 har
222 769 107 26 begagnat
344 770 32 20 ett
390 768 83 27 märke,
489 771 32 20 att
535 769 79 28 styrka,
630 769 55 21 huru
700 769 61 26 länge
776 768 41 21 han
833 767 55 21 varit

64 797 121 26 berättigad
200 799 32 20 att
247 798 95 26 begagna
358 797 127 22 detsamma.
507 798 41 26 Jag
563 798 68 21 tviflar
646 798 55 21 dock
715 797 53 26 icke,
784 799 32 19 att
830 796 58 21 dom-

65 826 92 21 stolarne
175 825 27 28 på
216 827 69 26 grund
301 826 22 21 af
336 826 190 27 bestämningarna
540 827 7 20 i
562 826 24 27 $$
603 827 11 20 7
631 826 40 21 och
688 827 25 20 12
729 826 60 21 skola
803 825 86 21 komma

65 856 32 19 att
111 854 44 21 låta
170 855 80 21 enhvar
265 855 89 20 rättvisa
368 855 132 21 vederfaras.

133 883 30 20 Hr
179 883 146 22 Wasenius:
344 883 41 26 Jag
401 883 60 22 delar
477 884 41 21 den
533 883 169 28 uppfattningen,
718 885 31 19 att
765 883 61 26 lagen
841 881 48 22 icke

65 911 39 21 bör
125 911 98 27 fråntaga
244 911 70 27 någon
336 912 54 21 hans
407 912 111 27 rättighet,
534 914 32 19 att
580 912 28 27 på
623 919 69 19 varor,
708 918 44 15 som
767 912 42 20 han
824 911 64 26 säljer

66 940 51 21 eller
138 940 116 27 tillverkar,
276 940 22 21 få
321 941 97 20 använda
441 941 38 21 sitt
498 942 47 25 eget
560 947 70 19 namn,
646 941 37 20 sitt
698 940 124 21 firmanamn
837 939 51 21 eller

63 968 188 27 jordlägenhetens
267 975 69 20 namn,
352 969 39 21 och
408 969 39 21 ber
463 969 70 22 derför
549 971 32 20 att
595 969 22 21 få
632 969 129 21 understöda
777 969 55 25 dem,
843 974 45 15 som

65 997 64 21 hafva
149 997 64 26 yrkat
234 997 29 27 på
285 998 130 26 antagandet
437 997 25 22 af
480 998 40 21 den
535 998 78 27 nådiga
627 998 166 27 propositionen,
809 995 79 22 beträf-

65 1025 63 22 fande
151 1026 66 21 andra
239 1027 116 20 momentet
372 1027 23 20 af
409 1026 11 27 8
439 1028 18 19 1.
489 1027 43 26 Mig
547 1033 61 20 synes
624 1027 35 21 det
675 1027 46 20 icke
735 1026 102 21 innebära
852 1025 36 20 nå-

65 1059 42 21 gon
128 1054 55 21 våda
205 1054 33 21 för
259 1055 136 21 fabrikanten
418 1055 53 21 eller
483 1055 164 27 jordbrukaren,
663 1061 34 15 om
712 1055 129 26 rättigheten
856 1054 33 20 att

65 1082 96 27 begagna
183 1083 38 20 sitt
239 1085 48 24 eget
301 1090 64 14 namn
380 1083 32 21 får
429 1083 93 27 qvarstå,
538 1086 51 19 utan
605 1086 32 19 att
652 1083 76 22 sådant
742 1083 101 21 behöfver
857 1082 32 21 in-

65 1111 130 26 registreras.
217 1112 70 26 Antag
301 1112 33 21 till
350 1113 96 26 exempel
462 1114 33 19 att
509 1113 13 20 3
537 1119 100 20 personer
653 1113 67 20 skulle
736 1111 61 22 hafva
807 1117 82 15 samma

65 1145 70 21 namn,
151 1139 23 22 så
189 1140 84 27 tvingas
288 1141 26 21 de
329 1141 23 21 af
365 1141 214 27 omständigheterna
594 1143 32 19 att
640 1141 53 21 hvar
708 1141 39 21 och
763 1146 26 15 en
804 1141 84 25 antaga,

65 1168 63 27 jemte
150 1169 37 21 sitt
209 1169 132 26 firmanamn,
365 1171 31 19 ett
414 1170 137 26 varumärke,
567 1170 39 21 och
622 1170 27 20 då
663 1172 24 18 är
701 1169 135 27 svårigheten
851 1174 37 14 un-

66 1197 95 27 danröjd.
186 1197 54 27 Den,
255 1204 44 15 som
315 1198 47 21 icke
377 1198 37 21 vill
429 1204 78 20 genom
523 1200 31 19 ett
569 1198 102 22 särskildt
685 1198 126 21 varumärke
827 1196 63 27 skilja

65 1226 32 26 sig
119 1225 46 21 från
187 1226 27 21 de
236 1226 67 21 andra
324 1226 108 27 firmorna,
452 1227 43 21 han
510 1227 34 21 må
559 1227 33 21 stå
607 1227 36 21 sitt
658 1227 54 25 kast,
728 1226 27 22 då
771 1226 36 21 det
821 1225 68 21 finnes

65 1254 33 21 för
113 1254 76 22 honom
206 1262 26 14 en
248 1257 64 25 utväg
327 1257 33 19 att
375 1256 94 26 lagligen
485 1256 80 26 skydda
580 1256 32 26 sig
627 1256 32 20 tör
674 1255 133 27 efterapning
822 1254 22 20 af
854 1253 36 21 det

65 1283 78 26 märke,
159 1283 54 22 hans
228 1283 61 22 firma
304 1284 115 27 begagnar.

134 1311 31 22 Hr
187 1312 128 22 Juselius:
339 1313 9 20 I
371 1313 118 26 anledning
511 1313 23 21 af
549 1313 26 21 de
591 1313 67 20 delvis
673 1312 103 27 befogade
791 1311 99 21 anmärk-

65 1341 81 26 ningar,
169 1347 46 15 som
236 1341 69 21 blifvit
323 1341 75 27 gjorda
413 1343 47 20 mot
475 1342 66 21 andra
557 1343 116 20 momentet
687 1341 7 21 i
709 1341 67 21 första
789 1345 101 22 paragra-

65 1369 35 20 fen
122 1369 23 20 af
165 1369 167 27 propositionen,
355 1370 37 21 vill
412 1370 40 27 jag
474 1370 57 26 gifva
553 1370 109 26 tillkänna,
678 1371 32 20 att
721 1370 38 26 jag
773 1368 117 27 ingalunda

65 1403 62 15 anser
149 1397 60 22 detta
230 1400 94 19 moment
341 1404 51 15 vara
408 1399 88 20 absolut
510 1399 87 26 lyckligt
612 1398 127 26 redigeradt,
755 1400 52 19 utan
822 1396 68 21 skulle

63 1425 36 27 jag
114 1425 33 21 för
161 1426 44 21 min
221 1426 34 21 del
270 1426 56 21 helst
341 1426 68 21 önska
425 1433 27 15 en
469 1427 112 21 redaktion
596 1427 7 20 i
614 1426 218 22 öfverensstämmelse
841 1425 49 20 med

65 1453 66 22 första
154 1455 127 26 paragrafen
299 1455 8 20 i
322 1455 93 21 svenska
429 1455 64 27 lagen
509 1455 23 22 af
545 1455 41 21 den
601 1455 14 22 5
627 1455 40 27 juli
683 1455 61 26 1884,
760 1454 85 21 hvilken
860 1453 30 26 ly-

65 1482 46 21 der:
128 1483 72 25 ,,Hvar
215 1489 45 15 som
276 1483 39 21 här
329 1483 7 21 i
351 1483 58 21 riket
423 1484 64 21 idkar
501 1484 91 21 fabriks-
607 1484 52 21 eller
673 1481 217 26 handtverksrörelse,

62 1511 112 26 jordbruk,
190 1511 125 26 bergsbruk,
331 1511 79 22 handel
426 1513 53 20 eller
494 1519 69 14 annan
579 1513 74 25 näring
668 1511 40 26 må,
721 1511 66 27 jemte
800 1510 37 21 det
847 1510 43 21 han

65 1544 49 21 eger
135 1540 45 20 rätt
197 1541 32 20 att
245 1540 70 21 såsom
329 1541 130 20 varumärke
475 1541 96 26 begagna
585 1541 38 20 sitt
637 1546 64 15 namn
717 1540 51 21 eller
783 1539 32 20 sin
830 1537 62 22 firma
