1089 1750
336 109 91 25 Borgarest.
440 111 43 19 1888.
508 112 22 18 10
543 112 50 18 Mars.
825 112 33 18 421

62 180 123 22 framstälda
206 180 123 28 yrkandena
347 181 65 26 ansåg
426 181 128 26 lämpligast,
570 182 33 20 att
617 180 54 22 först
687 181 91 21 anställa
793 183 89 19 omröst-

62 210 50 26 ning
138 210 79 25 derom,
243 210 106 20 huruvida
374 209 70 21 såsom
466 210 211 26 kontraproposition
701 211 44 19 mot
767 210 115 20 utskottets

61 238 135 21 betänkande
210 238 67 21 borde
292 238 117 27 uppställas
425 238 37 21 det
476 238 7 21 i
499 238 40 21 den
555 238 77 26 nådiga
647 238 160 27 propositionen
826 240 56 18 stän-

63 266 64 22 derna
141 266 108 26 förelagda
259 266 246 27 författningsförslaget,
515 266 68 22 under
593 267 126 26 uttryckligt
729 267 111 21 uttalande
851 267 32 20 att

63 294 84 22 ståndet
169 295 64 26 ansåg
256 302 25 14 en
303 295 206 27 grundlagsändring
528 295 39 21 här
584 294 109 28 föreligga,
709 296 52 20 eller
775 302 34 14 om
825 294 57 22 stän-

62 324 36 20 det
119 324 7 20 i
144 324 76 21 sädant
238 324 99 21 afseende
352 324 99 26 föredrog
466 324 109 26 förslaget,
591 324 32 20 att
638 324 41 20 den
695 324 78 26 nädiga
787 323 95 27 proposi-

62 352 71 21 tionen
148 352 69 22 blefve
232 355 91 23 antagen
339 354 51 19 utan
405 352 67 26 nägot
487 352 100 22 särskildt
597 352 112 21 uttalande
719 352 6 21 i
737 352 74 27 antydt
821 352 61 27 syfte.

129 381 31 21 Hr
179 381 117 21 Fellman
311 381 72 21 anhöll
398 380 53 22 härä
466 387 34 15 om
516 381 61 21 ordet
592 381 40 21 och
647 381 124 26 hemstälde,
788 387 33 15 om
836 380 47 22 icke

63 410 130 26 omröstning
214 410 53 20 först
288 410 67 20 borde
377 409 38 21 ske
438 410 79 25 derom,
537 409 105 21 huruvida
662 409 54 21 1868
731 409 34 21 ärs
780 410 102 26 ifrägava-

62 439 65 21 rande
141 438 124 27 förordning
280 438 54 21 skall
350 445 61 14 anses
427 445 52 14 vara
494 438 23 21 af
530 438 181 27 grundlagsnatur
726 438 51 21 eller
791 438 53 22 icke.

130 468 31 20 Hr
183 467 122 21 talmannen
328 467 98 21 framhöll
449 467 104 26 häremot,
569 468 32 20 att
616 467 67 26 nägot
697 467 76 22 sädant
788 467 95 28 yrkande

62 496 67 21 under
145 496 39 21 den
199 495 150 27 försiggängna
365 495 149 22 diskussionen
529 495 47 22 icke
591 495 124 21 framstälts.

130 525 31 20 Hr
177 525 126 20 Fellman:
321 525 41 26 Jag
376 525 83 25 trodde,
475 525 32 20 att
522 524 153 27 lagutskottets
691 524 109 21 skrifvelse
815 524 68 21 skulle

63 552 55 27 gifva
133 553 113 26 anledning
261 553 32 21 till
309 555 30 19 ett
354 553 77 21 sädant
445 553 130 21 förfarande.

131 581 69 22 Sedan
215 582 25 20 hr
255 582 122 21 talmannen
392 581 53 21 härä
460 581 112 27 förklarat,
589 583 32 20 att
635 581 43 21 han
693 581 23 22 af
730 582 40 21 den
785 581 48 22 utaf
847 581 36 21 ho-

63 617 48 15 nom
133 617 49 21 nyss
201 611 93 27 antydda
310 610 62 22 orsak
387 610 47 21 icke
450 610 67 27 ansäg
533 611 32 26 sig
579 611 73 20 kunna
666 611 107 26 uppställa
788 610 95 28 proposi-

63 640 44 20 tion
125 640 6 20 i
147 640 36 20 det
198 640 22 20 af
233 640 25 20 hr
273 640 95 20 Fellman
383 639 91 21 anförda
489 639 70 27 syftet,
575 639 125 21 framstälde
715 639 25 21 hr
754 639 129 25 talmannen,

64 668 26 21 dä
111 668 65 26 nägra
198 668 66 21 andra
282 668 117 26 erinringar
417 670 46 19 mot
479 668 36 21 det
531 668 23 21 af
567 668 78 20 honom
660 668 119 26 föreslagna
794 669 90 19 omröst-

63 697 126 26 ningssättet
205 696 47 22 icke
266 696 129 27 förspordes,
411 703 26 14 en
453 696 24 22 sä
492 697 91 27 lydande
599 696 283 28 omröstningsproposition:

130 724 40 27 De,
193 724 67 21 hvilka
282 725 69 21 säsom
367 724 206 27 kontraproposition
588 726 42 19 mot
645 724 33 21 det
693 724 26 27 af
732 724 129 27 lagutskottet
876 724 8 20 i

64 754 45 20 dess
132 753 126 21 betänkande
280 753 114 27 förordade
417 753 101 27 förslaget
537 753 32 21 till
583 753 127 27 förordning
725 754 8 20 i
748 754 70 20 ämnet
832 752 52 28 vilja

64 784 74 24 antaga
157 782 33 20 det
204 782 8 20 i
227 782 38 21 den
280 782 79 27 nådiga
371 782 159 26 propositionen
545 782 115 21 ständerna
675 781 108 27 förelagda
798 780 86 28 författ-

63 810 161 27 ningsförslaget
245 812 51 19 utan
317 811 64 26 något
403 810 103 22 särskildt
520 810 106 22 uttalande
642 811 7 19 i
665 810 32 21 det
711 810 60 27 syfte,
787 810 25 21 hr
828 809 56 21 Fell-

63 846 48 14 man
125 839 115 27 föreslagit,
256 840 55 20 rösta
323 840 39 26 ja;
379 840 31 25 de,
427 840 34 20 det
475 839 44 21 icke
533 839 58 28 vilja,
607 840 57 20 rösta
679 839 47 27 nej;

130 868 73 20 vinner
224 868 42 27 nej,
289 868 39 21 har
350 868 171 26 borgareståndet
542 868 9 20 i
565 868 77 21 sådant
657 867 96 27 afseende
767 866 117 28 föredragit

63 896 34 21 det
111 896 8 20 i
133 896 40 21 den
187 896 78 27 nådiga
277 897 160 26 propositionen
448 896 129 27 framstälda
589 896 246 27 författningsförslaget,
846 902 38 14 un-

64 925 36 21 der
114 924 118 28 uttryckligt
246 925 112 26 uttalande,
375 926 29 20 att
419 932 24 14 en
458 925 210 27 grundlagsändring
683 924 40 21 här
737 924 117 27 föreligger.

131 954 31 20 På
185 954 71 21 derom
279 954 60 27 gjord
362 954 93 26 begäran
477 954 108 22 anstäldes
603 954 103 26 votering,
723 954 84 20 hvilken
823 952 62 21 utföll

63 982 48 21 med
126 983 27 21 29
166 982 23 27 ja
204 983 39 21 och
258 984 27 20 24
301 983 40 27 nej,
357 983 40 21 och
412 982 125 22 framstälde
551 983 26 21 hr
587 983 122 21 talmannen
719 982 32 21 till
761 982 52 26 följd
824 980 62 22 häraf

64 1016 26 15 en
105 1010 23 22 så
143 1011 90 26 lydande
249 1012 287 26 omröstningsproposition:

131 1038 40 27 De,
194 1039 68 21 hvilka
283 1039 112 27 godkänna
417 1040 34 20 det
474 1040 27 26 af
517 1039 130 27 lagutskottet
666 1040 7 20 i
687 1040 46 20 dess
747 1037 138 29 förevarande

64 1066 127 22 betänkande
213 1074 34 14 n:o
269 1069 15 19 3
305 1068 129 27 framstälda
453 1068 82 27 förslag
551 1068 31 21 till
596 1068 127 27 förordning
738 1066 146 28 oförändradt,

64 1098 55 19 rösta
131 1097 41 26 ja:
188 1096 31 27 de,
235 1096 33 22 det
283 1097 44 21 icke
339 1098 60 26 göra,
415 1098 58 20 rösta
489 1098 47 26 nej;

131 1125 73 21 vinner
225 1126 42 27 nej,
291 1126 39 20 har
348 1126 171 26 borgareståndet
535 1126 87 25 beslutit,
638 1127 37 24 att,
691 1125 46 21 med
751 1123 135 28 förkastande

65 1153 26 27 af
106 1153 107 22 utskottets
228 1154 134 27 betänkande,
377 1154 37 27 för
429 1155 35 20 sin
480 1154 33 22 del
527 1156 76 25 antaga
618 1154 33 21 det
667 1155 8 20 i
689 1154 40 21 den
743 1153 78 27 nådiga
836 1158 50 21 pro-

63 1182 118 27 positionen
196 1183 115 21 ständerna
325 1183 110 27 förelagda
449 1183 248 27 författningsförslaget.

133 1211 33 21 Då
181 1211 70 22 denna
265 1212 133 27 proposition
413 1212 129 21 besvarades
557 1212 48 21 med
621 1211 153 27 öfvervägande
786 1211 29 27 ja,
832 1209 55 22 hade

65 1239 176 27 borgareståndet
263 1241 83 21 således
369 1243 87 19 stannat
479 1241 7 20 i
509 1241 36 21 det
563 1241 76 26 beslut,
659 1242 32 19 att
708 1242 77 24 antaga
804 1239 83 21 utskot-

65 1270 42 19 tets
121 1269 78 26 förslag
214 1272 52 18 utan
281 1269 96 27 ändring.

133 1297 46 21 Mot
201 1297 60 21 detta
278 1297 189 27 borgareståndets
482 1298 78 26 beslut,
575 1298 33 21 för
623 1297 69 21 såvidt
707 1297 84 21 ståndet
806 1295 81 27 derige-

65 1332 49 15 nom
136 1326 105 21 förkastat
263 1326 25 21 hr
311 1327 107 21 Fellmans
436 1326 82 27 förslag
537 1333 34 15 om
590 1328 31 20 ett
638 1326 124 28 uttryckligt
776 1324 111 22 uttalande

66 1354 78 27 derom,
166 1355 105 21 huruvida
290 1361 25 15 en
334 1355 91 26 ändring
440 1355 23 21 af
477 1356 104 26 grundlag
596 1355 39 21 här
650 1354 86 26 förelåg,
751 1352 137 24 reserverade

66 1383 31 26 sig
112 1383 36 21 hrr
163 1383 122 27 Fellman,
302 1383 149 27 Chydenius
467 1384 41 21 och
523 1384 28 21 H.
567 1384 24 21 E.
607 1383 157 21 Gummerus.

134 1469 120 27 Föredrogs
276 1476 25 14 en
323 1470 47 20 från
385 1470 146 26 lagutskottet
547 1470 125 21 ankommen
687 1468 108 22 skrifvelse
811 1466 22 21 af
847 1466 41 21 den

67 1497 12 21 8
94 1504 63 19 mars,
174 1498 45 20 deri
233 1498 148 26 lagutskottet,
397 1498 49 21 med
462 1498 106 22 förmälan
583 1500 32 19 att
630 1498 105 20 utskottet
749 1496 33 22 vid
793 1495 95 33 behand-

66 1526 69 26 lingen
159 1526 22 20 af
194 1526 77 26 nådiga
285 1527 167 26 propositionen,
469 1526 118 27 angående,
603 1529 58 19 utom
677 1528 70 23 annat,
762 1524 79 26 förslag
856 1524 32 20 till
