1086 1745
350 126 92 23 Borgarest.
453 127 47 20 1888,
522 127 21 18 23
555 127 38 18 Jan.
839 127 22 17 13

59 195 65 27 något
138 195 7 21 i
160 195 241 28 Landtdagsordningen
417 197 108 26 grundadt
540 196 76 21 hinder
631 196 33 21 för
679 196 43 27 mig
736 197 33 20 att
784 197 57 20 utses
852 196 33 21 till

59 224 39 21 och
115 226 107 25 emottaga
237 224 81 21 hvilket
333 231 45 15 som
393 225 58 21 hälst
466 225 23 21 af
498 225 26 21 de
534 225 97 27 uppdrag
646 225 7 20 i
669 225 40 21 och
719 225 33 21 för
762 224 123 27 landtdags-

59 253 90 26 arbetet,
164 253 86 21 hvartill
265 259 27 15 en
307 253 162 27 landtdagsman
482 254 42 21 kan
539 260 77 20 genom
629 253 37 22 sitt
677 253 74 22 stånds
762 253 123 21 förtroende

58 281 67 22 varda
139 281 78 22 kallad.
247 281 73 22 Under
338 281 67 22 sådan
423 282 155 27 förutsättning
596 282 67 21 måste
679 282 38 27 jag
733 282 71 21 derför
822 281 63 21 äfven

59 316 51 15 anse
130 310 60 21 valet
208 310 64 21 hafva
291 310 64 21 skett.
388 310 82 22 Genom
490 311 127 21 förberörda
635 311 127 26 utnämning
780 310 45 21 blef
841 310 44 21 min

60 339 101 26 ställning
175 339 118 21 emellertid
305 345 26 14 en
344 345 77 20 annan,
437 339 7 21 i
459 341 22 26 ty
497 341 33 20 att
541 341 86 20 senator
642 339 67 27 enligt
723 340 26 20 31
767 339 11 27 $
789 339 8 21 i
805 339 79 20 Landt-

59 367 171 27 dagsordningen
246 367 17 27 ej
280 367 42 21 kan
337 374 51 15 vara
402 367 94 22 ledamot
511 368 6 21 i
533 368 90 21 utskott.
646 368 74 21 Redan
731 367 23 21 af
763 368 70 21 denna
847 373 38 15 an-

59 396 86 27 ledning
160 403 62 15 anser
235 397 36 27 jag
282 396 42 26 mig
339 396 75 22 endast
428 396 93 28 fullgöra
536 403 27 15 en
577 397 56 27 plikt
649 397 58 21 emot
721 396 90 26 ständet,
828 397 57 20 emot

59 425 44 26 mig
125 425 50 27 själf
195 425 40 21 och
256 425 88 20 framför
363 426 31 20 alt
412 427 57 19 emot
483 426 58 21 mina
555 426 92 25 valmän,
669 425 84 21 hvilkas
767 426 44 20 rätt
824 424 63 21 häraf

59 455 96 20 närmast
168 454 95 26 beröres,
286 453 27 21 dä
320 453 43 27 jag,
386 453 7 21 i
414 454 48 21 stöd
485 454 23 21 af
530 454 52 21 sista
597 460 64 15 mom.
676 454 7 21 i
699 454 26 21 17
741 453 11 28 $
768 453 23 22 af
805 453 80 22 Landt-

59 482 179 27 dagsordningen,
261 488 45 15 som
322 482 5 21 i
343 482 61 27 fräga
422 489 34 14 om
476 483 105 26 afsägelse
598 482 24 21 af
640 483 245 26 landtdagsmannaupp-

60 510 53 27 drag
127 511 81 20 lemnar
222 510 86 21 ständet
323 511 41 20 den
378 511 165 22 vidsträcktaste
553 511 161 27 pröfningsrätt,
729 511 109 21 vördsamt
848 517 37 15 an-

59 538 68 22 håller
142 540 33 21 att
188 540 8 20 i
211 539 95 22 ständets
321 539 81 21 händer
416 539 22 22 få
453 540 105 27 nedlägga
573 540 36 21 det
624 540 94 26 mandat,
731 540 37 27 jag
779 539 27 28 pä
816 539 69 27 grund

58 567 25 22 af
96 568 64 26 sagde
175 569 34 20 val
223 568 90 21 innehar
327 568 35 21 vid
378 569 69 20 denna
463 569 108 26 landtdag.

129 596 40 21 Till
190 597 50 21 stöd
261 597 34 21 för
317 597 70 20 denna
409 597 43 20 min
476 597 100 22 anhällan
595 603 36 15 om
649 597 99 21 befrielse
767 597 68 21 skulle
847 597 38 26 jag

59 625 56 21 dock
137 625 33 21 till
192 625 97 22 ständets
311 625 155 27 öfvervägande
488 627 51 26 vilja
561 625 113 22 framhälla
693 625 62 22 äfven
773 632 26 15 en
814 631 70 15 annan

61 654 115 27 synpunkt.
206 654 215 21 Senatorsembetena
442 655 73 21 kunna
537 655 47 20 icke
603 655 74 20 skötas
695 660 77 21 genom
787 654 97 21 vikarier.

59 682 34 21 En
108 682 104 21 ledamots
227 683 98 21 fränvaro
341 683 68 21 under
424 689 27 15 en
466 684 74 26 längre
555 683 104 26 tidsföljd,
674 683 105 26 hinderlig
795 683 66 20 redan
876 682 8 21 i

61 711 42 21 och
125 711 33 20 för
173 711 31 26 sig
219 711 33 21 för
267 711 112 22 arbetenas
392 712 72 27 jemna
480 711 62 28 gäng,
565 712 104 21 särskildt
683 711 7 21 i
703 711 182 27 justitiedeparte-

60 741 87 25 mentet,
171 739 37 22 der
222 739 34 22 för
271 739 92 22 domfört
378 741 58 20 antal
452 741 107 20 erfordras
575 741 45 20 dels
635 740 52 27 fyra,
712 740 44 21 dels
771 740 42 21 fem
828 739 57 22 leda-

60 769 75 24 möter,
151 768 67 21 mäste
234 768 82 21 säledes
331 769 6 20 i
353 769 42 26 hög
410 769 52 26 grad
478 769 89 26 bidraga
583 769 33 21 till
631 769 136 26 möjligheten
783 768 60 21 deraf
853 769 32 20 att

61 797 175 26 departementet,
252 797 34 20 vid
302 797 129 27 tilläfventys
446 798 127 21 inträffande
587 797 72 22 förfall
674 797 66 21 bland
755 797 48 21 dess
818 797 69 26 öfriga

60 825 123 26 ledamöter,
206 825 43 21 kan
271 831 22 16 se
316 826 32 26 sig
370 826 134 21 urständsatt
523 828 31 19 att
573 826 75 21 arbeta
667 825 27 27 pä
713 825 37 22 tvä
765 825 120 22 divisioner.

61 853 34 21 Dä
109 854 73 20 vidare
197 854 62 21 äfven
276 854 256 27 justitiedepartementet
549 855 68 20 under
633 855 39 20 sist
687 854 91 21 förlidna
793 854 93 20 höstses-

59 882 55 27 sion,
130 882 31 21 till
177 883 74 20 hinder
270 883 32 21 för
321 883 169 27 lagskipningen,
513 884 56 21 varit
587 883 84 27 mycket
690 885 103 24 upptaget
809 883 22 20 af
844 882 42 21 för-

61 911 127 27 beredande;
204 911 89 22 arbeten
315 911 32 21 för
369 912 131 27 landtdagen
523 912 40 21 och
582 912 108 27 derjemte,
710 912 32 21 till
757 911 53 27 följd
825 911 22 21 af
860 911 27 20 de

61 939 78 27 många
160 940 110 26 vakanser,
293 946 45 15 som
353 940 28 21 dä
396 940 78 22 funnos
489 941 7 21 i
512 941 177 26 departementet,
713 947 25 14 en
760 941 73 25 längre
855 939 32 21 tid

61 968 110 27 nödgades
189 969 76 21 arbeta
279 969 28 26 pä
321 969 77 21 endast
413 976 26 14 en
454 970 97 25 division,
574 975 51 16 vore
641 969 36 21 det
691 969 25 20 sä
730 969 84 27 mycket
828 974 59 15 mera

61 997 117 26 beklagligt
200 1003 35 16 om
257 1003 80 16 samma
360 998 91 27 menliga
470 998 133 21 förhällande
619 997 68 22 skulle
703 997 68 22 mästa
786 1003 40 20 ega
840 1003 47 14 rum

61 1025 63 21 äfven
146 1026 68 21 under
236 1026 78 21 vinter-
337 1027 39 20 och
399 1027 154 21 värsessionen.
584 1027 43 20 För
647 1028 38 23 att,
710 1027 7 20 i
731 1026 55 21 hvad
802 1025 27 27 pä
845 1025 42 26 mig

61 1053 130 28 ankommer,
214 1055 53 20 söka
289 1054 116 28 förebygga
428 1062 25 14 en
477 1055 67 22 sädan
567 1055 142 21 eventualitet
727 1061 106 21 upprepar
850 1054 37 27 jag

60 1082 73 21 derför
148 1083 42 20 min
206 1083 92 21 berörda
313 1083 107 22 anhällan.

131 1111 138 27 Helsingfors,
286 1112 40 21 den
341 1113 27 20 23
382 1113 85 26 januari
484 1112 62 21 1888.

634 1140 51 21 Isak
701 1140 115 21 Fellman*.

130 1168 47 21 Den
196 1169 23 21 af
236 1169 25 21 hr
279 1169 96 21 Fellman
393 1169 79 22 väckta
487 1169 75 27 frägan
576 1169 116 22 bordlades
707 1170 32 21 till
754 1171 63 20 nästa
832 1175 54 15 sam-

61 1197 118 21 manträde.

131 1259 31 22 Hr
184 1261 123 20 talmannen
325 1261 133 27 meddelade,
476 1263 38 25 att,
531 1261 27 27 pä
573 1262 69 26 grund
658 1261 23 21 af
694 1261 97 21 ständets
806 1261 35 20 vid
857 1261 32 20 ett

35 1293 3 2 *
62 1288 129 26 föregående
206 1289 157 21 sammanträde
382 1289 83 22 fattade
484 1291 71 20 beslut
573 1297 35 14 om
625 1290 133 21 anställande
773 1289 22 21 af
809 1295 26 15 en
851 1295 36 15 no-

61 1317 62 25 tarie,
146 1316 127 27 kungörelse
288 1318 7 20 i
310 1318 137 26 tidningarna
469 1318 59 21 skett
550 1319 48 21 med
613 1318 131 28 uppmaning
758 1318 33 20 till
805 1317 84 27 hugade

61 1345 96 22 sökande
179 1347 32 20 att
234 1346 84 21 anmäla
337 1346 32 27 sig
386 1347 40 21 hos
445 1347 25 21 hr
486 1347 134 26 talmannen;
645 1347 39 21 och
699 1346 55 21 hade
769 1346 70 21 säsom
855 1347 34 19 sö-

62 1374 70 21 kande
155 1374 32 21 till
202 1375 83 26 platsen
300 1376 81 20 anmält
396 1376 42 26 sig:
457 1376 144 21 studeranden
617 1375 105 22 Reinhold
736 1375 91 25 Roine,
843 1374 46 21 vice

62 1403 195 26 häradshöfdingen
272 1404 53 21 Axel
339 1404 93 26 Lilius,
455 1405 146 21 studeranden
617 1405 81 20 Henrik
713 1403 130 26 Kanerva,
859 1402 29 21 fil.

62 1431 132 21 kandidaten
209 1432 94 21 Herman
318 1432 81 21 Rudolf
412 1433 133 26 Lindgren
559 1433 41 21 och
615 1433 14 21 f.
645 1433 20 21 d.
676 1431 213 23 förrädsförvaltaren

59 1459 74 22 Johan
148 1460 74 21 Alfred
238 1460 123 21 Grönros.
454 1485 9 4 W

131 1488 31 21 Pä
183 1489 80 26 förslag
278 1489 23 21 af
318 1489 25 21 hr
358 1489 26 22 V.
400 1489 33 21 W.
450 1490 106 26 Öhberg
570 1490 89 26 beslöts,
675 1491 33 20 att
723 1489 129 21 öfverlemna
867 1488 23 21 ät

61 1516 27 21 hr
103 1517 123 22 talmannen
241 1519 33 20 att
289 1518 66 21 bland
370 1518 27 21 de
412 1518 97 22 sökande
524 1519 47 20 utse
585 1519 92 21 notarie.
