1089 1745
363 119 94 22 Borgarest.
470 119 44 19 1888.
537 119 18 18 19
568 119 35 18 Jan.
862 120 10 17 3

73 188 105 21 hvardera
195 188 49 21 med
262 189 27 21 46
309 190 76 24 röster,
404 188 49 21 herr
472 189 137 21 Lindblom
628 189 49 21 med
699 190 34 26 33,
756 189 49 22 herr
827 189 24 21 A.
871 189 24 22 O.

74 216 133 21 Snellman
221 217 48 21 med
288 217 34 26 22,
341 217 50 21 herr
410 217 153 26 Borgström
582 217 49 22 med
649 218 26 21 21
697 218 39 21 och
754 218 51 21 herr
824 217 72 22 Clou-

74 245 62 26 berg
150 245 48 21 med
215 246 26 21 16
256 247 75 20 röster.

143 331 90 22 Ståndet
248 331 101 22 åtskildes
365 331 33 22 för
413 333 32 20 att
461 332 54 28 ånyo
531 332 159 21 sammanträda
705 332 29 21 kl.
753 333 44 26 !/23
813 339 17 14 e.
846 338 27 15 m.

678 372 21 17 In
711 371 65 18 fidem:

630 400 63 22 Leon.
709 408 18 14 v.
745 400 79 28 Pfaler.

240 503 117 29 Torsdagen
373 503 39 23 den
427 503 23 24 19
464 504 79 27 januari
561 504 26 23 kl.
605 502 46 26 !/23
668 509 17 18 e.
702 509 24 18 m.

143 550 61 21 Efter
222 550 37 21 det
280 550 95 21 ständets
395 550 98 27 samtliga
513 550 145 27 medlemmar,
677 551 49 21 med
744 551 108 28 undantag
875 551 23 21 af

76 579 73 21 herrar
160 579 121 26 Andsten,
295 579 155 27 Chydenius,
465 579 99 26 Ervast,
579 579 118 21 Fellman
711 580 39 21 och
764 581 25 20 A.
805 580 91 26 Öberg,

76 608 47 21 åter
137 608 94 26 samlats,
247 607 124 22 meddelade
387 607 207 27 älderspresidenten
609 608 50 21 herr
670 608 141 25 Molander,
823 609 31 20 att
864 609 33 20 till

48 659 3 4 .
75 636 189 27 borgareständets
279 637 80 20 talman
375 635 70 22 blifvit
459 637 78 21 utsedd
548 637 49 20 herr
608 637 182 21 kommerserådet
800 637 97 21 Joachim

75 665 102 22 Kurtén
193 665 39 21 och
247 665 32 21 till
294 665 48 21 dess
362 665 128 21 vicetalman
508 665 49 21 herr
576 665 181 22 bankdirektören
776 665 121 22 Waldemar

75 694 121 26 Eneberg
211 695 54 20 samt
280 696 32 19 att
326 693 105 21 hvardera
446 693 55 22 inför
520 694 221 27 generalguvernören
759 694 66 27 aflagt
842 694 54 21 före-

76 722 94 21 skrifven
185 723 33 20 ed.

145 751 56 21 Herr
222 751 99 21 Kurtén
343 751 60 26 intog
425 751 53 20 härä
493 751 164 21 talmansstolen
678 751 39 21 och
735 751 87 22 helsade
840 751 56 21 stän-

77 780 36 21 det
127 780 48 27 med
190 779 89 27 ungefär
293 779 93 27 följande
402 779 49 21 ord:

145 808 70 21 Ärade
230 808 82 21 herrar!
335 808 43 21 Det
393 807 38 22 har
446 808 94 27 behagat
555 809 60 20 Hans
631 808 100 27 Majestät
746 810 32 19 att
789 808 61 21 äfven
861 808 35 21 vid

77 837 70 21 denna
161 837 102 26 landtdag
278 838 47 19 utse
340 837 43 26 mig
398 836 33 21 till
446 837 81 21 talman
542 837 33 21 för
590 836 185 27 borgareständet.
804 837 44 21 När
860 837 38 27 jag

77 872 29 15 nu
121 866 72 21 träder
207 865 34 21 till
259 865 96 27 utöfning
374 865 23 20 af
414 865 59 21 detta
493 865 52 26 värf,
564 865 39 21 ber
619 866 38 27 jag
676 867 31 19 att
725 865 21 22 fä
760 868 58 25 yttra
832 865 66 27 nägra

77 894 39 21 ord
131 895 32 20 till
178 894 96 21 ständets
289 894 64 21 ärade
367 893 145 22 medlemmar.
542 889 213 32 Älderspresidenten
770 895 39 20 har
823 894 33 21 för
872 900 26 15 en

78 923 65 20 stund
158 923 65 21 sedan
239 922 76 21 önskat
330 929 35 15 oss
380 922 115 22 välkomna
510 923 32 21 till
561 923 36 21 det
616 923 33 21 för
664 923 140 21 fosterlandet
818 923 80 26 vigtiga

78 951 79 24 arbete,
173 957 46 16 som
233 951 90 21 förestär
339 957 41 16 oss.
410 951 42 26 Jag
467 951 75 22 tackar
558 951 13 22 &
586 957 55 21 egna
657 951 39 22 och
714 951 119 22 kamraters
848 953 50 25 väg-

77 986 40 15 nar
131 980 32 21 för
179 980 69 21 denna
262 979 204 27 välkomsthelsning
486 980 40 21 och
544 980 85 21 förenar
648 980 43 27 mig
709 980 32 21 för
759 981 43 20 min
818 980 33 21 del
866 980 32 21 uti

78 1009 26 20 de
118 1009 167 26 välönskningar
299 1009 32 20 för
347 1008 184 27 borgareständet,
542 1009 73 21 hvilka
626 1009 23 21 af
657 1009 76 21 honom
745 1009 97 21 uttalats.
858 1008 40 21 Om

77 1037 117 26 nägonting
208 1037 67 27 ligger
289 1037 43 26 mig
346 1039 71 19 varmt
431 1043 34 15 om
481 1037 87 28 hjertat,
583 1037 24 22 sä
623 1039 23 19 är
662 1037 36 22 det
712 1037 186 26 borgareständets

78 1065 106 22 anseende
200 1066 40 21 och
255 1066 110 27 värdighet
380 1066 7 21 i
403 1065 100 22 afseende
518 1066 13 21 &
547 1067 47 20 dess
611 1066 127 27 deltagande
748 1066 8 21 i
766 1066 133 27 representa-

77 1095 80 20 tionen.
189 1094 73 21 Såsom
278 1095 80 20 talman
373 1095 43 20 kan
429 1095 38 26 jag
482 1095 55 21 dock
552 1095 61 26 ringa
628 1095 89 26 bidraga
732 1095 80 26 dertill;
828 1095 37 20 det
875 1096 24 19 är

78 1123 75 21 endast
175 1123 93 21 indirekt
289 1129 76 21 genom
389 1124 163 26 samvetsgrant,
571 1123 145 22 omtänksamt
737 1123 40 21 och
795 1123 57 21 klart
870 1123 29 21 le-

79 1151 69 22 dande
163 1152 23 21 af
199 1151 194 27 förhandlingarna,
410 1158 46 15 som
469 1152 37 27 jag
521 1151 28 28 pä
563 1152 66 27 nägot
644 1153 43 20 sätt
702 1152 43 21 kan
754 1152 94 26 inverka,
860 1151 40 22 och

75 1181 37 26 jag
127 1181 36 20 vill
179 1180 71 21 derför
265 1181 109 26 uppbjuda
389 1180 29 21 all
432 1180 103 27 förmäga,
550 1180 33 21 för
598 1183 33 18 att
643 1183 52 24 göra
705 1181 54 20 hvad
770 1181 43 26 mig
823 1181 7 20 i
841 1180 59 21 detta

77 1209 122 21 hänseende
214 1209 87 26 äligger.
330 1209 50 21 Men
399 1208 34 21 för
451 1210 33 20 att
503 1209 36 21 det
557 1209 56 21 skall
632 1209 79 27 lyckas,
731 1211 23 19 är
772 1210 37 21 det
823 1209 77 28 ytterst

77 1237 138 27 nödvändigt,
231 1240 31 19 att
275 1238 36 26 jag
326 1237 33 22 fär
378 1237 84 27 ätnjuta
482 1238 68 21 Edert
567 1237 132 22 förtroende.
727 1238 42 26 Jag
786 1238 39 21 ber
843 1237 57 21 Eder

78 1266 71 21 derför
168 1267 79 20 derom.
278 1266 73 21 Skulle
369 1266 70 21 under
456 1266 191 27 förhandlingarna
666 1267 6 20 i
691 1266 99 21 afseende
812 1266 13 21 ä
842 1267 58 20 utta-

77 1295 78 21 landen
173 1295 51 21 eller
242 1295 36 21 vid
296 1295 161 26 uppställandet
476 1295 23 21 af
516 1295 301 26 omröstningspropositioner
835 1294 66 26 något

77 1323 134 21 förbiseende
227 1329 38 21 ega
280 1329 47 15 rum
342 1322 47 22 från
405 1323 43 21 min
464 1323 55 27 sida,
535 1323 24 21 så
573 1323 40 21 ber
625 1324 38 26 jag
678 1323 97 27 vänligen
785 1322 67 22 blifva
864 1322 36 27 på-

77 1352 54 21 mint
146 1352 79 26 derom,
245 1353 21 26 ty
285 1352 10 21 I
313 1352 87 21 kunnen
417 1358 54 15 vara
490 1352 137 27 öfvertygade
647 1352 79 25 derom,
745 1353 32 20 att
796 1351 36 21 det
851 1351 50 21 sker

77 1381 48 21 icke
140 1380 127 27 afsigtligen,
283 1383 52 18 utan
351 1380 116 27 ofrivilligt.
498 1380 104 27 Slutligen
619 1381 95 20 anhåller
729 1380 43 27 jag,
791 1381 33 20 att
838 1379 63 21 äfven

77 1409 36 21 vid
128 1409 69 21 denna
211 1409 102 26 landtdag
328 1409 21 21 få
359 1408 86 27 åtnjuta
455 1409 188 26 borgareståndets
654 1408 94 27 vänskap
759 1409 40 21 och
809 1407 92 28 välvilja.

146 1501 10 22 I
171 1501 114 27 anledning
300 1501 23 21 af
336 1501 50 21 herr
401 1501 97 22 Kurténs
516 1501 127 26 utnämning
661 1501 34 21 till
713 1500 80 22 talman
812 1500 88 26 beslöts,

77 1531 33 20 att
128 1531 6 20 i
153 1530 111 21 skrifvelse
282 1530 33 21 till
333 1529 140 26 magistraten
492 1530 7 21 i
518 1529 137 22 Nikolaistad
673 1535 107 21 uppmana
798 1529 104 22 vederbö-
