1086 1753
202 124 35 31 526
468 128 93 22 Borgarest.
573 128 48 18 1888.
645 128 11 18 4
667 128 51 22 April.

181 196 41 22 den
237 196 78 27 nådiga
329 197 167 27 propositionen.
516 197 42 27 Jag
573 196 69 22 finner
656 197 107 26 nemligen
778 197 33 20 att
827 196 41 22 den
882 197 124 27 visserligen

180 225 124 27 obetydliga
318 225 129 27 förändring,
464 232 46 15 som
524 226 40 20 här
578 226 7 20 i
600 226 109 21 utskottet
723 225 71 21 blifvit
808 225 128 27 föreslagen,
948 232 58 15 nem-

180 254 56 26 ligen
256 255 32 20 att
305 254 75 26 utbyta
398 254 110 27 uttrycket
526 256 61 19 extra
605 254 70 27 skjuts
693 254 7 21 i
715 254 67 21 slutet
797 254 23 20 af
833 254 126 27 paragrafen
973 254 33 21 till

180 282 149 27 reservskjuts,
351 282 88 21 innebär
458 288 26 16 en
504 282 152 27 oegentlighet.
689 282 159 27 Benämningen
866 282 141 28 reservskjuts

181 310 96 22 kommer
299 312 32 20 att
351 310 39 22 här
407 310 115 22 framdeles
541 311 6 21 i
565 311 42 21 den
626 311 43 21 6:te
687 310 34 28 &:n
740 311 109 21 användas
867 311 7 21 i
892 317 27 15 en
937 317 69 15 annan

181 339 117 26 betydelse,
320 339 40 20 och
381 339 69 21 skulle
462 340 38 26 jag
517 340 90 20 likasom
626 341 164 19 reservanterna
809 345 57 20 anse,
886 341 33 19 att
937 340 70 20 denna

181 367 144 26 mångfaldiga
338 367 119 27 fördelning
472 367 23 22 af
508 367 96 27 skjutsen
620 367 7 21 i
643 367 112 26 ordinarie,
771 369 67 24 extra,
849 367 39 22 och
899 368 107 21 dessutom

181 395 148 28 reservskjuts,
355 397 23 19 är
399 396 33 21 för
454 395 104 27 förslaget
579 395 130 27 fullkomligt
731 395 125 27 öfverflödig
878 396 39 21 och
933 396 75 21 endast

181 424 178 21 bortblandande.
387 424 41 27 Jag
443 424 69 21 skulle
528 424 71 21 derför
613 424 80 21 föreslå
707 425 33 20 att
754 423 80 28 nådiga
848 425 159 26 propositionen

182 452 70 21 skulle
266 454 96 25 antagas.

251 481 32 21 Hr
297 487 42 15 von
354 481 98 22 Pfaler:
468 482 43 20 Det
525 481 40 21 har
577 481 46 27 just
637 481 56 21 varit
707 481 34 21 för
756 482 33 20 att
800 481 146 21 åstadkomma
956 481 52 21 reda

182 509 40 21 och
245 509 106 26 enkelhet,
369 516 45 15 som
429 510 108 21 utskottet
551 509 112 27 föreslagit
677 511 33 20 att
724 509 34 22 för
773 509 69 27 skjuts
857 509 54 22 ifrån
926 515 82 15 reserv-

182 538 81 20 station
285 537 69 21 skulle
375 539 109 20 användas
502 538 157 26 benämningen
677 537 148 27 reservskjuts.
854 538 75 21 Redan
943 538 7 20 i
966 537 41 21 den

182 572 29 15 nu
225 566 99 26 gällande
339 566 150 27 förordningen
504 566 142 22 förekommer
661 567 88 20 namnet
760 568 60 19 extra
830 566 86 27 skjuts
913 562 12 36 i
927 572 81 15 samma

182 594 118 27 betydelse,
312 601 45 15 som
372 595 7 21 i
394 601 28 15 nu
437 595 146 26 föreliggande
598 595 87 26 förslag,
701 595 39 21 och
756 594 46 22 ifall
816 600 29 16 nu
862 594 63 22 också
940 594 68 27 skjut-

182 629 38 15 sen
242 623 48 21 från
312 624 205 21 reservstationerna
539 623 68 21 skulle
630 624 116 20 benämnas
769 625 61 19 extra
848 623 73 27 skjuts,
938 622 70 22 blefve

183 652 37 20 det
234 651 90 21 faktiskt
340 652 36 20 två
390 652 58 21 olika
463 652 69 25 saker,
548 658 46 15 som
607 652 93 21 sålunda
714 651 56 27 finge
782 658 80 14 samma
872 651 135 26 benämning.

252 680 32 20 Hr
298 680 124 21 Neovius:
436 680 42 27 Jag
492 680 37 21 vill
539 682 57 20 emot
606 680 25 21 hr
641 686 43 15 von
694 680 72 21 Pfaler
775 680 120 26 framhålla,
906 681 32 20 att
948 680 7 20 i
966 680 40 20 den

183 708 106 27 paragraf,
309 708 37 27 jag
368 708 98 27 påpekat,
490 709 36 20 det
541 708 36 21 vill
592 710 51 25 säga
659 708 11 27 $
685 709 14 21 6
714 709 6 20 i
735 709 118 20 momentet
868 709 20 26 d,
903 708 54 21 talas
973 714 34 15 om

183 737 161 26 reservtillgång
366 737 7 20 i
391 743 71 15 annan
477 737 133 21 bemärkelse
625 739 27 18 än
667 737 47 26 den,
729 737 7 20 i
752 737 86 20 hvilken
853 737 154 26 benämningen

183 765 141 27 reservskjuts
346 765 7 21 i
375 765 69 22 denna
467 765 11 28 $
496 766 14 21 2
526 765 67 26 enligt
607 765 117 21 utskottets
739 765 138 26 formulering
892 767 23 19 är
929 765 78 26 begag-

183 793 49 26 nad,
248 793 40 22 och
304 793 67 22 skulle
386 793 90 22 sålunda
490 793 109 28 uttrycket
613 794 142 26 reservskjuts
770 793 40 21 här
824 793 85 22 komma
924 795 32 19 att
971 793 36 21 be-

182 827 82 21 gagnas
278 822 7 21 i
301 828 26 15 en
345 822 45 21 helt
404 829 70 14 annan
490 822 138 26 bemärkelse,
645 824 26 19 än
686 822 8 21 i
710 823 117 20 momentet
842 822 14 21 d
872 822 22 21 af
907 822 43 21 6:te
966 821 39 28 $:n.

183 850 43 21 Det
237 852 24 19 är
278 850 34 21 för
327 851 32 20 att
372 850 116 27 förebygga
502 857 26 14 en
543 850 59 28 dylik
616 851 122 26 konfusion,
755 856 45 15 som
812 850 38 27 jag
864 850 95 26 föreslär,
975 851 33 20 att

183 878 79 27 nädiga
277 879 159 26 propositionen
452 879 70 21 skulle
537 881 96 24 antagas.

252 907 32 21 Hr
302 913 41 15 von
359 907 97 21 Pfaler:
478 907 43 22 Det
536 909 23 19 är
574 908 41 21 lätt
630 909 32 20 att
677 907 51 26 inse,
745 909 33 19 att
792 907 161 26 reservtillgäng
967 907 40 21 och

182 935 141 27 reseryskjuts
346 935 47 22 icke
415 938 24 19 är
454 942 80 15 samma
549 936 44 26 sak,
609 942 35 15 om
659 935 65 22 också
740 935 62 21 ordet
816 941 72 15 reserv
902 935 105 21 förekom-

182 970 46 15 mer
243 964 7 20 i
265 964 63 21 bäda.
353 964 49 21 Men
418 965 36 20 det
469 966 23 19 är
508 964 18 27 ej
542 964 43 21 lika
600 965 47 26 lätt,
663 966 32 19 att
709 965 53 20 utan
777 964 73 21 vidare
864 963 67 21 förstä
947 965 60 20 extra

183 992 69 27 skjuts
274 992 28 27 pä
323 992 38 21 tvä
379 993 57 20 olika
452 994 49 20 sätt.
531 993 42 20 Det
588 994 24 19 är
624 993 46 26 just
685 992 33 21 för
733 994 33 19 att
781 992 18 27 ej
815 992 97 26 begagna
927 998 80 15 samma

182 1020 130 26 benämning
333 1021 33 20 för
387 1021 37 21 tvä
446 1021 58 21 olika
518 1021 69 26 saker,
605 1027 45 15 som
665 1021 107 20 utskottet
787 1021 110 25 föreslagit
911 1021 36 20 det
961 1027 46 14 som

183 1048 36 21 det
234 1049 63 26 gjort.

252 1077 70 20 Sedan
338 1077 147 21 diskussionen
498 1077 92 21 rörande
601 1077 11 27 $
623 1077 14 21 2
647 1077 7 20 i
664 1077 118 20 utskottets
792 1076 79 26 förslag
881 1076 33 21 till
924 1076 83 21 förord-

181 1104 52 27 ning
255 1105 88 21 härmed
364 1105 106 26 afslutats,
492 1105 126 27 uppstäldes
642 1105 23 21 af
685 1105 25 20 hr
724 1105 124 20 talmannen
863 1105 33 20 till
911 1104 96 21 ständets

182 1133 134 21 besvarande
330 1133 94 27 följande
440 1133 287 27 omröstningsproposition:

251 1160 41 26 De,
314 1161 68 21 hvilka
403 1161 113 27 godkänna
538 1161 15 28 $
574 1163 16 19 2
608 1162 9 20 i
634 1161 108 21 utskottets
760 1160 139 27 förevarande
916 1161 90 26 författ-

182 1189 145 27 ningsförslag
342 1190 138 26 oförändrad,
496 1191 57 20 rösta
563 1191 40 26 ja;
619 1190 31 25 de,
666 1190 35 21 det
715 1189 44 21 icke
772 1190 59 25 göra,
847 1191 57 19 rösta
918 1190 49 27 nej;

250 1218 75 21 vinner
343 1219 42 26 nej,
400 1218 40 21 har
455 1219 168 26 borgareständet
637 1218 37 27 för
689 1217 95 21 nämnda
798 1217 16 28 $
829 1217 79 26 antagit
922 1218 40 21 den
977 1217 29 27 ly-

182 1245 62 26 delse,
260 1253 45 14 som
320 1247 31 20 uti
366 1247 39 20 den
420 1247 79 26 nädiga
511 1247 158 26 propositionen
683 1246 128 27 föreslagits.

251 1275 42 21 Vid
316 1275 83 21 anstäld
421 1276 97 26 votering
537 1275 128 21 besvarades
683 1275 70 21 denna
768 1275 133 26 proposition
916 1274 48 21 med
978 1275 28 20 26

179 1303 23 26 ja
225 1303 40 21 och
288 1304 28 21 22
337 1304 41 26 nej,
400 1304 85 21 hvadan
501 1303 96 22 ständets
611 1303 72 22 beslut
696 1303 46 21 blef
756 1304 32 19 att
804 1303 137 21 oförändradt
955 1303 51 26 god-

181 1331 73 21 känna
268 1331 117 22 utskottets
400 1332 80 27 förslag
495 1332 32 21 till
542 1332 79 27 lydelse
635 1332 33 21 för
682 1331 13 28 $
710 1332 19 21 2.

250 1359 136 22 Beträffande
401 1360 12 27 $
428 1361 14 20 3
457 1361 7 20 i
480 1360 117 21 utskottets
612 1360 80 27 förslag
702 1360 32 21 till
745 1359 125 26 förordning
880 1359 85 27 yttrade
976 1359 32 26 sig

250 1388 27 20 hr
292 1388 122 21 Hedman:
429 1389 43 21 För
487 1389 43 20 min
545 1389 34 20 del
594 1389 39 20 ber
645 1389 38 26 jag
697 1389 33 20 att
745 1387 22 21 fä
782 1388 86 20 biträda
882 1388 40 20 den
938 1393 69 15 reser-

180 1416 80 26 vation,
279 1422 45 15 som
340 1416 22 21 af
376 1416 25 21 hr
416 1416 127 27 Lagerstedt
558 1418 23 19 är
597 1416 93 26 afgifven
705 1416 40 21 och
761 1422 45 14 som
822 1415 115 21 äterfinnes
952 1415 13 21 ä
980 1416 27 20 si-

180 1444 42 20 dan
238 1444 29 21 32
282 1444 6 21 i
304 1444 153 22 betänkandet.

250 1472 33 21 Hr
304 1473 136 26 Hallberg:
463 1474 43 20 Det
523 1473 84 26 förslag,
623 1479 46 15 som
685 1473 25 20 hr
724 1472 131 26 Lagerstadt
869 1472 7 20 i
892 1472 32 21 sin
939 1478 68 14 reser-

180 1500 73 21 vation
268 1501 135 26 framställer,
419 1502 72 20 kunde
505 1502 47 20 icke
567 1502 58 20 inom
641 1501 105 20 utskottet
762 1500 92 26 bifallas,
870 1500 89 21 emedan
973 1502 34 18 ut-

180 1528 82 21 skottet
285 1529 112 26 omöjligen
420 1529 71 22 kunde
505 1529 85 26 förbise,
607 1531 32 19 att
654 1528 194 28 skjutshällningen
864 1530 23 19 är
903 1534 25 15 en
943 1534 64 21 ange-
