1086 1748
337 130 92 23 Borgarest.
442 130 46 19 1888.
512 130 18 18 10
543 130 58 22 Mars.j
824 129 33 18 413

56 200 59 26 dring
138 199 85 27 ålägges
245 200 33 20 att
297 200 108 26 emottaga
423 200 120 26 befattning
563 199 36 21 vid
618 200 41 20 den
678 199 73 21 aktiva
769 198 110 25 militären,

55 230 52 18 utan
115 227 77 21 hänför
203 228 32 26 sig
245 228 133 26 stadgandet,
390 228 77 22 sådant
478 228 36 22 det
525 228 23 21 af
554 228 108 21 utskottet
669 227 143 25 formulerats,
823 226 57 22 dess-

56 258 59 19 utom
129 256 33 21 till
177 256 154 27 depottrupper
346 256 40 22 och
400 256 253 27 landtvärnsbataljoner,
670 256 39 21 och
724 256 59 21 detta
798 255 39 21 har
847 254 34 21 väl

55 285 116 26 ingalunda
189 285 56 21 varit
263 285 64 27 syftet
345 285 48 21 med
411 286 168 26 propositionen.
610 284 84 22 Genom
709 284 115 21 utskottets
839 283 42 21 för-

56 313 90 27 ändring
161 313 23 21 af
197 313 67 22 orden
279 313 64 27 ,efter
359 313 137 22 utfärdandet
512 314 22 21 af
548 314 71 20 denna
629 313 135 26 förordning"
775 312 32 22 till
817 312 64 27 ,efter

57 342 40 21 den
117 343 13 21 3
148 342 94 21 februari
261 342 65 21 1868"
347 342 38 21 har
401 342 37 21 det
452 349 29 14 nu
496 342 145 27 föreliggande
656 342 103 26 förslaget
775 341 106 21 dessutom

57 370 84 22 erhållit
163 377 25 15 en
211 370 118 22 retroaktiv
347 370 86 26 verkan,
453 371 39 21 och
512 371 59 21 detta
589 376 62 15 anser
666 370 39 27 jag
723 370 27 27 på
767 370 54 21 intet
839 370 43 20 sätt

57 399 73 22 kunna
144 399 113 26 försvaras,
272 401 23 25 ty
310 399 6 21 i
331 400 78 26 högsta
424 399 53 27 grad
492 400 83 26 obilligt
591 400 29 25 är,
637 400 33 20 att
684 399 57 21 hvad
756 404 45 16 som
816 398 65 26 gäller

57 434 45 15 som
120 428 77 21 allmän
216 429 116 20 rättsnorm
350 428 47 21 icke
416 428 56 21 skall
490 428 107 27 tillämpas
615 427 28 27 på
662 427 26 21 de
707 426 114 27 officerare,
837 432 45 16 som

57 456 44 22 före
117 457 40 21 den
173 462 41 21 nya
228 456 162 27 förordningens
405 456 130 22 utfärdande
549 456 82 22 inträdt
645 456 8 21 i
663 456 70 27 tjenst,
745 462 49 15 vare
805 455 32 27 sig
847 454 35 22 vid

57 485 72 21 aktiva
147 485 106 21 militären
269 485 51 21 eller
334 485 34 21 vid
384 491 107 15 reserven.
522 485 104 26 Slutligen
641 484 69 22 måste
722 484 37 28 jag
774 484 107 26 anmärka,

58 514 32 20 att
112 514 31 21 ett
165 514 86 26 uttryck
268 514 7 20 i
294 513 58 22 såväl
370 514 161 26 propositionen
549 520 46 15 som
614 513 115 21 utskottets
748 512 134 22 betänkande

57 542 43 21 kan
118 542 48 21 leda
184 542 33 21 till
232 542 187 27 missuppfattning
435 542 41 22 och
490 544 120 20 motsvarar
625 542 115 26 ingalunda
755 542 64 28 syftet
834 541 48 21 med

58 571 165 27 propositionen.
256 571 76 21 Denna
349 571 134 27 proposition
502 571 80 27 åsyftar
600 571 112 26 nemligen,
731 570 70 22 såsom
817 570 64 21 redan

58 601 76 24 nämts,
153 601 31 19 att
203 599 75 27 ålägga
297 599 116 25 officerare,
433 606 46 15 som
498 600 46 21 från
564 599 59 21 aktiv
642 600 65 25 trupp
725 599 66 21 blifva
806 598 77 22 ställda

58 627 27 27 på
99 627 188 28 indragningsstat,
303 627 121 28 skyldighet
439 629 33 20 att
487 628 34 21 vid
537 627 67 22 behof
617 627 85 21 inträda
717 627 47 21 icke
778 627 56 21 blott
847 627 36 20 vid

59 656 58 21 aktiv
133 658 63 25 trupp
211 658 53 19 utan
279 656 68 26 äfven,
362 662 35 15 om
412 656 24 21 så
451 657 92 26 fordras,
558 657 36 20 vid
609 662 105 15 reserven.
737 656 10 21 I
760 656 58 21 detta
829 655 54 28 syfte

58 685 39 20 har
111 685 109 26 uttrycket
235 685 43 26 ,till
289 685 59 21 aktiv
360 685 160 27 tjenstgöring*,
532 691 45 15 som
588 684 114 22 förefinnes
712 685 7 20 i
731 685 54 21 1868
797 684 34 21 års
841 684 42 21 för-

58 713 97 26 fattning,
170 713 83 27 utbytts
268 715 45 20 mot
327 713 109 28 uttrycket
451 731 5 8 ,
459 714 38 23 till
512 714 79 21 militär
606 713 161 27 tjenstgöring*',
779 713 8 21 i
799 713 84 26 förelig-

58 741 68 27 gande
143 742 138 26 proposition,
300 742 39 21 och
358 742 60 21 detta
435 743 88 27 uttryck
538 742 38 21 har
591 741 124 22 bibehällits
729 742 7 21 i
751 741 131 22 utskottsbe-

57 770 123 21 tänkandet.
217 769 90 28 Utbytet
329 777 61 20 synes
412 771 44 26 mig
476 771 54 21 dock
547 771 115 26 ingalunda
681 770 92 27 lyckligt,
793 771 22 26 ty
834 769 49 22 med

59 799 78 21 militär
153 799 140 26 tjenstgöring
307 799 42 21 kan
362 800 25 26 ju
401 799 80 22 förstäs
496 799 58 22 säväl
564 801 108 25 temporär
682 799 145 27 tjenstgöring,
838 804 45 15 som

58 827 41 21 fast
115 827 128 27 anställning
261 827 34 21 vid
314 828 112 21 militären.
460 828 114 27 Uttrycket
592 828 41 21 kan
654 827 107 22 dessutom
780 827 57 21 inom
857 833 26 14 en

59 856 49 21 kort
125 856 31 21 tid
174 856 21 21 fä
213 863 26 14 en
254 856 73 22 vidare
343 857 39 21 och
398 862 59 16 mera
472 857 133 21 omfattande
621 856 103 27 tolkning,
740 856 21 21 fä
776 855 108 28 betydelse

58 887 15 19 t.
89 892 32 14 ex.
137 884 23 22 af
173 885 29 21 all
216 885 145 27 tjenstgöring,
378 891 45 15 som
439 886 138 21 uteslutande
592 885 23 21 af
628 885 78 21 militär
718 885 41 21 kan
771 884 112 26 bestridas,

59 915 14 19 t.
90 920 31 14 ex.
137 914 140 26 tjenstgöring
291 920 46 15 som
352 914 105 27 adjutant,
468 914 160 22 militär-lärare
639 914 52 21 eller
701 912 183 28 kompani-officer

59 942 34 21 vid
113 942 92 21 militära
223 942 98 21 läroverk
339 943 52 21 eller
406 942 32 21 uti
454 943 68 21 andra
536 943 93 21 militära
643 942 150 27 befattningar,
810 942 26 21 de
850 941 35 21 mä

59 977 28 14 nu
105 971 65 21 redan
188 970 69 22 finnas
275 971 57 21 inom
350 970 74 22 landet
444 972 53 20 eller
511 971 100 27 möjligen
626 970 112 22 framdeles
754 972 84 20 komma
852 970 33 21 till

59 999 68 21 stånd.
147 990 11 41 —
163 994 88 32 Äsigten
270 1001 32 19 att
321 1006 26 14 en
366 1000 67 20 sådan
452 1000 74 21 vidare
545 1000 98 26 tolkning
663 1001 24 19 är
706 1000 71 26 möjlig
796 999 36 21 vill
848 999 37 27 jag

58 1028 70 26 stödja
147 1028 71 26 derpä,
238 1030 31 18 att
285 1028 37 27 jag
341 1028 6 21 i
366 1028 245 22 utskottsbetänkandet
630 1028 70 21 funnit
718 1028 61 21 ordet
798 1028 86 26 ,aktiv'

58 1056 80 26 ganska
153 1057 142 26 egendomligt
310 1057 90 21 tolkadt.
431 1057 43 21 Det
490 1060 24 18 är
528 1057 124 26 visserligen
667 1058 55 24 sant,
734 1058 31 19 att
776 1056 59 21 detta
847 1056 38 21 ord

58 1084 140 22 förekommer
220 1086 6 20 i
248 1085 232 27 militärförfattningar
503 1086 39 21 och
564 1086 7 20 i
591 1086 40 20 den
650 1085 91 21 militära
760 1085 125 21 literaturen

58 1113 81 26 ganska
154 1113 57 21 olika
225 1114 99 26 användt,
340 1120 48 15 men
400 1114 38 27 jag
454 1116 46 20 tror
515 1115 42 26 mig
573 1114 55 21 dock
643 1114 48 21 med
702 1114 99 20 säkerhet
811 1114 74 20 kunna

59 1141 66 27 pästä,
142 1144 32 19 att
188 1142 135 26 ingenstädes
339 1149 25 15 en
380 1142 68 22 sädan
464 1143 109 27 betydelse
588 1143 78 26 inlagts
681 1143 7 20 i
704 1142 58 21 detta
778 1142 45 26 ord,
840 1148 45 15 som

58 1170 41 21 den
122 1170 105 22 utskottet
249 1171 38 21 har
306 1172 56 20 velat
379 1172 57 26 gifva
456 1172 123 21 detsamma.
613 1172 31 20 Pä
662 1171 69 27 grund
752 1171 23 21 af
791 1171 39 21 allt
849 1171 36 21 det

58 1199 67 26 sagda
139 1199 67 21 mäste
219 1200 36 26 jag
269 1200 34 20 för
317 1200 43 20 min
375 1200 35 21 del
425 1200 59 27 gifva
499 1201 14 21 4
528 1201 11 27 $
555 1201 6 20 i
577 1200 158 27 propositionen
752 1200 31 20 ett
793 1199 94 27 afgjordt

58 1227 108 21 företräde
180 1227 88 22 framför
283 1228 116 22 utskottets
415 1228 88 28 förslag.
534 1229 61 21 Dock
611 1234 61 16 anser
685 1228 37 27 jag
732 1230 31 19 att
774 1228 35 21 det
820 1228 66 21 redan

59 1256 92 21 nämnda
165 1256 107 27 uttrycket
288 1274 5 9 ,
296 1257 39 25 till
350 1257 79 21 militär
444 1258 144 26 tjenstgöring
602 1257 105 21 inkallas'
719 1257 65 21 borde
795 1258 91 20 ersättas

59 1285 48 21 med
126 1285 47 26 ,,till
190 1285 140 27 tjenstgöring
345 1286 35 20 vid
396 1286 74 21 aktiva
486 1288 89 25 trupper
589 1286 52 21 eller
655 1286 35 20 vid
706 1292 107 15 reservens
829 1286 58 20 stän-

59 1313 50 26 diga
123 1314 65 20 kader
204 1314 111 21 inkallas'*.
347 1314 73 21 Skulle
436 1314 77 27 frågan
528 1315 47 21 icke
590 1315 65 20 redan
672 1320 50 15 vara
737 1314 82 27 afgjord
829 1314 58 20 inom

60 1342 25 20 de
103 1342 68 26 öfriga
189 1342 96 27 ständen,
305 1342 24 22 sä
347 1343 69 21 skulle
432 1344 38 26 jag
489 1344 108 26 förelägga
617 1343 60 21 detta
694 1343 78 26 förslag
791 1342 95 22 ständets

59 1370 121 27 afgörande.
217 1371 50 21 Men
288 1371 28 20 dä
337 1371 75 26 frågan
435 1371 68 22 redan
526 1374 23 19 är
571 1371 90 27 afgjord,
680 1371 38 20 har
734 1371 37 27 jag
790 1370 97 27 upptagit

59 1399 96 21 ständets
170 1399 32 21 tid
217 1399 74 21 endast
305 1399 34 22 för
354 1401 32 20 att
401 1400 71 21 uttala
489 1401 42 20 min
547 1400 131 21 reservation
694 1401 44 19 mot
751 1400 36 20 det
801 1399 86 26 förelig-

59 1427 68 26 gande
142 1427 107 27 förslaget.

127 1456 32 21 Hr
177 1456 125 21 Fellman:
333 1457 41 20 Det
394 1463 48 15 svar
462 1457 144 26 lagutskottet
625 1457 6 20 i
651 1457 32 20 sin
702 1456 31 21 till
753 1456 60 21 detta
832 1461 55 15 sam-

59 1485 111 20 manträde
184 1485 118 26 bordlagda
317 1485 111 22 skrifvelse
444 1485 88 27 afgifvit
546 1486 45 26 har,
605 1486 37 26 jag
657 1485 42 20 kan
714 1485 46 20 icke
775 1484 55 21 neka
841 1483 46 22 der-

59 1513 38 25 till,
113 1513 55 20 varit
182 1513 32 21 för
229 1514 42 25 mig
286 1514 7 20 i
308 1514 79 21 dubbel
402 1514 68 21 mätte
482 1514 108 21 oväntadt.
617 1509 18 26 Ä
651 1519 39 15 ena
706 1513 60 21 sidan
782 1512 55 21 hade
850 1513 37 26 jag

59 1541 105 26 nemligen
182 1541 62 21 tänkt
262 1542 49 26 mig,
331 1544 31 19 att
382 1543 59 20 detta
460 1549 51 15 svar
530 1543 67 20 skulle
615 1541 77 22 utfalla
710 1542 7 20 i
734 1541 49 22 rakt
797 1543 90 20 motsatt
