1086 1748
332 122 91 22 Borgarest.
438 121 47 19 1888.
509 121 11 18 4
531 121 50 22 April.
814 122 34 17 555

50 190 165 25 näkökohdalta,
235 191 23 26 ja
279 191 68 20 siihen
368 190 135 27 käsitykseen
527 193 87 18 antavat
637 191 81 20 aihetta
741 190 62 21 nekin
820 191 50 20 tvsi-

51 219 120 26 tapaukset,
192 219 60 26 jotka
270 220 57 20 tässä
342 221 48 18 ovat
406 219 43 21 ilmi
465 221 88 19 tuoneet
568 219 39 21 hra
622 219 155 27 Neppenström
791 219 22 26 ja
828 225 43 14 mo-

52 249 37 19 net
111 249 66 19 muut.
201 249 44 19 että
264 247 33 26 jos
320 247 133 27 kyytimaksu
473 248 47 21 olisi
536 248 114 26 helpompi,
666 248 42 21 niin
725 247 84 28 kyytejä
825 247 46 20 olisi

53 276 88 26 enempi.
171 276 66 21 Tämä
251 276 56 26 voipi
323 277 97 20 toteutua
432 277 96 26 jossakin
544 276 123 27 kaupungin
683 276 154 27 läheisyydessä
851 275 21 27 ja

53 306 108 19 enemmän
177 304 107 21 asutuissa
299 304 112 27 paikoissa,
427 306 70 19 mutta
511 305 130 21 harvemmin
658 305 99 20 asutuilla
770 304 102 21 seuduilla

53 339 27 14 on
103 333 49 21 liike
174 333 103 20 vähäinen
298 333 22 26 ja
336 333 59 20 siellä
411 339 27 15 on
453 334 76 26 isompi
544 333 112 27 kyytiraha
671 336 87 23 tarpeen
774 333 97 20 vaatima.

53 361 37 21 Jos
113 361 142 28 kyyditsijällä
278 367 26 15 on
327 361 113 22 riittävästi
463 362 54 27 ajoa,
541 362 44 21 niin
608 362 40 20 hän
668 362 104 21 nimittäin
790 363 82 20 saattaa

53 391 72 26 tyytyä
147 391 128 25 vähempään
296 389 171 28 kyytipalkkaan,
484 393 69 18 mutta
566 391 33 26 jos
615 391 113 26 kyyditsijä
740 391 77 26 joutuu
833 390 39 20 toi-

55 419 98 21 metonna
175 418 136 28 päiväkausia
326 419 131 27 kyydittäviä
473 420 144 25 odottamaan,
634 419 95 20 niinkuin
745 419 67 21 hänen
828 420 44 25 täy-

53 449 36 25 tyy
111 454 96 15 monessa
229 447 104 26 paikassa,
353 447 58 27 jossa
435 449 18 20 ei
473 448 57 27 kulje
546 450 60 19 muut
622 448 50 20 kuin
688 448 64 26 postit
766 448 22 26 ja
804 447 68 21 silloin

54 476 73 21 tällöin
147 476 53 27 joku
224 476 134 27 matkustaja,
374 476 43 21 niin
434 477 69 20 hänen
520 483 25 14 on
562 479 59 18 tarve
637 477 65 20 saada
716 477 74 26 isompi
806 476 67 27 kyyti-

54 505 57 25 raha,
125 505 52 27 joka
189 504 96 28 jossakin
300 506 107 20 määrässä
417 505 80 21 korvaa
507 505 69 21 hänen
588 505 188 21 odotuksensakin.
800 505 73 21 Näistä

51 533 24 25 ja
89 534 91 20 monista
194 533 113 21 muistakin
323 534 65 26 syistä
402 535 58 20 minä
475 534 109 27 hyväksyn
600 534 140 21 valiokunnan
750 534 122 24 mietinnön,

51 562 25 26 ja
91 562 78 21 muissa
184 562 105 21 suhteissa
303 562 69 27 yhdyn
389 562 37 21 hra
443 563 97 25 Elvingin
556 562 124 28 esitykseen.

122 591 30 20 Hr
168 591 196 27 Neppenström:
382 591 48 21 Med
446 592 114 26 anledning
576 592 23 20 af
612 592 40 20 den
665 591 58 26 längt
733 590 141 22 framskridna

55 619 57 21 tiden
128 620 37 20 ber
178 620 37 26 jag
230 619 75 21 endast
319 622 32 18 att
366 619 20 21 fä
402 620 86 21 bemöta
503 620 36 21 det
553 620 77 22 inkast,
647 626 45 14 som
707 620 24 20 hr
746 626 40 15 von
803 619 71 21 Pfaler

53 648 74 26 gjorde
148 650 45 19 mot
215 648 48 21 mitt
285 648 179 24 betraktelsesätt
487 648 109 27 angående
617 648 256 27 skjutsningskostnaden.

55 676 41 21 Det
113 676 38 21 har
165 676 48 22 icke
227 676 92 26 undgätt
333 677 42 20 min
391 678 194 25 uppmärksamhet,
601 679 32 19 att
649 677 61 21 dessa
725 676 149 28 entreprenad-

55 704 122 27 hällhästar,
200 711 45 15 som
267 706 61 20 stälts
351 712 41 20 upp
415 706 33 20 för
471 708 31 19 ett
519 706 121 25 triennium,
656 706 47 20 icke
719 706 68 20 direkt
802 706 72 20 kostat

56 740 57 14 mera
128 735 26 19 än
172 734 96 26 omkring
284 734 91 24 218,000
390 734 59 21 mark
465 741 38 20 per
519 734 29 26 är,
565 740 53 19 men,
634 734 70 21 säsom
714 734 36 26 jag
760 734 65 21 redan
836 734 39 20 har

55 762 121 25 framhällit,
199 762 62 21 hafva
283 762 32 21 för
339 762 38 21 den
400 762 137 22 förskottsvis
560 763 39 21 och
623 763 112 26 slösaktigt
754 762 120 22 beräknade

56 790 217 28 skjutsningstungan,
292 791 50 21 eller
360 791 31 21 för
407 792 90 25 ungefär
512 794 94 24 tregvart
622 792 96 26 miljoner
733 792 93 26 skjutsar
841 797 33 15 om

56 819 50 25 året,
123 819 72 21 hästar
211 820 59 20 stäits
286 819 26 27 pä
328 820 68 20 benen
411 820 39 20 och
467 820 44 21 lika
526 820 76 26 många
617 820 77 26 karlar,
710 820 75 21 medan
800 820 76 20 endast

57 848 90 25 196,000
169 848 76 26 utgått.
275 848 40 27 Jag
337 848 37 20 ber
397 848 27 21 dä
448 850 33 20 att
502 849 22 21 tä
546 849 60 26 fråga
625 849 25 21 hr
666 855 40 15 von
722 848 76 26 Pfaler,
814 848 61 20 hvem

57 877 68 20 denna
147 877 77 20 förlust
245 877 39 21 har
307 877 97 26 drabbat,
428 878 52 21 eller
503 878 99 26 slutligen
626 878 95 21 kommer
740 879 32 20 att
786 877 88 21 drabba.

56 905 42 21 Det
120 905 41 21 kan
184 905 27 26 gå
233 906 65 21 under
316 907 30 19 ett
361 906 122 27 triennium,
499 908 32 19 att
546 908 161 25 entreprenörer
722 907 100 25 misstaga
838 905 37 26 sig,

57 940 46 15 men
120 934 35 21 det
170 934 95 22 kommer
281 934 60 25 tider,
357 935 27 20 då
399 937 81 25 tungan
496 936 6 20 i
518 936 31 20 sin
565 935 73 21 helhet
653 935 84 27 återgår
751 935 27 27 på
789 935 40 20 den
840 934 36 21 be-

56 962 97 22 skattade
173 964 163 26 jordbrukaren,
356 964 38 20 och
414 964 7 20 i
439 964 74 27 hvarje
530 964 37 21 fall
582 966 24 19 är
622 965 35 19 det
672 970 25 14 en
714 967 42 17 stor
772 963 104 21 national-

57 991 124 21 ekonomisk
203 992 82 21 förlust.
315 992 40 26 Jag
375 992 38 21 har
428 992 77 22 endast
519 992 117 22 framhållit
653 993 26 21 12
694 992 62 27 penni
772 998 37 21 per
824 992 52 20 kilo-

56 1021 67 20 meter
138 1020 69 21 såsom
222 1021 35 21 det
273 1021 159 25 önskvärdaste,
449 1028 49 14 men
511 1022 35 26 jag
562 1022 38 20 har
616 1022 102 20 hesiterat
729 1022 30 20 att
770 1020 107 21 bestämdt

56 1048 77 21 föreslå
148 1049 106 27 beloppet,
271 1050 87 20 emedan
370 1049 37 27 jag
423 1050 47 20 icke
485 1050 92 21 väntade
592 1052 32 18 att
639 1050 21 20 få
675 1050 63 26 något
753 1048 123 22 understöd.

55 1077 41 26 Jag
118 1077 38 21 har
174 1078 54 20 dock
244 1084 86 15 numera
345 1078 31 20 till
392 1078 43 21 min
451 1079 124 21 belåtenhet
590 1078 55 26 hört,
662 1080 31 19 att
708 1078 60 21 äfven
784 1078 24 20 hr
824 1077 53 21 Lille

57 1105 95 21 förordat
174 1106 46 26 det;
243 1113 48 15 men
309 1107 27 20 då
349 1106 36 27 jag
400 1106 134 22 fortfarande
549 1109 51 23 tror,
617 1109 31 19 att
664 1107 59 21 detta
737 1106 79 26 förslag
831 1106 46 20 icke

56 1134 73 21 vinner
151 1135 96 21 ståndets
262 1136 114 26 pluralitet,
392 1136 23 20 så
431 1136 104 20 vidhåller
549 1136 36 26 jag
600 1136 48 20 mitt
663 1135 67 21 första
744 1134 84 28 projekt
844 1140 33 16 om

59 1164 25 20 14
99 1164 63 25 penni
178 1164 6 20 i
200 1164 65 20 likhet
281 1164 48 21 med
345 1164 40 20 den
401 1164 79 26 nådiga
495 1164 167 27 propositionen.

125 1192 31 20 Hr
178 1192 124 22 Hedman:
326 1192 68 22 Sedan
418 1193 42 20 den
485 1193 97 27 förhöjda
600 1193 130 27 skjutslegan
745 1192 78 26 vidtog,
840 1192 39 20 har

54 1220 37 27 jag
110 1220 45 21 icke
171 1221 53 21 varit
239 1222 7 20 i
261 1221 36 21 det
312 1221 89 27 lyckliga
418 1221 53 26 läge,
489 1224 31 18 att
535 1222 76 20 endast
626 1228 26 14 en
667 1221 55 26 gäng
739 1220 89 22 behöfva
843 1220 35 21 be-

57 1255 68 20 gagna
146 1249 123 27 skjutshäst.
299 1250 100 20 Tvärtom
415 1250 39 20 har
470 1251 35 25 jag
520 1250 26 26 pä
562 1250 59 21 detta
637 1252 42 18 sätt
695 1250 78 26 ärligen
789 1249 90 26 nödgats

57 1278 160 26 tillryggalägga
238 1278 124 21 hundratals
381 1278 35 21 mil
432 1278 7 21 i
456 1280 65 24 östra,
538 1285 63 14 norra
616 1278 39 21 och
671 1282 69 17 vestra
756 1278 87 21 delarna
858 1277 23 21 af

57 1306 78 21 landet.
165 1306 140 27 Ingenstädes
326 1307 39 21 har
385 1307 37 26 jag
445 1308 6 20 i
474 1307 139 21 förevarande
636 1306 99 22 afseende
750 1307 48 20 hört
814 1308 64 19 annat

57 1336 27 19 än
99 1337 31 19 ett
145 1335 132 26 beklagande
293 1337 32 19 att
340 1335 152 27 skjutsantalet
507 1336 103 20 minskats
626 1342 74 20 genom
717 1336 39 20 den
772 1335 64 27 höjda
850 1334 30 21 le-

57 1369 48 20 gan.
134 1364 42 20 Det
191 1365 23 19 är
230 1364 83 27 mycket
328 1364 88 27 möjligt,
433 1366 34 19 att
482 1366 31 19 ett
528 1364 51 21 fätal
595 1366 67 19 större
675 1364 142 27 jordbrukare
832 1363 48 21 med

58 1393 47 26 nöje
128 1399 22 14 se
172 1393 146 26 skjutsningen
341 1393 93 26 aflyftad,
459 1399 49 15 men
531 1393 95 21 deremot
645 1393 67 20 finnes
729 1393 35 20 det
780 1394 31 19 ett
826 1393 55 20 stort

58 1420 69 21 flertal
148 1421 23 20 af
193 1421 25 21 de
241 1421 81 21 mindre
343 1421 135 27 jordegarne,
502 1428 45 15 som
569 1421 46 22 icke
632 1421 83 21 förakta
730 1421 34 21 det
779 1421 100 25 tillskott,

59 1455 44 15 som
125 1455 75 20 genom
224 1450 146 27 skjutsningen
393 1450 39 21 har
454 1450 90 21 kommit
566 1450 48 21 dem
636 1450 32 20 till
692 1449 40 22 del.
762 1449 46 21 Den
823 1449 58 20 förra

58 1477 130 28 skjutslegan
211 1484 36 15 var
271 1479 111 26 onekligen
398 1478 33 21 för
447 1479 42 26 läg,
506 1485 47 14 men
569 1481 51 18 utan
636 1478 72 21 tvifvel
723 1480 23 19 är
748 1478 53 27 den
816 1483 65 14 nuva-

58 1507 65 20 rande
146 1507 45 21 äter
213 1507 32 20 för
267 1507 48 26 hög.
345 1507 41 26 Jag
404 1509 45 19 tror
465 1507 54 26 icke,
536 1509 31 19 att
580 1507 128 26 jordbruket
722 1507 6 20 i
744 1505 137 22 Österbotten

58 1534 44 21 stär
124 1535 26 26 pä
170 1535 23 21 sä
208 1535 87 21 alldeles
310 1535 93 26 primitiv
418 1535 142 27 ständpunkt,
576 1536 39 20 och
630 1535 54 21 dock
700 1537 23 18 är
737 1540 49 16 man
802 1534 79 26 daglig-
