1086 1750
342 120 93 23 Borgarest.
449 119 49 19 1888.
522 120 10 18 7
543 120 51 22 April.
825 121 32 18 597

125 188 40 26 De,
188 188 69 21 hvilka
278 188 111 27 godkänna
412 188 142 27 lagutskottets
575 188 83 27 förslag
673 188 33 21 till
720 190 163 26 sammanjemk-

57 218 50 26 ning
123 217 128 26 beträffande
267 217 14 27 $
296 218 18 25 1,
330 218 57 20 rösta
397 218 39 26 ja;
453 217 31 25 de,
501 217 33 21 det
549 216 43 22 icke
605 218 59 26 göra,
680 218 57 20 rösta
753 218 46 26 nej;

125 246 73 20 vinner
220 246 43 26 nej,
282 245 39 21 har
336 245 171 27 borgareståndet
522 245 88 26 beslutit,
627 247 29 19 att
671 245 101 27 vidblifva
786 246 35 21 sin
836 246 47 21 tidi-

56 280 50 20 gare
121 274 139 26 formulering
275 273 26 27 af
314 274 68 20 denna
394 273 112 27 paragraf.

126 303 41 21 Vid
190 303 83 21 anstäld
295 303 97 25 votering
416 302 96 27 afgåfvos
534 303 28 21 42
581 303 23 26 ja
620 303 39 21 och
677 304 25 20 11
720 304 37 26 nej,
774 303 39 21 och
829 303 54 21 hade

57 331 182 26 borgareständet'
256 331 82 21 således
360 331 94 25 beslutit,
478 333 33 19 att
526 331 115 26 godkänna
659 332 224 26 sammanjemknings-

58 359 102 27 förslaget
175 360 6 21 i
197 360 69 21 denna
281 360 40 20 del.

126 388 135 22 Beträffande
283 388 108 26 ingressen
407 388 33 21 till
455 388 154 26 författningen
624 388 113 26 uppstälde
753 388 24 21 hr
793 388 90 21 talman-

57 422 42 15 nen
114 416 94 28 följande
224 416 286 27 omröstningsproposition:

125 445 41 26 De,
188 445 69 21 hvilka
277 444 112 27 godkänna
412 444 319 28 sammanjemkningsförslaget
753 445 130 27 beträffande

59 473 112 27 ingressen,
187 475 57 19 rösta
255 475 39 26 ja;
311 473 30 26 de,
358 473 32 21 det
406 473 42 21 icke
462 475 60 24 göra,
538 475 57 19 rösta
611 474 47 27 nej;

126 503 72 20 vinner
221 503 42 26 nej,
285 501 39 21 har
343 501 170 27 borgareståndet
528 501 89 26 beslutit,
633 503 36 24 att,
685 502 48 21 med
746 502 137 27 förkastande

58 530 26 27 af
103 530 314 27 sammanjemkningsförslaget
440 531 8 20 i
470 530 68 21 denna
561 530 38 26 del,
619 530 102 27 vidblifva
735 531 37 20 sitt
788 532 7 20 i
811 531 72 27 antydt

59 558 96 27 afseende
171 559 88 26 tidigare
273 558 80 27 fattade
369 559 72 20 beslut.

127 588 75 21 Denna
216 588 131 26 proposition
364 588 128 21 besvarades
507 588 103 20 likaledes
626 588 48 21 med
690 588 154 27 öfvervägande
853 588 28 26 ja,

59 616 38 21 och
113 616 55 22 hade
182 616 177 26 borgareståndet
374 616 84 21 således
473 616 61 21 äfven
551 616 6 21 i
573 616 101 21 afseende
689 616 13 21 å
714 617 106 26 ingressen
831 616 51 26 god-

57 644 52 22 känt
125 644 321 28 sammanjemkningsförslaget.

126 730 119 26 Föredrogs
260 730 152 26 lagutskottets
428 730 136 21 betänkande
581 730 61 28 n:o
632 726 12 36 8
658 731 6 20 i
680 730 113 27 anledning
809 730 22 21 af
845 730 37 20 nä-

58 758 49 26 diga
129 759 159 26 propositionen
312 764 34 15 n:o
364 759 32 25 17,
412 758 110 27 angäende
538 758 105 22 särskilda
659 759 112 27 ändringar
787 759 6 20 i
808 760 74 19 värne-

57 787 127 27 pligtslagen
202 786 23 22 af
239 787 40 21 den
294 787 27 21 27
338 787 111 21 december
465 787 62 25 1878,
544 787 40 21 och
599 787 46 21 blef
659 788 123 24 detsamma,
798 786 27 27 pä
840 786 42 22 för-

57 815 45 26 slag
125 815 22 21 af
168 815 36 21 hrr
223 815 143 27 Lindblom,
384 815 136 21 Molander
536 816 40 21 och
592 816 142 26 Wasenius,
750 816 53 26 ånyo
819 815 63 21 bord-

57 843 59 27 lagdt
131 844 33 20 till
179 846 62 19 nästa
255 844 92 26 plenum.

125 928 97 27 Upptogs
245 929 32 21 till
299 929 130 27 behandling
452 930 107 20 allmänna
581 929 205 21 besvärsutskottets
809 929 74 21 betän-

57 957 69 21 kande
148 964 34 14 n:o
207 958 27 20 10
256 958 6 20 i
285 958 113 26 anledning
422 958 23 21 af
462 960 31 19 ett
508 958 32 21 till
555 957 159 27 presteständet
728 958 87 26 ingifvet
830 957 52 27 peti-

53 986 146 26 -tionsförslag,
223 986 109 26 angående
355 986 79 21 arvode
449 987 6 20 i
471 986 57 22 vissa
543 986 38 21 fall
596 986 23 21 ät
633 986 81 21 vikarie
729 986 32 21 för
776 986 106 21 ordinarie

57 1014 78 26 lärare;
152 1014 40 21 och
207 1014 103 26 begärdes
326 1015 60 21 ordet
401 1015 75 21 dervid
491 1015 23 21 af

125 1042 25 21 hr
165 1042 140 27 Tallgvist,
321 1049 44 15 som
381 1044 96 26 yttrade:
497 1044 40 26 Jag
553 1043 69 21 skulle
637 1043 28 27 pä
680 1043 26 21 de
722 1042 52 27 skäl,
789 1048 46 16 som
850 1048 32 15 re-

57 1073 119 24 servanten,
194 1071 25 21 hr
236 1071 153 27 Schybergson,
405 1072 39 20 här
460 1072 38 21 har
514 1072 77 26 anfört,
607 1071 87 27 föreslä,
710 1073 32 19 att
757 1071 53 21 hans
825 1071 58 21 kläm

57 1098 68 22 skulle
145 1101 90 25 antagas
251 1100 22 20 af
287 1100 183 26 borgareständet,
486 1100 106 26 nemligen
608 1100 23 21 sä
646 1100 101 27 lydande:
765 1101 45 24 ,att
824 1101 58 19 stän-

57 1127 66 21 derna
144 1128 67 21 måtte
233 1128 70 21 lemna
318 1128 163 27 ifrågavarande
496 1128 183 28 petitionsförslag
694 1130 51 19 utan
761 1128 121 21 afseende''.

125 1156 32 21 Hr
172 1156 153 22 Rönnbäck:
351 1157 32 21 Då
394 1157 25 21 hr
431 1157 160 28 Schybergsons
602 1156 221 27 reservationsförslag
835 1156 48 21 blif-

57 1185 30 20 vit
102 1185 133 26 understödt,
251 1192 63 15 anser
326 1186 37 27 jag
378 1186 43 26 mig
436 1186 54 21 böra
505 1186 70 21 uttala
590 1186 58 21 mina
663 1186 58 21 såväl
731 1185 46 21 från
788 1191 95 15 reserva-

57 1213 71 22 tionen
151 1219 45 16 som
214 1213 55 22 ifrån
288 1214 243 21 utskottsbetänkandet
549 1214 115 21 afvikande
683 1214 84 26 åsigter.
800 1213 41 26 Jag
859 1215 24 19 är

57 1247 50 16 ense
121 1242 49 21 med
185 1242 25 21 hr
227 1242 147 27 Schybergson
389 1243 6 21 i
412 1249 25 15 en
453 1243 35 21 del
504 1243 22 21 af
540 1243 54 21 hans
609 1243 97 25 motiver,
717 1242 103 26 nemligen
831 1241 51 27 deri,

57 1272 32 19 att
107 1270 38 27 jag
168 1271 43 20 lika
230 1271 47 21 litet
295 1277 45 15 som
359 1271 43 21 han
421 1271 42 21 kan
484 1272 51 26 gilla
553 1271 108 21 allmänna
680 1270 203 22 besvärsutskottets

56 1298 176 28 tillvägagäende,
253 1300 32 20 att
299 1299 24 22 af
336 1306 26 15 en
377 1300 91 27 petition
483 1300 92 21 rörande
590 1306 26 15 en
631 1301 64 20 rätts-
712 1299 39 21 och
766 1298 117 27 billighets-

56 1327 60 27 fräga
131 1330 51 24 göra
192 1328 117 26 nägonting
319 1329 45 21 helt
374 1331 72 23 annat,
458 1328 106 27 nemligen
575 1335 26 14 en
613 1328 60 27 fräga
683 1334 35 15 om
729 1327 153 27 skolhygienin,

56 1358 56 18 samt
133 1356 45 21 läta
200 1357 44 25 det,
267 1362 44 16 som
334 1358 119 26 petitionen
472 1357 120 27 egentligen
608 1356 63 28 afser,
686 1356 66 22 blifva
767 1356 75 21 endast
857 1362 26 14 en

56 1383 182 28 biomständighet
253 1385 33 21 till
301 1385 41 21 den
357 1386 97 26 petition,
471 1385 108 22 utskottet
588 1385 127 21 formulerat
725 1384 91 22 rörande
827 1384 56 21 skol-

55 1412 106 27 hygienin.
193 1413 51 21 Men
263 1414 96 20 deremot
375 1414 43 21 kan
432 1414 37 26 jag
488 1414 48 21 icke
555 1414 114 26 godkänna
685 1414 25 20 hr
725 1413 158 27 Schybergsons

55 1441 118 26 uttalande,
192 1444 33 19 att
244 1442 117 21 utskottets
380 1442 57 21 kläm
456 1442 70 22 mäste
544 1442 112 21 betraktas
675 1442 70 21 säsom
759 1447 27 15 en
801 1440 82 28 afgjord

55 1469 129 27 förbättring
202 1470 7 20 i
226 1470 122 26 jemförelse
366 1471 50 21 med
432 1471 39 21 den
489 1470 23 22 af
526 1470 145 27 petitionären
686 1470 127 26 föreslagna.
842 1469 41 26 Jag

55 1503 62 15 anser
140 1500 32 19 att
193 1498 106 21 utskottet
321 1499 47 21 icke
391 1499 38 21 har
451 1499 48 21 haft
521 1499 69 27 nägon
609 1498 92 22 särskild
719 1498 113 25 anledning
851 1498 32 20 att

55 1526 87 26 utvidga
157 1527 118 25 petitionen
291 1527 87 26 derhän,
395 1533 45 15 som
456 1528 108 20 utskottet
579 1528 37 20 det
631 1527 64 27 gjort.
723 1526 111 22 Utskottet
844 1525 39 21 har
