1089 1750
214 121 12 17 4
480 122 94 23 Borgarest.
588 122 48 19 3888.
659 122 18 18 19
689 122 38 18 Jan.

192 190 74 27 rande,
289 192 32 20 att
345 190 85 27 vidtaga
455 191 76 26 ätgärd
555 191 34 21 för
613 192 35 20 val
673 191 22 21 af
717 198 25 14 en
764 197 27 20 ny
813 192 149 25 representant
983 191 33 21 för

192 219 92 21 nämnda
299 219 54 21 stad.

261 299 54 21 Herr
331 299 122 22 talmannen
468 301 134 26 uppmanade
619 301 85 21 ständet
720 302 31 19 att
766 299 56 28 välja
836 300 136 21 medlemmar
983 300 33 21 till

192 327 60 22 såväl
267 329 40 20 den
323 328 130 27 deputation,
470 335 45 15 som
531 329 70 21 skulle
617 329 135 26 öfverbringa
762 329 188 26 borgareständets
960 329 55 21 hels-

192 357 51 26 ning
263 357 39 20 och
320 357 116 22 välönskan
455 358 33 21 till
509 358 26 21 de
554 358 69 26 öfriga
642 357 97 27 ständen,
758 363 46 15 som
824 357 42 21 den
884 357 130 27 deputation,

191 385 94 27 hvilken,
301 385 108 22 företrädd
425 386 22 21 af
461 386 97 21 ständets
577 387 89 26 talman,
687 387 53 26 egde
759 386 38 21 hos
815 386 55 21 hans
889 392 43 15 exc.
952 392 62 20 gene-

191 414 166 27 ralguvernören
373 415 86 21 anhålla
474 421 33 15 om
523 415 172 22 bestämmandet
711 415 23 21 af
748 415 59 21 tiden
822 415 34 20 för
875 414 139 27 landtdagens

191 443 120 26 öppnande.

260 471 31 21 På
306 471 79 27 förslag
403 472 22 21 af
441 473 50 20 herr
509 473 106 26 Eneberg,
635 473 70 20 beslöt
723 472 92 26 ståndet,
834 473 33 20 att
886 472 128 21 öfverlemna

191 499 23 21 åt
229 500 122 21 talmannen
367 502 31 19 att
412 502 47 20 utse
475 501 138 22 medlemmar
630 502 7 20 i
653 501 156 21 ofvannämnda
828 503 78 18 tvenne
926 501 88 26 deputa-

191 529 79 26 tioner;
287 529 50 20 derå
352 529 49 21 herr
416 530 121 21 talmannen
552 530 63 27 utsåg
634 530 33 21 till
686 529 137 22 medlemmar
842 529 8 21 i
868 529 147 22 förstnämnda

191 557 126 27 deputation
325 557 74 28 herrar
408 559 134 26 Andersin,
554 559 108 27 Hoving,
675 559 120 25 Neovius,
809 558 25 21 A.
847 557 25 22 O.
885 558 129 21 Snellman

191 586 40 21 och
242 586 25 21 V.
283 586 32 21 W.
332 586 103 28 Ohherg
451 589 54 19 samt
520 588 33 20 till
572 588 139 20 medlemmar
725 587 7 21 i
746 588 42 20 den
803 587 68 21 andra
887 594 15 14 s.
919 587 19 21 k.
956 588 58 20 stora

191 615 160 27 deputationen,
363 615 93 22 förutom
472 616 25 21 de
513 616 32 27 sju
557 623 108 20 personer,
681 616 74 21 hvilka
769 616 92 26 tidigare
876 616 89 21 anhällit
980 622 34 14 om

190 644 144 21 utnämnande
349 644 23 21 af
385 644 96 21 ständets
496 645 81 20 talman
593 645 41 20 och
649 645 133 25 vicetalman,
798 644 75 21 herrar
888 644 124 26 Juselius,

190 671 101 28 Heikel,
307 672 196 27 Neppenström,
519 673 120 21 Renlund
656 673 39 22 och
712 673 136 22 Sumelius.

259 764 58 21 Härä
339 767 92 25 upptogs
449 766 34 21 till
501 766 161 27 öfverläggning
680 766 76 27 frägan
775 771 34 15 om
832 765 141 21 tillsättandet
992 765 23 21 af

190 792 97 21 ständets
302 793 175 27 kanslipersonal,
493 795 38 20 och
547 794 125 22 framstälde
687 795 50 20 herr
752 794 124 21 talmannen
891 793 75 22 främst
980 794 33 21 till

190 821 97 21 ständets
302 822 149 27 bepröfvande,
467 823 54 21 huru
537 823 49 21 dess
602 823 131 22 sekreterare
748 823 67 20 borde
831 825 65 19 utses.

259 850 54 21 Herr
328 851 121 27 Eneberg
465 851 71 22 anhöll
551 852 76 21 härvid
642 858 34 15 om
692 852 62 21 ordet
769 851 39 22 och
823 851 99 27 föreslog,
934 853 32 19 att
976 851 36 22 be-

189 878 127 27 fattningen,
331 879 28 26 pä
375 881 42 20 sätt
432 880 63 21 äfven
509 881 35 20 vid
561 883 87 19 senaste
663 880 104 27 landtdag
785 880 57 21 varit
859 880 67 26 fallet,
944 880 68 21 skulle

189 907 92 21 medelst
296 913 80 16 annons
392 909 71 21 ansläs
478 909 57 26 ledig
549 911 34 19 att
597 909 58 21 inom
669 909 43 22 viss
728 909 87 21 kortare
831 909 32 20 tid
878 909 98 21 ansökas.

257 936 56 21 Herr
328 937 134 21 Molander
477 937 66 27 ansäg
557 937 33 22 för
605 939 34 20 sin
654 938 34 21 del
704 937 89 27 onödigt
807 938 33 20 att
850 937 60 21 anslä
920 937 92 27 tjensten

189 964 63 27 ledig,
269 964 26 21 dä
311 965 40 21 den
366 971 84 21 person,
467 972 44 15 som
530 966 36 21 vid
585 968 86 19 senaste
690 966 103 27 landtdag
813 966 33 21 till
864 965 96 22 ständets
975 966 37 21 be-

189 993 94 21 lätenhet
298 993 116 27 fungerade
429 995 70 21 säsom
514 995 97 21 ständets
627 995 140 26 sekreterare,
788 994 106 21 mähända
909 1001 51 14 vore
974 995 38 21 vil-

189 1021 28 27 lig
233 1023 32 19 att
281 1021 60 22 äfven
356 1023 35 20 vid
407 1023 142 22 innevarande
564 1023 103 27 landtdag
683 1023 64 28 ätaga
763 1023 32 26 sig
811 1023 60 21 detta
885 1023 51 21 väri.

257 1050 56 21 Herr
334 1051 139 22 Lindblom
494 1052 105 26 framhöll,
623 1053 32 20 att
677 1052 281 26 sekreterarebefattningen
977 1052 35 21 vid

187 1081 85 18 senaste
288 1079 103 27 landtdag
405 1080 70 21 blifvit
489 1081 160 26 lediganslagen
665 1081 74 21 endast
755 1081 24 20 af
791 1081 37 20 det
844 1081 52 25 skäl,
912 1082 32 19 att
955 1081 57 20 stän-

187 1106 48 22 dets
251 1107 132 21 sekreterare
397 1108 36 21 vid
449 1109 40 20 den
508 1109 139 21 derförinnan
665 1109 150 27 försiggängna
834 1108 128 27 landtdagen
982 1108 30 22 af-

186 1135 49 27 böjt
250 1135 94 21 anbudet
359 1137 32 20 att
405 1136 131 22 fortfarande
551 1137 66 27 ätaga
632 1138 32 26 sig
679 1144 81 15 samma
775 1137 120 27 befattning
906 1137 39 21 och
958 1143 54 15 eme-

187 1163 42 22 dan
245 1164 86 21 ständet
345 1165 90 22 sälunda
449 1173 38 14 var
502 1166 7 21 i
524 1166 115 22 osäkerhet
654 1173 34 14 om
706 1166 62 22 hvem
788 1172 46 15 som
853 1166 72 21 härtill
940 1166 72 21 kunde

187 1193 98 21 erhällas.
315 1193 43 21 För
373 1194 32 21 sin
421 1195 34 20 del
469 1195 114 21 förordade
598 1195 91 27 talaren,
709 1197 32 20 att
757 1195 97 21 ständets
868 1195 58 20 förre
941 1195 71 20 sekre-

185 1223 71 30 terare
272 1221 68 22 skulle
355 1223 110 26 tillfrågas,
482 1229 34 16 om
531 1223 42 22 han
590 1224 80 27 jemväl
688 1230 29 15 nu
737 1224 50 21 ville
805 1223 65 26 ätaga
888 1223 31 26 sig
935 1223 77 21 befatt-

185 1255 86 21 ningen.

256 1279 55 21 Herr
326 1279 121 28 Eneberg
463 1281 51 20 sade
529 1281 32 26 sig
576 1281 47 20 icke
639 1281 63 21 hafva
716 1280 110 22 framstält
840 1281 38 20 sitt
888 1280 79 27 förslag
978 1286 34 15 om

185 1307 239 28 sekreteraretjenstens
446 1309 172 26 ledigansläende
640 1309 78 26 derför,
739 1311 33 19 att
791 1309 42 21 han
853 1309 70 21 skulle
941 1309 71 21 ansett

185 1335 98 22 ständets
299 1336 133 22 sekreterare
447 1337 34 21 vid
497 1340 84 19 senaste
596 1338 102 27 landtdag
713 1339 7 20 i
735 1338 67 26 nägot
817 1337 100 21 afseende
933 1337 79 27 olämp-

185 1364 36 27 lig,
237 1366 54 19 utan
307 1365 76 22 endast
397 1366 49 21 med
461 1366 81 27 hänsyn
561 1366 79 27 dertill,
659 1368 32 19 att
709 1367 68 21 bland
797 1366 97 21 ständets
912 1366 100 21 medlem-

185 1399 46 15 mar
247 1393 35 21 vid
297 1393 143 22 innevarande
456 1395 101 26 landtdag
571 1395 78 21 funnos
665 1395 88 26 sädana,
769 1395 74 20 hvilka
857 1395 48 20 icke
914 1401 51 15 vore
976 1395 37 20 det

185 1421 92 21 svenska
292 1421 87 28 spräket
392 1423 50 20 fullt
457 1423 94 26 mäktiga
566 1423 40 21 och
623 1423 70 22 derför
709 1423 96 22 önskade
819 1423 193 26 omröstningspro-

184 1450 158 26 positionernas
357 1452 150 26 uppställande
520 1452 79 27 jemväl
615 1451 28 28 pä
661 1452 70 21 finska
750 1451 95 28 spräket,
865 1451 39 22 och
923 1451 89 22 emedan

184 1478 84 21 talaren
283 1479 48 21 icke
345 1479 57 22 hade
417 1480 32 27 sig
464 1480 86 26 bekant,
569 1481 106 21 huruvida
690 1481 98 22 ständets
803 1480 57 21 förre
878 1480 134 21 sekreterare

184 1512 52 44 J
251 1507 24 20 sä
289 1507 82 27 mäktig
385 1507 70 23 finska
471 1509 92 26 spräket,
579 1510 34 20 att
627 1509 42 22 han
679 1509 74 22 kunde
763 1509 97 27 uppfylla
870 1509 62 21 äfven
942 1509 70 21 denna

193 1540 86 16 fordran.
