1084 1756
197 117 42 32 646
464 123 93 22 Borgarest.
570 123 44 19 1888.
638 123 19 19 10
670 123 50 23 April.

178 190 82 27 förslag
278 191 37 21 och
333 191 104 22 remittera
457 192 115 21 detsamma
590 192 33 21 till
640 191 84 27 utskott,
744 193 58 20 rösta
811 192 40 27 ja;
868 192 31 25 de,
915 192 34 21 det
963 191 42 21 icke

180 218 70 27 önska,
266 221 59 20 rösta
338 221 47 26 nej;

246 248 75 21 vinner
339 249 42 27 nej,
401 249 38 21 har
454 249 171 27 borgareståndet
640 251 68 20 ansett
720 249 116 27 petitionen
851 248 43 22 icke
909 249 50 20 böra
973 248 32 22 till

178 277 71 26 någon
264 277 78 26 åtgärd
355 277 117 24 föranleda.

248 305 70 22 Sedan
330 306 69 21 denna
409 306 132 27 proposition
552 307 111 21 besvarats
674 306 48 22 med
733 306 156 27 öfvervägande
897 306 28 27 ja,
937 306 67 21 erhöll

180 334 40 21 den
234 333 94 27 följande
342 335 159 26 propositionen
515 335 162 22 nedanstående
691 335 89 27 lydelse:

248 362 39 27 De,
311 363 67 21 hvilka
401 363 52 28 vilja
471 363 107 21 remittera
596 363 139 27 förevarande
751 362 208 27 petitionsmemorial
973 363 32 20 till

179 390 156 27 bankutskottet,
351 393 56 20 rösta
418 393 39 26 ja;
474 392 30 26 de,
521 392 33 21 det
570 392 43 21 icke
627 391 57 28 vilja,
700 393 58 20 rösta
772 393 47 26 nej;

249 419 74 22 vinner
336 420 43 27 nej,
394 420 39 21 har
446 420 171 27 borgareståndet
632 420 88 27 beslutit,
733 421 30 20 alt
774 420 105 21 remittera
891 420 114 22 detsamma

180 447 31 21 till
226 447 109 22 allmänna
350 448 185 22 besvärsutskottet.

248 476 33 22 Då
297 477 70 22 denna
381 478 131 27 proposition
527 478 130 21 besvarades
672 479 49 20 med
736 477 156 27 öfvervägande
904 477 29 28 ja,
949 477 55 21 hade

178 504 87 22 ståndet
280 505 82 22 således
377 506 88 21 beslutit
479 507 32 20 att
526 507 110 21 remittera
647 506 235 27 petitionsmemorialet
893 506 32 21 till
937 505 68 22 bank-

178 533 111 27 utskottet,
309 540 45 15 som
373 535 60 21 äfven
453 535 68 21 skulle
539 535 82 21 erhålla
640 535 34 22 del
692 535 24 22 af
733 535 42 21 den
790 535 7 21 i
813 535 64 21 saken
893 535 111 26 förelupna

178 561 155 23 diskussionen.

248 637 31 21 Hr
294 638 122 21 talmannen
432 639 97 26 anmälte,
541 641 39 24 att,
593 639 67 26 enligt
671 638 246 21 talmanskonferensens
928 637 75 26 beslut,

179 665 96 22 ståndets
295 668 63 20 nästa
373 667 84 27 plenum
472 667 85 22 komme
572 669 32 20 att
619 673 39 20 ega
673 673 47 15 rum
737 667 104 26 lördagen
856 666 41 22 den
913 666 27 21 14
955 666 49 21 den-

178 700 38 15 nes
231 695 29 20 kl.
277 696 24 20 11
319 695 13 22 f.
349 701 28 16 m.

246 763 70 22 Bland
334 763 95 23 ståndets
448 764 138 22 medlemmar
604 764 56 22 hade
679 764 93 22 utdelats
788 763 39 22 och
843 763 114 21 bordlades
972 763 32 21 till

178 793 62 20 nästa
255 792 94 26 plenum:

247 820 27 22 de
289 821 35 21 vid
339 821 79 27 dagens
433 822 157 21 sammanträde
605 822 33 21 till
652 821 88 21 ståndet
756 820 157 22 öfverlemnade
927 819 78 27 nådiga

178 849 185 27 propositionerna
378 850 51 21 n:ris
444 850 95 26 38—41;

246 878 107 21 allmänna
376 878 202 22 besvärsutskottets
600 878 81 27 förslag
703 878 33 22 till
759 877 202 27 sammanjemkning
983 876 23 22 af

177 905 102 22 ståndens
294 906 122 28 skiljaktiga
431 907 70 21 beslut
515 907 8 21 i
538 907 60 27 fråga
614 913 34 15 om
664 907 48 21 dess
727 906 137 22 betänkande
879 912 33 14 n:o
928 906 13 20 6
957 905 48 21 med

177 934 116 27 anledning
307 935 24 21 af
343 937 32 19 ett
389 936 34 20 till
438 935 178 27 borgareståndet
631 935 89 27 ingifvet
735 934 189 28 petitionsförslag,
940 933 65 27 angå-

178 962 53 22 ende
250 963 111 27 belysning
379 964 23 20 af
419 964 95 27 inloppet
533 964 33 21 till
581 964 132 21 Mariehamn
730 966 55 19 samt
800 962 204 27 hamnumgälderna

178 990 121 27 derstädes;

246 1020 170 22 statsutskottets
435 1021 135 21 betänkande
589 1027 34 15 n:o
642 1022 14 20 4
671 1021 6 21 i
694 1020 115 26 anledning
824 1020 23 21 af
861 1021 31 19 ett
907 1019 6 21 i
929 1019 75 26 borga-

176 1048 111 22 reståndet
305 1048 122 22 framstäldt
445 1049 181 27 petitionsförslag
642 1056 35 14 om
693 1048 140 28 upphörande
848 1048 23 21 af
885 1047 119 27 skyldighe-

177 1077 36 19 ten
228 1076 34 22 för
278 1083 26 15 en
319 1078 34 21 del
369 1078 71 21 städer
455 1078 6 21 i
477 1078 99 26 Wiborgs
592 1078 35 21 län
643 1080 32 19 att
690 1078 47 21 med
754 1079 32 19 ett
801 1076 101 22 särskildt
912 1076 92 21 tillskott

176 1104 91 28 bidraga
281 1106 34 21 till
329 1106 112 22 skolornas
457 1107 7 20 i
478 1106 74 22 landet
566 1106 121 26 underhåll;
721 1113 2 3 *

246 1134 173 22 statsutskottets
435 1135 135 21 betänkande
584 1141 35 16 n:o
630 1135 14 21 5
654 1135 7 21 i
672 1134 116 27 anledning
799 1134 22 21 af
830 1133 106 21 särskilda
946 1133 57 21 inom

177 1161 101 27 borgare-
297 1163 39 21 och
351 1163 160 22 bondeständen
527 1164 78 21 väckta
619 1163 183 27 petitionsförslag
817 1168 34 15 om
866 1161 137 27 upphörande

176 1189 24 21 af
220 1190 42 21 den
284 1191 7 21 i
313 1191 65 21 Wasa
395 1192 41 21 och
454 1192 119 27 Uleåborgs
588 1192 36 21 län
639 1198 26 15 ur
679 1191 100 22 sterbhus
794 1190 106 27 utgående
915 1190 87 26 afgiften

176 1218 33 22 till
224 1219 177 22 länelasarettens
416 1220 121 27 underhäll;
907 1246 4 4 N

245 1248 152 26 Jagutskottets
415 1249 138 21 betänkande
571 1254 35 16 n:o
626 1249 28 21 10
672 1248 7 22 i
694 1248 116 26 anledning
827 1247 23 21 af
863 1246 78 27 nädiga
955 1252 49 21 pro-

175 1275 122 27 positionen
313 1283 34 15 om
362 1277 75 27 tillägg
451 1278 33 20 till
499 1277 152 27 förordningen
667 1277 41 21 den
722 1277 29 21 23
761 1282 57 16 mars
830 1275 55 22 1868
895 1274 108 28 angäende

175 1304 188 28 vattenledningar
377 1306 40 21 och
432 1306 135 26 vattenverk;

244 1333 154 27 lagutskottets
413 1334 137 21 betänkande
564 1340 35 15 n:o
616 1335 26 21 11
658 1334 7 21 i
680 1334 116 26 anledning
811 1332 24 22 af
847 1334 30 20 ett
887 1332 58 21 inom
955 1331 49 21 bor-

175 1361 137 31 gareständet
329 1362 64 22 väckt
411 1363 181 27 petitionsförslag
611 1369 34 15 om
661 1363 93 21 revision
770 1362 23 21 af
806 1361 99 27 gällande
919 1360 84 21 författ-

175 1395 77 21 ningar
264 1390 109 27 angående
383 1391 128 27 kungsädra,
523 1392 6 20 i
540 1391 56 28 syfte
606 1391 23 21 af
637 1393 95 19 vattnets
740 1391 72 21 bättre
820 1388 184 28 tillgodogörande

174 1417 60 22 såväl
248 1418 35 22 för
297 1419 89 22 allmänt
401 1426 45 15 som
461 1420 93 21 enskildt
570 1420 74 26 behof;

244 1447 107 22 allmänna
365 1449 206 21 besvärsutskottets
586 1449 137 21 betänkande
738 1454 35 15 n:o
791 1448 26 21 14
831 1447 7 21 i
853 1446 115 26 anledning
983 1445 23 21 af

174 1475 33 21 ett
224 1475 34 22 till
276 1476 149 27 ridderskapet
444 1477 39 21 och
498 1477 64 21 adeln
577 1477 90 26 ingifvet
681 1475 183 28 petitionsförslag
879 1481 34 15 om
931 1474 73 26 anslag

173 1503 33 21 för
222 1503 141 28 bearbetning
379 1505 39 22 och
433 1505 135 28 publikation
584 1505 23 22 af
620 1505 135 27 magnetiska
771 1505 40 21 och
826 1502 178 27 meteorologiska

174 1531 171 28 observationer;
