<?xml version="1.0" encoding="UTF-8"?>
<alto xmlns="http://www.loc.gov/standards/alto/ns-v3#" xmlns:xlink="http://www.w3.org/1999/xlink" xmlns:xsi="http://www.w3.org/2001/XMLSchema-instance" xsi:schemaLocation="http://www.loc.gov/standards/alto/ns-v3# http://www.loc.gov/alto/v3/alto-3-0.xsd">
	<Description>
		<MeasurementUnit>pixel</MeasurementUnit>
		<sourceImageInformation>
			<fileName>/tmp/tess_tu0f90z8_input.PNG</fileName>
		</sourceImageInformation>
		<OCRProcessing ID="OCR_0">
			<ocrProcessingStep>
				<processingSoftware>
					<softwareName>tesseract 5.3.4</softwareName>
				</processingSoftware>
			</ocrProcessingStep>
		</OCRProcessing>
	</Description>
	<Layout>
		<Page WIDTH="1086" HEIGHT="1753" PHYSICAL_IMG_NR="0" ID="page_0">
			<PrintSpace HPOS="0" VPOS="0" WIDTH="1086" HEIGHT="1753">
				<ComposedBlock ID="cblock_0" HPOS="215" VPOS="124" WIDTH="511" HEIGHT="23">
					<TextBlock ID="block_0" HPOS="215" VPOS="124" WIDTH="511" HEIGHT="23">
						<TextLine ID="line_0" HPOS="215" VPOS="124" WIDTH="511" HEIGHT="23">
							<String ID="string_0" HPOS="215" VPOS="124" WIDTH="34" HEIGHT="18" WC="0.95" CONTENT="552"/><SP WIDTH="232" VPOS="124" HPOS="249"/>
							<String ID="string_1" HPOS="481" VPOS="125" WIDTH="93" HEIGHT="22" WC="0.89" CONTENT="Borgarest."/><SP WIDTH="12" VPOS="125" HPOS="574"/>
							<String ID="string_2" HPOS="586" VPOS="125" WIDTH="46" HEIGHT="18" WC="0.94" CONTENT="1888."/><SP WIDTH="23" VPOS="125" HPOS="632"/>
							<String ID="string_3" HPOS="655" VPOS="125" WIDTH="11" HEIGHT="18" WC="0.94" CONTENT="4"/><SP WIDTH="12" VPOS="125" HPOS="666"/>
							<String ID="string_4" HPOS="678" VPOS="125" WIDTH="48" HEIGHT="22" WC="0.93" CONTENT="April."/>
						</TextLine>
					</TextBlock>
				</ComposedBlock>
				<ComposedBlock ID="cblock_1" HPOS="187" VPOS="193" WIDTH="825" HEIGHT="1368">
					<TextBlock ID="block_1" HPOS="191" VPOS="193" WIDTH="821" HEIGHT="934">
						<TextLine ID="line_1" HPOS="193" VPOS="193" WIDTH="819" HEIGHT="28">
							<String ID="string_5" HPOS="193" VPOS="193" WIDTH="68" HEIGHT="26" WC="0.91" CONTENT="legan,"/><SP WIDTH="20" VPOS="193" HPOS="261"/>
							<String ID="string_6" HPOS="281" VPOS="199" WIDTH="47" HEIGHT="16" WC="0.96" CONTENT="men"/><SP WIDTH="20" VPOS="199" HPOS="328"/>
							<String ID="string_7" HPOS="348" VPOS="193" WIDTH="25" HEIGHT="22" WC="0.96" CONTENT="de"/><SP WIDTH="16" VPOS="193" HPOS="373"/>
							<String ID="string_8" HPOS="389" VPOS="193" WIDTH="160" HEIGHT="28" WC="0.96" CONTENT="jordbrukande"/><SP WIDTH="15" VPOS="193" HPOS="549"/>
							<String ID="string_9" HPOS="564" VPOS="193" WIDTH="111" HEIGHT="22" WC="0.96" CONTENT="klasserna"/><SP WIDTH="15" VPOS="193" HPOS="675"/>
							<String ID="string_10" HPOS="690" VPOS="193" WIDTH="93" HEIGHT="22" WC="0.96" CONTENT="försökte"/><SP WIDTH="17" VPOS="193" HPOS="783"/>
							<String ID="string_11" HPOS="800" VPOS="193" WIDTH="66" HEIGHT="20" WC="0.96" CONTENT="under"/><SP WIDTH="15" VPOS="193" HPOS="866"/>
							<String ID="string_12" HPOS="881" VPOS="193" WIDTH="62" HEIGHT="27" WC="0.96" CONTENT="långa"/><SP WIDTH="14" VPOS="193" HPOS="943"/>
							<String ID="string_13" HPOS="957" VPOS="194" WIDTH="55" HEIGHT="21" WC="0.96" CONTENT="tider"/>
						</TextLine>
						<TextLine ID="line_2" HPOS="192" VPOS="221" WIDTH="818" HEIGHT="28">
							<String ID="string_14" HPOS="192" VPOS="221" WIDTH="22" HEIGHT="22" WC="0.96" CONTENT="få"/><SP WIDTH="18" VPOS="221" HPOS="214"/>
							<String ID="string_15" HPOS="232" VPOS="222" WIDTH="69" HEIGHT="21" WC="0.93" CONTENT="denna"/><SP WIDTH="19" VPOS="222" HPOS="301"/>
							<String ID="string_16" HPOS="320" VPOS="222" WIDTH="114" HEIGHT="27" WC="0.92" CONTENT="skjutslega"/><SP WIDTH="18" VPOS="222" HPOS="434"/>
							<String ID="string_17" HPOS="452" VPOS="223" WIDTH="57" HEIGHT="26" WC="0.96" CONTENT="höjd,"/><SP WIDTH="16" VPOS="223" HPOS="509"/>
							<String ID="string_18" HPOS="525" VPOS="223" WIDTH="40" HEIGHT="20" WC="0.96" CONTENT="och"/><SP WIDTH="15" VPOS="223" HPOS="565"/>
							<String ID="string_19" HPOS="580" VPOS="223" WIDTH="83" HEIGHT="20" WC="0.96" CONTENT="landets"/><SP WIDTH="16" VPOS="223" HPOS="663"/>
							<String ID="string_20" HPOS="679" VPOS="223" WIDTH="85" HEIGHT="20" WC="0.96" CONTENT="ständer"/><SP WIDTH="15" VPOS="223" HPOS="764"/>
							<String ID="string_21" HPOS="779" VPOS="222" WIDTH="97" HEIGHT="21" WC="0.96" CONTENT="uttalade"/><SP WIDTH="14" VPOS="222" HPOS="876"/>
							<String ID="string_22" HPOS="890" VPOS="222" WIDTH="31" HEIGHT="26" WC="0.96" CONTENT="sig"/><SP WIDTH="17" VPOS="222" HPOS="921"/>
							<String ID="string_23" HPOS="938" VPOS="222" WIDTH="31" HEIGHT="21" WC="0.96" CONTENT="för"/><SP WIDTH="16" VPOS="222" HPOS="969"/>
							<String ID="string_24" HPOS="985" VPOS="229" WIDTH="25" HEIGHT="14" WC="0.96" CONTENT="en"/>
						</TextLine>
						<TextLine ID="line_3" HPOS="193" VPOS="250" WIDTH="817" HEIGHT="27">
							<String ID="string_25" HPOS="193" VPOS="250" WIDTH="118" HEIGHT="27" WC="0.92" CONTENT="skjutslega"/><SP WIDTH="16" VPOS="250" HPOS="311"/>
							<String ID="string_26" HPOS="327" VPOS="251" WIDTH="22" HEIGHT="21" WC="0.96" CONTENT="af"/><SP WIDTH="14" VPOS="251" HPOS="349"/>
							<String ID="string_27" HPOS="363" VPOS="251" WIDTH="25" HEIGHT="20" WC="0.93" CONTENT="16"/><SP WIDTH="16" VPOS="251" HPOS="388"/>
							<String ID="string_28" HPOS="404" VPOS="251" WIDTH="62" HEIGHT="26" WC="0.92" CONTENT="penni"/><SP WIDTH="15" VPOS="251" HPOS="466"/>
							<String ID="string_29" HPOS="481" VPOS="257" WIDTH="38" HEIGHT="20" WC="0.93" CONTENT="per"/><SP WIDTH="15" VPOS="257" HPOS="519"/>
							<String ID="string_30" HPOS="534" VPOS="254" WIDTH="57" HEIGHT="18" WC="0.92" CONTENT="verst"/><SP WIDTH="15" VPOS="254" HPOS="591"/>
							<String ID="string_31" HPOS="606" VPOS="251" WIDTH="34" HEIGHT="21" WC="0.96" CONTENT="vid"/><SP WIDTH="15" VPOS="251" HPOS="640"/>
							<String ID="string_32" HPOS="655" VPOS="251" WIDTH="47" HEIGHT="21" WC="0.96" CONTENT="icke"/><SP WIDTH="14" VPOS="251" HPOS="702"/>
							<String ID="string_33" HPOS="716" VPOS="250" WIDTH="82" HEIGHT="22" WC="0.96" CONTENT="mindre"/><SP WIDTH="16" VPOS="250" HPOS="798"/>
							<String ID="string_34" HPOS="814" VPOS="252" WIDTH="26" HEIGHT="19" WC="0.96" CONTENT="än"/><SP WIDTH="15" VPOS="252" HPOS="840"/>
							<String ID="string_35" HPOS="855" VPOS="251" WIDTH="14" HEIGHT="20" WC="0.93" CONTENT="4"/><SP WIDTH="10" VPOS="251" HPOS="869"/>
							<String ID="string_36" HPOS="879" VPOS="251" WIDTH="131" HEIGHT="26" WC="0.90" CONTENT="landtdagar,"/>
						</TextLine>
						<TextLine ID="line_4" HPOS="192" VPOS="279" WIDTH="818" HEIGHT="26">
							<String ID="string_37" HPOS="192" VPOS="279" WIDTH="48" HEIGHT="21" WC="0.96" CONTENT="från"/><SP WIDTH="19" VPOS="279" HPOS="240"/>
							<String ID="string_38" HPOS="259" VPOS="279" WIDTH="39" HEIGHT="22" WC="0.96" CONTENT="och"/><SP WIDTH="16" VPOS="279" HPOS="298"/>
							<String ID="string_39" HPOS="314" VPOS="279" WIDTH="47" HEIGHT="21" WC="0.96" CONTENT="med"/><SP WIDTH="17" VPOS="279" HPOS="361"/>
							<String ID="string_40" HPOS="378" VPOS="279" WIDTH="52" HEIGHT="21" WC="0.96" CONTENT="1867"/><SP WIDTH="16" VPOS="279" HPOS="430"/>
							<String ID="string_41" HPOS="446" VPOS="280" WIDTH="33" HEIGHT="21" WC="0.96" CONTENT="till"/><SP WIDTH="16" VPOS="280" HPOS="479"/>
							<String ID="string_42" HPOS="495" VPOS="280" WIDTH="38" HEIGHT="21" WC="0.96" CONTENT="och"/><SP WIDTH="15" VPOS="280" HPOS="533"/>
							<String ID="string_43" HPOS="548" VPOS="280" WIDTH="49" HEIGHT="21" WC="0.96" CONTENT="med"/><SP WIDTH="18" VPOS="280" HPOS="597"/>
							<String ID="string_44" HPOS="615" VPOS="279" WIDTH="60" HEIGHT="24" WC="0.96" CONTENT="1882,"/><SP WIDTH="16" VPOS="279" HPOS="675"/>
							<String ID="string_45" HPOS="691" VPOS="280" WIDTH="43" HEIGHT="21" WC="0.96" CONTENT="förr"/><SP WIDTH="16" VPOS="280" HPOS="734"/>
							<String ID="string_46" HPOS="750" VPOS="281" WIDTH="26" HEIGHT="19" WC="0.96" CONTENT="än"/><SP WIDTH="17" VPOS="281" HPOS="776"/>
							<String ID="string_47" HPOS="793" VPOS="279" WIDTH="39" HEIGHT="21" WC="0.96" CONTENT="den"/><SP WIDTH="16" VPOS="279" HPOS="832"/>
							<String ID="string_48" HPOS="848" VPOS="279" WIDTH="99" HEIGHT="26" WC="0.96" CONTENT="slutligen"/><SP WIDTH="15" VPOS="279" HPOS="947"/>
							<String ID="string_49" HPOS="962" VPOS="280" WIDTH="48" HEIGHT="21" WC="0.96" CONTENT="kom"/>
						</TextLine>
						<TextLine ID="line_5" HPOS="193" VPOS="307" WIDTH="818" HEIGHT="28">
							<String ID="string_50" HPOS="193" VPOS="308" WIDTH="33" HEIGHT="21" WC="0.96" CONTENT="till"/><SP WIDTH="19" VPOS="308" HPOS="226"/>
							<String ID="string_51" HPOS="245" VPOS="307" WIDTH="68" HEIGHT="22" WC="0.96" CONTENT="stånd."/><SP WIDTH="34" VPOS="307" HPOS="313"/>
							<String ID="string_52" HPOS="347" VPOS="308" WIDTH="37" HEIGHT="20" WC="0.96" CONTENT="Att"/><SP WIDTH="19" VPOS="308" HPOS="384"/>
							<String ID="string_53" HPOS="403" VPOS="309" WIDTH="131" HEIGHT="26" WC="0.96" CONTENT="regeringen,"/><SP WIDTH="20" VPOS="309" HPOS="534"/>
							<String ID="string_54" HPOS="554" VPOS="308" WIDTH="67" HEIGHT="21" WC="0.96" CONTENT="ehuru"/><SP WIDTH="20" VPOS="308" HPOS="621"/>
							<String ID="string_55" HPOS="641" VPOS="308" WIDTH="41" HEIGHT="21" WC="0.96" CONTENT="den"/><SP WIDTH="18" VPOS="308" HPOS="682"/>
							<String ID="string_56" HPOS="700" VPOS="308" WIDTH="55" HEIGHT="21" WC="0.96" CONTENT="hade"/><SP WIDTH="19" VPOS="308" HPOS="755"/>
							<String ID="string_57" HPOS="774" VPOS="307" WIDTH="59" HEIGHT="22" WC="0.92" CONTENT="makt"/><SP WIDTH="20" VPOS="307" HPOS="833"/>
							<String ID="string_58" HPOS="853" VPOS="307" WIDTH="75" HEIGHT="24" WC="0.91" CONTENT="dertill,"/><SP WIDTH="17" VPOS="307" HPOS="928"/>
							<String ID="string_59" HPOS="945" VPOS="309" WIDTH="66" HEIGHT="20" WC="0.96" CONTENT="under"/>
						</TextLine>
						<TextLine ID="line_6" HPOS="193" VPOS="336" WIDTH="818" HEIGHT="28">
							<String ID="string_60" HPOS="193" VPOS="336" WIDTH="69" HEIGHT="21" WC="0.96" CONTENT="denna"/><SP WIDTH="21" VPOS="336" HPOS="262"/>
							<String ID="string_61" HPOS="283" VPOS="336" WIDTH="32" HEIGHT="21" WC="0.96" CONTENT="tid"/><SP WIDTH="21" VPOS="336" HPOS="315"/>
							<String ID="string_62" HPOS="336" VPOS="337" WIDTH="46" HEIGHT="20" WC="0.96" CONTENT="icke"/><SP WIDTH="17" VPOS="337" HPOS="382"/>
							<String ID="string_63" HPOS="399" VPOS="337" WIDTH="63" HEIGHT="26" WC="0.93" CONTENT="höjde"/><SP WIDTH="18" VPOS="337" HPOS="462"/>
							<String ID="string_64" HPOS="480" VPOS="337" WIDTH="138" HEIGHT="27" WC="0.89" CONTENT="skjutslegan,"/><SP WIDTH="19" VPOS="337" HPOS="618"/>
							<String ID="string_65" HPOS="637" VPOS="337" WIDTH="88" HEIGHT="26" WC="0.92" CONTENT="ingifver"/><SP WIDTH="18" VPOS="337" HPOS="725"/>
							<String ID="string_66" HPOS="743" VPOS="337" WIDTH="48" HEIGHT="20" WC="0.96" CONTENT="icke"/><SP WIDTH="18" VPOS="337" HPOS="791"/>
							<String ID="string_67" HPOS="809" VPOS="336" WIDTH="65" HEIGHT="26" WC="0.95" CONTENT="några"/><SP WIDTH="18" VPOS="336" HPOS="874"/>
							<String ID="string_68" HPOS="892" VPOS="337" WIDTH="119" HEIGHT="27" WC="0.96" CONTENT="synnerliga"/>
						</TextLine>
						<TextLine ID="line_7" HPOS="192" VPOS="364" WIDTH="819" HEIGHT="27">
							<String ID="string_69" HPOS="192" VPOS="364" WIDTH="167" HEIGHT="27" WC="0.96" CONTENT="förhoppningar"/><SP WIDTH="18" VPOS="364" HPOS="359"/>
							<String ID="string_70" HPOS="377" VPOS="366" WIDTH="31" HEIGHT="20" WC="0.96" CONTENT="att"/><SP WIDTH="18" VPOS="366" HPOS="408"/>
							<String ID="string_71" HPOS="426" VPOS="365" WIDTH="23" HEIGHT="21" WC="0.93" CONTENT="så"/><SP WIDTH="19" VPOS="365" HPOS="449"/>
							<String ID="string_72" HPOS="468" VPOS="365" WIDTH="113" HEIGHT="21" WC="0.92" CONTENT="framdeles"/><SP WIDTH="19" VPOS="365" HPOS="581"/>
							<String ID="string_73" HPOS="600" VPOS="365" WIDTH="68" HEIGHT="21" WC="0.96" CONTENT="skulle"/><SP WIDTH="19" VPOS="365" HPOS="668"/>
							<String ID="string_74" HPOS="687" VPOS="365" WIDTH="43" HEIGHT="21" WC="0.93" CONTENT="ske."/><SP WIDTH="16" VPOS="365" HPOS="730"/>
							<String ID="string_75" HPOS="746" VPOS="377" WIDTH="27" HEIGHT="2" WC="0.79" CONTENT="-—"/><SP WIDTH="17" VPOS="377" HPOS="773"/>
							<String ID="string_76" HPOS="790" VPOS="364" WIDTH="50" HEIGHT="21" WC="0.96" CONTENT="Men"/><SP WIDTH="16" VPOS="364" HPOS="840"/>
							<String ID="string_77" HPOS="856" VPOS="364" WIDTH="36" HEIGHT="27" WC="0.96" CONTENT="jag"/><SP WIDTH="19" VPOS="364" HPOS="892"/>
							<String ID="string_78" HPOS="911" VPOS="365" WIDTH="36" HEIGHT="21" WC="0.96" CONTENT="vill"/><SP WIDTH="15" VPOS="365" HPOS="947"/>
							<String ID="string_79" HPOS="962" VPOS="366" WIDTH="49" HEIGHT="25" WC="0.96" CONTENT="taga"/>
						</TextLine>
						<TextLine ID="line_8" HPOS="192" VPOS="392" WIDTH="817" HEIGHT="28">
							<String ID="string_80" HPOS="192" VPOS="392" WIDTH="57" HEIGHT="22" WC="0.96" CONTENT="fasta"/><SP WIDTH="18" VPOS="392" HPOS="249"/>
							<String ID="string_81" HPOS="267" VPOS="393" WIDTH="27" HEIGHT="27" WC="0.96" CONTENT="på"/><SP WIDTH="19" VPOS="393" HPOS="294"/>
							<String ID="string_82" HPOS="313" VPOS="394" WIDTH="36" HEIGHT="20" WC="0.93" CONTENT="det"/><SP WIDTH="18" VPOS="394" HPOS="349"/>
							<String ID="string_83" HPOS="367" VPOS="394" WIDTH="152" HEIGHT="26" WC="0.92" CONTENT="medgifvande,"/><SP WIDTH="20" VPOS="394" HPOS="519"/>
							<String ID="string_84" HPOS="539" VPOS="400" WIDTH="44" HEIGHT="14" WC="0.96" CONTENT="som"/><SP WIDTH="19" VPOS="400" HPOS="583"/>
							<String ID="string_85" HPOS="602" VPOS="394" WIDTH="67" HEIGHT="26" WC="0.96" CONTENT="gjorts"/><SP WIDTH="19" VPOS="394" HPOS="669"/>
							<String ID="string_86" HPOS="688" VPOS="394" WIDTH="6" HEIGHT="20" WC="0.96" CONTENT="i"/><SP WIDTH="20" VPOS="394" HPOS="694"/>
							<String ID="string_87" HPOS="714" VPOS="394" WIDTH="34" HEIGHT="20" WC="0.96" CONTENT="det"/><SP WIDTH="16" VPOS="394" HPOS="748"/>
							<String ID="string_88" HPOS="764" VPOS="393" WIDTH="55" HEIGHT="27" WC="0.96" CONTENT="syfte"/><SP WIDTH="15" VPOS="393" HPOS="819"/>
							<String ID="string_89" HPOS="834" VPOS="395" WIDTH="32" HEIGHT="19" WC="0.93" CONTENT="att"/><SP WIDTH="14" VPOS="395" HPOS="866"/>
							<String ID="string_90" HPOS="880" VPOS="393" WIDTH="129" HEIGHT="27" WC="0.91" CONTENT="skjutslegan"/>
						</TextLine>
						<TextLine ID="line_9" HPOS="192" VPOS="421" WIDTH="819" HEIGHT="27">
							<String ID="string_91" HPOS="192" VPOS="422" WIDTH="67" HEIGHT="20" WC="0.96" CONTENT="borde"/><SP WIDTH="15" VPOS="422" HPOS="259"/>
							<String ID="string_92" HPOS="274" VPOS="422" WIDTH="116" HEIGHT="21" WC="0.96" CONTENT="fastställas"/><SP WIDTH="14" VPOS="422" HPOS="390"/>
							<String ID="string_93" HPOS="404" VPOS="422" WIDTH="73" HEIGHT="26" WC="0.96" CONTENT="sådan,"/><SP WIDTH="16" VPOS="422" HPOS="477"/>
							<String ID="string_94" HPOS="493" VPOS="425" WIDTH="32" HEIGHT="18" WC="0.96" CONTENT="att"/><SP WIDTH="15" VPOS="425" HPOS="525"/>
							<String ID="string_95" HPOS="540" VPOS="422" WIDTH="39" HEIGHT="21" WC="0.96" CONTENT="den"/><SP WIDTH="16" VPOS="422" HPOS="579"/>
							<String ID="string_96" HPOS="595" VPOS="424" WIDTH="117" HEIGHT="19" WC="0.96" CONTENT="motsvarar"/><SP WIDTH="15" VPOS="424" HPOS="712"/>
							<String ID="string_97" HPOS="727" VPOS="422" WIDTH="75" HEIGHT="20" WC="0.96" CONTENT="värdet"/><SP WIDTH="15" VPOS="422" HPOS="802"/>
							<String ID="string_98" HPOS="817" VPOS="421" WIDTH="23" HEIGHT="21" WC="0.92" CONTENT="af"/><SP WIDTH="8" VPOS="421" HPOS="840"/>
							<String ID="string_99" HPOS="848" VPOS="421" WIDTH="163" HEIGHT="27" WC="0.92" CONTENT="skjutsningsar-"/>
						</TextLine>
						<TextLine ID="line_10" HPOS="192" VPOS="450" WIDTH="818" HEIGHT="27">
							<String ID="string_100" HPOS="192" VPOS="450" WIDTH="65" HEIGHT="21" WC="0.96" CONTENT="betet."/><SP WIDTH="38" VPOS="450" HPOS="257"/>
							<String ID="string_101" HPOS="295" VPOS="450" WIDTH="32" HEIGHT="21" WC="0.95" CONTENT="Då"/><SP WIDTH="22" VPOS="450" HPOS="327"/>
							<String ID="string_102" HPOS="349" VPOS="450" WIDTH="35" HEIGHT="22" WC="0.95" CONTENT="det"/><SP WIDTH="22" VPOS="450" HPOS="384"/>
							<String ID="string_103" HPOS="406" VPOS="451" WIDTH="65" HEIGHT="26" WC="0.96" CONTENT="gäller"/><SP WIDTH="23" VPOS="451" HPOS="471"/>
							<String ID="string_104" HPOS="494" VPOS="451" WIDTH="168" HEIGHT="21" WC="0.96" CONTENT="bestämmandet"/><SP WIDTH="23" VPOS="451" HPOS="662"/>
							<String ID="string_105" HPOS="685" VPOS="451" WIDTH="23" HEIGHT="21" WC="0.96" CONTENT="af"/><SP WIDTH="19" VPOS="451" HPOS="708"/>
							<String ID="string_106" HPOS="727" VPOS="451" WIDTH="59" HEIGHT="20" WC="0.96" CONTENT="detta"/><SP WIDTH="22" VPOS="451" HPOS="786"/>
							<String ID="string_107" HPOS="808" VPOS="450" WIDTH="70" HEIGHT="25" WC="0.96" CONTENT="värde,"/><SP WIDTH="20" VPOS="450" HPOS="878"/>
							<String ID="string_108" HPOS="898" VPOS="450" WIDTH="60" HEIGHT="21" WC="0.96" CONTENT="torde"/><SP WIDTH="19" VPOS="450" HPOS="958"/>
							<String ID="string_109" HPOS="977" VPOS="450" WIDTH="33" HEIGHT="20" WC="0.95" CONTENT="väl"/>
						</TextLine>
						<TextLine ID="line_11" HPOS="193" VPOS="478" WIDTH="817" HEIGHT="28">
							<String ID="string_110" HPOS="193" VPOS="478" WIDTH="70" HEIGHT="27" WC="0.96" CONTENT="någon"/><SP WIDTH="22" VPOS="478" HPOS="263"/>
							<String ID="string_111" HPOS="285" VPOS="479" WIDTH="84" HEIGHT="26" WC="0.95" CONTENT="ledning"/><SP WIDTH="23" VPOS="479" HPOS="369"/>
							<String ID="string_112" HPOS="392" VPOS="479" WIDTH="71" HEIGHT="21" WC="0.93" CONTENT="kunna"/><SP WIDTH="22" VPOS="479" HPOS="463"/>
							<String ID="string_113" HPOS="485" VPOS="480" WIDTH="82" HEIGHT="20" WC="0.92" CONTENT="hemtas"/><SP WIDTH="23" VPOS="480" HPOS="567"/>
							<String ID="string_114" HPOS="590" VPOS="479" WIDTH="23" HEIGHT="21" WC="0.96" CONTENT="af"/><SP WIDTH="21" VPOS="479" HPOS="613"/>
							<String ID="string_115" HPOS="634" VPOS="480" WIDTH="26" HEIGHT="20" WC="0.92" CONTENT="de"/><SP WIDTH="22" VPOS="480" HPOS="660"/>
							<String ID="string_116" HPOS="682" VPOS="479" WIDTH="260" HEIGHT="27" WC="0.91" CONTENT="entreprenadauktioner,"/><SP WIDTH="23" VPOS="479" HPOS="942"/>
							<String ID="string_117" HPOS="965" VPOS="484" WIDTH="45" HEIGHT="16" WC="0.96" CONTENT="som"/>
						</TextLine>
						<TextLine ID="line_12" HPOS="192" VPOS="507" WIDTH="818" HEIGHT="28">
							<String ID="string_118" HPOS="192" VPOS="507" WIDTH="63" HEIGHT="21" WC="0.96" CONTENT="hafva"/><SP WIDTH="16" VPOS="507" HPOS="255"/>
							<String ID="string_119" HPOS="271" VPOS="507" WIDTH="88" HEIGHT="21" WC="0.96" CONTENT="kommit"/><SP WIDTH="14" VPOS="507" HPOS="359"/>
							<String ID="string_120" HPOS="373" VPOS="508" WIDTH="31" HEIGHT="20" WC="0.96" CONTENT="till"/><SP WIDTH="16" VPOS="508" HPOS="404"/>
							<String ID="string_121" HPOS="420" VPOS="508" WIDTH="62" HEIGHT="21" WC="0.96" CONTENT="stånd"/><SP WIDTH="16" VPOS="508" HPOS="482"/>
							<String ID="string_122" HPOS="498" VPOS="508" WIDTH="130" HEIGHT="21" WC="0.93" CONTENT="beträffande"/><SP WIDTH="16" VPOS="508" HPOS="628"/>
							<String ID="string_123" HPOS="644" VPOS="508" WIDTH="191" HEIGHT="27" WC="0.91" CONTENT="skjutshållningen"/><SP WIDTH="16" VPOS="508" HPOS="835"/>
							<String ID="string_124" HPOS="851" VPOS="508" WIDTH="33" HEIGHT="20" WC="0.93" CONTENT="vid"/><SP WIDTH="13" VPOS="508" HPOS="884"/>
							<String ID="string_125" HPOS="897" VPOS="509" WIDTH="113" HEIGHT="19" WC="0.92" CONTENT="reservsta-"/>
						</TextLine>
						<TextLine ID="line_13" HPOS="192" VPOS="536" WIDTH="818" HEIGHT="27">
							<String ID="string_126" HPOS="192" VPOS="536" WIDTH="103" HEIGHT="21" WC="0.90" CONTENT="tionerna."/><SP WIDTH="34" VPOS="536" HPOS="295"/>
							<String ID="string_127" HPOS="329" VPOS="536" WIDTH="75" HEIGHT="21" WC="0.91" CONTENT="Denna"/><SP WIDTH="18" VPOS="536" HPOS="404"/>
							<String ID="string_128" HPOS="422" VPOS="536" WIDTH="120" HEIGHT="27" WC="0.91" CONTENT="skjutsning"/><SP WIDTH="18" VPOS="536" HPOS="542"/>
							<String ID="string_129" HPOS="560" VPOS="536" WIDTH="80" HEIGHT="22" WC="0.96" CONTENT="skedde"/><SP WIDTH="18" VPOS="536" HPOS="640"/>
							<String ID="string_130" HPOS="658" VPOS="537" WIDTH="67" HEIGHT="21" WC="0.96" CONTENT="under"/><SP WIDTH="18" VPOS="537" HPOS="725"/>
							<String ID="string_131" HPOS="743" VPOS="536" WIDTH="37" HEIGHT="21" WC="0.96" CONTENT="det"/><SP WIDTH="18" VPOS="536" HPOS="780"/>
							<String ID="string_132" HPOS="798" VPOS="536" WIDTH="99" HEIGHT="21" WC="0.93" CONTENT="förflutna"/><SP WIDTH="14" VPOS="536" HPOS="897"/>
							<String ID="string_133" HPOS="911" VPOS="536" WIDTH="99" HEIGHT="21" WC="0.91" CONTENT="trienniet"/>
						</TextLine>
						<TextLine ID="line_14" HPOS="194" VPOS="564" WIDTH="816" HEIGHT="28">
							<String ID="string_134" HPOS="194" VPOS="564" WIDTH="140" HEIGHT="22" WC="0.92" CONTENT="1885—1887"/><SP WIDTH="19" VPOS="564" HPOS="334"/>
							<String ID="string_135" HPOS="353" VPOS="564" WIDTH="33" HEIGHT="22" WC="0.96" CONTENT="för"/><SP WIDTH="18" VPOS="564" HPOS="386"/>
							<String ID="string_136" HPOS="404" VPOS="571" WIDTH="25" HEIGHT="15" WC="0.93" CONTENT="en"/><SP WIDTH="18" VPOS="571" HPOS="429"/>
							<String ID="string_137" HPOS="447" VPOS="565" WIDTH="123" HEIGHT="27" WC="0.91" CONTENT="skjutslega,"/><SP WIDTH="21" VPOS="565" HPOS="570"/>
							<String ID="string_138" HPOS="591" VPOS="571" WIDTH="45" HEIGHT="15" WC="0.96" CONTENT="som"/><SP WIDTH="19" VPOS="571" HPOS="636"/>
							<String ID="string_139" HPOS="655" VPOS="566" WIDTH="6" HEIGHT="20" WC="0.96" CONTENT="i"/><SP WIDTH="19" VPOS="566" HPOS="661"/>
							<String ID="string_140" HPOS="680" VPOS="567" WIDTH="31" HEIGHT="19" WC="0.96" CONTENT="ett"/><SP WIDTH="14" VPOS="567" HPOS="711"/>
							<String ID="string_141" HPOS="725" VPOS="571" WIDTH="39" HEIGHT="21" WC="0.96" CONTENT="par"/><SP WIDTH="14" VPOS="571" HPOS="764"/>
							<String ID="string_142" HPOS="778" VPOS="564" WIDTH="36" HEIGHT="21" WC="0.93" CONTENT="län"/><SP WIDTH="17" VPOS="564" HPOS="814"/>
							<String ID="string_143" HPOS="831" VPOS="564" WIDTH="88" HEIGHT="27" WC="0.93" CONTENT="nedgick"/><SP WIDTH="16" VPOS="564" HPOS="919"/>
							<String ID="string_144" HPOS="935" VPOS="565" WIDTH="32" HEIGHT="20" WC="0.96" CONTENT="till"/><SP WIDTH="17" VPOS="565" HPOS="967"/>
							<String ID="string_145" HPOS="984" VPOS="565" WIDTH="26" HEIGHT="21" WC="0.96" CONTENT="10"/>
						</TextLine>
						<TextLine ID="line_15" HPOS="192" VPOS="593" WIDTH="819" HEIGHT="27">
							<String ID="string_146" HPOS="192" VPOS="593" WIDTH="64" HEIGHT="26" WC="0.96" CONTENT="penni"/><SP WIDTH="18" VPOS="593" HPOS="256"/>
							<String ID="string_147" HPOS="274" VPOS="599" WIDTH="37" HEIGHT="21" WC="0.93" CONTENT="per"/><SP WIDTH="20" VPOS="599" HPOS="311"/>
							<String ID="string_148" HPOS="331" VPOS="595" WIDTH="61" HEIGHT="24" WC="0.92" CONTENT="verst,"/><SP WIDTH="20" VPOS="595" HPOS="392"/>
							<String ID="string_149" HPOS="412" VPOS="594" WIDTH="6" HEIGHT="20" WC="0.96" CONTENT="i"/><SP WIDTH="20" VPOS="594" HPOS="418"/>
							<String ID="string_150" HPOS="438" VPOS="594" WIDTH="65" HEIGHT="20" WC="0.96" CONTENT="andra"/><SP WIDTH="19" VPOS="594" HPOS="503"/>
							<String ID="string_151" HPOS="522" VPOS="594" WIDTH="32" HEIGHT="20" WC="0.96" CONTENT="till"/><SP WIDTH="20" VPOS="594" HPOS="554"/>
							<String ID="string_152" HPOS="574" VPOS="594" WIDTH="32" HEIGHT="26" WC="0.96" CONTENT="11,"/><SP WIDTH="22" VPOS="594" HPOS="606"/>
							<String ID="string_153" HPOS="628" VPOS="594" WIDTH="26" HEIGHT="21" WC="0.96" CONTENT="12"/><SP WIDTH="17" VPOS="594" HPOS="654"/>
							<String ID="string_154" HPOS="671" VPOS="595" WIDTH="26" HEIGHT="20" WC="0.96" CONTENT="14"/><SP WIDTH="15" VPOS="595" HPOS="697"/>
							<String ID="string_155" HPOS="712" VPOS="600" WIDTH="17" HEIGHT="14" WC="0.85" CONTENT="o."/><SP WIDTH="17" VPOS="600" HPOS="729"/>
							<String ID="string_156" HPOS="746" VPOS="600" WIDTH="16" HEIGHT="14" WC="0.94" CONTENT="s."/><SP WIDTH="16" VPOS="600" HPOS="762"/>
							<String ID="string_157" HPOS="778" VPOS="599" WIDTH="20" HEIGHT="15" WC="0.93" CONTENT="v."/><SP WIDTH="31" VPOS="599" HPOS="798"/>
							<String ID="string_158" HPOS="829" VPOS="593" WIDTH="48" HEIGHT="21" WC="0.96" CONTENT="Men"/><SP WIDTH="15" VPOS="593" HPOS="877"/>
							<String ID="string_159" HPOS="892" VPOS="594" WIDTH="67" HEIGHT="20" WC="0.96" CONTENT="under"/><SP WIDTH="15" VPOS="594" HPOS="959"/>
							<String ID="string_160" HPOS="974" VPOS="593" WIDTH="37" HEIGHT="21" WC="0.96" CONTENT="det"/>
						</TextLine>
						<TextLine ID="line_16" HPOS="193" VPOS="622" WIDTH="817" HEIGHT="27">
							<String ID="string_161" HPOS="193" VPOS="622" WIDTH="121" HEIGHT="25" WC="0.91" CONTENT="triennium,"/><SP WIDTH="20" VPOS="622" HPOS="314"/>
							<String ID="string_162" HPOS="334" VPOS="628" WIDTH="43" HEIGHT="15" WC="0.93" CONTENT="som"/><SP WIDTH="21" VPOS="628" HPOS="377"/>
							<String ID="string_163" HPOS="398" VPOS="622" WIDTH="86" HEIGHT="27" WC="0.91" CONTENT="började"/><SP WIDTH="19" VPOS="622" HPOS="484"/>
							<String ID="string_164" HPOS="503" VPOS="622" WIDTH="47" HEIGHT="21" WC="0.96" CONTENT="med"/><SP WIDTH="16" VPOS="622" HPOS="550"/>
							<String ID="string_165" HPOS="566" VPOS="622" WIDTH="23" HEIGHT="21" WC="0.96" CONTENT="är"/><SP WIDTH="17" VPOS="622" HPOS="589"/>
							<String ID="string_166" HPOS="606" VPOS="622" WIDTH="60" HEIGHT="26" WC="0.96" CONTENT="1888,"/><SP WIDTH="16" VPOS="622" HPOS="666"/>
							<String ID="string_167" HPOS="682" VPOS="622" WIDTH="39" HEIGHT="21" WC="0.93" CONTENT="har"/><SP WIDTH="15" VPOS="622" HPOS="721"/>
							<String ID="string_168" HPOS="736" VPOS="622" WIDTH="130" HEIGHT="26" WC="0.93" CONTENT="skjutslegan"/><SP WIDTH="15" VPOS="622" HPOS="866"/>
							<String ID="string_169" HPOS="881" VPOS="622" WIDTH="34" HEIGHT="20" WC="0.93" CONTENT="vid"/><SP WIDTH="15" VPOS="622" HPOS="915"/>
							<String ID="string_170" HPOS="930" VPOS="628" WIDTH="80" HEIGHT="14" WC="0.92" CONTENT="reserv-"/>
						</TextLine>
						<TextLine ID="line_17" HPOS="193" VPOS="650" WIDTH="816" HEIGHT="28">
							<String ID="string_171" HPOS="193" VPOS="650" WIDTH="132" HEIGHT="21" WC="0.93" CONTENT="stationerna"/><SP WIDTH="18" VPOS="650" HPOS="325"/>
							<String ID="string_172" HPOS="343" VPOS="650" WIDTH="45" HEIGHT="27" WC="0.92" CONTENT="höjt"/><SP WIDTH="18" VPOS="650" HPOS="388"/>
							<String ID="string_173" HPOS="406" VPOS="651" WIDTH="32" HEIGHT="27" WC="0.97" CONTENT="sig"/><SP WIDTH="18" VPOS="651" HPOS="438"/>
							<String ID="string_174" HPOS="456" VPOS="651" WIDTH="32" HEIGHT="21" WC="0.96" CONTENT="till"/><SP WIDTH="18" VPOS="651" HPOS="488"/>
							<String ID="string_175" HPOS="506" VPOS="651" WIDTH="64" HEIGHT="21" WC="0.96" CONTENT="minst"/><SP WIDTH="19" VPOS="651" HPOS="570"/>
							<String ID="string_176" HPOS="589" VPOS="651" WIDTH="26" HEIGHT="21" WC="0.96" CONTENT="16"/><SP WIDTH="19" VPOS="651" HPOS="615"/>
							<String ID="string_177" HPOS="634" VPOS="651" WIDTH="64" HEIGHT="27" WC="0.96" CONTENT="penni"/><SP WIDTH="14" VPOS="651" HPOS="698"/>
							<String ID="string_178" HPOS="712" VPOS="652" WIDTH="7" HEIGHT="20" WC="0.93" CONTENT="i"/><SP WIDTH="15" VPOS="652" HPOS="719"/>
							<String ID="string_179" HPOS="734" VPOS="650" WIDTH="83" HEIGHT="22" WC="0.92" CONTENT="landets"/><SP WIDTH="16" VPOS="650" HPOS="817"/>
							<String ID="string_180" HPOS="833" VPOS="650" WIDTH="95" HEIGHT="26" WC="0.93" CONTENT="samtliga"/><SP WIDTH="15" VPOS="650" HPOS="928"/>
							<String ID="string_181" HPOS="943" VPOS="650" WIDTH="66" HEIGHT="21" WC="0.92" CONTENT="härad"/>
						</TextLine>
						<TextLine ID="line_18" HPOS="193" VPOS="678" WIDTH="817" HEIGHT="27">
							<String ID="string_182" HPOS="193" VPOS="679" WIDTH="48" HEIGHT="21" WC="0.91" CONTENT="med"/><SP WIDTH="23" VPOS="679" HPOS="241"/>
							<String ID="string_183" HPOS="264" VPOS="679" WIDTH="109" HEIGHT="26" WC="0.91" CONTENT="undantag"/><SP WIDTH="22" VPOS="679" HPOS="373"/>
							<String ID="string_184" HPOS="395" VPOS="679" WIDTH="23" HEIGHT="21" WC="0.92" CONTENT="af"/><SP WIDTH="21" VPOS="679" HPOS="418"/>
							<String ID="string_185" HPOS="439" VPOS="680" WIDTH="81" HEIGHT="25" WC="0.91" CONTENT="Salmis,"/><SP WIDTH="23" VPOS="680" HPOS="520"/>
							<String ID="string_186" HPOS="543" VPOS="680" WIDTH="37" HEIGHT="20" WC="0.96" CONTENT="der"/><SP WIDTH="22" VPOS="680" HPOS="580"/>
							<String ID="string_187" HPOS="602" VPOS="680" WIDTH="41" HEIGHT="20" WC="0.96" CONTENT="den"/><SP WIDTH="19" VPOS="680" HPOS="643"/>
							<String ID="string_188" HPOS="662" VPOS="682" WIDTH="24" HEIGHT="18" WC="0.96" CONTENT="är"/><SP WIDTH="20" VPOS="682" HPOS="686"/>
							<String ID="string_189" HPOS="706" VPOS="680" WIDTH="25" HEIGHT="20" WC="0.96" CONTENT="14"/><SP WIDTH="19" VPOS="680" HPOS="731"/>
							<String ID="string_190" HPOS="750" VPOS="679" WIDTH="70" HEIGHT="26" WC="0.96" CONTENT="penni."/><SP WIDTH="35" VPOS="679" HPOS="820"/>
							<String ID="string_191" HPOS="855" VPOS="679" WIDTH="37" HEIGHT="21" WC="0.91" CONTENT="Att"/><SP WIDTH="18" VPOS="679" HPOS="892"/>
							<String ID="string_192" HPOS="910" VPOS="678" WIDTH="100" HEIGHT="22" WC="0.92" CONTENT="särskildt"/>
						</TextLine>
						<TextLine ID="line_19" HPOS="193" VPOS="707" WIDTH="816" HEIGHT="27">
							<String ID="string_193" HPOS="193" VPOS="707" WIDTH="147" HEIGHT="26" WC="0.92" CONTENT="egendomliga"/><SP WIDTH="18" VPOS="707" HPOS="340"/>
							<String ID="string_194" HPOS="358" VPOS="707" WIDTH="148" HEIGHT="22" WC="0.92" CONTENT="förhällanden"/><SP WIDTH="14" VPOS="707" HPOS="506"/>
							<String ID="string_195" HPOS="520" VPOS="708" WIDTH="7" HEIGHT="20" WC="0.96" CONTENT="i"/><SP WIDTH="16" VPOS="708" HPOS="527"/>
							<String ID="string_196" HPOS="543" VPOS="708" WIDTH="61" HEIGHT="21" WC="0.93" CONTENT="dessa"/><SP WIDTH="16" VPOS="708" HPOS="604"/>
							<String ID="string_197" HPOS="620" VPOS="708" WIDTH="76" HEIGHT="26" WC="0.92" CONTENT="ostliga"/><SP WIDTH="17" VPOS="708" HPOS="696"/>
							<String ID="string_198" HPOS="713" VPOS="707" WIDTH="123" HEIGHT="22" WC="0.93" CONTENT="landsdelar"/><SP WIDTH="18" VPOS="707" HPOS="836"/>
							<String ID="string_199" HPOS="854" VPOS="709" WIDTH="36" HEIGHT="19" WC="0.92" CONTENT="äro"/><SP WIDTH="19" VPOS="709" HPOS="890"/>
							<String ID="string_200" HPOS="909" VPOS="707" WIDTH="100" HEIGHT="26" WC="0.92" CONTENT="rädande,"/>
						</TextLine>
						<TextLine ID="line_20" HPOS="192" VPOS="735" WIDTH="818" HEIGHT="28">
							<String ID="string_201" HPOS="192" VPOS="735" WIDTH="62" HEIGHT="21" WC="0.96" CONTENT="torde"/><SP WIDTH="22" VPOS="735" HPOS="254"/>
							<String ID="string_202" HPOS="276" VPOS="736" WIDTH="62" HEIGHT="26" WC="0.93" CONTENT="ingen"/><SP WIDTH="23" VPOS="736" HPOS="338"/>
							<String ID="string_203" HPOS="361" VPOS="736" WIDTH="100" HEIGHT="21" WC="0.90" CONTENT="bestrida."/><SP WIDTH="37" VPOS="736" HPOS="461"/>
							<String ID="string_204" HPOS="498" VPOS="736" WIDTH="48" HEIGHT="21" WC="0.96" CONTENT="Men"/><SP WIDTH="24" VPOS="736" HPOS="546"/>
							<String ID="string_205" HPOS="570" VPOS="737" WIDTH="68" HEIGHT="20" WC="0.93" CONTENT="denna"/><SP WIDTH="17" VPOS="737" HPOS="638"/>
							<String ID="string_206" HPOS="655" VPOS="736" WIDTH="154" HEIGHT="27" WC="0.91" CONTENT="jemförelsevis"/><SP WIDTH="19" VPOS="736" HPOS="809"/>
							<String ID="string_207" HPOS="828" VPOS="735" WIDTH="48" HEIGHT="27" WC="0.92" CONTENT="läga"/><SP WIDTH="18" VPOS="735" HPOS="876"/>
							<String ID="string_208" HPOS="894" VPOS="736" WIDTH="116" HEIGHT="27" WC="0.92" CONTENT="skjutslega"/>
						</TextLine>
						<TextLine ID="line_21" HPOS="192" VPOS="763" WIDTH="817" HEIGHT="28">
							<String ID="string_209" HPOS="192" VPOS="763" WIDTH="23" HEIGHT="22" WC="0.96" CONTENT="af"/><SP WIDTH="19" VPOS="763" HPOS="215"/>
							<String ID="string_210" HPOS="234" VPOS="764" WIDTH="26" HEIGHT="21" WC="0.96" CONTENT="14"/><SP WIDTH="17" VPOS="764" HPOS="260"/>
							<String ID="string_211" HPOS="277" VPOS="765" WIDTH="64" HEIGHT="26" WC="0.96" CONTENT="penni"/><SP WIDTH="20" VPOS="765" HPOS="341"/>
							<String ID="string_212" HPOS="361" VPOS="765" WIDTH="37" HEIGHT="20" WC="0.92" CONTENT="har"/><SP WIDTH="19" VPOS="765" HPOS="398"/>
							<String ID="string_213" HPOS="417" VPOS="765" WIDTH="62" HEIGHT="21" WC="0.92" CONTENT="ocksä"/><SP WIDTH="19" VPOS="765" HPOS="479"/>
							<String ID="string_214" HPOS="498" VPOS="765" WIDTH="46" HEIGHT="20" WC="0.92" CONTENT="haft"/><SP WIDTH="16" VPOS="765" HPOS="544"/>
							<String ID="string_215" HPOS="560" VPOS="765" WIDTH="46" HEIGHT="21" WC="0.96" CONTENT="sina"/><SP WIDTH="14" VPOS="765" HPOS="606"/>
							<String ID="string_216" HPOS="620" VPOS="765" WIDTH="164" HEIGHT="21" WC="0.96" CONTENT="konsekvenser."/><SP WIDTH="31" VPOS="765" HPOS="784"/>
							<String ID="string_217" HPOS="815" VPOS="765" WIDTH="76" HEIGHT="20" WC="0.93" CONTENT="Medan"/><SP WIDTH="15" VPOS="765" HPOS="891"/>
							<String ID="string_218" HPOS="906" VPOS="764" WIDTH="103" HEIGHT="27" WC="0.89" CONTENT="nemligen"/>
						</TextLine>
						<TextLine ID="line_22" HPOS="192" VPOS="792" WIDTH="818" HEIGHT="23">
							<String ID="string_219" HPOS="192" VPOS="792" WIDTH="165" HEIGHT="22" WC="0.96" CONTENT="kommunernas"/><SP WIDTH="21" VPOS="792" HPOS="357"/>
							<String ID="string_220" HPOS="378" VPOS="793" WIDTH="115" HEIGHT="22" WC="0.95" CONTENT="kostnader"/><SP WIDTH="21" VPOS="793" HPOS="493"/>
							<String ID="string_221" HPOS="514" VPOS="793" WIDTH="33" HEIGHT="21" WC="0.93" CONTENT="för"/><SP WIDTH="22" VPOS="793" HPOS="547"/>
							<String ID="string_222" HPOS="569" VPOS="794" WIDTH="203" HEIGHT="21" WC="0.88" CONTENT="reservstationerna"/><SP WIDTH="23" VPOS="794" HPOS="772"/>
							<String ID="string_223" HPOS="795" VPOS="793" WIDTH="58" HEIGHT="21" WC="0.96" CONTENT="öfver"/><SP WIDTH="20" VPOS="793" HPOS="853"/>
							<String ID="string_224" HPOS="873" VPOS="793" WIDTH="47" HEIGHT="21" WC="0.96" CONTENT="hela"/><SP WIDTH="19" VPOS="793" HPOS="920"/>
							<String ID="string_225" HPOS="939" VPOS="793" WIDTH="71" HEIGHT="20" WC="0.96" CONTENT="landet"/>
						</TextLine>
						<TextLine ID="line_23" HPOS="192" VPOS="821" WIDTH="818" HEIGHT="28">
							<String ID="string_226" HPOS="192" VPOS="821" WIDTH="71" HEIGHT="26" WC="0.92" CONTENT="uppgä"/><SP WIDTH="19" VPOS="821" HPOS="263"/>
							<String ID="string_227" HPOS="282" VPOS="821" WIDTH="32" HEIGHT="21" WC="0.93" CONTENT="till"/><SP WIDTH="21" VPOS="821" HPOS="314"/>
							<String ID="string_228" HPOS="335" VPOS="822" WIDTH="75" HEIGHT="23" WC="0.92" CONTENT="14,999"/><SP WIDTH="18" VPOS="822" HPOS="410"/>
							<String ID="string_229" HPOS="428" VPOS="822" WIDTH="59" HEIGHT="21" WC="0.96" CONTENT="mark"/><SP WIDTH="19" VPOS="822" HPOS="487"/>
							<String ID="string_230" HPOS="506" VPOS="822" WIDTH="28" HEIGHT="21" WC="0.96" CONTENT="50"/><SP WIDTH="18" VPOS="822" HPOS="534"/>
							<String ID="string_231" HPOS="552" VPOS="823" WIDTH="70" HEIGHT="26" WC="0.93" CONTENT="penni,"/><SP WIDTH="20" VPOS="823" HPOS="622"/>
							<String ID="string_232" HPOS="642" VPOS="822" WIDTH="32" HEIGHT="21" WC="0.93" CONTENT="fär"/><SP WIDTH="16" VPOS="822" HPOS="674"/>
							<String ID="string_233" HPOS="690" VPOS="822" WIDTH="76" HEIGHT="21" WC="0.92" CONTENT="Salmis"/><SP WIDTH="16" VPOS="822" HPOS="766"/>
							<String ID="string_234" HPOS="782" VPOS="821" WIDTH="65" HEIGHT="21" WC="0.92" CONTENT="härad"/><SP WIDTH="17" VPOS="821" HPOS="847"/>
							<String ID="string_235" HPOS="864" VPOS="821" WIDTH="61" HEIGHT="21" WC="0.93" CONTENT="deraf"/><SP WIDTH="14" VPOS="821" HPOS="925"/>
							<String ID="string_236" HPOS="939" VPOS="822" WIDTH="71" HEIGHT="20" WC="0.92" CONTENT="betala"/>
						</TextLine>
						<TextLine ID="line_24" HPOS="193" VPOS="849" WIDTH="817" HEIGHT="29">
							<String ID="string_237" HPOS="193" VPOS="849" WIDTH="64" HEIGHT="26" WC="0.96" CONTENT="3,818"/><SP WIDTH="19" VPOS="849" HPOS="257"/>
							<String ID="string_238" HPOS="276" VPOS="850" WIDTH="60" HEIGHT="21" WC="0.93" CONTENT="mark"/><SP WIDTH="19" VPOS="850" HPOS="336"/>
							<String ID="string_239" HPOS="355" VPOS="850" WIDTH="19" HEIGHT="21" WC="0.92" CONTENT="d."/><SP WIDTH="19" VPOS="850" HPOS="374"/>
							<String ID="string_240" HPOS="393" VPOS="857" WIDTH="20" HEIGHT="14" WC="0.96" CONTENT="v."/><SP WIDTH="16" VPOS="857" HPOS="413"/>
							<String ID="string_241" HPOS="429" VPOS="857" WIDTH="15" HEIGHT="14" WC="0.96" CONTENT="s."/><SP WIDTH="17" VPOS="857" HPOS="444"/>
							<String ID="string_242" HPOS="461" VPOS="850" WIDTH="89" HEIGHT="27" WC="0.92" CONTENT="ungefär"/><SP WIDTH="17" VPOS="850" HPOS="550"/>
							<String ID="string_243" HPOS="567" VPOS="851" WIDTH="23" HEIGHT="27" WC="0.47" CONTENT="&#39;/s"/><SP WIDTH="16" VPOS="851" HPOS="590"/>
							<String ID="string_244" HPOS="606" VPOS="850" WIDTH="22" HEIGHT="21" WC="0.97" CONTENT="af"/><SP WIDTH="13" VPOS="850" HPOS="628"/>
							<String ID="string_245" HPOS="641" VPOS="851" WIDTH="47" HEIGHT="20" WC="0.93" CONTENT="hela"/><SP WIDTH="16" VPOS="851" HPOS="688"/>
							<String ID="string_246" HPOS="704" VPOS="850" WIDTH="126" HEIGHT="21" WC="0.96" CONTENT="kostnaden."/><SP WIDTH="30" VPOS="850" HPOS="830"/>
							<String ID="string_247" HPOS="860" VPOS="850" WIDTH="66" HEIGHT="21" WC="0.93" CONTENT="Dessa"/><SP WIDTH="15" VPOS="850" HPOS="926"/>
							<String ID="string_248" HPOS="941" VPOS="850" WIDTH="69" HEIGHT="21" WC="0.96" CONTENT="siffror"/>
						</TextLine>
						<TextLine ID="line_25" HPOS="192" VPOS="878" WIDTH="817" HEIGHT="27">
							<String ID="string_249" HPOS="192" VPOS="878" WIDTH="67" HEIGHT="26" WC="0.93" CONTENT="torde,"/><SP WIDTH="16" VPOS="878" HPOS="259"/>
							<String ID="string_250" HPOS="275" VPOS="878" WIDTH="69" HEIGHT="21" WC="0.92" CONTENT="säsom"/><SP WIDTH="15" VPOS="878" HPOS="344"/>
							<String ID="string_251" HPOS="359" VPOS="879" WIDTH="79" HEIGHT="26" WC="0.91" CONTENT="nämdt,"/><SP WIDTH="19" VPOS="879" HPOS="438"/>
							<String ID="string_252" HPOS="457" VPOS="879" WIDTH="7" HEIGHT="21" WC="0.93" CONTENT="i"/><SP WIDTH="19" VPOS="879" HPOS="464"/>
							<String ID="string_253" HPOS="483" VPOS="879" WIDTH="69" HEIGHT="26" WC="0.92" CONTENT="nägon"/><SP WIDTH="18" VPOS="879" HPOS="552"/>
							<String ID="string_254" HPOS="570" VPOS="879" WIDTH="48" HEIGHT="21" WC="0.93" CONTENT="män"/><SP WIDTH="20" VPOS="879" HPOS="618"/>
							<String ID="string_255" HPOS="638" VPOS="879" WIDTH="137" HEIGHT="26" WC="0.92" CONTENT="ädagalägga,"/><SP WIDTH="21" VPOS="879" HPOS="775"/>
							<String ID="string_256" HPOS="796" VPOS="880" WIDTH="31" HEIGHT="19" WC="0.96" CONTENT="att"/><SP WIDTH="21" VPOS="880" HPOS="827"/>
							<String ID="string_257" HPOS="848" VPOS="879" WIDTH="24" HEIGHT="20" WC="0.96" CONTENT="16"/><SP WIDTH="19" VPOS="879" HPOS="872"/>
							<String ID="string_258" HPOS="891" VPOS="879" WIDTH="62" HEIGHT="26" WC="0.96" CONTENT="penni"/><SP WIDTH="19" VPOS="879" HPOS="953"/>
							<String ID="string_259" HPOS="972" VPOS="885" WIDTH="37" HEIGHT="20" WC="0.96" CONTENT="per"/>
						</TextLine>
						<TextLine ID="line_26" HPOS="192" VPOS="907" WIDTH="818" HEIGHT="27">
							<String ID="string_260" HPOS="192" VPOS="908" WIDTH="58" HEIGHT="19" WC="0.90" CONTENT="verst"/><SP WIDTH="21" VPOS="908" HPOS="250"/>
							<String ID="string_261" HPOS="271" VPOS="907" WIDTH="107" HEIGHT="26" WC="0.90" CONTENT="verkligen"/><SP WIDTH="23" VPOS="907" HPOS="378"/>
							<String ID="string_262" HPOS="401" VPOS="909" WIDTH="23" HEIGHT="19" WC="0.95" CONTENT="är"/><SP WIDTH="23" VPOS="909" HPOS="424"/>
							<String ID="string_263" HPOS="447" VPOS="908" WIDTH="36" HEIGHT="21" WC="0.95" CONTENT="det"/><SP WIDTH="18" VPOS="908" HPOS="483"/>
							<String ID="string_264" HPOS="501" VPOS="908" WIDTH="70" HEIGHT="26" WC="0.95" CONTENT="värde,"/><SP WIDTH="21" VPOS="908" HPOS="571"/>
							<String ID="string_265" HPOS="592" VPOS="914" WIDTH="44" HEIGHT="15" WC="0.90" CONTENT="som"/><SP WIDTH="20" VPOS="914" HPOS="636"/>
							<String ID="string_266" HPOS="656" VPOS="907" WIDTH="214" HEIGHT="27" WC="0.90" CONTENT="skjutsningsarbetet"/><SP WIDTH="18" VPOS="907" HPOS="870"/>
							<String ID="string_267" HPOS="888" VPOS="907" WIDTH="42" HEIGHT="20" WC="0.96" CONTENT="kan"/><SP WIDTH="19" VPOS="907" HPOS="930"/>
							<String ID="string_268" HPOS="949" VPOS="913" WIDTH="61" HEIGHT="15" WC="0.96" CONTENT="anses"/>
						</TextLine>
						<TextLine ID="line_27" HPOS="192" VPOS="935" WIDTH="818" HEIGHT="28">
							<String ID="string_269" HPOS="192" VPOS="935" WIDTH="70" HEIGHT="21" WC="0.90" CONTENT="hafva."/><SP WIDTH="33" VPOS="935" HPOS="262"/>
							<String ID="string_270" HPOS="295" VPOS="935" WIDTH="34" HEIGHT="21" WC="0.85" CONTENT="Då"/><SP WIDTH="18" VPOS="935" HPOS="329"/>
							<String ID="string_271" HPOS="347" VPOS="935" WIDTH="104" HEIGHT="22" WC="0.96" CONTENT="utskottet"/><SP WIDTH="18" VPOS="935" HPOS="451"/>
							<String ID="string_272" HPOS="469" VPOS="936" WIDTH="108" HEIGHT="27" WC="0.96" CONTENT="föreslagit"/><SP WIDTH="20" VPOS="936" HPOS="577"/>
							<String ID="string_273" HPOS="597" VPOS="937" WIDTH="25" HEIGHT="21" WC="0.96" CONTENT="15"/><SP WIDTH="19" VPOS="937" HPOS="622"/>
							<String ID="string_274" HPOS="641" VPOS="937" WIDTH="63" HEIGHT="26" WC="0.96" CONTENT="penni"/><SP WIDTH="18" VPOS="937" HPOS="704"/>
							<String ID="string_275" HPOS="722" VPOS="942" WIDTH="38" HEIGHT="21" WC="0.96" CONTENT="per"/><SP WIDTH="20" VPOS="942" HPOS="760"/>
							<String ID="string_276" HPOS="780" VPOS="935" WIDTH="118" HEIGHT="26" WC="0.96" CONTENT="kilometer,"/><SP WIDTH="18" VPOS="935" HPOS="898"/>
							<String ID="string_277" HPOS="916" VPOS="935" WIDTH="39" HEIGHT="22" WC="0.96" CONTENT="har"/><SP WIDTH="19" VPOS="935" HPOS="955"/>
							<String ID="string_278" HPOS="974" VPOS="936" WIDTH="36" HEIGHT="20" WC="0.96" CONTENT="det"/>
						</TextLine>
						<TextLine ID="line_28" HPOS="191" VPOS="963" WIDTH="818" HEIGHT="28">
							<String ID="string_279" HPOS="191" VPOS="963" WIDTH="48" HEIGHT="21" WC="0.92" CONTENT="icke"/><SP WIDTH="16" VPOS="963" HPOS="239"/>
							<String ID="string_280" HPOS="255" VPOS="964" WIDTH="72" HEIGHT="26" WC="0.93" CONTENT="heller,"/><SP WIDTH="16" VPOS="964" HPOS="327"/>
							<String ID="string_281" HPOS="343" VPOS="964" WIDTH="68" HEIGHT="21" WC="0.92" CONTENT="säsom"/><SP WIDTH="11" VPOS="964" HPOS="411"/>
							<String ID="string_282" HPOS="422" VPOS="965" WIDTH="25" HEIGHT="20" WC="0.93" CONTENT="hr"/><SP WIDTH="12" VPOS="965" HPOS="447"/>
							<String ID="string_283" HPOS="459" VPOS="965" WIDTH="105" HEIGHT="26" WC="0.92" CONTENT="Clouberg"/><SP WIDTH="10" VPOS="965" HPOS="564"/>
							<String ID="string_284" HPOS="574" VPOS="965" WIDTH="122" HEIGHT="25" WC="0.92" CONTENT="framhällit,"/><SP WIDTH="12" VPOS="965" HPOS="696"/>
							<String ID="string_285" HPOS="708" VPOS="964" WIDTH="91" HEIGHT="27" WC="0.92" CONTENT="päyrkat"/><SP WIDTH="12" VPOS="964" HPOS="799"/>
							<String ID="string_286" HPOS="811" VPOS="964" WIDTH="68" HEIGHT="26" WC="0.93" CONTENT="nägon"/><SP WIDTH="11" VPOS="964" HPOS="879"/>
							<String ID="string_287" HPOS="890" VPOS="964" WIDTH="119" HEIGHT="27" WC="0.92" CONTENT="förhöjning"/>
						</TextLine>
						<TextLine ID="line_29" HPOS="192" VPOS="991" WIDTH="817" HEIGHT="29">
							<String ID="string_288" HPOS="192" VPOS="991" WIDTH="23" HEIGHT="22" WC="0.96" CONTENT="af"/><SP WIDTH="13" VPOS="991" HPOS="215"/>
							<String ID="string_289" HPOS="228" VPOS="992" WIDTH="40" HEIGHT="21" WC="0.96" CONTENT="den"/><SP WIDTH="16" VPOS="992" HPOS="268"/>
							<String ID="string_290" HPOS="284" VPOS="993" WIDTH="120" HEIGHT="20" WC="0.93" CONTENT="nuvarande"/><SP WIDTH="14" VPOS="993" HPOS="404"/>
							<String ID="string_291" HPOS="418" VPOS="993" WIDTH="136" HEIGHT="27" WC="0.91" CONTENT="skjutslegan."/><SP WIDTH="30" VPOS="993" HPOS="554"/>
							<String ID="string_292" HPOS="584" VPOS="993" WIDTH="109" HEIGHT="21" WC="0.91" CONTENT="Utskottet"/><SP WIDTH="16" VPOS="993" HPOS="693"/>
							<String ID="string_293" HPOS="709" VPOS="993" WIDTH="37" HEIGHT="21" WC="0.93" CONTENT="har"/><SP WIDTH="15" VPOS="993" HPOS="746"/>
							<String ID="string_294" HPOS="761" VPOS="993" WIDTH="96" HEIGHT="20" WC="0.92" CONTENT="faststält"/><SP WIDTH="12" VPOS="993" HPOS="857"/>
							<String ID="string_295" HPOS="869" VPOS="993" WIDTH="140" HEIGHT="26" WC="0.92" CONTENT="skjutslegans"/>
						</TextLine>
						<TextLine ID="line_30" HPOS="191" VPOS="1020" WIDTH="817" HEIGHT="28">
							<String ID="string_296" HPOS="191" VPOS="1020" WIDTH="78" HEIGHT="27" WC="0.91" CONTENT="belopp"/><SP WIDTH="20" VPOS="1020" HPOS="269"/>
							<String ID="string_297" HPOS="289" VPOS="1021" WIDTH="23" HEIGHT="21" WC="0.96" CONTENT="sä"/><SP WIDTH="15" VPOS="1021" HPOS="312"/>
							<String ID="string_298" HPOS="327" VPOS="1023" WIDTH="51" HEIGHT="19" WC="0.96" CONTENT="nära"/><SP WIDTH="14" VPOS="1023" HPOS="378"/>
							<String ID="string_299" HPOS="392" VPOS="1021" WIDTH="36" HEIGHT="21" WC="0.96" CONTENT="det"/><SP WIDTH="15" VPOS="1021" HPOS="428"/>
							<String ID="string_300" HPOS="443" VPOS="1022" WIDTH="121" HEIGHT="21" WC="0.96" CONTENT="nuvarande"/><SP WIDTH="15" VPOS="1022" HPOS="564"/>
							<String ID="string_301" HPOS="579" VPOS="1022" WIDTH="100" HEIGHT="26" WC="0.96" CONTENT="beloppet"/><SP WIDTH="15" VPOS="1022" HPOS="679"/>
							<String ID="string_302" HPOS="694" VPOS="1028" WIDTH="44" HEIGHT="15" WC="0.93" CONTENT="som"/><SP WIDTH="16" VPOS="1028" HPOS="738"/>
							<String ID="string_303" HPOS="754" VPOS="1021" WIDTH="112" HEIGHT="26" WC="0.92" CONTENT="rimligtvis"/><SP WIDTH="15" VPOS="1021" HPOS="866"/>
							<String ID="string_304" HPOS="881" VPOS="1021" WIDTH="69" HEIGHT="21" WC="0.93" CONTENT="kunde"/><SP WIDTH="15" VPOS="1021" HPOS="950"/>
							<String ID="string_305" HPOS="965" VPOS="1021" WIDTH="43" HEIGHT="21" WC="0.92" CONTENT="ske."/>
						</TextLine>
						<TextLine ID="line_31" HPOS="193" VPOS="1049" WIDTH="816" HEIGHT="27">
							<String ID="string_306" HPOS="193" VPOS="1049" WIDTH="26" HEIGHT="21" WC="0.96" CONTENT="15"/><SP WIDTH="16" VPOS="1049" HPOS="219"/>
							<String ID="string_307" HPOS="235" VPOS="1049" WIDTH="63" HEIGHT="26" WC="0.96" CONTENT="penni"/><SP WIDTH="15" VPOS="1049" HPOS="298"/>
							<String ID="string_308" HPOS="313" VPOS="1056" WIDTH="38" HEIGHT="20" WC="0.96" CONTENT="per"/><SP WIDTH="14" VPOS="1056" HPOS="351"/>
							<String ID="string_309" HPOS="365" VPOS="1050" WIDTH="111" HEIGHT="21" WC="0.96" CONTENT="kilometer"/><SP WIDTH="15" VPOS="1050" HPOS="476"/>
							<String ID="string_310" HPOS="491" VPOS="1052" WIDTH="62" HEIGHT="24" WC="0.93" CONTENT="utgör"/><SP WIDTH="15" VPOS="1052" HPOS="553"/>
							<String ID="string_311" HPOS="568" VPOS="1051" WIDTH="104" HEIGHT="25" WC="0.92" CONTENT="nemligen"/><SP WIDTH="17" VPOS="1051" HPOS="672"/>
							<String ID="string_312" HPOS="689" VPOS="1051" WIDTH="56" HEIGHT="25" WC="0.96" CONTENT="16,03"/><SP WIDTH="16" VPOS="1051" HPOS="745"/>
							<String ID="string_313" HPOS="761" VPOS="1050" WIDTH="64" HEIGHT="26" WC="0.96" CONTENT="penni"/><SP WIDTH="15" VPOS="1050" HPOS="825"/>
							<String ID="string_314" HPOS="840" VPOS="1055" WIDTH="37" HEIGHT="21" WC="0.93" CONTENT="per"/><SP WIDTH="13" VPOS="1055" HPOS="877"/>
							<String ID="string_315" HPOS="890" VPOS="1052" WIDTH="61" HEIGHT="23" WC="0.92" CONTENT="verst,"/><SP WIDTH="12" VPOS="1052" HPOS="951"/>
							<String ID="string_316" HPOS="963" VPOS="1050" WIDTH="46" HEIGHT="20" WC="0.93" CONTENT="icke"/>
						</TextLine>
						<TextLine ID="line_32" HPOS="192" VPOS="1077" WIDTH="817" HEIGHT="28">
							<String ID="string_317" HPOS="192" VPOS="1077" WIDTH="56" HEIGHT="27" WC="0.93" CONTENT="16,18"/><SP WIDTH="20" VPOS="1077" HPOS="248"/>
							<String ID="string_318" HPOS="268" VPOS="1078" WIDTH="69" HEIGHT="21" WC="0.92" CONTENT="säsom"/><SP WIDTH="16" VPOS="1078" HPOS="337"/>
							<String ID="string_319" HPOS="353" VPOS="1078" WIDTH="35" HEIGHT="21" WC="0.93" CONTENT="det"/><SP WIDTH="15" VPOS="1078" HPOS="388"/>
							<String ID="string_320" HPOS="403" VPOS="1080" WIDTH="60" HEIGHT="25" WC="0.92" CONTENT="säges"/><SP WIDTH="14" VPOS="1080" HPOS="463"/>
							<String ID="string_321" HPOS="477" VPOS="1079" WIDTH="7" HEIGHT="20" WC="0.96" CONTENT="i"/><SP WIDTH="15" VPOS="1079" HPOS="484"/>
							<String ID="string_322" HPOS="499" VPOS="1085" WIDTH="25" HEIGHT="15" WC="0.96" CONTENT="en"/><SP WIDTH="17" VPOS="1085" HPOS="524"/>
							<String ID="string_323" HPOS="541" VPOS="1078" WIDTH="22" HEIGHT="21" WC="0.97" CONTENT="af"/><SP WIDTH="13" VPOS="1078" HPOS="563"/>
							<String ID="string_324" HPOS="576" VPOS="1079" WIDTH="26" HEIGHT="20" WC="0.96" CONTENT="de"/><SP WIDTH="16" VPOS="1079" HPOS="602"/>
							<String ID="string_325" HPOS="618" VPOS="1079" WIDTH="32" HEIGHT="20" WC="0.93" CONTENT="till"/><SP WIDTH="15" VPOS="1079" HPOS="650"/>
							<String ID="string_326" HPOS="665" VPOS="1078" WIDTH="145" HEIGHT="22" WC="0.92" CONTENT="betänkandet"/><SP WIDTH="15" VPOS="1078" HPOS="810"/>
							<String ID="string_327" HPOS="825" VPOS="1078" WIDTH="76" HEIGHT="26" WC="0.92" CONTENT="fogade"/><SP WIDTH="14" VPOS="1078" HPOS="901"/>
							<String ID="string_328" HPOS="915" VPOS="1084" WIDTH="94" HEIGHT="15" WC="0.92" CONTENT="reserva-"/>
						</TextLine>
						<TextLine ID="line_33" HPOS="191" VPOS="1105" WIDTH="105" HEIGHT="22">
							<String ID="string_329" HPOS="191" VPOS="1105" WIDTH="105" HEIGHT="22" WC="0.93" CONTENT="tionerna."/>
						</TextLine>
					</TextBlock>
					<TextBlock ID="block_2" HPOS="187" VPOS="1135" WIDTH="824" HEIGHT="426">
						<TextLine ID="line_34" HPOS="260" VPOS="1135" WIDTH="751" HEIGHT="27">
							<String ID="string_330" HPOS="260" VPOS="1135" WIDTH="31" HEIGHT="20" WC="0.96" CONTENT="Hr"/><SP WIDTH="19" VPOS="1135" HPOS="291"/>
							<String ID="string_331" HPOS="310" VPOS="1135" WIDTH="77" HEIGHT="21" WC="0.93" CONTENT="Lille:"/><SP WIDTH="24" VPOS="1135" HPOS="387"/>
							<String ID="string_332" HPOS="411" VPOS="1135" WIDTH="74" HEIGHT="21" WC="0.93" CONTENT="Ehuru"/><SP WIDTH="13" VPOS="1135" HPOS="485"/>
							<String ID="string_333" HPOS="498" VPOS="1136" WIDTH="37" HEIGHT="26" WC="0.93" CONTENT="jag"/><SP WIDTH="14" VPOS="1136" HPOS="535"/>
							<String ID="string_334" HPOS="549" VPOS="1136" WIDTH="47" HEIGHT="20" WC="0.90" CONTENT="icke"/><SP WIDTH="15" VPOS="1136" HPOS="596"/>
							<String ID="string_335" HPOS="611" VPOS="1136" WIDTH="39" HEIGHT="20" WC="0.96" CONTENT="har"/><SP WIDTH="14" VPOS="1136" HPOS="650"/>
							<String ID="string_336" HPOS="664" VPOS="1136" WIDTH="41" HEIGHT="20" WC="0.93" CONTENT="den"/><SP WIDTH="15" VPOS="1136" HPOS="705"/>
							<String ID="string_337" HPOS="720" VPOS="1136" WIDTH="94" HEIGHT="25" WC="0.92" CONTENT="ringaste"/><SP WIDTH="14" VPOS="1136" HPOS="814"/>
							<String ID="string_338" HPOS="828" VPOS="1135" WIDTH="75" HEIGHT="26" WC="0.91" CONTENT="utsigt,"/><SP WIDTH="14" VPOS="1135" HPOS="903"/>
							<String ID="string_339" HPOS="917" VPOS="1137" WIDTH="30" HEIGHT="19" WC="0.96" CONTENT="att"/><SP WIDTH="14" VPOS="1137" HPOS="947"/>
							<String ID="string_340" HPOS="961" VPOS="1135" WIDTH="50" HEIGHT="21" WC="0.97" CONTENT="mitt"/>
						</TextLine>
						<TextLine ID="line_35" HPOS="191" VPOS="1161" WIDTH="818" HEIGHT="29">
							<String ID="string_341" HPOS="191" VPOS="1161" WIDTH="80" HEIGHT="28" WC="0.96" CONTENT="förslag"/><SP WIDTH="22" VPOS="1161" HPOS="271"/>
							<String ID="string_342" HPOS="293" VPOS="1163" WIDTH="53" HEIGHT="21" WC="0.93" CONTENT="skall"/><SP WIDTH="18" VPOS="1163" HPOS="346"/>
							<String ID="string_343" HPOS="364" VPOS="1166" WIDTH="93" HEIGHT="24" WC="0.93" CONTENT="antagas,"/><SP WIDTH="17" VPOS="1166" HPOS="457"/>
							<String ID="string_344" HPOS="474" VPOS="1164" WIDTH="27" HEIGHT="21" WC="0.93" CONTENT="dä"/><SP WIDTH="14" VPOS="1164" HPOS="501"/>
							<String ID="string_345" HPOS="515" VPOS="1164" WIDTH="47" HEIGHT="21" WC="0.89" CONTENT="icke"/><SP WIDTH="16" VPOS="1164" HPOS="562"/>
							<String ID="string_346" HPOS="578" VPOS="1170" WIDTH="36" HEIGHT="15" WC="0.96" CONTENT="ens"/><SP WIDTH="16" VPOS="1170" HPOS="614"/>
							<String ID="string_347" HPOS="630" VPOS="1164" WIDTH="24" HEIGHT="20" WC="0.93" CONTENT="hr"/><SP WIDTH="15" VPOS="1164" HPOS="654"/>
							<String ID="string_348" HPOS="669" VPOS="1164" WIDTH="163" HEIGHT="26" WC="0.92" CONTENT="Neppenström,"/><SP WIDTH="16" VPOS="1164" HPOS="832"/>
							<String ID="string_349" HPOS="848" VPOS="1163" WIDTH="83" HEIGHT="21" WC="0.92" CONTENT="hvilken"/><SP WIDTH="16" VPOS="1163" HPOS="931"/>
							<String ID="string_350" HPOS="947" VPOS="1163" WIDTH="62" HEIGHT="26" WC="0.91" CONTENT="utgär"/>
						</TextLine>
						<TextLine ID="line_36" HPOS="190" VPOS="1190" WIDTH="819" HEIGHT="29">
							<String ID="string_351" HPOS="190" VPOS="1190" WIDTH="47" HEIGHT="21" WC="0.92" CONTENT="frän"/><SP WIDTH="16" VPOS="1190" HPOS="237"/>
							<String ID="string_352" HPOS="253" VPOS="1197" WIDTH="81" HEIGHT="15" WC="0.92" CONTENT="samma"/><SP WIDTH="14" VPOS="1197" HPOS="334"/>
							<String ID="string_353" HPOS="348" VPOS="1191" WIDTH="151" HEIGHT="28" WC="0.89" CONTENT="förutsättning"/><SP WIDTH="15" VPOS="1191" HPOS="499"/>
							<String ID="string_354" HPOS="514" VPOS="1198" WIDTH="45" HEIGHT="15" WC="0.96" CONTENT="som"/><SP WIDTH="13" VPOS="1198" HPOS="559"/>
							<String ID="string_355" HPOS="572" VPOS="1193" WIDTH="42" HEIGHT="26" WC="0.93" CONTENT="jag,"/><SP WIDTH="18" VPOS="1193" HPOS="614"/>
							<String ID="string_356" HPOS="632" VPOS="1195" WIDTH="70" HEIGHT="18" WC="0.93" CONTENT="ansett"/><SP WIDTH="14" VPOS="1195" HPOS="702"/>
							<String ID="string_357" HPOS="716" VPOS="1192" WIDTH="50" HEIGHT="21" WC="0.92" CONTENT="löna"/><SP WIDTH="15" VPOS="1192" HPOS="766"/>
							<String ID="string_358" HPOS="781" VPOS="1192" WIDTH="85" HEIGHT="26" WC="0.92" CONTENT="mödan,"/><SP WIDTH="16" VPOS="1192" HPOS="866"/>
							<String ID="string_359" HPOS="882" VPOS="1193" WIDTH="31" HEIGHT="20" WC="0.93" CONTENT="att"/><SP WIDTH="14" VPOS="1193" HPOS="913"/>
							<String ID="string_360" HPOS="927" VPOS="1192" WIDTH="82" HEIGHT="20" WC="0.88" CONTENT="direkte"/>
						</TextLine>
						<TextLine ID="line_37" HPOS="190" VPOS="1219" WIDTH="819" HEIGHT="29">
							<String ID="string_361" HPOS="190" VPOS="1219" WIDTH="131" HEIGHT="22" WC="0.90" CONTENT="understöda"/><SP WIDTH="22" VPOS="1219" HPOS="321"/>
							<String ID="string_362" HPOS="343" VPOS="1220" WIDTH="122" HEIGHT="26" WC="0.92" CONTENT="detsamma,"/><SP WIDTH="18" VPOS="1220" HPOS="465"/>
							<String ID="string_363" HPOS="483" VPOS="1221" WIDTH="36" HEIGHT="21" WC="0.96" CONTENT="vill"/><SP WIDTH="16" VPOS="1221" HPOS="519"/>
							<String ID="string_364" HPOS="535" VPOS="1221" WIDTH="33" HEIGHT="27" WC="0.96" CONTENT="jag"/><SP WIDTH="16" VPOS="1221" HPOS="568"/>
							<String ID="string_365" HPOS="584" VPOS="1221" WIDTH="54" HEIGHT="21" WC="0.96" CONTENT="dock"/><SP WIDTH="16" VPOS="1221" HPOS="638"/>
							<String ID="string_366" HPOS="654" VPOS="1221" WIDTH="47" HEIGHT="21" WC="0.96" CONTENT="med"/><SP WIDTH="16" VPOS="1221" HPOS="701"/>
							<String ID="string_367" HPOS="717" VPOS="1222" WIDTH="30" HEIGHT="20" WC="0.96" CONTENT="ett"/><SP WIDTH="16" VPOS="1222" HPOS="747"/>
							<String ID="string_368" HPOS="763" VPOS="1226" WIDTH="39" HEIGHT="21" WC="0.96" CONTENT="par"/><SP WIDTH="16" VPOS="1226" HPOS="802"/>
							<String ID="string_369" HPOS="818" VPOS="1221" WIDTH="38" HEIGHT="20" WC="0.93" CONTENT="ord"/><SP WIDTH="14" VPOS="1221" HPOS="856"/>
							<String ID="string_370" HPOS="870" VPOS="1222" WIDTH="93" HEIGHT="25" WC="0.93" CONTENT="upptaga"/><SP WIDTH="14" VPOS="1222" HPOS="963"/>
							<String ID="string_371" HPOS="977" VPOS="1220" WIDTH="32" HEIGHT="21" WC="0.96" CONTENT="till"/>
						</TextLine>
						<TextLine ID="line_38" HPOS="190" VPOS="1248" WIDTH="818" HEIGHT="28">
							<String ID="string_372" HPOS="190" VPOS="1248" WIDTH="129" HEIGHT="21" WC="0.90" CONTENT="bemötande"/><SP WIDTH="16" VPOS="1248" HPOS="319"/>
							<String ID="string_373" HPOS="335" VPOS="1248" WIDTH="25" HEIGHT="21" WC="0.93" CONTENT="de"/><SP WIDTH="15" VPOS="1248" HPOS="360"/>
							<String ID="string_374" HPOS="375" VPOS="1250" WIDTH="168" HEIGHT="26" WC="0.92" CONTENT="anmärkningar,"/><SP WIDTH="16" VPOS="1250" HPOS="543"/>
							<String ID="string_375" HPOS="559" VPOS="1250" WIDTH="37" HEIGHT="20" WC="0.95" CONTENT="hrr"/><SP WIDTH="14" VPOS="1250" HPOS="596"/>
							<String ID="string_376" HPOS="610" VPOS="1250" WIDTH="76" HEIGHT="26" WC="0.97" CONTENT="Elving"/><SP WIDTH="11" VPOS="1250" HPOS="686"/>
							<String ID="string_377" HPOS="697" VPOS="1249" WIDTH="38" HEIGHT="22" WC="0.96" CONTENT="och"/><SP WIDTH="11" VPOS="1249" HPOS="735"/>
							<String ID="string_378" HPOS="746" VPOS="1249" WIDTH="119" HEIGHT="21" WC="0.93" CONTENT="Rönnbäck"/><SP WIDTH="10" VPOS="1249" HPOS="865"/>
							<String ID="string_379" HPOS="875" VPOS="1248" WIDTH="61" HEIGHT="22" WC="0.91" CONTENT="hafva"/><SP WIDTH="11" VPOS="1248" HPOS="936"/>
							<String ID="string_380" HPOS="947" VPOS="1248" WIDTH="61" HEIGHT="27" WC="0.96" CONTENT="gjort."/>
						</TextLine>
						<TextLine ID="line_39" HPOS="190" VPOS="1276" WIDTH="819" HEIGHT="28">
							<String ID="string_381" HPOS="190" VPOS="1276" WIDTH="32" HEIGHT="20" WC="0.96" CONTENT="Hr"/><SP WIDTH="15" VPOS="1276" HPOS="222"/>
							<String ID="string_382" HPOS="237" VPOS="1276" WIDTH="76" HEIGHT="27" WC="0.93" CONTENT="Elving"/><SP WIDTH="15" VPOS="1276" HPOS="313"/>
							<String ID="string_383" HPOS="328" VPOS="1277" WIDTH="104" HEIGHT="25" WC="0.92" CONTENT="framhöll,"/><SP WIDTH="16" VPOS="1277" HPOS="432"/>
							<String ID="string_384" HPOS="448" VPOS="1280" WIDTH="32" HEIGHT="19" WC="0.96" CONTENT="att"/><SP WIDTH="15" VPOS="1280" HPOS="480"/>
							<String ID="string_385" HPOS="495" VPOS="1278" WIDTH="35" HEIGHT="21" WC="0.96" CONTENT="det"/><SP WIDTH="14" VPOS="1278" HPOS="530"/>
							<String ID="string_386" HPOS="544" VPOS="1278" WIDTH="39" HEIGHT="21" WC="0.97" CONTENT="bör"/><SP WIDTH="16" VPOS="1278" HPOS="583"/>
							<String ID="string_387" HPOS="599" VPOS="1284" WIDTH="50" HEIGHT="15" WC="0.93" CONTENT="vara"/><SP WIDTH="15" VPOS="1284" HPOS="649"/>
							<String ID="string_388" HPOS="664" VPOS="1278" WIDTH="145" HEIGHT="26" WC="0.92" CONTENT="lagstiftarens"/><SP WIDTH="14" VPOS="1278" HPOS="809"/>
							<String ID="string_389" HPOS="823" VPOS="1277" WIDTH="82" HEIGHT="27" WC="0.91" CONTENT="uppgift"/><SP WIDTH="11" VPOS="1277" HPOS="905"/>
							<String ID="string_390" HPOS="916" VPOS="1279" WIDTH="31" HEIGHT="19" WC="0.93" CONTENT="att"/><SP WIDTH="11" VPOS="1279" HPOS="947"/>
							<String ID="string_391" HPOS="958" VPOS="1276" WIDTH="51" HEIGHT="22" WC="0.93" CONTENT="fast-"/>
						</TextLine>
						<TextLine ID="line_40" HPOS="190" VPOS="1305" WIDTH="819" HEIGHT="29">
							<String ID="string_392" HPOS="190" VPOS="1305" WIDTH="63" HEIGHT="21" WC="0.92" CONTENT="ställa"/><SP WIDTH="22" VPOS="1305" HPOS="253"/>
							<String ID="string_393" HPOS="275" VPOS="1305" WIDTH="129" HEIGHT="27" WC="0.92" CONTENT="skjutslegan"/><SP WIDTH="24" VPOS="1305" HPOS="404"/>
							<String ID="string_394" HPOS="428" VPOS="1306" WIDTH="32" HEIGHT="21" WC="0.93" CONTENT="till"/><SP WIDTH="22" VPOS="1306" HPOS="460"/>
							<String ID="string_395" HPOS="482" VPOS="1306" WIDTH="76" HEIGHT="21" WC="0.91" CONTENT="sädant"/><SP WIDTH="22" VPOS="1306" HPOS="558"/>
							<String ID="string_396" HPOS="580" VPOS="1306" WIDTH="84" HEIGHT="28" WC="0.92" CONTENT="belopp,"/><SP WIDTH="23" VPOS="1306" HPOS="664"/>
							<String ID="string_397" HPOS="687" VPOS="1308" WIDTH="32" HEIGHT="19" WC="0.93" CONTENT="att"/><SP WIDTH="14" VPOS="1308" HPOS="719"/>
							<String ID="string_398" HPOS="733" VPOS="1306" WIDTH="93" HEIGHT="21" WC="0.93" CONTENT="trafiken"/><SP WIDTH="16" VPOS="1306" HPOS="826"/>
							<String ID="string_399" HPOS="842" VPOS="1306" WIDTH="54" HEIGHT="20" WC="0.93" CONTENT="skall"/><SP WIDTH="16" VPOS="1306" HPOS="896"/>
							<String ID="string_400" HPOS="912" VPOS="1306" WIDTH="50" HEIGHT="20" WC="0.93" CONTENT="bära"/><SP WIDTH="15" VPOS="1306" HPOS="962"/>
							<String ID="string_401" HPOS="977" VPOS="1306" WIDTH="32" HEIGHT="25" WC="0.96" CONTENT="sig"/>
						</TextLine>
						<TextLine ID="line_41" HPOS="189" VPOS="1333" WIDTH="820" HEIGHT="29">
							<String ID="string_402" HPOS="189" VPOS="1333" WIDTH="54" HEIGHT="26" WC="0.92" CONTENT="sjelf."/><SP WIDTH="29" VPOS="1333" HPOS="243"/>
							<String ID="string_403" HPOS="272" VPOS="1334" WIDTH="42" HEIGHT="26" WC="0.92" CONTENT="Jag"/><SP WIDTH="21" VPOS="1334" HPOS="314"/>
							<String ID="string_404" HPOS="335" VPOS="1336" WIDTH="51" HEIGHT="24" WC="0.92" CONTENT="tror,"/><SP WIDTH="23" VPOS="1336" HPOS="386"/>
							<String ID="string_405" HPOS="409" VPOS="1337" WIDTH="32" HEIGHT="19" WC="0.96" CONTENT="att"/><SP WIDTH="18" VPOS="1337" HPOS="441"/>
							<String ID="string_406" HPOS="459" VPOS="1336" WIDTH="31" HEIGHT="20" WC="0.93" CONTENT="ett"/><SP WIDTH="15" VPOS="1336" HPOS="490"/>
							<String ID="string_407" HPOS="505" VPOS="1335" WIDTH="77" HEIGHT="27" WC="0.92" CONTENT="belopp"/><SP WIDTH="16" VPOS="1335" HPOS="582"/>
							<String ID="string_408" HPOS="598" VPOS="1335" WIDTH="22" HEIGHT="21" WC="0.96" CONTENT="af"/><SP WIDTH="15" VPOS="1335" HPOS="620"/>
							<String ID="string_409" HPOS="635" VPOS="1336" WIDTH="25" HEIGHT="20" WC="0.96" CONTENT="12"/><SP WIDTH="15" VPOS="1336" HPOS="660"/>
							<String ID="string_410" HPOS="675" VPOS="1335" WIDTH="63" HEIGHT="27" WC="0.97" CONTENT="penni"/><SP WIDTH="16" VPOS="1335" HPOS="738"/>
							<String ID="string_411" HPOS="754" VPOS="1340" WIDTH="39" HEIGHT="21" WC="0.96" CONTENT="per"/><SP WIDTH="15" VPOS="1340" HPOS="793"/>
							<String ID="string_412" HPOS="808" VPOS="1334" WIDTH="117" HEIGHT="26" WC="0.93" CONTENT="kilometer,"/><SP WIDTH="16" VPOS="1334" HPOS="925"/>
							<String ID="string_413" HPOS="941" VPOS="1334" WIDTH="68" HEIGHT="20" WC="0.92" CONTENT="säsom"/>
						</TextLine>
						<TextLine ID="line_42" HPOS="188" VPOS="1361" WIDTH="820" HEIGHT="28">
							<String ID="string_414" HPOS="188" VPOS="1361" WIDTH="36" HEIGHT="27" WC="0.96" CONTENT="jag"/><SP WIDTH="15" VPOS="1361" HPOS="224"/>
							<String ID="string_415" HPOS="239" VPOS="1362" WIDTH="66" HEIGHT="21" WC="0.93" CONTENT="redan"/><SP WIDTH="15" VPOS="1362" HPOS="305"/>
							<String ID="string_416" HPOS="320" VPOS="1363" WIDTH="96" HEIGHT="26" WC="0.92" CONTENT="nämnde,"/><SP WIDTH="16" VPOS="1363" HPOS="416"/>
							<String ID="string_417" HPOS="432" VPOS="1364" WIDTH="6" HEIGHT="20" WC="0.93" CONTENT="i"/><SP WIDTH="15" VPOS="1364" HPOS="438"/>
							<String ID="string_418" HPOS="453" VPOS="1363" WIDTH="131" HEIGHT="21" WC="0.92" CONTENT="förhällande"/><SP WIDTH="16" VPOS="1363" HPOS="584"/>
							<String ID="string_419" HPOS="600" VPOS="1364" WIDTH="32" HEIGHT="20" WC="0.96" CONTENT="till"/><SP WIDTH="16" VPOS="1364" HPOS="632"/>
							<String ID="string_420" HPOS="648" VPOS="1364" WIDTH="25" HEIGHT="20" WC="0.93" CONTENT="de"/><SP WIDTH="15" VPOS="1364" HPOS="673"/>
							<String ID="string_421" HPOS="688" VPOS="1363" WIDTH="95" HEIGHT="21" WC="0.92" CONTENT="rädande"/><SP WIDTH="12" VPOS="1363" HPOS="783"/>
							<String ID="string_422" HPOS="795" VPOS="1363" WIDTH="142" HEIGHT="26" WC="0.92" CONTENT="arbetsprisen"/><SP WIDTH="11" VPOS="1363" HPOS="937"/>
							<String ID="string_423" HPOS="948" VPOS="1362" WIDTH="6" HEIGHT="21" WC="0.93" CONTENT="i"/><SP WIDTH="11" VPOS="1362" HPOS="954"/>
							<String ID="string_424" HPOS="965" VPOS="1362" WIDTH="43" HEIGHT="21" WC="0.92" CONTENT="lan-"/>
						</TextLine>
						<TextLine ID="line_43" HPOS="189" VPOS="1390" WIDTH="820" HEIGHT="28">
							<String ID="string_425" HPOS="189" VPOS="1390" WIDTH="36" HEIGHT="20" WC="0.92" CONTENT="det"/><SP WIDTH="22" VPOS="1390" HPOS="225"/>
							<String ID="string_426" HPOS="247" VPOS="1390" WIDTH="49" HEIGHT="21" WC="0.90" CONTENT="fullt"/><SP WIDTH="19" VPOS="1390" HPOS="296"/>
							<String ID="string_427" HPOS="315" VPOS="1391" WIDTH="53" HEIGHT="20" WC="0.94" CONTENT="skall"/><SP WIDTH="19" VPOS="1391" HPOS="368"/>
							<String ID="string_428" HPOS="387" VPOS="1398" WIDTH="52" HEIGHT="14" WC="0.97" CONTENT="vara"/><SP WIDTH="18" VPOS="1398" HPOS="439"/>
							<String ID="string_429" HPOS="457" VPOS="1392" WIDTH="129" HEIGHT="26" WC="0.93" CONTENT="tillräckligt,"/><SP WIDTH="15" VPOS="1392" HPOS="586"/>
							<String ID="string_430" HPOS="601" VPOS="1392" WIDTH="33" HEIGHT="20" WC="0.96" CONTENT="för"/><SP WIDTH="15" VPOS="1392" HPOS="634"/>
							<String ID="string_431" HPOS="649" VPOS="1394" WIDTH="32" HEIGHT="18" WC="0.93" CONTENT="att"/><SP WIDTH="15" VPOS="1394" HPOS="681"/>
							<String ID="string_432" HPOS="696" VPOS="1391" WIDTH="90" HEIGHT="21" WC="0.92" CONTENT="trafiken"/><SP WIDTH="17" VPOS="1391" HPOS="786"/>
							<String ID="string_433" HPOS="803" VPOS="1391" WIDTH="53" HEIGHT="21" WC="0.96" CONTENT="skall"/><SP WIDTH="15" VPOS="1391" HPOS="856"/>
							<String ID="string_434" HPOS="871" VPOS="1391" WIDTH="72" HEIGHT="20" WC="0.93" CONTENT="kunna"/><SP WIDTH="15" VPOS="1391" HPOS="943"/>
							<String ID="string_435" HPOS="958" VPOS="1390" WIDTH="51" HEIGHT="21" WC="0.93" CONTENT="bära"/>
						</TextLine>
						<TextLine ID="line_44" HPOS="189" VPOS="1418" WIDTH="820" HEIGHT="27">
							<String ID="string_436" HPOS="189" VPOS="1418" WIDTH="32" HEIGHT="26" WC="0.93" CONTENT="sig"/><SP WIDTH="15" VPOS="1418" HPOS="221"/>
							<String ID="string_437" HPOS="236" VPOS="1418" WIDTH="54" HEIGHT="27" WC="0.90" CONTENT="sjelf."/><SP WIDTH="23" VPOS="1418" HPOS="290"/>
							<String ID="string_438" HPOS="313" VPOS="1419" WIDTH="33" HEIGHT="21" WC="0.90" CONTENT="Dä"/><SP WIDTH="15" VPOS="1419" HPOS="346"/>
							<String ID="string_439" HPOS="361" VPOS="1425" WIDTH="48" HEIGHT="15" WC="0.96" CONTENT="man"/><SP WIDTH="15" VPOS="1425" HPOS="409"/>
							<String ID="string_440" HPOS="424" VPOS="1420" WIDTH="7" HEIGHT="20" WC="0.96" CONTENT="i"/><SP WIDTH="16" VPOS="1420" HPOS="431"/>
							<String ID="string_441" HPOS="447" VPOS="1427" WIDTH="25" HEIGHT="14" WC="0.97" CONTENT="en"/><SP WIDTH="17" VPOS="1427" HPOS="472"/>
							<String ID="string_442" HPOS="489" VPOS="1420" WIDTH="33" HEIGHT="21" WC="0.96" CONTENT="del"/><SP WIDTH="15" VPOS="1420" HPOS="522"/>
							<String ID="string_443" HPOS="537" VPOS="1420" WIDTH="23" HEIGHT="21" WC="0.97" CONTENT="af"/><SP WIDTH="13" VPOS="1420" HPOS="560"/>
							<String ID="string_444" HPOS="573" VPOS="1420" WIDTH="71" HEIGHT="21" WC="0.93" CONTENT="landet"/><SP WIDTH="15" VPOS="1420" HPOS="644"/>
							<String ID="string_445" HPOS="659" VPOS="1419" WIDTH="71" HEIGHT="24" WC="0.92" CONTENT="finner,"/><SP WIDTH="17" VPOS="1419" HPOS="730"/>
							<String ID="string_446" HPOS="747" VPOS="1422" WIDTH="33" HEIGHT="18" WC="0.96" CONTENT="att"/><SP WIDTH="16" VPOS="1422" HPOS="780"/>
							<String ID="string_447" HPOS="796" VPOS="1425" WIDTH="48" HEIGHT="15" WC="0.96" CONTENT="man"/><SP WIDTH="15" VPOS="1425" HPOS="844"/>
							<String ID="string_448" HPOS="859" VPOS="1419" WIDTH="41" HEIGHT="21" WC="0.93" CONTENT="kan"/><SP WIDTH="15" VPOS="1419" HPOS="900"/>
							<String ID="string_449" HPOS="915" VPOS="1419" WIDTH="47" HEIGHT="26" WC="0.92" CONTENT="lega"/><SP WIDTH="15" VPOS="1419" HPOS="962"/>
							<String ID="string_450" HPOS="977" VPOS="1419" WIDTH="32" HEIGHT="26" WC="0.97" CONTENT="sig"/>
						</TextLine>
						<TextLine ID="line_45" HPOS="187" VPOS="1446" WIDTH="822" HEIGHT="29">
							<String ID="string_451" HPOS="187" VPOS="1446" WIDTH="50" HEIGHT="21" WC="0.92" CONTENT="häst"/><SP WIDTH="23" VPOS="1446" HPOS="237"/>
							<String ID="string_452" HPOS="260" VPOS="1447" WIDTH="27" HEIGHT="26" WC="0.93" CONTENT="pä"/><SP WIDTH="22" VPOS="1447" HPOS="287"/>
							<String ID="string_453" HPOS="309" VPOS="1447" WIDTH="82" HEIGHT="21" WC="0.92" CONTENT="enskild"/><SP WIDTH="22" VPOS="1447" HPOS="391"/>
							<String ID="string_454" HPOS="413" VPOS="1450" WIDTH="40" HEIGHT="25" WC="0.96" CONTENT="väg"/><SP WIDTH="17" VPOS="1450" HPOS="453"/>
							<String ID="string_455" HPOS="470" VPOS="1449" WIDTH="33" HEIGHT="20" WC="0.96" CONTENT="för"/><SP WIDTH="15" VPOS="1449" HPOS="503"/>
							<String ID="string_456" HPOS="518" VPOS="1448" WIDTH="59" HEIGHT="21" WC="0.93" CONTENT="detta"/><SP WIDTH="14" VPOS="1448" HPOS="577"/>
							<String ID="string_457" HPOS="591" VPOS="1449" WIDTH="50" HEIGHT="26" WC="0.92" CONTENT="pris,"/><SP WIDTH="13" VPOS="1449" HPOS="641"/>
							<String ID="string_458" HPOS="654" VPOS="1449" WIDTH="23" HEIGHT="26" WC="0.96" CONTENT="ja"/><SP WIDTH="15" VPOS="1449" HPOS="677"/>
							<String ID="string_459" HPOS="692" VPOS="1448" WIDTH="31" HEIGHT="21" WC="0.96" CONTENT="till"/><SP WIDTH="16" VPOS="1448" HPOS="723"/>
							<String ID="string_460" HPOS="739" VPOS="1448" WIDTH="41" HEIGHT="21" WC="0.96" CONTENT="och"/><SP WIDTH="16" VPOS="1448" HPOS="780"/>
							<String ID="string_461" HPOS="796" VPOS="1448" WIDTH="48" HEIGHT="21" WC="0.96" CONTENT="med"/><SP WIDTH="14" VPOS="1448" HPOS="844"/>
							<String ID="string_462" HPOS="858" VPOS="1448" WIDTH="33" HEIGHT="21" WC="0.96" CONTENT="för"/><SP WIDTH="14" VPOS="1448" HPOS="891"/>
							<String ID="string_463" HPOS="905" VPOS="1450" WIDTH="31" HEIGHT="18" WC="0.96" CONTENT="ett"/><SP WIDTH="15" VPOS="1450" HPOS="936"/>
							<String ID="string_464" HPOS="951" VPOS="1447" WIDTH="58" HEIGHT="26" WC="0.96" CONTENT="lägre"/>
						</TextLine>
						<TextLine ID="line_46" HPOS="187" VPOS="1475" WIDTH="822" HEIGHT="28">
							<String ID="string_465" HPOS="187" VPOS="1475" WIDTH="52" HEIGHT="26" WC="0.81" CONTENT="pris,"/><SP WIDTH="16" VPOS="1475" HPOS="239"/>
							<String ID="string_466" HPOS="255" VPOS="1475" WIDTH="24" HEIGHT="22" WC="0.93" CONTENT="sä"/><SP WIDTH="14" VPOS="1475" HPOS="279"/>
							<String ID="string_467" HPOS="293" VPOS="1477" WIDTH="45" HEIGHT="20" WC="0.96" CONTENT="tror"/><SP WIDTH="13" VPOS="1477" HPOS="338"/>
							<String ID="string_468" HPOS="351" VPOS="1476" WIDTH="43" HEIGHT="27" WC="0.96" CONTENT="jag,"/><SP WIDTH="16" VPOS="1476" HPOS="394"/>
							<String ID="string_469" HPOS="410" VPOS="1479" WIDTH="32" HEIGHT="19" WC="0.96" CONTENT="att"/><SP WIDTH="15" VPOS="1479" HPOS="442"/>
							<String ID="string_470" HPOS="457" VPOS="1477" WIDTH="58" HEIGHT="21" WC="0.96" CONTENT="detta"/><SP WIDTH="15" VPOS="1477" HPOS="515"/>
							<String ID="string_471" HPOS="530" VPOS="1479" WIDTH="24" HEIGHT="18" WC="0.96" CONTENT="är"/><SP WIDTH="15" VPOS="1479" HPOS="554"/>
							<String ID="string_472" HPOS="569" VPOS="1479" WIDTH="31" HEIGHT="19" WC="0.96" CONTENT="ett"/><SP WIDTH="14" VPOS="1479" HPOS="600"/>
							<String ID="string_473" HPOS="614" VPOS="1477" WIDTH="82" HEIGHT="26" WC="0.93" CONTENT="ganska"/><SP WIDTH="14" VPOS="1477" HPOS="696"/>
							<String ID="string_474" HPOS="710" VPOS="1477" WIDTH="53" HEIGHT="26" WC="0.96" CONTENT="godt"/><SP WIDTH="15" VPOS="1477" HPOS="763"/>
							<String ID="string_475" HPOS="778" VPOS="1476" WIDTH="131" HEIGHT="21" WC="0.96" CONTENT="vittnesbörd"/><SP WIDTH="16" VPOS="1476" HPOS="909"/>
							<String ID="string_476" HPOS="925" VPOS="1482" WIDTH="40" HEIGHT="19" WC="0.96" CONTENT="om,"/><SP WIDTH="12" VPOS="1482" HPOS="965"/>
							<String ID="string_477" HPOS="977" VPOS="1477" WIDTH="32" HEIGHT="19" WC="0.96" CONTENT="att"/>
						</TextLine>
						<TextLine ID="line_47" HPOS="188" VPOS="1503" WIDTH="821" HEIGHT="29">
							<String ID="string_478" HPOS="188" VPOS="1503" WIDTH="184" HEIGHT="22" WC="0.92" CONTENT="trafikkostnaden"/><SP WIDTH="23" VPOS="1503" HPOS="372"/>
							<String ID="string_479" HPOS="395" VPOS="1505" WIDTH="48" HEIGHT="21" WC="0.96" CONTENT="med"/><SP WIDTH="22" VPOS="1505" HPOS="443"/>
							<String ID="string_480" HPOS="465" VPOS="1506" WIDTH="24" HEIGHT="21" WC="0.96" CONTENT="12"/><SP WIDTH="16" VPOS="1506" HPOS="489"/>
							<String ID="string_481" HPOS="505" VPOS="1506" WIDTH="63" HEIGHT="26" WC="0.96" CONTENT="penni"/><SP WIDTH="15" VPOS="1506" HPOS="568"/>
							<String ID="string_482" HPOS="583" VPOS="1512" WIDTH="38" HEIGHT="20" WC="0.97" CONTENT="per"/><SP WIDTH="15" VPOS="1512" HPOS="621"/>
							<String ID="string_483" HPOS="636" VPOS="1505" WIDTH="111" HEIGHT="21" WC="0.96" CONTENT="kilometer"/><SP WIDTH="16" VPOS="1505" HPOS="747"/>
							<String ID="string_484" HPOS="763" VPOS="1507" WIDTH="24" HEIGHT="19" WC="0.93" CONTENT="är"/><SP WIDTH="16" VPOS="1507" HPOS="787"/>
							<String ID="string_485" HPOS="803" VPOS="1505" WIDTH="48" HEIGHT="21" WC="0.93" CONTENT="fullt"/><SP WIDTH="15" VPOS="1505" HPOS="851"/>
							<String ID="string_486" HPOS="866" VPOS="1506" WIDTH="73" HEIGHT="24" WC="0.93" CONTENT="ersatt,"/><SP WIDTH="29" VPOS="1506" HPOS="939"/>
							<String ID="string_487" HPOS="968" VPOS="1504" WIDTH="41" HEIGHT="27" WC="0.95" CONTENT="Jag"/>
						</TextLine>
						<TextLine ID="line_48" HPOS="187" VPOS="1531" WIDTH="822" HEIGHT="30">
							<String ID="string_488" HPOS="187" VPOS="1531" WIDTH="49" HEIGHT="22" WC="0.96" CONTENT="ville"/><SP WIDTH="13" VPOS="1531" HPOS="236"/>
							<String ID="string_489" HPOS="249" VPOS="1533" WIDTH="110" HEIGHT="21" WC="0.93" CONTENT="dessutom"/><SP WIDTH="11" VPOS="1533" HPOS="359"/>
							<String ID="string_490" HPOS="370" VPOS="1533" WIDTH="118" HEIGHT="26" WC="0.95" CONTENT="framhålla,"/><SP WIDTH="13" VPOS="1533" HPOS="488"/>
							<String ID="string_491" HPOS="501" VPOS="1535" WIDTH="31" HEIGHT="20" WC="0.96" CONTENT="att"/><SP WIDTH="13" VPOS="1535" HPOS="532"/>
							<String ID="string_492" HPOS="545" VPOS="1534" WIDTH="35" HEIGHT="21" WC="0.95" CONTENT="det"/><SP WIDTH="9" VPOS="1534" HPOS="580"/>
							<String ID="string_493" HPOS="589" VPOS="1534" WIDTH="24" HEIGHT="27" WC="0.97" CONTENT="ju"/><SP WIDTH="11" VPOS="1534" HPOS="613"/>
							<String ID="string_494" HPOS="624" VPOS="1534" WIDTH="39" HEIGHT="21" WC="0.96" CONTENT="här"/><SP WIDTH="11" VPOS="1534" HPOS="663"/>
							<String ID="string_495" HPOS="674" VPOS="1534" WIDTH="66" HEIGHT="26" WC="0.92" CONTENT="gäller"/><SP WIDTH="11" VPOS="1534" HPOS="740"/>
							<String ID="string_496" HPOS="751" VPOS="1534" WIDTH="48" HEIGHT="20" WC="0.96" CONTENT="icke"/><SP WIDTH="12" VPOS="1534" HPOS="799"/>
							<String ID="string_497" HPOS="811" VPOS="1533" WIDTH="75" HEIGHT="21" WC="0.96" CONTENT="endast"/><SP WIDTH="12" VPOS="1533" HPOS="886"/>
							<String ID="string_498" HPOS="898" VPOS="1535" WIDTH="31" HEIGHT="18" WC="0.93" CONTENT="att"/><SP WIDTH="10" VPOS="1535" HPOS="929"/>
							<String ID="string_499" HPOS="939" VPOS="1533" WIDTH="70" HEIGHT="26" WC="0.89" CONTENT="tillgo-"/>
						</TextLine>
					</TextBlock>
				</ComposedBlock>
			</PrintSpace>
		</Page>
	</Layout>
</alto>
