1084 1739
353 109 93 23 Borgarest.
458 109 47 19 1888.
529 109 11 18 4
553 109 47 19 Febr.
835 111 33 17 123

165 178 40 20 och
227 178 44 21 smä
290 184 95 15 resurser
403 178 39 20 här
458 178 52 21 ernä
525 180 60 19 stora
600 178 40 21 och
656 178 102 22 behofvet
772 179 49 21 fullt
837 181 53 19 mot-

165 206 104 21 svarande
288 206 95 21 resultat.
414 206 10 21 I
444 206 39 21 den
503 207 46 20 inre
567 206 93 22 hamnen
675 207 73 21 kunna
763 208 28 20 30
806 207 12 21 ä
833 208 35 26 40,
884 208 6 20 i

165 234 41 21 den
224 236 56 26 yttre
302 235 7 21 4
325 234 12 22 å
351 235 14 21 5
379 234 81 27 gånger
478 235 24 21 sä
517 235 78 26 många
609 235 71 27 fartyg
695 236 53 26 godt
762 235 58 21 finna
834 236 56 26 plats

165 263 40 21 och
227 264 53 20 etti
295 263 42 21 alla
359 263 115 21 afseenden
496 263 108 27 skyddadt
626 264 54 26 läge.
711 264 98 21 Hamnen
828 270 62 15 anses

165 293 50 19 näst
237 292 53 20 efter
312 291 73 21 Kaskö
404 297 51 15 vara
474 292 41 20 den
535 292 63 20 bästa
617 292 28 26 pä
660 292 48 21 hela
724 292 41 21 den
780 292 110 22 bottniska

165 320 74 21 vikens
254 320 57 21 kust.
341 320 78 21 Härtill
433 320 98 21 kommer
547 322 32 19 att
593 320 94 21 infarten
702 321 34 20 till
751 321 41 21 den
808 323 23 19 är
846 322 44 20 sär-

166 349 58 21 deles
247 348 40 22 lätt
310 348 39 21 och
372 348 90 27 begväm
482 349 65 21 äfven
563 349 7 20 i
584 349 94 25 mörker,
698 350 88 20 emedan
802 351 31 20 ett
848 349 42 27 fyr-

166 377 67 27 skepp
257 379 23 19 är
302 377 93 26 förlagdt
416 377 28 27 pä
468 378 117 20 Relanders
603 378 76 26 grund,
696 378 35 20 vid
745 378 96 26 inloppet
857 378 33 20 till

165 406 100 25 hamnen,
281 406 39 20 och
336 412 26 14 en
378 405 99 28 hamnfyr
492 406 67 20 finnes
575 406 13 20 &
604 406 41 20 den
660 412 65 15 norra
739 406 104 21 farleden.

235 434 49 20 Men
303 434 33 21 för
351 436 32 18 att
399 434 133 22 äterkomma
548 434 33 21 till
597 434 171 27 anordningarne
782 435 34 21 för
830 435 60 21 ham-

166 468 47 20 nen,
237 462 23 21 sä
283 464 23 19 är
325 463 36 20 det
380 462 32 21 till
431 469 25 14 en
473 463 76 27 början
565 463 89 21 alldeles
669 463 125 27 tillräckligt
810 465 32 20 att
857 466 32 18 ut-

165 491 86 21 sträcka
273 491 72 26 späret
368 491 76 21 endast
466 492 28 26 pä
512 498 41 14 ena
572 492 61 20 sidan
649 491 24 21 af
688 492 47 20 inre
750 492 91 21 hamnen
856 492 33 21 till

166 520 41 20 den
222 521 62 25 yttre.
315 519 45 21 Och
377 520 26 20 dä
421 520 122 26 magasiner
559 526 26 15 m.
602 520 21 21 fl.
638 520 143 26 inrättningar
796 523 36 19 äro
848 520 42 22 för-

167 548 64 26 lagda
252 548 27 26 pä
301 548 164 26 Hamnholmen,
490 554 63 21 synes
575 555 48 14 man
643 548 6 21 i
669 549 116 21 allmänhet
803 556 51 14 vara
870 549 22 21 af

167 576 40 22 den
231 576 89 26 äsigten,
343 578 32 19 att
398 577 72 26 späret
485 577 48 21 frän
549 577 70 21 denna
634 577 46 21 sida
696 577 67 21 hellre
777 578 39 20 bör
831 578 60 20 ledas

166 607 23 19 ut
205 605 32 21 till
252 605 125 25 Laitasaari,
393 607 27 19 än
431 605 55 21 ifrän
498 606 42 20 den
551 606 69 20 andra
630 606 33 20 till
675 606 141 21 Martinkarta
827 606 63 20 udde.

237 634 150 20 Kostnaderna
402 634 32 20 för
450 634 76 26 sjelfva
541 634 72 21 banan
629 634 40 21 och
686 634 25 21 de
726 634 33 21 till
775 640 25 15 en
816 634 75 26 början

166 662 137 26 erforderliga
323 662 171 27 anordningarne
509 662 34 21 för
557 662 94 22 hamnen
667 662 127 27 uppskattar
806 663 37 27 jag
859 662 32 21 till

166 691 95 26 följande
276 691 84 32 belopp,
376 691 116 33 nemligen:

166 720 47 25 39,6
228 721 57 19 verst
298 719 89 27 jernväg
403 719 12 21 &
429 720 80 25 45,000
527 720 61 20 mark.
628 734 7 5 .
659 736 4 3 .
688 734 61 5 ...
771 720 120 25 1,782,000.

168 732 63 46 1,100
245 748 92 26 löpande
352 748 32 21 fot
399 732 112 46 sänkkista
527 748 39 21 och
582 748 58 21 bank
656 748 6 21 i
678 748 77 21 sundet

167 777 90 20 emellan
272 777 156 20 Hamnholmen
444 777 40 21 och
500 777 121 21 Laitasaari
636 777 35 20 vid
686 777 13 20 3
715 777 13 20 å
742 777 12 20 8

167 805 42 21 fots
225 805 126 27 vattendjup
373 805 6 21 ä
394 806 27 21 25
458 820 294 5 «ee.
807 805 85 26 27,500.

168 833 42 21 700
232 833 92 34 löpande
342 833 33 22 fot
393 834 124 48 lastbrygga
533 834 48 21 med
596 834 29 21 40
639 834 32 21 fot
686 833 68 21 bredd

167 862 32 21 för
215 863 13 20 3
244 862 49 26 Spår
309 861 12 22 &
338 863 41 20 150
400 877 5 5 «
430 877 4 5 «
456 857 14 35 :
488 877 4 4 =
517 879 4 3 a
561 877 47 5 cc
633 877 33 5 fn
701 877 50 5 RR
795 862 97 25 105,000.

608 903 86 20 Summa
709 903 48 26 ye
774 902 118 25 1,914,500.

134 947 29 22 Af
176 948 121 21 utlätandet
311 947 94 27 framgär
420 949 36 20 det
472 948 71 26 alltsä,
559 950 32 19 att
601 948 249 26 terrängförhällandena
860 947 34 21 för

66 976 214 21 Merstola-Raumo
301 977 100 26 jernvägs
423 977 113 26 byggande
559 979 36 18 äro
619 977 27 20 de
669 977 68 26 bästa,
756 978 32 19 att
806 976 88 21 kostna-

66 1005 66 20 derna
149 1005 34 21 för
201 1005 70 21 denna
286 1005 98 27 byggnad
400 1005 30 21 bli
444 1005 28 20 de
487 1005 72 26 lägsta
574 1005 91 27 möjliga,
681 1005 101 21 hvarmed
798 1005 7 20 i
820 1004 73 21 landet

66 1033 106 21 härintills
191 1033 76 27 byggts
283 1034 96 26 jernväg,
399 1035 32 19 att
446 1034 83 21 Raumo
546 1034 65 21 hamn
626 1036 24 19 är
665 1033 81 28 rymlig,
761 1033 133 27 välskyddad

67 1061 46 26 och,
128 1061 66 27 enligt
209 1062 7 20 i
231 1062 49 21 höst
296 1062 80 27 jemväl
393 1062 122 27 uppgjorda
530 1069 125 20 noggranna
669 1062 91 27 pejlings
776 1061 39 21 och
830 1061 65 27 plikt-

66 1090 62 26 nings
149 1090 82 27 kartor,
248 1091 48 20 med
321 1091 26 20 10
366 1091 32 20 till
417 1091 28 20 30
464 1091 43 21 fots
522 1091 135 27 vattendjup,
673 1092 55 19 samt
744 1092 32 19 att
790 1096 50 15 man
855 1090 41 20 lätt

68 1118 39 21 och
122 1119 48 20 med
186 1119 46 21 små
247 1125 94 15 resurser
356 1119 42 20 kan
415 1119 113 22 derstädes
544 1119 51 21 ernä
611 1121 59 20 stora
686 1119 40 21 och
736 1119 100 21 behofvet
847 1118 49 21 fullt

67 1147 148 21 motsvarande
230 1147 96 21 resultat.
349 1147 30 22 Af
392 1147 124 22 utlätandet
530 1147 93 27 framgär
639 1147 79 26 vidare,
734 1149 32 19 att
780 1146 115 22 kostnads-

66 1175 101 27 förslaget
182 1175 33 22 för
231 1176 118 21 ännämnde
365 1176 57 21 bana
437 1182 35 15 om
489 1177 47 25 39,6
552 1177 68 20 versts
635 1176 64 27 längd
714 1176 116 21 beräknats
845 1175 49 21 med

67 1204 121 27 lastbrygga
203 1204 7 21 i
225 1204 92 21 hamnen
334 1205 113 26 1,914,000
462 1205 62 21 mark
540 1205 40 21 och
595 1206 34 20 att
643 1207 68 24 vägen
726 1205 46 20 frän
788 1205 108 20 Tammer-

67 1233 43 20 fors
130 1233 35 20 via
184 1233 104 21 Merstola
306 1233 33 21 till
354 1233 82 21 Raumo
453 1234 60 21 stads
529 1233 65 21 hamn
610 1233 68 21 blefve
695 1233 25 21 12
736 1234 56 20 verst
808 1233 88 20 kortare

68 1263 27 19 än
118 1261 32 21 till
174 1261 73 21 Räfsö.
279 1261 40 21 Om
341 1261 147 22 kostnaderna
504 1261 12 22 å
531 1261 48 22 från
599 1261 144 22 Tammerfors
761 1261 33 21 till
809 1261 26 20 de
851 1262 45 19 sär-

68 1289 69 22 skilda
158 1289 164 27 ändpunkterna
344 1290 120 27 föreslagna
487 1291 141 26 jernvägarne
641 1290 122 27 jemfördes,
782 1288 113 27 uppstode,

68 1318 74 45 enligt
148 1318 128 45 Trigenioren
288 1315 93 34 Hildéns
397 1319 131 45 beräkningg
540 1319 95 45 följande
651 1315 146 34 slutsummor:

343 1366 2 21 |

90 1386 32 21 till
141 1386 133 27 Björneborg
289 1387 34 21 via
344 1389 1 18 |
366 1387 32 20 till
414 1387 135 27 Björneborg
565 1387 41 21 och
616 1381 10 37 ;
638 1387 34 21 till
690 1386 64 22 Räfsö
770 1386 34 21 via
818 1385 62 27 Björ-

147 1411 119 35 Witikkala
345 1434 1 13 |
356 1416 82 20 Raumo
450 1416 36 21 via
495 1416 118 21 Witikkala
623 1432 1 19 i
639 1416 87 26 neborg,
737 1421 63 15 norra
810 1416 70 24 vägen

147 1462 42 20 118
204 1463 60 19 verst.
345 1448 1 54 |
424 1463 43 19 158
483 1464 60 18 verst.
623 1452 2 55 |
699 1462 45 19 142
758 1462 60 19 verst.

111 1542 120 24 6,674,000
246 1541 66 21 mark.
345 1503 2 65 |
385 1542 123 25 8,628,000
523 1541 67 21 mark.
624 1515 1 51 |
659 1542 119 24 8,688,000
794 1539 65 21 mark.
