1084 1745
208 131 33 17 126
475 131 94 23 Borgarest.
582 131 47 19 1888.
653 131 11 18 4
677 132 47 18 Febr.

288 200 63 21 ställa
374 202 29 19 att
424 200 36 22 vid
478 200 143 22 innevarande
641 200 49 22 eller
708 200 192 21 nästinstundande
915 200 101 28 landtdag

289 242 24 13 en
335 234 66 27 nådig
422 234 133 27 proposition
579 234 66 27 blefve
665 234 111 27 framlagd
797 234 36 27 för
851 234 114 22 ständerna
980 242 35 14 om

288 269 113 27 byggandet
416 268 26 28 af
456 276 24 14 en
495 269 98 27 jernväg,
609 276 52 16 som,
677 268 104 28 utgående
795 268 53 27 från
868 268 143 28 Tammerfors

288 303 53 25 stad,
367 302 65 22 skulle
454 303 123 27 genomlöpa
602 304 25 20 de
646 303 133 27 lämpligaste
801 303 37 21 och
853 303 25 21 de
892 302 123 28 folkrikaste

288 337 118 21 landsorter
424 338 34 20 via
477 336 113 27 Birkkala,
610 337 97 26 Karkku,
726 336 81 28 Tyrvis,
824 337 72 27 Kiika,
912 338 36 20 vid
967 337 45 22 Wi-

288 370 77 22 tikkala
387 372 66 20 holme
475 372 9 20 i
505 371 72 21 Kumo
601 370 74 22 socken
694 371 60 27 öfver
769 371 72 21 Kumo
857 371 41 27 elf;
915 372 99 26 derifrån

288 405 31 21 till
335 405 101 21 Merstola
452 405 24 27 by
491 406 9 20 i
510 405 129 27 Harjavalta
649 405 80 26 socken,
741 408 55 18 samt
806 405 54 27 från
870 406 144 27 nyssnämnda

287 439 25 27 by
334 439 100 27 fortsätta
456 440 8 20 i
485 440 35 20 två
541 447 85 20 grenar,
651 439 39 22 den
713 446 39 15 ena
769 446 74 20 genom
863 439 87 22 Panelia
965 439 49 27 by
1003 435 14 36 i

288 473 93 22 Kiukais
399 474 68 27 kapell
486 474 35 21 och
540 474 73 21 vidare
632 473 87 22 emellan
738 473 123 28 Sydänmaa
876 474 36 21 och
927 473 86 22 Kauko-

288 507 59 21 mäki
365 508 49 27 byar
429 509 9 20 i
452 508 149 21 Euraäminne
617 507 73 22 socken
706 507 32 22 till
754 507 83 21 Raumo
852 508 49 21 stad
915 507 35 22 och
966 508 47 21 dess

287 542 70 26 hamn,
383 545 55 18 samt
462 543 40 20 den
525 543 69 20 andra
617 543 54 26 från
692 542 146 27 nyssnämnda
862 542 103 21 Merstola
987 543 26 26 by

286 583 74 20 genom
379 577 92 21 Nakkila
490 577 36 20 och
550 576 75 28 Ulfsby
643 576 89 22 socknar
752 576 32 21 till
799 576 145 28 Björneborgs
959 577 54 21 stad.

255 623 102 27 Följande
371 623 83 26 bilagor
469 623 110 27 medfölja:

255 664 40 20 1:0.
325 663 82 21 Raumo
426 663 59 21 stads
504 663 118 22 förstärkta
640 663 205 26 stadsfullmäktiges
861 663 152 26 protokollsut-

185 692 53 26 drag
254 691 23 22 af
294 692 41 21 den
355 693 25 20 11
400 692 89 21 Januari
504 692 144 21 innevarande
664 692 30 26 är,
711 691 46 22 deri
773 691 192 26 stadsfullmäktige
980 693 34 19 ut-

183 720 58 21 lofva
259 721 32 20 ett
309 720 63 27 ärligt
391 720 182 27 penningebidrag
592 721 23 20 af
635 721 77 25 15,000
731 719 62 22 mark
808 720 32 21 uti
854 720 28 21 40
897 720 29 25 är,
942 720 72 21 ätven-

185 755 46 14 som
246 749 33 20 för
291 749 127 26 jernvägens
433 749 67 20 behof
514 749 125 27 erforderlig
655 749 67 25 mark,
733 754 76 20 genom
822 748 86 21 stadens
920 748 92 25 omräde,

184 777 157 21 kostnadsfritt.

253 806 41 20 2:0.
324 805 111 21 Likaledes
450 806 82 20 Raumo
558 806 199 26 landsförsamlings
782 804 195 28 protokollsutdrag
993 804 23 21 af

185 834 41 21 den
250 834 27 21 28
303 834 118 21 December
445 834 54 22 1887
526 835 49 20 med
597 834 132 27 erbjudande
749 834 23 20 af
789 833 224 26 landsförsamlingens

185 862 62 21 mark
262 864 52 19 utan
330 863 117 25 ersättning
462 863 32 20 till
510 863 77 27 antydt
602 862 106 21 ändamål.

184 919 14 20 ä
254 891 41 20 3:0.
325 891 85 20 Tvenne
426 891 99 26 pejlings-
536 891 39 21 och
587 891 195 26 pliktningskartor
794 890 57 21 öfver
862 890 82 21 Raumo
955 889 60 21 stads

200 925 59 15 amn.

253 948 42 21 4:0.
317 947 69 22 Karta
397 947 59 22 öfver
464 948 202 26 jernvägssträckan
677 947 47 21 från
736 947 143 21 Tammerfors
892 947 33 20 till
932 946 82 21 Raumo

185 976 59 21 stads
260 976 70 21 hamn.

254 1005 41 21 5:0.
326 1005 126 26 Ingeniören
474 1005 24 20 A.
524 1005 23 20 F.
571 1004 90 21 Hildöns
680 1004 112 21 utlåtande
812 1003 58 21 öfver
886 1003 130 21 verkställda

186 1033 91 21 okulära
291 1033 184 26 undersökningar
490 1033 13 21 &
518 1033 103 21 Merstola
636 1033 83 21 Raumo
735 1032 73 27 linjen.

255 1061 140 26 Helsingfors,
412 1061 39 21 den
468 1062 13 20 3
496 1062 105 20 Februari
618 1062 61 21 1888.

720 1095 21 20 J.
764 1093 24 22 V.
804 1093 140 22 Söderlund."

255 1152 61 21 Efter
340 1153 73 20 derom
436 1153 22 20 af
479 1153 145 26 petitionären
642 1152 115 22 framstäld
778 1151 106 25 anhällan,
901 1151 114 21 bordlades

185 1181 119 26 petitionen
327 1181 32 20 till
381 1183 62 19 nästa
469 1181 92 27 plenum,
585 1181 28 21 dä
635 1182 31 20 ett
687 1179 195 29 jernvägsutskott,
907 1179 32 21 dit
960 1180 55 26 peti-

185 1210 74 20 tionen
274 1209 72 21 kunde
361 1210 127 25 remitteras,
505 1210 100 26 möjligen
621 1210 85 20 komme
721 1211 34 19 att
770 1208 23 21 af
807 1208 85 21 ständet
907 1208 108 21 tillsättas.

255 1307 32 20 Hr
305 1288 93 50 Öhman
417 1307 98 26 uppläste
532 1309 31 19 ett
577 1307 23 20 af
614 1307 78 19 honom
708 1304 120 22 inlemnadt
843 1303 173 25 motionsförslag

185 1334 24 21 af
222 1335 160 21 nedanstäende
398 1335 89 26 lydelse:

408 1419 12 10 »
425 1402 42 21 Till
481 1403 108 26 vällofiiga
604 1401 188 28 Borgareständet.

255 1454 37 21 Uti
307 1456 14 20 5
337 1455 11 26 $
365 1455 26 20 17
407 1455 55 26 Kap.
482 1454 210 27 Rättegängsbalken
712 1453 96 26 stadgas,
817 1453 32 19 att
864 1451 49 26 den,
922 1457 45 26 som
981 1451 37 20 vid

185 1483 114 26 rättegång
320 1483 97 26 päkallar
435 1489 70 15 annan
521 1485 33 19 att
568 1483 108 24 vittna,är
692 1481 86 27 skyldig
794 1481 32 20 att
841 1479 73 22 betala
929 1481 88 19 vittnets

186 1511 155 26 ,resekostnad
356 1511 41 21 och
411 1512 77 26 täring,
504 1511 55 22 efter
575 1511 49 21 dess
639 1510 135 27 värdighet",
790 1510 55 19 samt
861 1510 33 19 att
908 1507 109 32 domaren,

185 1539 72 21 derest
279 1539 78 22 vittnet
372 1539 40 22 och
428 1540 40 21 den
484 1540 79 21 honom
582 1539 96 27 päkallat
693 1539 49 20 icke
759 1537 77 27 sämjas
852 1543 35 14 om
903 1537 115 20 ersättnin-
