1084 1742
352 122 95 22 Borgarest.
456 122 48 18 1888.
527 122 11 18 4
551 122 47 19 Febr.
834 122 33 18 111

60 191 97 21 tarskola
172 190 48 22 med
234 191 104 21 blandadt
353 191 238 27 undervisningsspråk.
621 191 78 21 Denna
715 191 60 21 skola
791 193 23 19 är
828 192 63 20 emel-

60 220 70 26 lertid,
150 220 70 20 såsom
239 219 148 21 erfarenheten
405 220 79 26 tydligt
502 219 122 27 ådagalagt,
644 219 33 21 för
695 219 164 22 förhållandena
877 220 13 21 å

61 249 61 20 orten
138 248 106 26 olämplig.
269 248 129 20 Densamma
413 248 40 20 har
468 248 72 20 derför
555 248 48 21 icke
618 248 67 21 heller
699 248 83 26 lyckats
792 248 98 21 tillvinna

60 277 33 26 sig
107 276 153 22 allmänhetens
275 276 129 27 förtroende,
420 278 53 19 utan
488 276 55 21 lider
558 276 55 21 brist
627 276 28 27 på
669 276 76 26 elever,
757 276 67 21 ehuru
835 276 55 22 bild-

60 304 164 27 ningsbehofvet
242 304 7 21 i
264 304 73 21 Kotka
352 305 49 21 stad
416 304 40 21 och
472 305 136 26 omgifvande
623 305 98 21 landsort
735 305 116 27 ingalunda
867 307 23 19 är

61 334 83 21 mindre
159 335 26 19 än
201 333 139 21 annorstädes
355 333 7 21 i
376 333 82 21 landet.
489 333 97 21 Orsaken
602 334 33 20 till
650 334 93 20 nämnda
758 333 131 21 missförhål-

61 362 62 21 lande
138 362 66 26 ligger
218 362 138 20 uteslutande
371 362 6 20 i
390 361 87 21 skolans
488 362 153 26 organisation.
665 362 43 20 Det
718 362 171 26 kunskapsmått,

61 396 46 16 som
129 391 75 21 skolan
226 389 115 27 meddelar,
364 392 25 18 är
407 390 105 26 nemligen
531 390 7 21 i
558 390 27 21 de
603 390 62 21 flesta
679 390 124 22 läroämnen
819 390 23 22 så
856 390 32 21 in-

61 419 95 26 skränkt,
179 420 33 20 att
233 418 47 21 från
304 418 74 22 skolan
396 418 108 27 utgående
524 419 45 21 elev
588 418 127 27 näppeligen
734 419 43 21 kan
792 418 28 27 på
835 424 53 22 egen

60 447 57 22 hand
134 448 88 26 utvidga
237 447 46 21 sina
297 447 123 26 kunskaper
436 447 51 21 eller
502 448 7 20 i
525 447 37 21 det
577 447 112 27 praktiska
703 447 60 21 lifvet
777 447 64 21 hafva
852 447 36 21 nå-

60 482 42 20 gon
125 476 92 26 egentlig
239 477 60 25 nytta
317 476 22 20 af
356 476 33 20 sin
408 475 45 21 deri
472 482 73 14 vunna
560 476 128 26 utbildning.
718 476 131 21 Läroverket
864 478 24 18 är

60 504 98 27 lämpligt
172 504 76 20 endast
264 504 68 21 såsom
347 504 96 21 förskola
458 504 34 21 till
507 510 26 15 en
548 504 67 26 högre
630 504 133 26 läroanstalt,
779 511 48 14 men
845 504 43 22 för-

61 532 220 28 mögenhetsvilkoren
304 532 12 21 å
338 535 61 18 orten
422 534 37 19 äro
479 532 88 26 sådana,
587 534 33 19 att
639 532 84 21 tillfälle
739 533 149 21 öfverhufvud-

61 563 59 25 taget
135 561 47 21 icke
196 561 43 21 kan
254 560 89 22 beredas
358 560 47 22 från
421 560 76 22 skolan
512 561 108 27 utgången
635 561 46 21 elev
696 562 33 20 att
743 561 100 21 fortsätta
855 562 32 20 sin

62 590 103 26 skolgång
182 590 7 20 i
205 590 64 25 högre
284 589 97 21 läroverk
397 589 13 21 å
424 595 72 15 annan
512 591 41 19 ort.
582 590 32 20 På
629 590 70 20 denna
713 590 70 26 grund
798 590 39 20 har
852 590 37 20 det

61 618 33 22 för
112 618 144 21 allmänheten
274 618 13 20 å
306 619 60 19 orten
385 618 63 26 länge
467 618 82 27 utgjort
565 624 26 15 en
605 618 64 26 lifligt
683 618 53 20 närd
751 618 89 25 önskan,
856 619 32 19 att

62 647 40 21 den
124 646 130 26 tvåklassiga
272 646 193 21 elementarskolan
485 647 8 21 i
510 646 74 22 Kotka
601 646 67 21 måtte
684 646 81 21 erhålla
780 653 26 14 en
821 646 67 21 sådan

60 676 125 26 utvidgning
200 674 48 21 med
264 675 122 26 ytterligare
402 674 37 21 två
454 675 89 26 klasser,
559 681 46 15 som
621 675 7 21 i
643 675 78 26 nådiga
735 675 153 26 förordningen

61 704 23 21 af
97 704 41 20 den
153 704 28 20 23
196 703 90 26 Augusti
303 704 61 25 1883,
380 703 92 21 rörande
488 704 244 20 elementarläroverken
745 704 7 20 i
762 704 79 25 landet,
852 703 37 21 vid

61 732 65 22 behof
140 732 108 20 utlofvats.

130 760 48 21 Men
193 760 48 21 icke
256 766 42 20 nog
313 760 94 20 härmed.
438 760 34 21 Då
488 760 77 22 skolan
581 762 24 19 är
620 760 75 22 afsedd
710 760 137 22 uteslutande
855 760 34 21 för

60 795 74 21 gossar
156 789 40 21 och
217 788 47 21 icke
283 790 33 20 tar
335 788 70 26 någon
423 788 121 27 befattning
563 789 49 21 med
631 789 41 21 den
689 789 67 21 andra
770 788 81 22 hälften
867 788 22 21 af

61 818 98 25 barnens,
178 817 114 21 flickornas
310 817 160 27 undervisning,
490 818 94 20 önskade
600 824 49 14 man
665 817 61 21 äfven
742 819 32 19 att
788 817 36 21 vid
839 816 49 22 sko-

61 846 46 21 lans
122 846 126 26 utvidgning
262 845 21 21 få
298 846 123 20 densamma
436 846 117 20 förändrad
569 846 33 20 till
617 852 27 14 en
654 846 107 20 samskola
771 845 34 21 för
814 851 74 20 gossar

62 874 39 21 och
116 874 80 21 flickor.
223 873 39 22 Om
278 880 25 14 en
318 873 107 22 samskola
440 873 146 27 någonstädes
601 876 24 19 är
641 874 127 26 berättigad,
783 873 24 21 så
818 875 23 19 är
852 873 37 21 det

61 903 34 20 väl
110 903 13 20 å
138 902 80 21 sådana
232 902 82 21 mindre
330 904 63 23 orter,
409 908 46 15 som
468 903 46 26 just
529 903 80 25 Kotka,
625 903 38 20 der
679 903 139 20 skolbarnens
829 901 59 22 antal

61 931 47 21 icke
130 933 23 18 är
176 933 74 24 större,
269 932 26 19 än
314 932 32 19 att
365 931 26 20 de
409 931 53 20 utan
478 931 115 26 olägenhet
608 931 73 21 kunna
695 931 125 20 undervisas
835 930 7 21 i
857 931 32 20 ett

62 960 40 21 och
117 965 81 15 samma
213 959 104 21 läroverk.
342 959 116 21 Dessutom
474 959 68 21 måste
557 959 134 21 samskolans
706 959 33 21 idé
755 965 62 15 anses
832 959 56 26 isyn-

62 988 75 21 nerhet
152 988 111 26 tillämplig
277 987 33 21 för
324 987 81 21 sådana
420 988 161 26 primärskolor,
597 994 46 15 som
660 988 39 21 den
716 994 29 14 nu
755 987 133 26 ifrågasatta,

63 1016 37 21 der
119 1017 98 20 eleverna
236 1018 56 19 ännu
310 1015 86 22 befinna
411 1016 32 26 sig
458 1016 7 21 i
482 1017 40 20 den
538 1016 66 26 ålder,
621 1016 27 21 då
663 1022 111 21 gossarnas
789 1015 41 21 och
844 1015 45 21 flic-

62 1045 78 21 kornas
154 1045 81 26 fysiska
250 1045 39 20 och
304 1045 99 26 andeliga
417 1044 84 21 krafter
516 1047 38 18 äro
567 1045 140 26 jemustarka.
731 1045 38 20 Att
784 1044 46 21 åter
844 1043 44 21 flic-

61 1073 79 21 kornas
155 1073 151 26 undervisning
324 1079 50 15 vore
388 1073 84 20 mindre
488 1073 123 26 nödvändig
626 1075 27 19 än
668 1079 119 20 gossarnas,
803 1072 37 21 vill
854 1072 36 21 väl

61 1102 63 26 ingen
138 1101 87 27 upplyst
239 1107 77 21 person
331 1107 89 15 numera
432 1101 94 22 betvifla.
550 1102 43 21 För
604 1103 32 19 att
647 1101 75 22 skolan
732 1101 7 20 i
750 1100 140 28 nyssnämndt

62 1129 100 22 afseende
180 1130 68 21 skulle
266 1130 65 21 blifva
349 1130 93 27 lämplig,
458 1129 113 22 fordrades
587 1130 82 25 endast,
685 1130 92 21 förutom
792 1129 98 21 tillstånd

63 1160 32 19 att
114 1158 44 21 deri
175 1157 56 27 finge
250 1159 124 20 undervisas
394 1158 61 21 äfven
474 1157 124 27 flickebarn,
615 1160 32 19 att
662 1159 6 20 i
685 1159 47 20 dess
747 1158 96 26 läroplan
858 1158 31 20 in-

62 1187 47 26 gick
132 1187 151 26 undervisning
301 1187 7 21 i
326 1187 64 27 tyska
408 1187 40 20 och
467 1187 103 26 teckning
588 1187 7 20 i
610 1187 73 21 stället
697 1187 33 20 för
745 1187 58 25 latin,
819 1186 71 21 såsom

63 1215 61 22 äfven
140 1215 62 21 ofvan
218 1215 120 26 åberopade
353 1215 127 26 författning
494 1215 129 21 förutsätter
638 1215 40 21 och
694 1215 121 26 medgifver.

130 1243 62 21 Hvad
207 1243 99 26 slutligen
321 1243 254 27 undervisningsspråket
589 1243 34 22 för
639 1244 74 21 skolan
729 1243 108 25 beträffar,
851 1241 39 28 går

63 1272 154 21 allmänhetens
232 1271 81 22 önskan
328 1274 24 19 ut
368 1272 71 26 derpå,
456 1273 33 20 att
505 1273 102 25 antingen
622 1273 37 20 det
673 1272 76 27 gamla,
761 1271 80 21 dubbla
851 1277 39 14 un-

62 1300 220 27 dervisningsspråket
300 1301 70 20 skulle
388 1300 121 21 bibehållas
528 1301 59 25 eller,
606 1300 34 21 för
658 1301 40 20 den
713 1300 102 21 händelse
831 1299 60 20 detta

62 1329 24 21 af
99 1329 143 26 pedagogiska
257 1329 46 21 skäl
318 1329 76 26 ansågs
410 1329 118 26 olämpligt,
543 1329 250 26 undervisningsspråket
806 1327 27 20 då
844 1327 46 26 byt-

62 1359 32 19 tes
109 1357 33 21 till
155 1357 72 26 finskt,
243 1363 47 15 men
305 1357 179 26 undervisningen
500 1358 7 20 i
522 1357 38 21 det
570 1357 67 21 andra
648 1357 149 21 modersmålet
807 1355 24 21 så
842 1355 49 21 ord-

62 1385 72 26 nades,
151 1387 31 19 att
198 1386 98 21 eleverna
310 1385 36 21 vid
360 1385 86 21 utträde
461 1385 49 22 från
525 1386 76 21 skolan
617 1386 52 26 egde
684 1385 39 21 full
736 1384 98 27 praktisk
847 1383 43 21 fär-

63 1413 73 27 dighet
151 1414 61 21 äfven
227 1414 7 20 i
250 1414 48 21 dess
313 1414 147 26 begagnande.

131 1442 31 21 På
183 1443 70 25 grund
275 1442 23 21 af
315 1442 153 21 ofvanstående
488 1442 65 27 vågar
569 1443 38 26 jag
625 1442 110 21 vördsamt
750 1441 85 22 anhålla
850 1440 39 21 hos

62 1470 106 27 vällofliga
183 1471 179 26 Borgareståndet
377 1477 35 14 om
427 1471 77 21 remiss
520 1471 33 20 till
567 1471 145 26 vederbörligt
726 1470 85 21 utskott
825 1468 24 21 af
862 1475 27 14 en

62 1499 133 26 underdånig
210 1499 89 26 petition
316 1499 81 20 derom:
