1103 1781
203 112 34 18 196
550 114 85 18 Toukok.
648 115 23 17 30
684 120 16 17 p.

262 174 168 28 Porvarissäädyn
453 174 140 29 lähetystöä,
615 175 59 29 joka
694 181 43 16 sen
751 174 97 30 jälkeen
864 175 89 28 saapui,
967 173 60 30 johti

201 203 43 24 hra
260 204 101 28 Boisman,
374 204 58 30 joka
447 204 89 23 lausui:

246 263 172 30 Högvördigste
436 264 28 23 hr
479 264 91 23 Doktor
586 264 44 23 och
645 264 157 29 Erkebiskop!
834 263 149 30 Högvördiga

533 294 162 23 Presteständ!

274 341 198 30 Borgareständet
494 341 69 24 utber
586 343 38 28 sig
648 343 34 22 att
697 348 86 23 genom
800 349 46 20 oss,
863 341 54 23 dess
933 341 94 30 depute-

202 371 63 28 rade,
282 371 24 23 fä
322 371 35 23 till
373 371 40 24 det
427 372 148 29 högvördiga
586 372 178 23 Presteständet
779 371 119 24 frambära
914 372 37 22 sin
961 371 66 23 vörd-

201 408 93 16 samma
310 401 213 30 afskedshelsning.

275 431 79 30 Tungt
377 432 44 23 och
443 433 66 22 svärt
531 432 43 23 har
593 432 40 23 det
649 432 79 23 arbete
745 433 67 26 varit,
829 438 51 16 som
897 431 130 23 Ständerna

201 461 40 23 vid
265 461 78 24 denna
365 463 85 22 urtima
474 462 114 29 landtdag
612 462 51 23 haft
679 463 37 28 sig
731 461 125 30 förelagdt,
872 468 55 16 men
943 461 84 30 dyrbar

201 491 45 23 ock
261 492 142 29 rättigheten
419 494 35 21 att
466 493 53 28 just
534 499 32 16 nu
582 492 51 23 föra
649 492 92 23 landets
757 492 72 23 talan.
854 491 172 23 Allvarsamma

201 524 40 21 äro
265 521 29 23 de
315 522 158 29 förpliktelser
489 522 133 23 Ständerna
637 522 159 23 tillförbundit
811 521 81 23 landet
907 523 120 51 gentemot

201 551 40 23 det
256 551 107 30 mäktiga
379 552 50 23 rike
444 553 25 22 vi
484 552 101 27 tillhöra,
602 552 44 23 och
662 553 74 28 tunga
747 552 29 23 de
788 551 85 24 bördor
883 551 74 24 folket
967 551 59 23 häri-

201 588 86 23 genom
311 581 108 24 ähvälfts.
450 582 55 23 Men
529 583 77 28 troget
629 582 67 23 skola
717 582 70 23 dessa
803 581 86 24 bördor
903 581 50 23 helt
967 582 60 22 visst

200 611 77 28 bäras,
295 612 42 23 och
354 612 54 23 med
424 612 141 23 fördubblad
580 612 64 23 kraft
659 612 61 23 skall
736 612 83 23 landet
835 613 50 22 äter
900 611 80 23 arbeta
996 612 29 29 pä

200 641 214 24 framåtskridande
438 643 7 22 i
469 642 92 30 andligt
585 642 43 23 och
644 642 118 23 materielt
777 641 119 28 afseende,
913 649 38 15 om
967 641 59 23 blott

200 671 135 30 grunderna
358 672 35 23 för
416 673 52 22 värt
491 672 52 23 frän
561 672 83 23 fädren
661 672 73 27 ärfda,
750 672 139 29 lagbundna
904 671 121 24 samhälls-

201 701 68 23 skick
285 702 52 23 icke
353 702 93 23 rubbas.

271 731 112 24 Finlands
407 732 101 23 Ständer
531 732 71 23 hafva
625 732 82 23 häfdat
729 733 47 22 rätt
800 732 44 23 och
867 731 82 23 kunna
967 731 58 23 efter

200 761 123 30 fullgjordt
331 762 57 27 värf,
395 763 74 29 jemte
486 762 52 23 hela
554 763 52 22 värt
622 762 56 27 folk,
695 764 84 28 trygga
795 763 38 28 sig
848 761 41 24 vid
901 761 123 30 grundlag,

200 798 51 16 som
268 791 46 24 för
329 792 84 23 allan
429 791 44 24 tid
488 792 130 23 bekräftats
635 792 26 23 af
674 792 53 23 ädle
743 792 134 27 monarker,
889 792 43 23 och
943 793 82 28 ytterst

200 835 30 3 —
245 821 41 23 vid
302 821 92 24 folkens
411 821 58 24 Gud.

270 851 49 23 Mer
335 854 31 20 än
381 851 75 24 under
471 853 79 28 nägon
560 852 142 29 föregäende
713 852 34 23 tid
758 852 44 23 har
812 852 40 22 vid
864 851 77 23 denna
951 851 74 23 landt-

200 881 47 30 dag
263 881 74 23 kräfts
354 881 176 24 förtroendefull
546 882 143 23 samverkan
710 882 104 23 emellan
838 881 110 23 Ständen.
979 882 46 22 An-

199 911 104 29 spräken
318 913 30 28 pä
363 911 226 24 fosterlandskärlek
604 912 71 23 hafva
691 912 77 29 aldrig
783 913 62 22 varit
860 913 80 21 större.
971 911 54 23 Men

199 941 77 30 aldrig
292 941 65 23 torde
375 941 74 24 heller
465 941 29 23 de
510 941 78 23 skilda
604 941 105 24 Ständen
726 942 59 23 känt
801 943 38 28 sig
854 942 8 21 i
879 941 71 30 högre
966 941 59 30 grad

200 971 189 23 sammanslutna
405 972 36 22 till
458 979 34 15 en
508 973 186 28 representation
712 972 36 23 för
764 972 70 22 hela
850 973 52 21 värt
917 971 54 22 folk.

269 1001 46 23 Det
337 1004 26 20 är
386 1001 74 23 under
483 1001 43 23 full
543 1001 121 30 tillförsigt
678 1003 35 21 att
728 1003 27 22 sä
772 1001 43 23 allt
830 1001 118 30 framgent
963 1001 61 23 skall

199 1031 110 23 förblifva
325 1031 43 23 och
383 1031 56 23 med
454 1031 101 24 önskan:
572 1031 54 24 Gud
642 1032 84 23 bevare
742 1031 162 27 fosterlandet,
911 1038 50 16 som
970 1031 54 23 Bor-

198 1062 153 28 gareständet
359 1062 105 23 anhåller
472 1063 34 21 att
513 1062 39 22 det
557 1062 145 29 högvördiga
708 1061 179 24 Presteständet
893 1062 54 22 ville
954 1063 70 21 emot-

198 1092 56 28 taga
270 1091 123 23 försäkran
410 1098 38 16 om
464 1092 211 29 Borgareständets
691 1092 110 29 vänskap
818 1092 43 22 och
871 1091 152 29 högaktning.

270 1151 172 24 Vastaukseksi
458 1152 78 22 lausui
551 1152 43 22 hra
609 1152 133 28 Arkkipiispa:

270 1199 176 23 Presteständet
469 1200 65 22 delar
557 1200 119 29 vällofliga
692 1199 213 30 Borgareständets
921 1200 102 22 känslor.

197 1228 10 22 I
230 1230 103 28 sanning
355 1237 42 15 var
421 1230 45 22 den
482 1230 94 29 uppgift
591 1231 61 26 svär,
669 1237 51 15 som
736 1230 93 28 föreläg
845 1229 78 23 denna
938 1230 86 22 urtima

197 1258 126 30 landtdags
347 1259 107 28 Ständer,
470 1260 30 22 dä
516 1260 40 22 det
571 1260 70 29 gälde
657 1261 34 21 att
706 1260 73 22 häfda
796 1259 45 23 den
858 1259 165 29 rättsordning,

197 1295 52 16 som
273 1289 52 23 från
348 1289 150 23 fordomtima
520 1290 111 29 uppburit
646 1291 42 21 vär
704 1289 224 29 samhällsordning.
959 1289 9 23 I
985 1289 40 23 det

198 1318 112 23 berömda
315 1319 112 29 grekiska
443 1320 145 29 sorgespelet
603 1320 83 29 vädjar
702 1320 120 29 Antigone
833 1319 36 23 till
880 1319 29 23 de
921 1319 103 23 oskrifna

197 1349 70 28 eviga
290 1349 73 29 lagar,
387 1350 81 22 hvilka
492 1349 184 30 medborgarene
692 1349 141 29 obetingadt
848 1350 76 22 mäste
940 1349 83 23 under-

196 1378 70 22 kasta
282 1379 44 29 sig,
343 1379 69 23 äfven
429 1379 30 23 dä
475 1379 39 23 det
529 1380 75 28 gäller
619 1380 135 29 uppoffring
766 1379 27 23 af
802 1379 73 23 lifvet.
901 1379 30 23 Sä
941 1379 82 23 tänkte

197 1408 215 29 medborgarinnan
428 1410 7 22 i
452 1409 39 23 det
506 1410 80 28 gamla
601 1410 79 22 Hellas
698 1410 43 22 och
754 1409 76 23 sedan
841 1409 54 23 dess
906 1409 43 22 har
957 1410 66 22 rätts-

196 1438 169 23 utvecklingen
389 1440 7 22 i
420 1439 194 23 kulturländerna
633 1440 51 29 gätt
699 1439 88 23 framät
803 1440 7 21 i
827 1438 46 23 den
888 1439 136 22 riktningen

196 1468 35 22 att
246 1468 24 22 vi
286 1442 71 60 halva
372 1469 162 29 rättsbegrepp
551 1469 43 23 och
606 1470 142 26 rättssatser,
761 1476 53 15 som
825 1468 53 23 icke
890 1476 63 15 mera
965 1469 58 22 blott

196 1499 39 21 äro
260 1498 90 23 skrifna
374 1499 72 29 lagar,
470 1500 58 21 utan
549 1499 110 23 lefvande
674 1499 90 23 krafter
780 1500 9 21 i
805 1498 92 23 folkens
914 1498 32 23 lif.
977 1498 47 23 Det

197 1529 26 21 är
239 1527 56 28 deri,
313 1534 51 17 som
381 1528 46 24 den
442 1528 179 24 vesterländska
637 1529 124 23 kulturens
779 1528 97 30 statliga
887 1528 137 29 utveckling
