1100 1745
201 93 24 16 74
543 94 83 17 Toukok.
639 95 23 16 23
675 100 16 16 p.

202 152 120 30 synpunkt
338 152 68 22 stälts
421 154 30 28 på
467 152 147 28 densamma,
631 160 38 16 om
685 154 72 22 också
770 153 113 23 utskottet
894 152 132 24 sedermera

202 183 78 22 funnit
301 182 52 23 skäl
374 184 34 21 att
427 182 35 23 för
479 184 37 21 sin
533 182 36 23 del
587 183 99 27 förorda,
703 183 62 23 hvad
782 183 45 23 den
843 182 88 30 nådiga
947 189 79 23 propo-

202 214 78 25 sition,
297 219 51 16 som
364 212 40 23 vid
419 212 78 23 denna
513 212 114 30 landtdag
643 213 120 29 förelagts,
781 214 7 22 i
803 212 63 23 detta
878 213 81 29 stycke
970 213 57 22 före-

203 243 53 22 slår.
289 242 44 23 För
356 243 50 22 min
427 242 38 23 del
487 242 60 23 hade
564 244 43 28 jag
625 243 85 22 önskat
726 245 33 21 ett
775 242 128 29 kraftigare
919 242 108 23 framhål-

203 272 68 23 lande
296 272 26 22 af
343 272 45 22 den
412 273 133 29 sanningen
568 274 35 21 att
625 274 73 28 något
726 273 115 29 egentligt
861 272 51 23 skäl
932 274 50 21 icke
998 278 30 24 på

203 302 176 23 erfarenhetens
403 305 45 27 väg
472 302 139 29 förebragts,
633 302 90 23 hvilket
745 303 77 22 skulle
841 302 82 23 kräfva
940 309 28 16 en
984 302 44 23 för-

204 332 101 29 ändring
327 332 26 22 af
371 333 245 22 reservinstitutionen
632 332 52 23 från
700 332 63 23 hvad
779 333 46 22 den
842 339 31 15 nu
890 335 25 19 är
931 332 34 22 till
982 332 46 27 det,

203 369 52 16 som
271 362 46 22 den
333 362 137 29 antagligen
486 363 7 21 i
509 362 127 23 framtiden
652 362 108 23 kommer
771 364 34 21 att
813 362 79 22 blifva.
908 362 47 23 Det
968 365 25 20 är
1001 364 28 28 ju

204 392 95 27 bekant,
316 393 34 21 att
366 392 36 22 för
416 392 53 23 icke
486 393 27 21 så
529 394 87 27 många
631 394 25 20 år
667 392 74 23 sedan
753 392 109 30 miljoner
873 394 75 21 måste
960 393 68 22 offras

204 422 35 23 för
256 423 34 21 att
305 422 6 21 i
330 422 170 29 ordningställa
516 422 90 22 lokaler
622 422 35 22 för
668 422 131 29 inhysande
811 422 26 22 af
845 425 184 19 reservmännen

204 451 40 23 vid
265 453 180 25 reservmötena,
469 451 73 23 ordna
558 451 36 23 för
610 451 53 23 dem
681 452 88 29 platser
785 452 36 22 för
837 451 68 23 deras
922 451 108 30 öfningar

205 489 18 15 0.
241 489 18 14 s.
277 489 20 14 v.
331 481 47 23 Allt
395 481 63 23 detta
475 481 98 23 kostade
590 481 46 23 den
652 481 77 23 finska
745 482 149 22 statskassan
911 482 119 28 ansenligt

205 511 43 23 och
271 511 117 29 antagligt
407 515 25 19 är
453 513 35 21 att
504 519 28 15 en
549 513 50 21 stor
615 511 38 23 del
669 512 26 22 af
709 511 70 23 dessa
795 513 132 28 penningar
942 518 31 16 nu
990 514 39 20 äro

206 541 158 27 bortkastade,
381 541 93 23 hvartill
492 542 107 22 kommer
616 543 34 21 att
666 541 46 23 den
728 541 137 23 nuvarande
886 543 144 21 reservinsti-

206 573 106 21 tutionen
333 571 49 23 helt
403 571 80 23 säkert
503 574 26 19 är
544 571 55 23 vida
616 571 108 30 billigare
741 575 30 19 än
788 571 52 27 den,
857 578 51 16 som
924 571 106 23 kommer

205 603 34 21 att
263 601 66 22 träda
353 602 7 21 i
384 601 85 23 stället.
501 601 46 29 Jag
569 601 70 29 yrkar
658 601 36 23 för
714 603 49 21 min
785 601 37 22 del
839 601 51 22 icke
907 603 30 27 på
953 603 75 27 någon

207 631 136 29 förändring
367 633 31 20 uti
424 631 160 30 lagförslaget,
610 631 145 23 beträffande
779 632 251 22 reservinstitutionen,

207 668 53 16 men
277 661 66 27 hade,
360 668 51 16 som
427 661 76 29 sagdt,
521 661 85 23 önskat
622 663 34 21 att
671 661 116 23 utskottet
823 661 104 29 kraftigare
939 664 29 19 än
980 668 49 15 som

206 691 64 22 skett
291 691 82 22 häfdat
393 692 132 28 sanningen
545 691 68 22 deraf
635 692 34 22 att
685 691 78 22 denna
779 691 138 29 förändring
933 691 51 22 icke
1001 698 29 22 pa

206 721 175 22 erfarenhetens
397 724 46 26 väg
459 721 103 23 bevisats
579 728 56 15 vara
651 721 142 29 nödvändig.
811 721 74 29 Eljest
901 724 25 19 är
939 722 42 28 jag
997 725 34 18 ut-

206 751 88 22 skottet
310 751 106 22 tacksam
433 751 35 22 för
480 751 160 22 betänkandet
652 752 4 20 i
670 751 54 22 dess
735 751 81 22 helhet
825 751 42 22 och
877 751 111 22 särskildt
997 751 35 21 för

207 780 28 22 de
251 780 48 26 ord,
316 780 113 23 hvarmed
445 781 115 22 utskottet
576 780 162 23 tillbakavisat
754 780 28 23 de
795 780 111 27 invektiv,
919 787 49 15 som
981 784 48 18 mot

205 810 77 22 finska
304 810 310 30 värnepliktsinstitutionen
630 810 78 23 blifvit
724 810 84 30 gjorda
824 810 52 22 från
892 810 65 28 ryskt
973 810 53 22 håll.

277 870 89 22 Pastori
384 871 123 21 Vartiainen:
532 870 63 22 Minä
611 870 133 29 puolestani
761 877 27 15 en
807 870 95 22 tahtoisi
918 870 45 22 olla
980 870 47 21 niin

206 900 175 28 pessimistinen
398 900 57 22 kuin
472 901 133 21 muutamat
620 901 103 21 arvoisat
739 899 101 30 puhujat
856 899 71 22 täällä
941 901 87 27 näyttä-

206 931 39 20 vät
261 929 82 22 olleen.
374 929 220 23 Lakivaliokunnan
609 931 155 21 mietinnössä
775 936 30 15 on
817 932 51 19 eräs
880 930 74 28 ponsi,
963 930 65 28 jossa

206 960 114 21 sanotaan
337 960 47 21 että
401 959 84 29 säädyt
499 959 110 23 katsovat
621 959 176 29 korkeampaan
810 959 128 22 maailman
946 960 82 28 järjes-

205 989 99 28 tykseen
327 989 166 29 perustuvaksi
518 989 260 23 velvollisuudeksensa
800 990 64 28 pitää
884 989 75 22 kiinni
975 989 54 22 siitä

205 1019 70 22 laista
296 1020 26 28 ja
346 1019 143 27 oikeudesta,
507 1019 57 30 joka
581 1019 103 23 Suomen
701 1019 108 22 kansalle
823 1019 152 29 juhlallisesti
992 1025 37 15 va-

205 1049 111 22 kuutettu
341 1056 35 15 on.
409 1049 62 22 Minä
494 1049 136 22 rohkenisin
652 1050 77 21 toivoa
752 1049 97 22 ainakin
865 1049 62 22 vielä
944 1049 85 22 toistai-

206 1078 64 23 seksi
293 1080 47 21 että
361 1079 60 29 pyhä
438 1079 97 29 Venäjä,
549 1079 75 29 jonka
639 1079 96 22 Jumala
752 1085 30 16 on
799 1078 82 29 tehnyt
896 1079 49 21 niin
962 1097 5 8 ,
970 1085 60 19 ,suu-

206 1108 69 27 reks',
299 1108 148 23 mahtavaks'
468 1109 25 29 ja
509 1109 219 26 mainehikkaaks*,
752 1115 29 16 on
799 1110 146 27 ymmärtävä
961 1109 69 21 antaa

206 1145 70 15 arvoa
301 1138 108 29 myöskin
433 1139 52 22 sille
509 1138 293 27 elämänkutsumukselle,
819 1138 74 29 jonka
909 1144 66 16 sama
990 1137 40 23 Ju-

206 1168 63 22 mala
290 1175 30 15 on
341 1169 100 22 antanut
462 1168 174 23 Suomenmaan
652 1168 101 29 pienelle
771 1167 113 23 kansalle.
917 1167 34 23 On
967 1167 63 29 kyllä

207 1199 58 21 totta
289 1199 47 21 että
360 1199 107 28 säätyjen
488 1198 173 23 käsiteltävänä
677 1198 79 22 olevat
771 1197 131 23 armolliset
918 1197 113 28 esitykset

208 1229 121 26 näyttävät
344 1229 129 22 viittaavan
490 1228 181 22 vastakkaiseen
688 1229 128 21 suuntaan.
833 1227 74 22 Mutta
918 1228 111 21 sanotaan

207 1259 48 20 että
278 1257 156 23 Homeroskin
458 1259 116 21 toisinaan
595 1257 130 23 torkahtaa.
757 1257 64 22 Minä
838 1257 135 22 rohkenisin
990 1257 40 22 toi-

207 1294 44 15 voa
275 1288 48 21 että
347 1294 25 15 se
388 1289 93 25 suunta,
495 1287 58 29 joka
569 1288 135 22 sanotuissa
720 1287 157 22 armollisissa
893 1287 137 28 esityksissä

207 1317 106 28 esiintyy,
339 1318 21 21 ei
384 1317 35 23 ole
439 1319 81 20 muuta
536 1317 59 23 kuin
611 1317 105 22 sellaista
732 1316 121 29 tilapäistä
868 1316 163 22 Homeruksen

207 1346 186 23 torkahtamista.
421 1347 62 22 Minä
507 1346 120 23 rohkenen
651 1348 45 21 sitä
714 1347 81 22 toivoa
821 1346 88 22 sitäkin
928 1352 103 16 suurem-

209 1376 70 22 malla
288 1376 82 29 syyllä,
385 1376 48 23 kun
445 1383 28 16 en
485 1378 37 20 voi
534 1376 75 23 uskoa
621 1378 48 21 että
680 1376 61 29 pyhä
752 1376 92 29 Venäjä
856 1375 95 23 tahtoisi
962 1375 70 23 tehdä

208 1406 95 26 mitään,
327 1406 53 22 joka
401 1408 56 21 näin
473 1407 102 21 suuresti
591 1406 118 22 loukkaisi
726 1406 113 29 pyhyyttä
856 1405 57 22 kuin
929 1405 101 22 Suomen

208 1435 91 22 kansan
331 1436 114 22 Jumalalta
460 1435 90 23 saadun
567 1443 96 15 aseman
677 1437 26 28 ja
720 1434 197 24 kansallisuuden
928 1435 104 22 kukista-

207 1466 80 21 minen
304 1465 58 23 olisi.
389 1465 34 23 On
440 1465 61 29 kyllä
519 1467 58 21 totta
593 1467 54 25 että,
661 1466 38 29 jos
716 1465 93 29 Venäjä
826 1465 48 22 niin
886 1464 76 27 tekisi,
974 1471 25 16 se
1011 1465 19 21 ei

207 1494 70 23 tekisi
302 1496 89 21 mitään
415 1496 80 21 muuta
517 1495 57 22 kuin
597 1496 56 21 mitä
676 1498 81 19 monet
774 1496 66 20 muut
857 1496 81 20 suuret
954 1493 78 23 maail-
