1100 1792
204 106 33 17 116
550 108 83 17 "Toukok.
647 108 23 16 23
683 113 16 16 p.

274 166 79 30 Piispa
382 164 99 31 Råbergh:
509 167 46 34 Jag
578 167 43 22 har
643 167 83 29 begärt
749 166 67 23 ordet
838 166 35 22 för
897 167 34 22 att
954 166 72 22 också

200 196 43 29 jag
259 197 8 21 i
284 196 93 23 korthet
393 197 74 22 uttala
482 198 50 21 min
548 196 146 23 ståndpunkt
710 198 7 21 i
728 196 78 23 denna
817 196 72 29 fråga.
913 196 46 23 Det
969 196 55 22 kän-

202 232 42 16 nes
269 227 140 29 visserligen
433 226 35 23 för
484 227 49 28 mig
549 204 128 52 motvilligt
692 228 34 21 att
741 226 130 23 medvärka
886 226 36 22 till
939 227 33 21 ett
987 225 37 23 be-

202 256 54 26 slut,
274 263 51 15 som
349 256 88 29 åsyftar
461 258 34 21 att
518 244 59 42 höja
599 256 165 35 krigsstyrkan
785 257 8 21 i
809 256 126 22 framtiden
950 257 8 21 i
973 257 52 21 vårt

203 274 61 34 land.
297 286 44 23 För
363 286 40 23 det
426 286 75 28 stånd,
519 293 51 16 som
593 287 44 29 jag
653 286 85 27 tillhör,
756 287 75 22 måste
847 286 73 23 målet
936 286 7 22 i
961 286 63 22 detta

201 316 112 23 afseende
330 317 7 21 i
354 318 77 27 någon
448 318 55 21 mån
520 317 145 22 bestämmas
676 317 26 22 af
708 305 30 34 de
746 316 41 23 ord
797 316 107 29 profeten
912 315 112 26 uttalade,

202 345 29 23 då
256 346 45 22 han
326 335 128 34 hänvisade
480 347 49 22 mot
551 346 202 29 mensklighetens
770 346 95 23 framtid
880 345 74 23 sådan
970 345 54 23 den-

201 382 94 16 samma
311 376 75 23 under
401 376 128 29 inflytande
545 376 26 23 af
586 376 64 23 Guds
667 376 49 23 rike
733 376 60 22 skall
811 376 101 29 gestalta
928 377 37 28 sig
981 375 42 22 och

202 407 104 27 påminte
332 406 80 23 derom
429 407 34 22 att
479 406 45 23 den
537 406 34 22 tid
587 406 42 22 bör
644 406 95 22 komma
756 405 29 24 då
801 393 100 35 svärden
918 405 106 23 förvand-

201 435 34 22 las
261 436 34 22 till
319 435 124 30 plogbillar
467 436 43 23 och
534 437 96 28 spjuten
653 436 35 22 till
712 436 49 22 liar.
794 436 35 22 Då
845 435 40 23 det
900 435 74 30 gäller
990 437 34 21 att

202 466 43 21 öka
270 466 163 29 krigsstyrkan
449 467 8 21 i
474 467 33 21 ett
523 465 62 28 land,
603 467 42 28 går
661 473 54 15 man
730 467 28 28 ju
776 467 6 21 i
799 467 97 21 motsatt
912 465 110 29 riktning.

200 495 53 29 Den
270 495 143 28 diskussion,
423 503 50 15 som
490 495 77 23 blifvit
583 495 51 23 förd
652 497 4 20 i
674 496 70 26 kväll,
758 496 93 22 bevisar
867 495 70 23 äfven
953 495 69 22 detta.

202 525 76 22 Afven
298 527 43 28 jag
365 529 25 19 är
413 526 54 22 fullt
490 525 125 23 medveten
637 525 80 23 derom
733 527 35 21 att
784 525 111 30 höjandet
911 525 26 22 af
949 525 74 29 krigs-

200 555 98 27 styrkan
323 557 5 20 i
352 555 98 23 fredstid
467 557 7 21 i
491 556 84 29 sjelfva
592 556 82 22 verket
689 555 95 23 komme
800 557 35 20 att
851 555 53 22 öfva
921 556 33 21 ett
969 555 54 22 ned-

200 585 97 22 slående
315 585 126 29 inflytande
459 585 112 23 särskildt
588 587 29 27 på
633 585 91 23 landets
742 585 166 29 modernäring
925 585 42 22 och
984 585 39 22 det

200 617 25 20 är
251 615 61 22 dock
336 615 45 22 den
405 623 51 14 som
477 615 96 23 framför
590 615 73 22 andra
680 615 41 22 bör
737 615 126 27 befordras,
881 616 141 21 åtminstone

201 645 177 29 upprätthållas.
411 645 53 23 Men
486 647 43 28 jag
555 645 131 29 medgifver
702 647 34 20 att
752 645 29 22 de
797 645 126 22 historiska
939 645 83 22 förhål-

200 675 102 22 landena
326 675 56 22 böra
399 675 75 22 förmå
491 675 112 22 Finlands
620 675 49 22 folk
686 675 35 22 till
738 675 57 22 offer
811 675 42 22 och
867 676 43 28 jag
927 676 46 21 tror
989 676 34 21 att

199 704 40 23 det
263 705 42 22 här
329 705 103 29 begärda
456 705 66 22 offret
546 705 52 23 icke
623 705 61 22 skall
707 712 56 15 vara
787 705 108 29 omöjligt
911 705 43 22 och
970 705 52 22 icke

200 734 73 23 heller
297 735 106 22 medföra
427 742 29 15 en
472 735 151 29 synnerligen
639 737 54 20 svår
709 737 80 26 tunga,
806 742 37 15 om
860 735 59 22 blott
935 734 28 23 de
979 735 43 22 för-

200 765 167 28 utsättningar,
387 765 76 22 under
487 765 81 22 hvilka
594 765 115 22 utskottet
734 765 121 28 föreslagit
879 764 64 23 detta
959 765 63 22 offer,

199 794 74 22 blifva
289 795 130 28 iakttagna.
451 795 36 22 Då
501 796 42 28 jag
560 795 35 22 för
611 795 49 22 min
677 795 36 22 del
731 795 78 22 derför
824 794 154 23 understöder
990 798 31 18 ut-

198 824 101 23 skottets
325 825 88 28 förslag
437 825 122 28 angående
590 827 140 20 numerären
765 825 25 22 af
815 824 183 29 militärstyrkan
1014 825 7 21 i

198 853 138 28 fredstiden,
353 856 43 27 gör
416 855 44 28 jag
484 854 39 23 det
546 854 75 23 under
645 854 44 23 den
714 855 168 28 förutsättning
903 856 34 20 att
954 855 4 20 i
976 854 44 22 den

199 883 148 28 hemställan,
357 891 52 15 som
425 884 127 23 ständerna
569 884 104 29 afgifva
665 879 9 44 i
689 884 84 29 frågan
784 884 35 22 till
830 884 63 23 Hans
905 884 115 35 Majestät,

199 903 160 40 uttryckligen
376 917 138 20 omnämnes
539 916 34 20 att
590 902 45 34 den
652 914 103 22 nämnda
772 914 167 28 förändringen
949 915 20 27 ej
982 915 38 21 må

197 932 152 39 genomföras
368 944 151 27 omedelbart,
537 946 56 20 utan
611 944 74 22 under
700 944 116 29 förloppet
831 944 26 22 af
870 945 73 21 minst
959 947 12 19 9
988 945 32 25 år,

197 961 81 35 vidare
303 975 34 21 att
360 974 92 22 landets
475 962 136 34 nuvarande
627 974 140 29 tullsystem,
784 981 50 15 som
851 976 26 20 är
893 974 45 22 den
954 974 66 28 vigti-

197 1005 68 27 gaste
290 1003 37 23 del
345 1004 26 22 af
385 1004 111 22 Finlands
512 1004 188 26 finansväsende,
717 1004 53 22 icke
786 1006 68 26 göres
871 1004 35 22 till
923 987 96 49 föremål

197 1033 35 22 för
256 1034 74 28 några
353 1034 74 22 större
444 1033 163 29 förändringar
623 1034 43 22 och
683 1034 34 22 till
734 1034 44 22 sist
793 1034 46 22 den
855 1034 125 28 vigtigaste
998 1034 25 21 af

197 1062 54 27 alla,
269 1065 35 20 att
328 1063 91 23 landets
443 1063 138 29 utveckling
598 1065 39 21 må
652 1064 80 22 kunna
749 1064 76 28 fortgå
841 1070 51 16 som
909 1062 111 23 härförin-

197 1099 46 15 nan
268 1094 7 21 i
292 1092 88 30 hägnet
396 1093 26 22 af
436 1100 29 15 en
481 1093 46 22 fast
543 1093 43 22 och
603 1093 107 29 orubblig
726 1093 160 28 rättsordning
903 1092 42 22 och
962 1093 57 22 säle-

197 1122 41 22 des
257 1122 54 22 med
327 1122 55 22 fullt
399 1123 42 22 och
458 1123 93 22 fortsatt
568 1123 181 29 respekterande
767 1123 25 22 af
805 1123 118 22 besvurna
935 1122 85 29 grund-

197 1152 72 29 lagar.
302 1152 47 22 Det
372 1155 26 19 är
415 1152 74 23 under
504 1152 77 23 denna
598 1152 169 30 förutsättning
780 1154 49 28 jag,
846 1159 38 15 om
901 1152 71 22 också
989 1152 30 22 ef-

197 1184 34 20 ter
255 1182 102 28 mycken
374 1182 93 27 tvekan,
487 1189 69 15 anser
573 1183 49 28 mig
638 1182 80 23 kunna
734 1182 143 23 understöda
893 1182 125 22 utskottets

196 1211 89 29 förslag
302 1213 5 21 i
326 1212 78 22 denna
419 1212 116 29 paragraf.

269 1271 203 29 Tuomioprovasti
497 1272 160 27 Schwartzberg:
682 1272 85 22 Suuret
791 1271 110 23 oikeudet
916 1272 103 22 vaativat

195 1302 81 21 suuria
300 1301 201 23 velvollisuuksia.
533 1302 36 22 Me
592 1301 134 23 vaadimme
750 1301 94 23 meidän
862 1308 156 16 maassamme

196 1330 188 29 pysytettäväksi
401 1331 129 27 oikeuksia,
544 1332 60 28 joita
621 1331 99 23 olemme
732 1331 188 22 kaitselmuksen
929 1331 89 29 johdon

196 1360 105 22 mukaan
327 1360 142 23 itsellemme
495 1362 128 21 voittaneet
646 1362 26 28 ja
696 1363 70 20 nämä
790 1360 108 23 oikeudet
915 1362 104 21 vaativat

195 1391 48 21 että
261 1390 110 28 myöskin
387 1390 176 29 pukeudumme
579 1390 80 23 niiden
675 1390 211 23 velvollisuuksien
902 1392 116 26 täyttämi-

194 1426 64 20 seen,
282 1420 68 28 jotka
374 1422 123 20 vastaavat
520 1421 65 22 näitä
611 1420 128 23 oikeuksia.
772 1420 52 22 Kun
841 1421 113 21 sanotaan
971 1421 47 21 että

194 1449 96 22 meidän
321 1456 118 16 maamme
469 1451 21 21 ei
518 1451 59 21 voisi
607 1450 86 22 kantaa
722 1451 58 21 niitä
803 1450 134 26 uhrauksia,
959 1451 59 28 joita

198 1482 103 23 12,000:n
317 1476 10 38 —
336 1480 179 22 asevelvollisen
532 1476 11 38 —
550 1480 187 29 ylläpitämiseen
754 1476 14 38 —
779 1480 122 26 tarvitaan,
943 1481 75 21 mutta

195 1510 124 21 voisimme
343 1509 112 30 ylläpitää
482 1513 77 23 10,000
584 1510 179 26 asevelvollista,
780 1511 49 21 niin
845 1509 92 30 pyydän
955 1511 63 20 minä
