<?xml version="1.0" encoding="UTF-8"?>
<alto xmlns="http://www.loc.gov/standards/alto/ns-v3#" xmlns:xlink="http://www.w3.org/1999/xlink" xmlns:xsi="http://www.w3.org/2001/XMLSchema-instance" xsi:schemaLocation="http://www.loc.gov/standards/alto/ns-v3# http://www.loc.gov/alto/v3/alto-3-0.xsd">
	<Description>
		<MeasurementUnit>pixel</MeasurementUnit>
		<sourceImageInformation>
			<fileName>/tmp/tess_t61yx5o4_input.PNG</fileName>
		</sourceImageInformation>
		<OCRProcessing ID="OCR_0">
			<ocrProcessingStep>
				<processingSoftware>
					<softwareName>tesseract 5.3.4</softwareName>
				</processingSoftware>
			</ocrProcessingStep>
		</OCRProcessing>
	</Description>
	<Layout>
		<Page WIDTH="1092" HEIGHT="1803" PHYSICAL_IMG_NR="0" ID="page_0">
			<PrintSpace HPOS="0" VPOS="0" WIDTH="1092" HEIGHT="1803">
				<ComposedBlock ID="cblock_0" HPOS="211" VPOS="108" WIDTH="803" HEIGHT="94">
					<TextBlock ID="block_0" HPOS="211" VPOS="108" WIDTH="803" HEIGHT="94">
						<TextLine ID="line_0" HPOS="211" VPOS="108" WIDTH="487" HEIGHT="23">
							<String ID="string_0" HPOS="211" VPOS="108" WIDTH="35" HEIGHT="17" WC="0.96" CONTENT="158"/><SP WIDTH="302" VPOS="108" HPOS="246"/>
							<String ID="string_1" HPOS="548" VPOS="109" WIDTH="84" HEIGHT="18" WC="0.90" CONTENT="Toukok."/><SP WIDTH="13" VPOS="109" HPOS="632"/>
							<String ID="string_2" HPOS="645" VPOS="109" WIDTH="23" HEIGHT="17" WC="0.96" CONTENT="25"/><SP WIDTH="12" VPOS="109" HPOS="668"/>
							<String ID="string_3" HPOS="680" VPOS="114" WIDTH="18" HEIGHT="17" WC="0.96" CONTENT="p."/>
						</TextLine>
						<TextLine ID="line_1" HPOS="236" VPOS="168" WIDTH="778" HEIGHT="34">
							<String ID="string_4" HPOS="236" VPOS="168" WIDTH="42" HEIGHT="27" WC="0.95" CONTENT="19."/><SP WIDTH="36" VPOS="168" HPOS="278"/>
							<String ID="string_5" HPOS="314" VPOS="168" WIDTH="155" HEIGHT="28" WC="0.95" CONTENT="Torstaina"/><SP WIDTH="18" VPOS="168" HPOS="469"/>
							<String ID="string_6" HPOS="487" VPOS="169" WIDTH="184" HEIGHT="27" WC="0.96" CONTENT="Toukokuun"/><SP WIDTH="21" VPOS="169" HPOS="671"/>
							<String ID="string_7" HPOS="692" VPOS="168" WIDTH="33" HEIGHT="27" WC="0.93" CONTENT="25"/><SP WIDTH="20" VPOS="168" HPOS="725"/>
							<String ID="string_8" HPOS="745" VPOS="168" WIDTH="68" HEIGHT="34" WC="0.92" CONTENT="p:nä"/><SP WIDTH="20" VPOS="168" HPOS="813"/>
							<String ID="string_9" HPOS="833" VPOS="168" WIDTH="60" HEIGHT="27" WC="0.93" CONTENT="k:lo"/><SP WIDTH="19" VPOS="168" HPOS="893"/>
							<String ID="string_10" HPOS="912" VPOS="168" WIDTH="52" HEIGHT="26" WC="0.81" CONTENT="%i."/><SP WIDTH="22" VPOS="168" HPOS="964"/>
							<String ID="string_11" HPOS="986" VPOS="175" WIDTH="28" HEIGHT="25" WC="0.93" CONTENT="p."/>
						</TextLine>
					</TextBlock>
				</ComposedBlock>
				<ComposedBlock ID="cblock_1" HPOS="284" VPOS="246" WIDTH="639" HEIGHT="28">
					<TextBlock ID="block_1" HPOS="284" VPOS="246" WIDTH="639" HEIGHT="28">
						<TextLine ID="line_2" HPOS="284" VPOS="246" WIDTH="639" HEIGHT="28">
							<String ID="string_12" HPOS="284" VPOS="246" WIDTH="140" HEIGHT="22" WC="0.96" CONTENT="Rukouksen"/><SP WIDTH="16" VPOS="246" HPOS="424"/>
							<String ID="string_13" HPOS="440" VPOS="247" WIDTH="41" HEIGHT="27" WC="0.96" CONTENT="piti"/><SP WIDTH="16" VPOS="247" HPOS="481"/>
							<String ID="string_14" HPOS="497" VPOS="247" WIDTH="116" HEIGHT="21" WC="0.96" CONTENT="suomeksi"/><SP WIDTH="16" VPOS="247" HPOS="613"/>
							<String ID="string_15" HPOS="629" VPOS="247" WIDTH="147" HEIGHT="21" WC="0.96" CONTENT="kirkkoherra"/><SP WIDTH="17" VPOS="247" HPOS="776"/>
							<String ID="string_16" HPOS="793" VPOS="246" WIDTH="130" HEIGHT="27" WC="0.96" CONTENT="Malmberg."/>
						</TextLine>
					</TextBlock>
				</ComposedBlock>
				<ComposedBlock ID="cblock_2" HPOS="213" VPOS="352" WIDTH="822" HEIGHT="59">
					<TextBlock ID="block_2" HPOS="213" VPOS="352" WIDTH="822" HEIGHT="59">
						<TextLine ID="line_3" HPOS="283" VPOS="352" WIDTH="752" HEIGHT="29">
							<String ID="string_17" HPOS="283" VPOS="354" WIDTH="175" HEIGHT="21" WC="0.92" CONTENT="Nimihuudossa"/><SP WIDTH="26" VPOS="354" HPOS="458"/>
							<String ID="string_18" HPOS="484" VPOS="354" WIDTH="70" HEIGHT="21" WC="0.95" CONTENT="olivat"/><SP WIDTH="23" VPOS="354" HPOS="554"/>
							<String ID="string_19" HPOS="577" VPOS="354" WIDTH="78" HEIGHT="21" WC="0.96" CONTENT="kaikki"/><SP WIDTH="25" VPOS="354" HPOS="655"/>
							<String ID="string_20" HPOS="680" VPOS="354" WIDTH="87" HEIGHT="27" WC="0.96" CONTENT="säädyn"/><SP WIDTH="22" VPOS="354" HPOS="767"/>
							<String ID="string_21" HPOS="789" VPOS="354" WIDTH="90" HEIGHT="26" WC="0.96" CONTENT="jäsenet"/><SP WIDTH="24" VPOS="354" HPOS="879"/>
							<String ID="string_22" HPOS="903" VPOS="352" WIDTH="132" HEIGHT="27" WC="0.96" CONTENT="saapuvilla,"/>
						</TextLine>
						<TextLine ID="line_4" HPOS="213" VPOS="383" WIDTH="592" HEIGHT="28">
							<String ID="string_23" HPOS="213" VPOS="383" WIDTH="69" HEIGHT="26" WC="0.93" CONTENT="paitsi"/><SP WIDTH="15" VPOS="383" HPOS="282"/>
							<String ID="string_24" HPOS="297" VPOS="384" WIDTH="101" HEIGHT="26" WC="0.92" CONTENT="provasti"/><SP WIDTH="16" VPOS="384" HPOS="398"/>
							<String ID="string_25" HPOS="414" VPOS="384" WIDTH="91" HEIGHT="21" WC="0.92" CONTENT="Heman"/><SP WIDTH="15" VPOS="384" HPOS="505"/>
							<String ID="string_26" HPOS="520" VPOS="384" WIDTH="22" HEIGHT="27" WC="0.93" CONTENT="ja"/><SP WIDTH="16" VPOS="384" HPOS="542"/>
							<String ID="string_27" HPOS="558" VPOS="384" WIDTH="101" HEIGHT="27" WC="0.93" CONTENT="provasti"/><SP WIDTH="17" VPOS="384" HPOS="659"/>
							<String ID="string_28" HPOS="676" VPOS="383" WIDTH="129" HEIGHT="27" WC="0.93" CONTENT="Karlsberg."/>
						</TextLine>
					</TextBlock>
				</ComposedBlock>
				<ComposedBlock ID="cblock_3" HPOS="214" VPOS="490" WIDTH="822" HEIGHT="59">
					<TextBlock ID="block_3" HPOS="214" VPOS="490" WIDTH="822" HEIGHT="59">
						<TextLine ID="line_5" HPOS="285" VPOS="490" WIDTH="751" HEIGHT="29">
							<String ID="string_29" HPOS="285" VPOS="491" WIDTH="101" HEIGHT="21" WC="0.96" CONTENT="Luettiin"/><SP WIDTH="23" VPOS="491" HPOS="386"/>
							<String ID="string_30" HPOS="409" VPOS="491" WIDTH="57" HEIGHT="27" WC="0.96" CONTENT="julki"/><SP WIDTH="24" VPOS="491" HPOS="466"/>
							<String ID="string_31" HPOS="490" VPOS="491" WIDTH="58" HEIGHT="27" WC="0.92" CONTENT="neljä"/><SP WIDTH="24" VPOS="491" HPOS="548"/>
							<String ID="string_32" HPOS="572" VPOS="491" WIDTH="116" HEIGHT="22" WC="0.92" CONTENT="ritaristoita"/><SP WIDTH="22" VPOS="491" HPOS="688"/>
							<String ID="string_33" HPOS="710" VPOS="492" WIDTH="23" HEIGHT="27" WC="0.91" CONTENT="ja"/><SP WIDTH="21" VPOS="492" HPOS="733"/>
							<String ID="string_34" HPOS="754" VPOS="490" WIDTH="90" HEIGHT="22" WC="0.91" CONTENT="aatelilta"/><SP WIDTH="16" VPOS="490" HPOS="844"/>
							<String ID="string_35" HPOS="860" VPOS="491" WIDTH="95" HEIGHT="21" WC="0.93" CONTENT="tullutta"/><SP WIDTH="16" VPOS="491" HPOS="955"/>
							<String ID="string_36" HPOS="971" VPOS="490" WIDTH="65" HEIGHT="27" WC="0.93" CONTENT="pöytä-"/>
						</TextLine>
						<TextLine ID="line_6" HPOS="214" VPOS="519" WIDTH="424" HEIGHT="30">
							<String ID="string_37" HPOS="214" VPOS="519" WIDTH="63" HEIGHT="27" WC="0.96" CONTENT="kirjan"/><SP WIDTH="17" VPOS="519" HPOS="277"/>
							<String ID="string_38" HPOS="294" VPOS="519" WIDTH="63" HEIGHT="22" WC="0.96" CONTENT="otetta"/><SP WIDTH="16" VPOS="519" HPOS="357"/>
							<String ID="string_39" HPOS="373" VPOS="521" WIDTH="143" HEIGHT="22" WC="0.96" CONTENT="Toukokuun"/><SP WIDTH="16" VPOS="521" HPOS="516"/>
							<String ID="string_40" HPOS="532" VPOS="522" WIDTH="28" HEIGHT="21" WC="0.92" CONTENT="24"/><SP WIDTH="16" VPOS="522" HPOS="560"/>
							<String ID="string_41" HPOS="576" VPOS="522" WIDTH="62" HEIGHT="27" WC="0.63" CONTENT="piltä,"/>
						</TextLine>
					</TextBlock>
				</ComposedBlock>
				<ComposedBlock ID="cblock_4" HPOS="286" VPOS="575" WIDTH="346" HEIGHT="27">
					<TextBlock ID="block_4" HPOS="286" VPOS="575" WIDTH="346" HEIGHT="27">
						<TextLine ID="line_7" HPOS="286" VPOS="575" WIDTH="346" HEIGHT="27">
							<String ID="string_42" HPOS="286" VPOS="581" WIDTH="36" HEIGHT="15" WC="0.96" CONTENT="n:o"/><SP WIDTH="17" VPOS="581" HPOS="322"/>
							<String ID="string_43" HPOS="339" VPOS="575" WIDTH="35" HEIGHT="27" WC="0.96" CONTENT="60,"/><SP WIDTH="17" VPOS="575" HPOS="374"/>
							<String ID="string_44" HPOS="391" VPOS="581" WIDTH="126" HEIGHT="16" WC="0.96" CONTENT="seuraavaa"/><SP WIDTH="15" VPOS="581" HPOS="517"/>
							<String ID="string_45" HPOS="532" VPOS="575" WIDTH="100" HEIGHT="22" WC="0.96" CONTENT="sisältöä:"/>
						</TextLine>
					</TextBlock>
				</ComposedBlock>
				<ComposedBlock ID="cblock_5" HPOS="211" VPOS="615" WIDTH="829" HEIGHT="923">
					<TextBlock ID="block_5" HPOS="214" VPOS="615" WIDTH="826" HEIGHT="238">
						<TextLine ID="line_8" HPOS="286" VPOS="615" WIDTH="751" HEIGHT="30">
							<String ID="string_46" HPOS="286" VPOS="617" WIDTH="123" HEIGHT="27" WC="0.91" CONTENT="Föredrogs"/><SP WIDTH="24" VPOS="617" HPOS="409"/>
							<String ID="string_47" HPOS="433" VPOS="617" WIDTH="276" HEIGHT="28" WC="0.91" CONTENT="Värnepligtsutskottets"/><SP WIDTH="24" VPOS="617" HPOS="709"/>
							<String ID="string_48" HPOS="733" VPOS="617" WIDTH="144" HEIGHT="22" WC="0.92" CONTENT="betänkande"/><SP WIDTH="17" VPOS="617" HPOS="877"/>
							<String ID="string_49" HPOS="894" VPOS="617" WIDTH="7" HEIGHT="20" WC="0.93" CONTENT="i"/><SP WIDTH="16" VPOS="617" HPOS="901"/>
							<String ID="string_50" HPOS="917" VPOS="615" WIDTH="120" HEIGHT="28" WC="0.92" CONTENT="anledning"/>
						</TextLine>
						<TextLine ID="line_9" HPOS="214" VPOS="646" WIDTH="823" HEIGHT="29">
							<String ID="string_51" HPOS="214" VPOS="646" WIDTH="25" HEIGHT="21" WC="0.96" CONTENT="af"/><SP WIDTH="13" VPOS="646" HPOS="239"/>
							<String ID="string_52" HPOS="252" VPOS="646" WIDTH="29" HEIGHT="21" WC="0.96" CONTENT="H."/><SP WIDTH="17" VPOS="646" HPOS="281"/>
							<String ID="string_53" HPOS="298" VPOS="647" WIDTH="27" HEIGHT="21" WC="0.92" CONTENT="K."/><SP WIDTH="18" VPOS="647" HPOS="325"/>
							<String ID="string_54" HPOS="343" VPOS="647" WIDTH="52" HEIGHT="22" WC="0.88" CONTENT="M:ts"/><SP WIDTH="17" VPOS="647" HPOS="395"/>
							<String ID="string_55" HPOS="412" VPOS="647" WIDTH="81" HEIGHT="27" WC="0.92" CONTENT="nädiga"/><SP WIDTH="15" VPOS="647" HPOS="493"/>
							<String ID="string_56" HPOS="508" VPOS="648" WIDTH="164" HEIGHT="27" WC="0.92" CONTENT="propositioner"/><SP WIDTH="14" VPOS="648" HPOS="672"/>
							<String ID="string_57" HPOS="686" VPOS="647" WIDTH="52" HEIGHT="22" WC="0.95" CONTENT="med"/><SP WIDTH="11" VPOS="647" HPOS="738"/>
							<String ID="string_58" HPOS="749" VPOS="647" WIDTH="84" HEIGHT="26" WC="0.96" CONTENT="förslag"/><SP WIDTH="10" VPOS="647" HPOS="833"/>
							<String ID="string_59" HPOS="843" VPOS="647" WIDTH="36" HEIGHT="21" WC="0.93" CONTENT="till"/><SP WIDTH="11" VPOS="647" HPOS="879"/>
							<String ID="string_60" HPOS="890" VPOS="647" WIDTH="147" HEIGHT="26" WC="0.92" CONTENT="värnepligts-"/>
						</TextLine>
						<TextLine ID="line_10" HPOS="214" VPOS="676" WIDTH="823" HEIGHT="27">
							<String ID="string_61" HPOS="214" VPOS="676" WIDTH="36" HEIGHT="27" WC="0.95" CONTENT="lag"/><SP WIDTH="26" VPOS="676" HPOS="250"/>
							<String ID="string_62" HPOS="276" VPOS="676" WIDTH="34" HEIGHT="21" WC="0.93" CONTENT="för"/><SP WIDTH="23" VPOS="676" HPOS="310"/>
							<String ID="string_63" HPOS="333" VPOS="677" WIDTH="221" HEIGHT="22" WC="0.92" CONTENT="Storfurstendömet"/><SP WIDTH="23" VPOS="677" HPOS="554"/>
							<String ID="string_64" HPOS="577" VPOS="677" WIDTH="95" HEIGHT="22" WC="0.96" CONTENT="Finland"/><SP WIDTH="23" VPOS="677" HPOS="672"/>
							<String ID="string_65" HPOS="695" VPOS="678" WIDTH="61" HEIGHT="21" WC="0.93" CONTENT="samt"/><SP WIDTH="20" VPOS="678" HPOS="756"/>
							<String ID="string_66" HPOS="776" VPOS="677" WIDTH="117" HEIGHT="26" WC="0.91" CONTENT="angäende"/><SP WIDTH="16" VPOS="677" HPOS="893"/>
							<String ID="string_67" HPOS="909" VPOS="676" WIDTH="128" HEIGHT="27" WC="0.92" CONTENT="grunderna"/>
						</TextLine>
						<TextLine ID="line_11" HPOS="214" VPOS="706" WIDTH="826" HEIGHT="28">
							<String ID="string_68" HPOS="214" VPOS="706" WIDTH="34" HEIGHT="20" WC="0.96" CONTENT="för"/><SP WIDTH="17" VPOS="706" HPOS="248"/>
							<String ID="string_69" HPOS="265" VPOS="706" WIDTH="26" HEIGHT="21" WC="0.96" CONTENT="de"/><SP WIDTH="16" VPOS="706" HPOS="291"/>
							<String ID="string_70" HPOS="307" VPOS="706" WIDTH="74" HEIGHT="22" WC="0.93" CONTENT="finska"/><SP WIDTH="15" VPOS="706" HPOS="381"/>
							<String ID="string_71" HPOS="396" VPOS="708" WIDTH="137" HEIGHT="26" WC="0.92" CONTENT="truppernas"/><SP WIDTH="16" VPOS="708" HPOS="533"/>
							<String ID="string_72" HPOS="549" VPOS="707" WIDTH="153" HEIGHT="27" WC="0.96" CONTENT="organisation"/><SP WIDTH="16" VPOS="707" HPOS="702"/>
							<String ID="string_73" HPOS="718" VPOS="707" WIDTH="41" HEIGHT="21" WC="0.96" CONTENT="och"/><SP WIDTH="16" VPOS="707" HPOS="759"/>
							<String ID="string_74" HPOS="775" VPOS="707" WIDTH="148" HEIGHT="26" WC="0.96" CONTENT="förvaltning;"/><SP WIDTH="17" VPOS="707" HPOS="923"/>
							<String ID="string_75" HPOS="940" VPOS="707" WIDTH="42" HEIGHT="20" WC="0.93" CONTENT="och"/><SP WIDTH="11" VPOS="707" HPOS="982"/>
							<String ID="string_76" HPOS="993" VPOS="706" WIDTH="47" HEIGHT="20" WC="0.92" CONTENT="blef"/>
						</TextLine>
						<TextLine ID="line_12" HPOS="215" VPOS="736" WIDTH="822" HEIGHT="28">
							<String ID="string_77" HPOS="215" VPOS="736" WIDTH="65" HEIGHT="21" WC="0.93" CONTENT="detta"/><SP WIDTH="22" VPOS="736" HPOS="280"/>
							<String ID="string_78" HPOS="302" VPOS="736" WIDTH="143" HEIGHT="22" WC="0.91" CONTENT="betänkande"/><SP WIDTH="23" VPOS="736" HPOS="445"/>
							<String ID="string_79" HPOS="468" VPOS="737" WIDTH="71" HEIGHT="27" WC="0.92" CONTENT="jemte"/><SP WIDTH="22" VPOS="737" HPOS="539"/>
							<String ID="string_80" HPOS="561" VPOS="737" WIDTH="47" HEIGHT="21" WC="0.92" CONTENT="deri"/><SP WIDTH="15" VPOS="737" HPOS="608"/>
							<String ID="string_81" HPOS="623" VPOS="737" WIDTH="109" HEIGHT="27" WC="0.92" CONTENT="ingäende"/><SP WIDTH="21" VPOS="737" HPOS="732"/>
							<String ID="string_82" HPOS="753" VPOS="736" WIDTH="154" HEIGHT="27" WC="0.92" CONTENT="författnings-"/><SP WIDTH="16" VPOS="736" HPOS="907"/>
							<String ID="string_83" HPOS="923" VPOS="736" WIDTH="40" HEIGHT="21" WC="0.93" CONTENT="och"/><SP WIDTH="16" VPOS="736" HPOS="963"/>
							<String ID="string_84" HPOS="979" VPOS="741" WIDTH="58" HEIGHT="16" WC="0.93" CONTENT="reso-"/>
						</TextLine>
						<TextLine ID="line_13" HPOS="214" VPOS="766" WIDTH="823" HEIGHT="28">
							<String ID="string_85" HPOS="214" VPOS="766" WIDTH="170" HEIGHT="27" WC="0.92" CONTENT="lutionsförslag"/><SP WIDTH="19" VPOS="766" HPOS="384"/>
							<String ID="string_86" HPOS="403" VPOS="767" WIDTH="26" HEIGHT="21" WC="0.96" CONTENT="af"/><SP WIDTH="12" VPOS="767" HPOS="429"/>
							<String ID="string_87" HPOS="441" VPOS="767" WIDTH="26" HEIGHT="21" WC="0.96" CONTENT="R."/><SP WIDTH="17" VPOS="767" HPOS="467"/>
							<String ID="string_88" HPOS="484" VPOS="772" WIDTH="19" HEIGHT="16" WC="0.94" CONTENT="o."/><SP WIDTH="18" VPOS="772" HPOS="503"/>
							<String ID="string_89" HPOS="521" VPOS="767" WIDTH="44" HEIGHT="21" WC="0.93" CONTENT="A:n"/><SP WIDTH="15" VPOS="767" HPOS="565"/>
							<String ID="string_90" HPOS="580" VPOS="767" WIDTH="122" HEIGHT="27" WC="0.92" CONTENT="godkändt,"/><SP WIDTH="17" VPOS="767" HPOS="702"/>
							<String ID="string_91" HPOS="719" VPOS="768" WIDTH="66" HEIGHT="20" WC="0.92" CONTENT="utom"/><SP WIDTH="16" VPOS="768" HPOS="785"/>
							<String ID="string_92" HPOS="801" VPOS="766" WIDTH="60" HEIGHT="21" WC="0.91" CONTENT="hvad"/><SP WIDTH="16" VPOS="766" HPOS="861"/>
							<String ID="string_93" HPOS="877" VPOS="766" WIDTH="107" HEIGHT="21" WC="0.92" CONTENT="beträffar"/><SP WIDTH="17" VPOS="766" HPOS="984"/>
							<String ID="string_94" HPOS="1001" VPOS="771" WIDTH="36" HEIGHT="15" WC="0.92" CONTENT="ne-"/>
						</TextLine>
						<TextLine ID="line_14" HPOS="215" VPOS="795" WIDTH="822" HEIGHT="29">
							<String ID="string_95" HPOS="215" VPOS="796" WIDTH="144" HEIGHT="22" WC="0.93" CONTENT="dannämnda"/><SP WIDTH="23" VPOS="796" HPOS="359"/>
							<String ID="string_96" HPOS="382" VPOS="796" WIDTH="67" HEIGHT="28" WC="0.93" CONTENT="delar,"/><SP WIDTH="25" VPOS="796" HPOS="449"/>
							<String ID="string_97" HPOS="474" VPOS="797" WIDTH="77" HEIGHT="21" WC="0.92" CONTENT="hvilka"/><SP WIDTH="18" VPOS="797" HPOS="551"/>
							<String ID="string_98" HPOS="569" VPOS="797" WIDTH="25" HEIGHT="21" WC="0.93" CONTENT="af"/><SP WIDTH="13" VPOS="797" HPOS="594"/>
							<String ID="string_99" HPOS="607" VPOS="797" WIDTH="97" HEIGHT="21" WC="0.92" CONTENT="Ständet"/><SP WIDTH="16" VPOS="797" HPOS="704"/>
							<String ID="string_100" HPOS="720" VPOS="796" WIDTH="211" HEIGHT="22" WC="0.92" CONTENT="äterremitterades"/><SP WIDTH="15" VPOS="796" HPOS="931"/>
							<String ID="string_101" HPOS="946" VPOS="796" WIDTH="35" HEIGHT="20" WC="0.93" CONTENT="till"/><SP WIDTH="19" VPOS="796" HPOS="981"/>
							<String ID="string_102" HPOS="1000" VPOS="795" WIDTH="37" HEIGHT="21" WC="0.92" CONTENT="Ut-"/>
						</TextLine>
						<TextLine ID="line_15" HPOS="214" VPOS="826" WIDTH="238" HEIGHT="27">
							<String ID="string_103" HPOS="214" VPOS="826" WIDTH="97" HEIGHT="26" WC="0.91" CONTENT="skottet,"/><SP WIDTH="16" VPOS="826" HPOS="311"/>
							<String ID="string_104" HPOS="327" VPOS="826" WIDTH="125" HEIGHT="27" WC="0.96" CONTENT="nämligen:"/>
						</TextLine>
					</TextBlock>
					<TextBlock ID="block_6" HPOS="214" VPOS="854" WIDTH="823" HEIGHT="59">
						<TextLine ID="line_16" HPOS="284" VPOS="854" WIDTH="753" HEIGHT="29">
							<String ID="string_105" HPOS="284" VPOS="856" WIDTH="35" HEIGHT="21" WC="0.92" CONTENT="uti"/><SP WIDTH="15" VPOS="856" HPOS="319"/>
							<String ID="string_106" HPOS="334" VPOS="856" WIDTH="108" HEIGHT="26" WC="0.92" CONTENT="förslaget"/><SP WIDTH="17" VPOS="856" HPOS="442"/>
							<String ID="string_107" HPOS="459" VPOS="856" WIDTH="34" HEIGHT="22" WC="0.93" CONTENT="till"/><SP WIDTH="16" VPOS="856" HPOS="493"/>
							<String ID="string_108" HPOS="509" VPOS="856" WIDTH="127" HEIGHT="27" WC="0.91" CONTENT="förordning"/><SP WIDTH="16" VPOS="856" HPOS="636"/>
							<String ID="string_109" HPOS="652" VPOS="856" WIDTH="116" HEIGHT="27" WC="0.92" CONTENT="angäende"/><SP WIDTH="17" VPOS="856" HPOS="768"/>
							<String ID="string_110" HPOS="785" VPOS="856" WIDTH="96" HEIGHT="26" WC="0.96" CONTENT="ändring"/><SP WIDTH="10" VPOS="856" HPOS="881"/>
							<String ID="string_111" HPOS="891" VPOS="855" WIDTH="26" HEIGHT="21" WC="0.96" CONTENT="af"/><SP WIDTH="8" VPOS="855" HPOS="917"/>
							<String ID="string_112" HPOS="925" VPOS="854" WIDTH="112" HEIGHT="22" WC="0.96" CONTENT="särskilda"/>
						</TextLine>
						<TextLine ID="line_17" HPOS="214" VPOS="885" WIDTH="387" HEIGHT="28">
							<String ID="string_113" HPOS="214" VPOS="885" WIDTH="142" HEIGHT="27" WC="0.92" CONTENT="stadganden"/><SP WIDTH="16" VPOS="885" HPOS="356"/>
							<String ID="string_114" HPOS="372" VPOS="886" WIDTH="7" HEIGHT="20" WC="0.92" CONTENT="i"/><SP WIDTH="16" VPOS="886" HPOS="379"/>
							<String ID="string_115" HPOS="395" VPOS="886" WIDTH="206" HEIGHT="27" WC="0.92" CONTENT="värnepligtslagen"/>
						</TextLine>
					</TextBlock>
					<TextBlock ID="block_7" HPOS="214" VPOS="914" WIDTH="823" HEIGHT="89">
						<TextLine ID="line_18" HPOS="285" VPOS="914" WIDTH="752" HEIGHT="29">
							<String ID="string_116" HPOS="285" VPOS="916" WIDTH="12" HEIGHT="24" WC="0.90" CONTENT="S"/><SP WIDTH="18" VPOS="916" HPOS="297"/>
							<String ID="string_117" HPOS="315" VPOS="916" WIDTH="18" HEIGHT="24" WC="0.96" CONTENT="1,"/><SP WIDTH="16" VPOS="916" HPOS="333"/>
							<String ID="string_118" HPOS="349" VPOS="916" WIDTH="34" HEIGHT="21" WC="0.96" CONTENT="för"/><SP WIDTH="16" VPOS="916" HPOS="383"/>
							<String ID="string_119" HPOS="399" VPOS="917" WIDTH="36" HEIGHT="20" WC="0.93" CONTENT="att"/><SP WIDTH="17" VPOS="917" HPOS="435"/>
							<String ID="string_120" HPOS="452" VPOS="916" WIDTH="84" HEIGHT="22" WC="0.96" CONTENT="erhålla"/><SP WIDTH="15" VPOS="916" HPOS="536"/>
							<String ID="string_121" HPOS="551" VPOS="916" WIDTH="96" HEIGHT="27" WC="0.96" CONTENT="följande"/><SP WIDTH="16" VPOS="916" HPOS="647"/>
							<String ID="string_122" HPOS="663" VPOS="916" WIDTH="133" HEIGHT="22" WC="0.96" CONTENT="förändrade"/><SP WIDTH="16" VPOS="916" HPOS="796"/>
							<String ID="string_123" HPOS="812" VPOS="916" WIDTH="97" HEIGHT="26" WC="0.87" CONTENT="lydelse:"/><SP WIDTH="19" VPOS="916" HPOS="909"/>
							<String ID="string_124" HPOS="928" VPOS="914" WIDTH="55" HEIGHT="29" WC="0.88" CONTENT=",För"/><SP WIDTH="10" VPOS="914" HPOS="983"/>
							<String ID="string_125" HPOS="993" VPOS="916" WIDTH="44" HEIGHT="20" WC="0.92" CONTENT="tro-"/>
						</TextLine>
						<TextLine ID="line_19" HPOS="214" VPOS="944" WIDTH="823" HEIGHT="28">
							<String ID="string_126" HPOS="214" VPOS="950" WIDTH="65" HEIGHT="21" WC="0.90" CONTENT="nens,"/><SP WIDTH="23" VPOS="950" HPOS="279"/>
							<String ID="string_127" HPOS="302" VPOS="945" WIDTH="195" HEIGHT="22" WC="0.92" CONTENT="fäderneslandets"/><SP WIDTH="24" VPOS="945" HPOS="497"/>
							<String ID="string_128" HPOS="521" VPOS="946" WIDTH="41" HEIGHT="22" WC="0.92" CONTENT="och"/><SP WIDTH="15" VPOS="946" HPOS="562"/>
							<String ID="string_129" HPOS="577" VPOS="946" WIDTH="71" HEIGHT="21" WC="0.91" CONTENT="rikets"/><SP WIDTH="16" VPOS="946" HPOS="648"/>
							<String ID="string_130" HPOS="664" VPOS="946" WIDTH="89" HEIGHT="22" WC="0.92" CONTENT="försvar"/><SP WIDTH="16" VPOS="946" HPOS="753"/>
							<String ID="string_131" HPOS="769" VPOS="948" WIDTH="25" HEIGHT="19" WC="0.93" CONTENT="är"/><SP WIDTH="16" VPOS="948" HPOS="794"/>
							<String ID="string_132" HPOS="810" VPOS="946" WIDTH="77" HEIGHT="26" WC="0.92" CONTENT="hvarje"/><SP WIDTH="16" VPOS="946" HPOS="887"/>
							<String ID="string_133" HPOS="903" VPOS="944" WIDTH="59" HEIGHT="22" WC="0.93" CONTENT="finsk"/><SP WIDTH="16" VPOS="944" HPOS="962"/>
							<String ID="string_134" HPOS="978" VPOS="944" WIDTH="59" HEIGHT="22" WC="0.92" CONTENT="med-"/>
						</TextLine>
						<TextLine ID="line_20" HPOS="214" VPOS="973" WIDTH="821" HEIGHT="30">
							<String ID="string_135" HPOS="214" VPOS="974" WIDTH="93" HEIGHT="27" WC="0.93" CONTENT="borgare"/><SP WIDTH="12" VPOS="974" HPOS="307"/>
							<String ID="string_136" HPOS="319" VPOS="976" WIDTH="151" HEIGHT="26" WC="0.92" CONTENT="värnepligtig"/><SP WIDTH="10" VPOS="976" HPOS="470"/>
							<String ID="string_137" HPOS="480" VPOS="976" WIDTH="70" HEIGHT="27" WC="0.96" CONTENT="enligt"/><SP WIDTH="12" VPOS="976" HPOS="550"/>
							<String ID="string_138" HPOS="562" VPOS="976" WIDTH="26" HEIGHT="21" WC="0.97" CONTENT="de"/><SP WIDTH="11" VPOS="976" HPOS="588"/>
							<String ID="string_139" HPOS="599" VPOS="976" WIDTH="103" HEIGHT="27" WC="0.96" CONTENT="grunder,"/><SP WIDTH="12" VPOS="976" HPOS="702"/>
							<String ID="string_140" HPOS="714" VPOS="982" WIDTH="49" HEIGHT="15" WC="0.96" CONTENT="som"/><SP WIDTH="12" VPOS="982" HPOS="763"/>
							<String ID="string_141" HPOS="775" VPOS="976" WIDTH="8" HEIGHT="20" WC="0.97" CONTENT="i"/><SP WIDTH="11" VPOS="976" HPOS="783"/>
							<String ID="string_142" HPOS="794" VPOS="976" WIDTH="74" HEIGHT="21" WC="0.97" CONTENT="denna"/><SP WIDTH="10" VPOS="976" HPOS="868"/>
							<String ID="string_143" HPOS="878" VPOS="975" WIDTH="37" HEIGHT="27" WC="0.93" CONTENT="lag"/><SP WIDTH="7" VPOS="975" HPOS="915"/>
							<String ID="string_144" HPOS="922" VPOS="973" WIDTH="113" HEIGHT="28" WC="0.92" CONTENT="stadgas.&quot;"/>
						</TextLine>
					</TextBlock>
					<TextBlock ID="block_8" HPOS="213" VPOS="1004" WIDTH="824" HEIGHT="117">
						<TextLine ID="line_21" HPOS="287" VPOS="1004" WIDTH="750" HEIGHT="28">
							<String ID="string_145" HPOS="287" VPOS="1006" WIDTH="12" HEIGHT="20" WC="0.96" CONTENT="2"/><SP WIDTH="24" VPOS="1006" HPOS="299"/>
							<String ID="string_146" HPOS="323" VPOS="1011" WIDTH="69" HEIGHT="15" WC="0.96" CONTENT="mom."/><SP WIDTH="24" VPOS="1011" HPOS="392"/>
							<String ID="string_147" HPOS="416" VPOS="1006" WIDTH="25" HEIGHT="21" WC="0.93" CONTENT="af"/><SP WIDTH="21" VPOS="1006" HPOS="441"/>
							<String ID="string_148" HPOS="462" VPOS="1007" WIDTH="12" HEIGHT="24" WC="0.91" CONTENT="$"/><SP WIDTH="25" VPOS="1007" HPOS="474"/>
							<String ID="string_149" HPOS="499" VPOS="1006" WIDTH="33" HEIGHT="26" WC="0.96" CONTENT="10,"/><SP WIDTH="20" VPOS="1006" HPOS="532"/>
							<String ID="string_150" HPOS="552" VPOS="1005" WIDTH="34" HEIGHT="22" WC="0.96" CONTENT="för"/><SP WIDTH="18" VPOS="1005" HPOS="586"/>
							<String ID="string_151" HPOS="604" VPOS="1007" WIDTH="36" HEIGHT="20" WC="0.93" CONTENT="att"/><SP WIDTH="19" VPOS="1007" HPOS="640"/>
							<String ID="string_152" HPOS="659" VPOS="1005" WIDTH="173" HEIGHT="22" WC="0.92" CONTENT="omformuleras"/><SP WIDTH="17" VPOS="1005" HPOS="832"/>
							<String ID="string_153" HPOS="849" VPOS="1005" WIDTH="6" HEIGHT="21" WC="0.96" CONTENT="i"/><SP WIDTH="17" VPOS="1005" HPOS="855"/>
							<String ID="string_154" HPOS="872" VPOS="1004" WIDTH="59" HEIGHT="28" WC="0.96" CONTENT="syfte"/><SP WIDTH="16" VPOS="1004" HPOS="931"/>
							<String ID="string_155" HPOS="947" VPOS="1006" WIDTH="36" HEIGHT="20" WC="0.96" CONTENT="att"/><SP WIDTH="16" VPOS="1006" HPOS="983"/>
							<String ID="string_156" HPOS="999" VPOS="1004" WIDTH="38" HEIGHT="21" WC="0.96" CONTENT="det"/>
						</TextLine>
						<TextLine ID="line_22" HPOS="213" VPOS="1034" WIDTH="824" HEIGHT="28">
							<String ID="string_157" HPOS="213" VPOS="1034" WIDTH="102" HEIGHT="27" WC="0.92" CONTENT="tydligen"/><SP WIDTH="23" VPOS="1034" HPOS="315"/>
							<String ID="string_158" HPOS="338" VPOS="1035" WIDTH="126" HEIGHT="27" WC="0.92" CONTENT="framginge"/><SP WIDTH="23" VPOS="1035" HPOS="464"/>
							<String ID="string_159" HPOS="487" VPOS="1037" WIDTH="37" HEIGHT="20" WC="0.93" CONTENT="att"/><SP WIDTH="22" VPOS="1037" HPOS="524"/>
							<String ID="string_160" HPOS="546" VPOS="1036" WIDTH="100" HEIGHT="26" WC="0.91" CONTENT="uppskof"/><SP WIDTH="21" VPOS="1036" HPOS="646"/>
							<String ID="string_161" HPOS="667" VPOS="1036" WIDTH="51" HEIGHT="21" WC="0.93" CONTENT="med"/><SP WIDTH="17" VPOS="1036" HPOS="718"/>
							<String ID="string_162" HPOS="735" VPOS="1035" WIDTH="156" HEIGHT="21" WC="0.91" CONTENT="öfverförande"/><SP WIDTH="16" VPOS="1035" HPOS="891"/>
							<String ID="string_163" HPOS="907" VPOS="1034" WIDTH="49" HEIGHT="21" WC="0.93" CONTENT="frän"/><SP WIDTH="15" VPOS="1034" HPOS="956"/>
							<String ID="string_164" HPOS="971" VPOS="1034" WIDTH="66" HEIGHT="22" WC="0.96" CONTENT="aktiv"/>
						</TextLine>
						<TextLine ID="line_23" HPOS="214" VPOS="1064" WIDTH="822" HEIGHT="28">
							<String ID="string_165" HPOS="214" VPOS="1064" WIDTH="72" HEIGHT="26" WC="0.92" CONTENT="tjenst"/><SP WIDTH="15" VPOS="1064" HPOS="286"/>
							<String ID="string_166" HPOS="301" VPOS="1064" WIDTH="35" HEIGHT="21" WC="0.93" CONTENT="till"/><SP WIDTH="15" VPOS="1064" HPOS="336"/>
							<String ID="string_167" HPOS="351" VPOS="1070" WIDTH="109" HEIGHT="17" WC="0.92" CONTENT="reserven"/><SP WIDTH="15" VPOS="1070" HPOS="460"/>
							<String ID="string_168" HPOS="475" VPOS="1065" WIDTH="63" HEIGHT="27" WC="0.92" CONTENT="afsäg"/><SP WIDTH="16" VPOS="1065" HPOS="538"/>
							<String ID="string_169" HPOS="554" VPOS="1066" WIDTH="49" HEIGHT="21" WC="0.92" CONTENT="icke"/><SP WIDTH="15" VPOS="1066" HPOS="603"/>
							<String ID="string_170" HPOS="618" VPOS="1066" WIDTH="60" HEIGHT="21" WC="0.89" CONTENT="blott"/><SP WIDTH="11" VPOS="1066" HPOS="678"/>
							<String ID="string_171" HPOS="689" VPOS="1065" WIDTH="138" HEIGHT="26" WC="0.92" CONTENT="manskapet"/><SP WIDTH="12" VPOS="1065" HPOS="827"/>
							<String ID="string_172" HPOS="839" VPOS="1066" WIDTH="56" HEIGHT="19" WC="0.93" CONTENT="utan"/><SP WIDTH="10" VPOS="1066" HPOS="895"/>
							<String ID="string_173" HPOS="905" VPOS="1064" WIDTH="42" HEIGHT="21" WC="0.92" CONTENT="ock"/><SP WIDTH="11" VPOS="1064" HPOS="947"/>
							<String ID="string_174" HPOS="958" VPOS="1064" WIDTH="78" HEIGHT="21" WC="0.92" CONTENT="under-"/>
						</TextLine>
						<TextLine ID="line_24" HPOS="213" VPOS="1093" WIDTH="94" HEIGHT="28">
							<String ID="string_175" HPOS="213" VPOS="1093" WIDTH="94" HEIGHT="28" WC="0.92" CONTENT="befälet;"/>
						</TextLine>
					</TextBlock>
					<TextBlock ID="block_9" HPOS="212" VPOS="1123" WIDTH="825" HEIGHT="87">
						<TextLine ID="line_25" HPOS="284" VPOS="1123" WIDTH="753" HEIGHT="29">
							<String ID="string_176" HPOS="284" VPOS="1125" WIDTH="11" HEIGHT="24" WC="0.90" CONTENT="$"/><SP WIDTH="24" VPOS="1125" HPOS="295"/>
							<String ID="string_177" HPOS="319" VPOS="1124" WIDTH="36" HEIGHT="27" WC="0.94" CONTENT="20,"/><SP WIDTH="24" VPOS="1124" HPOS="355"/>
							<String ID="string_178" HPOS="379" VPOS="1125" WIDTH="7" HEIGHT="20" WC="0.95" CONTENT="i"/><SP WIDTH="20" VPOS="1125" HPOS="386"/>
							<String ID="string_179" HPOS="406" VPOS="1125" WIDTH="61" HEIGHT="27" WC="0.95" CONTENT="syfte"/><SP WIDTH="16" VPOS="1125" HPOS="467"/>
							<String ID="string_180" HPOS="483" VPOS="1126" WIDTH="36" HEIGHT="20" WC="0.93" CONTENT="att"/><SP WIDTH="16" VPOS="1126" HPOS="519"/>
							<String ID="string_181" HPOS="535" VPOS="1125" WIDTH="46" HEIGHT="21" WC="0.93" CONTENT="deri"/><SP WIDTH="16" VPOS="1125" HPOS="581"/>
							<String ID="string_182" HPOS="597" VPOS="1125" WIDTH="73" HEIGHT="21" WC="0.96" CONTENT="måtte"/><SP WIDTH="16" VPOS="1125" HPOS="670"/>
							<String ID="string_183" HPOS="686" VPOS="1125" WIDTH="85" HEIGHT="21" WC="0.96" CONTENT="införas"/><SP WIDTH="16" VPOS="1125" HPOS="771"/>
							<String ID="string_184" HPOS="787" VPOS="1125" WIDTH="36" HEIGHT="20" WC="0.96" CONTENT="ett"/><SP WIDTH="16" VPOS="1125" HPOS="823"/>
							<String ID="string_185" HPOS="839" VPOS="1123" WIDTH="131" HEIGHT="27" WC="0.96" CONTENT="stadgande,"/><SP WIDTH="17" VPOS="1123" HPOS="970"/>
							<String ID="string_186" HPOS="987" VPOS="1129" WIDTH="50" HEIGHT="16" WC="0.96" CONTENT="som"/>
						</TextLine>
						<TextLine ID="line_26" HPOS="213" VPOS="1153" WIDTH="824" HEIGHT="28">
							<String ID="string_187" HPOS="213" VPOS="1153" WIDTH="74" HEIGHT="22" WC="0.96" CONTENT="skulle"/><SP WIDTH="17" VPOS="1153" HPOS="287"/>
							<String ID="string_188" HPOS="304" VPOS="1154" WIDTH="111" HEIGHT="27" WC="0.93" CONTENT="begränsa"/><SP WIDTH="16" VPOS="1154" HPOS="415"/>
							<String ID="string_189" HPOS="431" VPOS="1155" WIDTH="270" HEIGHT="26" WC="0.91" CONTENT="landtvärnstruppernas"/><SP WIDTH="16" VPOS="1155" HPOS="701"/>
							<String ID="string_190" HPOS="717" VPOS="1154" WIDTH="147" HEIGHT="26" WC="0.96" CONTENT="användning"/><SP WIDTH="15" VPOS="1154" HPOS="864"/>
							<String ID="string_191" HPOS="879" VPOS="1153" WIDTH="35" HEIGHT="22" WC="0.96" CONTENT="till"/><SP WIDTH="16" VPOS="1153" HPOS="914"/>
							<String ID="string_192" HPOS="930" VPOS="1153" WIDTH="39" HEIGHT="22" WC="0.96" CONTENT="det"/><SP WIDTH="11" VPOS="1153" HPOS="969"/>
							<String ID="string_193" HPOS="980" VPOS="1159" WIDTH="57" HEIGHT="21" WC="0.95" CONTENT="egna"/>
						</TextLine>
						<TextLine ID="line_27" HPOS="212" VPOS="1183" WIDTH="614" HEIGHT="27">
							<String ID="string_194" HPOS="212" VPOS="1183" WIDTH="197" HEIGHT="22" WC="0.96" CONTENT="fäderneslandets"/><SP WIDTH="16" VPOS="1183" HPOS="409"/>
							<String ID="string_195" HPOS="425" VPOS="1185" WIDTH="42" HEIGHT="20" WC="0.93" CONTENT="och"/><SP WIDTH="15" VPOS="1185" HPOS="467"/>
							<String ID="string_196" HPOS="482" VPOS="1184" WIDTH="230" HEIGHT="21" WC="0.92" CONTENT="rikshufvudstadens"/><SP WIDTH="15" VPOS="1184" HPOS="712"/>
							<String ID="string_197" HPOS="727" VPOS="1184" WIDTH="99" HEIGHT="26" WC="0.95" CONTENT="försvar;"/>
						</TextLine>
					</TextBlock>
					<TextBlock ID="block_10" HPOS="213" VPOS="1213" WIDTH="824" HEIGHT="86">
						<TextLine ID="line_28" HPOS="283" VPOS="1213" WIDTH="754" HEIGHT="28">
							<String ID="string_198" HPOS="283" VPOS="1214" WIDTH="12" HEIGHT="24" WC="0.90" CONTENT="$"/><SP WIDTH="16" VPOS="1214" HPOS="295"/>
							<String ID="string_199" HPOS="311" VPOS="1214" WIDTH="36" HEIGHT="27" WC="0.96" CONTENT="90,"/><SP WIDTH="16" VPOS="1214" HPOS="347"/>
							<String ID="string_200" HPOS="363" VPOS="1213" WIDTH="34" HEIGHT="22" WC="0.96" CONTENT="för"/><SP WIDTH="16" VPOS="1213" HPOS="397"/>
							<String ID="string_201" HPOS="413" VPOS="1215" WIDTH="36" HEIGHT="21" WC="0.96" CONTENT="att"/><SP WIDTH="17" VPOS="1215" HPOS="449"/>
							<String ID="string_202" HPOS="466" VPOS="1214" WIDTH="163" HEIGHT="27" WC="0.96" CONTENT="kompletteras"/><SP WIDTH="17" VPOS="1214" HPOS="629"/>
							<String ID="string_203" HPOS="646" VPOS="1214" WIDTH="51" HEIGHT="21" WC="0.96" CONTENT="med"/><SP WIDTH="17" VPOS="1214" HPOS="697"/>
							<String ID="string_204" HPOS="714" VPOS="1214" WIDTH="35" HEIGHT="21" WC="0.96" CONTENT="ett"/><SP WIDTH="16" VPOS="1214" HPOS="749"/>
							<String ID="string_205" HPOS="765" VPOS="1213" WIDTH="126" HEIGHT="27" WC="0.96" CONTENT="stadgande"/><SP WIDTH="17" VPOS="1213" HPOS="891"/>
							<String ID="string_206" HPOS="908" VPOS="1213" WIDTH="77" HEIGHT="21" WC="0.96" CONTENT="derom"/><SP WIDTH="11" VPOS="1213" HPOS="985"/>
							<String ID="string_207" HPOS="996" VPOS="1213" WIDTH="41" HEIGHT="21" WC="0.96" CONTENT="hos"/>
						</TextLine>
						<TextLine ID="line_29" HPOS="213" VPOS="1243" WIDTH="824" HEIGHT="27">
							<String ID="string_208" HPOS="213" VPOS="1243" WIDTH="92" HEIGHT="21" WC="0.96" CONTENT="hvilken"/><SP WIDTH="22" VPOS="1243" HPOS="305"/>
							<String ID="string_209" HPOS="327" VPOS="1244" WIDTH="134" HEIGHT="26" WC="0.96" CONTENT="myndighet"/><SP WIDTH="20" VPOS="1244" HPOS="461"/>
							<String ID="string_210" HPOS="481" VPOS="1244" WIDTH="126" HEIGHT="26" WC="0.96" CONTENT="ansökning"/><SP WIDTH="15" VPOS="1244" HPOS="607"/>
							<String ID="string_211" HPOS="622" VPOS="1250" WIDTH="38" HEIGHT="15" WC="0.93" CONTENT="om"/><SP WIDTH="16" VPOS="1250" HPOS="660"/>
							<String ID="string_212" HPOS="676" VPOS="1243" WIDTH="163" HEIGHT="27" WC="0.91" CONTENT="emottagande"/><SP WIDTH="16" VPOS="1243" HPOS="839"/>
							<String ID="string_213" HPOS="855" VPOS="1243" WIDTH="76" HEIGHT="21" WC="0.95" CONTENT="såsom"/><SP WIDTH="16" VPOS="1243" HPOS="931"/>
							<String ID="string_214" HPOS="947" VPOS="1243" WIDTH="90" HEIGHT="25" WC="0.95" CONTENT="frivillig"/>
						</TextLine>
						<TextLine ID="line_30" HPOS="213" VPOS="1272" WIDTH="130" HEIGHT="27">
							<String ID="string_215" HPOS="213" VPOS="1272" WIDTH="39" HEIGHT="21" WC="0.96" CONTENT="bör"/><SP WIDTH="17" VPOS="1272" HPOS="252"/>
							<String ID="string_216" HPOS="269" VPOS="1274" WIDTH="74" HEIGHT="25" WC="0.96" CONTENT="göras;"/>
						</TextLine>
					</TextBlock>
					<TextBlock ID="block_11" HPOS="211" VPOS="1302" WIDTH="826" HEIGHT="236">
						<TextLine ID="line_31" HPOS="284" VPOS="1302" WIDTH="753" HEIGHT="28">
							<String ID="string_217" HPOS="284" VPOS="1304" WIDTH="12" HEIGHT="23" WC="0.90" CONTENT="$"/><SP WIDTH="17" VPOS="1304" HPOS="296"/>
							<String ID="string_218" HPOS="313" VPOS="1303" WIDTH="49" HEIGHT="25" WC="0.95" CONTENT="123,"/><SP WIDTH="17" VPOS="1303" HPOS="362"/>
							<String ID="string_219" HPOS="379" VPOS="1303" WIDTH="7" HEIGHT="21" WC="0.96" CONTENT="i"/><SP WIDTH="16" VPOS="1303" HPOS="386"/>
							<String ID="string_220" HPOS="402" VPOS="1303" WIDTH="61" HEIGHT="27" WC="0.96" CONTENT="syfte"/><SP WIDTH="16" VPOS="1303" HPOS="463"/>
							<String ID="string_221" HPOS="479" VPOS="1304" WIDTH="36" HEIGHT="20" WC="0.96" CONTENT="att"/><SP WIDTH="16" VPOS="1304" HPOS="515"/>
							<String ID="string_222" HPOS="531" VPOS="1309" WIDTH="67" HEIGHT="15" WC="0.96" CONTENT="mom."/><SP WIDTH="20" VPOS="1309" HPOS="598"/>
							<String ID="string_223" HPOS="618" VPOS="1304" WIDTH="9" HEIGHT="20" WC="0.96" CONTENT="1"/><SP WIDTH="18" VPOS="1304" HPOS="627"/>
							<String ID="string_224" HPOS="645" VPOS="1303" WIDTH="73" HEIGHT="22" WC="0.96" CONTENT="skulle"/><SP WIDTH="17" VPOS="1303" HPOS="718"/>
							<String ID="string_225" HPOS="735" VPOS="1302" WIDTH="86" HEIGHT="22" WC="0.96" CONTENT="erhålla"/><SP WIDTH="14" VPOS="1302" HPOS="821"/>
							<String ID="string_226" HPOS="835" VPOS="1302" WIDTH="95" HEIGHT="27" WC="0.96" CONTENT="ungefär"/><SP WIDTH="10" VPOS="1302" HPOS="930"/>
							<String ID="string_227" HPOS="940" VPOS="1302" WIDTH="97" HEIGHT="27" WC="0.95" CONTENT="följande"/>
						</TextLine>
						<TextLine ID="line_32" HPOS="212" VPOS="1331" WIDTH="825" HEIGHT="30">
							<String ID="string_228" HPOS="212" VPOS="1331" WIDTH="133" HEIGHT="23" WC="0.96" CONTENT="förändrade"/><SP WIDTH="16" VPOS="1331" HPOS="345"/>
							<String ID="string_229" HPOS="361" VPOS="1332" WIDTH="96" HEIGHT="28" WC="0.93" CONTENT="lydelse:"/><SP WIDTH="19" VPOS="1332" HPOS="457"/>
							<String ID="string_230" HPOS="476" VPOS="1333" WIDTH="89" HEIGHT="28" WC="0.91" CONTENT=",Under"/><SP WIDTH="16" VPOS="1333" HPOS="565"/>
							<String ID="string_231" HPOS="581" VPOS="1333" WIDTH="95" HEIGHT="27" WC="0.96" CONTENT="krigstid"/><SP WIDTH="16" VPOS="1333" HPOS="676"/>
							<String ID="string_232" HPOS="692" VPOS="1333" WIDTH="118" HEIGHT="21" WC="0.96" CONTENT="användas"/><SP WIDTH="17" VPOS="1333" HPOS="810"/>
							<String ID="string_233" HPOS="827" VPOS="1332" WIDTH="26" HEIGHT="21" WC="0.96" CONTENT="de"/><SP WIDTH="17" VPOS="1332" HPOS="853"/>
							<String ID="string_234" HPOS="870" VPOS="1332" WIDTH="94" HEIGHT="21" WC="0.93" CONTENT="stående"/><SP WIDTH="11" VPOS="1332" HPOS="964"/>
							<String ID="string_235" HPOS="975" VPOS="1334" WIDTH="62" HEIGHT="24" WC="0.93" CONTENT="trup-"/>
						</TextLine>
						<TextLine ID="line_33" HPOS="211" VPOS="1362" WIDTH="824" HEIGHT="27">
							<String ID="string_236" HPOS="211" VPOS="1367" WIDTH="72" HEIGHT="21" WC="0.96" CONTENT="perna"/><SP WIDTH="15" VPOS="1367" HPOS="283"/>
							<String ID="string_237" HPOS="298" VPOS="1362" WIDTH="162" HEIGHT="22" WC="0.96" CONTENT="företrädesvis"/><SP WIDTH="15" VPOS="1362" HPOS="460"/>
							<String ID="string_238" HPOS="475" VPOS="1363" WIDTH="38" HEIGHT="21" WC="0.93" CONTENT="vid"/><SP WIDTH="15" VPOS="1363" HPOS="513"/>
							<String ID="string_239" HPOS="528" VPOS="1362" WIDTH="206" HEIGHT="27" WC="0.91" CONTENT="försvarsåtgärder"/><SP WIDTH="16" VPOS="1362" HPOS="734"/>
							<String ID="string_240" HPOS="750" VPOS="1363" WIDTH="7" HEIGHT="20" WC="0.96" CONTENT="i"/><SP WIDTH="16" VPOS="1363" HPOS="757"/>
							<String ID="string_241" HPOS="773" VPOS="1362" WIDTH="102" HEIGHT="27" WC="0.96" CONTENT="Finland,"/><SP WIDTH="12" VPOS="1362" HPOS="875"/>
							<String ID="string_242" HPOS="887" VPOS="1368" WIDTH="52" HEIGHT="15" WC="0.96" CONTENT="men"/><SP WIDTH="12" VPOS="1368" HPOS="939"/>
							<String ID="string_243" HPOS="951" VPOS="1362" WIDTH="84" HEIGHT="26" WC="0.96" CONTENT="kunna,"/>
						</TextLine>
						<TextLine ID="line_34" HPOS="212" VPOS="1391" WIDTH="825" HEIGHT="28">
							<String ID="string_244" HPOS="212" VPOS="1391" WIDTH="28" HEIGHT="21" WC="0.96" CONTENT="då"/><SP WIDTH="24" VPOS="1391" HPOS="240"/>
							<String ID="string_245" HPOS="264" VPOS="1392" WIDTH="85" HEIGHT="21" WC="0.96" CONTENT="sådana"/><SP WIDTH="24" VPOS="1392" HPOS="349"/>
							<String ID="string_246" HPOS="373" VPOS="1392" WIDTH="50" HEIGHT="22" WC="0.95" CONTENT="icke"/><SP WIDTH="24" VPOS="1392" HPOS="423"/>
							<String ID="string_247" HPOS="447" VPOS="1394" WIDTH="38" HEIGHT="20" WC="0.92" CONTENT="äro"/><SP WIDTH="20" VPOS="1394" HPOS="485"/>
							<String ID="string_248" HPOS="505" VPOS="1392" WIDTH="115" HEIGHT="27" WC="0.90" CONTENT="behöfliga,"/><SP WIDTH="17" VPOS="1392" HPOS="620"/>
							<String ID="string_249" HPOS="637" VPOS="1393" WIDTH="72" HEIGHT="21" WC="0.96" CONTENT="kallas"/><SP WIDTH="16" VPOS="1393" HPOS="709"/>
							<String ID="string_250" HPOS="725" VPOS="1393" WIDTH="37" HEIGHT="21" WC="0.93" CONTENT="att"/><SP WIDTH="15" VPOS="1393" HPOS="762"/>
							<String ID="string_251" HPOS="777" VPOS="1392" WIDTH="86" HEIGHT="26" WC="0.92" CONTENT="jemväl"/><SP WIDTH="16" VPOS="1392" HPOS="863"/>
							<String ID="string_252" HPOS="879" VPOS="1393" WIDTH="65" HEIGHT="19" WC="0.96" CONTENT="utom"/><SP WIDTH="15" VPOS="1393" HPOS="944"/>
							<String ID="string_253" HPOS="959" VPOS="1391" WIDTH="78" HEIGHT="21" WC="0.96" CONTENT="landet"/>
						</TextLine>
						<TextLine ID="line_35" HPOS="212" VPOS="1421" WIDTH="825" HEIGHT="28">
							<String ID="string_254" HPOS="212" VPOS="1421" WIDTH="125" HEIGHT="22" WC="0.95" CONTENT="medverka"/><SP WIDTH="22" VPOS="1421" HPOS="337"/>
							<String ID="string_255" HPOS="359" VPOS="1422" WIDTH="38" HEIGHT="21" WC="0.95" CONTENT="vid"/><SP WIDTH="23" VPOS="1422" HPOS="397"/>
							<String ID="string_256" HPOS="420" VPOS="1422" WIDTH="72" HEIGHT="21" WC="0.95" CONTENT="rikets"/><SP WIDTH="24" VPOS="1422" HPOS="492"/>
							<String ID="string_257" HPOS="516" VPOS="1422" WIDTH="96" HEIGHT="27" WC="0.96" CONTENT="försvar;"/><SP WIDTH="22" VPOS="1422" HPOS="612"/>
							<String ID="string_258" HPOS="634" VPOS="1423" WIDTH="41" HEIGHT="20" WC="0.96" CONTENT="och"/><SP WIDTH="17" VPOS="1423" HPOS="675"/>
							<String ID="string_259" HPOS="692" VPOS="1422" WIDTH="114" HEIGHT="27" WC="0.96" CONTENT="uppdrogs"/><SP WIDTH="17" VPOS="1422" HPOS="806"/>
							<String ID="string_260" HPOS="823" VPOS="1422" WIDTH="24" HEIGHT="21" WC="0.96" CONTENT="åt"/><SP WIDTH="18" VPOS="1422" HPOS="847"/>
							<String ID="string_261" HPOS="865" VPOS="1421" WIDTH="120" HEIGHT="21" WC="0.95" CONTENT="Utskottet"/><SP WIDTH="16" VPOS="1421" HPOS="985"/>
							<String ID="string_262" HPOS="1001" VPOS="1422" WIDTH="36" HEIGHT="20" WC="0.96" CONTENT="att"/>
						</TextLine>
						<TextLine ID="line_36" HPOS="211" VPOS="1450" WIDTH="825" HEIGHT="28">
							<String ID="string_263" HPOS="211" VPOS="1451" WIDTH="56" HEIGHT="26" WC="0.96" CONTENT="taga"/><SP WIDTH="15" VPOS="1451" HPOS="267"/>
							<String ID="string_264" HPOS="282" VPOS="1451" WIDTH="7" HEIGHT="20" WC="0.93" CONTENT="i"/><SP WIDTH="16" VPOS="1451" HPOS="289"/>
							<String ID="string_265" HPOS="305" VPOS="1451" WIDTH="166" HEIGHT="27" WC="0.90" CONTENT="öfvervägande"/><SP WIDTH="16" VPOS="1451" HPOS="471"/>
							<String ID="string_266" HPOS="487" VPOS="1452" WIDTH="111" HEIGHT="21" WC="0.96" CONTENT="huruvida"/><SP WIDTH="15" VPOS="1452" HPOS="598"/>
							<String ID="string_267" HPOS="613" VPOS="1452" WIDTH="49" HEIGHT="21" WC="0.97" CONTENT="icke"/><SP WIDTH="18" VPOS="1452" HPOS="662"/>
							<String ID="string_268" HPOS="680" VPOS="1452" WIDTH="64" HEIGHT="21" WC="0.96" CONTENT="detta"/><SP WIDTH="14" VPOS="1452" HPOS="744"/>
							<String ID="string_269" HPOS="758" VPOS="1457" WIDTH="69" HEIGHT="16" WC="0.96" CONTENT="mom."/><SP WIDTH="13" VPOS="1457" HPOS="827"/>
							<String ID="string_270" HPOS="840" VPOS="1451" WIDTH="118" HEIGHT="21" WC="0.96" CONTENT="dessutom"/><SP WIDTH="10" VPOS="1451" HPOS="958"/>
							<String ID="string_271" HPOS="968" VPOS="1450" WIDTH="68" HEIGHT="21" WC="0.96" CONTENT="borde"/>
						</TextLine>
						<TextLine ID="line_37" HPOS="212" VPOS="1480" WIDTH="825" HEIGHT="29">
							<String ID="string_272" HPOS="212" VPOS="1481" WIDTH="101" HEIGHT="26" WC="0.96" CONTENT="undergå"/><SP WIDTH="16" VPOS="1481" HPOS="313"/>
							<String ID="string_273" HPOS="329" VPOS="1481" WIDTH="74" HEIGHT="26" WC="0.93" CONTENT="någon"/><SP WIDTH="16" VPOS="1481" HPOS="403"/>
							<String ID="string_274" HPOS="419" VPOS="1482" WIDTH="163" HEIGHT="27" WC="0.91" CONTENT="omredigering"/><SP WIDTH="12" VPOS="1482" HPOS="582"/>
							<String ID="string_275" HPOS="594" VPOS="1482" WIDTH="52" HEIGHT="21" WC="0.95" CONTENT="med"/><SP WIDTH="10" VPOS="1482" HPOS="646"/>
							<String ID="string_276" HPOS="656" VPOS="1481" WIDTH="122" HEIGHT="27" WC="0.96" CONTENT="anledning"/><SP WIDTH="11" VPOS="1481" HPOS="778"/>
							<String ID="string_277" HPOS="789" VPOS="1481" WIDTH="25" HEIGHT="22" WC="0.92" CONTENT="af"/><SP WIDTH="9" VPOS="1481" HPOS="814"/>
							<String ID="string_278" HPOS="823" VPOS="1481" WIDTH="25" HEIGHT="21" WC="0.92" CONTENT="R."/><SP WIDTH="13" VPOS="1481" HPOS="848"/>
							<String ID="string_279" HPOS="861" VPOS="1487" WIDTH="19" HEIGHT="15" WC="0.92" CONTENT="o."/><SP WIDTH="12" VPOS="1487" HPOS="880"/>
							<String ID="string_280" HPOS="892" VPOS="1480" WIDTH="57" HEIGHT="22" WC="0.92" CONTENT="A:ns"/><SP WIDTH="11" VPOS="1480" HPOS="949"/>
							<String ID="string_281" HPOS="960" VPOS="1480" WIDTH="77" HEIGHT="21" WC="0.95" CONTENT="beslut"/>
						</TextLine>
						<TextLine ID="line_38" HPOS="211" VPOS="1510" WIDTH="225" HEIGHT="28">
							<String ID="string_282" HPOS="211" VPOS="1510" WIDTH="142" HEIGHT="22" WC="0.96" CONTENT="beträffande"/><SP WIDTH="16" VPOS="1510" HPOS="353"/>
							<String ID="string_283" HPOS="369" VPOS="1512" WIDTH="12" HEIGHT="24" WC="0.92" CONTENT="$"/><SP WIDTH="16" VPOS="1512" HPOS="381"/>
							<String ID="string_284" HPOS="397" VPOS="1510" WIDTH="39" HEIGHT="28" WC="0.96" CONTENT="20;"/>
						</TextLine>
					</TextBlock>
				</ComposedBlock>
			</PrintSpace>
		</Page>
	</Layout>
</alto>
