<?xml version="1.0" encoding="UTF-8"?>
<alto xmlns="http://www.loc.gov/standards/alto/ns-v3#" xmlns:xlink="http://www.w3.org/1999/xlink" xmlns:xsi="http://www.w3.org/2001/XMLSchema-instance" xsi:schemaLocation="http://www.loc.gov/standards/alto/ns-v3# http://www.loc.gov/alto/v3/alto-3-0.xsd">
	<Description>
		<MeasurementUnit>pixel</MeasurementUnit>
		<sourceImageInformation>
			<fileName>/tmp/tess_qnuptekz_input.PNG</fileName>
		</sourceImageInformation>
		<OCRProcessing ID="OCR_0">
			<ocrProcessingStep>
				<processingSoftware>
					<softwareName>tesseract 5.3.4</softwareName>
				</processingSoftware>
			</ocrProcessingStep>
		</OCRProcessing>
	</Description>
	<Layout>
		<Page WIDTH="1098" HEIGHT="1784" PHYSICAL_IMG_NR="0" ID="page_0">
			<PrintSpace HPOS="0" VPOS="0" WIDTH="1098" HEIGHT="1784">
				<ComposedBlock ID="cblock_0" HPOS="406" VPOS="105" WIDTH="485" HEIGHT="23">
					<TextBlock ID="block_0" HPOS="406" VPOS="105" WIDTH="485" HEIGHT="23">
						<TextLine ID="line_0" HPOS="406" VPOS="105" WIDTH="485" HEIGHT="23">
							<String ID="string_0" HPOS="406" VPOS="106" WIDTH="84" HEIGHT="18" WC="0.91" CONTENT="Toukok."/><SP WIDTH="14" VPOS="106" HPOS="490"/>
							<String ID="string_1" HPOS="504" VPOS="107" WIDTH="23" HEIGHT="17" WC="0.96" CONTENT="30"/><SP WIDTH="12" VPOS="107" HPOS="527"/>
							<String ID="string_2" HPOS="539" VPOS="112" WIDTH="18" HEIGHT="16" WC="0.96" CONTENT="p."/><SP WIDTH="300" VPOS="112" HPOS="557"/>
							<String ID="string_3" HPOS="857" VPOS="105" WIDTH="34" HEIGHT="17" WC="0.95" CONTENT="201"/>
						</TextLine>
					</TextBlock>
				</ComposedBlock>
				<ComposedBlock ID="cblock_1" HPOS="65" VPOS="165" WIDTH="828" HEIGHT="209">
					<TextBlock ID="block_1" HPOS="67" VPOS="165" WIDTH="824" HEIGHT="60">
						<TextLine ID="line_1" HPOS="67" VPOS="165" WIDTH="824" HEIGHT="30">
							<String ID="string_4" HPOS="67" VPOS="173" WIDTH="30" HEIGHT="15" WC="0.96" CONTENT="on"/><SP WIDTH="22" VPOS="173" HPOS="97"/>
							<String ID="string_5" HPOS="119" VPOS="166" WIDTH="107" HEIGHT="22" WC="0.96" CONTENT="kansana"/><SP WIDTH="23" VPOS="166" HPOS="226"/>
							<String ID="string_6" HPOS="249" VPOS="166" WIDTH="128" HEIGHT="22" WC="0.96" CONTENT="tehtävänä"/><SP WIDTH="24" VPOS="166" HPOS="377"/>
							<String ID="string_7" HPOS="401" VPOS="166" WIDTH="117" HEIGHT="22" WC="0.96" CONTENT="oikeuden"/><SP WIDTH="21" VPOS="166" HPOS="518"/>
							<String ID="string_8" HPOS="539" VPOS="167" WIDTH="21" HEIGHT="21" WC="0.96" CONTENT="ja"/><SP WIDTH="16" VPOS="167" HPOS="560"/>
							<String ID="string_9" HPOS="576" VPOS="166" WIDTH="114" HEIGHT="22" WC="0.96" CONTENT="totuuden"/><SP WIDTH="15" VPOS="166" HPOS="690"/>
							<String ID="string_10" HPOS="705" VPOS="165" WIDTH="186" HEIGHT="30" WC="0.96" CONTENT="palveluksessa."/>
						</TextLine>
						<TextLine ID="line_2" HPOS="67" VPOS="196" WIDTH="613" HEIGHT="29">
							<String ID="string_11" HPOS="67" VPOS="196" WIDTH="54" HEIGHT="22" WC="0.96" CONTENT="Niin"/><SP WIDTH="16" VPOS="196" HPOS="121"/>
							<String ID="string_12" HPOS="137" VPOS="196" WIDTH="73" HEIGHT="22" WC="0.96" CONTENT="kuule"/><SP WIDTH="13" VPOS="196" HPOS="210"/>
							<String ID="string_13" HPOS="223" VPOS="196" WIDTH="26" HEIGHT="29" WC="0.96" CONTENT="ja"/><SP WIDTH="16" VPOS="196" HPOS="249"/>
							<String ID="string_14" HPOS="265" VPOS="197" WIDTH="56" HEIGHT="21" WC="0.96" CONTENT="auta"/><SP WIDTH="16" VPOS="197" HPOS="321"/>
							<String ID="string_15" HPOS="337" VPOS="196" WIDTH="72" HEIGHT="22" WC="0.96" CONTENT="meitä"/><SP WIDTH="16" VPOS="196" HPOS="409"/>
							<String ID="string_16" HPOS="425" VPOS="196" WIDTH="37" HEIGHT="22" WC="0.96" CONTENT="Isä"/><SP WIDTH="16" VPOS="196" HPOS="462"/>
							<String ID="string_17" HPOS="478" VPOS="196" WIDTH="95" HEIGHT="22" WC="0.93" CONTENT="meidän"/><SP WIDTH="13" VPOS="196" HPOS="573"/>
							<String ID="string_18" HPOS="586" VPOS="196" WIDTH="18" HEIGHT="29" WC="0.92" CONTENT="j."/><SP WIDTH="16" VPOS="196" HPOS="604"/>
							<String ID="string_19" HPOS="620" VPOS="202" WIDTH="22" HEIGHT="16" WC="0.96" CONTENT="n."/><SP WIDTH="19" VPOS="202" HPOS="642"/>
							<String ID="string_20" HPOS="661" VPOS="202" WIDTH="19" HEIGHT="16" WC="0.94" CONTENT="e."/>
						</TextLine>
					</TextBlock>
					<TextBlock ID="block_2" HPOS="65" VPOS="224" WIDTH="828" HEIGHT="150">
						<TextLine ID="line_3" HPOS="138" VPOS="224" WIDTH="754" HEIGHT="31">
							<String ID="string_21" HPOS="138" VPOS="225" WIDTH="72" HEIGHT="23" WC="0.95" CONTENT="Herra"/><SP WIDTH="29" VPOS="225" HPOS="210"/>
							<String ID="string_22" HPOS="239" VPOS="226" WIDTH="142" HEIGHT="22" WC="0.91" CONTENT="siunatkoon"/><SP WIDTH="23" VPOS="226" HPOS="381"/>
							<String ID="string_23" HPOS="404" VPOS="226" WIDTH="73" HEIGHT="22" WC="0.96" CONTENT="meitä"/><SP WIDTH="22" VPOS="226" HPOS="477"/>
							<String ID="string_24" HPOS="499" VPOS="226" WIDTH="26" HEIGHT="29" WC="0.96" CONTENT="ja"/><SP WIDTH="23" VPOS="226" HPOS="525"/>
							<String ID="string_25" HPOS="548" VPOS="225" WIDTH="137" HEIGHT="30" WC="0.96" CONTENT="varjelkoon"/><SP WIDTH="24" VPOS="225" HPOS="685"/>
							<String ID="string_26" HPOS="709" VPOS="226" WIDTH="79" HEIGHT="22" WC="0.96" CONTENT="meitä."/><SP WIDTH="32" VPOS="226" HPOS="788"/>
							<String ID="string_27" HPOS="820" VPOS="224" WIDTH="72" HEIGHT="23" WC="0.96" CONTENT="Herra"/>
						</TextLine>
						<TextLine ID="line_4" HPOS="67" VPOS="254" WIDTH="825" HEIGHT="31">
							<String ID="string_28" HPOS="67" VPOS="256" WIDTH="147" HEIGHT="22" WC="0.92" CONTENT="valistakoon"/><SP WIDTH="24" VPOS="256" HPOS="214"/>
							<String ID="string_29" HPOS="238" VPOS="255" WIDTH="119" HEIGHT="23" WC="0.96" CONTENT="kasvonsa"/><SP WIDTH="23" VPOS="255" HPOS="357"/>
							<String ID="string_30" HPOS="380" VPOS="255" WIDTH="96" HEIGHT="23" WC="0.93" CONTENT="meidän"/><SP WIDTH="23" VPOS="255" HPOS="476"/>
							<String ID="string_31" HPOS="499" VPOS="255" WIDTH="142" HEIGHT="29" WC="0.92" CONTENT="päällemme"/><SP WIDTH="21" VPOS="255" HPOS="641"/>
							<String ID="string_32" HPOS="662" VPOS="256" WIDTH="27" HEIGHT="29" WC="0.96" CONTENT="ja"/><SP WIDTH="23" VPOS="256" HPOS="689"/>
							<String ID="string_33" HPOS="712" VPOS="255" WIDTH="86" HEIGHT="23" WC="0.96" CONTENT="olkoon"/><SP WIDTH="16" VPOS="255" HPOS="798"/>
							<String ID="string_34" HPOS="814" VPOS="254" WIDTH="78" HEIGHT="23" WC="0.96" CONTENT="meille"/>
						</TextLine>
						<TextLine ID="line_5" HPOS="68" VPOS="285" WIDTH="823" HEIGHT="29">
							<String ID="string_35" HPOS="68" VPOS="285" WIDTH="145" HEIGHT="23" WC="0.95" CONTENT="armollinen."/><SP WIDTH="32" VPOS="285" HPOS="213"/>
							<String ID="string_36" HPOS="245" VPOS="285" WIDTH="73" HEIGHT="23" WC="0.93" CONTENT="Herra"/><SP WIDTH="15" VPOS="285" HPOS="318"/>
							<String ID="string_37" HPOS="333" VPOS="285" WIDTH="152" HEIGHT="23" WC="0.91" CONTENT="kääntäköön"/><SP WIDTH="16" VPOS="285" HPOS="485"/>
							<String ID="string_38" HPOS="501" VPOS="286" WIDTH="119" HEIGHT="22" WC="0.96" CONTENT="kasvonsa"/><SP WIDTH="19" VPOS="286" HPOS="620"/>
							<String ID="string_39" HPOS="639" VPOS="285" WIDTH="94" HEIGHT="23" WC="0.96" CONTENT="meidän"/><SP WIDTH="11" VPOS="285" HPOS="733"/>
							<String ID="string_40" HPOS="744" VPOS="285" WIDTH="147" HEIGHT="29" WC="0.96" CONTENT="puoleemme"/>
						</TextLine>
						<TextLine ID="line_6" HPOS="65" VPOS="315" WIDTH="828" HEIGHT="30">
							<String ID="string_41" HPOS="65" VPOS="316" WIDTH="26" HEIGHT="29" WC="0.93" CONTENT="ja"/><SP WIDTH="23" VPOS="316" HPOS="91"/>
							<String ID="string_42" HPOS="114" VPOS="315" WIDTH="118" HEIGHT="23" WC="0.91" CONTENT="antakoon"/><SP WIDTH="16" VPOS="315" HPOS="232"/>
							<String ID="string_43" HPOS="248" VPOS="315" WIDTH="78" HEIGHT="23" WC="0.93" CONTENT="meille"/><SP WIDTH="24" VPOS="315" HPOS="326"/>
							<String ID="string_44" HPOS="350" VPOS="315" WIDTH="177" HEIGHT="30" WC="0.91" CONTENT="ijankaikkisen"/><SP WIDTH="16" VPOS="315" HPOS="527"/>
							<String ID="string_45" HPOS="543" VPOS="315" WIDTH="96" HEIGHT="23" WC="0.95" CONTENT="rauhan."/><SP WIDTH="31" VPOS="315" HPOS="639"/>
							<String ID="string_46" HPOS="670" VPOS="315" WIDTH="53" HEIGHT="23" WC="0.96" CONTENT="Isän"/><SP WIDTH="14" VPOS="315" HPOS="723"/>
							<String ID="string_47" HPOS="737" VPOS="316" WIDTH="27" HEIGHT="29" WC="0.96" CONTENT="ja"/><SP WIDTH="16" VPOS="316" HPOS="764"/>
							<String ID="string_48" HPOS="780" VPOS="316" WIDTH="73" HEIGHT="28" WC="0.96" CONTENT="Pojan"/><SP WIDTH="13" VPOS="316" HPOS="853"/>
							<String ID="string_49" HPOS="866" VPOS="315" WIDTH="27" HEIGHT="29" WC="0.96" CONTENT="ja"/>
						</TextLine>
						<TextLine ID="line_7" HPOS="68" VPOS="345" WIDTH="427" HEIGHT="29">
							<String ID="string_50" HPOS="68" VPOS="345" WIDTH="80" HEIGHT="29" WC="0.96" CONTENT="Pyhän"/><SP WIDTH="16" VPOS="345" HPOS="148"/>
							<String ID="string_51" HPOS="164" VPOS="345" WIDTH="98" HEIGHT="29" WC="0.96" CONTENT="Hengen"/><SP WIDTH="16" VPOS="345" HPOS="262"/>
							<String ID="string_52" HPOS="278" VPOS="346" WIDTH="101" HEIGHT="22" WC="0.96" CONTENT="nimeen."/><SP WIDTH="32" VPOS="346" HPOS="379"/>
							<String ID="string_53" HPOS="411" VPOS="346" WIDTH="84" HEIGHT="22" WC="0.96" CONTENT="Amen."/>
						</TextLine>
					</TextBlock>
				</ComposedBlock>
				<ComposedBlock ID="cblock_2" HPOS="139" VPOS="397" WIDTH="723" HEIGHT="90">
					<TextBlock ID="block_3" HPOS="139" VPOS="397" WIDTH="723" HEIGHT="90">
						<TextLine ID="line_8" HPOS="139" VPOS="397" WIDTH="723" HEIGHT="31">
							<String ID="string_54" HPOS="139" VPOS="398" WIDTH="93" HEIGHT="29" WC="0.93" CONTENT="Säädyn"/><SP WIDTH="16" VPOS="398" HPOS="232"/>
							<String ID="string_55" HPOS="248" VPOS="398" WIDTH="107" HEIGHT="30" WC="0.96" CONTENT="puolesta"/><SP WIDTH="17" VPOS="398" HPOS="355"/>
							<String ID="string_56" HPOS="372" VPOS="398" WIDTH="78" HEIGHT="23" WC="0.93" CONTENT="lausui"/><SP WIDTH="15" VPOS="398" HPOS="450"/>
							<String ID="string_57" HPOS="465" VPOS="398" WIDTH="186" HEIGHT="30" WC="0.91" CONTENT="Arkkipiispalle"/><SP WIDTH="16" VPOS="398" HPOS="651"/>
							<String ID="string_58" HPOS="667" VPOS="399" WIDTH="76" HEIGHT="29" WC="0.93" CONTENT="piispa"/><SP WIDTH="16" VPOS="399" HPOS="743"/>
							<String ID="string_59" HPOS="759" VPOS="397" WIDTH="103" HEIGHT="29" WC="0.92" CONTENT="Räbergh:"/>
						</TextLine>
						<TextLine ID="line_9" HPOS="194" VPOS="458" WIDTH="572" HEIGHT="29">
							<String ID="string_60" HPOS="194" VPOS="458" WIDTH="149" HEIGHT="29" WC="0.92" CONTENT="Högvördige"/><SP WIDTH="17" VPOS="458" HPOS="343"/>
							<String ID="string_61" HPOS="360" VPOS="458" WIDTH="53" HEIGHT="23" WC="0.92" CONTENT="herr"/><SP WIDTH="23" VPOS="458" HPOS="413"/>
							<String ID="string_62" HPOS="436" VPOS="458" WIDTH="145" HEIGHT="29" WC="0.92" CONTENT="Erkebiskop"/><SP WIDTH="17" VPOS="458" HPOS="581"/>
							<String ID="string_63" HPOS="598" VPOS="458" WIDTH="44" HEIGHT="23" WC="0.96" CONTENT="och"/><SP WIDTH="16" VPOS="458" HPOS="642"/>
							<String ID="string_64" HPOS="658" VPOS="458" WIDTH="108" HEIGHT="23" WC="0.95" CONTENT="Talman!"/>
						</TextLine>
					</TextBlock>
				</ComposedBlock>
				<ComposedBlock ID="cblock_3" HPOS="69" VPOS="517" WIDTH="833" HEIGHT="1024">
					<TextBlock ID="block_4" HPOS="69" VPOS="517" WIDTH="828" HEIGHT="695">
						<TextLine ID="line_10" HPOS="140" VPOS="517" WIDTH="754" HEIGHT="30">
							<String ID="string_65" HPOS="140" VPOS="518" WIDTH="37" HEIGHT="23" WC="0.96" CONTENT="Mä"/><SP WIDTH="23" VPOS="518" HPOS="177"/>
							<String ID="string_66" HPOS="200" VPOS="518" WIDTH="40" HEIGHT="23" WC="0.93" CONTENT="det"/><SP WIDTH="15" VPOS="518" HPOS="240"/>
							<String ID="string_67" HPOS="255" VPOS="518" WIDTH="88" HEIGHT="23" WC="0.96" CONTENT="tillåtas"/><SP WIDTH="17" VPOS="518" HPOS="343"/>
							<String ID="string_68" HPOS="360" VPOS="519" WIDTH="50" HEIGHT="28" WC="0.96" CONTENT="mig"/><SP WIDTH="17" VPOS="519" HPOS="410"/>
							<String ID="string_69" HPOS="427" VPOS="519" WIDTH="34" HEIGHT="22" WC="0.93" CONTENT="att"/><SP WIDTH="16" VPOS="519" HPOS="461"/>
							<String ID="string_70" HPOS="477" VPOS="519" WIDTH="14" HEIGHT="22" WC="0.93" CONTENT="å"/><SP WIDTH="23" VPOS="519" HPOS="491"/>
							<String ID="string_71" HPOS="514" VPOS="518" WIDTH="189" HEIGHT="23" WC="0.92" CONTENT="Presteständets"/><SP WIDTH="16" VPOS="518" HPOS="703"/>
							<String ID="string_72" HPOS="719" VPOS="520" WIDTH="90" HEIGHT="27" WC="0.96" CONTENT="vägnar"/><SP WIDTH="16" VPOS="520" HPOS="809"/>
							<String ID="string_73" HPOS="825" VPOS="517" WIDTH="69" HEIGHT="23" WC="0.96" CONTENT="tacka"/>
						</TextLine>
						<TextLine ID="line_11" HPOS="69" VPOS="547" WIDTH="824" HEIGHT="30">
							<String ID="string_74" HPOS="69" VPOS="548" WIDTH="61" HEIGHT="23" WC="0.96" CONTENT="Eder"/><SP WIDTH="24" VPOS="548" HPOS="130"/>
							<String ID="string_75" HPOS="154" VPOS="548" WIDTH="36" HEIGHT="23" WC="0.96" CONTENT="för"/><SP WIDTH="16" VPOS="548" HPOS="190"/>
							<String ID="string_76" HPOS="206" VPOS="548" WIDTH="39" HEIGHT="23" WC="0.93" CONTENT="det"/><SP WIDTH="15" VPOS="548" HPOS="245"/>
							<String ID="string_77" HPOS="260" VPOS="549" WIDTH="85" HEIGHT="28" WC="0.91" CONTENT="trogna"/><SP WIDTH="15" VPOS="549" HPOS="345"/>
							<String ID="string_78" HPOS="360" VPOS="548" WIDTH="81" HEIGHT="23" WC="0.96" CONTENT="arbete"/><SP WIDTH="16" VPOS="548" HPOS="441"/>
							<String ID="string_79" HPOS="457" VPOS="548" WIDTH="45" HEIGHT="23" WC="0.96" CONTENT="och"/><SP WIDTH="15" VPOS="548" HPOS="502"/>
							<String ID="string_80" HPOS="517" VPOS="548" WIDTH="46" HEIGHT="23" WC="0.93" CONTENT="den"/><SP WIDTH="17" VPOS="548" HPOS="563"/>
							<String ID="string_81" HPOS="580" VPOS="549" WIDTH="83" HEIGHT="28" WC="0.92" CONTENT="trogna"/><SP WIDTH="17" VPOS="549" HPOS="663"/>
							<String ID="string_82" HPOS="680" VPOS="547" WIDTH="97" HEIGHT="30" WC="0.96" CONTENT="ledning"/><SP WIDTH="16" VPOS="547" HPOS="777"/>
							<String ID="string_83" HPOS="793" VPOS="547" WIDTH="26" HEIGHT="23" WC="0.89" CONTENT="af"/><SP WIDTH="9" VPOS="547" HPOS="819"/>
							<String ID="string_84" HPOS="828" VPOS="547" WIDTH="65" HEIGHT="23" WC="0.89" CONTENT="Stän-"/>
						</TextLine>
						<TextLine ID="line_12" HPOS="70" VPOS="577" WIDTH="823" HEIGHT="30">
							<String ID="string_85" HPOS="70" VPOS="578" WIDTH="51" HEIGHT="23" WC="0.93" CONTENT="dets"/><SP WIDTH="17" VPOS="578" HPOS="121"/>
							<String ID="string_86" HPOS="138" VPOS="578" WIDTH="183" HEIGHT="29" WC="0.87" CONTENT="förhandlingar,"/><SP WIDTH="17" VPOS="578" HPOS="321"/>
							<String ID="string_87" HPOS="338" VPOS="585" WIDTH="51" HEIGHT="16" WC="0.96" CONTENT="som"/><SP WIDTH="16" VPOS="585" HPOS="389"/>
							<String ID="string_88" HPOS="405" VPOS="578" WIDTH="31" HEIGHT="23" WC="0.93" CONTENT="Ni"/><SP WIDTH="17" VPOS="578" HPOS="436"/>
							<String ID="string_89" HPOS="453" VPOS="578" WIDTH="64" HEIGHT="23" WC="0.92" CONTENT="öfvat"/><SP WIDTH="15" VPOS="578" HPOS="517"/>
							<String ID="string_90" HPOS="532" VPOS="578" WIDTH="75" HEIGHT="23" WC="0.96" CONTENT="under"/><SP WIDTH="16" VPOS="578" HPOS="607"/>
							<String ID="string_91" HPOS="623" VPOS="578" WIDTH="78" HEIGHT="23" WC="0.93" CONTENT="denna"/><SP WIDTH="14" VPOS="578" HPOS="701"/>
							<String ID="string_92" HPOS="715" VPOS="579" WIDTH="88" HEIGHT="22" WC="0.92" CONTENT="urtima"/><SP WIDTH="15" VPOS="579" HPOS="803"/>
							<String ID="string_93" HPOS="818" VPOS="577" WIDTH="75" HEIGHT="23" WC="0.92" CONTENT="landt-"/>
						</TextLine>
						<TextLine ID="line_13" HPOS="70" VPOS="607" WIDTH="825" HEIGHT="31">
							<String ID="string_94" HPOS="70" VPOS="608" WIDTH="52" HEIGHT="29" WC="0.92" CONTENT="dag."/><SP WIDTH="32" VPOS="608" HPOS="122"/>
							<String ID="string_95" HPOS="154" VPOS="607" WIDTH="118" HEIGHT="24" WC="0.90" CONTENT="Särskildt"/><SP WIDTH="23" VPOS="607" HPOS="272"/>
							<String ID="string_96" HPOS="295" VPOS="608" WIDTH="82" HEIGHT="23" WC="0.91" CONTENT="tackar"/><SP WIDTH="20" VPOS="608" HPOS="377"/>
							<String ID="string_97" HPOS="397" VPOS="609" WIDTH="44" HEIGHT="29" WC="0.96" CONTENT="jag"/><SP WIDTH="23" VPOS="609" HPOS="441"/>
							<String ID="string_98" HPOS="464" VPOS="608" WIDTH="61" HEIGHT="23" WC="0.94" CONTENT="Eder"/><SP WIDTH="24" VPOS="608" HPOS="525"/>
							<String ID="string_99" HPOS="549" VPOS="608" WIDTH="35" HEIGHT="23" WC="0.95" CONTENT="för"/><SP WIDTH="16" VPOS="608" HPOS="584"/>
							<String ID="string_100" HPOS="600" VPOS="608" WIDTH="29" HEIGHT="23" WC="0.95" CONTENT="de"/><SP WIDTH="17" VPOS="608" HPOS="629"/>
							<String ID="string_101" HPOS="646" VPOS="608" WIDTH="41" HEIGHT="23" WC="0.96" CONTENT="ord"/><SP WIDTH="16" VPOS="608" HPOS="687"/>
							<String ID="string_102" HPOS="703" VPOS="608" WIDTH="29" HEIGHT="23" WC="0.96" CONTENT="Ni"/><SP WIDTH="16" VPOS="608" HPOS="732"/>
							<String ID="string_103" HPOS="748" VPOS="609" WIDTH="8" HEIGHT="22" WC="0.96" CONTENT="i"/><SP WIDTH="16" VPOS="609" HPOS="756"/>
							<String ID="string_104" HPOS="772" VPOS="607" WIDTH="47" HEIGHT="30" WC="0.96" CONTENT="dag"/><SP WIDTH="15" VPOS="607" HPOS="819"/>
							<String ID="string_105" HPOS="834" VPOS="607" WIDTH="61" HEIGHT="23" WC="0.96" CONTENT="inför"/>
						</TextLine>
						<TextLine ID="line_14" HPOS="70" VPOS="637" WIDTH="821" HEIGHT="30">
							<String ID="string_106" HPOS="70" VPOS="638" WIDTH="92" HEIGHT="23" WC="0.91" CONTENT="Tronen"/><SP WIDTH="26" VPOS="638" HPOS="162"/>
							<String ID="string_107" HPOS="188" VPOS="637" WIDTH="111" HEIGHT="24" WC="0.91" CONTENT="uttalade."/><SP WIDTH="32" VPOS="637" HPOS="299"/>
							<String ID="string_108" HPOS="331" VPOS="638" WIDTH="36" HEIGHT="23" WC="0.93" CONTENT="De"/><SP WIDTH="26" VPOS="638" HPOS="367"/>
							<String ID="string_109" HPOS="393" VPOS="638" WIDTH="73" HEIGHT="23" WC="0.93" CONTENT="orden"/><SP WIDTH="26" VPOS="638" HPOS="466"/>
							<String ID="string_110" HPOS="492" VPOS="638" WIDTH="71" HEIGHT="23" WC="0.92" CONTENT="hafva"/><SP WIDTH="23" VPOS="638" HPOS="563"/>
							<String ID="string_111" HPOS="586" VPOS="639" WIDTH="51" HEIGHT="28" WC="0.91" CONTENT="gätt"/><SP WIDTH="23" VPOS="639" HPOS="637"/>
							<String ID="string_112" HPOS="660" VPOS="645" WIDTH="28" HEIGHT="16" WC="0.92" CONTENT="ur"/><SP WIDTH="15" VPOS="645" HPOS="688"/>
							<String ID="string_113" HPOS="703" VPOS="637" WIDTH="188" HEIGHT="24" WC="0.92" CONTENT="Presteständets"/>
						</TextLine>
						<TextLine ID="line_15" HPOS="69" VPOS="667" WIDTH="825" HEIGHT="30">
							<String ID="string_114" HPOS="69" VPOS="668" WIDTH="76" HEIGHT="29" WC="0.91" CONTENT="hjerta"/><SP WIDTH="12" VPOS="668" HPOS="145"/>
							<String ID="string_115" HPOS="157" VPOS="668" WIDTH="43" HEIGHT="23" WC="0.96" CONTENT="och"/><SP WIDTH="16" VPOS="668" HPOS="200"/>
							<String ID="string_116" HPOS="216" VPOS="669" WIDTH="23" HEIGHT="21" WC="0.93" CONTENT="vi"/><SP WIDTH="15" VPOS="669" HPOS="239"/>
							<String ID="string_117" HPOS="254" VPOS="668" WIDTH="90" HEIGHT="29" WC="0.92" CONTENT="hoppas"/><SP WIDTH="17" VPOS="668" HPOS="344"/>
							<String ID="string_118" HPOS="361" VPOS="669" WIDTH="34" HEIGHT="22" WC="0.89" CONTENT="att"/><SP WIDTH="16" VPOS="669" HPOS="395"/>
							<String ID="string_119" HPOS="411" VPOS="668" WIDTH="70" HEIGHT="23" WC="0.96" CONTENT="dessa"/><SP WIDTH="17" VPOS="668" HPOS="481"/>
							<String ID="string_120" HPOS="498" VPOS="668" WIDTH="41" HEIGHT="23" WC="0.93" CONTENT="ord"/><SP WIDTH="16" VPOS="668" HPOS="539"/>
							<String ID="string_121" HPOS="555" VPOS="668" WIDTH="53" HEIGHT="23" WC="0.92" CONTENT="icke"/><SP WIDTH="16" VPOS="668" HPOS="608"/>
							<String ID="string_122" HPOS="624" VPOS="667" WIDTH="67" HEIGHT="24" WC="0.93" CONTENT="skola"/><SP WIDTH="16" VPOS="667" HPOS="691"/>
							<String ID="string_123" HPOS="707" VPOS="668" WIDTH="118" HEIGHT="29" WC="0.92" CONTENT="förklinga"/><SP WIDTH="11" VPOS="668" HPOS="825"/>
							<String ID="string_124" HPOS="836" VPOS="668" WIDTH="58" HEIGHT="22" WC="0.96" CONTENT="utan"/>
						</TextLine>
						<TextLine ID="line_16" HPOS="70" VPOS="697" WIDTH="825" HEIGHT="30">
							<String ID="string_125" HPOS="70" VPOS="698" WIDTH="104" HEIGHT="23" WC="0.96" CONTENT="resultat."/><SP WIDTH="31" VPOS="698" HPOS="174"/>
							<String ID="string_126" HPOS="205" VPOS="698" WIDTH="58" HEIGHT="22" WC="0.93" CONTENT="Herr"/><SP WIDTH="13" VPOS="698" HPOS="263"/>
							<String ID="string_127" HPOS="276" VPOS="698" WIDTH="178" HEIGHT="29" WC="0.91" CONTENT="Erkebiskopen"/><SP WIDTH="8" VPOS="698" HPOS="454"/>
							<String ID="string_128" HPOS="462" VPOS="698" WIDTH="43" HEIGHT="23" WC="0.93" CONTENT="har"/><SP WIDTH="15" VPOS="698" HPOS="505"/>
							<String ID="string_129" HPOS="520" VPOS="699" WIDTH="92" HEIGHT="28" WC="0.92" CONTENT="pämint"/><SP WIDTH="15" VPOS="699" HPOS="612"/>
							<String ID="string_130" HPOS="627" VPOS="705" WIDTH="38" HEIGHT="16" WC="0.96" CONTENT="om"/><SP WIDTH="17" VPOS="705" HPOS="665"/>
							<String ID="string_131" HPOS="682" VPOS="697" WIDTH="28" HEIGHT="24" WC="0.93" CONTENT="de"/><SP WIDTH="16" VPOS="697" HPOS="710"/>
							<String ID="string_132" HPOS="726" VPOS="699" WIDTH="69" HEIGHT="22" WC="0.92" CONTENT="svära"/><SP WIDTH="16" VPOS="699" HPOS="795"/>
							<String ID="string_133" HPOS="811" VPOS="697" WIDTH="84" HEIGHT="23" WC="0.93" CONTENT="förhäl-"/>
						</TextLine>
						<TextLine ID="line_17" HPOS="69" VPOS="727" WIDTH="826" HEIGHT="30">
							<String ID="string_134" HPOS="69" VPOS="728" WIDTH="93" HEIGHT="27" WC="0.91" CONTENT="landen,"/><SP WIDTH="24" VPOS="728" HPOS="162"/>
							<String ID="string_135" HPOS="186" VPOS="727" WIDTH="75" HEIGHT="24" WC="0.93" CONTENT="under"/><SP WIDTH="24" VPOS="727" HPOS="261"/>
							<String ID="string_136" HPOS="285" VPOS="728" WIDTH="80" HEIGHT="23" WC="0.91" CONTENT="hvilka"/><SP WIDTH="16" VPOS="728" HPOS="365"/>
							<String ID="string_137" HPOS="381" VPOS="729" WIDTH="24" HEIGHT="22" WC="0.93" CONTENT="vi"/><SP WIDTH="16" VPOS="729" HPOS="405"/>
							<String ID="string_138" HPOS="421" VPOS="728" WIDTH="92" HEIGHT="23" WC="0.92" CONTENT="arbetat"/><SP WIDTH="15" VPOS="728" HPOS="513"/>
							<String ID="string_139" HPOS="528" VPOS="728" WIDTH="76" HEIGHT="23" WC="0.96" CONTENT="under"/><SP WIDTH="16" VPOS="728" HPOS="604"/>
							<String ID="string_140" HPOS="620" VPOS="728" WIDTH="77" HEIGHT="23" WC="0.93" CONTENT="denna"/><SP WIDTH="15" VPOS="728" HPOS="697"/>
							<String ID="string_141" HPOS="712" VPOS="727" WIDTH="121" HEIGHT="30" WC="0.91" CONTENT="landtdag,"/><SP WIDTH="16" VPOS="727" HPOS="833"/>
							<String ID="string_142" HPOS="849" VPOS="727" WIDTH="46" HEIGHT="22" WC="0.96" CONTENT="den"/>
						</TextLine>
						<TextLine ID="line_18" HPOS="70" VPOS="757" WIDTH="825" HEIGHT="36">
							<String ID="string_143" HPOS="70" VPOS="757" WIDTH="80" HEIGHT="30" WC="0.92" CONTENT="tyngd,"/><SP WIDTH="23" VPOS="757" HPOS="150"/>
							<String ID="string_144" HPOS="173" VPOS="765" WIDTH="51" HEIGHT="16" WC="0.93" CONTENT="som"/><SP WIDTH="24" VPOS="765" HPOS="224"/>
							<String ID="string_145" HPOS="248" VPOS="758" WIDTH="74" HEIGHT="22" WC="0.88" CONTENT="hvilat"/><SP WIDTH="23" VPOS="758" HPOS="322"/>
							<String ID="string_146" HPOS="345" VPOS="759" WIDTH="30" HEIGHT="28" WC="0.96" CONTENT="pä"/><SP WIDTH="16" VPOS="759" HPOS="375"/>
							<String ID="string_147" HPOS="391" VPOS="758" WIDTH="60" HEIGHT="23" WC="0.93" CONTENT="allas"/><SP WIDTH="16" VPOS="758" HPOS="451"/>
							<String ID="string_148" HPOS="467" VPOS="759" WIDTH="56" HEIGHT="34" WC="0.93" CONTENT="vära"/><SP WIDTH="16" VPOS="759" HPOS="523"/>
							<String ID="string_149" HPOS="539" VPOS="758" WIDTH="101" HEIGHT="30" WC="0.93" CONTENT="hjertan,"/><SP WIDTH="17" VPOS="758" HPOS="640"/>
							<String ID="string_150" HPOS="657" VPOS="758" WIDTH="46" HEIGHT="23" WC="0.95" CONTENT="den"/><SP WIDTH="16" VPOS="758" HPOS="703"/>
							<String ID="string_151" HPOS="719" VPOS="765" WIDTH="38" HEIGHT="15" WC="0.96" CONTENT="oro"/><SP WIDTH="17" VPOS="765" HPOS="757"/>
							<String ID="string_152" HPOS="774" VPOS="757" WIDTH="36" HEIGHT="24" WC="0.93" CONTENT="för"/><SP WIDTH="15" VPOS="757" HPOS="810"/>
							<String ID="string_153" HPOS="825" VPOS="757" WIDTH="70" HEIGHT="23" WC="0.91" CONTENT="fram-"/>
						</TextLine>
						<TextLine ID="line_19" HPOS="70" VPOS="793" WIDTH="826" HEIGHT="30">
							<String ID="string_154" HPOS="70" VPOS="793" WIDTH="71" HEIGHT="28" WC="0.96" CONTENT="tiden,"/><SP WIDTH="9" VPOS="793" HPOS="141"/>
							<String ID="string_155" HPOS="150" VPOS="801" WIDTH="52" HEIGHT="15" WC="0.93" CONTENT="som"/><SP WIDTH="8" VPOS="801" HPOS="202"/>
							<String ID="string_156" HPOS="210" VPOS="795" WIDTH="183" HEIGHT="28" WC="0.92" CONTENT="genomtränger"/><SP WIDTH="8" VPOS="795" HPOS="393"/>
							<String ID="string_157" HPOS="401" VPOS="794" WIDTH="54" HEIGHT="23" WC="0.96" CONTENT="alla."/><SP WIDTH="17" VPOS="794" HPOS="455"/>
							<String ID="string_158" HPOS="472" VPOS="795" WIDTH="32" HEIGHT="22" WC="0.36" CONTENT="At"/><SP WIDTH="8" VPOS="795" HPOS="504"/>
							<String ID="string_159" HPOS="512" VPOS="794" WIDTH="70" HEIGHT="23" WC="0.36" CONTENT="dessa"/><SP WIDTH="9" VPOS="794" HPOS="582"/>
							<String ID="string_160" HPOS="591" VPOS="794" WIDTH="96" HEIGHT="22" WC="0.96" CONTENT="känslor"/><SP WIDTH="8" VPOS="794" HPOS="687"/>
							<String ID="string_161" HPOS="695" VPOS="793" WIDTH="42" HEIGHT="23" WC="0.93" CONTENT="har"/><SP WIDTH="8" VPOS="793" HPOS="737"/>
							<String ID="string_162" HPOS="745" VPOS="793" WIDTH="94" HEIGHT="29" WC="0.93" CONTENT="uttryck"/><SP WIDTH="6" VPOS="793" HPOS="839"/>
							<String ID="string_163" HPOS="845" VPOS="793" WIDTH="51" HEIGHT="22" WC="0.91" CONTENT="blif-"/>
						</TextLine>
						<TextLine ID="line_20" HPOS="70" VPOS="822" WIDTH="826" HEIGHT="31">
							<String ID="string_164" HPOS="70" VPOS="825" WIDTH="34" HEIGHT="21" WC="0.93" CONTENT="vit"/><SP WIDTH="10" VPOS="825" HPOS="104"/>
							<String ID="string_165" HPOS="114" VPOS="823" WIDTH="75" HEIGHT="30" WC="0.92" CONTENT="gifvet"/><SP WIDTH="10" VPOS="823" HPOS="189"/>
							<String ID="string_166" HPOS="199" VPOS="823" WIDTH="40" HEIGHT="23" WC="0.96" CONTENT="vid"/><SP WIDTH="11" VPOS="823" HPOS="239"/>
							<String ID="string_167" HPOS="250" VPOS="823" WIDTH="117" HEIGHT="23" WC="0.93" CONTENT="särskilda"/><SP WIDTH="11" VPOS="823" HPOS="367"/>
							<String ID="string_168" HPOS="378" VPOS="824" WIDTH="117" HEIGHT="23" WC="0.92" CONTENT="tillfällen."/><SP WIDTH="17" VPOS="824" HPOS="495"/>
							<String ID="string_169" HPOS="512" VPOS="824" WIDTH="45" HEIGHT="23" WC="0.96" CONTENT="För"/><SP WIDTH="11" VPOS="824" HPOS="557"/>
							<String ID="string_170" HPOS="568" VPOS="831" WIDTH="45" HEIGHT="20" WC="0.96" CONTENT="oss,"/><SP WIDTH="12" VPOS="831" HPOS="613"/>
							<String ID="string_171" HPOS="625" VPOS="831" WIDTH="51" HEIGHT="15" WC="0.96" CONTENT="som"/><SP WIDTH="11" VPOS="831" HPOS="676"/>
							<String ID="string_172" HPOS="687" VPOS="825" WIDTH="8" HEIGHT="21" WC="0.93" CONTENT="i"/><SP WIDTH="10" VPOS="825" HPOS="695"/>
							<String ID="string_173" HPOS="705" VPOS="825" WIDTH="52" HEIGHT="21" WC="0.93" CONTENT="värt"/><SP WIDTH="11" VPOS="825" HPOS="757"/>
							<String ID="string_174" HPOS="768" VPOS="823" WIDTH="79" HEIGHT="23" WC="0.96" CONTENT="arbete"/><SP WIDTH="10" VPOS="823" HPOS="847"/>
							<String ID="string_175" HPOS="857" VPOS="822" WIDTH="39" HEIGHT="23" WC="0.96" CONTENT="vid"/>
						</TextLine>
						<TextLine ID="line_21" HPOS="70" VPOS="853" WIDTH="826" HEIGHT="30">
							<String ID="string_176" HPOS="70" VPOS="853" WIDTH="144" HEIGHT="30" WC="0.92" CONTENT="landtdagen"/><SP WIDTH="16" VPOS="853" HPOS="214"/>
							<String ID="string_177" HPOS="230" VPOS="855" WIDTH="161" HEIGHT="28" WC="0.96" CONTENT="representera"/><SP WIDTH="17" VPOS="855" HPOS="391"/>
							<String ID="string_178" HPOS="408" VPOS="855" WIDTH="20" HEIGHT="28" WC="0.95" CONTENT="ej"/><SP WIDTH="19" VPOS="855" HPOS="428"/>
							<String ID="string_179" HPOS="447" VPOS="854" WIDTH="60" HEIGHT="23" WC="0.96" CONTENT="blott"/><SP WIDTH="16" VPOS="854" HPOS="507"/>
							<String ID="string_180" HPOS="523" VPOS="854" WIDTH="40" HEIGHT="23" WC="0.97" CONTENT="det"/><SP WIDTH="14" VPOS="854" HPOS="563"/>
							<String ID="string_181" HPOS="577" VPOS="853" WIDTH="77" HEIGHT="23" WC="0.96" CONTENT="finska"/><SP WIDTH="16" VPOS="853" HPOS="654"/>
							<String ID="string_182" HPOS="670" VPOS="853" WIDTH="73" HEIGHT="23" WC="0.96" CONTENT="folket"/><SP WIDTH="15" VPOS="853" HPOS="743"/>
							<String ID="string_183" HPOS="758" VPOS="855" WIDTH="57" HEIGHT="21" WC="0.93" CONTENT="utan"/><SP WIDTH="12" VPOS="855" HPOS="815"/>
							<String ID="string_184" HPOS="827" VPOS="853" WIDTH="69" HEIGHT="22" WC="0.96" CONTENT="äfven"/>
						</TextLine>
						<TextLine ID="line_22" HPOS="72" VPOS="883" WIDTH="825" HEIGHT="30">
							<String ID="string_185" HPOS="72" VPOS="883" WIDTH="44" HEIGHT="23" WC="0.96" CONTENT="den"/><SP WIDTH="14" VPOS="883" HPOS="116"/>
							<String ID="string_186" HPOS="130" VPOS="884" WIDTH="77" HEIGHT="22" WC="0.96" CONTENT="finska"/><SP WIDTH="16" VPOS="884" HPOS="207"/>
							<String ID="string_187" HPOS="223" VPOS="883" WIDTH="91" HEIGHT="30" WC="0.96" CONTENT="kyrkan"/><SP WIDTH="17" VPOS="883" HPOS="314"/>
							<String ID="string_188" HPOS="331" VPOS="883" WIDTH="56" HEIGHT="23" WC="0.96" CONTENT="eller"/><SP WIDTH="17" VPOS="883" HPOS="387"/>
							<String ID="string_189" HPOS="404" VPOS="883" WIDTH="47" HEIGHT="24" WC="0.96" CONTENT="den"/><SP WIDTH="16" VPOS="883" HPOS="451"/>
							<String ID="string_190" HPOS="467" VPOS="884" WIDTH="77" HEIGHT="23" WC="0.96" CONTENT="finska"/><SP WIDTH="12" VPOS="884" HPOS="544"/>
							<String ID="string_191" HPOS="556" VPOS="884" WIDTH="90" HEIGHT="27" WC="0.96" CONTENT="skolan,"/><SP WIDTH="12" VPOS="884" HPOS="646"/>
							<String ID="string_192" HPOS="658" VPOS="883" WIDTH="43" HEIGHT="23" WC="0.93" CONTENT="och"/><SP WIDTH="10" VPOS="883" HPOS="701"/>
							<String ID="string_193" HPOS="711" VPOS="883" WIDTH="91" HEIGHT="23" WC="0.93" CONTENT="derföre"/><SP WIDTH="11" VPOS="883" HPOS="802"/>
							<String ID="string_194" HPOS="813" VPOS="884" WIDTH="8" HEIGHT="22" WC="0.96" CONTENT="i"/><SP WIDTH="12" VPOS="884" HPOS="821"/>
							<String ID="string_195" HPOS="833" VPOS="883" WIDTH="64" HEIGHT="23" WC="0.96" CONTENT="detta"/>
						</TextLine>
						<TextLine ID="line_23" HPOS="72" VPOS="913" WIDTH="823" HEIGHT="31">
							<String ID="string_196" HPOS="72" VPOS="914" WIDTH="78" HEIGHT="22" WC="0.93" CONTENT="arbete"/><SP WIDTH="16" VPOS="914" HPOS="150"/>
							<String ID="string_197" HPOS="166" VPOS="914" WIDTH="57" HEIGHT="22" WC="0.92" CONTENT="böra"/><SP WIDTH="16" VPOS="914" HPOS="223"/>
							<String ID="string_198" HPOS="239" VPOS="914" WIDTH="69" HEIGHT="22" WC="0.90" CONTENT="ställa"/><SP WIDTH="17" VPOS="914" HPOS="308"/>
							<String ID="string_199" HPOS="325" VPOS="921" WIDTH="38" HEIGHT="15" WC="0.96" CONTENT="oss"/><SP WIDTH="16" VPOS="921" HPOS="363"/>
							<String ID="string_200" HPOS="379" VPOS="915" WIDTH="30" HEIGHT="28" WC="0.96" CONTENT="pä"/><SP WIDTH="18" VPOS="915" HPOS="409"/>
							<String ID="string_201" HPOS="427" VPOS="914" WIDTH="47" HEIGHT="23" WC="0.93" CONTENT="den"/><SP WIDTH="18" VPOS="914" HPOS="474"/>
							<String ID="string_202" HPOS="492" VPOS="914" WIDTH="138" HEIGHT="30" WC="0.90" CONTENT="gudomliga"/><SP WIDTH="19" VPOS="914" HPOS="630"/>
							<String ID="string_203" HPOS="649" VPOS="915" WIDTH="144" HEIGHT="28" WC="0.92" CONTENT="sanningens"/><SP WIDTH="19" VPOS="915" HPOS="793"/>
							<String ID="string_204" HPOS="812" VPOS="913" WIDTH="83" HEIGHT="29" WC="0.96" CONTENT="grund,"/>
						</TextLine>
						<TextLine ID="line_24" HPOS="71" VPOS="943" WIDTH="826" HEIGHT="31">
							<String ID="string_205" HPOS="71" VPOS="944" WIDTH="35" HEIGHT="22" WC="0.96" CONTENT="för"/><SP WIDTH="24" VPOS="944" HPOS="106"/>
							<String ID="string_206" HPOS="130" VPOS="950" WIDTH="38" HEIGHT="16" WC="0.96" CONTENT="oss"/><SP WIDTH="24" VPOS="950" HPOS="168"/>
							<String ID="string_207" HPOS="192" VPOS="946" WIDTH="26" HEIGHT="20" WC="0.92" CONTENT="är"/><SP WIDTH="20" VPOS="946" HPOS="218"/>
							<String ID="string_208" HPOS="238" VPOS="944" WIDTH="146" HEIGHT="29" WC="0.95" CONTENT="tillgängligt"/><SP WIDTH="16" VPOS="944" HPOS="384"/>
							<String ID="string_209" HPOS="400" VPOS="945" WIDTH="34" HEIGHT="21" WC="0.93" CONTENT="ett"/><SP WIDTH="16" VPOS="945" HPOS="434"/>
							<String ID="string_210" HPOS="450" VPOS="944" WIDTH="114" HEIGHT="23" WC="0.95" CONTENT="särskildt"/><SP WIDTH="15" VPOS="944" HPOS="564"/>
							<String ID="string_211" HPOS="579" VPOS="944" WIDTH="54" HEIGHT="30" WC="0.96" CONTENT="ljus,"/><SP WIDTH="17" VPOS="944" HPOS="633"/>
							<String ID="string_212" HPOS="650" VPOS="951" WIDTH="51" HEIGHT="15" WC="0.96" CONTENT="som"/><SP WIDTH="17" VPOS="951" HPOS="701"/>
							<String ID="string_213" HPOS="718" VPOS="946" WIDTH="25" HEIGHT="20" WC="0.93" CONTENT="är"/><SP WIDTH="16" VPOS="946" HPOS="743"/>
							<String ID="string_214" HPOS="759" VPOS="943" WIDTH="88" HEIGHT="30" WC="0.92" CONTENT="egnadt"/><SP WIDTH="16" VPOS="943" HPOS="847"/>
							<String ID="string_215" HPOS="863" VPOS="944" WIDTH="34" HEIGHT="22" WC="0.96" CONTENT="att"/>
						</TextLine>
						<TextLine ID="line_25" HPOS="71" VPOS="973" WIDTH="826" HEIGHT="30">
							<String ID="string_216" HPOS="71" VPOS="974" WIDTH="101" HEIGHT="22" WC="0.90" CONTENT="förklara"/><SP WIDTH="24" VPOS="974" HPOS="172"/>
							<String ID="string_217" HPOS="196" VPOS="974" WIDTH="69" HEIGHT="22" WC="0.90" CONTENT="äfven"/><SP WIDTH="14" VPOS="974" HPOS="265"/>
							<String ID="string_218" HPOS="279" VPOS="974" WIDTH="28" HEIGHT="22" WC="0.93" CONTENT="de"/><SP WIDTH="14" VPOS="974" HPOS="307"/>
							<String ID="string_219" HPOS="321" VPOS="974" WIDTH="119" HEIGHT="27" WC="0.92" CONTENT="lidanden,"/><SP WIDTH="25" VPOS="974" HPOS="440"/>
							<String ID="string_220" HPOS="465" VPOS="981" WIDTH="51" HEIGHT="15" WC="0.96" CONTENT="som"/><SP WIDTH="26" VPOS="981" HPOS="516"/>
							<String ID="string_221" HPOS="542" VPOS="975" WIDTH="8" HEIGHT="21" WC="0.95" CONTENT="i"/><SP WIDTH="16" VPOS="975" HPOS="550"/>
							<String ID="string_222" HPOS="566" VPOS="974" WIDTH="145" HEIGHT="22" WC="0.93" CONTENT="närvarande"/><SP WIDTH="17" VPOS="974" HPOS="711"/>
							<String ID="string_223" HPOS="728" VPOS="974" WIDTH="72" HEIGHT="22" WC="0.92" CONTENT="stund"/><SP WIDTH="15" VPOS="974" HPOS="800"/>
							<String ID="string_224" HPOS="815" VPOS="973" WIDTH="82" HEIGHT="30" WC="0.92" CONTENT="trycka"/>
						</TextLine>
						<TextLine ID="line_26" HPOS="72" VPOS="1002" WIDTH="825" HEIGHT="31">
							<String ID="string_225" HPOS="72" VPOS="1004" WIDTH="39" HEIGHT="22" WC="0.95" CONTENT="det"/><SP WIDTH="31" VPOS="1004" HPOS="111"/>
							<String ID="string_226" HPOS="142" VPOS="1004" WIDTH="77" HEIGHT="22" WC="0.95" CONTENT="finska"/><SP WIDTH="23" VPOS="1004" HPOS="219"/>
							<String ID="string_227" HPOS="242" VPOS="1004" WIDTH="79" HEIGHT="22" WC="0.96" CONTENT="folket."/><SP WIDTH="32" VPOS="1004" HPOS="321"/>
							<String ID="string_228" HPOS="353" VPOS="1004" WIDTH="59" HEIGHT="22" WC="0.91" CONTENT="Herr"/><SP WIDTH="26" VPOS="1004" HPOS="412"/>
							<String ID="string_229" HPOS="438" VPOS="1004" WIDTH="179" HEIGHT="29" WC="0.68" CONTENT="Erkebiskopen"/><SP WIDTH="15" VPOS="1004" HPOS="617"/>
							<String ID="string_230" HPOS="632" VPOS="1004" WIDTH="42" HEIGHT="23" WC="0.93" CONTENT="har"/><SP WIDTH="16" VPOS="1004" HPOS="674"/>
							<String ID="string_231" HPOS="690" VPOS="1004" WIDTH="91" HEIGHT="29" WC="0.96" CONTENT="påmint"/><SP WIDTH="16" VPOS="1004" HPOS="781"/>
							<String ID="string_232" HPOS="797" VPOS="1010" WIDTH="38" HEIGHT="16" WC="0.96" CONTENT="om"/><SP WIDTH="16" VPOS="1010" HPOS="835"/>
							<String ID="string_233" HPOS="851" VPOS="1002" WIDTH="46" HEIGHT="24" WC="0.96" CONTENT="den"/>
						</TextLine>
						<TextLine ID="line_27" HPOS="72" VPOS="1033" WIDTH="825" HEIGHT="30">
							<String ID="string_234" HPOS="72" VPOS="1034" WIDTH="120" HEIGHT="28" WC="0.93" CONTENT="betydelse"/><SP WIDTH="16" VPOS="1034" HPOS="192"/>
							<String ID="string_235" HPOS="208" VPOS="1034" WIDTH="141" HEIGHT="29" WC="0.92" CONTENT="pröfningen"/><SP WIDTH="15" VPOS="1034" HPOS="349"/>
							<String ID="string_236" HPOS="364" VPOS="1034" WIDTH="43" HEIGHT="22" WC="0.93" CONTENT="har"/><SP WIDTH="16" VPOS="1034" HPOS="407"/>
							<String ID="string_237" HPOS="423" VPOS="1034" WIDTH="71" HEIGHT="23" WC="0.93" CONTENT="äfven"/><SP WIDTH="15" VPOS="1034" HPOS="494"/>
							<String ID="string_238" HPOS="509" VPOS="1034" WIDTH="36" HEIGHT="22" WC="0.96" CONTENT="för"/><SP WIDTH="17" VPOS="1034" HPOS="545"/>
							<String ID="string_239" HPOS="562" VPOS="1034" WIDTH="45" HEIGHT="22" WC="0.93" CONTENT="den"/><SP WIDTH="17" VPOS="1034" HPOS="607"/>
							<String ID="string_240" HPOS="624" VPOS="1034" WIDTH="106" HEIGHT="22" WC="0.92" CONTENT="enskilde"/><SP WIDTH="17" VPOS="1034" HPOS="730"/>
							<String ID="string_241" HPOS="747" VPOS="1033" WIDTH="43" HEIGHT="23" WC="0.93" CONTENT="och"/><SP WIDTH="15" VPOS="1033" HPOS="790"/>
							<String ID="string_242" HPOS="805" VPOS="1034" WIDTH="92" HEIGHT="29" WC="0.93" CONTENT="pämint"/>
						</TextLine>
						<TextLine ID="line_28" HPOS="72" VPOS="1063" WIDTH="824" HEIGHT="28">
							<String ID="string_243" HPOS="72" VPOS="1070" WIDTH="37" HEIGHT="16" WC="0.96" CONTENT="om"/><SP WIDTH="10" VPOS="1070" HPOS="109"/>
							<String ID="string_244" HPOS="119" VPOS="1070" WIDTH="29" HEIGHT="16" WC="0.96" CONTENT="en"/><SP WIDTH="8" VPOS="1070" HPOS="148"/>
							<String ID="string_245" HPOS="156" VPOS="1063" WIDTH="102" HEIGHT="23" WC="0.93" CONTENT="särskild"/><SP WIDTH="7" VPOS="1063" HPOS="258"/>
							<String ID="string_246" HPOS="265" VPOS="1064" WIDTH="114" HEIGHT="22" WC="0.96" CONTENT="händelse"/><SP WIDTH="8" VPOS="1064" HPOS="379"/>
							<String ID="string_247" HPOS="387" VPOS="1064" WIDTH="8" HEIGHT="22" WC="0.93" CONTENT="i"/><SP WIDTH="8" VPOS="1064" HPOS="395"/>
							<String ID="string_248" HPOS="403" VPOS="1065" WIDTH="54" HEIGHT="21" WC="0.96" CONTENT="vårt"/><SP WIDTH="8" VPOS="1065" HPOS="457"/>
							<String ID="string_249" HPOS="465" VPOS="1064" WIDTH="62" HEIGHT="22" WC="0.97" CONTENT="folks"/><SP WIDTH="9" VPOS="1064" HPOS="527"/>
							<String ID="string_250" HPOS="536" VPOS="1064" WIDTH="104" HEIGHT="27" WC="0.47" CONTENT="historia,"/><SP WIDTH="6" VPOS="1064" HPOS="640"/>
							<String ID="string_251" HPOS="646" VPOS="1070" WIDTH="50" HEIGHT="16" WC="0.47" CONTENT="som"/><SP WIDTH="7" VPOS="1070" HPOS="696"/>
							<String ID="string_252" HPOS="703" VPOS="1064" WIDTH="117" HEIGHT="22" WC="0.96" CONTENT="bevittnar"/><SP WIDTH="5" VPOS="1064" HPOS="820"/>
							<String ID="string_253" HPOS="825" VPOS="1063" WIDTH="71" HEIGHT="23" WC="0.96" CONTENT="detta."/>
						</TextLine>
						<TextLine ID="line_29" HPOS="71" VPOS="1093" WIDTH="826" HEIGHT="27">
							<String ID="string_254" HPOS="71" VPOS="1094" WIDTH="58" HEIGHT="22" WC="0.92" CONTENT="Värt"/><SP WIDTH="15" VPOS="1094" HPOS="129"/>
							<String ID="string_255" HPOS="144" VPOS="1093" WIDTH="62" HEIGHT="23" WC="0.96" CONTENT="folks"/><SP WIDTH="16" VPOS="1093" HPOS="206"/>
							<String ID="string_256" HPOS="222" VPOS="1094" WIDTH="97" HEIGHT="22" WC="0.96" CONTENT="historia"/><SP WIDTH="16" VPOS="1094" HPOS="319"/>
							<String ID="string_257" HPOS="335" VPOS="1096" WIDTH="26" HEIGHT="20" WC="0.93" CONTENT="är"/><SP WIDTH="16" VPOS="1096" HPOS="361"/>
							<String ID="string_258" HPOS="377" VPOS="1094" WIDTH="111" HEIGHT="22" WC="0.92" CONTENT="öfverfull"/><SP WIDTH="16" VPOS="1094" HPOS="488"/>
							<String ID="string_259" HPOS="504" VPOS="1094" WIDTH="26" HEIGHT="22" WC="0.97" CONTENT="af"/><SP WIDTH="14" VPOS="1094" HPOS="530"/>
							<String ID="string_260" HPOS="544" VPOS="1094" WIDTH="70" HEIGHT="22" WC="0.93" CONTENT="dessa"/><SP WIDTH="15" VPOS="1094" HPOS="614"/>
							<String ID="string_261" HPOS="629" VPOS="1093" WIDTH="153" HEIGHT="27" WC="0.91" CONTENT="vittnesbörd,"/><SP WIDTH="17" VPOS="1093" HPOS="782"/>
							<String ID="string_262" HPOS="799" VPOS="1093" WIDTH="44" HEIGHT="23" WC="0.96" CONTENT="och"/><SP WIDTH="18" VPOS="1093" HPOS="843"/>
							<String ID="string_263" HPOS="861" VPOS="1093" WIDTH="36" HEIGHT="23" WC="0.96" CONTENT="till"/>
						</TextLine>
						<TextLine ID="line_30" HPOS="72" VPOS="1123" WIDTH="825" HEIGHT="30">
							<String ID="string_264" HPOS="72" VPOS="1123" WIDTH="70" HEIGHT="23" WC="0.94" CONTENT="dessa"/><SP WIDTH="22" VPOS="1123" HPOS="142"/>
							<String ID="string_265" HPOS="164" VPOS="1123" WIDTH="66" HEIGHT="23" WC="0.96" CONTENT="fakta"/><SP WIDTH="23" VPOS="1123" HPOS="230"/>
							<String ID="string_266" HPOS="253" VPOS="1124" WIDTH="42" HEIGHT="22" WC="0.96" CONTENT="vill"/><SP WIDTH="21" VPOS="1124" HPOS="295"/>
							<String ID="string_267" HPOS="316" VPOS="1124" WIDTH="43" HEIGHT="29" WC="0.90" CONTENT="jag"/><SP WIDTH="24" VPOS="1124" HPOS="359"/>
							<String ID="string_268" HPOS="383" VPOS="1126" WIDTH="64" HEIGHT="20" WC="0.93" CONTENT="ännu"/><SP WIDTH="25" VPOS="1126" HPOS="447"/>
							<String ID="string_269" HPOS="472" VPOS="1124" WIDTH="113" HEIGHT="29" WC="0.92" CONTENT="päminna"/><SP WIDTH="24" VPOS="1124" HPOS="585"/>
							<String ID="string_270" HPOS="609" VPOS="1130" WIDTH="38" HEIGHT="16" WC="0.93" CONTENT="om"/><SP WIDTH="16" VPOS="1130" HPOS="647"/>
							<String ID="string_271" HPOS="663" VPOS="1125" WIDTH="80" HEIGHT="28" WC="0.92" CONTENT="nägra,"/><SP WIDTH="16" VPOS="1125" HPOS="743"/>
							<String ID="string_272" HPOS="759" VPOS="1123" WIDTH="82" HEIGHT="23" WC="0.92" CONTENT="hvilka"/><SP WIDTH="16" VPOS="1123" HPOS="841"/>
							<String ID="string_273" HPOS="857" VPOS="1126" WIDTH="40" HEIGHT="20" WC="0.92" CONTENT="äro"/>
						</TextLine>
						<TextLine ID="line_31" HPOS="72" VPOS="1153" WIDTH="825" HEIGHT="30">
							<String ID="string_274" HPOS="72" VPOS="1153" WIDTH="90" HEIGHT="29" WC="0.96" CONTENT="egnade"/><SP WIDTH="10" VPOS="1153" HPOS="162"/>
							<String ID="string_275" HPOS="172" VPOS="1154" WIDTH="34" HEIGHT="22" WC="0.96" CONTENT="att"/><SP WIDTH="8" VPOS="1154" HPOS="206"/>
							<String ID="string_276" HPOS="214" VPOS="1154" WIDTH="134" HEIGHT="28" WC="0.96" CONTENT="ytterligare"/><SP WIDTH="10" VPOS="1154" HPOS="348"/>
							<String ID="string_277" HPOS="358" VPOS="1153" WIDTH="69" HEIGHT="23" WC="0.93" CONTENT="kasta"/><SP WIDTH="10" VPOS="1153" HPOS="427"/>
							<String ID="string_278" HPOS="437" VPOS="1154" WIDTH="49" HEIGHT="29" WC="0.96" CONTENT="ljus"/><SP WIDTH="10" VPOS="1154" HPOS="486"/>
							<String ID="string_279" HPOS="496" VPOS="1154" WIDTH="65" HEIGHT="22" WC="0.95" CONTENT="öfver"/><SP WIDTH="9" VPOS="1154" HPOS="561"/>
							<String ID="string_280" HPOS="570" VPOS="1154" WIDTH="46" HEIGHT="22" WC="0.93" CONTENT="den"/><SP WIDTH="8" VPOS="1154" HPOS="616"/>
							<String ID="string_281" HPOS="624" VPOS="1154" WIDTH="92" HEIGHT="22" WC="0.96" CONTENT="okända"/><SP WIDTH="11" VPOS="1154" HPOS="716"/>
							<String ID="string_282" HPOS="727" VPOS="1153" WIDTH="102" HEIGHT="29" WC="0.96" CONTENT="framtid,"/><SP WIDTH="17" VPOS="1153" HPOS="829"/>
							<String ID="string_283" HPOS="846" VPOS="1160" WIDTH="51" HEIGHT="16" WC="0.96" CONTENT="som"/>
						</TextLine>
						<TextLine ID="line_32" HPOS="71" VPOS="1183" WIDTH="327" HEIGHT="29">
							<String ID="string_284" HPOS="71" VPOS="1183" WIDTH="76" HEIGHT="29" WC="0.93" CONTENT="ligger"/><SP WIDTH="16" VPOS="1183" HPOS="147"/>
							<String ID="string_285" HPOS="163" VPOS="1183" WIDTH="96" HEIGHT="23" WC="0.91" CONTENT="framför"/><SP WIDTH="16" VPOS="1183" HPOS="259"/>
							<String ID="string_286" HPOS="275" VPOS="1185" WIDTH="52" HEIGHT="21" WC="0.92" CONTENT="värt"/><SP WIDTH="16" VPOS="1185" HPOS="327"/>
							<String ID="string_287" HPOS="343" VPOS="1183" WIDTH="55" HEIGHT="23" WC="0.96" CONTENT="folk."/>
						</TextLine>
					</TextBlock>
					<TextBlock ID="block_5" HPOS="72" VPOS="1212" WIDTH="830" HEIGHT="262">
						<TextLine ID="line_33" HPOS="143" VPOS="1212" WIDTH="756" HEIGHT="30">
							<String ID="string_288" HPOS="143" VPOS="1214" WIDTH="47" HEIGHT="22" WC="0.95" CONTENT="När"/><SP WIDTH="16" VPOS="1214" HPOS="190"/>
							<String ID="string_289" HPOS="206" VPOS="1214" WIDTH="24" HEIGHT="22" WC="0.96" CONTENT="vi"/><SP WIDTH="15" VPOS="1214" HPOS="230"/>
							<String ID="string_290" HPOS="245" VPOS="1213" WIDTH="72" HEIGHT="23" WC="0.96" CONTENT="tänka"/><SP WIDTH="16" VPOS="1213" HPOS="317"/>
							<String ID="string_291" HPOS="333" VPOS="1213" WIDTH="99" HEIGHT="23" WC="0.96" CONTENT="tillbaka"/><SP WIDTH="16" VPOS="1213" HPOS="432"/>
							<String ID="string_292" HPOS="448" VPOS="1213" WIDTH="37" HEIGHT="23" WC="0.96" CONTENT="till"/><SP WIDTH="16" VPOS="1213" HPOS="485"/>
							<String ID="string_293" HPOS="501" VPOS="1214" WIDTH="65" HEIGHT="22" WC="0.93" CONTENT="stora"/><SP WIDTH="16" VPOS="1214" HPOS="566"/>
							<String ID="string_294" HPOS="582" VPOS="1213" WIDTH="108" HEIGHT="23" WC="0.93" CONTENT="ofredens"/><SP WIDTH="20" VPOS="1213" HPOS="690"/>
							<String ID="string_295" HPOS="710" VPOS="1212" WIDTH="73" HEIGHT="30" WC="0.96" CONTENT="dagar"/><SP WIDTH="16" VPOS="1212" HPOS="783"/>
							<String ID="string_296" HPOS="799" VPOS="1213" WIDTH="43" HEIGHT="23" WC="0.96" CONTENT="och"/><SP WIDTH="17" VPOS="1213" HPOS="842"/>
							<String ID="string_297" HPOS="859" VPOS="1212" WIDTH="40" HEIGHT="23" WC="0.96" CONTENT="det"/>
						</TextLine>
						<TextLine ID="line_34" HPOS="72" VPOS="1242" WIDTH="825" HEIGHT="30">
							<String ID="string_298" HPOS="72" VPOS="1243" WIDTH="72" HEIGHT="29" WC="0.90" CONTENT="djupa"/><SP WIDTH="24" VPOS="1243" HPOS="144"/>
							<String ID="string_299" HPOS="168" VPOS="1243" WIDTH="90" HEIGHT="27" WC="0.91" CONTENT="elände,"/><SP WIDTH="25" VPOS="1243" HPOS="258"/>
							<String ID="string_300" HPOS="283" VPOS="1250" WIDTH="50" HEIGHT="16" WC="0.96" CONTENT="som"/><SP WIDTH="24" VPOS="1250" HPOS="333"/>
							<String ID="string_301" HPOS="357" VPOS="1243" WIDTH="56" HEIGHT="29" WC="0.96" CONTENT="gick"/><SP WIDTH="25" VPOS="1243" HPOS="413"/>
							<String ID="string_302" HPOS="438" VPOS="1244" WIDTH="8" HEIGHT="21" WC="0.93" CONTENT="i"/><SP WIDTH="21" VPOS="1244" HPOS="446"/>
							<String ID="string_303" HPOS="467" VPOS="1244" WIDTH="86" HEIGHT="28" WC="0.89" CONTENT="spären"/><SP WIDTH="17" VPOS="1244" HPOS="553"/>
							<String ID="string_304" HPOS="570" VPOS="1243" WIDTH="26" HEIGHT="23" WC="0.96" CONTENT="af"/><SP WIDTH="14" VPOS="1243" HPOS="596"/>
							<String ID="string_305" HPOS="610" VPOS="1243" WIDTH="76" HEIGHT="23" WC="0.96" CONTENT="denna"/><SP WIDTH="16" VPOS="1243" HPOS="686"/>
							<String ID="string_306" HPOS="702" VPOS="1242" WIDTH="41" HEIGHT="28" WC="0.96" CONTENT="tid,"/><SP WIDTH="16" VPOS="1242" HPOS="743"/>
							<String ID="string_307" HPOS="759" VPOS="1243" WIDTH="30" HEIGHT="23" WC="0.92" CONTENT="dä"/><SP WIDTH="16" VPOS="1243" HPOS="789"/>
							<String ID="string_308" HPOS="805" VPOS="1243" WIDTH="92" HEIGHT="29" WC="0.92" CONTENT="tycktes"/>
						</TextLine>
						<TextLine ID="line_35" HPOS="72" VPOS="1272" WIDTH="825" HEIGHT="30">
							<String ID="string_309" HPOS="72" VPOS="1272" WIDTH="40" HEIGHT="23" WC="0.93" CONTENT="det"/><SP WIDTH="15" VPOS="1272" HPOS="112"/>
							<String ID="string_310" HPOS="127" VPOS="1273" WIDTH="140" HEIGHT="29" WC="0.92" CONTENT="visserligen"/><SP WIDTH="17" VPOS="1273" HPOS="267"/>
							<String ID="string_311" HPOS="284" VPOS="1273" WIDTH="36" HEIGHT="23" WC="0.93" CONTENT="för"/><SP WIDTH="12" VPOS="1273" HPOS="320"/>
							<String ID="string_312" HPOS="332" VPOS="1273" WIDTH="192" HEIGHT="23" WC="0.92" CONTENT="menniskoblick"/><SP WIDTH="18" VPOS="1273" HPOS="524"/>
							<String ID="string_313" HPOS="542" VPOS="1274" WIDTH="79" HEIGHT="22" WC="0.92" CONTENT="säsom"/><SP WIDTH="19" VPOS="1274" HPOS="621"/>
							<String ID="string_314" HPOS="640" VPOS="1280" WIDTH="38" HEIGHT="15" WC="0.96" CONTENT="om"/><SP WIDTH="18" VPOS="1280" HPOS="678"/>
							<String ID="string_315" HPOS="696" VPOS="1272" WIDTH="113" HEIGHT="24" WC="0.93" CONTENT="Finlands"/><SP WIDTH="19" VPOS="1272" HPOS="809"/>
							<String ID="string_316" HPOS="828" VPOS="1272" WIDTH="69" HEIGHT="23" WC="0.92" CONTENT="fram-"/>
						</TextLine>
						<TextLine ID="line_36" HPOS="72" VPOS="1302" WIDTH="827" HEIGHT="30">
							<String ID="string_317" HPOS="72" VPOS="1302" WIDTH="34" HEIGHT="23" WC="0.96" CONTENT="tid"/><SP WIDTH="16" VPOS="1302" HPOS="106"/>
							<String ID="string_318" HPOS="122" VPOS="1302" WIDTH="77" HEIGHT="24" WC="0.95" CONTENT="skulle"/><SP WIDTH="16" VPOS="1302" HPOS="199"/>
							<String ID="string_319" HPOS="215" VPOS="1304" WIDTH="61" HEIGHT="22" WC="0.96" CONTENT="varit"/><SP WIDTH="10" VPOS="1304" HPOS="276"/>
							<String ID="string_320" HPOS="286" VPOS="1304" WIDTH="31" HEIGHT="28" WC="0.96" CONTENT="pä"/><SP WIDTH="15" VPOS="1304" HPOS="317"/>
							<String ID="string_321" HPOS="332" VPOS="1306" WIDTH="47" HEIGHT="26" WC="0.96" CONTENT="väg"/><SP WIDTH="16" VPOS="1306" HPOS="379"/>
							<String ID="string_322" HPOS="395" VPOS="1304" WIDTH="35" HEIGHT="22" WC="0.93" CONTENT="att"/><SP WIDTH="16" VPOS="1304" HPOS="430"/>
							<String ID="string_323" HPOS="446" VPOS="1304" WIDTH="32" HEIGHT="28" WC="0.92" CONTENT="gä"/><SP WIDTH="16" VPOS="1304" HPOS="478"/>
							<String ID="string_324" HPOS="494" VPOS="1303" WIDTH="47" HEIGHT="23" WC="0.96" CONTENT="ned"/><SP WIDTH="15" VPOS="1303" HPOS="541"/>
							<String ID="string_325" HPOS="556" VPOS="1304" WIDTH="8" HEIGHT="21" WC="0.93" CONTENT="i"/><SP WIDTH="17" VPOS="1304" HPOS="564"/>
							<String ID="string_326" HPOS="581" VPOS="1303" WIDTH="93" HEIGHT="23" WC="0.92" CONTENT="mörker"/><SP WIDTH="16" VPOS="1303" HPOS="674"/>
							<String ID="string_327" HPOS="690" VPOS="1302" WIDTH="43" HEIGHT="23" WC="0.93" CONTENT="och"/><SP WIDTH="22" VPOS="1302" HPOS="733"/>
							<String ID="string_328" HPOS="755" VPOS="1302" WIDTH="83" HEIGHT="24" WC="0.92" CONTENT="elände"/><SP WIDTH="17" VPOS="1302" HPOS="838"/>
							<String ID="string_329" HPOS="855" VPOS="1302" WIDTH="44" HEIGHT="23" WC="0.96" CONTENT="och"/>
						</TextLine>
						<TextLine ID="line_37" HPOS="72" VPOS="1332" WIDTH="826" HEIGHT="30">
							<String ID="string_330" HPOS="72" VPOS="1332" WIDTH="24" HEIGHT="23" WC="0.90" CONTENT="fä"/><SP WIDTH="15" VPOS="1332" HPOS="96"/>
							<String ID="string_331" HPOS="111" VPOS="1339" WIDTH="55" HEIGHT="16" WC="0.90" CONTENT="voro"/><SP WIDTH="17" VPOS="1339" HPOS="166"/>
							<String ID="string_332" HPOS="183" VPOS="1332" WIDTH="96" HEIGHT="27" WC="0.91" CONTENT="de,som"/><SP WIDTH="17" VPOS="1332" HPOS="279"/>
							<String ID="string_333" HPOS="296" VPOS="1332" WIDTH="55" HEIGHT="23" WC="0.96" CONTENT="med"/><SP WIDTH="15" VPOS="1332" HPOS="351"/>
							<String ID="string_334" HPOS="366" VPOS="1332" WIDTH="43" HEIGHT="23" WC="0.93" CONTENT="full"/><SP WIDTH="17" VPOS="1332" HPOS="409"/>
							<String ID="string_335" HPOS="426" VPOS="1332" WIDTH="92" HEIGHT="23" WC="0.92" CONTENT="visshet"/><SP WIDTH="15" VPOS="1332" HPOS="518"/>
							<String ID="string_336" HPOS="533" VPOS="1332" WIDTH="81" HEIGHT="23" WC="0.93" CONTENT="kunde"/><SP WIDTH="15" VPOS="1332" HPOS="614"/>
							<String ID="string_337" HPOS="629" VPOS="1333" WIDTH="89" HEIGHT="29" WC="0.91" CONTENT="hoppas"/><SP WIDTH="16" VPOS="1333" HPOS="718"/>
							<String ID="string_338" HPOS="734" VPOS="1334" WIDTH="30" HEIGHT="27" WC="0.96" CONTENT="pä"/><SP WIDTH="12" VPOS="1334" HPOS="764"/>
							<String ID="string_339" HPOS="776" VPOS="1339" WIDTH="29" HEIGHT="16" WC="0.93" CONTENT="en"/><SP WIDTH="11" VPOS="1339" HPOS="805"/>
							<String ID="string_340" HPOS="816" VPOS="1332" WIDTH="82" HEIGHT="27" WC="0.93" CONTENT="sädan,"/>
						</TextLine>
						<TextLine ID="line_38" HPOS="72" VPOS="1362" WIDTH="827" HEIGHT="30">
							<String ID="string_341" HPOS="72" VPOS="1369" WIDTH="55" HEIGHT="16" WC="0.96" CONTENT="men"/><SP WIDTH="16" VPOS="1369" HPOS="127"/>
							<String ID="string_342" HPOS="143" VPOS="1362" WIDTH="35" HEIGHT="23" WC="0.96" CONTENT="för"/><SP WIDTH="25" VPOS="1362" HPOS="178"/>
							<String ID="string_343" HPOS="203" VPOS="1369" WIDTH="45" HEIGHT="20" WC="0.96" CONTENT="oss,"/><SP WIDTH="17" VPOS="1369" HPOS="248"/>
							<String ID="string_344" HPOS="265" VPOS="1369" WIDTH="51" HEIGHT="16" WC="0.96" CONTENT="som"/><SP WIDTH="17" VPOS="1369" HPOS="316"/>
							<String ID="string_345" HPOS="333" VPOS="1362" WIDTH="80" HEIGHT="23" WC="0.96" CONTENT="kunna"/><SP WIDTH="16" VPOS="1362" HPOS="413"/>
							<String ID="string_346" HPOS="429" VPOS="1369" WIDTH="26" HEIGHT="16" WC="0.96" CONTENT="se"/><SP WIDTH="18" VPOS="1369" HPOS="455"/>
							<String ID="string_347" HPOS="473" VPOS="1362" WIDTH="70" HEIGHT="23" WC="0.93" CONTENT="dessa"/><SP WIDTH="16" VPOS="1362" HPOS="543"/>
							<String ID="string_348" HPOS="559" VPOS="1362" WIDTH="112" HEIGHT="23" WC="0.96" CONTENT="lidanden"/><SP WIDTH="16" VPOS="1362" HPOS="671"/>
							<String ID="string_349" HPOS="687" VPOS="1363" WIDTH="7" HEIGHT="22" WC="0.96" CONTENT="i"/><SP WIDTH="16" VPOS="1363" HPOS="694"/>
							<String ID="string_350" HPOS="710" VPOS="1362" WIDTH="39" HEIGHT="23" WC="0.93" CONTENT="det"/><SP WIDTH="16" VPOS="1362" HPOS="749"/>
							<String ID="string_351" HPOS="765" VPOS="1362" WIDTH="46" HEIGHT="30" WC="0.93" CONTENT="ljus"/><SP WIDTH="16" VPOS="1362" HPOS="811"/>
							<String ID="string_352" HPOS="827" VPOS="1362" WIDTH="72" HEIGHT="23" WC="0.91" CONTENT="histo-"/>
						</TextLine>
						<TextLine ID="line_39" HPOS="72" VPOS="1391" WIDTH="830" HEIGHT="30">
							<String ID="string_353" HPOS="72" VPOS="1393" WIDTH="50" HEIGHT="21" WC="0.93" CONTENT="rien"/><SP WIDTH="24" VPOS="1393" HPOS="122"/>
							<String ID="string_354" HPOS="146" VPOS="1392" WIDTH="82" HEIGHT="29" WC="0.92" CONTENT="gifver,"/><SP WIDTH="16" VPOS="1392" HPOS="228"/>
							<String ID="string_355" HPOS="244" VPOS="1392" WIDTH="111" HEIGHT="23" WC="0.91" CONTENT="framstär"/><SP WIDTH="23" VPOS="1392" HPOS="355"/>
							<String ID="string_356" HPOS="378" VPOS="1392" WIDTH="74" HEIGHT="23" WC="0.93" CONTENT="saken"/><SP WIDTH="25" VPOS="1392" HPOS="452"/>
							<String ID="string_357" HPOS="477" VPOS="1392" WIDTH="155" HEIGHT="23" WC="0.93" CONTENT="annorlunda."/><SP WIDTH="31" VPOS="1392" HPOS="632"/>
							<String ID="string_358" HPOS="663" VPOS="1392" WIDTH="54" HEIGHT="23" WC="0.96" CONTENT="Just"/><SP WIDTH="16" VPOS="1392" HPOS="717"/>
							<String ID="string_359" HPOS="733" VPOS="1392" WIDTH="77" HEIGHT="23" WC="0.96" CONTENT="denna"/><SP WIDTH="16" VPOS="1392" HPOS="810"/>
							<String ID="string_360" HPOS="826" VPOS="1392" WIDTH="34" HEIGHT="22" WC="0.96" CONTENT="tid"/><SP WIDTH="16" VPOS="1392" HPOS="860"/>
							<String ID="string_361" HPOS="876" VPOS="1391" WIDTH="26" HEIGHT="23" WC="0.96" CONTENT="af"/>
						</TextLine>
						<TextLine ID="line_40" HPOS="73" VPOS="1422" WIDTH="826" HEIGHT="52">
							<String ID="string_362" HPOS="73" VPOS="1422" WIDTH="123" HEIGHT="52" WC="0.49" CONTENT="gränslösa"/><SP WIDTH="23" VPOS="1422" HPOS="196"/>
							<String ID="string_363" HPOS="219" VPOS="1422" WIDTH="110" HEIGHT="23" WC="0.96" CONTENT="lidanden"/><SP WIDTH="18" VPOS="1422" HPOS="329"/>
							<String ID="string_364" HPOS="347" VPOS="1422" WIDTH="50" HEIGHT="23" WC="0.96" CONTENT="blef"/><SP WIDTH="14" VPOS="1422" HPOS="397"/>
							<String ID="string_365" HPOS="411" VPOS="1429" WIDTH="29" HEIGHT="16" WC="0.93" CONTENT="en"/><SP WIDTH="15" VPOS="1429" HPOS="440"/>
							<String ID="string_366" HPOS="455" VPOS="1422" WIDTH="143" HEIGHT="29" WC="0.96" CONTENT="vändpunkt"/><SP WIDTH="15" VPOS="1422" HPOS="598"/>
							<String ID="string_367" HPOS="613" VPOS="1423" WIDTH="8" HEIGHT="21" WC="0.93" CONTENT="i"/><SP WIDTH="16" VPOS="1423" HPOS="621"/>
							<String ID="string_368" HPOS="637" VPOS="1423" WIDTH="51" HEIGHT="22" WC="0.96" CONTENT="vårt"/><SP WIDTH="16" VPOS="1423" HPOS="688"/>
							<String ID="string_369" HPOS="704" VPOS="1422" WIDTH="61" HEIGHT="22" WC="0.93" CONTENT="folks"/><SP WIDTH="15" VPOS="1422" HPOS="765"/>
							<String ID="string_370" HPOS="780" VPOS="1422" WIDTH="33" HEIGHT="27" WC="0.95" CONTENT="lif,"/><SP WIDTH="18" VPOS="1422" HPOS="813"/>
							<String ID="string_371" HPOS="831" VPOS="1423" WIDTH="24" HEIGHT="28" WC="0.96" CONTENT="ty"/><SP WIDTH="16" VPOS="1423" HPOS="855"/>
							<String ID="string_372" HPOS="871" VPOS="1428" WIDTH="28" HEIGHT="16" WC="0.96" CONTENT="ur"/>
						</TextLine>
					</TextBlock>
					<TextBlock ID="block_6" HPOS="73" VPOS="1451" WIDTH="826" HEIGHT="90">
						<TextLine ID="line_41" HPOS="90" VPOS="1451" WIDTH="809" HEIGHT="29">
							<String ID="string_373" HPOS="90" VPOS="1459" WIDTH="60" HEIGHT="15" WC="0.91" CONTENT="enna"/><SP WIDTH="23" VPOS="1459" HPOS="150"/>
							<String ID="string_374" HPOS="173" VPOS="1451" WIDTH="26" HEIGHT="23" WC="0.93" CONTENT="af"/><SP WIDTH="21" VPOS="1451" HPOS="199"/>
							<String ID="string_375" HPOS="220" VPOS="1451" WIDTH="54" HEIGHT="23" WC="0.91" CONTENT="blod"/><SP WIDTH="23" VPOS="1451" HPOS="274"/>
							<String ID="string_376" HPOS="297" VPOS="1451" WIDTH="112" HEIGHT="23" WC="0.92" CONTENT="vattnade"/><SP WIDTH="16" VPOS="1451" HPOS="409"/>
							<String ID="string_377" HPOS="425" VPOS="1452" WIDTH="70" HEIGHT="22" WC="0.93" CONTENT="mark"/><SP WIDTH="16" VPOS="1452" HPOS="495"/>
							<String ID="string_378" HPOS="511" VPOS="1453" WIDTH="69" HEIGHT="22" WC="0.92" CONTENT="växte"/><SP WIDTH="18" VPOS="1453" HPOS="580"/>
							<String ID="string_379" HPOS="598" VPOS="1452" WIDTH="60" HEIGHT="22" WC="0.96" CONTENT="fram"/><SP WIDTH="17" VPOS="1452" HPOS="658"/>
							<String ID="string_380" HPOS="675" VPOS="1459" WIDTH="29" HEIGHT="15" WC="0.96" CONTENT="en"/><SP WIDTH="15" VPOS="1459" HPOS="704"/>
							<String ID="string_381" HPOS="719" VPOS="1459" WIDTH="31" HEIGHT="21" WC="0.96" CONTENT="ny"/><SP WIDTH="16" VPOS="1459" HPOS="750"/>
							<String ID="string_382" HPOS="766" VPOS="1451" WIDTH="40" HEIGHT="27" WC="0.95" CONTENT="tid,"/><SP WIDTH="17" VPOS="1451" HPOS="806"/>
							<String ID="string_383" HPOS="823" VPOS="1459" WIDTH="30" HEIGHT="16" WC="0.96" CONTENT="en"/><SP WIDTH="16" VPOS="1459" HPOS="853"/>
							<String ID="string_384" HPOS="869" VPOS="1458" WIDTH="30" HEIGHT="22" WC="0.96" CONTENT="ny"/>
						</TextLine>
						<TextLine ID="line_42" HPOS="73" VPOS="1481" WIDTH="825" HEIGHT="30">
							<String ID="string_385" HPOS="73" VPOS="1481" WIDTH="87" HEIGHT="30" WC="0.91" CONTENT="odling;"/><SP WIDTH="16" VPOS="1481" HPOS="160"/>
							<String ID="string_386" HPOS="176" VPOS="1488" WIDTH="46" HEIGHT="22" WC="0.93" CONTENT="nya"/><SP WIDTH="16" VPOS="1488" HPOS="222"/>
							<String ID="string_387" HPOS="238" VPOS="1481" WIDTH="89" HEIGHT="23" WC="0.92" CONTENT="krafter"/><SP WIDTH="14" VPOS="1481" HPOS="327"/>
							<String ID="string_388" HPOS="341" VPOS="1481" WIDTH="110" HEIGHT="23" WC="0.92" CONTENT="vaknade"/><SP WIDTH="17" VPOS="1481" HPOS="451"/>
							<String ID="string_389" HPOS="468" VPOS="1481" WIDTH="45" HEIGHT="23" WC="0.96" CONTENT="och"/><SP WIDTH="19" VPOS="1481" HPOS="513"/>
							<String ID="string_390" HPOS="532" VPOS="1483" WIDTH="53" HEIGHT="28" WC="0.93" CONTENT="nytt"/><SP WIDTH="15" VPOS="1483" HPOS="585"/>
							<String ID="string_391" HPOS="600" VPOS="1481" WIDTH="102" HEIGHT="30" WC="0.92" CONTENT="ihärdigt"/><SP WIDTH="15" VPOS="1481" HPOS="702"/>
							<String ID="string_392" HPOS="717" VPOS="1481" WIDTH="80" HEIGHT="23" WC="0.93" CONTENT="arbete"/><SP WIDTH="38" VPOS="1481" HPOS="797"/>
							<String ID="string_393" HPOS="835" VPOS="1481" WIDTH="63" HEIGHT="23" WC="0.92" CONTENT="gjorde"/>
						</TextLine>
						<TextLine ID="line_43" HPOS="74" VPOS="1511" WIDTH="824" HEIGHT="30">
							<String ID="string_394" HPOS="74" VPOS="1512" WIDTH="36" HEIGHT="28" WC="0.96" CONTENT="sig"/><SP WIDTH="23" VPOS="1512" HPOS="110"/>
							<String ID="string_395" HPOS="133" VPOS="1511" WIDTH="110" HEIGHT="29" WC="0.96" CONTENT="gällande"/><SP WIDTH="22" VPOS="1511" HPOS="243"/>
							<String ID="string_396" HPOS="265" VPOS="1511" WIDTH="43" HEIGHT="23" WC="0.96" CONTENT="och"/><SP WIDTH="16" VPOS="1511" HPOS="308"/>
							<String ID="string_397" HPOS="324" VPOS="1511" WIDTH="43" HEIGHT="23" WC="0.96" CONTENT="hos"/><SP WIDTH="16" VPOS="1511" HPOS="367"/>
							<String ID="string_398" HPOS="383" VPOS="1511" WIDTH="114" HEIGHT="23" WC="0.93" CONTENT="Finlands"/><SP WIDTH="17" VPOS="1511" HPOS="497"/>
							<String ID="string_399" HPOS="514" VPOS="1511" WIDTH="69" HEIGHT="23" WC="0.91" CONTENT="härdt"/><SP WIDTH="16" VPOS="1511" HPOS="583"/>
							<String ID="string_400" HPOS="599" VPOS="1511" WIDTH="110" HEIGHT="30" WC="0.92" CONTENT="pröfvade"/><SP WIDTH="16" VPOS="1511" HPOS="709"/>
							<String ID="string_401" HPOS="725" VPOS="1511" WIDTH="49" HEIGHT="23" WC="0.93" CONTENT="folk"/><SP WIDTH="15" VPOS="1511" HPOS="774"/>
							<String ID="string_402" HPOS="789" VPOS="1511" WIDTH="109" HEIGHT="23" WC="0.92" CONTENT="vaknade"/>
						</TextLine>
					</TextBlock>
				</ComposedBlock>
			</PrintSpace>
		</Page>
	</Layout>
</alto>
