1023 1828
786 133 40 22 621

104 207 47 16 sam
173 198 67 30 hand,
263 198 69 23 under
356 199 37 23 det
415 201 14 20 t.
452 206 33 15 ex.
508 192 48 29 Åbo
580 199 40 22 och
641 198 147 29 Björneborgs
808 199 46 28 län,

104 235 30 21 då
145 234 37 21 det
193 234 112 22 hemsökts
317 234 25 21 af
350 234 59 28 dylik
422 234 52 28 nöd,
490 233 18 28 ej
522 234 87 21 erhållit
620 234 72 27 någon
706 233 148 28 undsättning.

172 268 209 27 Kontraktsprosten
406 268 136 21 Ehrström
566 267 98 22 önskade
688 267 93 28 upplysa
801 268 53 21 kon-

104 302 160 27 traktsprosten
284 303 77 20 Hellén
382 302 83 28 derom,
487 304 32 19 att
539 309 46 15 som
601 302 27 21 de
643 308 29 15 nu
686 301 168 28 ifrågavarande

104 336 87 22 medlen
216 343 52 14 voro
294 336 93 22 ämnade
413 336 33 21 till
472 336 128 27 uttorkning
622 335 41 22 och
685 335 75 28 odling
783 335 25 32 af
828 335 26 22 de

104 370 156 22 hundradetals
286 370 58 28 goda
371 376 90 22 mossar,
490 377 45 15 som
564 370 78 22 funnos
665 370 7 20 i
694 376 66 15 norra
782 370 72 22 Öster-

104 406 84 27 botten,
216 404 103 28 odlingen
345 404 25 22 af
393 404 65 22 dessa
479 405 49 27 just
552 404 64 28 afsåg
637 404 175 28 förebyggandet
834 404 25 21 af

104 439 102 22 framtida
224 439 68 22 behof
305 439 24 21 af
341 439 195 28 hjelpsändningar
551 439 32 21 till
599 438 169 28 ifrågavarande
783 438 73 22 lands-

105 476 39 19 ort.
174 473 140 22 Beträffande
335 473 46 22 åter
400 473 42 22 den
463 474 24 21 af
503 473 204 28 kontraktsprosten
725 473 79 21 Hellén
818 479 38 15 un-

105 507 129 29 derstödda,
255 507 25 22 af
296 507 49 22 herr
363 507 81 22 Linder
464 508 83 27 afgifna
564 507 144 29 reservation,
725 507 61 22 hvari
801 507 53 28 han,

104 543 30 28 på
152 542 70 27 grund
242 542 65 21 deraf
323 544 32 20 att
375 549 27 15 en
422 542 211 29 hypoteksförening
651 542 77 22 funnes
747 542 7 21 i
769 541 85 29 landet,

104 577 112 22 hvarifrån
238 577 82 22 enhvar
339 577 74 21 kunde
435 577 84 22 erhålla
538 577 48 28 lån,
608 579 72 20 ansett
699 577 115 21 bildandet
834 576 24 21 af

106 611 42 22 den
162 619 28 14 nu
204 611 40 22 här
257 611 125 28 föreslagna
397 611 81 22 fonden
490 611 92 28 onödig,
593 611 51 22 ville
655 611 84 22 talaren
750 611 106 22 anmärka

106 648 32 20 att
157 645 234 29 hypoteksföreningen
413 647 129 22 beräknade
562 647 25 21 så
607 646 59 27 höga
680 648 80 25 räntor,
777 647 32 20 att
824 645 31 22 in-

106 687 42 20 gen
168 680 74 21 kunde
261 680 59 21 finna
338 680 34 21 sin
387 680 70 23 fördel
473 681 24 21 af
510 683 31 19 att
556 680 34 21 för
604 679 170 28 ifrågavarande
789 679 66 23 ända-

106 715 44 21 mål
166 715 94 21 derifrån
276 716 97 26 upptaga
388 715 44 21 lån.

174 750 146 27 Domprosten
335 749 66 27 Borg
416 749 50 22 ville
483 751 57 19 emot
550 749 204 28 kontraktsprosten
765 749 90 23 Helléns

106 783 120 29 påstående
242 785 32 19 att
288 782 127 23 ändamålet
430 784 33 21 för
479 784 60 22 detta
550 784 78 27 anslag
638 790 52 15 vore
701 784 105 28 obekant,
818 791 36 15 an-

106 818 86 28 märka,
214 820 31 19 att
265 824 34 15 om
320 818 67 21 också
405 818 50 21 icke
471 818 106 22 utskottet
592 818 60 22 velat
666 818 86 21 belasta
768 818 37 22 sitt
820 819 36 21 be-

107 852 111 22 tänkande
238 852 50 22 med
308 852 167 30 uppräknandet
496 852 26 22 af
540 852 91 22 100:tals
652 852 110 22 särskilda
780 860 74 21 namn,

107 886 37 22 det
164 886 57 21 dock
240 886 81 28 tydligt
340 894 43 20 nog
403 887 39 21 der
454 886 64 22 fanns
533 887 104 27 uttaladt,
655 888 32 20 att
702 887 61 21 detta
779 888 78 27 anslag

107 920 71 22 skulle
198 920 114 22 användas
332 921 33 21 till
385 928 26 14 en
427 921 61 27 fond,
504 921 110 21 hvarifrån
630 920 36 28 de,
684 928 60 19 ,som
760 921 6 21 i
782 922 75 21 landet

106 955 41 21 och
162 954 155 22 företrädesvis
331 955 7 21 i
354 955 27 21 de
396 955 101 27 nordliga
512 955 65 22 länen
593 955 53 27 vilja
660 954 100 28 företaga
771 956 86 27 nyttiga

106 996 67 15 moss-
190 989 40 21 och
245 989 158 28 kärrodlingar,
420 991 56 19 samt
491 989 33 22 för
540 989 63 22 deras
614 989 152 28 uttorkningar
776 990 81 28 nödiga

106 1024 159 28 sjöfällningar,
282 1024 70 22 skulle
369 1024 82 22 erhålla
466 1023 57 23 lån.”

175 1058 159 28 Kyrkoherden
360 1058 113 22 Castrén
499 1059 71 27 ansåg
592 1058 34 28 sig
648 1057 53 23 böra
724 1060 57 20 emot
804 1058 52 22 kon-

107 1093 160 28 traktsprosten
287 1094 89 26 Hellén,
396 1100 46 15 som
462 1094 68 21 redan
546 1096 81 19 tvänne
643 1094 82 27 gånger
738 1093 119 22 framhållit

107 1127 28 22 de
158 1127 144 29 nådesmulor,
326 1135 46 14 som
396 1127 70 22 blifvit
489 1128 82 21 norden
592 1127 25 22 af
635 1127 37 22 det
692 1127 70 28 öfriga
782 1127 75 22 landet

107 1161 70 28 gifna,
204 1162 40 22 och
270 1169 46 15 som
339 1162 63 21 äfven
425 1163 50 21 med
498 1161 138 23 tacksamhet
660 1162 135 28 emottagits,
820 1169 36 14 an-

107 1196 86 27 märka,
218 1199 32 19 att
272 1197 29 21 då
324 1196 79 22 sådant
424 1197 57 21 varit
503 1197 71 27 fallet,
598 1203 50 14 man
662 1196 19 27 ej
698 1196 68 22 borde
782 1196 74 21 kunna

108 1237 53 15 anse
180 1230 38 23 det
238 1231 85 27 obilligt
340 1237 34 15 om
395 1237 50 16 man
461 1231 99 22 önskade
580 1232 32 19 att
628 1231 82 21 norden
725 1231 7 20 i
748 1230 109 22 materielt

107 1265 126 22 hänseende
254 1266 24 21 så
298 1265 71 22 skulle
389 1265 140 28 upphjelpas,
551 1267 31 19 att
602 1271 51 15 man
674 1264 114 22 derstädes
807 1264 49 22 icke

108 1298 40 22 allt
162 1298 108 29 framgent
285 1298 93 23 behöfde
393 1299 59 22 lefva
466 1299 25 22 af
503 1299 81 22 andras
600 1299 120 22 nådebröd.

176 1334 92 21 Prosten
288 1333 94 22 Heikel
404 1333 86 28 vågade
513 1335 42 27 tro,
580 1335 32 20 att
635 1340 34 15 om
692 1340 50 15 man
763 1335 43 20 rätt
826 1332 31 23 äl-

109 1367 69 23 skade
199 1367 37 23 sitt
254 1367 131 30 fosterland,
405 1375 50 14 man
477 1367 18 29 ej
517 1369 25 21 så
562 1374 58 21 noga
634 1367 134 28 öfvervägde
781 1367 77 22 hvilka

108 1402 40 23 och
167 1403 54 22 huru
238 1403 81 28 många
337 1402 94 23 fördelar
451 1402 36 23 det
505 1409 42 16 ena
562 1402 60 22 länet
637 1402 41 21 fått
692 1402 62 28 njuta
769 1401 89 23 framför

109 1435 37 24 det
161 1437 77 29 andra,
255 1439 51 20 utan
322 1439 32 20 att
369 1443 50 16 man
435 1437 28 22 då
479 1437 55 22 blott
544 1437 63 28 afsåg
618 1437 36 22 det
665 1437 111 21 allmänna
786 1436 70 23 bästa.
