1020 1809
762 128 41 22 209

82 192 66 22 målet
167 194 56 20 samt
242 191 86 23 således
343 192 7 21 i
366 192 60 22 detta
447 192 103 23 afseende
566 195 24 20 är
605 194 91 21 mildare
712 196 27 20 än
755 194 74 22 betän-

81 227 90 22 kandet.

149 261 159 29 Kyrkoherden
328 262 155 27 Rosengren
503 262 56 22 hade
581 265 73 19 ämnat
675 266 53 24 göra
747 270 83 15 samma

83 296 144 27 anmärkning
242 302 46 16 som
303 296 139 28 domprosten
458 297 101 29 Renvall,
575 304 49 15 men
638 297 61 29 ville,
712 298 28 22 då
750 298 79 28 kyrko-

82 330 82 22 herden
187 330 93 22 sålunda
300 330 71 23 blifvit
394 331 158 29 förekommen,
576 332 78 22 endast
676 332 102 28 tillägga,
797 335 32 19 att

83 372 78 21 genom
184 365 152 22 förkastandet
358 366 25 21 af
402 366 12 21 5
438 367 13 26 8
474 366 7 22 i
503 366 149 23 betänkandet
675 366 42 22 den
739 368 92 22 rättvisa

84 400 122 22 relationen
222 400 92 22 emellan
331 400 71 22 denna
418 401 40 21 och
474 401 27 22 de
517 401 69 28 öfriga
600 402 28 26 $$
644 401 71 22 blifvit
726 402 104 28 förstörd,

84 435 25 21 så
125 436 31 20 att
168 434 84 28 jemväl
268 435 27 22 de
309 442 77 15 senare
401 436 67 22 borde
483 436 98 28 undergå
596 436 133 28 förändring.

151 470 145 28 Domprosten
315 471 71 27 Borg
407 471 113 22 anmärkte
539 471 97 21 häremot
652 473 41 26 att,
710 472 28 21 då
749 472 84 28 jemväl

85 504 44 22 alla
145 504 27 22 de
188 504 70 28 öfriga
273 506 28 26 $$
316 505 7 21 i
339 505 151 22 betänkandet
505 512 51 16 voro
570 505 102 23 hemtade
682 513 25 15 ur
718 506 42 22 den
771 514 61 14 sven-

85 539 42 22 ska
141 539 176 29 lagstiftningen,
334 539 38 22 det
385 546 52 16 vore
451 540 25 22 så
486 540 88 28 mycket
584 547 60 15 mera
654 541 49 21 skäl
714 543 32 19 att
756 541 78 28 bringa

85 574 64 22 äfven
168 574 72 22 denna
259 575 13 26 8
288 574 7 22 i
310 574 226 23 öfverensstämmelse
557 575 50 22 med
627 575 93 22 nämnde
740 575 93 29 lagstift-

87 609 59 27 ning.
175 608 175 23 Vidkommande
372 610 48 21 åter
438 609 139 29 domprosten
595 610 104 22 Renvalls
720 610 54 22 sista
791 612 42 26 ytt-

85 643 79 29 rande,
188 644 25 21 så
235 643 51 23 ville
306 643 140 29 domprosten
469 644 78 22 endast
566 644 106 22 anmärka
693 647 32 19 att
739 644 94 22 nämnde

86 678 69 22 talare
171 678 19 28 ej
208 685 59 15 mera
281 685 77 21 genom
374 679 195 27 argumenterande
580 679 73 22 kunde
663 678 103 23 förändra
776 679 58 22 stån-

87 712 48 22 dets
152 713 86 27 engång
253 712 83 22 fattade
352 713 71 21 beslut
439 715 31 20 att
486 714 81 28 skärpa
581 713 254 29 straffbestämningarne

87 747 7 21 i
110 747 161 22 betänkandets
288 748 42 21 5:te
346 748 22 28 $,
384 748 90 21 hvilken
488 748 102 22 lemnade
605 748 52 22 flere
672 748 164 28 bestämningar

88 788 66 22 vaga,
170 788 46 16 som
232 782 7 21 i
255 782 42 21 den
312 782 96 22 svenska
423 782 165 28 lagstiftningen
604 789 51 15 voro
676 782 101 29 afsedda,
796 782 40 22 och

86 816 90 22 hvilken
192 816 86 22 således
294 816 73 22 kunde
383 816 39 22 hos
438 816 103 22 domaren
553 816 114 23 förorsaka
678 816 158 29 tvehågsenhet

88 851 37 22 vid
141 851 171 28 tillämpningen.

156 887 145 28 Domprosten
316 886 118 22 Renvall
448 886 99 29 yttrade:
562 886 111 22 Domaren
686 886 45 22 kan
745 886 40 23 och
800 887 38 22 bör

89 921 99 29 tillämpa
206 921 253 28 straffbestämningarne
477 922 8 21 i
504 921 58 22 båda
580 922 28 27 $$
623 928 34 15 om
672 922 55 22 blott
742 922 95 27 gvinnan

90 956 76 28 begått
184 956 109 22 hvardera
312 956 92 22 brotten.
434 956 64 22 Hvad
518 956 47 22 åter
580 956 103 22 beträffar
698 956 138 29 domprosten

90 991 69 27 Borgs
175 991 153 27 anmärkning,
345 992 32 20 att
388 990 42 28 jag
445 990 52 22 ville
511 990 111 29 upphäfva
637 990 98 22 ståndets
751 992 88 26 engång

89 1025 84 22 fattade
189 1025 80 29 beslut,
286 1025 25 21 så
326 1027 24 19 är
366 1024 37 22 det
419 1024 18 28 ej
453 1024 71 29 fallet,
539 1026 52 20 utan
602 1025 99 21 önskade
708 1025 42 28 jag
761 1025 78 22 endast

90 1060 59 22 fästa
168 1060 221 28 uppmärksamheten
410 1059 87 29 dervid,
517 1061 33 20 att
570 1066 25 15 ur
615 1059 42 22 den
679 1060 96 22 svenska
793 1060 46 27 lag-

92 1094 127 28 stiftningen
241 1094 18 29 ej
280 1094 73 22 kunde
372 1094 85 22 hemtas
477 1094 50 22 stöd
545 1094 33 22 för
593 1094 43 22 den
652 1094 57 28 åsigt
724 1096 32 20 att
770 1094 69 22 straff-

91 1129 192 28 bestämningarne
298 1128 67 23 borde
381 1129 98 28 skärpas.

160 1164 91 22 Prosten
266 1164 121 28 Alopeus
401 1163 57 22 hade
473 1164 78 28 begärt
565 1163 62 23 ordet
637 1163 33 23 för
680 1166 32 19 att
723 1163 116 29 anmärka,

93 1200 32 20 att
140 1198 138 28 domprosten
292 1198 92 22 Renvall
398 1198 109 22 äterförde
521 1198 154 22 diskussionen
688 1198 33 22 till
735 1206 27 14 en
772 1198 68 22 redan

93 1232 88 29 afgjord
198 1233 50 27 sak,
265 1240 49 15 men
329 1232 29 22 då
373 1232 139 29 domprosten
527 1239 89 16 numera
630 1232 106 22 förklarat
751 1235 32 19 att
797 1232 44 22 han

93 1268 20 27 ej
130 1267 98 22 önskade
244 1267 99 29 upprifva
359 1268 99 21 ståndets
471 1268 83 28 beslut,
568 1267 57 22 hade
636 1269 88 27 prosten
735 1267 18 28 ej
765 1267 76 22 vidare

95 1302 67 27 något
182 1303 32 20 att
233 1302 73 21 derom
327 1302 60 21 orda.
418 1302 64 22 Dock
502 1308 45 16 som
567 1301 39 22 här
620 1308 28 15 nu
664 1308 51 15 vore
730 1301 63 27 fråga
808 1308 34 15 om

96 1336 120 28 skärpning
236 1336 25 22 af
279 1336 256 28 straffbestämningarne
555 1336 6 21 i
582 1337 13 26 $
616 1336 24 28 5,
659 1336 51 21 ville
728 1337 89 27 prosten
835 1335 8 21 i

97 1371 61 21 detta
179 1370 103 22 afseende
303 1370 122 22 framställa
445 1370 38 22 det
502 1370 92 28 förslag,
616 1372 32 20 att
666 1370 92 22 böterna
773 1370 71 22 skulle

96 1405 106 22 uteslutas
219 1405 40 22 och
274 1405 78 22 endast
367 1404 185 28 fängelsestraffet
566 1404 129 22 bibehållas.

166 1440 90 20 Prosten
271 1440 26 20 H.
313 1439 97 21 Heikel
424 1439 98 27 yttrade,
538 1440 32 20 att
584 1445 51 14 man
650 1438 58 21 hade
722 1437 38 22 vid
765 1438 79 26 jemfö-

120 1474 55 22 Högv.
189 1475 133 17 Prestaständets
335 1474 65 18 Protok.
420 1474 35 17 III.
758 1475 20 14 14
