1017 1828
208 138 40 22 286

180 203 54 21 nen?
255 203 34 21 De
311 211 44 14 som
377 203 132 21 härutinnan
530 201 116 30 godkänna
668 202 110 22 utskottets
800 201 132 23 betänkande

180 245 66 13 svara
262 238 39 27 ja,
325 237 25 21 de
371 244 44 14 som
436 237 116 28 godkänna
574 237 40 21 den
640 237 113 29 kejserliga
772 237 159 28 propositionen

181 279 65 14 svara
257 272 41 27 nej.

247 305 137 22 Besvarades
401 305 49 21 med
467 306 26 20 10
509 306 35 28 nej
561 307 58 20 emot
635 306 12 20 8
659 306 34 27 ja,
710 305 88 22 hvadan
814 305 88 22 således
918 307 12 26 8

181 341 25 20 12
222 340 7 21 i
244 340 42 21 den
302 339 120 28 kejserliga
437 339 163 28 propositionen
616 341 77 26 antogs
710 339 138 22 oförändrad.

249 375 13 25 8
280 374 25 20 13
321 375 77 25 antogs
415 373 115 27 enhälligt,
547 374 28 27 på
591 373 123 21 framställd
729 373 144 29 proposition,
897 380 35 15 en-

181 408 40 28 ligt
236 408 118 22 utskottets
370 407 148 22 betänkande.

250 443 37 26 14,
312 442 37 27 15,
374 443 36 26 16,
428 441 39 22 och
484 443 25 20 17
530 443 27 26 $$
582 443 92 26 antogos
692 442 106 28 enhälligt
812 442 72 22 såsom
900 444 32 20 ut-

181 477 81 22 skottet
278 476 115 28 tillstyrkt,
410 476 69 27 enligt
495 476 41 22 den
552 476 120 28 kejserliga
687 477 169 27 propositionen.

249 511 32 22 På
303 511 135 21 framställde
461 511 159 28 propositioner
640 511 130 27 godkändes
786 512 76 21 vidare
879 512 25 21 18
921 513 12 25 &

182 546 106 27 enhälligt
304 546 68 27 enligt
385 545 118 22 utskottets
518 546 152 28 betänkande;
687 547 26 20 19
729 547 23 28 8,
768 546 112 22 hvaremot
896 553 37 15 an-

182 580 116 27 märkning
312 580 25 21 af
349 580 106 21 utskottet
469 580 49 22 icke
534 581 80 28 gjorts,
631 581 106 27 enhälligt
753 581 67 27 enligt
837 581 41 21 den
888 581 46 27 kej-

182 615 81 27 serliga
278 615 172 28 propositionen;
466 616 28 21 20
510 615 39 21 och
567 616 26 20 21
610 616 38 27 $$,
664 615 88 22 hvilkas
768 615 125 28 antagande
901 618 33 19 ut-

183 649 82 22 skottet
288 648 108 22 likaledes
419 649 115 28 tillstyrkt,
559 649 49 22 med
624 649 112 22 obestridd
751 650 112 27 pluralitet
878 652 56 19 samt

182 685 26 20 22
224 684 13 26 &
254 684 68 27 enligt
337 683 117 22 utskottets
471 684 133 27 tillstyrkan,
622 683 113 28 enhälligt.

250 718 120 27 Angående
387 719 26 20 23
425 719 13 25 &
449 719 93 27 uppkom
560 718 132 28 diskussion,
712 718 77 22 dervid
803 719 34 27 sig
846 718 88 29 yttrade

250 752 211 28 Kontraktsprosten
477 752 79 22 doktor
570 736 156 56 Europmus,
742 760 45 15 som
803 753 7 21 i
826 753 44 22 allo
879 753 55 23 före-

183 787 57 22 nade
259 787 34 27 sig
309 786 49 22 med
372 787 178 27 possessionaten
571 780 89 34 Östring
674 787 8 21 i
696 788 57 21 hans
769 790 57 20 emot
841 788 93 22 bestäm-

183 822 106 28 ningarne
312 828 35 15 om
370 821 140 23 orlofssedels
532 821 97 22 innehäll
645 822 83 27 afgifna
744 823 133 22 reservation
894 823 40 22 och

183 856 91 29 yrkade,
291 858 32 20 att
338 856 70 28 tredje
424 858 117 20 momentet
556 856 47 22 frän
618 858 27 20 23
661 858 13 25 &
690 856 67 22 borde
773 857 58 27 utgä.

251 890 209 28 Kontraktsprosten
484 891 79 21 doktor
588 891 125 21 Granfelt
735 892 107 28 upplyste,
859 894 32 19 att
906 892 29 28 pä

184 925 59 23 vissa
252 928 57 19 orter
317 925 76 22 införts
404 924 33 22 för
451 925 140 22 orlofssedlar
602 926 88 27 tryckta
699 926 131 25 blanketter,
842 926 6 21 i
860 926 76 22 hvilka

183 960 79 22 funnos
277 962 113 26 upptagna
400 959 151 28 hvarjehanda
562 959 193 27 omständigheter,
767 959 75 22 hvilka
853 960 25 22 af
886 960 48 22 hus-

183 995 72 22 bonde
271 994 72 22 kunde
359 994 115 22 vitsordas.
504 993 158 23 Erfarenheten
676 994 58 22 hade
749 994 67 28 visat,
833 997 32 19 att
881 995 54 28 tjen-

184 1029 115 29 stehjonen
320 1029 88 21 fästade
427 1029 111 27 synnerlig
553 1028 45 28 vigt
614 1028 36 22 vid
667 1028 66 22 dessa
748 1029 82 22 vitsord
847 1029 40 22 och
903 1032 32 20 att

184 1064 78 22 bruket
280 1064 25 21 af
318 1063 82 22 sådana
416 1063 141 22 orlofssedlar
572 1063 85 22 utöfvat
672 1066 32 18 ett
718 1063 52 28 godt
786 1063 120 29 inflytande
922 1065 14 21 &

184 1099 26 22 de
226 1097 116 29 tjenandes
358 1097 141 29 uppförande.
529 1098 99 21 Doktorn
643 1097 85 28 yrkade
751 1097 135 23 fördenskull
903 1101 32 19 att

184 1132 58 23 slika
257 1133 67 27 betyg
339 1132 66 21 mätte
421 1132 98 22 utfärdas
535 1133 7 20 i
556 1132 44 22 viss
616 1131 145 23 föreskrifven
776 1132 61 22 form.

252 1166 158 29 Kyrkoherden
429 1167 155 27 Rosengren
600 1166 100 22 biträdde
717 1166 79 21 doktor
810 1166 124 29 Europeus'

183 1201 100 29 yrkande
299 1201 83 27 derom,
398 1202 32 20 att
446 1200 69 28 tredje
526 1203 118 19 momentet
654 1201 25 20 af
689 1200 144 23 förevarande
844 1202 13 25 &
868 1201 67 22 borde

183 1235 63 28 utgå,
270 1235 92 21 emedan
384 1233 76 28 hvarje
482 1234 114 22 husbonde
618 1235 70 21 måste
711 1237 52 25 taga
784 1235 33 27 sig
832 1235 33 21 till
881 1241 53 16 vara

184 1273 32 18 att
239 1269 7 21 i
269 1268 143 23 orlofssedeln
434 1269 110 22 anteckna
559 1271 31 18 ett
605 1268 144 22 förklenande
764 1268 92 27 vitsord,
873 1269 62 22 hvar-

184 1304 46 22 före
253 1303 53 28 han,
330 1310 35 14 om
380 1303 122 28 sanningen
516 1303 65 22 deraf
593 1303 49 22 icke
663 1302 73 23 kunde
753 1303 97 28 styrkas,
866 1303 69 28 enligt

185 1338 65 28 lagen
266 1338 33 21 för
314 1337 190 28 ärekränkningar
518 1337 114 28 nödgades
648 1338 35 21 stå
698 1337 33 22 till
747 1343 85 16 ansvar.

251 1372 32 21 På
306 1371 24 21 af
349 1372 50 20 herr
421 1372 139 21 talemannen
583 1371 123 22 framställd
728 1372 133 27 proposition
882 1371 52 28 god-

185 1406 86 22 kändes
286 1406 54 21 härå
354 1406 26 21 23
392 1406 22 28 $,
426 1405 50 22 med
487 1405 111 23 obestridd
609 1406 121 28 pluralitet,
747 1405 68 29 enligt
831 1405 41 22 den
889 1406 46 29 kej-

185 1441 80 28 serliga
281 1440 169 29 propositionen,
