1028 1800
220 143 27 23 14

191 210 119 28 begreppet
329 208 25 22 af
371 202 250 36 samhällsmedborgare.
651 208 155 30 Principenligt
823 209 40 23 och
877 210 8 22 i
899 209 36 23 fri-

191 244 76 21 hetens
290 244 107 21 okränkta
418 244 92 22 intresse
532 244 140 22 tillerkänner
692 244 244 22 utskottsbetänkandet

191 278 74 28 hvarje
281 278 41 22 den
338 278 96 28 ringaste
449 279 121 28 inbyggare
584 278 7 21 i
607 279 74 21 landet
696 281 42 19 rätt
754 279 32 21 till
798 279 137 28 sjelfförsvar,

192 320 33 14 om
235 313 44 21 han
295 313 54 21 blott
364 312 106 29 uppfyller
486 313 65 22 dessa
566 313 114 27 oafvisliga
691 314 70 21 vilkor
771 313 33 22 för
814 314 121 21 erkännan-

192 348 35 22 det
250 348 25 20 af
291 347 165 22 underkastelse
472 347 67 23 under
554 347 230 29 samhällsordningen,
800 348 65 28 yrkar
881 348 54 22 såle-

192 383 37 21 des
245 382 98 28 allsicke,
360 384 31 20 att
406 382 70 28 någon
492 382 57 22 skall
565 382 67 22 anlita
648 389 83 15 annans
746 383 90 22 försvar.

258 417 43 21 För
324 417 37 21 det
383 417 67 21 andra
471 417 60 22 torde
554 417 95 22 deremot
670 424 26 15 en
712 424 72 15 annan
800 418 136 28 principerna

191 451 91 23 rörande
299 451 160 28 omständighet
472 452 114 22 föranleda
602 459 26 14 en
643 452 150 28 anmärkning.
822 453 8 21 I
843 453 92 22 bestäm-

191 487 106 28 ningarne
313 494 33 14 om
361 487 115 28 uppsigten
492 487 60 22 öfver
566 487 41 22 den
618 487 114 22 såkallade
742 487 143 23 försvarslösa
896 488 40 21 för-

191 521 80 29 pligtas
294 521 154 22 kommunerna
471 524 38 26 att,
532 522 32 21 till
585 521 177 22 förekommande
783 522 25 21 af
823 523 114 27 sysslolöst

192 555 184 28 kringdrifvande,
400 555 76 22 anvisa
495 556 26 21 de
536 556 143 21 försvarslösa
692 556 100 28 lämpligt
807 557 73 21 arbete
897 557 40 21 och

192 590 92 22 sålunda
299 589 80 23 bereda
395 590 48 22 dem
457 593 66 25 utväg
533 591 32 21 till
576 590 137 28 försörjning.
735 591 68 21 Detta
813 591 124 31 åliggande,

192 625 85 22 befarar
289 625 50 27 jag,
359 624 57 22 skall
432 625 18 28 ej
466 625 31 21 bli
512 626 36 21 det
562 626 88 20 lättaste
666 628 32 18 att
713 625 103 29 uppfylla,
833 629 52 19 enär
901 626 36 22 det

192 660 117 21 innefattar
327 659 113 28 lösningen
458 659 24 21 af
495 662 30 19 ett
540 660 101 28 problem,
657 666 46 15 som
719 662 58 20 ännu
792 660 65 28 ingen
873 662 64 20 stats-

194 694 98 22 ekonomi
307 694 84 22 härtills
407 694 84 22 mäktat
501 694 55 28 med,
570 694 107 28 nemligen
689 696 31 20 att
731 695 81 21 bereda
822 695 114 22 arbetsför-

192 730 67 28 tjenst
274 730 23 21 åt
312 729 44 21 alla
371 729 126 22 arbetslösa.
528 729 49 22 Står
592 729 60 22 detta
662 729 7 21 i
680 730 27 21 de
721 729 71 22 finska
803 729 134 23 kommuner-

192 770 40 16 nas
247 764 103 28 förmåga,
367 764 24 22 så
406 764 69 22 måste
485 763 104 28 förslaget
599 760 33 25 till
642 764 72 21 denna
724 764 138 28 bestämning
873 772 64 15 anses

192 798 169 28 oöfverträffligt.
390 798 50 22 Men
460 805 45 15 som
526 798 95 28 besagda
640 798 117 28 åliggande
777 799 56 22 dock
851 802 24 19 är
895 800 42 21 till-

192 834 93 27 räckligt
300 833 132 27 begränsadt
448 840 76 20 genom
540 834 84 27 tillägg,
642 833 83 23 sådana
740 840 46 16 som
804 834 83 27 ,såvidt
898 834 39 22 ske

193 869 56 21 kan"
271 868 23 28 (S
309 867 22 29 5)
351 868 40 20 och
407 868 6 20 i
430 870 30 19 ett
478 871 67 18 annat
560 868 38 21 fall
614 863 15 37 ,,
627 868 129 22 åtminstone
771 869 68 21 under
854 869 27 21 de
895 869 42 21 för-

193 906 35 19 sta
241 902 80 28 fjorton
337 902 107 28 dagarne*
463 902 22 29 ($
500 903 44 29 40),
560 904 25 21 sä
600 903 60 21 torde
676 903 127 28 äliggandet
817 904 49 21 icke
884 904 54 22 böra

192 937 87 23 befaras
293 937 67 22 blifva
375 937 72 22 alltför
462 938 126 28 tryckande.
618 938 78 21 Likväl
712 945 65 21 synes
794 938 35 22 det
844 938 50 28 mig,
906 940 31 20 ut-

194 972 71 29 tryckt
281 972 72 22 såsom
369 979 26 14 en
411 972 24 21 så
450 972 113 22 obestämd
577 972 61 29 pligt,
654 972 39 22 och
709 973 19 27 ej
745 972 68 22 heller
828 973 71 22 såsom
911 980 27 15 en

194 1008 141 21 kommunens
356 1006 108 29 rättighet,
488 1008 13 20 å
516 1014 41 15 ena
573 1007 61 23 sidan
650 1008 28 28 på
694 1008 86 27 engång
794 1007 72 22 alltför
881 1015 57 21 myc-

193 1042 38 22 ket
253 1042 39 21 och
313 1041 71 22 alltför
403 1042 47 21 litet
466 1042 103 28 sägande,
585 1042 39 21 och
640 1042 13 21 å
669 1041 41 22 den
726 1042 68 22 andra
809 1042 73 22 kunna
897 1042 41 22 för-

194 1076 79 22 anleda
295 1076 92 28 mycken
410 1076 120 28 olägenhet,
551 1077 6 21 i
577 1077 36 21 det
633 1076 41 22 den
690 1077 22 21 åt
728 1077 129 27 oduglingar
871 1077 68 21 bland

194 1111 27 21 de
236 1111 142 22 försvarslösa
394 1110 100 28 erbjuder
509 1110 68 29 dryga
594 1112 94 27 anspråk
698 1112 29 27 på
738 1111 126 22 erhållande
874 1112 25 20 af
906 1119 32 14 ar-

193 1145 149 28 betsförtjenst
362 1145 40 21 och
421 1146 95 21 utkomst
534 1146 39 21 och
591 1146 143 22 trakasserier
748 1153 34 14 om
798 1146 140 28 möjligheten

193 1180 106 21 huruvida
317 1179 152 22 anskaffandet
488 1180 39 21 och
543 1180 142 28 erbjudandet
700 1180 65 21 häraf
779 1180 46 28 ,sig
840 1181 53 27 göra
908 1181 30 21 lå-

194 1215 38 20 tit*
249 1214 52 21 eller
317 1215 53 26 ,ske
386 1214 103 21 kunnat."

260 1249 91 21 Prosten
366 1248 19 22 J.
401 1249 23 21 F.
440 1249 100 27 Bergh:
563 1249 72 22 Sedan
655 1248 161 23 kristendomen
835 1256 29 15 nu
879 1249 59 22 kom-

194 1283 38 21 mit
253 1282 33 22 till
308 1283 49 28 tals,
379 1283 91 21 utbeder
486 1283 42 28 jag
547 1284 44 27 mig
611 1285 31 20 att
660 1283 22 22 få
697 1283 57 22 fästa
769 1283 58 22 mina
842 1284 97 21 vördade

194 1317 166 22 ståndsbröders
374 1318 191 27 uppmärksamhet
579 1318 37 22 vid
632 1325 25 14 en
674 1318 48 21 sida
737 1318 25 21 af
774 1319 132 20 densamma.

261 1351 36 22 Uti
318 1351 61 22 såväl
399 1351 117 28 kejserliga
534 1352 160 28 propositionen
710 1358 46 15 som
770 1352 117 22 utskottets
903 1352 36 22 be-

193 1385 111 22 tänkande
319 1388 56 19 samt
390 1385 26 21 de
432 1385 120 28 åtföljande
567 1386 185 21 reservationerna
764 1386 78 22 saknar
852 1386 39 28 jag
901 1388 37 20 nå-

194 1422 37 25 got
251 1418 131 30 stadgande,
403 1427 44 14 som
468 1420 69 22 skulle
557 1420 46 22 afse
619 1421 27 21 de
662 1421 32 21 till
709 1420 69 22 andra
793 1422 57 20 orter
864 1420 74 23 hänvi-

194 1454 53 23 sade
267 1453 40 23 och
326 1454 32 22 till
374 1454 90 22 allmänt
479 1454 73 22 arbete
568 1454 127 29 förpassade
710 1455 143 23 försvarslösa
866 1461 72 23 perso-
