1017 1773
777 121 40 20 199

92 184 62 24 mord
176 184 40 23 och
240 184 63 31 dråp,
327 186 25 22 så
375 186 38 21 har
437 184 36 23 det
496 185 41 22 ock
560 185 77 22 verkat
656 193 26 15 en
699 186 146 22 öfverdrifven

92 221 103 27 mildring
210 221 7 21 i
233 221 28 21 de
281 220 70 28 öfriga
374 220 256 28 straffbestämningarna
649 221 50 20 hela
716 221 128 27 propositio-

93 262 41 14 nen
154 255 40 21 och
210 255 151 21 betänkandet
375 255 98 27 igenom;
489 255 40 21 och
545 254 84 22 fordras
645 255 87 21 således
748 262 27 14 en
791 255 53 21 total

93 289 152 27 omarbetning
261 289 25 21 af
298 288 50 21 hela
364 289 110 26 förslaget.

161 323 210 28 Kontraktsprosten
393 323 79 21 Sirén
494 323 96 28 yttrade:
613 323 44 27 Jag
679 323 44 21 kan
740 323 19 28 ej
778 325 66 19 annat

92 360 30 19 än
134 357 6 21 i
152 357 44 22 allo
207 359 100 25 motsäga
319 357 59 21 hvad
390 357 42 21 den
443 357 133 28 föregående
588 357 67 22 värde
666 358 85 21 talaren
765 357 79 21 andra-

93 391 33 28 git
146 390 136 23 beträffande
305 391 79 28 sjelfva
402 391 119 22 motiverna
539 391 34 22 till
592 391 42 22 den
650 392 82 27 nådiga
748 392 96 27 proposi-

94 426 74 22 tionen
184 426 41 22 och
240 426 118 22 utskottets
374 426 149 28 betänkande,
541 429 23 26 ty
580 426 65 21 dessa
660 426 91 22 motiver
767 428 37 19 äro
820 427 25 20 så

93 461 59 22 klart
164 461 129 22 framhållne
308 461 7 21 i
331 461 41 21 den
388 461 120 28 kejserliga
523 461 172 28 propositionen,
712 463 32 20 att
756 461 42 28 jag
812 461 33 22 för

94 496 43 21 min
162 496 35 21 del
220 495 18 28 ej
263 496 44 21 kan
329 495 68 22 tveka
420 502 35 15 om
477 495 177 28 rättmätigheten
674 495 25 22 af
711 503 26 14 en
753 496 92 21 mildare

94 531 138 27 lagstiftning
254 530 69 22 också
345 531 8 20 i
373 530 144 22 förevarande
533 530 112 22 afseende.
675 531 43 21 Det
732 534 24 18 är
772 533 74 26 tyvärr

95 568 65 19 sannt
175 568 32 19 att
222 565 140 28 menniskan,
379 565 72 22 såsom
466 565 42 22 den
523 565 133 28 föregående
671 566 84 21 talaren
766 567 78 27 yttrat,

94 601 7 20 i
118 600 58 22 vissa
192 600 38 21 fall
246 600 82 22 sänker
343 600 34 27 sig
392 600 69 21 under
475 600 27 21 de
518 600 94 28 osjäliga
627 600 86 27 djuren;
729 607 49 14 men
793 602 51 19 utan

94 637 32 19 att
141 634 109 22 filosofera
266 635 69 21 måste
351 641 50 14 man
417 633 87 29 medge,
521 636 32 19 att
568 634 57 22 brott
641 634 24 21 af
677 634 169 28 ifrågavarande

94 669 152 22 beskaffenhet
269 669 45 22 ofta
337 669 74 27 begås.
442 668 63 22 Hvad
525 669 42 21 den
583 668 125 28 föreslagna
723 669 122 21 författnin-

94 711 44 20 gen
153 704 77 27 angår,
247 703 111 21 förefaller
373 703 44 26 mig
433 702 42 22 den
491 703 120 28 kejserliga
626 703 171 28 propositionen,
810 703 34 22 be-

94 738 90 22 traktad
207 739 73 20 såsom
303 744 26 15 en
352 737 129 28 öfvergång,
505 737 73 22 alltför
600 737 62 29 mild,
686 737 101 22 hvarföre
803 738 43 27 jag

94 773 65 22 äfven
182 773 51 21 ville
256 772 117 27 föredraga
393 772 118 22 utskottets
533 772 151 28 betänkande,
708 772 68 22 likväl
795 771 50 23 med

94 808 70 27 några
186 806 182 23 modifikationer.
399 806 42 21 Vid
464 806 71 22 denna
558 806 108 28 landtdag
684 806 65 22 hafva
760 806 84 28 jemväl

94 842 34 22 för
143 842 69 21 andra
227 842 58 21 brott
301 841 27 21 de
344 841 73 27 gamla
433 840 255 28 straffbestämningarne
703 841 84 28 utbytts
803 843 44 19 mot

94 876 101 28 mildare;
218 876 37 21 det
277 882 52 15 vore
352 875 87 22 således
454 876 169 27 inkonsegvent,
641 882 33 15 om
691 876 18 28 ej
727 875 119 22 ständerna

94 911 66 22 äfven
178 911 49 21 med
246 910 105 22 afseende
371 911 12 20 å
400 910 57 21 brott
472 910 25 21 af
509 910 169 27 ifrågavarande
693 910 153 22 beskaffenhet

94 945 90 29 hyllade
206 952 85 15 samma
312 945 91 27 princip.
434 945 43 27 Jag
494 945 92 21 föreslår
600 944 85 22 derföre
701 947 32 18 att
748 945 98 28 ståndet,

94 983 54 19 utan
168 979 105 22 afseende
293 979 14 21 å
321 979 59 20 hvad
398 981 87 25 prosten
506 979 72 27 Bergh
592 981 77 26 yttrat,
685 981 79 25 genast
779 979 68 22 måtte

94 1013 76 23 skrida
192 1013 32 22 till
247 1013 136 28 granskning
405 1012 25 22 af
449 1012 150 22 betänkandet
621 1014 14 25 S
653 1013 33 21 för
701 1014 12 26 $
729 1013 41 22 och
786 1013 61 22 detta

94 1049 26 22 så
142 1047 88 30 mycket
252 1047 77 25 hellre,
354 1054 46 14 som
423 1046 42 23 den
488 1047 82 28 nådiga
592 1047 164 28 propositionen
774 1047 72 22 blifvit

95 1083 87 22 uttänkt
194 1082 24 22 af
227 1082 114 22 teoretiskt
353 1081 40 22 och
405 1081 110 28 praktiskt
531 1081 90 22 bildade
638 1084 50 19 män
703 1084 56 19 samt
772 1082 74 22 betän-

94 1117 84 22 kandet
193 1119 64 25 utgör
271 1116 86 22 frukten
373 1117 25 20 af
411 1118 30 19 ett
456 1116 127 27 ytterligare
598 1116 157 27 begrundande
771 1116 25 21 af
804 1116 41 22 den

95 1152 82 27 nådiga
192 1151 169 28 propositionen.
392 1151 38 20 Att
441 1150 33 22 för
487 1151 26 21 de
529 1151 96 27 speciela
642 1150 66 22 fallen
725 1151 121 21 bestämma

94 1193 27 15 en
138 1185 92 22 månads
245 1185 154 22 tukthussiraff
416 1192 44 14 mer
476 1185 53 21 eller
545 1185 93 28 mindre,
654 1185 63 22 beror
733 1185 111 22 dessutom

96 1220 45 22 helt
156 1219 39 22 och
211 1219 69 22 hållet
295 1219 25 22 af
332 1219 37 21 det
385 1219 124 27 subjektiva
524 1219 125 28 godtycket,

165 1253 72 22 Sedan
253 1253 88 22 ständet
356 1253 61 28 härä,
433 1253 29 28 pä
476 1253 25 21 af
509 1253 49 21 herr
570 1253 139 22 talemannen
723 1253 122 22 framställd

95 1287 291 28 omröstningsproposition,
402 1287 49 22 med
464 1286 111 23 obestridd
589 1287 112 28 pluralitet
712 1287 90 22 beslutit
814 1290 32 19 att

94 1324 80 27 genast
196 1322 89 27 öfvergä
308 1321 33 22 till
359 1321 163 28 granskningen
543 1321 24 21 af
580 1321 149 22 betänkandet
745 1323 13 25 $
775 1321 32 22 för
823 1323 23 27 $,

95 1357 97 27 företogs
214 1357 7 20 i
243 1357 79 21 sådant
345 1356 112 27 afseende,
475 1356 40 21 och
531 1356 29 21 dä
575 1356 88 21 ståndet
679 1357 70 26 ansåg
763 1357 83 26 ingres-

96 1398 38 14 sen
162 1391 53 20 böra
242 1391 109 26 granskas
376 1391 53 20 först
453 1391 67 20 sedan
544 1390 166 27 förordningens
735 1391 111 21 särskilda

98 1425 26 27 88
141 1424 71 22 blifvit
228 1426 104 25 antagne,
349 1425 12 25 $
377 1425 18 27 1,
410 1423 75 22 dervid
497 1423 97 28 följande
607 1423 124 24 diskussion
745 1423 101 29 uppstod.
