1025 1770
208 124 40 20 842

180 187 50 22 med
244 187 165 28 prestaståndet
425 187 74 22 erfarit
514 187 172 22 bondeståndets
702 188 69 21 under
785 187 148 28 landtdagens

179 221 85 28 förlopp
290 221 155 28 ådagalaggda
470 221 241 22 fosterlandsälskande
737 223 112 21 tänkesätt
875 224 57 19 samt

180 255 106 22 särskildt
298 255 42 21 den
353 255 112 22 hedrande
479 255 177 29 beredvillighet,
670 255 106 23 hvarmed
791 256 88 22 ståndet
893 263 39 14 un-

180 290 39 21 der
234 290 27 22 de
278 292 75 20 senast
368 289 103 22 förflutna
487 290 97 27 dagarna
600 290 97 27 bidragit
711 291 33 21 till
761 297 26 16 en
797 291 84 28 lycklig
892 290 40 21 och

180 324 150 27 samstämmig
350 323 88 28 lösning
458 323 25 22 af
497 324 87 22 landets
602 324 119 28 vigtigaste
739 325 78 28 frågor,
837 324 95 22 tackade

179 359 161 27 erkebiskopen
351 358 27 21 de
389 358 133 28 deputerade
533 359 33 22 för
577 358 42 21 den
630 359 90 27 vänliga
730 358 201 28 afskedshelsning,

180 400 46 15 som
248 393 33 22 till
304 392 163 28 prestaståndet
490 399 28 15 nu
540 393 72 21 blifvit
635 393 104 22 framförd
763 393 40 22 och
823 393 43 22 bad
883 393 49 21 dem

180 427 74 22 derom
272 434 53 14 vara
344 427 48 21 fullt
410 426 122 22 förvissade
551 429 41 25 att,
611 427 25 21 så
652 428 65 26 länge
733 427 143 27 gudsfruktan
891 427 40 21 och

178 461 213 23 fosterlandskärlek
409 460 75 22 förena
502 461 106 21 Finlands
626 461 54 22 barn
700 462 33 21 till
752 464 32 19 ett
798 462 56 27 folk,
871 462 61 21 detta

179 496 57 22 folks
251 495 114 22 lärostånd
380 494 72 28 aldrig
467 495 72 21 kunde
555 497 68 19 annat
639 498 27 18 än
682 495 50 22 med
748 496 50 22 hela
812 496 38 21 sitt
860 496 72 28 hjerta

179 530 88 22 tillhöra
284 536 85 15 samma
386 529 47 22 folk
452 529 40 21 och
511 529 100 22 deröfver
632 530 72 21 såsom
721 530 42 21 ock
782 537 29 14 nu
826 530 106 22 nedkalla

180 564 61 22 Guds
266 564 48 21 rika
338 564 44 20 nåd
405 563 40 22 och
467 564 139 27 välsignelse.
636 564 117 22 Hvarefter
775 564 156 29 deputationen

180 598 109 29 afträdde,
306 598 136 28 beledsagad
457 598 72 22 såsom
544 598 38 22 vid
598 598 137 23 ankomsten.

247 667 100 22 Anlände
370 667 40 22 och
432 667 95 22 infördes
550 674 26 15 en
600 668 127 27 deputation
748 668 49 22 från
818 668 113 28 vällofliga

179 702 192 28 borgareståndet,
387 701 78 22 anförd
480 702 25 21 af
517 702 165 27 borgmästaren
697 702 39 22 och
747 703 102 21 riddaren
860 703 71 28 Teng-

179 739 67 20 ström
272 736 48 22 från
346 735 133 29 Jakobstad,
506 743 46 15 som
576 736 91 23 helsade
693 737 88 22 ståndet
803 737 7 22 i
832 736 98 29 följande

180 771 101 28 ordalag:

249 823 8 10 n
262 805 43 22 Till
320 805 51 22 herr
385 805 95 22 doktorn
495 805 39 22 och
551 805 160 28 erkebiskopen
725 807 56 20 samt
792 806 37 21 det
839 805 91 28 högvör-

178 841 53 27 diga
250 839 165 30 prestaståndet
434 839 109 22 frambära
563 839 21 22 vi
602 839 193 28 borgareståndets
811 840 119 22 vördnads-

179 875 40 21 och
234 874 204 28 högaktningsfulla
453 873 198 28 afskedshelsning.

247 909 41 22 Om
311 911 38 26 än,
373 908 69 22 under
463 908 38 21 det
523 915 29 15 nu
576 908 85 22 slutade
684 908 197 29 landtdagsmötet,
903 909 27 22 de

178 943 114 22 materiela
314 942 165 28 sträfvandena,
501 942 37 21 det
556 944 58 27 yttre
634 942 186 22 samfundslifvets
841 943 90 27 angelä-

177 978 111 28 genheter,
304 977 7 21 i
327 977 159 22 vidsträcktare
501 977 54 21 mått
570 978 100 26 upptagit
686 977 27 21 de
728 977 133 22 församlade
872 980 59 19 stän-

178 1012 79 22 dernes
280 1011 32 23 tid
334 1012 40 21 och
397 1012 109 27 åtgärder,
528 1012 26 20 så
576 1011 66 21 hafva
665 1011 140 22 dock'äfven
820 1012 27 21 de
863 1012 67 28 högre

178 1046 82 29 syften,
279 1052 47 16 som
341 1046 56 27 lyfta
412 1046 169 26 medborgarens
597 1045 42 27 själ
654 1046 33 21 till
704 1046 69 21 andra
787 1046 87 28 rymder
890 1046 41 22 och

178 1084 44 24 äga
241 1080 38 22 sitt
296 1080 45 21 mäl
359 1080 83 21 bortom
457 1080 125 28 jordlifvets
598 1082 75 26 gräns,
690 1080 49 22 icke
755 1080 70 21 blifvit
841 1080 89 28 glömda

178 1114 54 22 eller
252 1114 153 22 försummade.
435 1114 77 22 Säsom
531 1113 90 22 främste
640 1114 79 21 bärare
737 1114 26 21 af
777 1114 66 22 dessa
861 1114 68 28 högre

178 1148 72 28 syften
270 1148 40 22 har
329 1147 106 22 Finlands
456 1148 135 27 högvördiga
609 1148 141 27 prestastänäd
769 1148 47 21 haft
836 1155 28 14 en
885 1151 45 19 stor

177 1182 41 22 och
236 1182 70 28 vigtig
324 1182 84 27 uppgift
425 1182 34 27 sig
476 1182 122 27 förelaggd.
627 1182 178 22 Prestaständets
822 1182 57 22 bäde
897 1182 32 22 ni-

177 1216 59 22 tiska
249 1216 40 22 och
305 1215 134 28 insigtsfulla
453 1215 152 23 bemödanden
621 1216 7 20 i
644 1216 66 22 dessa
725 1216 112 22 äfvensom
852 1216 77 22 foster-

176 1250 88 23 landets
284 1250 71 26 öfriga
375 1250 93 28 dyrbara
488 1250 185 27 angelägenheter
693 1250 66 21 hafva
777 1250 34 22 för
829 1250 100 22 medbor-

177 1291 68 21 garen
268 1284 41 22 och
329 1284 219 21 fosterlandsvännen
568 1284 56 21 varit
644 1284 7 20 i
670 1284 44 27 hög
734 1284 54 27 grad
809 1284 120 28 glädjande

177 1320 57 20 samt
251 1318 77 21 vunnit
346 1318 87 21 rättvist
453 1317 141 21 erkännande
613 1317 40 21 och
672 1318 144 21 tacksamhet.
847 1318 30 21 Så
892 1318 36 21 be-

177 1351 100 22 skaffade
297 1351 113 22 tänkesätt
426 1351 69 27 jemte
515 1351 90 21 känslor
624 1351 26 20 af
669 1351 138 28 högaktning
827 1351 40 22 och
887 1351 42 22 till-

177 1385 111 29 gifvenhet
308 1385 66 23 hafva
393 1385 21 22 vi
435 1387 63 27 äran,
518 1385 29 29 på
566 1385 49 22 vårt
636 1385 76 23 stånds
731 1388 88 26 vägnar,
839 1385 34 23 för
892 1386 37 22 det

178 1420 137 29 högvördiga
329 1420 164 29 prestaständet
508 1420 132 22 härmedelst
655 1420 76 22 uttala.
