1023 1720
203 126 40 22 666

243 191 40 22 Om
299 190 37 23 det
351 192 148 28 nyssnämnda
515 191 111 22 äfvensom
642 191 111 22 särskilda
766 190 70 23 under
846 190 77 28 gårda-

174 232 42 22 gen
236 226 84 22 fattade
340 226 72 22 beslut
434 226 167 22 underrättades
624 225 143 23 medstånden
790 225 136 22 omedelbart

173 260 95 22 härefter
283 260 92 22 medelst
391 267 28 15 en
435 260 136 28 deputation,
589 260 76 22 anförd
681 260 25 22 af
719 260 205 28 kontraktsprosten

173 295 119 23 Ehrström.

242 364 43 22 Till
311 364 174 28 morgondagens
511 364 90 28 plenum
626 364 117 22 bordlades
766 366 157 20 sammansatta

174 401 63 21 stats-
253 400 40 21 och
309 398 250 29 bevillningsutskottets
569 399 141 22 betänkande
721 399 114 28 angående
846 400 78 28 anslag

173 435 34 21 till
227 433 127 28 folkskolor,
370 433 308 23 kommunikationsanstalter
693 433 40 22 och
749 433 69 23 andra
833 433 90 23 allmän-

173 469 86 29 nyttiga
274 468 91 28 företag.

241 538 138 27 Föredrogos
400 537 98 29 följande
520 538 49 22 från
588 537 154 29 ridderskapet
757 538 41 22 och
812 538 65 22 adeln
893 539 31 21 in-

173 574 81 21 komna
269 573 210 28 protokollsutdrag,
496 572 119 28 nemligen:

242 607 22 29 1)
279 608 34 21 för
328 607 42 21 den
384 607 12 21 5
411 607 7 21 i
435 607 71 21 denna
522 606 89 28 månad,
627 606 26 22 af
665 607 96 21 innehåll
777 609 32 19 att
825 608 36 21 det
872 607 52 28 hög-

173 641 75 29 lofliga
271 641 87 22 ståndet
380 642 114 27 godkännt
513 641 180 23 bankutskottets
712 642 83 27 förslag
814 642 32 22 till
867 649 56 15 sam-

172 676 165 28 manjemkning
355 676 24 21 af
392 676 104 22 ståndens
512 676 60 22 olika
587 676 72 22 beslut
674 676 7 21 i
696 676 61 22 vissa
772 676 61 22 delar
848 676 25 22 af
885 677 37 21 nå-

173 711 52 28 diga
240 711 162 28 propositionen
418 710 115 29 angående
549 711 106 28 styrelsen
671 710 40 22 och
726 711 161 29 förvaltningen
902 711 24 22 af

173 746 106 22 Finlands
294 746 69 27 bank;

241 780 23 28 2)
285 780 24 22 af
325 787 83 15 samma
427 780 53 29 dag,
501 780 25 22 af
540 780 97 22 innehåll
657 782 33 20 att
709 780 153 29 ridderskapet
883 780 41 23 och

174 815 65 22 adeln
255 815 38 21 vid
312 814 156 28 föredragning
487 814 26 22 af
527 815 180 21 bankutskottets
722 816 82 27 förslag
819 816 33 21 till
868 822 56 16 sam-

174 850 165 28 manjemkning
355 849 24 22 af
393 850 104 21 ståndens
513 849 60 21 olika
588 849 72 22 beslut
675 850 7 20 i
698 850 59 21 vissa
773 850 61 21 delar
849 850 25 21 af
886 851 38 20 nå-

174 884 51 27 diga
243 884 162 28 propositionen
425 883 114 28 angående
559 883 101 22 enskilda
679 883 89 29 banker,
784 884 7 21 i
806 884 65 28 öfrigt
886 891 37 14 an-

173 919 56 27 tagit
247 918 118 22 utskottets
382 917 92 29 förslag,
494 921 59 18 utom
571 917 58 22 hvad
648 918 103 21 beträffar
771 920 12 19 2
800 919 22 27 8,
838 919 7 20 i
860 919 63 28 fråga

173 953 89 21 hvarom
277 952 89 21 ståndet
380 952 110 22 vidblifvit
506 953 38 21 sitt
559 951 58 22 förra
631 951 81 29 beslut;

241 987 22 28 3)
282 986 25 21 af
321 993 84 15 samma
421 986 53 28 dag,
491 986 51 22 med
557 986 160 21 underrättelse
733 987 83 28 derom,
833 988 32 20 att
880 987 42 22 rid-

173 1021 117 28 derskapet
309 1020 40 22 och
365 1020 65 22 adeln
446 1020 36 22 vid
497 1020 156 28 föredragning
667 1020 24 22 af
704 1022 158 20 sammansatta
876 1022 47 28 lag-

172 1056 40 21 och
233 1055 232 23 ekonomieutskottets
484 1055 142 23 betänkande
645 1056 8 21 i
671 1055 119 28 anledning
804 1055 25 23 af
841 1056 82 28 nådiga

171 1090 164 28 propositionen
354 1090 114 28 angående
486 1090 191 28 vattenledningar
697 1090 40 21 och
755 1090 139 27 vattenverk,
915 1092 7 20 i

172 1125 65 27 öfrigt
257 1124 113 28 godkännt
390 1124 158 29 betänkandet,
567 1126 59 20 utom
642 1126 32 20 att
689 1125 7 21 i
712 1124 64 22 ställe
791 1124 33 22 för
839 1124 84 22 utskot-

172 1161 42 19 tets
229 1159 83 27 förslag
327 1160 32 20 att
375 1159 36 28 de,
427 1159 74 21 hvilka
517 1160 104 21 motsätta
637 1159 34 27 sig
686 1160 27 20 en
725 1158 136 29 sjöfällning,
872 1159 50 22 icke

172 1193 67 22 borde
258 1200 53 15 vara
330 1193 92 27 pligtige
439 1195 31 19 att
485 1193 136 22 underkasta
637 1193 34 27 sig
687 1194 160 27 expropriation
862 1193 7 21 i
886 1200 36 15 an-

171 1235 44 15 nan
230 1228 106 21 händelse
352 1230 27 18 än
395 1230 32 18 att
443 1227 36 28 de,
496 1234 45 15 som
555 1227 57 29 yrka
627 1228 29 27 på
665 1227 120 27 företagets
796 1228 125 28 utförande,

172 1265 43 23 äga
233 1262 83 20 hälften
331 1261 26 20 af
369 1262 58 27 sjön,
443 1262 70 20 skulle
529 1262 99 20 förordas
644 1262 37 20 det
697 1262 133 28 stadgande,
847 1264 33 19 att
895 1262 27 21 de

172 1295 143 27 sistnämnde,
336 1293 33 22 för
389 1296 32 19 att
442 1301 52 15 vara
513 1294 138 28 berättigade
671 1295 33 21 till
724 1295 160 28 expropriation
901 1295 25 21 af

172 1329 42 22 den
234 1328 33 29 sjö
289 1328 26 22 de
334 1328 71 22 önska
419 1328 63 29 fälla,
498 1328 68 23 borde
582 1331 43 26 äga
640 1331 37 20 två
692 1329 126 29 tredjedelar
833 1329 25 22 af
870 1329 52 22 den-

172 1371 91 21 samma,
280 1363 112 22 äfvensom
408 1365 31 20 att
455 1365 12 20 3
483 1371 63 14 mom.
563 1363 24 22 af
601 1364 42 22 den
658 1363 36 22 del
704 1363 50 23 utaf
761 1364 159 29 betänkandet,

172 1406 47 15 som
242 1399 69 28 angår
334 1399 156 28 ängsvattning
512 1398 40 22 och
571 1398 154 30 täckdikning,
747 1399 70 22 skulle
838 1399 84 22 erhålla

171 1433 97 30 följande
289 1433 125 23 förkortade
433 1433 96 29 lydelse:
547 1436 45 25 ,att
613 1433 161 30 öfvervattning
795 1435 19 30 ej
834 1434 34 23 får
884 1435 39 23 ske
