1034 1728
214 121 42 24 440

256 189 91 20 Prosten
363 187 122 28 Alopxus
501 186 101 28 upplyste
617 185 8 21 i
636 185 119 26 anledning
765 183 71 28 häraf,
848 185 32 20 att
891 183 46 23 fak-

188 222 65 22 toriet
268 218 138 25 fortfarande
427 221 57 27 ägde
503 220 104 27 rättighet
626 221 32 20 att
683 219 14 21 å
719 219 50 21 dess
788 218 58 23 inom
866 217 73 24 Mohla

189 257 82 21 socken
291 256 96 27 belägna
406 255 127 28 lägenheter
551 254 46 22 fritt
617 253 39 23 och
678 253 143 23 obehindradt
838 252 101 23 tillverka

190 291 38 21 och
245 291 91 27 försälja
350 290 114 21 brännvin.

257 326 91 21 Prosten
363 324 127 22 Hackzell
505 325 69 26 ansåg
584 324 34 22 för
628 323 33 22 sin
673 323 35 22 del
719 323 88 22 ståndet
817 323 25 21 så
852 323 89 27 mycket

191 359 67 22 hellre
273 360 54 20 böra
341 359 119 28 godkänna
474 359 42 21 den
530 359 126 27 föreslagna
666 358 129 28 petitionen,
807 364 46 15 som
864 358 13 20 å
888 357 51 27 ång-

189 394 126 22 bränneriet
334 394 13 20 &
363 394 83 27 Kyrölä
465 393 55 27 gård
537 393 59 21 inom
614 393 73 21 Mohla
701 392 82 22 socken
800 392 83 28 årligen
899 392 40 21 till-

190 428 109 21 verkades
319 427 100 28 omkring
436 428 92 26 200,000
548 427 84 21 kannor
647 427 116 27 brännvin,
777 426 76 21 hvilka
867 425 74 28 kring-

191 462 101 28 spriddes
307 462 61 21 öfver
383 461 50 22 hela
447 461 76 22 landet
538 461 58 22 ända
609 468 43 21 upp
666 461 33 21 till
713 461 111 26 Uleåborg
839 460 25 22 af
871 460 70 22 luren-

192 496 95 28 drejare,
303 496 50 22 med
373 496 75 21 hvilka
468 496 78 21 nästan
564 495 51 22 hela
632 495 157 27 församlingen
804 495 38 28 låg
859 495 7 21 i
881 495 60 21 kom-

191 531 66 28 plott,
279 531 25 21 sä
325 533 32 19 att
377 530 112 22 desamma
508 537 51 14 voro
580 530 33 22 för
633 529 148 29 landtpolisen
801 529 140 28 oätkomliga.

193 565 46 22 Och
255 565 51 21 ville
322 567 87 26 prosten
425 565 80 22 föreslå
521 567 31 20 att
569 565 145 28 Systerbäcks
730 563 159 28 gevärsfaktori
901 563 41 22 till-

194 599 108 22 erkändes
321 600 60 21 skatt
396 599 33 22 för
444 599 76 28 15,000
535 599 84 22 kannor
634 599 85 28 årligen
734 599 72 22 såsom
823 598 121 27 ersättning

192 633 34 22 för
246 633 51 22 dess
316 633 105 28 rättighet
440 636 32 19 att
492 634 58 21 inom
571 634 94 21 Finland
681 633 102 22 tillverka
798 633 41 22 och
853 633 91 28 försälja

193 668 114 21 brännvin.

261 702 159 28 Kyrkoherden
441 702 111 22 Castrén
574 703 80 27 ansåg,
673 702 8 22 i
699 702 70 22 likhet
788 702 49 22 med
856 704 88 27 prosten

193 736 81 28 Bergh,
294 736 37 22 det
349 743 53 15 vara
419 736 111 28 sjelffallet
549 738 32 20 att
596 736 115 22 faktoriets
727 737 58 21 inom
799 736 94 22 Finland
909 737 35 21 be-

193 771 67 26 lägna
281 770 132 28 egendomar
435 777 89 15 numera
544 777 51 15 vore
615 770 115 22 likställda
750 771 49 21 med
820 771 29 21 all
872 778 73 14 annan

194 804 138 28 utlänningar
350 805 97 27 tillhörig
463 804 62 29 jord,
544 806 56 20 samt
616 807 32 19 att
662 805 87 22 således
765 812 78 20 genom
859 805 42 22 den
917 812 28 14 nu

193 838 126 28 föreslagna
338 839 167 27 författningens
527 839 107 22 trädande
654 840 7 20 i
677 840 140 22 verksamhet
830 840 115 22 faktoriets

194 873 104 28 rättighet
320 875 33 20 att
373 874 13 21 å
405 874 94 22 nämnde
521 874 132 27 egendomar
673 874 102 22 tillverka
795 874 40 22 och
855 874 91 28 försälja

194 908 106 21 brännvin
319 908 8 21 i
345 908 40 22 och
403 908 50 22 med
473 908 121 22 detsamma
610 909 65 21 äfven
690 909 86 22 komme
792 911 32 19 att
839 909 106 28 upphöra,

194 942 141 22 Tillerkände
351 950 49 14 man
416 943 104 21 faktoriet
536 943 121 27 ersättning
673 943 32 22 för
720 943 105 23 förlusten
841 944 24 21 af
873 944 73 21 denna

194 976 113 28 rättighet,
330 977 25 21 så
377 976 67 22 borde
467 984 27 15 en
517 977 43 21 slik
581 978 120 27 ersättning
723 978 50 21 med
793 985 83 15 samma
897 978 49 23 skäl

194 1010 104 28 tilläggas
319 1011 44 21 alla
383 1011 80 28 andra,
485 1018 47 15 som
551 1012 108 22 härintills
681 1014 37 25 ägt
737 1014 44 20 rätt
797 1014 31 20 att
843 1012 103 24 tillverka

194 1044 113 22 brännvin.

263 1079 91 22 Prosten
373 1080 122 28 Alopeeus
515 1081 63 28 ville,
594 1081 8 21 i
620 1081 121 28 anledning
755 1082 26 21 af
792 1082 154 28 kyrkoherden

195 1113 103 23 Castréns
313 1114 112 28 yttrande,
441 1114 58 23 fästa
516 1115 220 28 uppmärksamheten
752 1116 37 22 vid
801 1118 31 20 att
843 1117 104 23 faktoriet

194 1150 39 25 ägt
251 1144 103 31 rättighet
371 1149 33 30 till
425 1156 26 14 en
467 1149 6 21 i
489 1150 44 21 allo
550 1150 163 21 okontrollerad
728 1151 217 22 brännvinstillverk-

194 1182 53 27 ning
259 1182 114 22 äfvensom
387 1183 149 28 krogrörelses
551 1183 97 22 idkande
664 1186 57 20 samt
736 1186 32 20 att
784 1185 60 22 detta
859 1186 86 27 privile-

194 1216 58 27 gium
273 1217 113 28 qvarstod,
408 1217 91 22 oaktadt
520 1218 116 28 flyttandet
656 1219 25 21 af
697 1219 151 28 riksgränsen,
871 1221 24 21 så
913 1223 33 19 att

194 1250 39 22 det
248 1257 51 16 vore
314 1252 25 21 så
354 1251 89 28 mycket
458 1253 148 26 angelägnare
622 1255 32 19 att
669 1253 132 27 petitionera
815 1254 7 20 i
838 1254 37 21 det
890 1255 56 20 före-

194 1285 78 26 slagna
290 1285 75 26 syftet,
385 1285 28 26 pä
433 1285 37 21 det
487 1286 20 27 ej
525 1286 42 21 den
583 1288 91 25 stränga
689 1286 123 22 kontrollen
829 1287 60 22 öfver
904 1288 41 21 till-

193 1318 136 27 verkningen
349 1319 40 21 och
408 1319 160 28 försäljningen
589 1319 25 22 af
629 1320 118 27 brännvin,
763 1327 46 16 som
824 1321 121 23 författnin-

193 1359 43 20 gen
257 1352 72 29 afsåg,
350 1353 87 22 komme
457 1356 32 19 att
509 1361 79 21 genom
608 1354 91 22 berörde
716 1355 230 29 undantagsrättighet

194 1386 127 29 upphäfras,
