1023 1761
205 132 42 21 460

178 196 165 23 okontrollerad
366 195 263 28 brännvinstillverkning
651 197 56 20 samt
729 196 149 27 krogrörelses
901 196 31 21 id-

178 231 74 22 kande
274 231 13 20 å
305 230 104 22 faktoriet
427 229 166 29 underlydande
613 230 128 27 lägenheter
758 231 60 21 inom
832 230 101 22 Finland.

246 265 161 27 Fördelningen
434 264 24 21 af
482 265 97 20 kronans
606 264 65 22 andel
694 264 7 21 i
723 264 210 23 brännvinsskatten

179 299 126 22 bestämdes
320 299 29 27 på
364 298 100 28 följande
480 300 54 20 sätt:

246 332 28 30 A)
290 333 82 29 Anslag
396 333 32 21 till
450 333 121 21 ersättande
593 333 29 28 af
641 334 94 20 kronans
753 333 83 29 förlust
854 341 74 21 genom

178 369 40 21 den
240 368 125 21 nuvarande
387 368 212 21 brännvinsskattens
621 367 144 29 bortfallande
788 372 54 18 samt
863 369 25 21 de
905 369 29 28 af

178 403 40 22 den
229 402 136 29 förändrade
381 402 160 29 lagstiftningen
554 402 133 29 föranledda
701 403 95 28 utgifter.

179 437 21 29 1)
216 438 43 21 För
282 437 159 28 eftergifvande
464 437 24 21 af
507 437 273 22 husbehofsbrännvinsar-
853 444 51 17 Mark.

246 471 172 28 rende-afgiften
454 488 5 5 .
490 488 5 5 .
526 489 5 4 .
704 488 77 5 e.
834 473 98 27 660,000.

179 507 22 28 2)
217 507 33 21 De
265 506 50 22 med
330 506 124 22 kontrollen
466 484 108 56 förenade
589 488 89 45 utgifter
706 523 5 5 «
742 523 5 5 +
778 523 5 5 +
834 507 98 28 300,000.

246 542 28 27 B)
289 540 83 29 Anslag
394 549 44 13 som
460 541 48 28 afse
531 541 104 21 lättandet
654 541 29 28 af
697 541 82 26 bördor,

178 576 72 20 hvilka
266 576 74 28 trycka
349 575 135 27 jordbruket.

180 609 22 29 1)
222 609 129 27 Ersättning
366 608 33 22 för
413 609 109 27 lagmans-
534 609 40 21 och
584 608 198 56 bäradshöfdinge-

247 643 164 28 tingsgästning
452 660 4 4 =.
487 660 5 4 .
833 644 99 27 490,000.

179 677 23 29 2)
218 678 42 21 Till
276 680 69 19 större
360 677 94 22 backars
464 660 135 45 jemnande,
612 660 59 38 samt
679 660 52 45 väg-
738 656 49 53 'aoli

246 712 168 28 brobyggnader
452 729 5 4 .
488 728 4 5 .
833 713 99 28 200,000.

178 747 23 29 3)
220 746 82 28 Bidrag
320 746 33 22 till
374 728 279 46 hållskjutsningstungans
667 724 115 54 Jättande,

248 788 79 21 genom
343 780 150 29 befrämjande
508 780 25 22 af
547 781 169 28 entreprenader
743 798 4 4 .
779 798 4 4 .
835 782 99 28 300,000.

178 816 24 28 4)
222 816 129 27 Ersättning
373 815 33 21 till
429 816 134 21 statsverket
585 816 34 21 för
641 815 97 28 aflöning
761 816 25 21 af

249 850 46 21 bro-
312 850 40 21 och
368 850 138 27 skallfogdar
529 866 4 5 .
564 866 5 5 .
600 866 5 5 .
778 866 5 5 <
835 851 98 27 100,000.

247 884 27 28 O)
290 884 82 29 Anslag
388 884 34 22 till
434 884 91 22 allmänt
539 885 83 28 nyttiga
635 862 112 55 ändamål.

180 919 22 29 1)
218 918 100 22 Kreditiv
335 919 33 21 till
387 919 119 27 styrelsens
521 918 130 28 förfogande
672 918 35 22 för
727 919 55 22 und-

246 953 98 28 sättning
359 953 69 22 under
439 954 130 21 missvextår
580 953 40 21 och
632 953 69 22 andra
711 956 68 20 utom-

247 988 127 27 ordentliga
388 988 69 21 behof
491 1005 5 4 .
527 1004 4 5 .
778 1006 4 4 <
811 986 16 35 =
834 990 98 26 500,000.

179 1023 22 28 2)
219 1022 84 28 Anslag
320 1022 33 22 till
368 1004 220 46 fängelseväsendets
598 1004 155 40 förbättrande
781 1040 5 5 <
835 1025 99 27 —410,000.

178 1058 23 28 3)
218 1058 34 21 d:o
268 1057 33 21 till
317 1056 122 22 därvärden
454 1073 5 4 .
489 1074 5 4 .
525 1074 5 5 .
561 1074 4 4 .
834 1059 98 27 200,000.

178 1092 23 28 4)
218 1092 34 21 d:o
268 1092 34 21 till
317 1091 52 21 fond
382 1091 33 22 för
426 1074 230 39 donationshemmans
666 1074 116 40 ialögarnde
834 1094 98 27 200,000.

178 1126 23 29 5)
218 1126 42 22 Till
276 1126 254 22 konmunikationernas
545 1126 164 22 fullkomnande
740 1144 5 4 .
776 1144 5 4 .
812 1128 119 26 1,800,000.

690 1158 100 1 "Summa
802 1153 131 40 5,160,000.

247 1193 167 23 Ankommande
430 1193 36 22 det
482 1194 14 21 ä
510 1193 129 28 regeringen
653 1197 32 19 att
696 1194 55 22 efter
761 1195 35 27 sig
806 1195 126 22 företeende

179 1229 187 27 omständigheter
386 1229 118 27 disponera
523 1228 38 21 det
580 1228 91 28 möjliga
689 1229 143 22 öfverskottet
847 1230 33 21 till
896 1230 36 21 nä-

179 1265 38 25 got
232 1263 54 21 eller
301 1263 70 27 några
387 1263 24 21 af
426 1262 221 27 ofvanspecificerade
663 1263 109 22 ändamål.

246 1297 130 21 Kännedom
395 1297 75 20 härom
490 1296 71 21 skulle
577 1296 146 22 medständen
739 1297 112 22 äfvensom
868 1305 64 35 expo:

181 1330 190 22 ditionsutskottet
386 1331 7 20 i
408 1325 117 59 sedvanlig
539 1329 93 28 ordning
647 1331 120 22 meddelas.

246 1400 123 28 Föredrogs
393 1378 156 50 lägätskottets
573 1400 138 28 bordlaggda
732 1401 142 22 betänkande
896 1408 35 15 n:o

178 1436 27 21 25
221 1435 7 21 i
244 1435 119 27 anledning
378 1434 25 22 af
415 1436 61 22 Hans
491 1436 126 27 Kejserliga
631 1435 116 27 Majestäts
762 1436 82 28 nådiga
854 1443 77 22 propo-
