1023 1731
206 117 41 22 616

246 183 64 21 Mom.
327 181 19 22 7.
363 181 129 28 godkändes
508 180 112 27 enhälligt.

246 216 210 27 Kontraktsprosten
476 215 77 22 Sirén
573 213 98 29 yttrade:
692 214 35 21 Då
743 213 42 28 jag
804 220 29 15 nu
853 214 77 27 begärt

180 251 61 22 ordet
263 251 8 21 i
293 250 104 22 afseende
421 250 12 21 å
457 249 42 22 den
523 249 24 22 af
569 249 231 21 ekonomie-utskottet
823 247 108 29 afstyrkta

181 285 205 27 slussinrättningen
407 285 7 20 i
435 283 154 22 Walkiakoski
609 283 126 27 vattenfall,
755 283 40 21 har
810 283 42 27 jag
873 282 59 22 velat

179 321 59 22 fästa
254 320 98 22 ständets
368 318 193 29 uppmärksamhet
575 317 38 22 vid
629 318 45 28 det,
691 324 46 15 som
752 317 13 21 å
774 325 50 21 pag.
836 317 42 22 14i
890 317 42 22 den

181 355 121 28 kejserliga
317 353 162 29 propositionen
496 360 34 15 om
546 352 91 21 berörde
653 352 177 27 slussinrättning
845 352 45 22 står
901 353 32 20 att

181 390 60 27 läsa,
262 389 39 21 der
321 388 37 21 det
377 388 71 21 heter:
469 387 46 26 ,för
530 389 32 20 att
577 387 113 22 utsträcka
705 389 81 25 gagnet
801 387 24 21 af
838 387 27 21 de
881 393 52 22 upp-

183 424 134 27 rensningar,
341 429 46 15 som
409 422 50 21 med
482 429 26 14 en
531 421 96 22 kostnad
641 421 26 21 af
680 422 89 27 120,896
785 421 63 22 mark
862 420 72 23 blifvit

183 457 137 23 verkställda
343 457 33 22 för
402 463 27 15 en
451 456 75 21 båtled
549 456 93 21 emellan
665 456 87 27 sjöarne
775 456 103 21 nordvest
900 462 34 14 om

184 492 137 22 Tavastehus
342 499 27 14 m.
389 498 34 21 m.,
444 491 40 21 har
503 491 61 21 Hans
584 490 123 28 Kejserliga
727 490 103 27 Majestät
848 490 87 28 pröfvat

184 526 77 28 nödigt
276 526 87 22 förorda
379 526 78 26 anslag
472 525 32 21 till
522 524 65 22 kanal
603 524 40 22 och
659 524 56 22 sluss
731 524 37 22 vid
781 524 155 22 Walkiakoski

186 562 92 21 emellan
293 560 127 22 Mallasvesi
440 560 39 21 och
495 558 132 23 Sääksmäki
643 558 64 28 sjöar,
724 558 33 22 för
766 558 84 22 hvilket
861 559 75 21 arbete

185 595 123 23 kostnaden
329 597 25 19 är
373 594 113 22 beräknad
510 594 24 21 til
556 594 91 27 700,000
662 594 62 21 mark
741 593 39 22 och
796 593 140 28 hvarigenom

185 630 93 22 trafiken
300 629 64 22 äfven
385 629 47 21 från
451 628 72 22 denna
541 628 36 22 del
597 628 25 22 af
639 628 227 22 vest-tavastländska
881 630 55 20 vatt-

187 672 43 15 nen
249 665 87 21 komme
357 666 31 19 att
408 664 76 21 ställas
504 664 7 20 i
527 662 133 23 förbindelse
675 662 50 22 med
737 663 129 27 jernvägen.
897 663 40 22 Om

188 700 72 21 denna
275 698 96 22 kostnad
386 698 96 22 fördelas
498 699 29 27 på
542 698 42 21 fem
601 697 29 28 år,
648 697 107 22 erfordrar
770 697 42 22 den
828 697 66 22 alltså
907 699 32 20 ett

187 734 77 27 anslag
283 733 24 21 af
325 733 92 28 140,000
433 733 61 21 mark
511 732 104 28 årligen".
646 732 35 21 Då
696 739 29 14 nu
740 732 105 22 utskottet
859 733 13 20 å
887 739 51 21 pag.

187 770 27 20 24
234 768 7 22 i
261 767 151 22 betänkandet
428 767 84 27 jemväl
533 766 126 28 medgifver,
675 768 32 20 att
723 767 216 21 kommunikationen

188 802 93 22 emellan
296 802 95 21 nämnde
405 801 133 27 vattendrag
553 801 40 21 och
609 801 68 21 Roine
693 801 32 28 sjö
742 801 67 21 redan
824 801 34 22 för
872 802 27 20 30
914 801 24 21 år

187 836 94 22 tillbaka
301 842 78 22 genom
394 836 117 21 Kaivando
526 835 68 21 kanal
610 835 7 21 i
632 836 129 26 Kangasala
776 835 70 22 blifvit
861 835 76 28 påbör-

185 871 50 28 jad,
252 872 33 20 att
295 870 252 28 sjökommunikationen
559 876 77 21 genom
647 870 154 22 Walkiakoski
811 870 127 28 ytterligare

189 906 70 22 skulle
280 905 7 21 i
302 904 87 28 nordlig
404 904 41 22 och
459 904 73 28 sydlig
546 904 99 28 riktning
659 904 111 28 förlängas
786 904 30 22 tio
830 904 37 22 mil
883 906 56 20 samt

189 942 32 20 att
247 938 124 23 fördelarne
399 939 25 22 af
449 939 234 28 kanalanläggningen
710 946 51 15 vore
786 939 152 28 obestridliga,

188 975 57 22 helst
261 974 127 22 densamma
403 973 86 22 komme
504 976 32 19 att
551 974 110 21 förstärka
676 974 95 22 rörelsen
786 975 29 27 på
830 975 110 20 Tammer-

189 1009 44 22 fors
249 1009 133 27 jernvägen,
404 1008 25 21 så
449 1008 69 22 finner
533 1007 42 29 jag
591 1008 37 21 det
642 1007 203 29 förundransvärdt,
861 1010 32 19 att
909 1010 31 19 ut-

189 1044 82 21 skottet
290 1042 109 28 afstyrker
419 1043 78 27 anslag
516 1042 33 21 till
570 1042 61 21 detta
646 1043 84 27 arbete;
747 1043 39 21 och
802 1045 24 19 är
842 1043 45 27 det,
905 1049 35 14 en-

189 1077 41 28 ligt
245 1077 44 21 min
305 1076 67 28 åsigt,
388 1076 25 21 så
428 1076 88 28 mycket
531 1083 60 15 mera
607 1076 229 28 anmärkningsvärdt,
852 1083 46 15 som
909 1079 31 19 ut-

190 1111 83 22 skottet
291 1111 13 20 å
319 1117 64 21 pagg.
401 1111 27 20 14
443 1110 39 21 och
500 1111 25 21 15
542 1110 51 22 med
609 1110 113 29 afseende,
738 1111 72 21 såsom
826 1110 37 22 det
873 1111 67 28 heter,

190 1145 14 21 å
226 1145 27 21 de
275 1145 110 21 utmärkta
409 1144 183 29 naturförmäner,
620 1144 105 22 hvarmed
747 1145 112 21 trakterna
881 1145 61 21 invid

189 1180 74 21 Keuru
279 1178 131 28 vattendrag
425 1181 37 19 äro
478 1179 112 28 gynnade,
606 1179 98 22 förordar
715 1179 158 22 kanalarbeten
884 1179 57 22 inom

189 1213 111 28 Näsijärvi
319 1215 167 26 vattensystem,
506 1213 66 22 ehuru
589 1213 41 28 jag
646 1213 19 28 ej
681 1214 45 21 kan
741 1214 57 28 inse,
814 1213 40 22 och
870 1214 72 28 styrkt

191 1248 19 27 ej
227 1247 69 22 heller
311 1250 29 25 är,
357 1247 61 22 hvari
434 1248 65 22 dessa
514 1247 174 23 naturförmåner
700 1248 68 22 bestå.
797 1249 51 21 Man
858 1249 39 21 vill
908 1249 32 21 så-

189 1282 62 21 Jedes
266 1282 63 26 börja
345 1288 43 21 nya
404 1282 99 27 arbeten,
520 1282 33 21 för
568 1284 32 19 att
615 1282 87 21 komma
718 1282 33 21 till
767 1282 175 21 ödemarkerne
932 1278 14 36 i

189 1315 74 22 Keuru
279 1314 40 23 och
333 1315 83 22 Muldia
433 1315 40 21 och
489 1317 57 20 tvärt
561 1315 90 28 afbryta
667 1317 30 20 ett
712 1315 85 28 arbete,
814 1323 46 14 som
873 1316 69 21 redan

189 1349 8 22 i
216 1349 73 22 trettio
310 1349 25 21 år
355 1349 135 28 småningom
510 1350 77 28 pågått
605 1349 40 22 och
665 1349 88 22 hvartill
773 1350 169 28 kringliggande

191 1384 94 23 socknar
308 1384 93 22 medelst
421 1384 138 28 dagsverken
578 1384 102 28 bidragit.
709 1385 78 23 Redan
807 1392 29 15 nu
856 1386 39 27 går
915 1392 27 15 en

191 1419 66 23 skuta
272 1419 94 22 emellan
381 1419 145 28 Längelmäki
542 1419 40 22 och
598 1419 164 29 Walkiakoski,
777 1419 33 23 för
825 1422 33 20 att
873 1423 69 20 trans-
