1023 1770
218 127 40 20 512

186 190 80 27 jorden
285 197 38 14 var
342 190 135 21 annorlunda
497 190 117 22 beskattad
633 194 26 18 än
677 190 41 22 den
735 191 77 28 andra,
828 191 40 21 och
884 192 56 21 hade

188 227 87 25 prosten
300 224 84 21 derföre
407 224 63 21 äfven
494 224 106 22 inlemnat
623 227 31 19 ett
676 225 196 28 petitionsförslag,
894 232 45 15 som

189 258 101 28 åsyftade
313 265 26 15 en
362 258 109 28 reglering
493 258 25 22 af
534 259 60 21 detta
610 258 196 23 missförhållande.
836 260 50 21 Men
902 260 39 21 all-

188 293 108 22 denstund
316 293 37 21 det
371 293 49 21 icke
439 294 65 26 ginge
523 300 27 15 an
570 295 32 20 att
621 294 49 21 med
689 300 39 15 ens
746 300 78 21 genom
844 296 32 20 ett
895 294 45 27 lag-

189 327 123 28 stadgande
330 328 77 27 jemna
430 328 66 22 dessa
519 328 135 28 ojemnheter
678 330 56 19 samt
758 328 102 22 ähvälfva
876 328 28 21 de
919 328 25 22 af

188 362 106 22 utskottet
322 362 139 27 undantagne
488 362 157 28 lägenheterna
674 368 26 16 en
728 362 137 29 skyldighet,
892 363 48 21 från

188 396 89 22 hvilken
300 396 26 22 de
344 396 71 22 blifvit
435 396 163 22 tillförsäkrade
617 396 75 28 frihet,
713 397 25 21 sä
757 396 114 28 nödgades
891 404 49 14 man

188 431 121 22 tillsvidare
335 431 54 21 bära
415 431 28 21 de
471 430 137 23 närvarande
633 430 168 23 förhällandena
823 432 50 21 med
896 432 45 21 alla

189 466 48 22 sina
256 467 100 20 utvexter
375 465 40 22 och
433 465 123 22 orättvisor.
586 465 51 22 Helt
656 468 68 19 annat
741 473 39 14 var
794 465 147 22 förhällandet

189 499 49 23 med
263 500 118 28 boställen,
405 500 84 28 hvilka,
515 501 69 26 enligt
605 502 101 25 prostens
722 500 67 28 äsigt,
805 500 136 22 beträffande

189 542 28 15 nu
235 534 169 28 ifrågavarande
424 541 54 16 onus
497 535 68 22 borde
583 534 111 23 likställas
712 535 50 21 med
776 535 70 21 andra
857 535 83 28 jordlä-

189 569 114 29 genheter;
314 571 23 26 ty
348 576 34 15 om
391 569 41 22 ock
440 569 228 28 prestaprivilegierna
677 569 163 22 tillförsäkrade
848 571 93 26 prester-

189 605 79 27 skapet
286 603 101 23 befrielse
407 605 107 28 derifrän,
533 604 57 27 ägde
610 603 56 23 dock
685 604 88 23 ständet
789 604 104 28 rättighet
909 606 32 19 att

189 640 77 26 afsäga
286 639 34 28 sig
340 639 71 22 denna
426 639 73 28 frihet,
516 639 93 22 likasom
626 639 41 21 ock
683 639 71 28 begge
770 639 170 22 statsmakterna

189 674 6 21 i
211 674 100 27 förening
326 673 56 28 ägde
398 675 43 20 rätt
458 676 31 19 att
504 673 110 31 upphäfva
629 674 44 21 alla
688 673 144 22 förenämnda
846 673 95 22 friheter.

257 708 79 21 Härtill
358 707 113 22 fordrades
491 708 68 28 dock,
581 709 72 21 såsom
674 708 124 27 professorn
817 707 123 22 Schauman

189 743 68 22 redan
281 742 112 27 anmärkt,
412 742 45 22 alla
479 743 77 22 stånds
575 742 68 22 bifall.
673 743 11 21 I
703 742 70 22 likhet
791 741 49 23 med
861 742 79 28 kyrko-

190 777 81 22 herden
296 778 127 26 Rosengren
449 777 85 28 yrkade
560 779 88 26 prosten
671 779 33 20 att
727 777 65 22 äfven
814 777 127 22 nuvarande

189 811 234 23 boställsinnehafvare
442 811 72 22 skulle
535 812 107 21 förklaras
662 811 103 28 skyldige
781 813 32 20 att
829 811 61 22 detta
905 811 35 22 be-

189 849 50 19 svär
254 849 87 25 utgöra,
358 849 55 19 samt
429 846 49 22 med
495 846 124 28 professorn
634 845 82 23 Geitlin
732 848 41 25 att,
791 846 90 21 såframt
897 846 45 21 alla

190 881 65 21 stånd
278 881 74 21 derom
375 880 74 25 kunna
472 881 68 21 blifva
563 887 61 21 ense,
648 879 292 29 skjutsningsskyldigheten

189 915 67 21 måtte
272 914 96 22 fördelas
383 915 29 27 på
426 915 45 21 alla
483 914 181 28 jordlägenheter
678 916 54 20 utan
747 914 119 28 undantag.

257 950 92 20 Prosten
372 949 22 21 J.
415 950 21 21 I.
459 950 84 26 Bergh
566 949 86 28 yttrade
675 951 42 25 att,
740 949 30 21 då
792 948 36 22 det
851 956 29 14 nu
902 956 40 14 var

189 983 62 28 fråga
266 990 35 15 om
316 983 68 22 första
399 986 119 19 momentet
531 984 7 21 i
553 983 119 22 utskottets
687 983 151 28 betänkande,
854 986 88 26 prosten

190 1018 78 22 endast
283 1018 52 22 ville
351 1017 76 22 förena
443 1018 34 27 sig
491 1018 50 21 med
555 1017 124 29 professorn
691 1018 124 21 Schauman
827 1017 115 28 angående

189 1052 92 22 berörde
301 1054 104 25 moment,
426 1052 41 22 och
486 1052 106 22 förbehöll
614 1052 34 27 sig
668 1054 87 26 prosten
774 1054 33 20 att
824 1052 118 22 framdeles

189 1086 23 22 få
239 1087 69 21 uttala
334 1086 34 22 sin
389 1086 58 27 äsigt
470 1094 34 14 om
528 1086 152 28 prestabolens
703 1086 133 28 deltagande
859 1087 6 21 i
888 1086 53 22 häll-

190 1120 226 28 skjutsningstungan.

258 1155 210 28 Kontraktsprosten
502 1154 78 22 doktor
613 1155 157 27 Hertzberg:
803 1155 139 27 HLandtdags-

190 1189 210 23 mannafullmakten
419 1189 45 21 kan
480 1190 42 26 jag
542 1189 50 21 icke
613 1189 25 21 sä
656 1189 78 28 förstå,
751 1196 46 15 som
814 1190 70 21 skulle
900 1189 42 22 den

190 1224 104 27 förpligta
312 1223 215 28 landtdagsmannen
548 1226 32 19 att
599 1223 72 22 tillåta
691 1224 52 27 inga
763 1223 152 28 förändringar
935 1224 6 21 i

191 1257 242 28 ständsprivilegierna,
461 1260 23 25 ty
511 1257 29 22 dä
564 1257 71 22 skulle
662 1258 80 27 mänga
763 1258 85 27 vigtiga
870 1258 73 27 frägor

190 1293 71 20 måsta
282 1291 88 22 förfalla
393 1291 76 22 landet
495 1291 40 22 och
559 1291 88 22 ståndet
666 1292 32 21 till
719 1299 55 14 men.
804 1292 138 26 Landtdags-

190 1331 94 15 mannen
305 1327 25 19 är
348 1324 183 28 befullmäktigad
552 1327 32 18 att
604 1325 57 21 sluta
680 1325 40 21 och
736 1325 109 21 afhandla
861 1325 27 21 de
904 1325 37 21 vid

190 1358 136 28 landtdagen
350 1357 179 23 förekommande
550 1358 98 28 ärender,
669 1358 41 22 och
729 1358 77 23 dervid
826 1366 58 20 noga
904 1358 39 22 akt

192 1393 68 29 derpä
274 1392 69 29 gifva,
360 1394 31 20 att
409 1406 24 2 —
449 1406 28 2 —
492 1406 27 2 —
532 1392 88 23 landets
631 1392 111 23 allmänna
753 1393 64 22 bästa
827 1393 40 22 och
878 1400 64 16 sann-

190 1428 89 28 färdiga
294 1430 63 26 nytta
372 1441 27 3 —
416 1442 23 2 —
453 1441 25 2 —
490 1428 36 22 mä
541 1428 55 22 efter
609 1430 93 27 yttersta
717 1428 98 23 förständ
831 1428 112 29 redeligen
