1025 1803
771 130 39 21 785

87 195 125 28 Kejserliga
237 195 116 28 Majestäts
380 195 83 28 nådiga
484 195 134 29 proposition
642 196 115 28 angående
780 196 58 27 lego-

88 229 80 28 stadga
190 229 32 22 för
242 230 125 21 husbönder
395 230 40 21 och
461 230 133 28 tjenstehjon
620 232 94 20 stannat.
750 231 90 21 Hvilket

88 264 71 22 skulle
179 264 125 28 respektive
321 264 144 23 medstånden
486 265 40 21 och
547 265 246 28 expeditionsutskottet
811 265 29 28 på

88 298 126 27 sedvanligt
229 299 33 21 vis
278 299 32 21 till
326 298 123 22 kännedom
466 299 119 22 meddelas.

156 368 37 21 Ett
209 367 24 22 af
247 368 164 22 vederbörande
427 368 84 22 utskott
526 368 91 28 afgifvet
632 368 141 22 betänkande
784 368 6 22 i
802 374 37 16 an-

87 402 91 28 ledning
196 402 24 22 af
237 402 66 22 väckt
319 402 62 28 fråga
397 409 33 15 om
445 402 151 22 riddarhusets
611 402 133 29 upplåtande
760 402 33 22 till
809 404 31 20 ett

88 437 86 23 landets
194 436 100 23 ständers
310 437 49 27 hus,
376 436 112 28 föredrogs
505 437 39 22 och
560 437 117 22 bordlades
693 438 33 22 till
741 444 98 20 morgon-

88 472 83 28 dagens
187 472 94 28 plenum.

156 541 123 28 Föredrogs
298 542 79 26 utdrag
395 547 24 16 ur
439 541 165 29 ridderskapets
620 540 40 23 och
676 541 77 23 adelns
768 544 71 25 proto-

88 576 46 22 koll
149 576 33 22 för
198 576 42 21 den
256 577 12 20 8
285 576 92 28 dennes,
394 576 130 28 sälydande:

158 628 8 10 n
170 610 123 28 Föredrogs
314 612 158 20 sammansatta
488 612 64 20 stats-
569 610 39 22 och
624 610 215 28 beviliningsutskot-

88 648 42 21 tets
147 645 139 23 betänkande
303 653 33 14 n:o
354 646 18 28 2,
389 645 6 22 i
412 645 120 28 anledning
548 645 24 22 af
585 644 81 29 nådiga
676 644 163 30 propositionen

87 689 35 14 n:o
141 682 37 27 31,
198 680 115 28 angående
332 681 78 27 anslag
428 680 33 21 till
480 679 125 23 inrättande
626 681 25 20 af
663 680 127 28 folkskolor,
807 679 32 22 till

88 715 139 28 anläggande
248 715 24 21 af
289 721 43 21 nya
352 714 306 22 kommunikationsanstalter
674 717 57 19 samt
747 714 31 21 till
795 717 44 19 sär-

87 750 73 22 skilda
175 749 69 22 andra
260 749 167 28 allmännyttiga
443 748 91 29 företag.

155 784 71 22 Jemte
245 783 37 22 det
297 783 154 29 ridderskapet
467 784 39 21 och
523 783 64 22 adeln
602 784 50 21 ville
668 783 87 22 förorda
769 784 32 20 att
817 782 25 22 af

87 819 147 27 bevillningen
258 818 75 21 främst
357 818 66 22 borde
445 818 53 28 utgå
520 818 37 22 det
578 817 140 23 härförinnan
738 817 101 22 beslutna

87 854 101 27 anslaget
214 852 33 22 till
270 852 217 22 folkskoleväsendet
509 853 6 21 i
539 852 85 28 landet,
647 852 82 22 beslöts
753 854 32 19 att
808 853 31 19 ett

87 887 180 28 amorteringslån
295 886 32 22 till
351 886 104 23 nominelt
478 887 79 28 belopp
581 887 25 21 af
624 887 65 27 högst
712 886 126 29 18,000,000

87 923 62 21 mark
165 922 70 22 skulle
251 923 118 27 upptagas,
386 913 84 31 fvilket
485 922 46 27 lån,
548 922 72 21 tillika
636 921 49 21 med
696 920 143 23 öfverskottet

88 958 24 22 af
128 957 101 27 anslaget
247 956 48 22 från
310 956 127 22 brännvins-
454 957 40 21 och
509 955 230 29 bevillningsmedlen,
755 954 84 22 utöfver

87 992 127 22 annuiteten
231 991 13 21 å
258 991 60 21 lånet
335 991 40 21 och
390 990 102 28 anslaget
507 990 32 22 till
554 990 159 26 folkskolorna,
728 988 67 22 borde
806 988 33 22 till

87 1026 114 23 utförande
229 1026 26 22 af
277 1026 71 28 öfriga
369 1026 84 27 jemväl
479 1025 101 23 beslutna
606 1025 90 21 arbeten
719 1023 120 23 användas.

87 1061 43 22 Till
146 1061 98 22 annuitet
258 1060 14 22 å
288 1060 68 27 sagde
369 1060 37 22 lån
421 1060 58 27 finge
495 1059 68 23 likväl
579 1060 7 21 i
602 1060 54 21 intet
671 1058 39 22 fall
726 1058 113 22 användas

88 1103 45 15 mer
153 1098 27 19 än
199 1094 59 23 hvad
278 1095 25 21 af
320 1095 106 27 anslagen
445 1095 33 21 till
497 1094 61 22 detta
577 1093 102 22 ändamål
698 1093 48 22 från
761 1092 78 22 bränn-

87 1131 139 22 vinsskatten
249 1130 40 22 och
308 1129 146 28 bevillningen
474 1129 96 28 utginge.
600 1127 139 23 Beträffande
761 1125 80 30 sjelfva

88 1164 226 29 bevillningsstadgan
331 1164 6 21 i
353 1163 150 23 betänkandet
520 1166 77 25 antogs
612 1163 127 22 densamma
749 1161 25 22 af
781 1161 58 22 stån-

89 1200 37 22 det
141 1199 50 23 med
205 1198 97 29 följande
317 1198 158 29 förändringar,
493 1198 78 28 tillägg
586 1197 40 22 och
642 1197 107 27 rättelser,
765 1195 74 22 nemli-

88 1241 52 22 gen:
160 1235 13 26 $
193 1235 12 20 3
221 1233 93 28 gillades
330 1233 49 22 med
396 1233 42 22 den
454 1233 102 27 ändring,
574 1234 31 20 att
620 1238 78 16 senare
714 1230 125 28 meningen:

90 1268 132 28 ,utländska
243 1267 204 28 försäkringsbolag
469 1269 78 25 utgöra
565 1273 83 15 samma
668 1264 121 27 bevillning
807 1263 34 23 för

88 1303 124 22 inkomsten
232 1302 26 21 af
274 1301 65 22 deras
359 1302 81 21 rörelse
461 1301 59 22 inom
534 1300 104 27 Finland,
655 1299 67 28 enligt
738 1300 102 25 agenters

88 1337 98 29 uppgift"
206 1336 71 22 skulle
298 1335 46 22 från
365 1337 14 26 &
397 1335 116 28 uteslutas;
529 1336 13 26 8
558 1335 14 20 4
587 1333 139 28 godkändes,
743 1332 49 21 med
807 1331 33 22 til-

89 1373 53 26 lägg
157 1370 25 22 af
194 1370 62 22 ordet
272 1369 73 27 ,frän*
363 1369 54 22 efter
433 1369 37 22 det
485 1369 14 22 &
514 1369 69 22 andra
598 1367 68 23 raden
678 1367 46 22 deri
734 1366 107 22 förekom-

89 1405 80 23 mande
189 1405 61 22 ordet
270 1405 93 27 ,samt;*
385 1405 13 26 &
416 1404 12 22 5
445 1405 78 27 antogs
538 1403 7 22 i
561 1402 64 28 öfrigt
639 1404 59 20 utom
714 1402 32 20 att
761 1402 80 26 uttryc-

90 1440 38 21 ket
149 1438 141 27 ,inhemska"
310 1438 7 20 i
336 1444 63 15 mom.
419 1444 14 14 a
451 1438 71 21 skulle
537 1437 62 26 utgå;
615 1438 13 24 8
644 1438 12 19 6
673 1435 103 27 gillades,
792 1433 51 21 med

113 1475 55 24 Högv.
182 1474 132 18 Prestaståndets
326 1474 66 18 Protok.
416 1472 36 17 III.
754 1472 21 15 50
