1023 1767
209 137 40 20 646

180 201 100 21 hvarföre
301 200 124 22 desammas
445 198 155 28 emottagande
616 198 7 21 i
638 198 96 22 kronans
750 198 99 28 uppbörd
864 198 68 22 borde

181 236 75 20 kunna
271 234 115 28 påbjudas.

249 268 212 28 Kontraktsprosten
479 267 76 22 Sirén
573 266 52 22 ville
644 266 66 22 hafva
728 266 69 22 första
815 269 117 20 momentet

182 303 24 23 af
219 304 117 21 utskottets
352 301 140 23 betänkande
507 301 117 23 inskränkt
637 301 33 21 till
686 301 78 22 endast
779 301 27 22 de
822 303 32 20 tre
864 302 70 22 första

182 338 94 21 raderna
296 337 65 22 deraf
378 337 53 21 eller
449 338 33 20 att
499 336 63 22 detta
576 338 95 19 moment
686 336 88 22 således
789 336 71 22 skulle
876 336 58 22 sluta

183 372 51 22 med
253 365 77 29 orden:
347 370 87 29 ,kunde
449 371 59 21 finna
523 370 53 28 godt
591 370 7 21 i
614 370 68 22 nåder
697 370 142 22 bestämma".
869 370 64 22 Tala-

183 414 38 15 ren
243 406 74 22 kunde
342 406 49 21 icke
412 405 54 27 gilla
489 404 124 29 principen:
634 412 106 15 summum
756 405 38 27 jus
815 405 59 22 salus
894 406 40 21 rei-

183 441 111 29 publicae,
311 442 23 27 ty
350 440 61 22 detta
426 439 73 23 kunde
515 439 45 22 lika
575 439 41 22 lätt
630 439 68 22 blifva
714 439 161 29 despotismens
889 440 45 22 val-

184 476 76 28 språk,
277 482 47 16 som
338 474 111 22 frihetens.

252 509 160 30 Kyrkoherden
443 509 110 22 Castrén
584 508 92 22 menade
707 510 32 20 att
770 509 166 29 bestämningen

184 546 84 27 derom,
285 546 32 20 att
332 544 154 22 donatarierne
499 543 59 22 inom
574 544 27 20 10
617 544 24 21 år
656 543 70 22 skulle
742 544 105 28 antingen
861 544 7 21 i
878 544 58 28 godo

185 580 87 21 afträda
287 579 33 22 till
336 579 48 22 sina
399 578 106 22 landboer
520 578 64 22 deras
599 578 161 22 innehafvande
772 578 101 22 hemman
885 578 52 22 eller

186 614 54 22 efter
260 613 94 23 nämnde
374 613 44 22 tids
438 613 85 29 förlopp
544 620 53 15 vara
617 612 102 28 skyldige
733 616 55 24 göra
803 613 61 22 detta
880 616 58 19 emot

185 650 72 26 lösen,
277 655 46 16 som
341 648 58 27 finge
418 648 25 21 af
459 648 189 28 kompromissrätt
667 648 144 28 bestämmas,
826 654 40 16 var
880 647 58 23 både

186 684 91 22 orättvis
294 683 39 22 och
349 682 131 22 kränkande
495 682 166 28 äganderätten.
692 683 43 21 Det
750 682 74 22 kunde
838 685 100 25 nogsamt

186 718 60 22 inses
269 720 32 19 att
324 717 143 28 landboerne,
488 718 7 20 i
515 716 146 22 medvetande
681 716 25 22 af
724 716 62 22 detta
805 717 133 28 stadgande,

187 752 129 23 tredskades
336 754 32 20 att
386 752 59 21 inom
464 751 95 22 nämnde
578 751 32 21 tid
625 751 53 27 ingå
693 752 69 26 några
778 751 161 23 öfverenskom-

188 788 79 21 melser
287 789 56 20 samt
363 786 45 22 helt
429 786 40 22 och
489 786 69 22 hållet
576 785 140 23 vanhäfdade
732 786 48 22 sina
796 786 99 22 äboende
909 787 30 21 lä-

188 822 110 28 genheter,
318 821 76 21 hvilka
413 821 28 22 de
456 821 69 21 sedan
541 821 55 21 efter
610 820 200 28 kompromissrätts
826 821 114 29 uppskatt-

188 856 53 28 ning
262 856 58 28 finge
343 856 73 22 tillösa
438 856 33 27 sig
494 856 55 21 efter
572 856 36 21 det
630 856 62 26 ringa
715 855 69 22 värde
803 855 49 22 dem
868 856 72 22 säsom

188 890 140 22 vanhäfdade
343 890 74 22 kunde
433 891 91 21 äsättas.

256 924 126 23 Professorn
407 924 100 22 Geitlin
530 932 39 14 var
591 931 53 15 ense
666 924 51 22 med
735 924 206 29 kontraktsprosten

189 960 63 22 Sirén
271 959 83 28 derom,
373 961 32 20 att
424 960 25 21 sä
467 959 22 22 få
509 959 71 22 vilkor
599 965 47 16 som
660 959 86 28 möjligt
761 959 71 22 skulle
848 960 94 21 bestäm-

189 1002 47 14 mas
258 994 39 22 och
318 994 88 22 säledes
427 994 78 22 endast
526 994 78 28 början
624 993 25 21 af
665 994 71 21 första
750 996 118 20 momentet
884 994 6 21 i
906 994 35 22 be-

189 1029 123 21 tänkandet
326 1028 132 29 bibehållas,
475 1031 57 19 samt
547 1028 101 22 biträdde
664 1028 109 22 likaledes
788 1028 154 29 kyrkoherden

191 1063 103 22 Castréns
310 1063 143 22 nästanförda
467 1062 109 30 yttrande.

258 1098 91 21 Prosten
364 1098 27 20 H.
407 1098 92 21 Heikel
515 1097 52 22 ville
581 1100 57 18 ännu
653 1097 58 22 fästa
722 1098 221 28 uppmärksamheten

190 1132 86 28 dervid,
297 1134 32 19 att
349 1132 106 21 utskottet
469 1132 8 21 i
493 1131 91 22 främsta
599 1134 91 20 rummet
705 1132 98 22 förordat
819 1132 124 22 donations-

190 1166 141 21 hemmanens
351 1165 85 22 inlösen
451 1166 30 27 på
495 1166 71 26 grund
582 1166 25 20 af
619 1166 104 26 frivilliga
739 1166 205 22 öfverenskommel-

190 1206 41 20 ser,
253 1200 40 21 och
314 1199 78 22 endast
408 1200 32 21 för
455 1200 43 22 den
513 1200 115 28 händelse,
645 1202 33 19 att
693 1200 86 22 sådana
792 1200 50 22 icke
857 1200 87 22 komme

190 1234 32 20 till
246 1233 65 22 stånd
334 1233 68 22 under
423 1233 109 29 förloppet
555 1233 25 22 af
601 1235 26 20 10
650 1234 30 28 år,
702 1236 74 20 ansett
791 1234 153 22 donatarierne

190 1268 54 21 böra
260 1267 175 29 skyldigkännas
451 1270 32 19 att
499 1270 111 25 emottaga
624 1268 68 22 lösen.
722 1268 65 22 Emot
797 1268 106 28 förslaget
914 1272 31 18 att

190 1302 45 20 låta
255 1302 89 26 frågans
365 1302 90 26 slutliga
475 1302 87 27 lösning
582 1302 52 21 bero
656 1302 33 20 till
704 1304 66 19 nästa
784 1302 108 28 landtdag
907 1310 37 14 an-

190 1334 85 22 märkte
294 1337 98 25 prosten,
412 1337 32 19 att
466 1336 125 26 säkerligen
611 1342 27 15 en
657 1336 161 27 skeppsbruten
832 1336 50 22 icke
897 1343 48 22 spe-

187 1370 55 28 jade
260 1370 55 22 efter
333 1372 31 20 ett
383 1370 115 22 räddande
517 1371 61 27 segel
599 1370 49 22 med
666 1373 71 19 större
756 1371 92 28 ängslan
865 1374 28 19 än
909 1371 36 22 do-

191 1405 200 22 nationsbönderne
412 1405 102 22 blickade
536 1408 45 19 mot
600 1405 136 29 landtdagen
752 1406 41 22 och
808 1406 52 23 dess
875 1406 71 29 tillgö-

191 1440 83 22 randen
290 1440 33 23 för
337 1440 65 24 deras
416 1440 102 23 befrielse
533 1440 47 23 från
592 1441 131 29 godtyckets
734 1441 72 23 välde.
835 1442 34 22 De
880 1441 66 23 borde
