1028 1798
768 125 26 20 13

78 192 63 21 ranti.
171 191 253 28 Kristendomskunskap
440 191 95 22 deremot
550 197 38 15 var
602 190 125 27 erforderlig
737 190 33 22 för
780 190 44 21 alla

79 226 250 28 samhällsmedlemmar,
351 227 19 26 ej
392 226 94 21 allenast
504 226 33 21 för
556 225 42 22 den
613 225 78 27 fattiga
706 225 53 20 eller
774 225 48 20 obe-

79 263 63 20 sutna
163 261 161 26 befolkningen.
354 261 62 21 Dock
434 260 74 21 härom
528 267 39 14 var
586 260 49 21 icke
650 259 62 27 fråga
726 259 98 22 hvarken

78 296 7 20 i
101 295 42 21 den
158 295 119 28 kejserliga
292 295 160 28 propositionen
468 295 52 21 eller
535 294 154 21 betänkandet.

145 330 90 21 Prosten
254 329 20 22 J.
293 330 17 20 I.
325 329 101 27 Bergh:
448 329 100 21 Rörande
564 329 136 28 principerna
715 329 7 20 i
737 328 85 21 förhan-

79 363 138 22 denvarande
232 363 82 28 nådiga
328 363 140 28 proposition,
484 363 62 21 utber
556 363 41 28 jag
610 363 44 26 mig
669 362 22 21 få
705 365 54 25 göra
769 363 54 20 blott

78 399 37 20 två
137 398 177 28 anmärkningar;
338 398 75 21 dervid
434 398 34 21 för
490 398 36 21 det
548 398 68 21 första
639 399 30 19 ett
691 398 78 27 tillägg
791 397 32 21 till

78 433 138 28 domprosten
231 433 69 26 Borgs
315 433 107 27 yttrande.
452 433 10 20 I
477 432 69 21 likhet
561 432 49 21 med
625 432 198 27 herr-domprosten

77 468 44 20 kan
137 468 49 21 icke
202 467 67 21 heller
280 467 41 28 jag
336 467 53 27 gilla
404 467 121 28 professorn
541 467 133 22 Schaumans
685 466 137 21 anmärknin-

77 509 39 21 gar
131 504 57 19 emot
201 501 167 27 ifrågavarande
382 502 108 28 principer
504 502 8 21 i
527 501 57 22 både
595 501 42 22 den
647 501 118 28 kejserliga
775 507 47 22 pro-

77 538 122 26 positionen
221 536 40 22 och
284 537 116 22 utskottets
422 537 146 21 betänkande.
598 537 43 27 Jag
659 536 78 22 förstår
753 536 35 22 väl
803 536 18 28 ej

77 574 48 26 rätt,
142 572 57 21 hvad
214 571 49 22 herr
278 572 123 27 professorn
416 572 86 28 önskar,
519 572 28 21 dä
562 572 43 20 han
620 578 25 14 ur
659 571 103 21 frihetens
773 578 49 21 syn-

77 607 68 27 punkt
165 606 24 21 så
204 606 99 28 afgjordt'
314 606 119 28 bekämpar
447 606 75 27 hvarje
536 606 95 28 anspråk
646 606 29 28 på
690 606 85 26 garanti
790 606 32 21 för

77 640 42 22 den
138 641 105 20 obesutna
262 640 166 27 befolkningens
448 640 138 27 sjelfförsvar,
608 640 38 21 och
661 640 68 21 likväl
746 639 75 22 erkän-

76 682 39 14 ner
129 674 191 28 nödvändigheten
336 674 24 20 af
368 674 130 21 åtminstone
509 674 81 27 stadigt
601 674 92 21 hemvist
704 674 39 21 och
755 674 67 21 skatt-

77 710 116 26 skrifning;
211 716 49 14 men
276 708 72 22 såvidt
359 709 42 27 jag
413 709 90 28 fattade,
523 708 97 22 uttalade
636 709 49 21 herr
699 708 122 28 professorn

76 752 27 14 en
122 744 98 21 bestämd
236 743 181 22 förkastelsedom
434 743 58 21 öfver
508 744 29 20 all
551 743 173 27 garantifordran
740 743 6 21 i
763 743 59 21 detta

77 778 109 22 afseende.
216 778 42 21 För
280 778 44 20 min
347 778 34 21 del
401 778 43 21 kan
456 778 42 27 jag
514 778 18 28 ej
548 778 53 27 inse,
617 778 53 21 huru
685 778 67 27 något
767 785 55 16 sam-

76 813 52 21 fund
144 812 56 22 skall
216 813 73 21 kunna
304 813 63 21 bestå
382 814 51 20 utan
449 813 44 21 alla
504 813 110 27 garantier
623 812 32 22 för
666 812 156 28 medlemskap.

76 849 43 20 Det
134 848 55 20 finns
205 847 66 21 också
286 847 49 21 icke
351 848 71 26 någon
438 848 139 26 gemenskap,
594 848 71 26 någon
681 846 99 28 förening
793 847 28 21 el-

75 883 31 21 ler
122 889 37 14 ens
176 882 36 21 det
227 882 74 21 friaste
318 882 104 28 samfund,
439 882 38 22 der
493 882 17 27 ej
524 882 70 27 någon
606 882 132 28 förpligtelse
750 882 71 21 skulle

75 917 84 21 fordras
182 917 32 21 för
236 918 32 19 att
288 919 109 19 motsvara
420 917 134 21 samfundets
572 917 101 28 väsende,
689 916 132 28 förverkliga

76 952 50 21 dess
149 951 101 21 ändamål
274 951 39 21 och
336 951 126 28 respektera
484 951 50 22 dess
556 952 98 27 ordning.
683 951 50 22 Alla
753 951 69 21 andra

76 986 138 22 medlemmar
236 986 7 20 i
266 986 36 20 det
325 986 123 27 borgerliga
468 986 128 28 samfundet,
610 986 108 27 nemligen
735 986 26 21 de
776 993 46 14 som

75 1020 118 22 innefattas
216 1020 68 22 under
306 1020 126 28 kategorien
456 1021 97 27 besutna,
577 1020 90 28 erbjuda
685 1020 26 28 ju
736 1021 41 21 ock
801 1020 18 28 ej

75 1056 54 21 blott
145 1056 26 20 de
187 1055 166 27 ifrågavarande
369 1056 144 27 garantierna,
530 1058 51 19 utan
598 1055 63 22 äfven
671 1056 87 28 mycket
769 1055 52 21 flera

75 1090 40 22 och
134 1097 59 15 mera
208 1090 110 22 bindande
334 1096 77 21 genom
427 1092 31 20 att
472 1091 28 27 på
515 1091 66 27 något
596 1092 43 20 sätt
655 1097 52 15 vara
722 1093 99 19 närmare

74 1124 103 28 infogade
201 1124 7 21 i
230 1124 252 28 samhällsorganismen:
506 1128 24 18 är
552 1125 36 21 det
608 1124 28 22 då
652 1125 41 21 den
708 1125 113 27 fattigaste

75 1159 199 28 samhällsklassen,
292 1159 41 21 den
349 1159 7 21 i
371 1160 113 26 materielt,
501 1159 144 22 intellektuelt
657 1160 39 20 och
707 1159 114 21 moraliskt

75 1194 102 21 afseende
198 1194 57 26 lägst
276 1193 89 22 stående
382 1194 38 21 och
437 1194 85 21 derföre
536 1194 66 21 minst
616 1194 105 27 pålitliga,
738 1201 46 15 som
800 1194 19 28 ej

73 1228 94 22 behöfde
190 1228 90 27 erbjuda
302 1228 71 27 någon
393 1228 83 27 garanti
496 1227 32 22 för
542 1228 141 22 erkännande
697 1228 39 21 och
751 1228 69 28 åtlyd-

73 1264 44 20 nad
141 1263 24 21 af
185 1262 240 27 samhällsordningen?
455 1263 44 26 Mig
515 1270 70 20 synes,
602 1264 31 19 att
648 1263 171 27 abstraktionen,

73 1298 33 20 till
122 1297 41 21 den
179 1297 125 27 personliga
319 1296 103 22 frihetens
439 1296 145 28 erkännande,
601 1296 78 22 skridit
694 1304 43 20 nog
752 1296 67 28 långt,

74 1332 28 21 då
122 1330 242 23 utskottsbetänkandet
383 1331 19 27 ej
423 1331 83 21 fordrar
522 1338 45 14 mer
582 1334 27 18 än
626 1331 81 27 ,lofligt
722 1331 97 27 närings-

73 1366 52 27 fång
136 1366 53 21 eller
199 1366 81 26 stadigt
290 1365 98 29 hemvist,
401 1366 166 27 skattskrifning
578 1365 38 21 och
628 1365 105 27 erlaggda
743 1365 77 22 krono-

73 1400 133 29 utskylder*,
226 1400 64 21 alltså
310 1399 54 22 blott
380 1400 64 22 dessa
459 1402 38 26 tre,
514 1400 110 21 allramest
639 1400 112 21 abstrakta
767 1407 52 21 som,

73 1438 53 19 nära
141 1441 52 21 nog,
205 1434 73 22 kunna
289 1434 86 22 tänkas,
394 1435 37 20 Att
442 1435 75 20 skrida
527 1435 75 26 längre
613 1434 119 28 upphäfver
743 1435 77 27 sjelfva
