1017 1786
220 139 39 21 132

258 203 122 27 Föredrogs
404 204 30 20 ett
456 202 48 22 från
527 201 99 22 ståndets
647 201 100 23 enskilda
766 201 176 23 besvärsutskott

190 239 120 21 inkommet
326 238 25 21 så
364 236 97 29 lydande
476 236 151 22 betänkande:

260 290 8 9 n
272 272 43 27 Till
337 271 136 27 högvördiga
494 270 164 28 prestaständet
676 270 41 22 har
736 270 205 28 kontraktsprosten

190 307 54 21 Karl
258 305 93 23 Fredrik
367 305 111 22 Stenbäck
494 304 86 28 ingifvit
591 306 31 20 ett
632 304 195 29 petitionsförslag,
840 304 101 29 syftande

191 341 91 28 derhän,
305 342 32 19 att
359 339 7 22 i
388 339 76 22 landet
486 339 100 22 vistande
609 339 127 28 ziguenare,
760 339 76 21 hvilka
855 339 33 21 till
904 339 38 21 det

190 377 70 20 mesta
279 374 64 28 pläga
363 373 45 22 helt
428 373 40 22 och
488 373 68 22 hållet
576 373 144 27 undandraga
742 373 34 27 sig
798 373 42 22 den
856 373 85 22 kristna

190 409 166 27 församlingens
381 407 81 28 sedligt
484 407 130 22 förädlande
638 407 119 28 inflytelse,
783 409 56 20 samt
862 415 78 20 genom

189 444 38 22 sitt
249 442 152 28 kringirrande
423 441 132 22 lefnadssätt
576 441 40 22 och
637 441 33 22 sin
696 442 124 28 väldsama,
844 442 26 21 af
888 443 53 21 alle-

189 478 74 21 handa
282 478 57 21 brott
358 477 40 21 och
412 477 68 21 laster
498 476 137 22 betecknade
655 476 99 22 framfart
768 476 76 28 injaga
859 477 81 22 skräck

188 513 40 22 och
246 512 64 28 afsky
328 511 40 22 hos
389 511 42 22 den
452 511 93 28 fredliga
564 511 230 28 landtbefolkningen,
814 511 127 29 isynnerhet

189 547 49 22 dem
260 553 47 16 som
330 546 27 21 bo
379 552 61 15 mera
462 546 92 27 aflägset
575 545 47 22 från
641 548 71 19 tätare
732 546 102 21 bebodda
849 547 90 28 trakter,

189 582 40 21 och
247 581 141 27 hvarigenom
408 580 168 27 ifrågavarande
593 580 110 28 olycklige
719 580 127 28 fremlingar
860 581 8 21 i
884 588 54 14 sam-

188 616 68 21 hället
272 616 93 20 utsättas
385 614 33 22 för
437 614 103 28 ständiga
554 614 162 28 förvecklingar
731 614 50 22 med
797 614 27 22 de
840 615 98 28 myndig-

188 650 61 21 heter
272 649 40 22 och
334 649 142 27 tjenstemän,
500 648 76 22 hvilka
596 648 138 28 sedepolisen
750 649 40 21 och
806 649 132 28 ordningens

186 682 192 30 upprätthållande
394 684 97 20 närmast
505 683 90 27 åligger,
612 683 67 21 måtte
694 690 79 20 genom
789 683 6 21 i
810 683 128 28 grundlags-

187 719 59 27 enlig
264 720 43 26 väg
321 717 135 27 vidtagande
471 718 78 27 tjenlig
564 717 76 27 åtgärd
657 718 111 27 bibringas
784 718 87 27 kristlig
887 725 51 21 upp-

186 753 83 22 fostran
284 752 40 22 och
340 752 166 27 undervisning,
522 752 112 22 äfvensom
650 754 32 19 att
697 752 163 28 presterskapet
874 752 63 22 fram-

187 788 60 22 deles
270 787 60 28 icke,
351 786 8 22 i
379 786 55 22 strid
456 786 50 22 med
528 786 34 22 sin
585 786 139 28 embetspligt
743 787 40 21 och
800 787 137 27 evangelisk-

184 822 114 22 lutherska
317 820 99 30 kyrkans
435 821 145 28 bekännelse,
600 821 36 21 må
654 821 86 28 tvingas
756 824 32 19 att
803 822 84 21 befatta
903 822 34 28 sig

185 856 50 22 med
255 856 82 22 sådane
358 856 127 27 ziguenares
506 856 132 28 absolution,
663 863 34 14 om
718 856 76 22 hvilka
811 856 125 22 kännedom

184 891 82 22 saknas
287 890 106 21 huruvida
414 890 27 21 de
462 892 37 19 äro
522 890 66 28 döpte
607 890 33 21 till
656 890 42 21 den
714 890 85 22 kristna
814 890 122 22 församlin-

184 931 54 22 gens
256 924 147 29 gemenskap,
425 924 40 21 och
481 924 76 21 hvilka
578 924 99 27 föröfrigt
697 925 71 21 sakna
788 925 30 21 all
834 925 102 28 kunskap

182 959 8 22 i
205 959 175 22 kristendomens
395 959 190 27 grundsanningar
601 961 56 19 samt
671 959 47 22 visa
734 959 34 28 sig
784 959 150 28 otillgänglige

182 993 34 22 för
238 993 42 22 den
302 993 166 28 undervisning,
492 993 50 22 dem
561 993 7 21 i
588 993 92 22 berörde
700 993 126 23 hänseende
842 995 44 21 kan
902 1001 32 16 er-

181 1028 85 28 bjudas.

249 1063 68 21 Detta
340 1061 175 29 önskningsmål,
539 1069 46 15 som
609 1062 37 22 det
665 1063 135 27 högvördiga
824 1063 110 22 ståndet
922 1057 15 37 i

181 1097 105 22 afseende
305 1097 13 21 å
336 1096 121 28 beredning
472 1097 144 22 öfverlemnat
631 1097 32 21 till
680 1097 51 22 dess
746 1097 186 29 besvärsutskott,

180 1131 40 22 har
235 1131 107 22 utskottet
352 1131 144 22 underkastat
507 1131 90 28 behörig
607 1131 113 28 pröfning
716 1127 9 36 ;
732 1132 39 21 och
783 1131 33 22 får
826 1132 106 22 utskottet

180 1173 38 20 nu,
230 1165 70 28 jemte
311 1165 37 22 det
364 1166 208 27 remissprotokollet
583 1166 133 27 återställes,
733 1166 100 21 deröfver
848 1166 34 21 till
895 1167 37 21 det

179 1199 137 27 högvördiga
332 1199 87 21 ståndet
434 1199 112 21 vördsamt
562 1199 94 21 aflemna
671 1200 97 27 följande
780 1200 151 22 betänkande:

247 1234 43 20 Det
309 1236 24 18 är
351 1240 27 14 en
394 1234 50 20 svår
464 1234 40 20 och
524 1234 175 27 bekymmersam
720 1233 132 28 erfarenhet,
874 1241 56 21 som,

178 1267 136 21 beträffande
334 1267 126 28 ziguenare,
481 1267 71 22 blifvit
570 1267 64 28 gjord
649 1268 7 20 i
672 1267 44 22 alla
731 1268 99 27 Europas
845 1268 85 21 kristna

177 1301 83 22 länder.
291 1301 131 28 Upprepade
438 1301 74 22 försök
529 1301 25 22 af
566 1301 154 28 mångahanda
735 1302 40 21 och
789 1302 140 22 sinsemellan

177 1335 61 21 olika
253 1335 49 27 slag
316 1335 66 22 hafva
397 1335 100 21 öfverallt
508 1335 114 28 vidtagits,
634 1335 32 22 för
677 1337 32 20 att
720 1342 34 15 om
765 1335 85 28 möjligt
861 1337 69 26 tämja

177 1369 72 21 denna
264 1369 116 21 folkstams
395 1369 61 21 vilda
472 1369 100 27 sinnelag
588 1369 39 21 och
644 1369 66 28 vänja
726 1369 51 22 dess
788 1369 141 22 medlemmar

176 1403 37 22 vid
233 1406 31 19 ett
284 1403 93 22 ordnadt
396 1403 178 29 samhällsskick,
592 1406 56 19 samt
663 1411 78 20 genom
758 1406 32 19 att
805 1403 133 30 dymedelst'

175 1437 115 23 förvandla
310 1438 50 22 dem
379 1438 33 21 till
432 1438 86 29 nyttiga
538 1438 142 28 medborgare
704 1439 136 27 smäningom
864 1439 64 22 inför-
