1017 1823
773 133 40 23 275

90 199 136 29 statsanslag
248 199 33 23 till
305 199 171 29 organiserande
498 199 26 22 af
539 206 27 16 en
584 202 70 20 större
669 199 82 23 anstalt
764 200 8 22 i
787 200 53 22 mid-

89 237 37 19 ten
154 235 25 21 af
202 235 76 21 landet
304 235 34 21 för
363 234 112 22 vårdande
498 234 25 22 af
542 235 66 21 minst
630 234 116 22 etthundra
769 234 25 22 af
813 234 27 22 de

88 269 112 28 olyckliga
222 269 186 28 medmenniskor,
431 268 76 22 hvilka
530 272 37 18 äro
589 268 117 22 beröfvade
725 268 115 22 förnuftets

88 303 52 28 ljus,
162 303 41 21 och
223 303 88 22 hvilkas
330 303 54 22 vård
404 305 64 25 utgör
488 305 30 20 ett
534 304 60 21 svårt
608 303 128 28 bekymmer
750 303 34 21 för
798 303 41 21 för-

88 337 158 29 samlingarna,
267 338 32 21 dit
314 338 124 27 desamma,
454 337 55 22 efter
524 338 13 21 å
551 337 197 22 länelasaretterna
762 336 78 22 under-

89 372 87 28 gången
200 372 37 21 två
255 372 116 22 månaders
390 371 139 29 profdårkur,
550 372 46 22 ofta
613 372 34 21 till
665 371 37 22 sitt
722 372 118 21 sinnestill-

90 406 64 22 stånd
176 406 144 29 försämrade,
344 406 140 29 återsändas,
504 406 92 22 emedan
614 408 106 26 utrymme
738 406 33 22 för
791 406 49 22 dem

89 441 29 28 på
140 441 62 27 långt
224 444 40 19 när
285 442 50 21 icke
358 441 43 21 kan
421 441 93 22 beredas
533 441 7 21 i
556 440 27 22 de
599 442 81 20 tvänne
696 440 144 22 dårvårdsan-

89 476 85 27 stalter,
198 476 75 22 hvilka
295 483 29 14 nu
345 476 8 21 i
375 475 75 22 landet
472 476 126 27 förefinnas;
622 475 40 22 och
682 476 28 21 då
726 476 27 21 de
768 476 8 21 i
792 476 49 21 sina

88 510 109 22 hemorter
219 511 45 22 helt
287 511 40 22 och
349 510 69 22 hållet
441 511 85 28 nödgas
544 511 71 22 sakna
630 510 42 22 den
688 511 152 21 ändamålsen-

89 545 46 28 liga
157 545 39 22 och
220 545 146 23 kärleksfulla
388 545 144 28 omvårdnad,
556 552 46 15 som
624 547 25 19 är
671 545 25 22 så
714 545 126 28 nödvändig

89 579 33 22 för
138 579 64 23 deras
218 580 99 22 tillstånd
328 580 40 21 och
378 580 74 22 allena
462 581 45 21 kan
517 580 131 28 möjliggöra
658 580 64 22 deras
733 579 106 29 botande,

89 614 40 22 har
151 615 144 27 petitionären
314 617 72 20 ansett
406 615 37 22 det
463 622 53 15 vara
535 622 27 15 en
580 614 87 29 kristlig
685 615 40 22 och
741 614 99 22 medbor-

90 649 70 28 gerlig
178 650 55 27 pligt
252 652 32 19 att
304 650 68 27 något
388 650 89 28 gjordes
496 649 33 22 för
543 649 64 22 desse
623 649 121 29 olycklige,
761 651 57 20 samt
832 649 8 22 i

90 683 80 22 sådant
189 684 104 22 afseende
311 684 114 28 föreslagit
443 684 135 22 inrättandet
596 684 25 21 af
636 691 27 15 en
682 685 25 21 så
725 683 115 22 beskaffad

90 720 69 20 större
175 719 197 28 dårvårdsanstalt,
389 726 46 15 som
450 719 7 21 i
473 719 37 22 det
527 718 133 28 föregående
676 718 108 29 antyddes
799 718 40 22 och

89 753 64 22 hvars
176 753 68 22 första
267 753 135 28 anläggning
425 753 96 28 antagits
544 753 97 22 erfordra
662 759 27 16 en
707 752 95 23 kostnad
818 752 25 23 af

89 788 151 27 ungefärligen
262 788 197 28 fyrahundratusen
482 787 72 28 mark,
578 788 112 22 hvaremot
713 787 37 22 det
770 787 70 28 årliga

90 823 137 21 underhållet
242 825 84 20 ansetts
342 823 74 22 kunna
431 823 51 21 med
497 822 135 23 sextiotusen
647 822 62 22 mark
724 822 116 22 bestridas.

158 857 78 22 Denna
256 857 63 28 fråga
338 857 39 22 har
396 856 106 23 utskottet
517 857 56 28 tagit
588 857 69 22 under
672 857 168 22 skärskådande

90 891 40 23 och
146 891 33 22 får
194 892 28 28 på
237 892 37 22 det
289 894 109 20 varmaste
413 891 120 29 tillstyrka,
550 894 32 20 att
597 891 137 28 underdånig
748 891 92 28 petition

90 927 68 21 måtte
178 926 25 22 af
220 926 36 22 det
277 926 135 29 högvördiga
432 926 162 28 prestaständet
614 929 65 25 göras
697 926 7 21 i
720 926 38 22 det
773 926 66 28 syfte,

90 968 47 15 som
157 961 65 22 ofvan
241 961 70 23 finnes
332 961 102 28 angifvet.
464 961 58 23 Lika
540 961 50 22 med
605 961 155 28 petitionären,
776 967 65 15 anser

90 995 64 22 äfven
170 996 106 22 utskottet
291 997 72 27 nägon
380 996 35 21 del
431 995 25 21 af
469 996 27 21 de
511 996 33 22 för
559 996 126 21 ändamälet
699 994 142 28 erforderliga

90 1030 87 22 medlen
192 1030 74 22 kunna
282 1037 78 21 genom
376 1030 42 22 den
429 1030 101 28 kristliga
540 1030 117 22 kärlekens
671 1029 103 29 frivilliga
785 1036 55 16 sam-

90 1064 112 22 manskott
217 1064 192 28 tillvägabringas;
425 1064 123 29 hvarutom,
565 1064 69 28 enligt
644 1064 118 22 utskottets
773 1064 68 28 äsigt,

91 1098 64 23 äfven
175 1098 27 22 de
218 1098 160 29 församlingar,
395 1098 47 22 från
458 1098 76 23 hvilka
549 1098 143 28 sinnessvage
707 1099 86 21 komme
809 1100 33 20 att

91 1133 33 22 till
150 1133 110 22 anstalten
285 1133 125 28 försändas,
434 1134 141 21 tvifvelsutan
598 1133 32 21 till
653 1132 51 23 dess
727 1132 115 23 underhåll

91 1174 69 21 gerna
178 1167 53 28 vilja
250 1168 72 22 lemna
340 1168 49 21 icke
406 1167 126 29 obetydliga
547 1167 87 28 bidrag,
651 1168 92 21 emedan
759 1167 82 22 oftabe-

92 1202 74 22 mälda
185 1202 123 28 olyckligas
328 1201 112 23 vårdande
460 1202 96 28 hemma,
576 1208 52 16 vore
649 1201 37 23 det
701 1204 28 20 än
745 1202 25 22 så
785 1201 56 22 otill-

91 1236 179 29 fredsställande,
290 1236 57 22 dock
367 1236 50 22 icke
436 1237 44 21 kan
499 1236 72 28 aflöpa
586 1238 53 20 utan
654 1236 114 22 kännbara
782 1236 59 22 kost-

92 1270 77 29 nader,
184 1272 127 28 bekymmer
322 1270 40 23 och
372 1271 174 27 besvärligheter
556 1270 33 22 för
599 1270 163 28 församlingen.
792 1271 49 21 Men

92 1312 47 16 som
161 1305 37 22 det
220 1306 7 21 i
250 1306 75 28 hvarje
348 1305 106 22 händelse
475 1306 69 21 likväl
568 1304 62 23 torde
652 1312 53 16 vara
726 1307 59 20 utom
804 1305 39 21 allt

92 1340 84 29 tvifvel,
197 1342 33 20 att
249 1347 79 21 genom
349 1340 65 22 dessa
435 1342 93 24 utvägar
548 1339 79 23 endast
645 1340 81 22 minsta
742 1339 64 22 delen
822 1340 26 22 af

94 1374 27 22 de
145 1375 83 27 nödiga
249 1375 147 27 tillgångarne
418 1374 34 22 för
475 1374 37 22 det
534 1374 94 23 afsedda
650 1374 127 22 ändamålet
799 1374 45 22 kan

93 1409 199 28 sammanbringas,
314 1409 102 27 hvarföre
435 1411 31 21 ett
487 1410 78 27 anslag
585 1410 25 21 af
630 1409 111 22 allmänna
761 1408 83 29 medel,

93 1443 33 21 till
148 1444 36 21 det
204 1443 139 28 ungefärliga
357 1444 80 29 belopp
452 1444 66 22 ofvan
532 1444 129 28 uppgifvits,
678 1444 69 26 enligt
762 1443 84 22 utskot-
