1025 1761
207 128 43 21 534

179 193 75 26 kunna
277 194 64 25 säga,
366 193 31 20 att
420 191 125 27 hållstugan
569 198 78 21 genom
666 192 266 28 entreprenadskjutsnin-

158 221 3 5 *
180 234 54 20 gens
249 226 115 22 införande
380 226 79 22 endast
473 226 87 22 komme
576 227 32 19 att
623 228 65 25 göras
704 226 32 21 till
746 226 113 28 perpetuel
870 227 64 21 skola

180 262 33 21 för
228 260 172 23 sedeförderfvet
415 260 59 22 inom
489 260 142 28 kommunen,
647 260 7 21 i
670 261 64 21 ställe
750 262 32 20 att
798 261 42 21 hon
854 268 29 14 nu
898 268 35 14 en-

182 296 49 26 dast
251 295 45 22 kan
317 297 66 25 sägas
404 301 52 15 vara
476 294 153 28 intermittent,
650 294 44 22 kan
709 295 41 28 jag
769 295 33 21 till
822 301 26 15 en
864 294 70 22 sådan

180 329 114 23 förmodan
314 329 50 22 icke
381 329 59 21 finna
458 329 73 27 någon
547 328 42 22 den
605 329 97 26 ringaste
718 329 70 27 grund
802 329 42 21 och
859 329 76 22 anled-

181 365 52 27 ning
251 364 8 22 i
278 366 76 25 annat,
374 366 28 19 än
422 365 31 20 att
472 363 49 22 herr
539 363 123 28 professorn
681 364 65 21 tänkt
761 363 34 28 sig
810 363 125 28 hållstugan

181 399 50 22 med
250 399 45 21 alla
315 399 49 21 sina
383 398 69 21 olater
474 397 156 28 gvarstäende,
649 397 66 23 ehuru
736 397 199 29 hållskjutsningen

182 440 51 15 vore
249 432 117 23 afskaffad.
395 433 49 22 Men
460 433 47 21 deri
519 433 48 27 just
581 433 71 27 ligger
667 432 122 28 misstaget.
818 433 117 28 Entrepre-

182 471 67 19 nören
268 467 108 22 bestrider
396 467 179 28 skjutsgöringen
593 474 79 20 genom
691 467 38 22 sitt
748 469 50 26 eget
814 467 57 28 folk,
888 468 48 21 sina

183 510 56 20 egna
254 502 94 29 tjenare,
364 508 46 15 som
422 502 48 27 just
486 502 7 21 i
506 502 56 21 hans
577 501 82 28 boning
670 501 66 22 hafva
746 502 38 21 sitt
794 501 56 22 hem.
881 502 54 21 Ord-

181 537 54 28 ning
253 537 40 22 och
312 536 110 28 sedlighet
441 536 40 22 hos
502 536 48 21 dem
569 536 70 21 måste
657 536 61 28 ligga
736 536 6 21 i
762 536 54 22 hans
832 536 103 28 intresse,

182 571 102 22 likavisst
299 578 47 14 som
361 571 8 20 i
384 570 76 28 hvarje
476 577 73 15 annan
563 570 126 22 husbondes
700 570 92 22 intresse
803 571 70 27 ligger
887 571 49 21 hus-

182 606 81 21 folkets
281 604 57 28 goda
358 604 63 22 skick
440 604 41 21 och
496 604 145 28 uppförande,
658 604 44 22 han
718 605 36 21 mä
768 604 104 22 använda
887 605 49 21 dem

183 640 33 21 till
235 639 84 22 hvilket
338 639 60 27 slags
418 638 70 28 lofligt
503 639 74 21 arbete
592 645 46 15 som
655 638 63 22 helst.
748 638 86 22 Sädant
849 641 25 19 är
889 639 47 21 der-

184 676 57 19 emot
257 674 18 27 ej
293 672 147 22 förhällandet
455 673 94 21 emellan
564 672 128 22 husbonden
709 673 40 21 och
765 673 28 21 de
806 673 131 27 skjutsande

183 708 38 22 vid
240 708 159 28 gästgifverier,
420 707 39 21 der
476 707 173 28 hällskjutsning
663 710 53 25 äger
731 714 53 15 rum.
814 708 50 22 Den
879 707 59 22 förra

184 750 35 15 ser
233 743 33 21 sin
282 742 72 22 fördel
370 741 78 23 endast
463 742 31 21 uti
510 744 33 19 att
558 742 29 27 pä
602 748 27 15 en
645 742 53 22 eller
713 749 73 15 annan
802 745 42 25 väg
859 742 78 28 bringa

184 777 27 21 de
228 783 77 16 senare
320 777 34 20 till
368 775 95 29 utgifter,
479 783 47 14 som
541 776 88 21 komma
644 776 64 22 huset
724 776 32 21 till
772 777 66 26 godo,
856 776 40 22 och
910 777 27 22 de

184 818 78 15 senare
281 811 56 21 fatta
353 810 33 22 sin
402 810 106 28 ställning
522 810 33 22 till
571 810 78 22 honom
665 811 57 21 blott
737 811 73 22 alltför
826 813 60 20 snart
902 818 35 15 en-

185 845 50 22 dast
253 845 73 22 säsom
345 844 157 28 vagabondens
523 845 33 21 till
571 845 34 22 sin
619 845 116 22 värdshus-
752 845 54 21 eller
821 845 116 28 krogvärd.

185 881 44 20 Det
246 882 24 18 är
288 879 56 21 ifrän
361 886 26 14 en
404 879 62 28 dylik
482 879 100 21 oklarhet
597 879 7 21 i
620 879 82 22 sakens
717 879 221 29 grunduppfattning,

185 920 46 15 som
241 913 42 29 jag
298 913 65 22 äfven
379 915 49 26 tror,
444 915 32 20 att
490 915 89 27 prosten
594 913 84 27 Berghs
693 914 30 21 tal
734 920 35 15 om
780 914 50 22 dess
842 914 97 28 sorgliga

186 948 123 22 erfarenhet
328 948 116 28 angäende
466 948 312 28 entreprenadskjutsningens
795 948 144 22 sedeförderf-

185 983 72 21 vande
277 982 137 28 egenskaper
432 982 82 22 härrör.
544 982 45 28 Mig
607 983 121 27 veterligen
748 983 68 22 finnes
832 984 20 27 ej
869 986 70 19 entre-

186 1016 238 29 prenadskjutsningen
446 1017 71 22 införd
536 1018 7 21 i
563 1018 72 26 någon
653 1017 59 22 enda
732 1018 24 21 af
775 1018 27 22 de
817 1018 122 22 församlin-

187 1058 38 21 gar
240 1052 51 21 herr
305 1053 88 26 prosten
408 1051 72 28 Bergh
493 1052 8 21 i
512 1052 112 28 egenskap
636 1052 25 22 af
668 1054 75 26 pastor
754 1052 106 28 betjenar.
890 1053 49 22 Men

186 1086 44 22 han
245 1086 124 22 föreställer
384 1086 44 28 sig,
444 1088 33 20 att
493 1086 103 29 tillsynen
612 1086 60 22 öfver
683 1089 50 25 eget
744 1087 137 29 tjenstefolk,
893 1094 46 16 som

186 1120 36 22 väl
242 1121 40 21 hos
302 1120 66 28 ingen
388 1120 104 28 förnuftig
509 1123 141 26 entreprenör
667 1122 99 21 kommer
784 1124 32 20 att
836 1122 63 22 bestå
917 1123 26 21 af

186 1155 69 21 blotta
274 1155 100 21 vexande
389 1155 84 28 pojkar,
490 1157 69 25 tagna
574 1156 47 20 från
636 1156 148 27 landsvägen,
800 1156 79 22 blifver
893 1156 47 22 lika

186 1189 61 27 klen,
269 1195 45 15 som
335 1189 43 21 den
396 1189 7 20 i
423 1189 153 27 gästgifverier
595 1192 30 25 är,
645 1189 38 22 der
702 1190 92 28 värden,
814 1191 72 21 såsom
899 1190 41 29 jag

186 1225 37 20 vet
235 1223 8 21 i
257 1223 101 27 Limingo
374 1223 44 21 ofta
434 1222 61 23 fallet
511 1231 62 20 vara,
590 1223 33 22 för
638 1224 76 28 dagar,
730 1225 82 22 veckor
826 1225 54 22 eller
894 1226 45 21 må-

185 1257 69 22 nader
269 1257 113 28 begagnar
398 1257 34 28 sig
447 1258 24 21 af
484 1265 27 14 en
527 1259 69 21 sådan
612 1259 116 28 adoption,
744 1259 33 22 för
792 1261 32 20 att
837 1259 54 28 fylla
902 1259 38 22 det

187 1292 110 21 bristande
313 1292 7 21 i
336 1292 138 27 hållstugans
488 1293 67 26 leder,
576 1293 2 20 i
595 1299 84 15 samma
694 1294 50 20 mån
766 1294 43 20 han
824 1294 70 21 lofvar
906 1293 34 21 för

187 1325 110 22 särskilda
317 1325 339 28 hållskjutsningsintressenters
676 1327 94 26 räkning
788 1327 55 28 fylla
859 1327 80 28 skjuts-

186 1358 116 23 hästarnes
323 1359 54 22 brist
396 1360 49 21 med
466 1367 57 20 egna
541 1360 74 22 hästar
635 1360 48 22 från
704 1361 80 22 stallet.
814 1362 51 21 Man
883 1362 56 21 talar

186 1393 51 22 med
253 1395 30 20 ett
300 1393 39 22 ord
354 1401 34 14 om
404 1396 77 26 satser,
497 1395 7 21 i
520 1395 75 22 hvilka
610 1402 51 15 man
676 1396 66 28 ingen
753 1396 123 23 erfarenhet
887 1399 53 26 äger

187 1428 50 29 och,
260 1428 59 22 hvad
338 1431 64 19 värre
422 1432 30 25 är,
476 1429 50 22 icke
547 1436 38 16 ens
605 1430 74 28 någon
703 1430 67 28 riktig
793 1431 146 28 uppfattning.
