1023 1781
768 128 42 20 499

88 194 72 22 skulle
176 194 104 22 afräknas
296 194 12 21 å
324 194 117 28 kapitalet,
454 200 45 15 som
511 194 92 21 sålunda
614 194 86 21 komme
712 195 31 20 att
754 194 86 21 amorti-

87 235 68 15 seras.

156 263 92 21 Prosten
270 262 42 22 Jul.
335 262 59 21 Imm.
417 262 87 26 Bergh
528 262 78 28 ansäg,
630 262 7 21 i
660 262 70 22 likhet
747 262 50 22 med
813 262 27 22 de

87 296 133 28 föregäende
236 296 79 28 talare,
332 303 45 14 som
392 298 68 26 yttrat
475 296 34 28 sig
524 297 7 21 i
546 303 83 15 samma
640 297 66 27 syfte,
718 298 32 20 att
760 296 79 28 grund-

87 333 83 25 satsen,
190 332 32 20 att
241 330 29 22 all
282 330 51 28 jord
350 330 71 22 skulle
437 330 89 28 deltaga
542 331 7 21 i
563 328 276 30 hällskjutsningstungan,

87 365 67 22 borde
173 365 68 22 blifva
260 365 81 22 fastare
362 365 39 21 och
421 365 19 28 ej
458 365 155 22 neutraliseras
629 365 25 21 af
666 366 25 21 sä
706 366 80 27 många
800 372 39 15 un-

87 400 93 27 dantag,
196 407 46 14 som
257 400 7 21 i
278 400 149 21 betänkandet
441 400 131 28 föreslagits.
602 400 64 22 Dock
677 400 63 28 hyste
751 402 88 26 prosten

87 434 33 22 för
139 434 32 22 sin
192 434 36 22 del
249 442 27 14 en
296 434 152 27 betänklighet
468 434 37 22 vid
522 437 32 19 att
569 435 56 27 yrka
641 435 44 21 alla
700 435 139 27 lägenheters

87 468 143 22 likställande
249 468 30 22 uti
300 468 167 28 ifrägavarande
485 469 111 22 afseende.
626 468 34 29 Ty
679 468 67 23 ehuru
761 469 77 28 frägan

88 502 74 28 gällde
187 502 154 28 upphäfvande
363 502 25 22 af
407 503 203 28 ständsprivilegier
628 503 40 22 och
685 510 51 15 vore
756 511 27 14 en
802 504 36 22 be-

88 537 176 28 villoingsfräga,
286 536 57 22 hade
363 537 128 22 densamma
511 537 19 29 ej
552 538 71 21 blifvit
638 538 150 22 underkastad
803 539 37 21 be-

88 572 224 26 villningsutskottets
327 571 143 29 behandling,
487 572 41 22 och
538 572 130 22 hemställde
679 575 88 25 prosten
777 573 63 22 huru-

88 605 52 22 vida
160 606 88 21 ståndet
266 606 37 21 vid
322 606 79 22 sådant
420 606 137 22 förhållande
576 606 73 22 kunde
665 607 102 27 slutligen
782 609 59 27 yttra

90 640 34 28 sig
139 640 7 21 i
162 640 120 28 anledning
298 640 25 21 af
336 640 42 22 den
393 640 82 27 nådiga
490 641 170 27 propositionen.

157 674 11 22 I
181 674 119 28 anledning
313 674 66 22 häraf
386 674 136 23 framställde
533 675 50 21 herr
593 675 139 22 talemannen
743 675 97 29 följande

88 709 145 28 proposition;

158 743 69 22 Anser
249 744 83 22 ståndet
354 744 31 28 sig
408 744 100 22 hindradt
531 748 31 17 att
575 744 84 29 pröfva
679 745 66 21 saken
754 745 41 28 för
810 749 32 17 att

91 778 123 22 densamma
229 779 20 27 ej
264 777 72 29 blifvit
351 778 29 28 af
391 778 225 30 bevillningsutskottet
626 778 130 29 förberedd?

158 812 138 22 Besvarades
312 812 105 27 enhälligt
432 813 112 27 nekande,
562 812 53 22 derå

158 847 91 21 Prosten
264 846 83 28 Bergh
362 846 135 29 förklarade,
514 849 32 19 att
559 847 55 21 intet
630 854 89 15 numera
734 848 106 21 hindrade

90 881 79 21 honom
190 882 32 20 att
242 880 85 28 påyrka
347 880 36 22 det
403 881 45 21 alla
467 881 197 28 frälselägenheter
685 882 46 21 lika
746 882 50 22 med
812 882 29 22 all

90 922 73 15 annan
174 915 53 27 jord
242 916 68 20 måtte
326 915 89 27 deltaga
429 916 7 21 i
452 916 291 27 hållskjutsningsbesväret.

159 950 209 28 Kontraktsprosten
384 950 75 22 Sirén
469 950 97 28 yttrade:
577 950 38 22 Uti
625 950 143 22 förevarande
779 950 63 28 fråga

91 991 65 15 anser
175 984 41 28 jag
238 984 223 22 ekonomieutskottet
482 984 67 22 hafva
571 984 85 22 förfarit
670 985 170 27 inkonseqvent,

91 1019 46 21 deri
158 1021 32 19 att
211 1018 131 28 detsamma,
363 1019 7 21 i
391 1019 104 21 afseende
514 1020 14 20 å
546 1019 155 28 skyldigheten
719 1022 32 18 att
766 1020 8 20 i
787 1020 54 20 håll-

91 1053 239 29 skjutsningsbesväret
347 1052 98 29 deltaga,
462 1053 114 28 föreslagit
590 1053 114 28 undantag
714 1054 33 21 till
758 1054 83 21 förmån

90 1088 34 22 för
145 1088 61 21 vissa
227 1087 135 28 lägenheter.
391 1088 65 21 Hvad
479 1088 126 28 prestbolen
628 1088 74 28 angår,
727 1088 25 22 så
772 1088 70 22 måste

91 1123 113 21 desamma
222 1122 113 22 betraktas
354 1122 73 22 såsom
445 1122 154 28 lönetillskott,
616 1122 104 22 ehuruväl
736 1122 26 22 de
778 1122 64 22 flesta

90 1157 154 28 kapellansbol
263 1163 89 15 snarare
371 1159 37 19 äro
427 1156 139 28 löneafdrag,
584 1156 41 22 och
641 1163 34 15 om
691 1157 88 21 således
794 1163 47 21 pre-

91 1191 100 22 stabolen
206 1191 114 21 åhvälfvas
336 1198 43 20 nya
394 1197 75 22 onera,
486 1191 141 27 hvarigenom
643 1191 138 27 naturligtvis
794 1198 47 21 pre-

92 1225 136 28 sterskapets
244 1224 96 28 aflöning
355 1225 108 28 minskas,
479 1225 25 21 så
519 1226 39 20 bör
574 1225 127 22 densamma
716 1225 7 21 i
738 1225 47 21 lika
800 1224 41 22 för-

91 1259 104 22 hällande
211 1259 25 21 af
248 1259 183 27 församlingarna
446 1259 70 27 höjas.
546 1260 75 26 Enligt
637 1259 36 21 det
689 1260 99 27 mandat,
800 1259 42 27 jag

92 1294 26 21 af
125 1294 59 21 mina
195 1293 163 22 kommittenter
368 1294 123 27 emottagit,
502 1294 85 26 åligger
596 1294 46 27 mig
650 1296 31 18 att
689 1294 98 21 försvara
795 1300 47 21 pre-

92 1328 136 27 sterskapcts
247 1327 129 28 rättigheter
395 1327 40 22 och
455 1328 46 21 deri
519 1328 71 27 ligger
606 1328 34 21 väl
657 1328 18 27 ej
692 1328 69 21 heller
776 1328 67 26 något

93 1362 92 26 obilligt.
215 1362 43 27 Jag
278 1364 36 19 vet
334 1368 46 14 mer
399 1364 28 18 än
449 1362 35 21 väl
505 1364 33 19 att
556 1362 55 20 talet
625 1368 34 15 om
674 1362 125 27 privilegier
814 1368 29 14 nu

92 1396 34 21 för
142 1396 60 20 tiden
217 1403 65 14 anses
298 1396 126 26 obefogadt,
441 1403 48 13 men
501 1396 42 27 jag
558 1396 70 20 håller
641 1396 37 21 det
688 1396 57 20 dock
756 1396 33 20 för
798 1396 45 20 min

93 1429 56 28 pligt
167 1431 33 19 att
217 1428 99 22 försvara
335 1429 111 21 desamma
462 1429 24 21 så
502 1429 88 28 mycket
605 1429 7 21 i
626 1429 43 21 min
684 1428 100 28 förmåga
799 1429 45 21 står
