1025 1720
772 128 41 22 667

89 192 26 23 så
137 193 33 21 att
188 199 83 21 granne
287 192 65 23 deraf
363 193 44 22 kan
422 193 67 29 hafva
504 200 49 16 men
569 194 53 22 eller
637 194 93 28 skada";
746 194 94 22 hvarhos

90 228 32 22 till
138 228 106 28 förslaget
261 229 44 25 ,att
320 228 8 22 i
344 230 60 20 orten
419 228 100 28 befintlig
534 228 113 28 skattlagd
657 228 123 28 mjölgvarn
790 229 49 21 icke

90 262 39 22 bör
148 262 22 22 få
190 264 78 26 utgöra
287 262 77 22 hinder
382 263 33 22 för
434 263 139 27 anläggande
593 263 25 21 af
635 270 73 14 annan
729 263 61 28 dylik
809 263 31 21 in-

90 297 98 27 rättning
206 297 7 21 i
234 297 138 22 densammas
392 297 89 21 närhet"
503 297 71 22 skulle
593 298 62 26 fogas
676 298 61 21 detta
752 298 88 26 tillägg:

92 331 82 27 »likväl
194 328 102 30 sålunda,
318 333 32 19 att
365 334 52 19 utan
433 331 162 29 expropriation
609 332 88 28 intrång
712 332 49 21 icke
777 334 64 25 göres

92 365 34 22 för
148 368 67 25 ägare
236 365 25 22 af
278 365 61 22 äldre
360 373 77 21 qvarn,
458 373 46 15 som
524 366 29 28 på
572 366 70 28 grund
663 366 26 22 af
700 366 140 28 öfverhetligt

91 400 100 22 tillstånd
211 400 71 22 blifvit
300 400 69 22 under
384 401 70 21 vilkor
470 401 24 21 af
506 401 139 21 uteslutande
659 403 44 19 rätt
719 401 121 27 anlaggd*;

160 435 24 28 4)
203 435 25 21 af
241 442 84 15 samma
346 435 52 28 dag,
414 435 51 22 med
480 435 212 28 tillkännagifvande
709 435 83 28 derom,
809 437 32 19 att

91 469 154 28 ridderskapet
268 470 40 21 och
329 469 64 22 adeln
413 470 37 21 vid
470 470 155 27 föredragning
645 470 25 21 af
685 470 156 27 lagutskottets

91 505 83 27 förslag
191 504 34 21 till
240 504 212 28 sammanjemkning
468 504 24 21 af
504 504 105 22 ståndens
625 504 131 28 skiljaktiga
770 504 72 22 beslut

90 539 8 21 i
119 538 120 28 anledning
257 539 25 21 af
298 539 82 28 nådiga
400 539 163 28 propositionen
581 539 115 28 angående
710 538 132 22 barnamord

92 575 56 20 samt
167 573 79 22 fosters
265 573 148 22 fördrifvande
433 573 40 22 och
493 573 136 28 utsättande,
651 573 111 22 äfvensom
783 573 59 22 vissa

92 607 39 22 fall
147 608 26 21 af
184 608 127 28 lägersmål,
327 609 8 21 i
350 608 65 28 öfrigt
430 608 86 28 antagit
531 608 114 28 förslaget,
661 610 60 19 utom
735 607 58 22 hvad
804 615 38 14 an-

92 642 52 27 gick
163 643 27 21 14
208 643 21 28 8,
250 643 31 21 uti
297 643 89 21 hvilken
399 642 35 22 del
450 643 24 21 af
485 643 78 28 frågan
578 642 87 22 ståndet
681 642 109 22 vidblifvit
805 642 37 22 sitt

88 672 61 38 förut
164 677 84 22 fattade
263 677 77 22 beslut.

160 741 137 27 Föredrogos
313 740 75 23 vidare
403 740 97 28 följande
516 742 32 20 tre
561 741 47 21 från
619 740 181 27 borgareståndet
810 740 32 21 in-

93 775 82 22 komna
188 775 202 28 protokollsutdrag
405 775 24 21 af
442 775 42 22 den
500 775 12 21 5
529 775 91 28 dennes,
637 774 24 22 af
673 774 97 22 innehåll

161 809 23 29 1)
208 812 32 19 att
261 810 36 21 det
316 809 112 28 vällofliga
447 809 88 22 ståndet
554 809 113 28 godkännt
686 809 156 27 lagutskottets

93 844 83 27 förslag
193 844 33 21 till
242 843 212 29 sammanjemkning
470 843 25 21 af
507 843 104 22 ståndens
627 843 130 27 skiljaktiga
773 843 71 21 beslut

90 878 8 21 i
121 878 62 28 fråga
204 886 34 14 om
257 878 132 22 barnamord
410 880 56 20 samt
485 878 79 22 fosters
581 877 149 23 fördrifvande
751 877 40 22 och
810 879 32 20 ut-

94 913 111 28 sättande,
223 913 111 22 äfvensom
350 913 59 21 vissa
424 911 39 23 fall
478 913 25 21 af
515 912 129 28 lägersmål;

162 947 23 29 2)
209 950 32 19 att
263 947 181 28 borgareståndet
463 947 110 22 likaledes
591 946 33 22 till
645 946 45 21 alla
710 946 61 22 delar
791 946 53 28 god-

93 983 70 21 kännt
178 982 181 22 bankutskottets
372 984 80 19 tvänne
468 981 110 23 särskilda
593 980 82 28 förslag
690 981 32 21 till
736 988 108 14 samman-

89 1017 119 28 jemkning
223 1016 25 22 af
259 1016 105 22 ståndens
380 1016 60 22 olika
454 1016 72 22 beslut
539 1016 8 21 i
562 1015 63 28 fråga
640 1022 34 14 om
686 1015 106 28 styrelsen
804 1015 40 21 och

94 1050 161 28 förvaltningen
277 1050 26 22 af
322 1050 106 21 Finlands
451 1050 59 21 bank
531 1051 56 20 samt
608 1049 114 27 angående
744 1049 100 22 enskilda

94 1085 94 28 banker;
205 1088 56 18 samt

163 1120 23 28 3)
210 1122 33 19 att
266 1119 180 29 borgareståndet
468 1119 8 21 i
496 1119 120 27 anledning
635 1118 25 22 af
677 1118 111 22 allmänna
809 1119 35 21 be-

94 1154 181 23 svärsutskottets
296 1154 102 22 anmälan
410 1154 91 28 .derom,
523 1156 31 19 att
574 1153 161 22 bondeståndet
750 1153 49 21 icke
814 1153 32 21 bi-

95 1189 59 21 trädt
170 1190 31 20 ett
216 1189 32 20 till
263 1189 106 21 utskottet
379 1188 25 21 af
411 1191 82 24 presta-
505 1188 39 21 och
555 1187 186 28 borgarestånden
752 1188 93 20 remitte-

94 1223 50 22 radt
162 1223 187 28 petitionsförslag
367 1229 34 15 om
420 1222 150 22 förbättrande
585 1222 24 21 af
621 1221 225 22 kronolänsmännens

96 1258 113 27 ställning,
229 1257 32 22 för
281 1257 34 22 sin
334 1257 36 21 del
387 1257 84 28 jemväl
490 1257 90 22 beslutit
599 1256 46 21 låta
659 1255 78 28 frågan
752 1255 93 22 förfalla.

163 1325 124 28 Föredrogs
315 1326 233 21 ekonomieutskottets
575 1324 136 28 bordlaggda
739 1330 107 15 samman-

91 1359 213 28 jemkningsförslag
318 1360 7 20 i
336 1358 120 27 anledning
466 1358 24 22 af
499 1359 27 21 de
537 1358 183 27 skiljaktigheter,
732 1364 46 14 som
788 1357 56 21 före-

95 1394 71 21 finnas
182 1393 31 21 uti
229 1392 104 22 ståndens
350 1392 71 21 beslut
436 1392 136 21 beträffande
587 1391 82 26 nådiga
683 1390 163 28 propositionen

95 1436 35 15 om
140 1428 106 28 utvidgad
257 1427 101 22 handels-
369 1427 40 22 och
420 1426 160 29 näringsfrihet.
596 1426 95 22 Berörde
702 1426 82 28 förslag
794 1425 52 28 god-
