1017 1770
211 138 26 19 926

184 202 33 20 sin
245 201 58 27 äsigt
331 200 38 21 har
396 200 139 26 vicepastorn
564 198 81 26 anfört,
673 201 32 18 att
728 206 33 14 om
787 199 146 21 anställandet

184 235 25 21 af
233 236 30 20 ett
295 234 80 22 sådant
405 233 97 21 enskildt
528 232 169 28 undervisande,
726 232 142 22 förmanande
895 233 40 21 och

184 269 112 21 varnande
315 268 77 22 samtal
413 275 44 14 som
478 268 6 20 i
500 267 41 21 den
558 267 67 27 afses,
642 267 71 21 såsom
731 267 96 21 hörande
843 267 32 21 till
893 267 41 21 den

185 303 101 22 enskilda
302 302 148 28 själavärden,
467 302 49 21 icke
527 301 105 21 behöfdes
641 302 68 26 nägot
721 302 104 20 särskildt
839 302 95 27 lagstad-

185 338 78 28 gande.
293 337 50 21 Med
365 337 48 21 fullt
436 336 141 22 erkännande
596 335 26 21 af
637 336 42 21 den
701 343 69 14 sanna
793 336 39 22 och
853 336 82 22 vackra

185 373 76 27 tanke,
284 379 44 15 som
351 372 71 27 ligger
442 371 32 21 till
495 370 68 28 grand
584 370 33 22 för
640 370 72 22 denna
733 371 66 27 äsigt,
821 378 64 15 anser
895 372 41 27 jag

185 407 37 21 det
242 403 56 25 dock
317 414 53 14 vara
391 406 85 27 nödigt,
497 408 32 18 att
549 406 30 20 uti
600 405 27 21 de
646 405 71 28 lagar,
735 405 74 22 hvilka
825 406 68 21 ordna
909 406 27 21 de

184 441 103 28 kyrkliga
311 440 168 21 förhållandena
503 440 48 27 (och
576 446 33 14 om
629 446 26 14 en
675 440 68 21 sådan
763 443 24 18 är
805 447 27 14 nu
853 440 81 29 fråga),

185 476 64 21 äfven
271 475 165 27 bestämningar
453 476 107 26 upptagas
582 480 32 14 om
640 473 27 22 de
689 473 48 28 fall,
760 474 27 21 då
808 475 128 21 utöfvandet

185 510 25 21 af
227 510 42 21 den
291 509 101 22 enskilda
408 509 139 27 själavården
568 508 142 27 ovilkorligen
731 509 84 27 åligger
833 509 102 27 själasör-

183 545 65 26 jaren
267 551 34 14 om
320 543 42 21 han
380 543 56 21 skall
452 543 74 21 kunna
542 539 63 25 anses
621 542 64 21 hafva
702 543 93 27 uppfyllt
811 543 37 21 sitt
864 544 70 20 embe-

185 581 33 19 tes
234 578 60 28 pligt.
326 578 90 21 Sådana
426 577 38 21 fall
477 576 65 22 hafva
554 576 67 22 också
634 576 71 22 blifvit
721 577 5 21 i
744 576 37 22 det
797 584 42 22 nya
856 578 80 28 kyrko-

184 612 154 28 lagsförslaget
363 614 117 25 upptagna.
511 611 42 21 Till
584 611 64 21 dessa
674 611 38 21 fall
743 611 39 21 bör
812 612 64 21 äfven
899 612 37 21 det

185 654 29 14 nu
236 647 158 27 ifrågakomna.
424 646 34 21 En
478 646 176 27 lagbestämning
674 653 33 14 om
730 646 121 22 detsamma
872 654 64 14 anser

183 682 42 28 jag
246 682 30 21 uti
301 688 26 14 en
351 680 137 28 författning,
510 688 45 14 som
574 680 40 21 har
633 680 32 22 för
688 680 67 28 afsigt
775 683 31 19 att
826 681 110 28 upphäfva

186 716 42 22 den
243 716 108 21 härintills
367 715 101 27 brukliga
484 715 164 28 kyrkoplikten,
665 722 53 14 vara
733 716 26 21 så
773 716 88 28 mycket
877 723 59 14 mera

186 750 25 22 af
230 750 102 22 behofvet
352 749 114 28 påkallad,
490 757 56 20 som,
568 749 72 21 derest
661 756 26 15 en
709 750 68 21 sådan
798 750 138 27 bestämning

185 785 49 21 icke
249 785 86 21 komme
352 784 48 20 att
391 779 10 37 i
416 784 156 27 författningen
586 783 61 28 ingå,
663 786 52 19 utan
732 784 37 21 det
783 784 55 22 blott
849 785 86 21 komme

187 821 31 19 att
233 819 60 27 heta,
310 818 71 22 såsom
395 818 7 20 i
419 819 12 25 $
450 819 10 19 1
478 818 24 20 af
520 818 41 21 den
576 818 119 27 kejserliga
715 818 172 28 propositionen,
904 821 32 18 att

188 852 149 28 »kyrkoplikt,
353 859 51 14 vare
418 852 34 27 sig
466 852 98 26 offentlig
574 852 53 21 eller
637 852 96 28 enskild,
751 852 55 22 skall
823 853 18 27 ej
855 853 81 21 hädan-

187 887 54 21 efter
261 887 72 26 någon
355 885 99 28 ådömas,
474 886 39 21 och
535 886 34 21 må
585 885 56 28 förty
658 886 69 21 sådan
743 886 83 28 påföljd
842 887 25 20 af
880 887 56 21 brott

187 921 18 28 ej
222 921 24 21 af
259 921 93 21 domstol
366 921 6 20 i
388 921 72 26 utslag
476 922 116 24 utsättas,"
615 923 44 18 stor
677 921 138 27 villrådighet
835 921 39 21 hos
890 928 46 21 pre-

187 955 124 28 sterskapet
329 954 73 21 kunde
418 955 89 27 uppstå,
527 955 57 21 hvad
601 955 27 21 de
643 955 67 21 borde
727 955 99 28 iakttaga
841 955 49 22 med
906 955 30 22 af-

187 990 80 21 seende
284 990 13 20 å
311 989 58 27 dem,
386 996 45 14 som
443 989 75 27 begått
533 989 66 28 brott,
616 989 32 22 för
659 989 74 22 hvilka
749 990 128 28 kyrkoplikt
889 990 47 21 här-

187 1024 67 21 intills
277 1024 92 20 ådömts.
399 1024 43 20 Det
469 1023 72 21 kunde
569 1024 85 26 ganska
679 1025 40 19 lätt
739 1024 97 26 inträffa,
861 1026 32 19 att
907 1025 29 26 på

186 1058 49 21 sina
253 1058 78 21 ställen
352 1058 162 26 presterskapet
533 1058 71 20 såsom
623 1058 68 21 vilkor
711 1058 32 21 för
759 1058 84 21 sådana
859 1058 77 21 brotts-

187 1092 82 27 lingars
290 1091 114 27 begående
428 1091 24 21 af
472 1092 95 20 Herrans
586 1092 101 20 nattvard
706 1091 133 22 fortfarande
859 1092 75 27 skulle,

186 1127 29 27 på
235 1126 70 27 grund
325 1126 25 20 af
368 1126 148 28 kyrkolagens
536 1125 50 28 kap.
608 1126 31 20 IX
653 1127 13 25 $
683 1127 21 26 1,
721 1126 73 27 fordra
809 1128 30 19 ett
855 1133 81 21 uppen-

187 1161 48 20 bart
257 1160 131 21 skriftermäl
410 1159 56 21 inför
485 1159 162 27 församlingen.
678 1160 33 26 Ty
731 1160 6 20 i
754 1160 42 20 den
817 1160 119 27 kejserliga

187 1194 173 28 propositionens
388 1194 12 26 $
423 1194 10 20 1
459 1196 23 18 är
506 1194 48 20 icke
576 1193 36 22 det
634 1194 5 20 i
664 1194 136 28 kyrkolagen
826 1195 110 21 omtalade

186 1228 126 28 uppenbara
326 1224 9 36 —
344 1228 154 21 skriftermälet
525 1228 38 21 och
589 1228 155 28 kyrkoplikten
769 1229 71 21 såsom
867 1229 69 21 sådan

187 1262 105 28 upphäfd,
317 1264 50 19 utan
389 1262 37 21 der
446 1262 90 27 stadgas
554 1262 65 28 blott,
639 1265 32 19 att
689 1263 42 21 den
750 1263 48 21 icke
819 1264 117 20 framdeles

186 1298 33 20 får
238 1297 24 21 af
278 1297 103 26 verldslig
399 1296 92 22 domstol
512 1297 99 27 ädömas;
631 1297 36 21 det
687 1300 24 18 är
726 1297 53 21 först
791 1298 88 26 jemlikt
896 1300 12 24 8
924 1300 11 18 2

188 1330 42 21 den
253 1330 120 27 upphäfves
397 1337 77 19 genom
496 1330 42 21 den
561 1330 38 21 der
621 1330 178 21 förekommande
826 1331 110 21 föreskrif-

187 1367 36 18 ten
249 1371 34 14 om
312 1363 57 21 hvad
398 1371 45 14 som
470 1364 116 21 framdeles
608 1364 47 21 med
682 1364 84 21 sådana
789 1365 147 27 brottslingar,

187 1398 74 21 hvilka
281 1398 108 21 härintills
409 1398 71 21 blifvit
500 1398 78 21 dömde
599 1399 32 20 till
649 1399 138 28 kyrkoplikt,
807 1399 55 21 skall
882 1399 55 21 iakt-

188 1435 73 25 tagas,
278 1433 67 20 innan
361 1433 26 20 de
403 1433 22 20 fä
441 1433 54 26 begä
511 1433 96 21 Herrans
622 1433 107 22 nattvard.
760 1434 31 21 Pä
807 1433 67 22 andra
887 1434 50 21 stäl-
