1017 1817
764 123 40 23 357

84 189 70 24 enade
175 188 34 30 sig
228 189 88 24 ståndet
331 189 73 24 derom
420 192 32 20 att
467 189 91 29 inbjuda
573 189 143 23 medständen
732 192 32 21 att
774 194 59 26 yttra

84 226 39 27 sig,
140 225 106 22 huruvida
257 225 27 21 de
300 231 53 18 anse
369 224 141 27 riddarhuset
522 225 119 28 lämpligen
655 224 75 22 kunna
745 225 88 23 inredas

82 259 34 22 för
136 259 80 22 sådant
236 259 111 28 ändamål,
364 259 33 22 för
411 259 159 21 bedömmande
585 259 25 21 af
622 258 88 22 hvilken
725 259 63 28 fråga
803 263 31 19 ett

84 293 25 22 af
122 293 123 22 arkitekten
261 294 105 27 Mellgren
377 294 7 21 i
395 293 92 22 berörde
503 293 103 22 afseende
621 293 116 28 uppgjordt
752 293 82 29 förslag

84 329 71 22 skulle
175 328 71 22 hållas
261 329 14 20 å
289 328 151 25 riddarhusets
460 327 73 22 kansli
551 328 32 21 för
602 328 27 21 de
645 327 68 28 öfrige
729 328 105 23 ståndens

84 363 140 22 medlemmar
247 363 140 27 tillgängligt.
418 362 45 23 Och
487 362 66 23 borde
575 362 144 22 medstånden
738 362 34 23 för
791 363 43 22 den

83 397 117 28 händelse,
216 399 32 20 att
263 397 27 22 de
305 397 65 22 funne
385 397 143 28 inredningen
544 397 29 28 på
588 397 37 21 det
636 397 24 22 af
668 397 49 22 herr
729 397 106 28 Mellgren

83 432 126 28 föreslagna
232 434 43 20 sätt
296 432 53 22 eller
369 431 136 22 annorlunda
525 432 91 27 lämplig
634 432 40 21 och
689 431 147 24 verkställbar

84 469 57 20 samt
156 474 51 15 vore
222 467 100 27 benägne
339 468 32 19 att
385 467 52 27 ingå
452 467 29 28 på
496 466 157 22 ofvanberörde
669 466 83 28 förslag
761 469 33 20 att
804 470 31 19 ett

84 504 136 25 gemensamt
238 501 129 22 ständerhus
384 501 70 22 skulle
469 501 102 28 inrättas,
588 501 105 22 anmodas
709 503 32 20 att
756 502 33 21 till
804 504 32 20 ett

84 537 95 31 utskott,
194 536 87 22 hvartill
296 536 121 23 ledamöter
433 536 24 21 af
469 536 44 21 alla
529 535 64 23 stånd
608 536 67 22 borde
690 538 60 20 utses
761 537 33 21 till
805 539 31 20 ett

85 571 25 22 så
130 573 54 20 stort
204 571 71 29 antal,
296 577 46 16 som
355 571 140 26 härförinnan
511 570 37 22 vid
563 570 135 29 landtdagen
713 571 71 22 blifvit
798 572 35 22 be-

85 605 82 22 stämdt
189 606 33 22 för
246 606 65 25 enkla
329 602 97 32 .utskott,
450 605 132 23 öfverlemna
601 607 32 20 att
648 606 32 21 till
695 605 93 23 stånden
804 607 30 22 in-

84 641 89 22 komma
188 641 50 22 med
253 641 92 28 förslag,
361 641 28 28 på
404 641 75 22 hvilka
495 641 70 22 vilkor
575 640 261 29 riddarhusbyggnadens

85 675 116 22 inlösande.
216 675 33 22 för
263 675 96 24 nämnde
374 675 103 22 ändamål
492 675 67 23 borde
575 675 60 22 ske.”

154 710 47 22 Och
221 710 52 22 .fann
293 710 89 24 ståndet
396 710 50 22 med
462 710 119 27 anledning
596 709 66 22 häraf
673 710 49 22 skäl
736 710 99 22 förevara

86 746 32 20 att
133 744 132 22 öfverlemna
281 744 101 22 ärendets
397 744 166 28 handläggning
578 744 33 21 till
626 746 31 20 ett
672 745 25 21 sä
712 745 124 23 beskaffadt

85 779 92 29 utskott,
194 786 46 15 som
255 779 25 22 af
293 779 37 22 det
344 779 118 28 högloflige
478 779 87 22 ständet
579 778 131 29 föreslagits.

153 848 62 22 Efter
229 848 158 29 tilländalupen
403 849 92 27 liggetid
509 849 114 27 föredrogs
636 849 204 28 protokollsutdrag

86 883 48 22 frän
154 883 118 28 höglofliga
291 884 154 28 ridderskapet
464 884 39 21 och
523 884 64 22 adeln
603 883 26 22 af
641 883 42 22 den
699 885 28 20 24
742 884 94 22 februari

86 919 40 21 och
142 919 12 21 5
170 925 67 21 mars,
261 918 84 28 intaget
369 918 187 29 ordalydeligen.i
571 918 175 29 prestaständets
768 919 68 28 pleni-

86 953 108 28 protokoll
213 953 33 22 för
267 953 83 22 den.21
367 953 82 22 dennes
465 956 56 19 samt
537 953 154 22 innehällande
707 954 129 28 inbjudning

86 988 33 21 till
135 988 132 27 deltagande
280 988 7 21 i
298 988 138 27 underdänig
450 988 91 28 petition
561 988 82 28 derom,
667 990 32 20 att
715 988 121 22 stadsman-

86 1022 103 29 nafartyg
211 1022 40 22 och
273 1022 226 29 landtmannafartyg,
523 1022 26 22 de
571 1022 134 22 sistnämnde
721 1022 37 22 vid
773 1023 65 21 deras

87 1056 146 28 begagnande
251 1057 32 21 till
302 1064 72 14 annan
388 1059 164 27 varutransport
567 1057 53 22 eller
635 1057 101 21 fraktfart
751 1060 27 18 än
794 1057 43 22 den

88 1091 49 22 dem
155 1092 25 21 af
193 1091 61 22 älder
268 1092 57 21 varit
339 1092 133 28 medgifven,
489 1092 66 21 mätte
571 1092 58 22 hvad
644 1092 142 22 formaliteter
800 1092 38 21 vid

88 1126 175 27 tullbehandling
281 1126 42 25 och:
339 1126 133 27 bemanning
487 1126 135 22 vidkommer
637 1126 68 22 blifva
719 1126 119 21 likställde.

156 1161 10 21 I
177 1160 119 28 anledning
310 1160 66 22 häraf
388 1161 101 28 upplyste
504 1161 124 28 professorn
642 1161 81 22 Geitlin
735 1160 39 22 och
785 1160 53 22 dok-

88 1197 34 20 tor
136 1195 127 28 Europeus,
276 1195 76 22 såsom
367 1195 98 22 varande
475 1195 121 22 ledamöter
607 1195 24 22 af
639 1195 198 23 ekonomieutskot-

88 1232 41 26 tet,
152 1232 33 19 att
208 1230 212 28 sammanjemkning
440 1230 25 22 af
484 1230 27 22 de
529 1230 60 21 olika
610 1230 79 28 beslut,
711 1237 46 15 som
773 1229 25 22 af
810 1229 28 22 de

89 1265 110 24 särskilda
221 1265 93 26 stånden
336 1265 131 22 härutinnan
483 1264 71 23 blifvit
568 1265 93 28 fattade,
677 1265 67 22 redan
760 1264 31 21 uti
807 1266 36 19 ut-

88 1299 82 22 skottet
182 1299 124 28 försiggått;
317 1299 100 22 hvarföre
434 1300 87 21 ståndet
536 1299 70 28 ansåg
621 1281 72 40 donna
708 1299 136 40 inbjudning:

89 1333 50 22 icke
154 1333 90 28 påkalla
259 1334 72 27 någon
347 1333 75 25 vidare
437 1334 85 27 åtgärd.

158 1402 123 29 Föredrogs
301 1409 26 16 en
348 1403 114 22 skrifvelse
477 1403 48 22 från
541 1402 110 23 allmänna
666 1402 174 23 besvärsutskot-

90 1439 32 20 tet
141 1437 25 21 af
184 1437 41 21 den
241 1439 13 19 8
272 1445 67 20 mars,
359 1437 120 27 hvarjemte
497 1438 106 21 utskottet
618 1438 125 21 öfversändt
758 1437 83 26 förslag

113 1473 55 22 Högv.
180 1473 133 18 Prestaståndets
326 1473 65 17 Protok.
417 1473 34 18 III,
752 1476 20 15 22
