1025 1848
239 152 41 22 660

211 218 139 28 domprosten
367 216 78 23 doktor
460 218 67 27 Borg,
544 225 45 15 som
604 215 144 25 förevarande
764 217 62 28 fråga
837 219 24 21 är
872 218 25 22 så
907 217 54 23 vidt-

212 252 135 22 omfattande
363 252 40 22 och
419 252 63 28 djupt
497 252 130 28 ingripande
642 252 7 22 i
666 252 44 21 alla
725 252 87 22 landets
827 252 136 23 rättsförhål-

211 288 91 27 landen,
319 289 33 20 att
368 287 42 21 den
424 287 37 22 väl
476 288 30 20 tål
522 287 37 23 vid
574 289 32 19 att
623 290 57 19 ännu
695 288 127 27 ytterligare
838 288 124 27 begrundas

211 322 40 22 och
271 322 151 28 öfvertänkas,
443 322 61 21 såväl
521 322 31 22 till
568 322 105 27 innehåll,
691 328 46 15 som
752 322 60 22 form.
839 322 48 26 Till
902 323 60 21 inne-

210 356 79 28 hållet,
310 356 92 22 emedan
422 356 26 22 de
468 356 24 22 af
509 356 136 22 kanslirådet
664 358 74 27 Arppe
754 356 40 22 och
810 358 69 20 andra
895 364 67 15 reser-

211 394 77 19 vanter
303 390 93 23 anförda
410 391 171 28 anmärkningar
597 394 37 18 äro
649 391 8 21 i
672 391 44 22 allo
731 392 35 21 väl
783 392 69 21 värda
868 394 32 19 att
910 399 52 21 upp-

211 426 167 27 märksammas;
398 426 33 21 till
451 425 92 29 formen,
565 426 91 21 emedan
676 426 164 27 prestaståndet
852 426 56 22 ifrån
925 427 38 21 all-

211 464 80 19 männa
309 460 197 22 besvärsutskottet
525 467 28 15 nu
572 460 58 22 inom
650 467 40 21 par
711 460 69 28 dagar
794 460 41 22 fått
852 463 111 25 emottaga

211 496 37 21 två
267 495 60 21 olika
342 494 212 28 redaktionsförslag
569 495 25 21 af
605 495 130 28 petitionen,
751 495 40 21 och
807 495 92 22 emedan
916 496 46 28 det,

211 530 68 27 enligt
301 529 72 22 finska
392 530 141 27 ordspråket:
556 530 33 26 ,ei
609 530 65 20 kaksi
695 530 107 21 kolmatta
823 532 84 26 mene*,
927 530 35 22 väl

211 564 74 22 kunde
301 564 96 28 inträffa,
414 566 32 19 att
462 566 57 19 ännu
535 566 32 20 ett
581 564 70 28 tredje
666 564 213 28 redaktionsförslag
891 564 72 22 blefve

211 600 26 22 af
252 599 79 22 nöden.
353 610 23 4 —
393 592 70 28 Äfven
479 599 80 28 skulle,
577 599 67 27 enligt
659 600 49 20 mitt
722 598 151 30 förmenande,
891 600 72 22 denna

211 634 91 29 petition
321 642 30 13 nu
370 634 75 22 kunna
464 634 131 28 uppskjutas
613 634 131 22 åtminstone
762 634 33 22 till
813 637 64 19 nästa
892 634 70 22 landt-

212 670 53 27 dag,
282 668 85 22 derföre
383 671 32 19 att
431 669 118 21 ständerna
565 669 152 22 dessförinnan
734 669 49 21 icke
800 669 73 28 kunna
882 669 80 29 erfara,

211 704 54 22 huru
280 704 63 27 långt
359 704 41 21 den
417 703 111 23 blifvande
543 704 109 22 komitens
667 704 140 22 verksamhet
823 704 96 22 kommer
931 706 31 20 att

211 740 88 22 sträcka
315 738 40 28 sig.

278 773 127 23 Professorn
422 773 123 23 Schauman
561 772 95 23 anlände
671 773 54 22 härä
736 773 40 23 och
788 773 60 29 intog
859 773 34 24 sin
904 774 57 28 plats

210 810 7 21 i
233 808 93 24 ständet.

278 844 91 22 Prosten
386 843 133 28 Grönberg
535 844 54 22 sade
604 844 33 21 sin
649 843 66 28 afsigt
725 841 66 25 hafva
801 845 56 21 varit
869 846 31 19 att
911 843 49 23 äbe-

209 886 54 22 ropa
280 878 59 22 hvad
354 878 124 29 professorn
495 878 122 22 Schauman
633 878 69 22 under
718 878 121 29 gärdagen,
857 879 28 21 dä
899 879 62 28 fräga

209 914 6 22 i
230 914 88 23 ständet
332 913 87 22 förevar
437 920 35 15 om
487 913 209 29 petitionsförslaget
712 914 70 22 skulle
798 913 115 22 föranleda
928 914 32 22 till

208 950 72 27 nägon
301 949 89 27 ätgärd,
410 949 80 27 anfört,
512 949 108 28 nemligen
641 951 32 19 att
692 949 106 27 förslaget
815 949 64 22 äfven
898 949 62 22 rörde

209 983 192 28 omständigheter,
418 991 46 14 som
480 983 42 22 den
539 983 111 22 blifvande
665 983 97 22 komitén
773 983 49 22 icke
834 991 39 14 var
883 983 77 23 afsedd

209 1021 32 19 att
259 1018 33 22 till
311 1017 135 28 behandling
464 1020 107 26 upptaga;
589 1025 48 14 men
658 1020 52 19 enär
730 1018 124 28 professorn
871 1025 89 15 numera

209 1052 210 29 tillstädeskommit,
436 1052 51 21 ville
503 1052 85 21 talaren
603 1052 50 21 icke
669 1051 75 22 vidare
761 1052 73 22 derom
849 1055 60 26 yttra
920 1053 39 28 sig.

208 1089 126 20 Tvärtemot
353 1087 49 21 dem
421 1094 45 15 som
485 1087 101 21 anmärkt
606 1089 32 19 att
657 1086 105 28 förslaget
778 1087 99 22 saknade
894 1088 67 27 nödig

208 1121 175 28 fullständighet,
403 1121 71 28 ansäg
492 1121 84 22 talaren
596 1129 26 14 en
639 1121 139 29 vidlyftigare
793 1122 130 28 utläggning
939 1123 24 20 af

209 1157 69 22 saken
298 1156 114 28 olämplig,
428 1156 58 21 helst
501 1156 37 22 det
553 1157 78 27 ytterst
646 1156 97 21 berodde
759 1155 25 22 af
795 1157 120 21 Monarken
929 1159 31 19 att

208 1191 55 22 efter
277 1191 125 22 inhemtade
418 1190 157 29 upplysningar
591 1191 24 21 af
628 1190 41 21 den
685 1191 90 26 komité,
792 1198 46 15 som
848 1191 33 22 för
893 1192 65 21 ända-

207 1226 66 21 mälet
293 1226 86 21 komme
395 1227 33 19 att
442 1225 125 28 nedsättas,
583 1225 115 28 förelägga
713 1225 119 22 ständerna
848 1226 111 27 detaljför-

207 1260 49 27 slag
270 1259 7 21 i
294 1261 79 20 ämnet.

274 1293 210 28 Kontraktsprosten
503 1294 93 21 Hellön
614 1293 93 28 yrkade,
727 1294 29 27 pä
771 1294 27 21 de
814 1295 24 20 af
851 1295 106 28 biskopen

206 1329 124 25 Frosterus,
348 1327 138 28 domprosten
500 1328 59 27 Borg
574 1327 41 22 och
630 1328 124 27 professorn
770 1329 80 21 Geitlin
866 1329 92 22 anförda

206 1363 59 27 skäl,
285 1362 221 28 petitionsförslagets
524 1361 141 22 förkastande
681 1361 40 22 och
737 1363 71 26 ansåg
822 1365 41 26 att,
881 1363 77 23 såvida

205 1396 106 27 förslaget
326 1395 33 22 till
374 1395 120 28 petitionen
510 1397 71 25 utgått
596 1395 47 21 från
659 1395 153 28 ridderskapet
828 1397 40 20 och
884 1397 71 28 adeln,

206 1429 37 22 det
262 1429 119 28 höglofliga
404 1429 87 22 ståndet
510 1429 75 24 kunde
605 1431 98 26 upptaga
722 1429 78 28 frågan
819 1430 67 22 bland
907 1431 50 22 dess

206 1464 101 23 enskilda
322 1464 190 28 besvärspunkter;
