1023 1761
763 127 39 25 635

82 194 100 30 miljoner
199 194 63 23 mark
280 201 39 16 var
337 195 36 22 väl
393 201 26 16 en
436 196 44 21 stor
495 202 94 22 summa,
605 202 49 16 men
670 195 88 23 ståndet
772 195 58 24 hade

81 230 34 22 till
133 230 74 22 skolor
225 229 40 22 och
280 229 312 29 kommunikationsanstalter,
609 237 46 15 som
671 237 52 15 voro
739 231 25 21 af
775 231 55 22 min-

82 264 38 22 dre
142 265 55 27 vigt,
220 264 95 27 anslagit
336 264 47 21 lika
406 264 25 21 sä
451 265 98 28 mycket,
571 265 66 21 ehuru
657 265 37 21 det
709 272 39 15 var
763 265 67 22 ända-

82 298 99 22 målslöst
206 300 32 19 att
263 298 80 22 inrätta
365 298 73 22 skolor
460 298 39 22 och
524 298 306 22 kommunikationsanstalter

81 332 33 22 för
135 334 31 20 ett
184 332 55 28 folk,
258 339 46 15 som
323 332 18 28 ej
362 339 39 15 var
413 332 134 28 tillgängligt
561 332 34 22 för
609 332 100 28 bildning
724 333 40 22 och
780 333 49 22 sak-

82 367 57 23 nade
159 366 125 30 produkter,
301 373 45 15 som
362 367 73 21 kunde
451 367 98 28 afyttras.
579 368 34 21 De
628 366 140 29 föreskrifter,
785 374 47 15 som

82 402 107 23 utskottet
211 402 124 28 föreslagit,
356 402 71 21 skulle
448 404 53 25 göra
522 402 69 22 saken
612 402 99 28 omöjlig,
732 402 56 22 helst
804 402 27 22 20

82 437 99 28 miljoner
201 437 62 22 mark
284 436 105 23 behöfdes
409 436 40 22 och
470 437 78 22 endast
563 438 12 20 2
590 437 100 28 miljoner
705 437 73 22 kunde
793 437 37 28 på-

81 472 88 22 räknas.
200 471 92 22 Således
310 478 39 14 var
369 471 36 21 det
425 477 60 16 mera
506 471 97 28 skadligt
624 473 27 20 än
672 472 112 27 gagneligt
799 473 32 20 att

82 507 113 22 diskutera
219 513 34 14 om
271 505 71 29 fakta,
364 512 46 15 som
431 505 19 28 ej
470 505 73 22 kunde
563 505 86 28 hjelpas
669 506 40 21 och
731 513 33 14 om
785 506 46 27 gäl-

81 541 66 22 lande
173 540 157 28 förordningar,
354 547 46 15 som
423 540 128 28 regeringen
574 540 49 21 icke
647 540 51 21 ville
713 540 118 29 upphäfva.

82 576 87 27 Frågan
185 575 73 28 gällde
275 582 26 14 en
317 574 90 28 gordisk
423 575 61 27 knut,
497 581 46 15 som
554 575 69 22 måste
634 574 84 28 huggas
730 575 53 21 midt
793 575 38 21 itu.

150 610 90 22 Prosten
255 609 137 22 Hackzell:
408 609 51 21 Med
472 609 80 27 högsta
567 609 166 27 öfverraskning
744 609 37 21 har
794 610 37 27 jag

82 645 48 21 hört
150 651 26 15 en
197 644 35 22 del
253 644 24 22 af
293 644 60 23 mina
371 643 96 22 vördade
486 643 157 22 ståndsbröder
660 644 70 21 uttala
749 650 26 15 en
790 643 42 22 för-

83 678 146 23 kastelsedom
250 679 59 21 öfver
324 678 118 22 utskottets
457 678 148 22 betänkande.
635 678 33 22 De
683 678 66 22 hafva
764 680 68 26 yttrat

84 714 179 27 »donatariernas
278 715 43 19 rätt
337 716 24 18 är
371 712 132 28 förbisedd*,
517 726 23 2 —
553 712 27 22 de
591 712 66 22 hafva
667 712 87 22 således
765 713 68 27 glömt

84 750 32 21 att
135 749 69 21 saken
224 748 40 22 här
283 750 109 26 uppgöres
411 748 105 27 antingen
532 747 55 22 efter
602 747 106 28 godvillig
724 747 109 22 öfverens-

84 783 119 22 kommelse
223 783 52 21 eller
295 782 26 22 af
338 790 27 14 en
384 782 151 28 kompromiss.
555 794 28 4 —
603 782 49 22 Men
672 782 100 22 hvarföre
787 782 46 22 tala

84 818 27 22 de
129 818 69 22 värda
213 817 107 22 bröderne
334 816 50 23 icke
400 818 31 20 ett
447 816 38 22 ord
501 824 34 14 om
551 816 27 22 de
594 817 92 27 100,000
701 816 131 28 menniskor,

84 852 86 22 hvilkas
194 859 26 15 ve
241 852 54 22 eller
313 852 35 22 väl
369 851 77 28 frågan
465 851 84 28 gäller?
570 851 43 28 Jag
633 851 100 22 önskade
754 853 31 19 att
806 851 27 22 de

84 887 74 22 kunde
177 887 88 21 inträda
285 887 8 21 i
313 885 240 24 donationsböndernes
573 886 70 28 kojor,
665 893 23 15 se
708 886 53 22 huru
776 886 58 22 uselt

85 922 40 22 och
145 922 92 28 orenligt
259 922 26 21 de
305 922 36 28 bo,
362 921 54 22 höra
435 921 54 22 huru
506 921 65 22 deras
586 921 68 22 första
669 921 40 21 och
726 921 54 22 sista
795 920 39 22 ord

84 957 112 29 uttrycker
215 964 26 14 en
259 957 91 27 längtan
370 958 32 20 att
422 956 107 22 orubbadt
547 956 22 21 få
587 956 81 22 besitta
686 956 33 21 sin
735 955 99 22 fäderne-

85 992 80 27 torfva;
183 1003 23 3 —
223 994 40 19 när
277 998 51 15 man
343 990 73 22 helsar
430 991 29 27 på
474 997 27 15 en
517 990 69 22 sådan
601 990 81 28 bonde,
698 990 82 22 bockar
791 990 43 21 han

86 1026 70 28 djupt,
174 1026 26 28 ja
220 1026 88 28 mycket
329 1025 108 28 ödmjukt,
458 1032 48 14 men
523 1024 38 22 det
576 1026 79 27 trygga
669 1024 107 28 väsende,
793 1025 41 21 den

85 1064 86 25 öppna,
183 1060 70 28 ärliga
267 1060 69 28 blick,
353 1066 45 15 som
415 1060 24 21 så
454 1060 36 21 väl
504 1059 80 28 pryder
600 1059 42 21 den
656 1059 71 21 finska
737 1059 97 28 bonden,

86 1096 60 22 detta
166 1095 65 23 söker
251 1102 50 14 man
319 1094 96 28 fåfängt;
436 1094 44 22 han
498 1094 40 22 bär
558 1094 78 22 endast
655 1094 81 21 vackra
753 1093 38 21 ord
806 1094 29 27 på

86 1132 92 25 tungan,
205 1136 50 15 men
281 1129 38 21 hat
342 1128 39 22 och
404 1129 102 22 bitterhet
529 1128 6 22 i
558 1128 87 28 hjertat.
674 1128 106 22 Deröfver
802 1128 34 21 får

85 1172 51 14 man
155 1164 58 21 dock
231 1164 49 21 icke
298 1163 103 22 förundra
421 1164 41 27 sig,
482 1163 28 21 då
531 1162 38 22 det
586 1166 24 18 är
624 1163 56 21 hans
695 1162 141 21 traditionela

86 1201 32 19 tro
132 1200 33 20 att
179 1198 158 21 herremännen
351 1197 100 22 beröfvat
465 1197 79 22 honom
560 1197 55 22 hans
628 1197 127 27 rättmätiga
770 1203 65 20 egen-

86 1233 57 21 dom.
164 1245 26 3 —
210 1233 44 20 Det
269 1239 51 15 vore
336 1233 81 21 osannt
430 1234 32 19 att
476 1232 74 28 påstå,
567 1231 36 22 det
619 1231 65 22 dessa
699 1231 137 21 landbönder

86 1269 38 20 äro
139 1267 33 21 för
187 1268 62 25 tungt
264 1266 140 27 beskattade;
420 1268 93 19 tvärtom
526 1266 29 27 på
565 1266 80 27 många
656 1264 180 29 donationsgods,

86 1301 73 22 såsom
177 1303 15 19 t.
214 1307 33 15 ex.
269 1301 28 28 på
318 1300 58 28 dem,
398 1300 75 22 hvilka
494 1300 88 21 tillhöra
597 1299 240 28 artilleridepartemen-

86 1338 32 19 tet
139 1335 7 21 i
162 1335 31 22 St.
216 1335 140 27 Petersburg,
385 1337 36 19 äro
445 1333 180 23 skattebördorna
647 1334 65 27 högst
734 1333 102 28 lindriga.

85 1370 127 27 Beklagligt
232 1376 43 20 nog
295 1370 70 21 måste
381 1369 42 27 jag
443 1369 56 21 dock
519 1369 86 28 intyga,
621 1370 32 20 att
669 1368 61 22 detta
744 1368 93 21 oaktadt

86 1404 112 21 bönderna
224 1404 28 26 på
275 1403 66 21 dessa
363 1403 55 26 gods
441 1403 135 25 småningom
599 1402 40 20 allt
661 1408 45 14 mer
729 1401 39 21 och
792 1408 44 14 mer

86 1436 114 28 försjunka
219 1436 7 22 i
247 1436 110 22 materielt
376 1436 41 22 och
437 1436 85 28 andligt
540 1436 86 28 armod,
642 1436 7 20 i
665 1436 37 21 det
718 1435 72 22 sinnet
804 1435 34 22 för
