1017 1834
764 133 41 22 339

84 199 18 29 ej
124 200 78 28 insågo
220 198 73 24 denna
307 198 63 30 brist,
386 199 69 23 likväl
470 198 86 24 landets
572 198 40 24 här
626 198 131 24 församlade
774 202 58 21 stän-

84 235 47 28 der,
153 236 71 20 såsom
245 235 71 21 finska
335 234 80 22 folkets
434 236 183 27 representanter,
634 234 105 28 enhälligt
755 236 78 22 uttalat

84 270 60 21 detta
167 270 71 21 såsom
262 271 30 19 ett
315 269 90 22 allmänt
421 269 93 22 erkändt
528 269 68 21 behof
608 268 33 23 för
656 269 81 21 landet.
767 270 66 22 Dom-

83 306 88 26 prosten
190 304 73 22 kunde
282 304 28 28 på
326 304 69 22 sådan
412 304 69 28 grund
492 304 18 28 ej
528 306 67 20 annat
610 306 28 20 än
654 311 53 15 anse
722 305 110 27 uttrycket

83 339 132 28 fullkomligt
234 339 109 28 lämpligt,
364 341 56 20 samt
437 339 84 28 yrkade
537 340 32 20 att
584 338 116 23 utskottets
716 338 116 23 redaktion

83 374 71 22 skulle
176 374 130 22 oförändrad
329 376 99 25 antagas.
459 374 63 22 Hvad
542 374 47 21 åter
608 374 120 21 beträffade
744 376 88 26 prosten

82 408 84 28 Berghs
185 415 78 15 senare
282 408 153 28 anmärkning,
460 408 68 28 ansåg
551 408 138 28 domprosten
705 408 127 22 densamma

83 443 19 27 ej
125 443 53 21 böra
201 442 114 22 föranleda
337 443 33 20 till
392 443 73 27 någon
484 442 84 28 åtgärd.
599 443 145 27 Domprosten
760 443 72 22 kunde

83 477 109 28 nemligen
208 477 19 28 ej
242 477 60 22 finna
316 477 59 22 hvad
390 477 110 22 allmänna
516 477 208 22 besvärsutskottets
735 477 98 28 åliggan-

84 512 26 22 de
134 512 125 27 egentligen
278 519 59 21 vore,
361 519 35 14 om
416 511 38 22 det
471 512 50 22 icke
537 511 63 23 äfven
616 511 57 22 hade
688 512 145 22 redaktionen

84 547 24 22 af
127 547 145 28 petitionerna
296 547 34 28 sig
352 547 137 28 ombetrodd;
507 549 23 26 ty
546 546 28 22 då
590 547 86 28 engång
690 547 44 22 alla
749 547 85 22 förenat

83 581 35 28 sig
140 588 34 15 om
198 581 134 28 antagandet
356 581 24 22 af
401 589 26 14 en
447 582 91 28 petition
554 581 40 22 och
610 581 88 22 beslutit
714 583 32 20 att
761 582 72 22 denna

83 616 71 22 skulle
165 616 33 21 till
206 617 209 21 besvärsutskottets
426 616 166 29 handläggning
600 615 150 30 öfverlemnas,
760 617 74 22 kunde

84 651 138 28 domprosten
238 651 49 22 icke
302 651 70 22 förstå
385 651 59 22 hvad
459 658 72 15 annan
547 651 79 28 åtgärd
640 651 94 22 nämnde
750 652 84 22 utskott

84 685 88 22 dermed
192 685 67 22 borde
273 688 62 26 taga,
353 688 27 19 än
396 685 60 28 gifva
471 686 119 28 petitionen
606 685 67 28 nödig
687 685 146 29 formulering.

82 721 44 21 För
144 720 64 27 öfrigt
228 721 70 27 ansåg
313 720 149 29 domprosten,
479 720 28 22 då
522 727 90 14 numera
627 721 25 20 så
667 721 49 21 kort
730 721 33 21 tid
778 721 56 21 åter-

84 754 62 22 stode
168 755 34 22 för
223 755 148 28 landtdagens
394 755 143 28 fortfarande,
557 755 37 21 det
609 762 53 15 vara
677 755 64 28 högst
757 755 77 22 oklokt

84 791 32 20 att
136 790 22 20 åt
177 789 253 29 expeditionsutskottet,
451 797 45 14 som
512 797 28 14 nu
556 789 86 22 komme
657 791 32 20 att
705 789 129 29 öfverhopas

84 824 50 21 med
149 824 85 28 arbete,
252 827 58 18 ännu
324 824 126 29 ytterligare
466 824 114 29 uppdraga
594 824 144 21 redaktionen
754 824 25 22 af
790 825 44 21 alla

84 859 152 28 petitionerna.

152 893 159 29 Kyrkoherden
328 893 111 22 Castrén
455 894 107 28 upplyste,
578 895 32 20 att
626 893 63 23 äfven
704 894 7 21 i
726 894 107 22 utskottet

84 928 140 28 meningarne
245 929 57 21 varit
321 928 89 28 mycket
430 929 78 22 delade
524 928 114 28 angående
655 929 41 22 den
711 929 124 28 befattning

84 963 107 22 utskottet
213 963 57 28 ägde
286 965 32 19 att
333 965 53 25 taga
400 963 50 22 med
466 964 31 20 dit
513 963 161 22 öfverlemnade
689 964 145 27 petitionsför-

84 998 58 28 slag,
159 998 7 21 i
182 997 36 22 det
238 1004 27 15 en
281 998 35 21 del
330 998 64 28 yrkat
410 1000 32 19 att
458 998 105 22 utskottet
579 998 63 22 äfven
658 998 70 22 skulle
744 998 90 28 fangera

84 1033 74 21 såsom
174 1032 230 28 expeditionsutskott,
421 1039 48 15 men
485 1032 69 22 andra
570 1032 54 29 åter,
641 1032 32 22 till
684 1032 76 22 hvilka
770 1033 64 22 äfven

84 1067 156 29 kyrkoherden
255 1066 57 23 hade
331 1067 57 28 hört,
405 1069 72 20 ansett
493 1067 36 22 det
544 1067 122 21 tillkomma
681 1068 106 21 utskottet
803 1070 32 20 att

85 1102 78 22 endast
186 1102 82 28 afgifva
289 1101 141 23 betänkande
453 1102 59 22 öfver
534 1101 28 23 de
582 1102 33 21 till
636 1102 50 22 dess
700 1102 136 28 behandling

85 1136 140 22 remitterade
240 1136 78 28 frågor.

153 1172 91 21 Prosten
259 1171 121 29 Alopeus
396 1171 95 28 yttrade:
507 1171 73 22 Ehuru
590 1171 47 29 jag,
654 1171 36 22 vid
706 1172 37 22 det
758 1171 76 29 frågan

85 1206 7 22 i
109 1206 88 22 ståndet
216 1206 54 22 först
284 1206 94 28 förevar,
394 1206 88 22 röstade
498 1208 57 20 emot
570 1206 136 28 afgifvandet
721 1206 25 22 af
758 1213 26 15 en
798 1214 37 21 pe-

85 1241 63 22 tition
159 1241 6 21 i
178 1240 60 23 detta
254 1240 66 29 syfte,
336 1248 65 15 anser
412 1240 42 29 jag
469 1241 44 28 mig
528 1241 57 21 dock
600 1248 28 14 nu
643 1241 53 22 böra
706 1241 8 22 i
725 1241 43 22 allo
783 1242 52 27 god-

85 1276 75 22 känna
182 1276 208 22 besvärsutskottets
413 1275 211 29 redaktionsförslag
645 1276 33 21 till
702 1276 133 22 densamma.

84 1310 140 22 Beträffande
244 1312 88 26 prosten
352 1310 84 28 Berghs
456 1317 78 15 senare
551 1310 154 28 anmärkning,
722 1313 24 19 är
757 1310 41 28 jag
814 1310 25 22 af

86 1352 83 15 samma
184 1345 88 27 mening
286 1344 50 22 med
352 1344 138 29 domprosten
503 1344 65 28 Borg.

152 1379 33 21 På
207 1378 25 22 af
250 1379 50 22 herr
322 1379 138 22 talemannen
483 1379 95 22 härefter
596 1379 64 28 gjord
675 1379 161 28 framställning

85 1413 52 22 fann
160 1413 87 22 ståndet
266 1413 49 22 skäl
334 1413 209 22 besvärsutskottets
558 1413 211 28 redaktionsförslag
783 1414 53 27 god-

84 1447 84 29 känna,
192 1454 50 15 men
264 1447 50 22 med
337 1447 42 22 den
396 1448 101 27 ändring,
514 1451 32 18 att
561 1448 76 22 orden:
653 1457 58 19 ,,som
726 1449 112 28 uppbäras
