1017 1792
209 130 40 20 142

247 194 123 22 Fortsattes
392 192 162 28 behandlingen
578 192 25 22 af
619 192 155 28 lagutskottets
788 192 143 23 betänkande

180 228 6 21 i
210 227 119 28 anledning
352 228 24 21 af
396 228 82 27 nådiga
500 226 163 29 propositionen
686 227 115 28 angående
816 227 115 28 ändring
919 222 16 37 i

177 269 29 15 nu
230 262 104 28 gällande
357 262 139 28 stadganden
519 269 34 14 om
572 261 128 29 kyrkoplikt
720 262 40 22 och
776 262 154 29 upphäfvande

178 296 24 23 af
216 297 42 22 den
272 296 34 23 för
319 297 60 22 vissa
392 297 58 22 brott
465 296 112 29 påbjudna
591 296 63 28 afgift
669 296 33 22 till
718 296 79 29 kyrka.

246 331 17 29 $
278 332 20 21 2.

245 366 146 28 Domprosten
414 366 70 28 Borg
502 366 61 28 ville,
582 365 30 22 dä
630 365 36 23 det
682 373 89 15 numera
784 365 56 23 blott
855 366 74 28 gällde

178 402 32 19 att
232 400 152 23 omformulera
406 400 168 28 ifrågavarande
597 401 13 25 $
634 401 33 28 sä,
691 403 33 18 att
741 401 151 28 pluralitetens
909 401 25 20 af

177 435 89 21 ståndet
285 435 89 27 mening
393 434 8 22 i
416 434 77 28 frågan
509 435 67 21 måtte
590 433 70 23 blifva
674 434 49 22 fullt
738 434 94 29 uttalad,
848 435 83 28 antyda

176 469 55 22 huru
246 469 140 28 domprosten
397 469 70 28 ansåg
477 469 95 22 nämnda
584 468 176 28 omformulering
769 469 77 22 lättast
856 469 75 22 kunna

177 504 47 21 ske.
254 504 43 21 För
312 503 38 22 det
367 503 69 22 första
456 503 67 22 borde
546 502 88 22 ståndet
656 503 25 22 så
703 510 59 21 noga
784 510 46 15 som
846 503 85 28 möjligt

176 538 60 21 hålla
255 538 35 28 sig
307 537 33 22 till
359 537 156 28 ordalydelsen
534 537 7 21 i
559 537 120 28 kejserliga
694 537 173 29 propositionen,
884 545 47 14 som

176 579 80 21 genom
277 572 38 22 vid
336 571 59 22 förra
416 572 88 27 plenum
526 571 72 22 skedd
620 572 136 27 omröstning
772 574 84 20 ansetts
877 573 54 21 böra

176 606 51 23 med
241 607 60 22 vissa
314 606 176 22 modifikationer
500 608 78 25 utgöra
588 605 99 29 grunden
697 606 34 22 för
742 607 98 22 ståndets
851 607 79 22 beslut-

176 642 43 21 För
234 641 37 22 det
287 641 69 22 andra
371 648 51 15 vore
438 641 76 28 nödigt
530 643 33 19 att
577 647 57 22 noga
648 641 115 28 bemärka,
775 643 33 20 att
818 641 37 22 det
866 641 63 22 skrif-

176 676 88 28 termål,
281 683 46 15 som
342 675 68 22 borde
426 675 109 28 undergäs
550 675 26 22 af
588 675 52 28 den,
654 675 89 22 hvilken
754 675 71 23 blifvit
836 675 93 23 beträdd

176 711 50 22 med
245 711 57 21 brott
320 710 25 22 af
360 710 138 27 ifrågaställd
514 709 161 28 beskaffenhet,
690 710 69 22 borde
775 717 65 15 anses
856 711 73 21 såsom

176 745 142 28 slutpunkten
334 744 24 22 af
371 745 37 21 det
424 745 88 28 samtal,
531 744 33 22 till
579 744 84 22 hvilket
677 744 43 22 han
736 744 72 23 blifvit
822 745 108 22 åtvarnad

176 782 33 19 att
223 780 40 21 hos
279 779 33 22 sin
328 779 141 28 själasörjare
486 779 90 22 inställa
585 779 40 28 sig.
660 779 80 22 Vidare
751 781 32 19 att
793 779 137 22 beträffande

176 814 180 23 beskaffenheten
374 814 24 22 af
410 814 156 22 skriftermålet
580 814 100 28 tydligen
695 814 67 22 borde
778 814 31 22 uti
824 814 106 28 förslaget

175 851 100 26 utsägas,
292 850 32 20 att
338 848 122 22 detsamma
471 849 104 28 antingen
588 848 45 22 kan
644 848 39 22 ske
694 848 86 22 hemma
791 848 39 23 hos
840 851 88 27 presten

175 886 53 19 utan
251 884 92 28 vittnen,
363 884 53 21 eller
435 883 50 29 ock,
506 890 34 15 om
560 883 42 21 den
619 883 110 22 sakfällde
744 884 26 21 så
785 883 90 28 fordrar,
891 891 37 14 an-

176 918 75 28 tingen
273 918 57 22 inför
348 918 105 22 särskildt
472 918 125 22 tillkallade
612 918 95 28 vittnen,
724 918 54 22 eller
792 918 136 22 allmänneli-

175 960 43 20 gen
227 953 56 22 inför
291 952 51 22 hela
353 953 167 27 församlingen,
537 954 56 20 samt
604 954 32 20 att
646 960 34 14 om
691 952 154 29 brottslingen,
862 953 67 21 ehuru

176 987 66 22 dömd
265 987 33 22 till
316 987 97 22 enskildt
433 987 141 28 skriftermäl,
590 986 57 22 dock
664 987 80 22 önskar
760 989 32 20 att
807 987 57 23 inför
879 988 50 21 hela

174 1022 156 27 församlingen
349 1022 102 22 bekänna
467 1022 38 22 sitt
520 1022 68 27 brott,
605 1022 79 21 sädant
700 1022 19 27 ej
736 1022 57 28 finge
807 1022 121 27 förvägras.

242 1057 92 21 Prosten
356 1057 20 21 J.
399 1056 17 21 I.
439 1056 88 28 Bergh
549 1056 57 22 hade
622 1056 64 21 tänkt
701 1056 34 28 sig
750 1056 69 22 saken
835 1056 93 22 alldeles

175 1091 34 27 sä,
222 1098 45 14 som
284 1090 139 29 domprosten
438 1091 68 28 Borg,
524 1098 49 15 men
588 1090 51 22 ville
650 1090 66 22 hafva
727 1091 110 28 anmärkt,
854 1093 32 19 att
900 1092 29 27 pä

174 1125 71 27 grund
267 1125 25 21 af
312 1124 72 23 denna
404 1125 68 29 äsigt,
490 1126 74 26 nägon
579 1125 70 23 sädan
663 1125 140 28 formulering
818 1126 110 27 svärligen

174 1159 74 22 kunde
266 1160 192 28 tillvägabringas,
478 1167 46 15 som
540 1160 71 22 skulle
628 1160 159 22 tillfredsställa
803 1160 53 28 alla,
874 1163 53 19 enär

175 1194 25 21 sä
216 1194 129 28 skiljaktiga
360 1194 114 28 meningar
487 1194 131 22 härutinnan
634 1194 50 22 sökt
700 1197 54 25 göra
769 1195 35 27 sig
816 1194 112 28 gällande.

174 1228 91 22 Prosten
288 1228 74 22 anhöll
384 1228 86 22 derföre
493 1230 32 20 att
547 1229 23 21 fä
584 1229 93 28 uppläsa
692 1231 31 19 ett
738 1229 26 21 af
778 1229 78 22 honom
874 1236 53 22 upp-

174 1265 45 19 satt
234 1262 93 28 förslag,
343 1262 151 22 innefattande
510 1263 44 21 alla
570 1263 27 21 de
613 1263 60 22 olika
688 1264 117 28 meningar,
818 1270 48 16 som
879 1263 49 22 blif-

174 1297 32 21 vit
227 1297 88 27 yttrade
339 1297 40 21 och
402 1297 84 22 hvilket
500 1298 92 28 förslag,
609 1297 100 23 deröfver
724 1300 88 26 prosten
828 1297 98 23 önskade

174 1332 135 26 omröstning
324 1332 140 27 momentvis,
480 1332 92 21 befanns
588 1332 132 27 sälydande:

245 1381 8 10 n
256 1365 51 21 Med
330 1365 153 27 upphäfvande
506 1365 25 22 af
550 1365 28 21 de
600 1366 84 26 lagrum
706 1365 41 22 och
766 1365 160 28 författningar,

174 1398 76 23 hvilka
267 1399 29 28 pä
312 1400 31 21 ett
358 1399 52 22 eller
426 1400 67 21 annat
510 1401 43 20 sätt
568 1401 54 26 göra
638 1399 138 28 ätnjutandet
791 1399 25 22 af
828 1399 99 23 medbor-

174 1433 84 29 gerliga
278 1433 129 29 rättigheter
426 1433 41 23 och
482 1433 108 23 förmäner
605 1434 109 23 beroende
730 1434 25 22 af
770 1434 43 23 den
835 1434 20 22 h.
871 1437 56 20 natt-
