1017 1814
205 139 41 20 370

178 204 37 20 net
231 202 117 28 äterlösa;*
365 202 113 21 hvarutom
493 202 19 27 S,
528 202 50 21 med
594 201 110 28 ogillande
720 201 25 21 af
757 201 37 22 det
810 201 25 21 af
842 201 82 22 utskot-

177 239 32 19 tet
223 236 134 28 föreslagna,
373 236 67 22 borde
456 236 83 22 erhålla
550 235 97 28 följande
658 236 87 27 tillägg:
760 253 7 9 ,
772 235 39 22 och
822 236 39 22 bör
872 235 51 28 den,

178 277 45 15 som
242 271 148 26 inrättningen
409 270 111 28 nedlaggt,
537 270 7 20 i
560 269 105 22 händelse
679 270 43 21 han
738 270 38 21 vill
792 269 42 23 den
850 276 75 22 expro-

177 305 100 27 prierade
291 304 80 28 jorden
389 304 33 22 till
440 311 73 15 annan
532 304 66 28 afstå,
618 304 73 22 derom
711 304 121 28 bevisligen
848 304 77 22 under-

176 342 58 18 rätta
254 342 81 24 ägaren
355 338 24 22 af
394 338 42 22 den
454 338 114 28 lägenhet,
588 338 109 22 hvarifrån.
713 338 80 28 jorden
808 338 71 22 blifvit
894 338 31 21 af-

177 373 68 28 skild,
261 374 14 21 å
289 373 90 22 hvilken
394 372 36 22 det
446 373 126 21 ankommer
588 374 32 20 att
635 373 57 21 inom
708 375 32 19 tre
759 372 104 22 månader
879 372 46 22 der-

178 407 54 22 efter
252 407 118 27 behörigen
389 407 87 21 anmäla
494 407 34 21 sin
547 406 69 28 talan,
637 406 46 22 ifall
698 406 43 22 han
758 406 25 22 af
794 406 131 22 företrädes-

177 444 44 19 rätt
239 442 33 21 till
291 442 108 22 återlösen
415 441 37 22 vill
468 441 34 28 sig
517 442 120 26 begagna."
654 442 27 20 29
697 442 13 26 &
726 441 129 27 godkändes
871 441 55 21 oför-

179 476 90 22 ändrad.

246 510 22 29 2)
292 510 25 22 af
335 517 82 15 samma
436 510 52 28 dag,
508 510 74 22 derom
600 512 32 19 att
651 510 36 21 det
705 510 118 28 höglofliga
839 510 87 22 ståndet

177 545 113 27 godkännt
306 544 255 28 expeditionsutskottets
578 544 109 22 särskilda
702 544 83 28 förslag
799 545 33 21 till
848 544 77 22 under-

178 580 81 27 dåniga
279 586 50 15 svar
347 579 13 21 å
375 578 81 28 nådiga
471 578 196 29 propositionerne:
684 578 22 29 a)
723 578 114 29 angående
853 578 73 23 behof-

177 616 37 20 vet
229 613 25 22 af
267 620 26 15 en
308 613 223 28 fridlysningsstadga
546 613 34 21 för
594 613 87 22 landets
693 613 126 28 jernvägar,
835 613 92 22 kanaler

178 648 40 21 och
240 647 126 28 telegrafer;
388 647 24 28 b)
432 647 114 28 angående
566 647 73 28 envig,
663 647 40 22 och
723 647 20 28 c)
759 647 115 28 angående
889 655 37 14 an-

177 681 96 28 tagande
294 681 25 22 af
335 688 26 15 en
379 681 128 28 författning
526 689 35 14 om
580 681 137 22 afskaffande
733 681 25 22 af
771 681 60 22 vissa
845 681 81 22 härför-

178 716 66 21 innan
263 716 100 28 nyttjade
382 715 64 23 straff
463 715 39 22 och
519 716 63 22 deras
598 715 126 22 ersättande
739 715 44 23 tills
799 716 75 22 vidare
890 723 36 21 ge-

178 757 49 15 nom
243 750 76 22 andra.

245 784 23 29 3)
283 784 34 22 för
332 783 43 23 den
390 785 27 20 24
432 791 66 22 mars,
515 785 74 21 derom
605 786 32 19 att
650 785 37 21 det
698 785 118 27 höglofliga
830 785 96 28 ständet,

178 818 37 21 vid
233 818 155 28 föredragning
405 818 25 22 af
445 819 111 21 allmänna
574 819 209 22 besvärsutskottets
797 819 83 28 förslag
895 820 32 21 till

178 852 106 23 Finlands
307 853 100 21 ständers
429 853 151 28 underdäniga
601 853 92 28 petition
715 861 34 14 om
765 854 139 27 upptagande
921 854 6 21 i

179 887 86 22 landets
281 887 134 28 grundlagar
430 887 25 21 af
463 889 30 20 ett
504 887 122 28 stadgande
636 888 93 21 rörande
740 888 121 27 periodiskt
872 889 54 20 äter-

179 921 130 22 kommande
325 921 136 28 landtdagar,
474 922 85 27 antagit
567 921 105 28 förslaget
685 922 7 21 i
705 921 73 29 öfrigt,
788 924 58 20 utom
855 924 32 19 att
895 925 32 19 ut-

179 955 86 29 trycket
275 962 59 20 ,som
341 955 123 28 uppbäras*
476 956 71 21 skulle
555 956 87 28 utbytas
650 958 45 20 mot
703 956 67 22 orden
780 974 8 9 ,
793 957 74 22 hvilka
875 964 53 21 upp-

178 991 86 27 bäras",
273 990 94 21 hvarhos
375 990 100 22 beslutits
484 993 32 18 att
524 990 42 22 den
574 990 150 28 underdäniga
732 991 121 28 petitionen
862 991 66 22 borde

179 1025 28 27 pä
226 1024 116 21 enahanda
360 1026 44 20 sätt
418 1024 172 28 underskrifvas,
607 1031 46 15 som
668 1025 37 21 vid
721 1025 27 22 de
763 1025 68 22 redan
847 1025 81 22 härför-

179 1059 67 21 innan
263 1058 145 29 expedierade
419 1059 145 28 petitionerna
574 1059 92 22 rörande
676 1059 147 28 landtdagens
834 1060 94 28 förläng-

181 1094 53 26 ning
252 1093 125 28 iakttagits,
396 1093 111 21 äfvensom
526 1096 32 19 att
573 1093 110 22 allmänna
698 1094 206 28 besvärsutskottet,
921 1095 7 21 i

181 1127 104 22 afseende
307 1128 14 21 &
343 1134 29 15 nu
390 1127 168 28 ifrägavarande
577 1128 39 21 och
636 1128 69 27 öfriga
721 1128 104 22 ständens
841 1136 87 20 gemen-

181 1169 61 14 sama
265 1162 85 28 besvär,
374 1161 71 22 skulle
469 1162 75 22 utöfva
566 1169 83 15 samma
666 1162 111 29 funktion,
796 1162 89 23 hvilken
906 1164 22 20 ät

181 1196 243 28 expeditionsutskottet
443 1196 92 22 rörande
555 1196 27 22 de
604 1196 119 28 kejserliga
741 1197 187 28 propositionerna

180 1230 71 22 blifvit
266 1230 132 28 uppdragen.

248 1265 23 28 4)
290 1265 25 21 af
331 1271 83 15 samma
433 1264 53 29 dag,
502 1264 153 22 innehällande
671 1267 32 19 att
719 1265 153 29 ridderskapet
888 1266 40 22 och

181 1300 66 20 adeln
262 1299 33 21 till
311 1300 44 20 alla
371 1299 61 21 delar
446 1299 114 27 godkännt
569 1300 156 27 lagutskottets
735 1300 83 28 förslag
828 1301 33 21 till
872 1308 55 14 sam-

181 1333 165 28 manjemkning
364 1333 25 21 af
404 1333 104 22 ständens
526 1334 109 21 särskilda
653 1334 72 22 beslut
742 1334 7 22 i
765 1334 120 28 anledning
906 1335 26 21 af

181 1367 82 27 nädiga
288 1367 162 27 propositionen
470 1373 34 15 n:o
524 1368 26 20 12
574 1367 114 27 angäende
706 1368 111 21 allmänna
834 1368 95 27 grunder

180 1400 33 21 för
229 1406 27 15 en
272 1407 28 21 ny
315 1400 158 27 brottmälslag.

250 1434 23 28 5)
289 1434 26 22 af
326 1440 83 16 samma
424 1434 53 28 dag,
492 1434 50 22 med
553 1434 157 23 underrättelse
721 1438 32 19 att
764 1435 36 22 det
811 1436 118 28 höglofliga
