1023 1714
777 119 40 21 619

93 184 30 28 på
140 183 72 23 medel
230 182 71 23 skulle
319 184 85 28 nödgas
420 183 111 29 afstanna;
547 184 41 22 och
601 184 75 22 anhöll
691 184 154 29 kyrkoherden

94 217 92 29 derföre,
208 220 32 19 att
260 218 88 22 ståndet
362 218 82 28 skulle,
460 218 8 22 i
482 218 70 22 likhet
567 219 50 22 med
631 218 58 22 hvad
705 219 7 21 i
726 219 120 29 kejserliga

93 252 163 29 propositionen
272 252 98 29 föreslås,
385 252 73 22 härtill
473 253 82 28 bevilja
570 254 92 27 300,000
677 254 68 21 mark.

162 287 252 22 Utskottsbetänkandet
429 288 7 20 i
452 287 73 22 denna
535 287 36 22 del
581 287 130 28 godkändes
721 288 63 28 härå,
795 288 51 22 med

95 321 113 23 obestridd
222 321 118 28 pluralitet.

162 356 64 21 Mom.
242 356 21 21 9.

162 390 212 28 Kontraktsprosten
393 390 96 22 Hellén
507 390 105 22 förenade
631 390 34 28 sig
679 391 7 21 i
703 391 42 22 den
761 391 25 21 af
797 391 49 22 herr

94 426 26 21 E.
129 425 82 22 Linder
219 425 7 21 i
234 425 107 22 utskottet
350 424 93 22 rörande
453 424 73 22 denna
536 425 69 29 punkt
614 424 83 28 afgifna
705 427 141 21 reservation.

163 460 147 27 Domprosten
334 459 68 27 Borg
429 460 79 27 ansåg,
534 460 7 20 i
566 459 71 21 likhet
658 460 51 22 med
729 460 117 29 utskottet,

95 496 33 20 att
153 494 27 21 de
204 494 32 21 till
259 493 69 22 Perho
351 500 84 15 mosses
455 493 128 28 uttorkning
602 494 8 20 i
629 494 120 28 kejserliga
769 501 78 22 propo-

96 528 94 22 sitionen
212 528 126 28 föreslagna
361 528 78 27 anslag
462 528 18 28 ej
506 528 67 22 borde
595 528 104 29 beviljas,
722 535 50 15 men
792 529 55 21 att
836 524 15 37 i

96 562 74 23 stället
190 562 66 22 dessa
275 562 72 22 medel
368 562 70 22 skulle
460 562 69 22 under
549 564 32 20 tre
602 562 35 22 års
653 563 32 21 tid
700 563 52 28 utgå
767 562 33 23 för
815 565 33 20 att

96 596 65 23 deraf
180 596 60 22 bilda
264 604 26 14 en
312 596 61 29 fond,
397 604 46 14 som
466 596 86 22 komme
574 598 33 20 att
629 597 114 22 användas
762 598 33 21 till
810 598 37 21 lån

96 632 24 21 åt
135 632 59 28 dem,
211 638 45 16 som
272 632 8 20 i
296 631 26 21 de
337 631 101 28 nordliga
454 631 112 22 trakterna
579 631 52 22 ville
647 631 99 29 företaga
761 632 87 28 nyttiga

96 667 60 21 kärr-
180 666 39 21 och
242 666 166 28 mossodlingar.
438 666 146 28 Domprosten
607 666 70 28 ansåg
699 668 32 19 att
753 666 7 22 i
780 668 68 20 annat

96 700 39 22 fall
161 700 27 22 de
215 700 101 28 nordliga
340 700 66 22 länen
432 700 87 22 komme
546 702 32 20 att
605 699 68 23 blifva
695 707 44 21 nog
759 701 89 29 mycket

96 734 133 23 förbisedda.

164 768 160 30 Kyrkoherden
340 769 118 27 Castrén,
472 768 231 29 kontraktsprostarne
714 769 134 21 Ehrström

97 804 41 22 och
158 803 133 22 Stenbäck
312 805 58 20 samt
388 805 87 26 prosten
492 803 122 22 Saxbäck
629 803 104 23 förenade
749 804 34 27 sig
798 803 50 22 med

98 838 138 28 domprosten
252 838 64 27 Borg.

165 873 91 21 Prosten
277 872 96 22 Heikel
396 872 70 28 ansåg
489 872 37 21 det
547 878 54 15 vara
623 871 93 23 alldeles
735 872 114 28 olämpligt

97 908 33 20 att
144 906 145 28 kapitalisera
304 908 83 20 statens
403 906 119 28 tillgångar
537 905 33 23 för
585 906 60 22 vissa
660 906 109 22 särskilda
781 906 67 22 ända-

96 941 54 28 mål,
170 941 40 21 och
226 942 32 20 att
273 940 38 22 det
326 941 25 21 så
366 940 88 28 mycket
469 940 84 22 mindre
567 940 68 22 borde
651 940 87 22 komma
753 941 7 21 i
776 940 72 29 fråga,

98 976 38 27 då,
160 976 72 21 såsom
256 974 64 22 äfven
344 974 50 22 herr
413 974 82 22 Linder
515 974 8 22 i
543 974 33 22 sin
597 975 134 21 reservation
752 975 98 28 påpekat

98 1010 41 22 och
162 1009 81 22 enhvar
266 1009 57 21 hade
343 1009 33 27 sig
396 1009 92 28 bekant,
508 1015 27 15 en
555 1008 211 28 hypoteksförening
785 1008 63 23 fanns

97 1044 99 22 inrättad
218 1044 8 20 i
245 1044 86 27 landet,
353 1043 25 21 af
394 1043 90 22 hvilken
504 1043 63 21 såväl
587 1043 26 21 de
634 1043 101 27 nordliga
755 1050 46 14 som
821 1043 28 21 de

98 1078 87 28 sydliga
201 1078 89 21 delarne
305 1077 25 22 af
342 1077 76 22 landet
432 1078 58 21 hade
505 1079 43 19 rätt
564 1079 32 19 att
611 1077 101 27 begagna
728 1077 40 27 sig.
798 1078 51 21 Pro-

99 1114 48 20 sten
162 1112 70 28 ansåg
248 1112 84 22 derföre
348 1112 61 21 detta
424 1112 80 27 anslag
519 1111 92 22 allsicke
626 1111 83 28 nödigt.

166 1147 91 21 Prosten
276 1147 121 27 Alopxus
415 1146 104 22 förenade
539 1146 34 28 sig
591 1146 50 21 med
657 1148 89 26 prosten
764 1146 86 22 Heikel.

167 1182 146 27 Domprosten
334 1181 69 28 Borg
424 1180 102 29 menade,
550 1182 33 20 att
605 1180 38 21 det
665 1180 24 22 af
705 1180 49 22 herr
769 1180 82 22 Linder

99 1216 125 28 åberopade
245 1216 49 21 skäl
310 1215 19 28 ej
347 1223 38 14 var
400 1216 68 27 något
483 1215 58 28 skäl,
557 1215 29 22 då
601 1215 45 21 alla
661 1215 61 22 delar
738 1215 25 21 af
775 1215 75 22 landet

98 1251 58 21 hade
176 1250 47 21 lika
242 1253 43 18 rätt
304 1250 33 21 till
358 1250 137 27 delaktighet
515 1250 8 21 i
543 1249 246 29 hypoteksföreningen;
810 1249 40 22 och

100 1285 70 28 ansåg
188 1285 139 28 domprosten
343 1287 40 25 att,
400 1284 29 21 då
444 1284 44 21 alla
503 1284 47 21 lika
565 1283 90 28 deltaga
670 1284 6 21 i
692 1283 158 29 bevillningen,

100 1327 50 14 man
175 1319 63 22 äfven
260 1319 68 22 borde
349 1319 58 22 tillse
430 1320 33 20 att
486 1319 43 21 alla
552 1318 87 21 komme
661 1320 32 19 att
715 1317 66 22 hafva
802 1319 49 20 sina

101 1353 95 22 fördelar
222 1353 70 27 deraf,
320 1353 92 21 emedan
438 1359 80 15 annars
542 1359 26 14 en
591 1352 104 21 orättvisa
719 1351 71 22 skulle
811 1352 39 21 ske

102 1387 40 22 och
163 1386 36 28 de,
221 1393 46 15 som
288 1386 64 21 deraf
369 1387 52 26 inga
441 1386 96 21 fördelar
558 1385 89 28 erhölle,
664 1385 55 22 blott
735 1386 115 27 motvilligt

102 1421 40 22 och
156 1420 25 22 af
193 1421 67 28 tvång
275 1421 87 22 komme
377 1423 32 20 att
424 1420 7 22 i
447 1420 126 23 densamma
589 1419 96 29 deltaga.
