1025 1773
218 126 40 20 832

189 191 35 21 Då
249 190 100 28 föröfrigt
375 190 66 22 dessa
464 191 25 21 af
507 191 160 22 bondeståndet
689 191 127 29 uppställda
839 192 71 22 vilkor
932 192 7 21 i

190 224 78 28 sjelfva
283 225 77 21 verket
375 231 52 15 voro
443 225 25 21 af
481 226 24 21 så
520 226 62 27 ringa
598 226 143 28 betydenhet,
758 226 77 28 skulle,
847 233 34 15 om
893 232 47 23 pre-

189 259 123 22 staståndet
335 261 102 20 motsatte
460 260 35 27 sig
516 260 122 28 desamma,
661 260 70 22 saken
751 260 23 22 få
792 262 31 20 ett
843 261 55 21 sken
919 260 24 22 af

190 294 102 28 oförtjent
312 294 67 28 ovilja
399 293 48 22 från
465 294 175 34 prestaståndets
660 294 55 23 sida.
745 294 26 29 Ej
788 295 68 21 heller
871 295 68 29 hade,

189 329 68 27 enligt
277 328 135 29 professorns
427 328 67 29 åsigt,
510 329 161 22 bondeståndet
686 336 29 14 nu
730 330 77 27 begärt
821 330 67 27 något
903 336 37 15 an-

189 366 48 26 nat,
259 365 28 20 än
308 362 58 23 hvad
384 362 106 23 utskottet
510 363 68 22 redan
598 363 123 29 medgifvit,
740 364 110 28 nemligen
866 366 33 20 att
913 371 27 15 en

188 398 107 28 fjerdedel
316 398 25 21 af
358 398 243 22 brännvinsinkomsten
616 398 73 22 blefve
704 398 155 23 kommunerne
874 399 66 22 tiller-

188 433 71 29 känd;
276 432 88 23 ståndet
379 432 57 22 hade
451 432 124 23 derutöfver
590 432 79 23 endast
684 433 59 22 velat
757 433 89 29 betinga
862 434 34 27 sig
906 436 34 19 sä-

188 468 77 22 kerhet
286 470 32 19 att
334 467 73 22 denna
421 467 107 28 fjerdedel
543 467 68 23 också
626 467 127 28 verkeligen
769 468 71 22 skulle
856 467 84 23 utfalla.

189 503 46 22 Och
254 503 29 22 då
303 502 154 29 ridderskapet
477 503 39 21 och
532 503 64 21 adeln
612 502 114 28 föreslagit
741 505 58 20 ännu
812 503 129 28 ytterligare

188 545 27 14 en
231 537 104 22 dividend
351 537 22 21 åt
389 537 156 22 kommunerna
560 537 33 22 till
610 537 122 28 ersättning
747 537 32 22 för
793 537 59 22 hvad
866 537 27 22 de
904 544 36 21 ge-

188 579 50 15 nom
256 571 268 28 husbehofsbränningens
543 571 141 29 upphörande
700 572 86 21 komme
803 574 31 19 att
849 571 91 29 förlora,

188 607 84 22 hvilket
294 606 95 22 tillskott
411 606 124 29 professorn
559 607 57 22 dock
639 607 75 28 tyckte
735 613 52 16 vara
807 607 25 22 så
852 606 88 29 mycket

189 641 84 22 mindre
292 641 86 28 nödigt,
400 648 46 15 som
465 641 161 22 bondeståndet
645 641 74 22 derom
739 641 18 28 ej
779 648 39 15 ens
837 641 103 22 anhållit:

189 677 25 22 så
229 676 113 28 utgjorde,
363 675 68 28 enligt
445 675 135 29 professorns
597 675 77 29 tanke,
692 676 61 21 detta
769 678 30 19 ett
813 675 128 29 ytterligare

189 711 48 22 skäl
252 711 34 21 för
300 710 164 29 prestaståndet
479 712 32 20 att
526 710 111 29 medgifva
653 711 66 22 dessa
733 717 29 15 nu
776 711 25 21 af
809 711 130 22 bondestån-

189 746 37 21 det
242 745 25 22 så
281 745 47 28 lågt
344 751 45 16 som
403 745 86 28 möjligt
502 745 131 22 nedstämda
648 745 103 29 anspråk.
781 745 108 28 Slutligen
903 748 37 19 ön-

190 780 69 23 skade
278 780 135 28 professorn,
434 787 46 15 som
501 779 7 22 i
528 780 39 27 går
582 779 57 23 hade
653 780 118 22 öfvervarit
786 780 154 23 diskussionen

189 815 25 22 af
232 815 72 21 denna
322 815 61 27 fråga
399 815 30 21 uti
446 814 171 29 bondeståndet,
632 815 95 28 upplysa
742 814 49 23 med
807 815 104 22 afseende
927 815 14 21 å

189 850 37 22 det
244 849 70 28 tredje
333 849 94 22 vilkoret
446 851 41 27 att,
503 849 72 22 såsom
591 849 64 22 äfven
671 849 139 28 domprosten
825 849 59 28 Borg
898 849 42 22 för-

189 884 83 29 modat,
291 883 172 23 bondeständets
484 884 88 28 mening
590 884 87 28 tycktes
693 884 66 28 varit,
776 886 32 20 att
824 883 55 23 blott
893 884 46 29 plu-

190 920 73 21 ralitet
290 918 26 22 af
340 919 28 21 de
394 919 137 22 närvarande
562 918 133 29 röstägande
722 926 53 15 vore
802 918 137 29 nödvändig,

190 956 56 20 samt
264 956 32 19 att
316 960 51 15 man
382 955 68 27 yttrat
465 954 42 22 den
522 953 154 29 förhoppning,
693 955 32 20 att
740 953 68 23 redan
823 954 37 21 vid
876 956 65 20 nästa

189 988 108 29 landtdag
308 988 142 29 jordskatten
465 988 70 23 skulle
546 988 97 29 aflyftas,
655 988 41 22 och
707 990 32 20 att
749 988 86 23 således
846 988 94 22 nämnde

190 1025 76 21 stånds
281 1024 73 22 beslut
369 1024 49 21 icke
433 1023 74 23 kunde
522 1024 59 28 gälla
597 1026 31 20 ett
643 1024 93 27 aflägset
745 1023 92 29 fjerran,
848 1026 53 20 utan
911 1024 30 28 på

190 1060 33 21 sin
242 1058 52 29 höjd
314 1058 27 22 de
361 1058 30 22 tio
411 1058 30 29 år,
460 1058 68 22 under
543 1058 75 23 hvilka
633 1058 156 28 författningen
806 1058 87 22 komme
909 1060 32 20 att

189 1102 53 14 vara
258 1093 110 29 gällande.

258 1128 210 28 Kontraktsprosten
488 1128 96 22 Hellén
604 1127 104 23 förenade
729 1127 34 29 sig
782 1126 49 24 med
851 1130 88 26 prosten

190 1164 114 26 Grönberg
318 1162 79 28 deruti,
414 1165 32 19 att
462 1163 26 22 de
505 1164 24 21 af
541 1163 161 22 bondeståndet
717 1162 137 22 framställda
869 1162 71 22 vilkor

190 1198 36 21 väl
245 1205 51 14 voro
313 1197 73 22 alltför
402 1198 51 28 högt
468 1197 157 29 uppstegrade,
642 1204 49 15 men
707 1198 70 27 ansåg
793 1200 32 19 att
840 1196 27 23 de
883 1196 57 23 dock

190 1232 68 22 borde
278 1234 104 26 antagas,
403 1232 29 28 på
453 1232 36 22 det
511 1232 119 22 ständerna
653 1232 71 22 skulle
747 1231 102 29 åtskiljas
871 1231 69 22 under

190 1267 76 27 sämja.
297 1266 80 22 Likväl
396 1266 99 22 önskade
515 1266 205 28 kontraktsprosten
734 1266 54 22 först
804 1266 81 28 erfara,
902 1265 37 23 hu-

189 1301 77 22 ruvida
281 1300 102 22 bemälde
399 1301 64 21 stånd
478 1308 50 14 vore
545 1301 87 22 sinnadt
648 1303 32 19 att
695 1300 110 27 medgifva
820 1301 67 26 något
903 1307 37 14 an-

190 1335 48 26 slag
254 1334 32 21 till
302 1334 168 28 allmännyttiga
485 1334 91 28 företag.

258 1369 91 22 Prosten
371 1368 140 28 Grönberg
530 1368 115 23 anmärkte
666 1370 57 21 emot
740 1367 123 30 professorn
880 1367 59 23 Geit-

189 1405 40 25 lin,
246 1406 32 20 att
292 1403 162 23 bondeståndet
470 1402 68 24 borde
553 1403 68 22 kläda
637 1403 48 22 sina
700 1404 80 21 tankar
795 1403 7 21 i
817 1402 123 30 begripliga

190 1439 49 28 ord,
258 1440 26 21 så
304 1441 32 19 att
356 1438 49 22 icke
425 1439 71 27 någon
518 1438 122 29 advokatyr
654 1438 71 22 skulle
740 1438 75 22 kunna
829 1438 111 22 komma
927 1434 17 38 i
