1023 1748
769 123 40 26 571

89 193 153 29 berättigande
264 193 33 22 för
320 193 117 23 ständerna
459 194 32 21 att
505 192 7 22 i
528 193 88 22 samråd
638 192 49 23 med
710 193 129 29 regeringen

88 229 123 21 bestämma
237 227 28 22 de
288 229 111 21 allmänna
421 227 100 29 grunder,
550 227 109 22 hvarefter
682 227 158 29 tullafgifterna

89 263 67 21 borde
177 263 110 21 debiteras
307 263 39 21 och
364 262 117 29 uppbäras,
504 262 71 22 blifvit
590 262 25 21 af
627 261 161 22 bondeståndet
803 269 37 14 an-

90 299 69 26 taget,
173 297 70 28 jemte
259 297 38 22 det
312 297 91 22 ärendet
417 296 56 22 ifrån
490 296 76 28 hvarje
581 296 25 21 af
618 296 94 22 nämnde
728 297 63 21 stånd
808 297 33 21 till

90 332 112 22 allmänna
221 332 198 22 besvärsutskottet
438 331 143 28 remitterats;
603 331 113 21 hvarutom
731 331 111 28 välloflige

90 366 181 28 borgareståndet
287 367 68 21 också
368 366 32 21 till
416 366 107 21 utskottet
538 365 123 28 hänskjutit
671 367 32 20 ett
713 365 58 22 inom
782 365 61 22 detta

90 400 66 23 stånd
174 401 119 28 uppgjordt
312 401 82 27 förslag
409 400 33 21 till
461 399 137 28 underdånig
611 399 91 29 petition
718 407 34 14 om
768 400 75 27 rättig-

90 436 37 21 het
142 435 33 22 för
191 435 120 22 ständerna
326 437 33 19 att
373 435 87 21 besluta
476 434 116 29 angående
603 434 188 28 tullbevillningen
803 434 40 22 och

91 470 152 22 tullsatsernas
267 470 89 28 belopp;
379 469 40 22 och
439 469 91 22 emedan
552 469 37 22 vid
609 469 79 22 sådant
705 469 138 22 förhållande

92 505 115 28 samtelige
228 505 140 22 riksständen
388 504 50 22 ieke
459 504 85 28 antagit
564 504 67 28 något
652 504 24 22 af
691 503 95 23 nämnde
801 503 42 23 för-

92 540 57 28 slag,
166 540 28 22 de
210 540 38 22 der
263 540 7 21 i
285 540 108 27 väsentlig
408 540 50 21 mån
472 542 37 19 äro
520 539 49 21 från
579 539 124 21 hvarandra
714 539 130 28 skiljaktiga

92 575 7 21 i
115 574 25 22 så
159 575 77 27 måtto,
257 576 32 20 att
305 574 36 22 det
357 581 42 15 ena
413 574 58 22 afser
487 574 105 28 rättighet
607 573 34 22 för
655 573 120 23 ständerna
790 576 31 19 att
837 574 6 22 i

92 609 88 21 samråd
203 609 49 21 med
275 609 128 27 regeringen
426 609 121 21 bestämma
568 608 78 22 endast
667 608 124 27 grunderna
811 608 34 22 för

92 643 170 27 tullafgifternas
279 643 143 28 erläggande,
439 643 53 21 men
507 643 37 21 det
560 642 70 22 andra
643 642 153 28 berättigande
812 642 33 23 för

93 678 119 22 ständerna
228 678 73 21 allena
317 680 32 18 att
365 678 94 27 besluta,
476 678 50 21 icke
542 677 95 21 allenast
649 684 34 14 om
695 677 76 28 dylika
782 684 63 20 grun-

94 712 44 28 der,
154 715 53 19 utan
223 712 41 22 ock
280 719 34 15 om
331 712 103 28 beloppet
445 713 12 20 å
469 712 126 28 afgifterna,
613 712 37 28 thy
665 718 65 15 anser
740 712 107 22 utskottet

94 747 34 28 sig
151 747 49 21 icke
223 746 104 28 befogadt
350 749 32 19 att
402 746 50 22 med
473 747 69 21 saken
562 748 54 26 taga
631 746 72 28 någon
719 746 74 22 vidare
810 747 36 21 be-

94 782 104 28 fattning,
221 784 53 19 utan
297 782 78 21 varder
395 782 41 21 den
457 781 56 22 ifrån
532 781 136 28 högvördiga
683 782 164 27 prestaståndet

95 816 130 22 derutinnan
247 816 32 22 hit
301 817 82 22 aflåtna
403 816 77 22 remiss
500 816 81 22 härhos
596 816 111 22 vördsamt
723 816 123 22 ätersänd.*

162 852 33 20 Pä
205 851 162 28 framställning
378 851 25 22 af
410 851 49 22 herr
470 851 141 22 talemannen
622 851 91 28 beslöts,
725 853 32 19 att
767 851 80 28 ifräga-

94 886 98 23 varande
214 887 187 27 petitionsförslag
423 886 49 22 icke
495 887 71 22 skulle
587 886 114 22 föranleda
721 886 31 21 till
774 887 73 27 någon

95 921 78 28 åtgärd
188 921 48 22 från
252 921 99 22 ståndets
367 921 55 22 sida.

163 990 123 28 Föredrogs
308 991 157 27 lagutskottets
489 990 138 28 bordlaggda
649 990 141 22 betänkande
813 998 35 14 n:o

96 1026 33 28 29,
150 1024 151 23 innefattande
321 1025 83 28 förslag
423 1025 33 21 till
477 1024 214 28 sammanjemkning
707 1024 24 22 af
744 1025 105 22 ständens

96 1060 131 28 skiljaktiga
243 1060 71 22 beslut
329 1060 7 21 i
352 1060 119 28 anledning
486 1060 24 21 af
522 1060 62 21 Hans
599 1058 126 29 Kejserliga
735 1059 114 28 Majestäts

96 1095 83 27 nädiga
194 1095 134 28 proposition
344 1102 35 14 n:o
395 1095 26 21 15
438 1094 116 28 angäende
566 1094 130 22 barnamord
704 1096 57 20 samt
771 1094 79 22 fosters

96 1129 149 23 fördrifvande
257 1130 40 21 och
308 1129 126 22 utsättande
446 1130 113 21 äfvensom
571 1128 60 22 vissa
643 1128 38 22 fall
690 1128 25 22 af
725 1129 124 27 lägersmäl.

165 1164 32 22 På
216 1164 123 22 framställd
359 1164 134 28 proposition
513 1163 48 22 blef
578 1163 151 22 betänkandet
744 1163 107 28 enhälligt

98 1199 25 22 af
136 1199 87 21 ståndet
242 1199 124 27 godkändt;
387 1200 40 21 och
443 1199 72 22 skulle
530 1198 144 22 medstånden
690 1201 57 19 samt
762 1198 88 29 expedi-

98 1233 165 22 tionsutskottet
278 1234 29 28 på
322 1233 61 28 öfligt
398 1236 44 20 sätt
457 1234 75 21 härom
548 1232 146 23 underrättas.

166 1302 124 28 Föredrogs
306 1302 256 28 expeditionsutskottets
577 1302 138 28 bordlaggda
725 1301 83 28 förslag
818 1301 34 22 till

99 1336 116 22 redaktion
236 1336 25 22 af
273 1337 113 27 ingressen
402 1337 33 21 till
451 1337 37 21 det
504 1336 111 22 blifvande
629 1336 221 28 landtdagsbeslutet.

168 1372 147 26 Domprosten
330 1372 71 26 Borg
414 1371 97 26 begärde
526 1370 63 22 ordet
604 1371 40 21 och
659 1370 88 27 yttrade
757 1372 44 25 att,
817 1371 34 22 så-

100 1411 46 15 som
167 1405 43 20 han
229 1405 36 20 vid
284 1405 181 27 genomläsandet
481 1405 24 20 af
518 1404 61 21 detta
594 1403 212 28 redaktionsförslag
820 1404 32 21 in-

99 1439 94 29 hemtat,
210 1439 126 22 titulaturen
351 1439 33 22 för
398 1439 61 23 Hans
470 1439 104 28 Majestät
584 1439 40 22 här
633 1437 72 23 blifvit
715 1444 44 22 nog
768 1437 84 30 knapp-
