1025 1753
786 117 40 21 135

103 184 41 22 pas
155 178 61 22 Guds
226 178 134 28 välsignelse
371 178 60 23 öfver
441 180 53 21 våra
505 180 152 22 bemödanden
667 181 33 21 för
711 181 143 28 ziguenarnes

104 212 46 28 väl,
171 212 76 22 hvilka
267 220 80 14 annars
367 213 18 27 ej
402 214 81 22 krönas
499 213 25 22 af
536 214 72 28 någon
623 214 121 29 framgång.
775 216 33 28 Ty
823 218 32 20 att

104 254 26 14 en
153 247 101 22 lefvände
278 247 134 22 kristendom
435 248 19 28 ej
476 248 88 22 förfelar
586 249 34 21 sin
643 250 83 21 verkan
745 250 64 22 äfven
825 251 29 27 på

103 281 143 27 ziguenarens
264 282 25 21 så
305 282 70 21 hårda
390 282 40 22 och
446 282 96 28 oböjliga
556 282 80 29 hjerta,
660 284 69 28 derpå
743 284 40 21 har
797 284 8 21 i
821 291 32 15 se-

102 322 52 15 nare
174 315 57 22 tider
246 316 110 27 England,
373 323 46 15 som
436 317 6 21 i
458 317 26 21 så
499 316 87 30 mycket
602 320 66 19 annat
684 318 71 28 tjenar
771 325 35 15 oss
822 318 29 22 öf-

102 350 47 27 riga
170 350 84 22 kristna
276 350 46 22 folk
342 351 33 20 till
393 350 121 29 föredöme,
534 353 32 20 att
584 351 78 22 framte
679 352 88 22 talande
784 353 67 22 bevis.

101 385 46 21 Der
168 385 65 22 fanns
251 385 33 22 för
302 385 50 21 icke
371 385 135 28 längesedan
526 392 27 15 en
573 385 73 30 ringa,
666 393 89 15 numera
771 387 80 22 afliden

101 421 60 26 prest
183 419 37 22 vid
242 427 66 14 namn
330 419 83 28 Crabb,
437 427 46 14 som
505 422 52 20 utan
580 421 45 21 alla
647 421 70 22 andra
736 421 71 22 medel
823 424 28 19 än

100 454 56 21 blott
178 456 30 20 ett
230 454 82 28 hjerta,
344 454 43 21 rikt
409 455 30 27 på
459 455 86 27 kristlig
560 455 87 28 kärlek,
664 463 39 14 var
718 455 85 28 mäktig
819 457 32 20 att

100 489 68 22 tända
190 489 36 22 det
246 496 44 21 nya
313 489 72 22 lifvets
405 489 53 27 glöd
478 490 6 21 i
505 497 68 21 yngre
589 490 40 22 och
645 490 61 21 äldre
721 491 129 27 ziguenares

99 524 56 27 inre,
176 525 32 20 att
227 523 64 22 locka
312 523 65 22 deras
392 523 60 22 vilda
467 524 78 22 horder
560 524 33 22 till
608 524 125 23 bivistande
749 525 24 21 af
785 525 64 22 krist-

99 558 31 28 lig
148 558 133 28 gudstjenst,
303 558 69 22 förmå
392 558 107 22 föräldrar
518 558 33 22 till
570 560 33 21 att
622 558 73 22 lemna
709 559 48 22 sina
773 559 53 22 barn
842 560 7 20 i

98 593 102 27 kristliga
223 592 79 26 skolor,
322 592 27 28 ja
371 594 32 20 att
425 593 137 29 grundlägga
582 600 27 15 en
625 593 95 22 särskild
733 593 65 22 skola
813 600 36 16 en-

98 628 51 22 kom
171 628 33 22 för
226 628 158 28 ziguenarbarn
407 634 28 15 m.
458 635 27 14 m.
520 628 46 22 Och
592 634 28 16 nu
647 627 54 23 efter
726 628 55 22 hans
805 628 43 22 död

98 662 112 22 fortsättes
227 662 55 22 hans
298 662 53 22 verk
367 662 6 22 i
389 664 68 20 större
473 662 64 22 skala
552 662 25 22 af
588 662 52 22 flere
656 662 141 29 efterföljare,
812 664 37 21 väl

97 697 49 21 icke
166 698 53 20 utan
239 697 80 27 många
339 697 142 28 svårigheter,
502 703 48 15 men
571 696 49 22 med
636 697 58 27 goda
709 697 92 28 utsigter
815 697 33 22 för

97 731 122 22 framtiden.
256 731 36 21 Då
314 737 29 16 nu
367 731 70 21 denne
460 738 50 15 man
532 737 75 16 ensam
622 731 77 22 visade
715 731 34 27 sig
763 731 8 22 i
786 731 61 22 Guds

97 773 65 14 namn
182 765 40 22 och
240 765 50 22 med
308 765 85 22 andans
411 765 59 22 kraft
484 765 80 27 förmå,
580 765 58 22 hvad
652 765 77 22 hittills
745 766 44 21 alla
804 766 43 21 Eu-

97 807 64 21 ropas
182 800 45 21 folk
247 799 104 23 samfäldt
370 800 98 21 hvarken
490 800 50 22 med
554 799 58 22 ondo
628 800 53 21 eller
696 800 57 28 godo
769 801 55 20 varit
839 800 8 21 i

96 835 65 22 stånd
183 834 43 27 till,
249 834 25 22 så
295 841 23 15 se
341 835 22 20 vi
385 834 89 22 hvilken
497 837 43 25 väg
562 833 37 23 det
615 837 30 25 är,
662 841 46 15 som
723 841 36 15 oss
775 835 71 21 blifvit

96 869 93 22 anvisad
208 871 32 20 att
261 869 98 22 beträda.
389 869 45 21 Här
450 871 37 20 äro
503 868 128 28 visserligen
646 869 54 21 våra
715 875 57 21 egna
787 869 58 22 kraf-

96 908 32 18 ter
150 903 157 28 otillräckliga;
331 904 36 21 må
389 903 22 22 vi
433 903 135 22 fördenskull
583 903 66 28 flitigt
664 903 130 28 petitionera
810 910 35 15 om

96 939 81 22 sakens
196 938 115 22 befordran
330 938 41 21 hos
387 938 41 21 den
444 939 130 27 Konungars
589 938 94 27 Konung
698 937 40 22 och
753 938 92 22 Herrars

95 974 78 27 Herre,
188 979 45 16 som
250 973 69 27 gifver
334 972 43 22 den
392 974 57 20 rätta
465 972 73 23 andan
555 972 40 23 och
611 972 149 28 framgången.
795 972 50 23 Men

96 1008 28 21 då
143 1009 58 27 yttre
219 1007 133 28 hjelpmedel
371 1007 76 21 härvid
466 1009 37 20 äro
520 1007 7 22 i
545 1006 52 23 flere
612 1009 28 19 än
657 1008 31 21 ett
703 1007 104 22 afseende
823 1007 24 21 af

94 1042 82 27 nöden,
192 1042 35 21 må
242 1042 21 21 vi
279 1041 19 27 ej
316 1041 68 21 heller
399 1041 114 21 underlåta
528 1042 32 21 att
573 1040 33 22 till
622 1041 38 21 vår
675 1040 82 28 nådiga
771 1041 73 21 verds-

93 1077 46 27 liga
158 1076 98 22 öfverhet
274 1075 173 22 förtroendefullt
465 1075 51 28 ingå
531 1075 50 22 med
596 1075 96 22 särskild
707 1075 137 27 underdånig

94 1111 91 28 petition
205 1110 7 22 i
230 1110 137 22 närvarande
387 1113 70 18 ämne.
487 1111 43 21 Det
550 1112 109 20 närmaste
678 1109 166 28 önskningsmål

94 1146 32 21 för
142 1145 47 22 vårt
205 1145 75 27 stånd,
297 1144 77 22 såvida
389 1144 21 21 vi
425 1145 54 21 bära
494 1145 52 21 våra
560 1144 71 22 finska
642 1144 128 27 ziguenares
780 1144 65 21 bästa

94 1181 29 28 på
141 1180 48 21 vårt
208 1179 80 28 hjerta,
308 1181 24 19 är
350 1179 36 21 väl
405 1181 33 19 att
453 1179 83 22 erhålla
551 1179 25 22 så
591 1185 129 21 noggranna
735 1178 109 29 uppgifter

94 1222 46 15 som
155 1214 85 27 möjligt
256 1213 115 28 angående
387 1213 50 28 allt,
454 1220 45 15 som
516 1213 48 22 dem
574 1216 71 19 rörer:
661 1213 29 28 på
700 1213 76 22 hvilka
787 1215 57 20 orter

94 1249 27 22 de
144 1248 152 28 förnämligast
318 1248 78 28 vistas;
419 1248 54 21 huru
499 1247 75 22 talrikt
596 1247 28 22 de
646 1247 39 22 der
699 1247 144 27 förekomma;

94 1283 75 22 hvilka
188 1289 45 16 som
252 1283 50 21 låtit
320 1283 35 27 sig
374 1282 188 28 mantalskrifvas,
584 1289 34 15 om
640 1281 63 23 desse
719 1281 63 28 dröja
797 1282 47 21 året

94 1325 34 14 om
148 1318 30 27 på
196 1320 33 19 ort
247 1316 41 22 och
303 1316 76 29 ställe,
395 1316 53 22 eller
461 1323 35 15 om
511 1316 27 21 de
552 1315 76 23 färdas
644 1315 109 28 omkring;
769 1316 76 21 hvilka

93 1352 41 23 och
155 1352 55 21 huru
232 1351 80 28 många
334 1357 47 16 som
404 1351 106 28 kringirra
533 1352 52 21 utan
608 1352 33 20 att
666 1357 53 15 vara
740 1351 103 22 mantals-

94 1385 92 27 skrifne;
201 1385 75 21 hvilka
292 1385 126 27 binäringar
432 1385 25 21 af
470 1385 47 21 dem
534 1385 74 27 idkas,
624 1392 27 14 m.
667 1392 35 20 m.,
718 1397 27 2 —
760 1385 39 20 allt
810 1386 33 20 så-

94 1419 58 22 dana
167 1418 115 28 uppgifter,
299 1425 47 15 som
361 1424 79 22 genom
454 1418 173 28 presterskapet,
644 1418 104 28 antingen
758 1418 37 22 vid
807 1425 36 15 an-
