1023 1817
206 128 42 22 560

177 194 101 23 behofvet
300 194 117 28 högeligen
441 194 116 29 påkallad,
578 197 53 19 enär
649 194 41 22 den
709 197 97 20 närmast
825 194 104 30 kringlig-

178 228 80 29 gande,
286 229 81 21 allmän
393 228 213 28 sjukhusinrättning
631 228 114 23 saknande
771 229 99 21 traktens
893 230 37 21 be-

178 263 100 27 folkning
296 264 84 27 uppgår
398 263 34 21 till
450 263 89 29 vidpass
558 263 77 28 55,000
654 270 109 21 personer,
784 263 39 21 och
842 264 45 28 der,
908 261 25 24 af

179 298 48 22 skäl
256 304 46 16 som
326 298 64 21 ofvan
412 298 71 22 finnas
506 297 100 29 anförde,
630 305 26 14 en
679 298 122 28 inrättning
822 298 7 21 i
852 298 78 28 antydt

178 333 56 29 syfte
256 332 84 28 jemväl
366 332 49 22 med
438 333 81 21 minsta
540 332 91 28 möjliga
655 334 93 27 omgäng
771 332 40 22 och
834 333 95 22 kostnad

178 368 74 22 kunde
267 367 203 28 tillvägabringas.
462 362 10 38 *

244 402 32 22 Pä
296 402 25 22 af
336 402 49 22 herr
403 402 140 22 talemannen
563 402 74 22 derom
657 402 122 22 framställd
795 402 133 28 proposition

178 437 129 29 godkändes
324 437 60 22 detta
399 437 141 22 betänkande
557 437 106 27 enhälligt
679 436 24 23 af
716 437 96 29 ståndet,
827 437 33 21 till
874 436 55 29 följd

176 473 79 22 hvaraf
272 471 77 28 frågan
370 472 85 22 komme
474 475 32 18 att
525 473 72 21 såsom
613 473 31 20 ett
660 472 98 21 ståndets
775 472 101 22 enskilda
892 475 36 19 ön-

176 507 84 23 skemål
276 507 34 22 till
324 507 183 28 högvederbörlig
523 509 32 20 ort
571 506 119 22 befordras.

243 575 123 29 Föredrogs
384 576 173 28 prestaståndets
573 575 102 22 enskilda
689 575 187 22 besvärsutskotts
891 575 37 22 be-

176 611 112 23 tänkande
302 611 8 22 i
325 611 119 27 anledning
455 610 24 21 af
491 610 154 29 kyrkoherden
656 611 24 21 A.
692 610 112 22 Heikels
815 610 113 28 petitions-

176 647 83 27 förslag
284 653 34 14 om
340 645 281 28 husbehofsmjölgvarnars
643 645 25 21 af
688 645 45 22 alla
755 645 49 27 slag
826 644 102 22 befrielse

177 682 47 21 från
248 679 134 29 erläggande
405 680 25 21 af
449 679 113 29 tullafgift,
586 679 83 22 hvilket
692 679 141 22 betänkande
848 686 40 15 var
903 679 25 22 så

178 715 108 30 lydande:

246 749 154 28 ,Högvördiga
415 749 164 28 prestaständet
594 749 39 21 har
647 749 107 22 infordrat
768 748 50 23 dess
829 749 99 22 besvärs-

175 785 95 23 utskotts
288 784 140 22 betänkande
448 785 60 21 öfver
526 786 31 19 ett
576 784 25 21 af
617 783 153 29 kyrkoherden
786 784 76 21 Albert
876 783 51 22 Hei-

175 821 37 21 kel
236 818 124 23 framstäldt
384 818 189 29 petitionsförslag
593 819 83 28 derom,
695 821 32 19 att
747 818 182 28 husbehofsmjöl-

176 861 92 22 gvarnar
288 854 24 21 af
328 853 44 22 alla
396 853 48 27 slag
467 853 67 22 måtte
555 852 108 22 förklaras
683 852 99 22 befriade
802 852 47 22 från
869 853 59 28 skyl-

176 889 101 28 digheten
297 891 31 18 att
346 887 90 28 erlägga
456 887 114 28 tullafgift,
591 888 28 27 pä
640 889 43 20 sätt
701 887 68 22 redan
785 887 50 22 med
850 887 76 22 väder-

176 930 94 21 gvarnar
286 925 23 19 är
324 922 69 21 fallet.

244 957 77 22 Säsom
344 956 49 22 stöd
414 955 34 22 för
471 963 25 15 en
520 956 92 28 petition
635 955 25 22 af
675 955 169 28 ifrägavarande
860 956 66 32 syfte,

175 992 89 23 hvilken
285 991 99 28 föröfrigt
409 990 68 22 redan
499 991 36 22 vid
562 991 119 27 riksdagen
705 991 6 21 i
737 991 139 28 Norrköping
902 992 25 21 år

178 1028 55 21 1800
253 1025 71 22 blifvit
345 1025 75 29 väckt,
440 1032 50 15 men
510 1025 50 22 icke
580 1025 47 22 ledt
642 1025 33 22 till
689 1025 68 28 något
771 1025 101 29 resultat,
889 1025 38 22 har

175 1062 145 27 petitionären
340 1060 114 28 åberopat,
475 1062 32 20 att
526 1060 36 22 det
583 1067 41 14 ena
643 1061 53 20 eller
715 1060 69 21 andra
798 1060 128 23 elementets

176 1095 145 23 användande
341 1095 33 22 för
391 1095 136 21 beredandet
547 1094 24 21 af
585 1101 56 21 egna
656 1093 206 23 lifsförnödenheter
877 1095 49 22 icke

175 1130 101 28 skäligen
299 1129 68 22 borde
384 1129 147 22 uuderkastas
551 1129 68 27 nägot
639 1129 213 27 reglementerande,
873 1129 54 22 eller

174 1165 29 27 pä
218 1165 67 26 nägot
300 1165 44 20 sätt
359 1163 121 22 beskattas.

241 1197 125 28 Billigande
388 1198 60 21 detta
469 1197 58 28 skäl,
549 1198 40 21 har
608 1197 107 22 utskottet
736 1200 72 19 ansett
823 1197 35 27 sig
872 1197 54 22 böra

173 1233 111 28 tillstyrka
300 1239 26 14 en
341 1232 138 27 underdänig
494 1232 91 28 petition
601 1232 47 21 från
664 1231 137 28 högvördiga
814 1231 88 22 ståndet
917 1233 7 20 i

173 1267 137 22 förenämndt
326 1266 112 29 ändamål;
453 1266 40 21 och
508 1267 62 21 torde
586 1266 77 27 nådigt
677 1266 62 22 bifall
753 1266 33 21 till
798 1266 127 22 densamma

174 1303 25 21 sä
216 1302 88 28 mycket
322 1301 68 21 hellre
409 1301 75 21 kunna
499 1301 122 27 förväntas,
639 1307 45 15 som
699 1301 68 22 tullen
783 1300 48 22 från
846 1301 78 22 husbe-

172 1336 198 27 hofsmjölgvarnar
389 1337 63 26 utgör
473 1337 30 20 ett
523 1336 24 21 sä
567 1335 122 28 obetydligt
709 1335 89 28 belopp,
820 1337 32 20 att
872 1335 52 23 dess

174 1371 47 21 från
239 1370 114 28 principiel
372 1370 110 27 synpunkt
501 1370 116 26 högeligen
639 1368 124 23 önskvärda
782 1368 142 28 upphörande

173 1404 49 22 icke
236 1404 62 22 torde
311 1404 33 22 för
354 1404 133 21 statsverket
497 1403 98 22 medföra
605 1403 73 28 någon
686 1404 101 21 kännbar
796 1403 127 29 uppoffring.

241 1439 64 23 Emot
319 1438 61 22 detta
390 1438 141 22 betänkande
542 1438 39 22 har
591 1438 164 23 undertecknad
766 1438 78 22 Hellén
855 1446 67 16 reser-
