1023 1773
785 134 27 20 49

86 198 40 21 och
143 198 67 21 hållet
226 198 61 27 utgå;
304 199 28 25 88
348 198 83 21 35—44
447 198 129 27 godkändes
586 199 90 27 jemlikt
688 199 56 21 hvad
756 199 81 21 utskot-

87 234 31 19 tet
138 232 114 27 tillstyrkt;
276 234 12 24 $
308 233 26 20 45
354 232 67 27 enligt
437 232 119 27 kejserliga
572 233 172 27 propositionen;
767 234 27 26 $$
810 235 27 19 46

85 266 40 20 och
142 267 27 19 47
186 266 68 26 enligt
270 266 116 21 utskottets
401 266 148 21 betänkande.
580 266 83 22 Genom
677 267 159 27 uteslutningen

86 300 25 20 af
131 302 12 24 $
167 301 27 19 34
214 300 86 20 komme
321 300 180 27 nummerföljden
516 301 84 20 35—47
617 303 31 18 att
664 301 67 20 blifva
746 302 91 26 34—46;

84 334 42 21 och
142 334 71 21 skulle
228 333 99 27 föröfrigt
343 334 30 21 uti
389 334 130 21 ständernas
535 334 151 27 underdåniga
703 334 112 22 utlåtande
831 334 5 20 i

86 368 90 20 ärendet
192 368 100 20 anhällas
308 370 38 25 att,
367 368 32 20 till
415 368 181 27 undanrödjande
612 368 25 21 af
647 375 26 14 en
690 376 79 13 annars
785 368 52 27 möj-

86 402 58 26 ligen
160 402 175 27 uppkommande
350 402 118 22 osäkerhet
483 402 7 21 i
505 402 173 28 tillämpningen,
691 403 39 20 allt
740 402 59 22 hvad
809 410 27 13 nu

85 436 103 27 gällande
211 436 153 27 författningar
380 436 79 27 stadga
481 444 34 14 om
538 436 129 23 försvarslös
691 444 91 21 persons
800 437 37 27 hy-

85 471 69 22 sande
173 471 40 21 och
233 478 79 14 ansvar
328 471 71 21 derför
414 471 78 28 skulle,
508 471 37 22 vid
561 471 37 22 det
614 472 167 27 ifrägavarande
799 472 39 21 all-

85 508 81 19 männa
181 505 126 28 förordning
322 505 105 28 utfärdas,
443 506 148 27 uttryckligen
607 507 127 27 upphäfvas.

153 540 137 21 Kommande
310 540 124 27 respektive
451 540 145 21 medstånden
612 541 39 20 och
668 540 170 28 expeditionsut-

85 575 83 20 skottet
184 577 32 18 att
231 575 29 27 på
276 575 60 26 öfligt
352 575 32 21 vis
399 574 75 22 härom
490 575 158 21 underrättelse
664 575 120 21 meddelas.

155 643 121 27 Föredrogs
299 649 27 15 en
350 643 46 21 från
418 643 144 28 domkapitlet
581 643 3 21 i
600 637 46 27 Åbo
662 644 116 27 ingången,
796 643 42 21 den

85 679 28 19 24
129 677 106 22 sistvikne
250 677 94 22 februari
360 677 92 21 daterad
467 678 40 21 och
522 678 25 21 så
562 677 96 28 lydande
674 678 125 21 skrifvelse:

156 729 8 8 »
168 711 36 22 Uti
220 711 114 22 skrifvelse
351 712 24 20 af
387 711 41 22 den
445 712 12 21 5
472 711 148 22 innevarande
631 712 94 21 februari
737 712 39 21 har
787 712 50 27 hög-

86 746 91 27 vördiga
192 746 70 21 elerus
278 746 121 27 comitialis,
416 746 50 21 med
482 747 106 20 förmälan
602 749 32 18 att
648 746 150 27 fördelningen
810 747 28 26 på

86 781 164 21 vederbörande
266 781 25 20 af
303 781 99 21 arfvodet
417 781 33 20 för
466 781 169 27 kapellanernas
650 781 6 20 i
672 775 47 27 Åbo
736 780 46 22 stift
802 787 36 15 en-

86 815 73 21 skilda
178 815 205 27 landtdagsombud,
405 815 137 28 vicepastorn
563 816 104 26 magister
687 815 51 22 Karl
761 815 80 21 Gustaf

86 857 42 14 von
148 850 76 27 Essen,
245 849 33 21 för
293 849 111 22 bristande
421 850 124 21 kännedom
557 857 38 13 om
610 849 28 22 de
654 850 184 27 kapellanssterb-

86 884 46 28 hus,
149 884 75 21 hvilka
239 884 85 27 åtnjuta
340 884 170 28 nådårsförmån,
525 885 50 20 icke
586 884 72 22 kunde
670 884 24 21 af
703 884 135 27 högvördiga

86 919 70 21 elerus
172 918 116 22 comitialis
303 919 137 27 verkställas,
453 919 32 20 till
497 918 145 28 domkapitlet
653 918 142 22 öfverlemnat
806 921 32 18 att

86 953 69 27 sagde
170 953 96 27 arfvode,
284 954 68 26 enligt
368 953 102 27 angifven
486 953 76 27 grund,
579 954 28 26 på
622 953 27 21 de
664 953 116 21 betalande
796 952 42 22 för-

86 987 50 21 dela
152 987 40 21 och
208 987 136 27 vicepastorn
360 994 41 14 von
416 988 70 20 Essen
502 987 174 21 tillhandahålla.

153 1022 50 20 Men
218 1021 140 22 alldenstund
374 1021 143 28 domkapitlet
532 1022 8 20 i
555 1021 62 27 fråga
633 1028 33 14 om
683 1021 154 28 skyldigheten

86 1058 32 19 att
138 1056 33 20 till
192 1055 142 22 omförmälda
354 1056 89 21 arfvode
459 1056 92 27 bidraga
566 1056 66 27 hyser
647 1062 25 15 en
690 1056 63 27 åsigt,
770 1062 46 14 som
831 1056 7 20 i

86 1090 124 27 väsendtlig
230 1090 50 21 män
300 1090 84 21 afviker
399 1090 46 21 från
462 1090 42 21 den
520 1090 135 27 högvördiga
671 1090 69 21 clerus
757 1090 82 21 comiti-

86 1125 41 21 alis
143 1125 85 27 uttalat,
245 1125 31 27 ity
292 1127 32 19 att
335 1125 144 27 domkapitlet
489 1132 65 14 anser
564 1125 64 21 frihet
639 1124 47 22 frän
698 1125 72 21 denna
780 1124 59 28 skyl-

87 1159 75 27 dighet
185 1160 51 20 böra
259 1159 143 22 tillerkännas
424 1159 49 21 icke
497 1159 55 21 blott
571 1159 105 27 sterbhus,
693 1166 45 14 som
755 1158 84 28 åtnjuta

86 1194 76 27 nädär,
177 1194 74 20 hvilka
268 1196 84 18 ensamt
367 1194 71 20 elerus
455 1194 116 20 comitialis
587 1193 113 27 medgifvit
716 1193 69 21 sädan
803 1192 35 22 fri-

87 1228 43 27 het,
151 1230 52 18 utan
221 1228 63 20 äfven
301 1228 61 20 säväl
379 1228 26 20 de
421 1228 135 27 kapellaner,
577 1228 85 20 hvilkas
678 1227 161 22 innehafvande

88 1262 91 26 tjenster
198 1262 107 20 bestridas
322 1262 24 20 af
360 1261 164 21 tillförordnade
540 1262 132 26 substituter,
690 1268 45 14 som
752 1261 40 20 ock
808 1261 31 20 in-

87 1295 218 27 terimspredikanter
318 1295 36 21 vid
365 1295 249 28 kapellanslägenheter,
626 1302 51 14 vare
688 1295 33 26 sig
733 1297 32 18 att
776 1294 64 22 desse

88 1330 131 26 tjenstemän
240 1330 98 26 uppbära
356 1329 50 21 hela
421 1329 42 21 den
479 1329 50 21 med
544 1329 94 27 tjensten
655 1329 104 21 förenade
775 1329 63 21 lönen

88 1364 54 21 eller
164 1363 78 21 endast
266 1370 26 14 en
315 1363 35 21 del
371 1363 66 28 deraf,
459 1364 92 20 emedan
568 1363 26 21 de
609 1362 141 28 sistnämnde,
768 1363 72 21 säsom

88 1398 171 20 extraordinarie
282 1400 89 24 prester,
394 1398 49 19 icke
464 1398 66 20 hafva
549 1398 234 26 representationsrätt,
800 1396 40 20 och

87 1431 27 21 de
128 1431 63 26 förre,
212 1431 52 21 eller
280 1431 26 20 de
322 1431 34 21 för
371 1431 109 26 tjenstefel
497 1431 53 20 eller
565 1430 121 26 oordentlig
702 1430 73 20 lefnad
792 1430 46 21 från

111 1473 53 22 Högv.
178 1473 132 17 Prestaståndets
323 1473 64 16 Protok.
415 1473 32 16 II.
760 1476 8 13 4
