1020 1839
214 143 43 24 274

186 212 53 27 ning
261 210 40 22 och
323 211 43 27 ljus
389 210 13 22 å
424 208 198 24 barnsbördshuset
641 212 57 20 samt
714 215 25 16 en
756 209 83 23 mindre
855 209 83 23 summa

186 247 6 21 i
216 245 108 23 månaden
347 245 33 21 till
403 245 37 21 sitt
458 244 116 28 uppehälle
589 244 70 22 under
673 244 118 29 lärotiden,
807 245 130 21 åtminstone

186 280 108 22 intilldess
318 280 108 26 allmogen
449 280 13 20 å
484 279 75 21 landet
582 279 86 21 komme
692 282 32 18 att
739 280 135 21 allmännare
890 279 47 21 inse

184 315 104 21 behofvet
310 314 25 22 af
354 314 8 21 i
383 314 64 28 yrket
469 314 96 27 kunnige
588 314 154 21 barnmorskor
762 314 41 21 och
819 314 64 21 deraf
895 314 42 21 för-

185 349 92 22 måddes
293 349 33 21 till
342 349 137 27 benägenhet
495 351 32 19 att
543 348 51 28 sjelf
607 348 94 28 påkosta
716 349 27 21 de
757 349 47 21 från
815 348 120 22 församlin-

186 390 69 22 gärna
269 383 132 23 utskickade
416 383 113 22 elevernas
545 383 121 22 underhåll.

254 418 43 22 Till
323 418 49 22 stöd
397 417 34 22 för
453 418 72 22 denna
548 418 131 21 hemställan
703 418 106 28 åberopas
832 418 75 21 vidare
930 418 7 21 i

185 453 209 29 petitionsförslaget
406 455 41 25 att,
462 453 68 27 enligt
545 452 57 22 hvad
618 452 124 22 statistiska
758 453 52 21 data
826 453 59 27 gifva
900 453 37 21 vid

186 489 97 27 handen,
306 488 81 21 inemot
410 487 124 21 sexhundra
555 487 91 27 qvinnor
659 487 8 21 i
682 487 75 22 landet
772 488 84 26 årligen
871 487 67 22 aflida

184 526 8 22 i
208 524 120 23 barnsbörd
344 522 40 22 och
400 522 93 28 mången
509 522 24 21 af
546 522 49 21 dem
609 521 98 29 oförlöst,
724 522 109 27 hvarföre,
854 522 40 21 och
909 522 28 22 då

185 568 27 15 en
235 560 7 22 i
265 560 34 27 sig
322 557 52 29 sjelf
394 557 103 28 naturlig,
520 556 130 28 fysiologisk
670 556 39 22 akt
724 556 76 22 kräfde
817 557 25 21 så
857 558 80 26 många

186 596 62 27 offer,
269 594 61 21 detta
350 592 70 21 måste
440 598 64 15 anses
522 591 116 21 förutsätta
654 593 32 19 att
701 591 41 21 den
758 591 37 21 vid
810 591 126 22 förlossnin-

186 638 43 21 gen
250 627 141 27 erforderliga
409 626 88 28 hjelpen
516 626 7 20 i
543 625 119 22 allmänhet
678 626 49 21 icke
742 626 73 21 kunde
831 633 52 14 vara
899 633 36 14 an-

186 667 39 20 nat
241 667 27 19 än
284 664 7 20 i
305 662 79 27 högsta
400 661 54 28 grad
469 660 119 28 bristfällig
603 660 40 22 och
659 660 104 29 förvänd,
779 660 83 22 hvilket
873 660 64 23 äfven

186 707 26 15 ur
226 696 237 32 provincialläkarenes
479 695 165 22 ärsberättelser
660 696 49 21 stod.
726 698 32 19 att
775 696 116 22 inhemtas:
903 696 33 21 till

186 734 55 28 följd
264 732 78 23 hvaraf
362 730 102 29 åtgärder
482 730 7 22 i
507 730 103 22 afseende
626 731 13 21 å
654 730 87 22 landets
757 730 115 23 förseende
887 730 49 22 med

185 769 100 27 kunniga
309 766 162 27 barnmorskor,
502 765 191 28 hufvudsakligast
721 772 77 21 genom
826 766 110 21 underlät-

186 804 66 23 tande
268 802 24 22 af
306 802 86 21 tillfälle
407 801 32 22 för
455 800 64 22 äfven
535 800 82 22 mindre
626 800 130 22 bemedlade
767 800 91 28 gvinnor
868 800 67 22 bland

186 840 110 25 allmogen
319 839 31 20 att
373 836 97 21 inhemta
493 835 101 28 grundlig
608 835 125 22 kännedom
749 835 25 22 af
785 835 151 22 barnmorske-

186 865 73 42 yrket,
273 879 53 16 vore
342 871 24 22 af
378 871 79 27 högsta
472 869 69 22 behof
553 870 125 28 påkallade.

255 907 71 22 Jemte
349 905 156 22 återställande
529 905 24 21 af
573 905 210 28 remissprotokollet
805 905 33 21 får
853 905 82 21 utskot-

187 946 40 25 tet,
249 943 8 21 i
280 941 103 23 afseende
407 941 13 20 å
443 939 140 22 betänkande
602 939 60 22 öfver
679 939 151 28 ifrågakomne
846 939 90 22 allmän-

187 978 86 28 nyttiga
289 977 40 21 och
344 975 195 28 behjertansvärda
555 974 124 28 önskemål,
696 974 111 22 vördsamt
825 974 111 29 tillstyrka

186 1015 32 19 att
241 1012 37 21 det
300 1010 136 28 högvördiga
458 1008 162 29 prestaståndet
642 1009 67 21 måtte
725 1009 33 22 till
773 1009 61 22 Hans
848 1009 86 28 Kejser-

185 1047 46 28 liga
249 1046 104 28 Majestät
370 1045 8 21 i
397 1044 174 27 underdånighet
586 1044 52 27 ingå
654 1043 49 22 med
719 1044 91 28 petition
824 1044 29 21 uti
871 1043 64 22 ofvan

187 1081 90 28 angifna
299 1080 65 28 syfte,
387 1079 87 21 hvartill
498 1079 106 22 utskottet
627 1085 64 15 anser
714 1079 86 22 ståndet
823 1079 65 21 hafva
911 1079 25 22 så

186 1116 89 28 mycket
294 1117 69 20 större
382 1113 129 28 anledning,
534 1119 45 16 som
600 1113 164 28 presterskapet
782 1120 78 20 genom
879 1113 55 27 kejs.

185 1151 84 22 brefvet
285 1149 42 22 den
343 1149 25 21 26
385 1147 42 28 maj
444 1147 185 28 1827
510 1143 29 37 är
553 1147 75 28 ålagdt
640 1149 31 19 att
684 1148 56 21 tillse
752 1147 37 22 det
800 1147 135 28 erforderligt

186 1186 61 21 antal
257 1183 98 28 kunniga
365 1183 153 21 barnmorskor
526 1182 7 21 i
542 1181 179 28 församlingarne
731 1181 18 28 ej
760 1182 35 21 må
804 1182 81 21 saknas
895 1182 39 21 och

185 1219 70 22 kändt
271 1221 29 25 är,
318 1219 32 20 att
364 1217 113 21 allaredan
491 1217 8 20 i
513 1216 113 27 åtskilliga
641 1215 153 28 församlingar
808 1216 78 21 uttalat
901 1217 34 26 sig

185 1254 85 22 önskan
287 1255 31 19 att
333 1259 24 14 se
374 1251 60 22 detta
449 1251 67 22 behof
529 1250 113 28 afhjelpt*.
671 1265 3 6 .

253 1287 22 29 2)
291 1285 121 29 Angående
428 1287 87 27 prosten
526 1285 90 22 Heikels
627 1285 187 28 petitionsförslag
824 1291 34 16 om
869 1285 64 22 inrät-

184 1322 67 27 tande
267 1321 24 22 af
304 1328 28 15 en
347 1320 188 22 därvärdsanstalt
551 1319 7 22 i
571 1319 82 22 midten
669 1319 25 22 af
706 1319 84 22 landet:

255 1355 55 28 Det
326 1355 135 27 högvördiga
483 1354 163 28 prestaständet
662 1353 39 23 har
721 1354 32 21 till
770 1354 49 21 dess
835 1353 98 23 besvärs-

184 1391 84 22 utskott
286 1389 120 22 remitterat
426 1391 29 18 ett
475 1388 24 21 af
515 1390 88 26 prosten
617 1389 26 20 H.
659 1388 79 21 Heikel
754 1388 32 21 till
800 1387 87 22 ständet
903 1387 30 22 in-

184 1425 68 28 gifvet
274 1423 187 30 petitionsförslag
481 1422 8 21 i
512 1422 37 21 det
572 1422 67 28 syfte,
663 1424 32 19 att
717 1421 67 28 nådig
799 1422 135 28 proposition

183 1461 68 24 mätte
273 1457 88 24 landets
383 1457 89 23 ständer
494 1457 124 28 föreläggas
641 1455 135 24 beträffande
798 1455 136 30 erforderligt
