1017 1817
766 120 42 21 333

155 185 23 30 4)
187 186 25 22 af
220 185 41 23 den
271 186 26 21 22
306 185 103 28 februari,
421 184 154 23 innehållande
583 184 160 23 underrättelse
752 185 82 29 derom,

87 223 32 19 att
138 220 96 28 ståndet,
253 227 47 15 som
319 220 33 21 till
369 219 77 28 åtgärd
460 219 93 22 förehaft
568 219 178 22 bankutskottets
761 220 75 21 betän-

87 254 74 22 kande
184 255 7 20 i
214 254 119 28 anledning
355 254 25 21 af
399 254 62 22 Hans
483 253 124 27 Kejserliga
625 254 114 27 Majestäts
755 254 81 28 nädiga

86 289 134 27 proposition
243 296 34 14 n:o
301 289 26 21 32
351 288 114 26 angäende
489 288 106 27 styrelsen
616 288 40 21 och
675 288 161 28 förvaltningen

87 323 25 21 af
128 323 106 21 Finlands
254 322 69 28 bank,
345 322 54 21 efter
414 328 27 15 en
458 322 76 27 längre
550 322 125 21 diskussion
689 321 8 21 i
713 324 73 19 ämnet
801 322 35 21 be-

88 358 61 21 slutit
160 359 32 19 att
207 357 117 22 utskottets
340 356 141 22 omförmälde
497 356 140 22 betänkande
653 354 71 24 skulle
739 356 98 28 godkän-

87 399 40 15 nas
148 392 39 21 och
207 394 104 25 antagas,
332 391 69 21 likväl
421 391 50 21 med
486 390 98 29 följande
598 390 145 28 uteslutning,
759 390 78 28 tillägg

89 427 41 21 och
146 426 94 28 ändring
254 426 120 27 nemligen:
391 425 22 29 1)
433 425 56 22 ifrän
508 425 69 22 andra
593 427 129 26 momentet,
739 432 45 15 som
800 432 37 14 an-

87 462 40 27 gär
147 460 218 22 äterbekommandet
385 459 25 22 af
428 460 27 22 de
475 460 56 21 ifrän
549 460 88 21 banken
656 460 33 21 till
705 460 132 22 statsverket

87 496 84 27 utgifna
192 502 93 15 summor
305 494 40 22 och
365 494 102 22 befrielse
487 494 34 22 för
541 494 88 22 banken
642 494 56 22 ifrän
713 494 75 22 vidare
804 495 33 21 är-

87 531 46 27 liga
151 530 95 21 tillskott
263 530 33 20 till
316 530 111 20 allmänna
446 529 76 28 behof,
539 529 71 22 skulle
627 529 66 22 orden
709 531 78 25 ,mätte
802 530 36 20 hos

87 565 63 21 Hans
172 564 120 29 Kejserliga
314 564 104 28 Majestät
440 564 9 21 i
469 564 167 29 underdänighet
653 564 129 28 framställa
804 564 34 21 det

88 599 167 28 önskningsmäl,
282 602 31 18 att
339 598 82 22 banken
448 598 67 22 skulle
536 598 56 28 från
617 599 125 21 statsverket
767 598 71 28 återfå

88 634 48 21 sina
151 633 144 29 härförinnan
311 634 30 20 dit
357 633 95 21 lemnade
465 633 85 28 bidrag,
564 636 55 18 samt
633 636 31 18 att
674 633 126 21 ständerne*
810 646 28 4 —

89 668 45 21 helt
157 667 40 22 och
220 667 67 22 hållet
310 667 117 28 uteslutas;
449 679 29 3 —
493 667 22 29 2)
531 666 38 22 vid
584 667 108 21 trettonde
711 670 127 26 momentet,

90 701 136 23 beträffande
244 702 104 26 rättighet
367 702 34 21 för
421 702 128 27 regeringen
565 703 32 20 att
613 702 49 21 med
678 702 160 22 bankfullmäk-

89 737 57 27 tiges
166 736 130 28 begifvande
316 736 122 22 inskränka
458 736 53 22 eller
532 736 89 22 inställa
640 736 100 22 bankens
756 736 82 22 silfver-

90 772 122 27 utvexling,
230 770 68 22 borde
316 771 113 28 tilläggas,
446 772 32 20 att
494 770 215 28 silfverutvexlingen
725 771 18 28 ej
760 771 57 27 finge
832 772 5 21 i

89 806 72 27 nägon
178 805 105 22 händelse
299 805 109 28 inställas,
424 805 73 21 förrän
512 805 125 21 metalliska
652 805 80 21 fonden
748 805 91 28 nedgätt

90 840 33 21 till
144 839 131 29 (8,000,000)
297 840 46 21 ätta
363 840 100 28 miljoner
483 840 71 28 mark;
573 841 57 20 samt
649 840 22 28 3)
690 840 32 21 uti
740 840 98 22 nittonde

90 881 63 15 mom.
173 874 71 22 skulle
263 881 97 15 summan
381 874 181 22 trehundratusen
577 874 72 28 mark,
665 874 122 27 utgörande
803 875 37 21 det

90 908 79 28 högsta
192 908 140 29 länebelopp,
355 915 45 15 som
421 908 48 22 frän
491 908 110 28 primitiva
623 909 40 21 och
685 908 153 29 hypoteksfon-

91 942 67 23 derna
180 943 57 27 finge
253 942 25 22 af
290 943 99 22 bankens
405 943 108 21 direktion
529 943 22 21 ät
567 950 26 14 en
609 943 39 21 och
665 950 84 14 samma
762 950 78 21 person

90 978 106 28 utgifvas,
213 977 114 22 nedsättas
344 978 32 20 till
391 976 186 23 tyähundratusen
592 978 68 20 mark.

159 1046 137 28 Föredrogos
319 1045 40 23 och
377 1045 118 23 bordlades
513 1045 155 29 lagutskottets
685 1046 154 22 betänkanden

93 1081 20 28 1)
130 1081 6 21 i
153 1080 118 28 anledning
287 1080 25 22 af
327 1080 61 22 Hans
403 1080 125 28 Kejserliga
543 1080 114 28 Majestäts
672 1080 83 28 nädiga
764 1088 76 21 propo-

92 1116 66 21 sition
174 1114 114 29 angäende
302 1114 129 29 tryckfrihet
446 1115 7 21 i
469 1114 94 22 Finland
579 1114 40 22 och
633 1114 99 22 vilkoren
746 1114 33 22 för
789 1116 51 21 dess

90 1150 146 27 begagnande
252 1152 56 20 samt
324 1150 21 27 2)
359 1148 150 23 innefattande
520 1149 83 27 förslag
614 1149 32 21 till
657 1149 182 27 sammanjemnk-

90 1184 54 28 ning
166 1184 26 22 af
210 1184 28 21 de
260 1184 110 22 särskilda
391 1183 152 23 riksständens
566 1184 70 22 beslut
657 1183 8 21 i
685 1184 119 28 anledning
818 1184 26 22 af

90 1219 62 21 Hans
174 1218 125 28 Kejserliga
320 1218 115 28 Majestäts
457 1218 82 28 nädiga
554 1218 135 28 proposition
704 1218 136 22 beträffande

91 1253 112 21 allmänna
217 1252 94 28 grunder
325 1252 34 22 för
374 1259 27 15 en
416 1260 29 21 ny
460 1252 158 28 brottmälslag.

159 1321 123 28 Föredrogs
302 1324 30 20 ett
347 1321 200 29 protokollsutdrag
562 1321 47 22 frän
625 1320 119 29 höglofliga
759 1321 81 22 ridder-

92 1357 80 28 skapet
187 1356 40 22 och
242 1356 65 22 adeln
323 1357 24 21 af
359 1356 42 22 den
417 1357 26 21 17
459 1364 68 21 mars,
544 1355 25 23 sä
584 1356 106 28 lydande:

162 1409 8 9 n
174 1391 123 27 Föredrogs
315 1393 158 21 sammansatta
488 1392 44 26 lag-
548 1391 40 22 och
609 1390 233 22 ekonomieutskottets
