1020 1809
765 124 41 21 427

155 189 144 27 Domprosten
315 190 68 26 Borg
397 188 123 22 förklarade
537 188 37 22 det
588 188 55 22 hans
658 188 83 28 förslag
755 190 33 20 till
804 190 31 20 af-

87 223 81 21 vaktan
195 224 28 26 på
247 222 171 22 bondeståndets
440 222 72 22 beslut
534 223 65 21 afsett
621 222 49 22 icke
693 225 32 18 att
746 223 89 21 tillråda

86 256 162 28 prestaståndet
269 258 41 25 att,
331 257 72 21 såsom
424 256 42 21 den
487 256 132 27 föregående
638 256 84 21 talaren
738 256 95 28 behagat

85 290 103 28 uttrycka
206 290 44 28 sig,
271 290 52 22 bära
343 290 88 27 kappan
449 290 29 27 på
498 290 58 21 båda
571 290 100 27 axlarne,
687 292 52 19 utan
755 290 78 21 endast

87 327 32 19 att
140 324 87 22 ståndet
246 324 50 21 icke
316 324 67 21 borde
404 326 50 19 utan
471 326 73 25 moget
559 323 161 28 öfvervägande
736 324 41 21 den
794 331 41 14 ena

87 359 71 26 dagen
178 358 56 21 fatta
254 361 31 19 ett
305 359 70 21 beslut
394 357 39 22 och
454 357 43 22 den
518 357 68 22 andra
606 357 72 28 dagen
693 360 31 19 ett
738 360 95 19 motsatt.

87 394 144 27 Domprosten
255 393 70 27 ansåg
347 393 34 27 sig
403 391 66 22 hafva
492 393 24 21 så
538 392 88 28 mycket
648 398 59 15 mera
730 392 48 22 skäl
802 394 32 19 att

87 427 85 28 påyrka
189 427 70 28 detta,
276 434 46 15 som
337 427 139 27 domprosten
490 426 57 22 hade
563 427 35 26 sig
613 426 82 22 bekant
711 429 31 18 att
757 426 77 27 frågan

87 461 39 22 hos
145 461 152 28 ridderskapet
315 461 40 22 och
373 461 65 21 adeln
457 461 50 22 med
522 461 85 28 ganska
623 460 62 28 ringa
700 461 134 27 röstplurali-

85 497 31 20 tet
131 495 98 28 afgjorts.

153 530 145 28 Domprosten
318 529 111 22 Renvall
449 529 99 22 önskade
567 529 94 22 likasom
681 532 87 26 prosten
784 531 49 20 Alo-

86 570 59 21 peus
164 564 88 27 frågans
272 563 119 28 afgörande
410 571 79 20 genom
504 563 134 28 omröstning
653 566 56 19 samt
724 563 86 28 tillade,
826 564 7 21 i

86 597 120 28 anledning
226 598 25 21 af
269 597 153 28 kyrkoherden
443 598 91 21 Heikels
556 597 161 28 framställning
737 605 35 14 om
790 598 43 21 den

87 634 59 20 stora
156 631 121 29 frestelsen,
290 632 60 21 hvari
361 632 87 21 ståndet
459 632 70 21 blifvit
539 631 75 28 inledt,
625 632 39 21 och
672 633 50 20 med
730 632 104 21 afseende

87 667 13 20 å
119 666 58 22 hvad
198 666 71 21 denne
289 666 66 21 värde
376 666 68 21 talare
465 666 72 21 utlåtit
557 666 34 27 sig
610 666 73 21 derom
699 669 32 18 att
746 666 88 22 ståndet

86 700 68 22 borde
170 701 46 21 afse
231 701 80 21 folkets
326 700 37 22 väl
377 708 28 14 m.
421 708 33 19 m.,
467 703 32 18 att
509 701 138 27 domprosten
659 700 40 21 och
710 701 26 21 de
748 701 85 22 stånds-

86 735 146 28 medlemmar,
255 742 46 15 som
321 735 7 21 i
350 735 72 21 denna
444 734 62 28 fråga
528 737 67 26 yttrat
619 742 26 15 en
667 737 89 20 motsatt
777 735 57 28 åsigt

87 772 58 19 emot
160 769 175 29 kyrkoherdens,
352 769 72 22 likaså
440 770 24 21 så
478 771 71 20 varmt
564 776 46 15 som
620 769 153 28 kyrkoherden
784 770 49 21 Hei-

86 805 37 21 kel
146 804 98 22 önskade
266 803 80 23 folkets
368 804 43 21 väl.
441 804 94 21 Talaren
556 803 73 22 kunde
651 804 49 21 icke
719 804 46 21 inse
782 804 53 22 huru

87 838 263 28 husbehofsbränningen,
369 840 54 19 trots
442 845 55 20 egen
513 837 123 23 erfarenhet
649 838 40 21 och
705 838 68 22 andra
788 839 46 21 län-

87 873 50 22 ders
158 873 107 27 exempel,
285 872 50 22 med
355 879 38 15 ens
413 879 29 14 nu
461 872 69 21 blifvit
546 873 24 21 så
586 872 87 28 dyrbar,
702 873 64 21 Emot
784 873 50 21 dem

87 915 47 15 som
148 908 66 28 yrkat
229 907 172 22 bondeståndets
416 906 96 22 hörande
527 908 8 21 i
550 907 78 28 saken,
645 907 114 22 anmärkte
775 908 59 21 dom-

85 943 88 27 prosten
192 943 32 20 att
242 942 111 21 desamme
371 942 98 21 talarene
489 941 63 22 äfven
574 943 49 26 sagt
641 941 34 27 sig
695 941 74 22 kunna
784 942 50 25 med

86 976 83 22 visshet
191 975 81 22 förutse
295 975 171 22 bondeståndets
489 976 71 22 beslut
581 976 8 20 i
611 975 84 28 frågan,
730 976 104 27 Votering

87 1011 67 21 borde
170 1011 87 21 således
272 1013 52 19 utan
339 1010 76 21 vidare
431 1010 132 27 tidsutdrägt
578 1010 46 22 ske,

155 1046 91 20 Prosten
267 1045 26 21 H.
317 1045 94 21 Heikel
436 1045 70 27 ansåg
531 1044 97 22 hvarken
654 1044 104 28 behöfligt
781 1045 53 21 eller

87 1079 100 28 lämpligt
204 1081 31 19 att
249 1079 90 22 invänta
354 1078 158 23 underrättelse
528 1086 34 14 om
577 1078 171 23 bondeståndets
764 1079 70 22 beslut

88 1114 40 21 och
144 1114 37 21 det
196 1114 25 21 så
236 1114 87 28 mycket
339 1113 93 28 mindre,
447 1120 45 15 som
503 1113 85 28 frågan,
601 1113 67 27 enligt
678 1113 58 22 hvad
747 1115 87 26 prosten

88 1148 57 22 hade
161 1148 34 27 sig
209 1147 92 28 bekant,
317 1147 53 22 först
385 1147 69 22 under
469 1147 195 22 nästinstundande
681 1148 69 21 vecka
765 1147 25 22 af
798 1147 37 25 det

87 1181 136 23 hedervärda
239 1182 87 21 ståndet
341 1181 71 22 skulle
427 1182 33 20 till
476 1181 100 28 pröfning
590 1183 115 25 upptagas.

155 1215 31 22 Af
202 1216 49 21 herr
271 1216 139 21 talemannen
430 1215 146 22 framställdes
596 1215 55 21 härå
670 1215 97 28 följande
786 1223 47 20 pro-

90 1250 104 28 position:

159 1284 43 21 Vill
221 1285 83 21 ståndet
320 1292 30 13 nu
366 1287 59 25 yttra
443 1285 31 27 sig
494 1291 32 14 om
543 1284 129 27 antagandet
687 1283 29 28 af
727 1283 107 29 högloflige

88 1319 156 28 ridderskapets
262 1319 37 20 och
316 1318 73 21 adelns
409 1321 54 18 samt
480 1318 105 28 välloflige
603 1317 182 29 borgareståndets
802 1318 32 20 in-

89 1353 112 28 bjudning,
224 1353 50 20 eller
296 1353 55 20 icke?
371 1352 49 21 Den
442 1360 42 13 som
502 1352 39 21 vill
558 1359 29 13 nu
601 1355 74 25 genast
690 1352 72 21 härom
776 1355 58 25 yttra

87 1388 41 27 sig,
144 1395 78 14 svarar
231 1388 39 27 ja;
287 1387 39 20 den
341 1386 33 22 det
388 1387 44 20 icke
447 1387 46 26 vill,
509 1394 77 13 svarar
601 1387 42 27 nej.

155 1421 138 21 Besvarades
308 1420 49 21 med
374 1422 26 19 18
411 1422 29 25 ja
455 1423 57 18 emot
528 1421 12 20 9
556 1422 41 25 nej.
