<?xml version="1.0" encoding="UTF-8"?>
<alto xmlns="http://www.loc.gov/standards/alto/ns-v3#" xmlns:xlink="http://www.w3.org/1999/xlink" xmlns:xsi="http://www.w3.org/2001/XMLSchema-instance" xsi:schemaLocation="http://www.loc.gov/standards/alto/ns-v3# http://www.loc.gov/alto/v3/alto-3-0.xsd">
	<Description>
		<MeasurementUnit>pixel</MeasurementUnit>
		<sourceImageInformation>
			<fileName>/tmp/tess_92irsqlp_input.PNG</fileName>
		</sourceImageInformation>
		<OCRProcessing ID="OCR_0">
			<ocrProcessingStep>
				<processingSoftware>
					<softwareName>tesseract 5.3.4</softwareName>
				</processingSoftware>
			</ocrProcessingStep>
		</OCRProcessing>
	</Description>
	<Layout>
		<Page WIDTH="1023" HEIGHT="1795" PHYSICAL_IMG_NR="0" ID="page_0">
			<PrintSpace HPOS="0" VPOS="0" WIDTH="1023" HEIGHT="1795">
				<ComposedBlock ID="cblock_0" HPOS="770" VPOS="123" WIDTH="40" HEIGHT="22">
					<TextBlock ID="block_0" HPOS="770" VPOS="123" WIDTH="40" HEIGHT="22">
						<TextLine ID="line_0" HPOS="770" VPOS="123" WIDTH="40" HEIGHT="22">
							<String ID="string_0" HPOS="770" VPOS="123" WIDTH="40" HEIGHT="22" WC="0.96" CONTENT="685"/>
						</TextLine>
					</TextBlock>
				</ComposedBlock>
				<ComposedBlock ID="cblock_1" HPOS="88" VPOS="188" WIDTH="755" HEIGHT="1272">
					<TextBlock ID="block_1" HPOS="89" VPOS="188" WIDTH="752" HEIGHT="167">
						<TextLine ID="line_1" HPOS="91" VPOS="188" WIDTH="749" HEIGHT="30">
							<String ID="string_1" HPOS="91" VPOS="189" WIDTH="133" HEIGHT="24" WC="0.54" CONTENT="öfverlemna"/><SP WIDTH="18" VPOS="189" HPOS="224"/>
							<String ID="string_2" HPOS="242" VPOS="190" WIDTH="98" HEIGHT="27" WC="0.96" CONTENT="följande"/><SP WIDTH="19" VPOS="190" HPOS="340"/>
							<String ID="string_3" HPOS="359" VPOS="188" WIDTH="90" HEIGHT="30" WC="0.96" CONTENT="förslag,"/><SP WIDTH="20" VPOS="188" HPOS="449"/>
							<String ID="string_4" HPOS="469" VPOS="197" WIDTH="46" HEIGHT="15" WC="0.96" CONTENT="som"/><SP WIDTH="17" VPOS="197" HPOS="515"/>
							<String ID="string_5" HPOS="532" VPOS="189" WIDTH="8" HEIGHT="22" WC="0.96" CONTENT="i"/><SP WIDTH="19" VPOS="189" HPOS="540"/>
							<String ID="string_6" HPOS="559" VPOS="189" WIDTH="36" HEIGHT="22" WC="0.96" CONTENT="det"/><SP WIDTH="18" VPOS="189" HPOS="595"/>
							<String ID="string_7" HPOS="613" VPOS="191" WIDTH="110" HEIGHT="20" WC="0.96" CONTENT="närmaste"/><SP WIDTH="21" VPOS="191" HPOS="723"/>
							<String ID="string_8" HPOS="744" VPOS="190" WIDTH="96" HEIGHT="21" WC="0.96" CONTENT="ansluter"/>
						</TextLine>
						<TextLine ID="line_2" HPOS="91" VPOS="224" WIDTH="749" HEIGHT="29">
							<String ID="string_9" HPOS="91" VPOS="225" WIDTH="35" HEIGHT="28" WC="0.96" CONTENT="sig"/><SP WIDTH="20" VPOS="225" HPOS="126"/>
							<String ID="string_10" HPOS="146" VPOS="225" WIDTH="32" HEIGHT="21" WC="0.96" CONTENT="till"/><SP WIDTH="15" VPOS="225" HPOS="178"/>
							<String ID="string_11" HPOS="193" VPOS="225" WIDTH="59" HEIGHT="21" WC="0.95" CONTENT="hvad"/><SP WIDTH="15" VPOS="225" HPOS="252"/>
							<String ID="string_12" HPOS="267" VPOS="225" WIDTH="7" HEIGHT="20" WC="0.96" CONTENT="i"/><SP WIDTH="16" VPOS="225" HPOS="274"/>
							<String ID="string_13" HPOS="290" VPOS="225" WIDTH="103" HEIGHT="27" WC="0.95" CONTENT="gällande"/><SP WIDTH="15" VPOS="225" HPOS="393"/>
							<String ID="string_14" HPOS="408" VPOS="224" WIDTH="154" HEIGHT="27" WC="0.95" CONTENT="författningar"/><SP WIDTH="15" VPOS="224" HPOS="562"/>
							<String ID="string_15" HPOS="577" VPOS="224" WIDTH="69" HEIGHT="22" WC="0.92" CONTENT="finnes"/><SP WIDTH="16" VPOS="224" HPOS="646"/>
							<String ID="string_16" HPOS="662" VPOS="224" WIDTH="104" HEIGHT="28" WC="0.92" CONTENT="stadgadt"/><SP WIDTH="15" VPOS="224" HPOS="766"/>
							<String ID="string_17" HPOS="781" VPOS="225" WIDTH="38" HEIGHT="20" WC="0.96" CONTENT="och"/><SP WIDTH="14" VPOS="225" HPOS="819"/>
							<String ID="string_18" HPOS="833" VPOS="225" WIDTH="7" HEIGHT="20" WC="0.96" CONTENT="i"/>
						</TextLine>
						<TextLine ID="line_3" HPOS="90" VPOS="258" WIDTH="751" HEIGHT="29">
							<String ID="string_19" HPOS="90" VPOS="259" WIDTH="73" HEIGHT="28" WC="0.95" CONTENT="praxis"/><SP WIDTH="19" VPOS="259" HPOS="163"/>
							<String ID="string_20" HPOS="182" VPOS="259" WIDTH="71" HEIGHT="21" WC="0.93" CONTENT="blifvit"/><SP WIDTH="18" VPOS="259" HPOS="253"/>
							<String ID="string_21" HPOS="271" VPOS="259" WIDTH="73" HEIGHT="28" WC="0.92" CONTENT="följdt,"/><SP WIDTH="19" VPOS="259" HPOS="344"/>
							<String ID="string_22" HPOS="363" VPOS="259" WIDTH="49" HEIGHT="22" WC="0.96" CONTENT="med"/><SP WIDTH="20" VPOS="259" HPOS="412"/>
							<String ID="string_23" HPOS="432" VPOS="259" WIDTH="27" HEIGHT="22" WC="0.96" CONTENT="de"/><SP WIDTH="19" VPOS="259" HPOS="459"/>
							<String ID="string_24" HPOS="478" VPOS="258" WIDTH="181" HEIGHT="28" WC="0.96" CONTENT="modifikationer,"/><SP WIDTH="20" VPOS="258" HPOS="659"/>
							<String ID="string_25" HPOS="679" VPOS="265" WIDTH="46" HEIGHT="15" WC="0.96" CONTENT="som"/><SP WIDTH="19" VPOS="265" HPOS="725"/>
							<String ID="string_26" HPOS="744" VPOS="259" WIDTH="52" HEIGHT="21" WC="0.96" CONTENT="våra"/><SP WIDTH="15" VPOS="259" HPOS="796"/>
							<String ID="string_27" HPOS="811" VPOS="265" WIDTH="30" HEIGHT="15" WC="0.96" CONTENT="nu"/>
						</TextLine>
						<TextLine ID="line_4" HPOS="89" VPOS="293" WIDTH="749" HEIGHT="28">
							<String ID="string_28" HPOS="89" VPOS="296" WIDTH="45" HEIGHT="19" WC="0.96" CONTENT="mot"/><SP WIDTH="15" VPOS="296" HPOS="134"/>
							<String ID="string_29" HPOS="149" VPOS="293" WIDTH="58" HEIGHT="22" WC="0.96" CONTENT="hvad"/><SP WIDTH="16" VPOS="293" HPOS="207"/>
							<String ID="string_30" HPOS="223" VPOS="293" WIDTH="42" HEIGHT="22" WC="0.96" CONTENT="den"/><SP WIDTH="14" VPOS="293" HPOS="265"/>
							<String ID="string_31" HPOS="279" VPOS="293" WIDTH="69" HEIGHT="28" WC="0.96" CONTENT="tiden,"/><SP WIDTH="17" VPOS="293" HPOS="348"/>
							<String ID="string_32" HPOS="365" VPOS="293" WIDTH="29" HEIGHT="22" WC="0.96" CONTENT="då"/><SP WIDTH="14" VPOS="293" HPOS="394"/>
							<String ID="string_33" HPOS="408" VPOS="293" WIDTH="95" HEIGHT="22" WC="0.96" CONTENT="Finland"/><SP WIDTH="15" VPOS="293" HPOS="503"/>
							<String ID="string_34" HPOS="518" VPOS="300" WIDTH="39" HEIGHT="15" WC="0.96" CONTENT="var"/><SP WIDTH="10" VPOS="300" HPOS="557"/>
							<String ID="string_35" HPOS="567" VPOS="293" WIDTH="50" HEIGHT="22" WC="0.96" CONTENT="med"/><SP WIDTH="11" VPOS="293" HPOS="617"/>
							<String ID="string_36" HPOS="628" VPOS="293" WIDTH="90" HEIGHT="28" WC="0.93" CONTENT="Sverige"/><SP WIDTH="11" VPOS="293" HPOS="718"/>
							<String ID="string_37" HPOS="729" VPOS="293" WIDTH="109" HEIGHT="28" WC="0.92" CONTENT="förenadt,"/>
						</TextLine>
						<TextLine ID="line_5" HPOS="89" VPOS="327" WIDTH="531" HEIGHT="28">
							<String ID="string_38" HPOS="89" VPOS="327" WIDTH="132" HEIGHT="23" WC="0.96" CONTENT="förändrade"/><SP WIDTH="15" VPOS="327" HPOS="221"/>
							<String ID="string_39" HPOS="236" VPOS="327" WIDTH="152" HEIGHT="22" WC="0.96" CONTENT="förhållanden"/><SP WIDTH="16" VPOS="327" HPOS="388"/>
							<String ID="string_40" HPOS="404" VPOS="330" WIDTH="53" HEIGHT="25" WC="0.96" CONTENT="göra"/><SP WIDTH="15" VPOS="330" HPOS="457"/>
							<String ID="string_41" HPOS="472" VPOS="327" WIDTH="148" HEIGHT="28" WC="0.96" CONTENT="nödvändiga."/>
						</TextLine>
					</TextBlock>
					<TextBlock ID="block_2" HPOS="89" VPOS="362" WIDTH="754" HEIGHT="306">
						<TextLine ID="line_6" HPOS="157" VPOS="362" WIDTH="682" HEIGHT="29">
							<String ID="string_42" HPOS="157" VPOS="363" WIDTH="64" HEIGHT="22" WC="0.95" CONTENT="Hvad"/><SP WIDTH="15" VPOS="363" HPOS="221"/>
							<String ID="string_43" HPOS="236" VPOS="362" WIDTH="55" HEIGHT="23" WC="0.95" CONTENT="först"/><SP WIDTH="14" VPOS="362" HPOS="291"/>
							<String ID="string_44" HPOS="305" VPOS="363" WIDTH="103" HEIGHT="21" WC="0.96" CONTENT="beträffar"/><SP WIDTH="15" VPOS="363" HPOS="408"/>
							<String ID="string_45" HPOS="423" VPOS="363" WIDTH="83" HEIGHT="22" WC="0.96" CONTENT="antalet"/><SP WIDTH="16" VPOS="363" HPOS="506"/>
							<String ID="string_46" HPOS="522" VPOS="363" WIDTH="24" HEIGHT="21" WC="0.96" CONTENT="af"/><SP WIDTH="13" VPOS="363" HPOS="546"/>
							<String ID="string_47" HPOS="559" VPOS="362" WIDTH="27" HEIGHT="22" WC="0.96" CONTENT="de"/><SP WIDTH="17" VPOS="362" HPOS="586"/>
							<String ID="string_48" HPOS="603" VPOS="363" WIDTH="142" HEIGHT="28" WC="0.96" CONTENT="deputerade,"/><SP WIDTH="18" VPOS="363" HPOS="745"/>
							<String ID="string_49" HPOS="763" VPOS="363" WIDTH="25" HEIGHT="21" WC="0.93" CONTENT="så"/><SP WIDTH="15" VPOS="363" HPOS="788"/>
							<String ID="string_50" HPOS="803" VPOS="369" WIDTH="36" HEIGHT="15" WC="0.91" CONTENT="an-"/>
						</TextLine>
						<TextLine ID="line_7" HPOS="90" VPOS="397" WIDTH="750" HEIGHT="29">
							<String ID="string_51" HPOS="90" VPOS="404" WIDTH="35" HEIGHT="16" WC="0.96" CONTENT="ser"/><SP WIDTH="11" VPOS="404" HPOS="125"/>
							<String ID="string_52" HPOS="136" VPOS="397" WIDTH="42" HEIGHT="29" WC="0.95" CONTENT="jag"/><SP WIDTH="15" VPOS="397" HPOS="178"/>
							<String ID="string_53" HPOS="193" VPOS="397" WIDTH="37" HEIGHT="22" WC="0.97" CONTENT="det"/><SP WIDTH="13" VPOS="397" HPOS="230"/>
							<String ID="string_54" HPOS="243" VPOS="397" WIDTH="98" HEIGHT="23" WC="0.96" CONTENT="medföra"/><SP WIDTH="14" VPOS="397" HPOS="341"/>
							<String ID="string_55" HPOS="355" VPOS="405" WIDTH="26" HEIGHT="15" WC="0.96" CONTENT="en"/><SP WIDTH="11" VPOS="405" HPOS="381"/>
							<String ID="string_56" HPOS="392" VPOS="404" WIDTH="43" HEIGHT="22" WC="0.96" CONTENT="nog"/><SP WIDTH="12" VPOS="404" HPOS="435"/>
							<String ID="string_57" HPOS="447" VPOS="397" WIDTH="100" HEIGHT="22" WC="0.96" CONTENT="kännbar"/><SP WIDTH="9" VPOS="397" HPOS="547"/>
							<String ID="string_58" HPOS="556" VPOS="397" WIDTH="96" HEIGHT="22" WC="0.96" CONTENT="kostnad"/><SP WIDTH="11" VPOS="397" HPOS="652"/>
							<String ID="string_59" HPOS="663" VPOS="397" WIDTH="32" HEIGHT="22" WC="0.92" CONTENT="för"/><SP WIDTH="11" VPOS="397" HPOS="695"/>
							<String ID="string_60" HPOS="706" VPOS="397" WIDTH="134" HEIGHT="28" WC="0.91" CONTENT="presterska-"/>
						</TextLine>
						<TextLine ID="line_8" HPOS="89" VPOS="432" WIDTH="751" HEIGHT="29">
							<String ID="string_61" HPOS="89" VPOS="435" WIDTH="37" HEIGHT="26" WC="0.96" CONTENT="pet"/><SP WIDTH="18" VPOS="435" HPOS="126"/>
							<String ID="string_62" HPOS="144" VPOS="434" WIDTH="32" HEIGHT="19" WC="0.96" CONTENT="att"/><SP WIDTH="19" VPOS="434" HPOS="176"/>
							<String ID="string_63" HPOS="195" VPOS="432" WIDTH="33" HEIGHT="21" WC="0.92" CONTENT="till"/><SP WIDTH="19" VPOS="432" HPOS="228"/>
							<String ID="string_64" HPOS="247" VPOS="432" WIDTH="107" HEIGHT="28" WC="0.91" CONTENT="landtdag"/><SP WIDTH="20" VPOS="432" HPOS="354"/>
							<String ID="string_65" HPOS="374" VPOS="432" WIDTH="69" HEIGHT="22" WC="0.96" CONTENT="sända"/><SP WIDTH="21" VPOS="432" HPOS="443"/>
							<String ID="string_66" HPOS="464" VPOS="439" WIDTH="25" HEIGHT="14" WC="0.96" CONTENT="en"/><SP WIDTH="23" VPOS="439" HPOS="489"/>
							<String ID="string_67" HPOS="512" VPOS="432" WIDTH="120" HEIGHT="28" WC="0.96" CONTENT="deputerad"/><SP WIDTH="18" VPOS="432" HPOS="632"/>
							<String ID="string_68" HPOS="650" VPOS="432" WIDTH="33" HEIGHT="21" WC="0.96" CONTENT="för"/><SP WIDTH="19" VPOS="432" HPOS="683"/>
							<String ID="string_69" HPOS="702" VPOS="432" WIDTH="74" HEIGHT="27" WC="0.93" CONTENT="hvarje"/><SP WIDTH="16" VPOS="432" HPOS="776"/>
							<String ID="string_70" HPOS="792" VPOS="439" WIDTH="48" HEIGHT="21" WC="0.90" CONTENT="pro-"/>
						</TextLine>
						<TextLine ID="line_9" HPOS="90" VPOS="466" WIDTH="753" HEIGHT="29">
							<String ID="string_71" HPOS="90" VPOS="467" WIDTH="60" HEIGHT="28" WC="0.92" CONTENT="steri,"/><SP WIDTH="19" VPOS="467" HPOS="150"/>
							<String ID="string_72" HPOS="169" VPOS="467" WIDTH="82" HEIGHT="22" WC="0.96" CONTENT="liksom"/><SP WIDTH="12" VPOS="467" HPOS="251"/>
							<String ID="string_73" HPOS="263" VPOS="467" WIDTH="42" HEIGHT="28" WC="0.96" CONTENT="jag"/><SP WIDTH="14" VPOS="467" HPOS="305"/>
							<String ID="string_74" HPOS="319" VPOS="467" WIDTH="50" HEIGHT="22" WC="0.95" CONTENT="icke"/><SP WIDTH="16" VPOS="467" HPOS="369"/>
							<String ID="string_75" HPOS="385" VPOS="467" WIDTH="43" HEIGHT="21" WC="0.96" CONTENT="kan"/><SP WIDTH="16" VPOS="467" HPOS="428"/>
							<String ID="string_76" HPOS="444" VPOS="467" WIDTH="59" HEIGHT="21" WC="0.96" CONTENT="finna"/><SP WIDTH="16" VPOS="467" HPOS="503"/>
							<String ID="string_77" HPOS="519" VPOS="467" WIDTH="36" HEIGHT="21" WC="0.93" CONTENT="det"/><SP WIDTH="16" VPOS="467" HPOS="555"/>
							<String ID="string_78" HPOS="571" VPOS="467" WIDTH="85" HEIGHT="27" WC="0.92" CONTENT="nödigt,"/><SP WIDTH="17" VPOS="467" HPOS="656"/>
							<String ID="string_79" HPOS="673" VPOS="469" WIDTH="32" HEIGHT="19" WC="0.96" CONTENT="att"/><SP WIDTH="15" VPOS="469" HPOS="705"/>
							<String ID="string_80" HPOS="720" VPOS="467" WIDTH="83" HEIGHT="21" WC="0.96" CONTENT="antalet"/><SP WIDTH="15" VPOS="467" HPOS="803"/>
							<String ID="string_81" HPOS="818" VPOS="466" WIDTH="25" HEIGHT="21" WC="0.96" CONTENT="af"/>
						</TextLine>
						<TextLine ID="line_10" HPOS="90" VPOS="501" WIDTH="750" HEIGHT="28">
							<String ID="string_82" HPOS="90" VPOS="501" WIDTH="133" HEIGHT="28" WC="0.96" CONTENT="deputerade"/><SP WIDTH="16" VPOS="501" HPOS="223"/>
							<String ID="string_83" HPOS="239" VPOS="504" WIDTH="24" HEIGHT="19" WC="0.96" CONTENT="är"/><SP WIDTH="16" VPOS="504" HPOS="263"/>
							<String ID="string_84" HPOS="279" VPOS="502" WIDTH="24" HEIGHT="21" WC="0.96" CONTENT="så"/><SP WIDTH="16" VPOS="502" HPOS="303"/>
							<String ID="string_85" HPOS="319" VPOS="504" WIDTH="63" HEIGHT="25" WC="0.96" CONTENT="stort,"/><SP WIDTH="17" VPOS="504" HPOS="382"/>
							<String ID="string_86" HPOS="399" VPOS="508" WIDTH="45" HEIGHT="15" WC="0.96" CONTENT="som"/><SP WIDTH="17" VPOS="508" HPOS="444"/>
							<String ID="string_87" HPOS="461" VPOS="501" WIDTH="82" HEIGHT="22" WC="0.96" CONTENT="antalet"/><SP WIDTH="11" VPOS="501" HPOS="543"/>
							<String ID="string_88" HPOS="554" VPOS="501" WIDTH="25" HEIGHT="22" WC="0.93" CONTENT="af"/><SP WIDTH="7" VPOS="501" HPOS="579"/>
							<String ID="string_89" HPOS="586" VPOS="501" WIDTH="117" HEIGHT="28" WC="0.91" CONTENT="prosterier"/><SP WIDTH="10" VPOS="501" HPOS="703"/>
							<String ID="string_90" HPOS="713" VPOS="501" WIDTH="54" HEIGHT="28" WC="0.95" CONTENT="(41)."/><SP WIDTH="30" VPOS="501" HPOS="767"/>
							<String ID="string_91" HPOS="797" VPOS="501" WIDTH="43" HEIGHT="21" WC="0.94" CONTENT="Det"/>
						</TextLine>
						<TextLine ID="line_11" HPOS="90" VPOS="535" WIDTH="748" HEIGHT="29">
							<String ID="string_92" HPOS="90" VPOS="536" WIDTH="60" HEIGHT="21" WC="0.95" CONTENT="antal"/><SP WIDTH="21" VPOS="536" HPOS="150"/>
							<String ID="string_93" HPOS="171" VPOS="536" WIDTH="142" HEIGHT="28" WC="0.96" CONTENT="deputerade,"/><SP WIDTH="22" VPOS="536" HPOS="313"/>
							<String ID="string_94" HPOS="335" VPOS="543" WIDTH="46" HEIGHT="15" WC="0.96" CONTENT="som"/><SP WIDTH="20" VPOS="543" HPOS="381"/>
							<String ID="string_95" HPOS="401" VPOS="543" WIDTH="29" HEIGHT="15" WC="0.95" CONTENT="nu"/><SP WIDTH="18" VPOS="543" HPOS="430"/>
							<String ID="string_96" HPOS="448" VPOS="536" WIDTH="56" HEIGHT="21" WC="0.96" CONTENT="varit"/><SP WIDTH="21" VPOS="536" HPOS="504"/>
							<String ID="string_97" HPOS="525" VPOS="535" WIDTH="146" HEIGHT="28" WC="0.93" CONTENT="närvarande,"/><SP WIDTH="16" VPOS="535" HPOS="671"/>
							<String ID="string_98" HPOS="687" VPOS="535" WIDTH="109" HEIGHT="27" WC="0.92" CONTENT="nemligen"/><SP WIDTH="16" VPOS="535" HPOS="796"/>
							<String ID="string_99" HPOS="812" VPOS="536" WIDTH="26" HEIGHT="20" WC="0.96" CONTENT="29"/>
						</TextLine>
						<TextLine ID="line_12" HPOS="89" VPOS="569" WIDTH="750" HEIGHT="30">
							<String ID="string_100" HPOS="89" VPOS="573" WIDTH="59" HEIGHT="19" WC="0.97" CONTENT="utom"/><SP WIDTH="15" VPOS="573" HPOS="148"/>
							<String ID="string_101" HPOS="163" VPOS="571" WIDTH="143" HEIGHT="28" WC="0.96" CONTENT="biskoparna,"/><SP WIDTH="17" VPOS="571" HPOS="306"/>
							<String ID="string_102" HPOS="323" VPOS="578" WIDTH="45" HEIGHT="15" WC="0.96" CONTENT="som"/><SP WIDTH="17" VPOS="578" HPOS="368"/>
							<String ID="string_103" HPOS="385" VPOS="573" WIDTH="37" HEIGHT="20" WC="0.96" CONTENT="äro"/><SP WIDTH="16" VPOS="573" HPOS="422"/>
							<String ID="string_104" HPOS="438" VPOS="571" WIDTH="40" HEIGHT="21" WC="0.96" CONTENT="och"/><SP WIDTH="12" VPOS="571" HPOS="478"/>
							<String ID="string_105" HPOS="490" VPOS="571" WIDTH="53" HEIGHT="22" WC="0.96" CONTENT="böra"/><SP WIDTH="10" VPOS="571" HPOS="543"/>
							<String ID="string_106" HPOS="553" VPOS="577" WIDTH="54" HEIGHT="15" WC="0.93" CONTENT="vara"/><SP WIDTH="10" VPOS="577" HPOS="607"/>
							<String ID="string_107" HPOS="617" VPOS="569" WIDTH="144" HEIGHT="29" WC="0.91" CONTENT="sjelfskrifna,"/><SP WIDTH="13" VPOS="569" HPOS="761"/>
							<String ID="string_108" HPOS="774" VPOS="576" WIDTH="65" HEIGHT="22" WC="0.95" CONTENT="synes"/>
						</TextLine>
						<TextLine ID="line_13" HPOS="89" VPOS="604" WIDTH="750" HEIGHT="30">
							<String ID="string_109" HPOS="89" VPOS="605" WIDTH="45" HEIGHT="28" WC="0.96" CONTENT="mig"/><SP WIDTH="19" VPOS="605" HPOS="134"/>
							<String ID="string_110" HPOS="153" VPOS="612" WIDTH="53" HEIGHT="15" WC="0.96" CONTENT="vara"/><SP WIDTH="18" VPOS="612" HPOS="206"/>
							<String ID="string_111" HPOS="224" VPOS="605" WIDTH="137" HEIGHT="28" WC="0.95" CONTENT="tillräckligt,"/><SP WIDTH="19" VPOS="605" HPOS="361"/>
							<String ID="string_112" HPOS="380" VPOS="613" WIDTH="49" HEIGHT="14" WC="0.93" CONTENT="men"/><SP WIDTH="12" VPOS="613" HPOS="429"/>
							<String ID="string_113" HPOS="441" VPOS="605" WIDTH="56" HEIGHT="22" WC="0.92" CONTENT="-icke"/><SP WIDTH="15" VPOS="605" HPOS="497"/>
							<String ID="string_114" HPOS="512" VPOS="605" WIDTH="69" HEIGHT="22" WC="0.95" CONTENT="heller"/><SP WIDTH="14" VPOS="605" HPOS="581"/>
							<String ID="string_115" HPOS="595" VPOS="605" WIDTH="87" HEIGHT="29" WC="0.96" CONTENT="mycket"/><SP WIDTH="15" VPOS="605" HPOS="682"/>
							<String ID="string_116" HPOS="697" VPOS="605" WIDTH="74" HEIGHT="21" WC="0.93" CONTENT="kunna"/><SP WIDTH="15" VPOS="605" HPOS="771"/>
							<String ID="string_117" HPOS="786" VPOS="604" WIDTH="53" HEIGHT="22" WC="0.93" CONTENT="min-"/>
						</TextLine>
						<TextLine ID="line_14" HPOS="90" VPOS="639" WIDTH="609" HEIGHT="29">
							<String ID="string_118" HPOS="90" VPOS="639" WIDTH="62" HEIGHT="29" WC="0.91" CONTENT="skas;"/><SP WIDTH="14" VPOS="639" HPOS="152"/>
							<String ID="string_119" HPOS="166" VPOS="640" WIDTH="37" HEIGHT="21" WC="0.96" CONTENT="det"/><SP WIDTH="15" VPOS="640" HPOS="203"/>
							<String ID="string_120" HPOS="218" VPOS="641" WIDTH="80" HEIGHT="21" WC="0.96" CONTENT="minsta"/><SP WIDTH="13" VPOS="641" HPOS="298"/>
							<String ID="string_121" HPOS="311" VPOS="640" WIDTH="90" HEIGHT="28" WC="0.96" CONTENT="möjliga"/><SP WIDTH="16" VPOS="640" HPOS="401"/>
							<String ID="string_122" HPOS="417" VPOS="640" WIDTH="60" HEIGHT="22" WC="0.96" CONTENT="antal"/><SP WIDTH="16" VPOS="640" HPOS="477"/>
							<String ID="string_123" HPOS="493" VPOS="643" WIDTH="24" HEIGHT="19" WC="0.96" CONTENT="är"/><SP WIDTH="14" VPOS="643" HPOS="517"/>
							<String ID="string_124" HPOS="531" VPOS="640" WIDTH="36" HEIGHT="21" WC="0.93" CONTENT="väl"/><SP WIDTH="16" VPOS="640" HPOS="567"/>
							<String ID="string_125" HPOS="583" VPOS="639" WIDTH="116" HEIGHT="29" WC="0.91" CONTENT="tjugufyra."/>
						</TextLine>
					</TextBlock>
					<TextBlock ID="block_3" HPOS="88" VPOS="674" WIDTH="752" HEIGHT="786">
						<TextLine ID="line_15" HPOS="157" VPOS="674" WIDTH="683" HEIGHT="28">
							<String ID="string_126" HPOS="157" VPOS="674" WIDTH="65" HEIGHT="23" WC="0.91" CONTENT="Hvad"/><SP WIDTH="16" VPOS="674" HPOS="222"/>
							<String ID="string_127" HPOS="238" VPOS="675" WIDTH="97" HEIGHT="22" WC="0.91" CONTENT="deremot"/><SP WIDTH="16" VPOS="675" HPOS="335"/>
							<String ID="string_128" HPOS="351" VPOS="675" WIDTH="68" HEIGHT="27" WC="0.96" CONTENT="angår"/><SP WIDTH="15" VPOS="675" HPOS="419"/>
							<String ID="string_129" HPOS="434" VPOS="675" WIDTH="77" HEIGHT="27" WC="0.96" CONTENT="frågan"/><SP WIDTH="16" VPOS="675" HPOS="511"/>
							<String ID="string_130" HPOS="527" VPOS="681" WIDTH="34" HEIGHT="15" WC="0.95" CONTENT="om"/><SP WIDTH="15" VPOS="681" HPOS="561"/>
							<String ID="string_131" HPOS="576" VPOS="674" WIDTH="76" HEIGHT="22" WC="0.95" CONTENT="hvilka"/><SP WIDTH="15" VPOS="674" HPOS="652"/>
							<String ID="string_132" HPOS="667" VPOS="676" WIDTH="84" HEIGHT="26" WC="0.96" CONTENT="prester"/><SP WIDTH="15" VPOS="676" HPOS="751"/>
							<String ID="string_133" HPOS="766" VPOS="674" WIDTH="74" HEIGHT="21" WC="0.96" CONTENT="kunna"/>
						</TextLine>
						<TextLine ID="line_16" HPOS="90" VPOS="708" WIDTH="749" HEIGHT="30">
							<String ID="string_134" HPOS="90" VPOS="709" WIDTH="69" HEIGHT="28" WC="0.96" CONTENT="väljas"/><SP WIDTH="16" VPOS="709" HPOS="159"/>
							<String ID="string_135" HPOS="175" VPOS="709" WIDTH="33" HEIGHT="22" WC="0.95" CONTENT="till"/><SP WIDTH="15" VPOS="709" HPOS="208"/>
							<String ID="string_136" HPOS="223" VPOS="709" WIDTH="143" HEIGHT="29" WC="0.96" CONTENT="deputerade,"/><SP WIDTH="17" VPOS="709" HPOS="366"/>
							<String ID="string_137" HPOS="383" VPOS="710" WIDTH="25" HEIGHT="21" WC="0.96" CONTENT="så"/><SP WIDTH="15" VPOS="710" HPOS="408"/>
							<String ID="string_138" HPOS="423" VPOS="709" WIDTH="44" HEIGHT="22" WC="0.96" CONTENT="kan"/><SP WIDTH="13" VPOS="709" HPOS="467"/>
							<String ID="string_139" HPOS="480" VPOS="710" WIDTH="41" HEIGHT="27" WC="0.96" CONTENT="jag"/><SP WIDTH="15" VPOS="710" HPOS="521"/>
							<String ID="string_140" HPOS="536" VPOS="709" WIDTH="33" HEIGHT="22" WC="0.96" CONTENT="för"/><SP WIDTH="15" VPOS="709" HPOS="569"/>
							<String ID="string_141" HPOS="584" VPOS="709" WIDTH="44" HEIGHT="21" WC="0.96" CONTENT="min"/><SP WIDTH="17" VPOS="709" HPOS="628"/>
							<String ID="string_142" HPOS="645" VPOS="709" WIDTH="35" HEIGHT="21" WC="0.96" CONTENT="del"/><SP WIDTH="15" VPOS="709" HPOS="680"/>
							<String ID="string_143" HPOS="695" VPOS="709" WIDTH="50" HEIGHT="21" WC="0.93" CONTENT="med"/><SP WIDTH="16" VPOS="709" HPOS="745"/>
							<String ID="string_144" HPOS="761" VPOS="708" WIDTH="78" HEIGHT="27" WC="0.92" CONTENT="aktgif-"/>
						</TextLine>
						<TextLine ID="line_17" HPOS="90" VPOS="742" WIDTH="749" HEIGHT="30">
							<String ID="string_145" HPOS="90" VPOS="744" WIDTH="71" HEIGHT="21" WC="0.96" CONTENT="vande"/><SP WIDTH="21" VPOS="744" HPOS="161"/>
							<String ID="string_146" HPOS="182" VPOS="743" WIDTH="47" HEIGHT="23" WC="0.96" CONTENT="dels"/><SP WIDTH="20" VPOS="743" HPOS="229"/>
							<String ID="string_147" HPOS="249" VPOS="744" WIDTH="28" HEIGHT="28" WC="0.96" CONTENT="på"/><SP WIDTH="21" VPOS="744" HPOS="277"/>
							<String ID="string_148" HPOS="298" VPOS="744" WIDTH="129" HEIGHT="21" WC="0.96" CONTENT="hithörande"/><SP WIDTH="20" VPOS="744" HPOS="427"/>
							<String ID="string_149" HPOS="447" VPOS="743" WIDTH="160" HEIGHT="28" WC="0.95" CONTENT="författningar,"/><SP WIDTH="22" VPOS="743" HPOS="607"/>
							<String ID="string_150" HPOS="629" VPOS="743" WIDTH="46" HEIGHT="22" WC="0.96" CONTENT="dels"/><SP WIDTH="21" VPOS="743" HPOS="675"/>
							<String ID="string_151" HPOS="696" VPOS="743" WIDTH="29" HEIGHT="28" WC="0.96" CONTENT="på"/><SP WIDTH="18" VPOS="743" HPOS="725"/>
							<String ID="string_152" HPOS="743" VPOS="743" WIDTH="69" HEIGHT="22" WC="0.96" CONTENT="saken"/><SP WIDTH="20" VPOS="743" HPOS="812"/>
							<String ID="string_153" HPOS="832" VPOS="742" WIDTH="7" HEIGHT="21" WC="0.96" CONTENT="i"/>
						</TextLine>
						<TextLine ID="line_18" HPOS="90" VPOS="777" WIDTH="750" HEIGHT="29">
							<String ID="string_154" HPOS="90" VPOS="778" WIDTH="40" HEIGHT="21" WC="0.96" CONTENT="och"/><SP WIDTH="16" VPOS="778" HPOS="130"/>
							<String ID="string_155" HPOS="146" VPOS="778" WIDTH="33" HEIGHT="22" WC="0.96" CONTENT="för"/><SP WIDTH="15" VPOS="778" HPOS="179"/>
							<String ID="string_156" HPOS="194" VPOS="778" WIDTH="45" HEIGHT="28" WC="0.96" CONTENT="sig,"/><SP WIDTH="18" VPOS="778" HPOS="239"/>
							<String ID="string_157" HPOS="257" VPOS="778" WIDTH="49" HEIGHT="22" WC="0.96" CONTENT="icke"/><SP WIDTH="17" VPOS="778" HPOS="306"/>
							<String ID="string_158" HPOS="323" VPOS="778" WIDTH="60" HEIGHT="21" WC="0.96" CONTENT="finna"/><SP WIDTH="14" VPOS="778" HPOS="383"/>
							<String ID="string_159" HPOS="397" VPOS="779" WIDTH="69" HEIGHT="26" WC="0.96" CONTENT="några"/><SP WIDTH="19" VPOS="779" HPOS="466"/>
							<String ID="string_160" HPOS="485" VPOS="778" WIDTH="49" HEIGHT="22" WC="0.93" CONTENT="skäl"/><SP WIDTH="19" VPOS="778" HPOS="534"/>
							<String ID="string_161" HPOS="553" VPOS="778" WIDTH="100" HEIGHT="22" WC="0.91" CONTENT="förevara"/><SP WIDTH="19" VPOS="778" HPOS="653"/>
							<String ID="string_162" HPOS="672" VPOS="779" WIDTH="32" HEIGHT="20" WC="0.96" CONTENT="att"/><SP WIDTH="15" VPOS="779" HPOS="704"/>
							<String ID="string_163" HPOS="719" VPOS="777" WIDTH="121" HEIGHT="22" WC="0.95" CONTENT="inskränka"/>
						</TextLine>
						<TextLine ID="line_19" HPOS="90" VPOS="811" WIDTH="749" HEIGHT="30">
							<String ID="string_164" HPOS="90" VPOS="813" WIDTH="59" HEIGHT="21" WC="0.95" CONTENT="valet"/><SP WIDTH="18" VPOS="813" HPOS="149"/>
							<String ID="string_165" HPOS="167" VPOS="812" WIDTH="78" HEIGHT="23" WC="0.95" CONTENT="endast"/><SP WIDTH="18" VPOS="812" HPOS="245"/>
							<String ID="string_166" HPOS="263" VPOS="813" WIDTH="32" HEIGHT="21" WC="0.95" CONTENT="till"/><SP WIDTH="20" VPOS="813" HPOS="295"/>
							<String ID="string_167" HPOS="315" VPOS="813" WIDTH="156" HEIGHT="28" WC="0.85" CONTENT="kyrkoherdar."/><SP WIDTH="32" VPOS="813" HPOS="471"/>
							<String ID="string_168" HPOS="503" VPOS="813" WIDTH="65" HEIGHT="21" WC="0.85" CONTENT="Såväl"/><SP WIDTH="15" VPOS="813" HPOS="568"/>
							<String ID="string_169" HPOS="583" VPOS="813" WIDTH="8" HEIGHT="20" WC="0.96" CONTENT="i"/><SP WIDTH="16" VPOS="813" HPOS="591"/>
							<String ID="string_170" HPOS="607" VPOS="813" WIDTH="54" HEIGHT="20" WC="0.96" CONTENT="1723"/><SP WIDTH="17" VPOS="813" HPOS="661"/>
							<String ID="string_171" HPOS="678" VPOS="812" WIDTH="35" HEIGHT="21" WC="0.93" CONTENT="års"/><SP WIDTH="15" VPOS="812" HPOS="713"/>
							<String ID="string_172" HPOS="728" VPOS="811" WIDTH="111" HEIGHT="28" WC="0.91" CONTENT="riksdags-"/>
						</TextLine>
						<TextLine ID="line_20" HPOS="90" VPOS="846" WIDTH="749" HEIGHT="29">
							<String ID="string_173" HPOS="90" VPOS="847" WIDTH="101" HEIGHT="28" WC="0.96" CONTENT="ordning,"/><SP WIDTH="22" VPOS="847" HPOS="191"/>
							<String ID="string_174" HPOS="213" VPOS="855" WIDTH="46" HEIGHT="14" WC="0.96" CONTENT="som"/><SP WIDTH="19" VPOS="855" HPOS="259"/>
							<String ID="string_175" HPOS="278" VPOS="847" WIDTH="69" HEIGHT="22" WC="0.96" CONTENT="redan"/><SP WIDTH="18" VPOS="847" HPOS="347"/>
							<String ID="string_176" HPOS="365" VPOS="847" WIDTH="7" HEIGHT="21" WC="0.96" CONTENT="i"/><SP WIDTH="20" VPOS="847" HPOS="372"/>
							<String ID="string_177" HPOS="392" VPOS="848" WIDTH="56" HEIGHT="21" WC="0.96" CONTENT="1634"/><SP WIDTH="18" VPOS="848" HPOS="448"/>
							<String ID="string_178" HPOS="466" VPOS="848" WIDTH="36" HEIGHT="21" WC="0.96" CONTENT="års"/><SP WIDTH="18" VPOS="848" HPOS="502"/>
							<String ID="string_179" HPOS="520" VPOS="847" WIDTH="177" HEIGHT="28" WC="0.96" CONTENT="regeringsform,"/><SP WIDTH="21" VPOS="847" HPOS="697"/>
							<String ID="string_180" HPOS="718" VPOS="854" WIDTH="47" HEIGHT="15" WC="0.93" CONTENT="som"/><SP WIDTH="15" VPOS="854" HPOS="765"/>
							<String ID="string_181" HPOS="780" VPOS="846" WIDTH="59" HEIGHT="21" WC="0.90" CONTENT="inne-"/>
						</TextLine>
						<TextLine ID="line_21" HPOS="89" VPOS="881" WIDTH="749" HEIGHT="29">
							<String ID="string_182" HPOS="89" VPOS="881" WIDTH="70" HEIGHT="22" WC="0.96" CONTENT="håller"/><SP WIDTH="18" VPOS="881" HPOS="159"/>
							<String ID="string_183" HPOS="177" VPOS="881" WIDTH="37" HEIGHT="22" WC="0.96" CONTENT="det"/><SP WIDTH="17" VPOS="881" HPOS="214"/>
							<String ID="string_184" HPOS="231" VPOS="882" WIDTH="68" HEIGHT="21" WC="0.96" CONTENT="första"/><SP WIDTH="21" VPOS="882" HPOS="299"/>
							<String ID="string_185" HPOS="320" VPOS="882" WIDTH="85" HEIGHT="28" WC="0.93" CONTENT="tydliga"/><SP WIDTH="16" VPOS="882" HPOS="405"/>
							<String ID="string_186" HPOS="421" VPOS="882" WIDTH="132" HEIGHT="28" WC="0.91" CONTENT="stadgandet"/><SP WIDTH="15" VPOS="882" HPOS="553"/>
							<String ID="string_187" HPOS="568" VPOS="889" WIDTH="34" HEIGHT="14" WC="0.92" CONTENT="om"/><SP WIDTH="16" VPOS="889" HPOS="602"/>
							<String ID="string_188" HPOS="618" VPOS="881" WIDTH="173" HEIGHT="29" WC="0.92" CONTENT="prestaståndets"/><SP WIDTH="15" VPOS="881" HPOS="791"/>
							<String ID="string_189" HPOS="806" VPOS="887" WIDTH="32" HEIGHT="15" WC="0.92" CONTENT="re-"/>
						</TextLine>
						<TextLine ID="line_22" HPOS="89" VPOS="916" WIDTH="750" HEIGHT="29">
							<String ID="string_190" HPOS="89" VPOS="917" WIDTH="158" HEIGHT="27" WC="0.96" CONTENT="presentation,"/><SP WIDTH="20" VPOS="917" HPOS="247"/>
							<String ID="string_191" HPOS="267" VPOS="917" WIDTH="57" HEIGHT="21" WC="0.95" CONTENT="talas"/><SP WIDTH="20" VPOS="917" HPOS="324"/>
							<String ID="string_192" HPOS="344" VPOS="917" WIDTH="55" HEIGHT="22" WC="0.96" CONTENT="blott"/><SP WIDTH="18" VPOS="917" HPOS="399"/>
							<String ID="string_193" HPOS="417" VPOS="923" WIDTH="35" HEIGHT="16" WC="0.96" CONTENT="om"/><SP WIDTH="14" VPOS="923" HPOS="452"/>
							<String ID="string_194" HPOS="466" VPOS="919" WIDTH="85" HEIGHT="26" WC="0.96" CONTENT="prester"/><SP WIDTH="15" VPOS="919" HPOS="551"/>
							<String ID="string_195" HPOS="566" VPOS="916" WIDTH="40" HEIGHT="22" WC="0.93" CONTENT="och"/><SP WIDTH="15" VPOS="916" HPOS="606"/>
							<String ID="string_196" HPOS="621" VPOS="916" WIDTH="149" HEIGHT="29" WC="0.91" CONTENT="presterskap,"/><SP WIDTH="18" VPOS="916" HPOS="770"/>
							<String ID="string_197" HPOS="788" VPOS="917" WIDTH="51" HEIGHT="20" WC="0.96" CONTENT="utan"/>
						</TextLine>
						<TextLine ID="line_23" HPOS="89" VPOS="950" WIDTH="751" HEIGHT="29">
							<String ID="string_198" HPOS="89" VPOS="953" WIDTH="33" HEIGHT="19" WC="0.93" CONTENT="att"/><SP WIDTH="20" VPOS="953" HPOS="122"/>
							<String ID="string_199" HPOS="142" VPOS="951" WIDTH="69" HEIGHT="22" WC="0.91" CONTENT="skildt"/><SP WIDTH="19" VPOS="951" HPOS="211"/>
							<String ID="string_200" HPOS="230" VPOS="953" WIDTH="80" HEIGHT="20" WC="0.95" CONTENT="nämna"/><SP WIDTH="20" VPOS="953" HPOS="310"/>
							<String ID="string_201" HPOS="330" VPOS="951" WIDTH="157" HEIGHT="28" WC="0.95" CONTENT="kyrkoherdar."/><SP WIDTH="30" VPOS="951" HPOS="487"/>
							<String ID="string_202" HPOS="517" VPOS="951" WIDTH="50" HEIGHT="22" WC="0.96" CONTENT="Man"/><SP WIDTH="20" VPOS="951" HPOS="567"/>
							<String ID="string_203" HPOS="587" VPOS="951" WIDTH="69" HEIGHT="22" WC="0.96" CONTENT="finner"/><SP WIDTH="20" VPOS="951" HPOS="656"/>
							<String ID="string_204" HPOS="676" VPOS="951" WIDTH="68" HEIGHT="21" WC="0.95" CONTENT="också"/><SP WIDTH="20" VPOS="951" HPOS="744"/>
							<String ID="string_205" HPOS="764" VPOS="952" WIDTH="32" HEIGHT="19" WC="0.96" CONTENT="att"/><SP WIDTH="15" VPOS="952" HPOS="796"/>
							<String ID="string_206" HPOS="811" VPOS="950" WIDTH="29" HEIGHT="28" WC="0.96" CONTENT="på"/>
						</TextLine>
						<TextLine ID="line_24" HPOS="91" VPOS="985" WIDTH="748" HEIGHT="28">
							<String ID="string_207" HPOS="91" VPOS="986" WIDTH="55" HEIGHT="21" WC="0.96" CONTENT="1600"/><SP WIDTH="15" VPOS="986" HPOS="146"/>
							<String ID="string_208" HPOS="161" VPOS="985" WIDTH="54" HEIGHT="22" WC="0.96" CONTENT="talet"/><SP WIDTH="15" VPOS="985" HPOS="215"/>
							<String ID="string_209" HPOS="230" VPOS="988" WIDTH="58" HEIGHT="19" WC="0.96" CONTENT="utom"/><SP WIDTH="16" VPOS="988" HPOS="288"/>
							<String ID="string_210" HPOS="304" VPOS="986" WIDTH="151" HEIGHT="27" WC="0.96" CONTENT="kyrkoherdar"/><SP WIDTH="10" VPOS="986" HPOS="455"/>
							<String ID="string_211" HPOS="465" VPOS="986" WIDTH="64" HEIGHT="21" WC="0.93" CONTENT="äfven"/><SP WIDTH="12" VPOS="986" HPOS="529"/>
							<String ID="string_212" HPOS="541" VPOS="985" WIDTH="227" HEIGHT="27" WC="0.91" CONTENT="konsistoriinotarier,"/><SP WIDTH="12" VPOS="985" HPOS="768"/>
							<String ID="string_213" HPOS="780" VPOS="985" WIDTH="59" HEIGHT="21" WC="0.92" CONTENT="dom-"/>
						</TextLine>
						<TextLine ID="line_25" HPOS="89" VPOS="1019" WIDTH="750" HEIGHT="29">
							<String ID="string_214" HPOS="89" VPOS="1020" WIDTH="196" HEIGHT="28" WC="0.91" CONTENT="kyrkosysslomän"/><SP WIDTH="18" VPOS="1020" HPOS="285"/>
							<String ID="string_215" HPOS="303" VPOS="1020" WIDTH="40" HEIGHT="22" WC="0.93" CONTENT="och"/><SP WIDTH="19" VPOS="1020" HPOS="343"/>
							<String ID="string_216" HPOS="362" VPOS="1020" WIDTH="128" HEIGHT="28" WC="0.92" CONTENT="kapellaner"/><SP WIDTH="18" VPOS="1020" HPOS="490"/>
							<String ID="string_217" HPOS="508" VPOS="1020" WIDTH="57" HEIGHT="22" WC="0.96" CONTENT="varit"/><SP WIDTH="18" VPOS="1020" HPOS="565"/>
							<String ID="string_218" HPOS="583" VPOS="1020" WIDTH="134" HEIGHT="28" WC="0.96" CONTENT="deputerade"/><SP WIDTH="16" VPOS="1020" HPOS="717"/>
							<String ID="string_219" HPOS="733" VPOS="1019" WIDTH="37" HEIGHT="22" WC="0.93" CONTENT="vid"/><SP WIDTH="15" VPOS="1019" HPOS="770"/>
							<String ID="string_220" HPOS="785" VPOS="1019" WIDTH="54" HEIGHT="22" WC="0.93" CONTENT="riks-"/>
						</TextLine>
						<TextLine ID="line_26" HPOS="90" VPOS="1048" WIDTH="749" HEIGHT="35">
							<String ID="string_221" HPOS="90" VPOS="1055" WIDTH="107" HEIGHT="28" WC="0.96" CONTENT="dagarna,"/><SP WIDTH="17" VPOS="1055" HPOS="197"/>
							<String ID="string_222" HPOS="214" VPOS="1054" WIDTH="35" HEIGHT="29" WC="0.96" CONTENT="ja,"/><SP WIDTH="21" VPOS="1054" HPOS="249"/>
							<String ID="string_223" HPOS="270" VPOS="1055" WIDTH="31" HEIGHT="21" WC="0.96" CONTENT="till"/><SP WIDTH="20" VPOS="1055" HPOS="301"/>
							<String ID="string_224" HPOS="321" VPOS="1055" WIDTH="39" HEIGHT="21" WC="0.96" CONTENT="och"/><SP WIDTH="19" VPOS="1055" HPOS="360"/>
							<String ID="string_225" HPOS="379" VPOS="1055" WIDTH="50" HEIGHT="21" WC="0.92" CONTENT="med"/><SP WIDTH="16" VPOS="1055" HPOS="429"/>
							<String ID="string_226" HPOS="445" VPOS="1055" WIDTH="153" HEIGHT="22" WC="0.92" CONTENT="skolrektorer."/><SP WIDTH="30" VPOS="1055" HPOS="598"/>
							<String ID="string_227" HPOS="628" VPOS="1048" WIDTH="70" HEIGHT="27" WC="0.96" CONTENT="Äfven"/><SP WIDTH="16" VPOS="1048" HPOS="698"/>
							<String ID="string_228" HPOS="714" VPOS="1053" WIDTH="54" HEIGHT="22" WC="0.96" CONTENT="efter"/><SP WIDTH="16" VPOS="1053" HPOS="768"/>
							<String ID="string_229" HPOS="784" VPOS="1053" WIDTH="55" HEIGHT="22" WC="0.96" CONTENT="1723"/>
						</TextLine>
						<TextLine ID="line_27" HPOS="90" VPOS="1088" WIDTH="750" HEIGHT="29">
							<String ID="string_230" HPOS="90" VPOS="1089" WIDTH="40" HEIGHT="22" WC="0.96" CONTENT="och"/><SP WIDTH="22" VPOS="1089" HPOS="130"/>
							<String ID="string_231" HPOS="152" VPOS="1089" WIDTH="54" HEIGHT="22" WC="0.96" CONTENT="efter"/><SP WIDTH="17" VPOS="1089" HPOS="206"/>
							<String ID="string_232" HPOS="223" VPOS="1089" WIDTH="37" HEIGHT="21" WC="0.92" CONTENT="det"/><SP WIDTH="19" VPOS="1089" HPOS="260"/>
							<String ID="string_233" HPOS="279" VPOS="1089" WIDTH="159" HEIGHT="28" WC="0.90" CONTENT="kapellanerna"/><SP WIDTH="17" VPOS="1089" HPOS="438"/>
							<String ID="string_234" HPOS="455" VPOS="1091" WIDTH="55" HEIGHT="20" WC="0.96" CONTENT="1727"/><SP WIDTH="19" VPOS="1091" HPOS="510"/>
							<String ID="string_235" HPOS="529" VPOS="1089" WIDTH="88" HEIGHT="22" WC="0.96" CONTENT="erhållit"/><SP WIDTH="19" VPOS="1089" HPOS="617"/>
							<String ID="string_236" HPOS="636" VPOS="1089" WIDTH="104" HEIGHT="27" WC="0.96" CONTENT="rättighet"/><SP WIDTH="18" VPOS="1089" HPOS="740"/>
							<String ID="string_237" HPOS="758" VPOS="1090" WIDTH="30" HEIGHT="20" WC="0.95" CONTENT="att"/><SP WIDTH="19" VPOS="1090" HPOS="788"/>
							<String ID="string_238" HPOS="807" VPOS="1088" WIDTH="33" HEIGHT="21" WC="0.96" CONTENT="för"/>
						</TextLine>
						<TextLine ID="line_28" HPOS="89" VPOS="1122" WIDTH="751" HEIGHT="30">
							<String ID="string_239" HPOS="89" VPOS="1124" WIDTH="33" HEIGHT="28" WC="0.96" CONTENT="sig"/><SP WIDTH="20" VPOS="1124" HPOS="122"/>
							<String ID="string_240" HPOS="142" VPOS="1124" WIDTH="79" HEIGHT="21" WC="0.96" CONTENT="skicka"/><SP WIDTH="20" VPOS="1124" HPOS="221"/>
							<String ID="string_241" HPOS="241" VPOS="1131" WIDTH="27" HEIGHT="14" WC="0.96" CONTENT="en"/><SP WIDTH="23" VPOS="1131" HPOS="268"/>
							<String ID="string_242" HPOS="291" VPOS="1124" WIDTH="58" HEIGHT="21" WC="0.96" CONTENT="skild"/><SP WIDTH="21" VPOS="1124" HPOS="349"/>
							<String ID="string_243" HPOS="370" VPOS="1126" WIDTH="150" HEIGHT="26" WC="0.96" CONTENT="representant"/><SP WIDTH="21" VPOS="1126" HPOS="520"/>
							<String ID="string_244" HPOS="541" VPOS="1124" WIDTH="33" HEIGHT="21" WC="0.95" CONTENT="till"/><SP WIDTH="20" VPOS="1124" HPOS="574"/>
							<String ID="string_245" HPOS="594" VPOS="1123" WIDTH="128" HEIGHT="28" WC="0.96" CONTENT="riksdagen,"/><SP WIDTH="21" VPOS="1123" HPOS="722"/>
							<String ID="string_246" HPOS="743" VPOS="1129" WIDTH="39" HEIGHT="15" WC="0.96" CONTENT="var"/><SP WIDTH="20" VPOS="1129" HPOS="782"/>
							<String ID="string_247" HPOS="802" VPOS="1122" WIDTH="38" HEIGHT="21" WC="0.96" CONTENT="det"/>
						</TextLine>
						<TextLine ID="line_29" HPOS="88" VPOS="1157" WIDTH="751" HEIGHT="30">
							<String ID="string_248" HPOS="88" VPOS="1159" WIDTH="50" HEIGHT="20" WC="0.93" CONTENT="icke"/><SP WIDTH="15" VPOS="1159" HPOS="138"/>
							<String ID="string_249" HPOS="153" VPOS="1158" WIDTH="131" HEIGHT="28" WC="0.91" CONTENT="förmenadt,"/><SP WIDTH="19" VPOS="1158" HPOS="284"/>
							<String ID="string_250" HPOS="303" VPOS="1160" WIDTH="32" HEIGHT="19" WC="0.96" CONTENT="att"/><SP WIDTH="14" VPOS="1160" HPOS="335"/>
							<String ID="string_251" HPOS="349" VPOS="1159" WIDTH="37" HEIGHT="20" WC="0.96" CONTENT="vid"/><SP WIDTH="15" VPOS="1159" HPOS="386"/>
							<String ID="string_252" HPOS="401" VPOS="1159" WIDTH="36" HEIGHT="21" WC="0.96" CONTENT="det"/><SP WIDTH="11" VPOS="1159" HPOS="437"/>
							<String ID="string_253" HPOS="448" VPOS="1159" WIDTH="24" HEIGHT="22" WC="0.96" CONTENT="så"/><SP WIDTH="12" VPOS="1159" HPOS="472"/>
							<String ID="string_254" HPOS="484" VPOS="1158" WIDTH="89" HEIGHT="22" WC="0.96" CONTENT="kallade"/><SP WIDTH="11" VPOS="1158" HPOS="573"/>
							<String ID="string_255" HPOS="584" VPOS="1158" WIDTH="117" HEIGHT="29" WC="0.93" CONTENT="ordentliga"/><SP WIDTH="10" VPOS="1158" HPOS="701"/>
							<String ID="string_256" HPOS="711" VPOS="1157" WIDTH="128" HEIGHT="28" WC="0.92" CONTENT="herredags-"/>
						</TextLine>
						<TextLine ID="line_30" HPOS="89" VPOS="1191" WIDTH="749" HEIGHT="30">
							<String ID="string_257" HPOS="89" VPOS="1193" WIDTH="148" HEIGHT="28" WC="0.90" CONTENT="mannavalet,"/><SP WIDTH="20" VPOS="1193" HPOS="237"/>
							<String ID="string_258" HPOS="257" VPOS="1193" WIDTH="29" HEIGHT="22" WC="0.96" CONTENT="då"/><SP WIDTH="18" VPOS="1193" HPOS="286"/>
							<String ID="string_259" HPOS="304" VPOS="1201" WIDTH="25" HEIGHT="13" WC="0.92" CONTENT="en"/><SP WIDTH="20" VPOS="1201" HPOS="329"/>
							<String ID="string_260" HPOS="349" VPOS="1200" WIDTH="126" HEIGHT="21" WC="0.96" CONTENT="gemensam"/><SP WIDTH="13" VPOS="1200" HPOS="475"/>
							<String ID="string_261" HPOS="488" VPOS="1195" WIDTH="151" HEIGHT="26" WC="0.96" CONTENT="representant"/><SP WIDTH="14" VPOS="1195" HPOS="639"/>
							<String ID="string_262" HPOS="653" VPOS="1192" WIDTH="76" HEIGHT="22" WC="0.96" CONTENT="valdes"/><SP WIDTH="16" VPOS="1192" HPOS="729"/>
							<String ID="string_263" HPOS="745" VPOS="1191" WIDTH="33" HEIGHT="23" WC="0.93" CONTENT="för"/><SP WIDTH="14" VPOS="1191" HPOS="778"/>
							<String ID="string_264" HPOS="792" VPOS="1198" WIDTH="46" HEIGHT="22" WC="0.89" CONTENT="pre-"/>
						</TextLine>
						<TextLine ID="line_31" HPOS="89" VPOS="1228" WIDTH="749" HEIGHT="29">
							<String ID="string_265" HPOS="89" VPOS="1228" WIDTH="124" HEIGHT="28" WC="0.92" CONTENT="sterskapet"/><SP WIDTH="21" VPOS="1228" HPOS="213"/>
							<String ID="string_266" HPOS="234" VPOS="1228" WIDTH="7" HEIGHT="21" WC="0.96" CONTENT="i"/><SP WIDTH="20" VPOS="1228" HPOS="241"/>
							<String ID="string_267" HPOS="261" VPOS="1230" WIDTH="31" HEIGHT="19" WC="0.96" CONTENT="ett"/><SP WIDTH="17" VPOS="1230" HPOS="292"/>
							<String ID="string_268" HPOS="309" VPOS="1228" WIDTH="54" HEIGHT="22" WC="0.96" CONTENT="visst"/><SP WIDTH="19" VPOS="1228" HPOS="363"/>
							<String ID="string_269" HPOS="382" VPOS="1228" WIDTH="135" HEIGHT="29" WC="0.96" CONTENT="valdistrikt,"/><SP WIDTH="21" VPOS="1228" HPOS="517"/>
							<String ID="string_270" HPOS="538" VPOS="1228" WIDTH="54" HEIGHT="22" WC="0.96" CONTENT="eller"/><SP WIDTH="20" VPOS="1228" HPOS="592"/>
							<String ID="string_271" HPOS="612" VPOS="1228" WIDTH="67" HEIGHT="27" WC="0.92" CONTENT="nägra"/><SP WIDTH="19" VPOS="1228" HPOS="679"/>
							<String ID="string_272" HPOS="698" VPOS="1228" WIDTH="140" HEIGHT="27" WC="0.91" CONTENT="gemensama"/>
						</TextLine>
						<TextLine ID="line_32" HPOS="88" VPOS="1262" WIDTH="751" HEIGHT="29">
							<String ID="string_273" HPOS="88" VPOS="1263" WIDTH="34" HEIGHT="22" WC="0.96" CONTENT="för"/><SP WIDTH="17" VPOS="1263" HPOS="122"/>
							<String ID="string_274" HPOS="139" VPOS="1263" WIDTH="49" HEIGHT="22" WC="0.96" CONTENT="hela"/><SP WIDTH="20" VPOS="1263" HPOS="188"/>
							<String ID="string_275" HPOS="208" VPOS="1263" WIDTH="77" HEIGHT="27" WC="0.93" CONTENT="stiftet,"/><SP WIDTH="17" VPOS="1263" HPOS="285"/>
							<String ID="string_276" HPOS="302" VPOS="1262" WIDTH="73" HEIGHT="22" WC="0.91" CONTENT="dertill"/><SP WIDTH="16" VPOS="1262" HPOS="375"/>
							<String ID="string_277" HPOS="391" VPOS="1263" WIDTH="59" HEIGHT="28" WC="0.96" CONTENT="välja"/><SP WIDTH="16" VPOS="1263" HPOS="450"/>
							<String ID="string_278" HPOS="466" VPOS="1263" WIDTH="69" HEIGHT="21" WC="0.95" CONTENT="andra"/><SP WIDTH="15" VPOS="1263" HPOS="535"/>
							<String ID="string_279" HPOS="550" VPOS="1265" WIDTH="28" HEIGHT="19" WC="0.96" CONTENT="än"/><SP WIDTH="15" VPOS="1265" HPOS="578"/>
							<String ID="string_280" HPOS="593" VPOS="1262" WIDTH="157" HEIGHT="28" WC="0.94" CONTENT="kyrkoherdar,"/><SP WIDTH="16" VPOS="1262" HPOS="750"/>
							<String ID="string_281" HPOS="766" VPOS="1262" WIDTH="73" HEIGHT="22" WC="0.96" CONTENT="såsom"/>
						</TextLine>
						<TextLine ID="line_33" HPOS="88" VPOS="1296" WIDTH="750" HEIGHT="30">
							<String ID="string_282" HPOS="88" VPOS="1304" WIDTH="65" HEIGHT="22" WC="0.96" CONTENT="synes"/><SP WIDTH="22" VPOS="1304" HPOS="153"/>
							<String ID="string_283" HPOS="175" VPOS="1297" WIDTH="24" HEIGHT="22" WC="0.93" CONTENT="af"/><SP WIDTH="20" VPOS="1297" HPOS="199"/>
							<String ID="string_284" HPOS="219" VPOS="1297" WIDTH="56" HEIGHT="22" WC="0.91" CONTENT="kleri"/><SP WIDTH="22" VPOS="1297" HPOS="275"/>
							<String ID="string_285" HPOS="297" VPOS="1297" WIDTH="120" HEIGHT="22" WC="0.90" CONTENT="komitialis"/><SP WIDTH="21" VPOS="1297" HPOS="417"/>
							<String ID="string_286" HPOS="438" VPOS="1297" WIDTH="115" HEIGHT="22" WC="0.96" CONTENT="skrifvelse"/><SP WIDTH="20" VPOS="1297" HPOS="553"/>
							<String ID="string_287" HPOS="573" VPOS="1297" WIDTH="24" HEIGHT="22" WC="0.96" CONTENT="af"/><SP WIDTH="18" VPOS="1297" HPOS="597"/>
							<String ID="string_288" HPOS="615" VPOS="1297" WIDTH="42" HEIGHT="21" WC="0.96" CONTENT="den"/><SP WIDTH="20" VPOS="1297" HPOS="657"/>
							<String ID="string_289" HPOS="677" VPOS="1298" WIDTH="26" HEIGHT="20" WC="0.96" CONTENT="14"/><SP WIDTH="21" VPOS="1298" HPOS="703"/>
							<String ID="string_290" HPOS="724" VPOS="1296" WIDTH="114" HEIGHT="22" WC="0.96" CONTENT="december"/>
						</TextLine>
						<TextLine ID="line_34" HPOS="90" VPOS="1330" WIDTH="747" HEIGHT="30">
							<String ID="string_291" HPOS="90" VPOS="1333" WIDTH="63" HEIGHT="27" WC="0.96" CONTENT="1747,"/><SP WIDTH="22" VPOS="1333" HPOS="153"/>
							<String ID="string_292" HPOS="175" VPOS="1331" WIDTH="38" HEIGHT="21" WC="0.96" CONTENT="der"/><SP WIDTH="21" VPOS="1331" HPOS="213"/>
							<String ID="string_293" HPOS="234" VPOS="1331" WIDTH="36" HEIGHT="21" WC="0.96" CONTENT="det"/><SP WIDTH="20" VPOS="1331" HPOS="270"/>
							<String ID="string_294" HPOS="290" VPOS="1331" WIDTH="61" HEIGHT="21" WC="0.96" CONTENT="heter"/><SP WIDTH="20" VPOS="1331" HPOS="351"/>
							<String ID="string_295" HPOS="371" VPOS="1333" WIDTH="32" HEIGHT="19" WC="0.96" CONTENT="att"/><SP WIDTH="20" VPOS="1333" HPOS="403"/>
							<String ID="string_296" HPOS="423" VPOS="1331" WIDTH="67" HEIGHT="21" WC="0.96" CONTENT="orden"/><SP WIDTH="17" VPOS="1331" HPOS="490"/>
							<String ID="string_297" HPOS="507" VPOS="1332" WIDTH="7" HEIGHT="20" WC="0.96" CONTENT="i"/><SP WIDTH="20" VPOS="1332" HPOS="514"/>
							<String ID="string_298" HPOS="534" VPOS="1332" WIDTH="53" HEIGHT="20" WC="0.96" CONTENT="1741"/><SP WIDTH="21" VPOS="1332" HPOS="587"/>
							<String ID="string_299" HPOS="608" VPOS="1331" WIDTH="35" HEIGHT="21" WC="0.96" CONTENT="års"/><SP WIDTH="19" VPOS="1331" HPOS="643"/>
							<String ID="string_300" HPOS="662" VPOS="1331" WIDTH="105" HEIGHT="27" WC="0.96" CONTENT="kungliga"/><SP WIDTH="14" VPOS="1331" HPOS="767"/>
							<String ID="string_301" HPOS="781" VPOS="1330" WIDTH="56" HEIGHT="28" WC="0.96" CONTENT="bref,"/>
						</TextLine>
						<TextLine ID="line_35" HPOS="89" VPOS="1364" WIDTH="749" HEIGHT="29">
							<String ID="string_302" HPOS="89" VPOS="1368" WIDTH="32" HEIGHT="19" WC="0.96" CONTENT="att"/><SP WIDTH="21" VPOS="1368" HPOS="121"/>
							<String ID="string_303" HPOS="142" VPOS="1366" WIDTH="27" HEIGHT="21" WC="0.96" CONTENT="de"/><SP WIDTH="20" VPOS="1366" HPOS="169"/>
							<String ID="string_304" HPOS="189" VPOS="1365" WIDTH="136" HEIGHT="28" WC="0.96" CONTENT="fullmäktige"/><SP WIDTH="20" VPOS="1365" HPOS="325"/>
							<String ID="string_305" HPOS="345" VPOS="1364" WIDTH="68" HEIGHT="22" WC="0.96" CONTENT="borde"/><SP WIDTH="20" VPOS="1364" HPOS="413"/>
							<String ID="string_306" HPOS="433" VPOS="1365" WIDTH="71" HEIGHT="28" WC="0.96" CONTENT="väljas"/><SP WIDTH="21" VPOS="1365" HPOS="504"/>
							<String ID="string_307" HPOS="525" VPOS="1365" WIDTH="25" HEIGHT="21" WC="0.96" CONTENT="af"/><SP WIDTH="17" VPOS="1365" HPOS="550"/>
							<String ID="string_308" HPOS="567" VPOS="1372" WIDTH="57" HEIGHT="21" WC="0.96" CONTENT="egna"/><SP WIDTH="19" VPOS="1372" HPOS="624"/>
							<String ID="string_309" HPOS="643" VPOS="1365" WIDTH="73" HEIGHT="21" WC="0.95" CONTENT="medel"/><SP WIDTH="20" VPOS="1365" HPOS="716"/>
							<String ID="string_310" HPOS="736" VPOS="1365" WIDTH="40" HEIGHT="21" WC="0.96" CONTENT="och"/><SP WIDTH="16" VPOS="1365" HPOS="776"/>
							<String ID="string_311" HPOS="792" VPOS="1371" WIDTH="46" HEIGHT="15" WC="0.97" CONTENT="som"/>
						</TextLine>
						<TextLine ID="line_36" HPOS="88" VPOS="1399" WIDTH="749" HEIGHT="28">
							<String ID="string_312" HPOS="88" VPOS="1401" WIDTH="80" HEIGHT="21" WC="0.92" CONTENT="valrätt"/><SP WIDTH="16" VPOS="1401" HPOS="168"/>
							<String ID="string_313" HPOS="184" VPOS="1402" WIDTH="51" HEIGHT="25" WC="0.93" CONTENT="äga,"/><SP WIDTH="16" VPOS="1402" HPOS="235"/>
							<String ID="string_314" HPOS="251" VPOS="1400" WIDTH="118" HEIGHT="26" WC="0.87" CONTENT="isynnerket"/><SP WIDTH="14" VPOS="1400" HPOS="369"/>
							<String ID="string_315" HPOS="383" VPOS="1399" WIDTH="68" HEIGHT="22" WC="0.92" CONTENT="borde"/><SP WIDTH="15" VPOS="1399" HPOS="451"/>
							<String ID="string_316" HPOS="466" VPOS="1400" WIDTH="83" HEIGHT="27" WC="0.91" CONTENT="lämpas"/><SP WIDTH="16" VPOS="1400" HPOS="549"/>
							<String ID="string_317" HPOS="565" VPOS="1400" WIDTH="28" HEIGHT="27" WC="0.96" CONTENT="på"/><SP WIDTH="16" VPOS="1400" HPOS="593"/>
							<String ID="string_318" HPOS="609" VPOS="1403" WIDTH="83" HEIGHT="24" WC="0.96" CONTENT="prester"/><SP WIDTH="15" VPOS="1403" HPOS="692"/>
							<String ID="string_319" HPOS="707" VPOS="1399" WIDTH="40" HEIGHT="21" WC="0.93" CONTENT="och"/><SP WIDTH="11" VPOS="1399" HPOS="747"/>
							<String ID="string_320" HPOS="758" VPOS="1399" WIDTH="79" HEIGHT="28" WC="0.93" CONTENT="kyrko-"/>
						</TextLine>
						<TextLine ID="line_37" HPOS="88" VPOS="1433" WIDTH="750" HEIGHT="27">
							<String ID="string_321" HPOS="88" VPOS="1435" WIDTH="85" HEIGHT="20" WC="0.95" CONTENT="herdar."/><SP WIDTH="31" VPOS="1435" HPOS="173"/>
							<String ID="string_322" HPOS="204" VPOS="1433" WIDTH="39" HEIGHT="22" WC="0.92" CONTENT="Om"/><SP WIDTH="22" VPOS="1433" HPOS="243"/>
							<String ID="string_323" HPOS="265" VPOS="1433" WIDTH="84" HEIGHT="22" WC="0.92" CONTENT="derföre"/><SP WIDTH="21" VPOS="1433" HPOS="349"/>
							<String ID="string_324" HPOS="370" VPOS="1434" WIDTH="29" HEIGHT="26" WC="0.96" CONTENT="på"/><SP WIDTH="20" VPOS="1434" HPOS="399"/>
							<String ID="string_325" HPOS="419" VPOS="1440" WIDTH="41" HEIGHT="15" WC="0.96" CONTENT="ena"/><SP WIDTH="20" VPOS="1440" HPOS="460"/>
							<String ID="string_326" HPOS="480" VPOS="1434" WIDTH="64" HEIGHT="21" WC="0.95" CONTENT="sidan"/><SP WIDTH="21" VPOS="1434" HPOS="544"/>
							<String ID="string_327" HPOS="565" VPOS="1434" WIDTH="70" HEIGHT="20" WC="0.93" CONTENT="måste"/><SP WIDTH="19" VPOS="1434" HPOS="635"/>
							<String ID="string_328" HPOS="654" VPOS="1433" WIDTH="132" HEIGHT="26" WC="0.91" CONTENT="medgifvas,"/><SP WIDTH="20" VPOS="1433" HPOS="786"/>
							<String ID="string_329" HPOS="806" VPOS="1435" WIDTH="32" HEIGHT="18" WC="0.96" CONTENT="att"/>
						</TextLine>
					</TextBlock>
				</ComposedBlock>
				<GraphicalElement ID="cblock_2" HPOS="1020" VPOS="1414" WIDTH="3" HEIGHT="341"></GraphicalElement >
			</PrintSpace>
		</Page>
	</Layout>
</alto>
