1023 1767
200 144 28 20 44

171 207 89 28 försvar,
283 207 29 21 då
334 206 97 22 deremot
453 206 79 22 sådant
555 207 91 22 nekades
669 207 79 21 honom
768 208 28 27 på
814 207 70 28 grund
900 207 26 22 af

171 241 107 28 tillägget.

240 275 209 28 Kontraktsprosten
467 275 79 22 doktor
561 275 157 28 Hertzberg
733 275 98 29 menade,
848 277 32 20 att
896 282 26 15 en

171 316 79 22 person
266 309 119 28 ingalunda
400 309 67 22 borde
483 309 78 22 endast
576 310 29 28 på
620 310 70 27 grund
705 310 67 28 deraf,
788 312 31 19 att
830 310 44 21 han
885 317 37 15 an-

172 345 51 27 sågs
239 344 75 27 vådlig
329 344 33 22 för
376 344 121 29 samhället,
513 345 74 21 kunna
602 344 115 22 försändas
732 345 32 21 till
780 345 91 22 allmänt
889 352 32 15 ar-

170 379 60 28 bete;
246 381 24 26 ty
286 378 92 22 sålunda
393 385 51 15 vore
460 379 86 27 ganska
560 379 41 21 lätt
617 381 32 19 att
664 379 70 22 afvisa
750 379 50 28 alla,
817 379 25 22 af
854 386 27 15 en
893 379 28 22 el-

170 413 32 22 ler
218 420 72 14 annan
306 413 66 22 orsak
386 413 143 28 misshagliga
544 413 41 22 och
600 413 89 28 sådane,
706 420 46 15 som
763 413 33 22 för
806 414 116 27 begångna

170 448 58 21 brott
248 447 78 22 utstått
349 447 37 22 sitt
406 447 68 22 straff.
503 447 85 22 Endast
608 455 34 14 om
658 448 27 21 de
701 448 123 22 sedermera
839 449 83 28 ytterli-

170 488 53 21 gare
241 481 77 22 visade
338 481 34 29 sig
385 481 96 29 vådliga,
498 482 66 22 borde
580 482 70 22 sådan
665 484 43 20 rätt
724 483 122 22 tillkomma
861 483 60 22 kom-

170 523 86 15 munen.

238 551 211 28 Kontraktsprosten
469 551 144 22 Stenbäck
634 552 120 28 anmärkte,
771 553 32 20 att
818 552 55 22 hans
889 559 32 15 re-

170 585 109 22 servation
293 585 74 28 gällde
382 585 78 22 endast
476 585 55 29 dem,
548 593 46 14 som
609 585 93 22 faktiskt
712 586 57 21 visat
780 586 34 28 sig
824 586 96 28 vådliga.

238 621 145 27 Domprosten
393 620 111 22 Renvall
516 620 106 27 erinrade,
634 622 32 20 att
676 621 37 21 det
723 621 116 22 förordade
850 621 71 28 tilläg-

170 656 37 25 get
218 654 84 28 jemväl
317 654 135 22 innefattade
468 662 108 21 personer,
593 661 46 15 som
654 655 58 21 hade
727 655 89 29 försvar,
834 656 40 22 och
890 657 32 20 att

170 688 37 22 det
223 688 87 23 således
325 689 49 21 icke
389 688 68 22 hörde
473 690 32 20 till
520 688 143 23 förevarande
680 689 68 28 fråga.

238 724 55 21 Herr
308 723 139 21 talemannen
460 723 135 22 framställde
606 723 54 22 härå
670 724 96 28 följande
778 724 142 28 proposition:

241 757 129 22 Godkänner
384 758 129 28 högvördiga
528 758 82 22 ståndet
624 757 16 30 $
655 758 28 22 20
696 759 64 28 enligt
770 760 108 20 utskottets
890 759 30 21 be-

171 793 107 21 tänkande
294 792 146 29 oförändrad,
461 793 51 21 eller
528 793 48 21 med
590 793 33 21 det
637 793 73 29 tillägg
726 794 195 28 kontraktsprosten

170 827 105 21 Stenbäck
284 827 130 29 föreslagit?
429 827 33 21 De
477 835 44 14 som
534 828 116 28 godkänna
665 828 70 21 denna
749 827 17 29 $
781 828 139 28 oförändrad,

170 870 66 13 svara
245 862 111 28 jakande;
372 862 24 20 de
411 869 44 13 som
470 862 67 21 önska
552 862 46 21 dess
610 862 120 29 antagande
740 863 48 21 med
797 864 124 21 omnämnde

171 896 79 29 tillägg,
266 904 68 18 svara
347 896 101 22 nekande.

237 931 59 21 Enär
314 930 77 22 härvid
411 930 54 22 efter
479 930 225 28 voteringssedlarnes
720 932 158 28 uppräknande
895 933 25 21 12

170 972 52 15 voro
240 964 101 29 jakande
364 964 40 22 och
422 965 47 22 lika
487 966 80 27 många
582 965 108 29 nekande,
705 966 104 28 framtogs
826 966 42 22 den
883 974 37 14 un-

170 1000 127 28 danlaggda
313 1000 75 21 sedeln
403 1000 41 22 och
459 1000 97 22 innehöll
572 1002 31 20 ett
618 1000 46 28 nej;
680 1001 33 21 till
728 1000 55 29 följd
798 1001 80 22 hvaraf
887 1002 33 22 så-

169 1034 61 22 ledes
253 1035 28 21 20
301 1036 13 25 8
335 1036 78 26 antogs
431 1035 50 21 med
500 1034 37 22 det
552 1034 25 22 af
589 1034 205 29 kontraktsprosten
809 1036 111 22 Stenbäck

169 1068 125 28 föreslagna
310 1069 106 27 tillägget.

237 1104 146 27 Domprosten
402 1104 73 27 Borg
489 1103 141 22 reserverade
646 1103 34 28 sig
695 1106 57 20 emot
768 1104 60 22 detta
842 1105 78 22 beslut.

237 1139 146 26 Domprosten
404 1138 131 25 Renvall,
559 1138 124 28 professorn
704 1139 156 22 Schauman
880 1140 40 21 och

168 1174 89 26 prosten
272 1173 20 21 J.
308 1173 16 20 I.
340 1172 91 27 Bergh
445 1172 91 29 yrkade,
552 1175 33 19 att
598 1173 190 27 bestämningarne
799 1174 31 21 uti
841 1174 79 27 ifråga-

168 1206 98 22 varande
280 1206 78 27 tillägg
373 1206 78 22 endast
465 1207 68 21 borde
548 1207 60 27 gälla
623 1207 151 22 försvarslösa.

237 1241 145 27 Domprosten
405 1241 87 27 Borgs
514 1241 54 21 härå
590 1241 78 28 gjorda
686 1241 91 28 förslag,
794 1243 32 20 att
841 1241 79 28 ifråga-

168 1275 80 21 komne
270 1275 79 27 tillägg
366 1275 8 20 i
393 1274 66 28 öfrigt
473 1275 58 28 finge
546 1275 90 28 qvarstå
650 1275 148 27 oförändradt,
813 1278 59 19 utom
888 1278 32 19 att

169 1309 77 20 orden:
269 1309 87 26 ,någon
378 1309 53 20 eller
454 1310 68 25 några
540 1310 58 20 inom
617 1309 143 21 kommunen"
777 1310 143 21 förändrades

168 1341 44 21 till:
230 1342 84 27 ,nägon
331 1342 52 21 eller
398 1343 69 26 några
480 1342 145 22 försvarslösa
635 1343 58 21 inom
704 1343 152 27 kommunen”,
867 1343 53 27 god-

169 1375 85 22 kändes
270 1375 25 22 af
308 1375 87 22 ståndet
411 1375 111 28 enhälligt.

236 1410 32 21 På
290 1409 122 23 framställd
434 1411 140 29 proposition,
598 1411 130 29 godkändes
744 1413 12 27 $
772 1413 26 21 21
813 1411 107 30 enhälligt

170 1445 67 30 enligt
252 1444 118 24 utskottets
385 1445 147 23 betänkande.
