1025 1753
210 131 41 21 700

177 196 51 27 jag,
250 195 46 21 lika
315 195 49 21 med
384 198 88 25 prosten
493 196 111 27 Alopzeus,
624 195 56 28 yrka
700 197 41 26 att,
757 195 47 21 ifall
821 198 32 19 tre
864 192 70 26 stånd

181 230 133 21 tillerkänna
333 230 144 26 brottslingen
495 230 25 20 så
539 231 45 19 stor
603 229 73 28 frihet,
697 236 47 15 som
760 230 106 21 utskottet
879 230 56 22 före-

183 264 76 28 slagit,
280 264 163 28 prestaståndet
464 264 36 28 då,
516 263 33 22 för
564 265 32 20 att
612 264 61 21 freda
689 264 38 21 sitt
747 266 107 26 samvete,
872 264 64 28 ingår

183 299 33 21 till
234 298 126 28 Majestätet
379 298 49 22 med
446 305 26 15 en
491 277 136 57 tinderdånig
648 298 103 22 anhållan
767 300 32 20 att
815 301 30 19 ett
859 299 24 21 så
899 299 36 21 be-

183 334 95 21 skäffadt
293 331 122 30 lagförslag
430 333 49 21 icke
496 334 66 20 måtte
576 333 160 22 sanktioneras.

250 369 90 21 Prosten
359 368 26 21 H.
404 367 95 22 Heikel
518 367 123 28 anmärkte,
658 369 33 20 att
711 367 37 22 det
767 374 52 15 vore
834 368 6 21 i
857 343 79 52 högsta

182 404 68 21 måtto
268 402 106 29 olyckligt
395 409 34 14 om
448 402 31 21 uti
500 409 26 14 en
542 402 28 21 'så
589 384 70 45 vigtig
678 402 41 21 sak
739 403 72 26 någon
828 409 107 15 samman-

178 437 117 29 jemkning
315 437 25 21 af
353 436 104 22 ståndens
473 436 129 28 skiljaktiga
619 436 70 22 beslut
705 437 19 27 ej
743 437 71 22 kunde
831 440 43 25 äga
889 444 47 15 rum

183 472 40 22 och
241 471 155 29 kyrkoplikten
415 471 32 21 till
462 471 54 28 följd
533 471 64 21 deraf
609 471 86 21 komme
711 473 33 19 att
759 472 89 27 qvarstå
863 472 73 21 såsom

183 514 26 15 en
224 506 201 29 legal-tvängsakt.
454 506 91 21 Prosten
560 505 57 22 hade
633 505 57 22 förut
706 506 77 21 uttalat
795 506 34 27 sig
840 506 95 22 tillräck-

183 542 40 27 ligt
246 541 3 22 i
270 541 73 22 denna
365 540 41 21 sak
427 540 39 21 och
487 540 69 27 ansåg
576 540 65 21 äfven
661 542 32 19 att
713 541 88 22 ståndet
822 541 18 28 ej
863 541 73 22 kunde

182 577 78 26 frångå
276 575 37 22 sitt
329 575 71 21 beslut
416 575 5 20 i
438 575 36 20 det
490 581 45 15 som
550 574 63 21 rörde
629 574 146 29 lifsprinciper
790 574 33 22 för
839 575 95 29 kyrkan,

182 618 49 15 men
251 610 75 29 tyckte
345 609 56 22 dock
418 611 31 19 att
465 609 87 22 ståndet
566 608 34 22 för
615 609 82 22 fridens
713 609 57 22 skull
786 609 74 22 kunde
875 609 60 28 gifva

182 645 50 22 med
248 645 34 27 sig
297 645 7 20 i
320 644 95 22 bisaker.
446 643 96 22 Sålunda
558 643 83 28 kunde,
658 644 68 27 enligt
741 646 100 25 prostens
857 643 78 30 tanke,

184 679 91 27 afgiften
293 679 34 20 till
346 678 86 28 kyrkan
448 677 105 22 afskaffas
569 677 39 21 och
625 677 19 28 ej
661 678 68 21 heller
745 679 70 20 skulle
831 679 67 27 nägot
913 679 26 21 af

183 713 97 29 kyrkans
300 714 43 19 rätt
359 712 125 27 eftergifvas
500 719 33 14 om
550 711 87 22 ståndet
654 714 81 26 antoge
757 713 5 20 1
779 720 63 14 mom.
857 713 25 21 af
894 714 11 20 2
922 715 13 25 $

184 748 68 27 enligt
267 746 118 23 utskottets
400 746 150 28 betänkande,
566 752 49 14 men
630 746 97 22 deremot
739 746 18 28 ej
769 747 65 27 ginge
846 749 31 19 ett
887 749 50 25 steg

184 782 82 27 längre.
282 776 10 38 -
297 781 131 27 Derigenom
448 780 70 22 blefve
538 780 50 21 icke
604 781 12 20 5
633 782 13 25 &
662 781 12 20 3
691 780 50 29 kap.
756 781 27 21 M.
799 782 24 21 B.
840 782 97 27 upphäfd

184 816 40 22 och
240 815 173 27 likstämmighet
428 815 7 21 i
450 814 104 23 ståndens
568 814 72 22 beslut
651 814 74 23 kunde
735 816 105 27 möjligen
851 817 84 21 vinnas.

252 886 115 26 Emottogs
387 892 27 14 en
434 863 125 49 depiatatiön
579 884 48 22 från
646 884 120 28 höglofliga
784 885 153 29 ridderskapet

184 922 41 21 och
240 920 75 28 adeln,
332 920 78 21 anförd
425 920 25 20 af
462 920 89 21 friherre
567 920 118 27 Carpelan,
701 927 46 14 som
757 920 130 22 meddelade
899 927 36 15 un-

186 937 129 41 derrättelse
335 961 35 15 om
391 954 110 22 särskilda
519 954 7 22 i
547 954 37 22 det
604 954 119 28 höglofliga
742 954 88 22 ståndet
851 954 85 22 fattade

184 990 82 27 beslut,
284 990 56 21 samt
355 988 75 28 inbjöd
447 989 32 21 till
495 988 133 28 deltagande
644 989 6 21 i
666 989 99 22 ständets
776 989 71 22 beslut
858 989 78 22 beträf-

183 1025 67 21 fande
267 1024 84 27 nådiga
368 1023 163 28 propositionen
549 1023 115 28 angående
686 1023 251 23 donationshönderne'i

185 1059 101 26 Wiborgs
301 1059 44 20 län.

253 1093 73 22 Sedan
347 1092 155 28 deputationen
521 1092 109 27 aflagsnat
649 1093 33 27 sig
700 1093 83 21 beslöts
803 1095 31 19 att
849 1093 86 27 inbjud-

184 1128 81 27 ningen
284 1127 71 22 skulle
375 1127 24 21 af
414 1127 162 28 prestaständet
595 1129 63 25 tagas
675 1127 70 21 under
765 1127 101 28 pröfning
882 1127 54 22 efter

184 1162 36 21 det
236 1161 200 29 protokollsutdrag
451 1161 75 21 hunnit
536 1161 64 27 ingå.

253 1231 145 27 Domprosten
418 1230 78 21 doktor
514 1210 69 47 Borg
597 1230 98 28 yttrade:
712 1230 43 27 Jag
771 1230 38 21 har
825 1230 71 28 aldrig
912 1232 25 20 så

185 1268 62 25 tungt
266 1266 68 20 kännt
354 1264 44 22 min
417 1264 111 28 oförmåga
548 1266 32 19 att
600 1266 43 20 rätt
659 1264 115 22 framhålla
790 1271 26 15 en
833 1265 40 21 sak
889 1272 47 14 som

184 1306 35 15 nu.
250 1300 33 20 De
303 1299 24 19 af
344 1299 203 25 kontraktsprosten
567 1299 61 20 Sirén
642 1299 47 28 och
706 1300 88 25 prosten
810 1298 78 21 Heikel
905 1301 31 19 ut-

185 1333 73 21 talade
278 1332 82 27 åsigter
375 1333 77 25 utgöra
468 1332 27 20 de
510 1334 94 25 yttersta
619 1332 170 27 divergenserna
804 1332 57 21 inom
878 1333 58 21 stån-

185 1368 44 22 det:
258 1366 210 28 Kontraktsprosten
488 1366 62 22 Sirén
568 1366 45 28 har,
630 1373 34 14 om
676 1366 42 28 jag
733 1367 84 21 minnes
832 1369 54 26 rätt,
902 1374 34 20 yr-

185 1403 39 20 kat
239 1403 32 19 att
290 1400 87 22 ståndet
393 1401 128 26 obetingadt
536 1401 66 21 måtte
617 1401 106 22 vidblifva
739 1401 38 21 sitt
793 1401 57 22 förra
866 1402 71 21 beslut

186 1437 40 22 och
240 1436 46 22 låta
302 1435 70 22 saken
387 1435 33 22 för
435 1435 65 28 öfrigt
514 1436 66 22 hafva
595 1436 33 21 sin
644 1436 65 29 gång.
739 1429 36 40 Jag
789 1433 53 31 tror
858 1436 77 23 visser-
