1017 1767
204 126 42 22 310

176 190 116 28 styrelsen,
311 184 25 28 så
351 189 57 22 hade
423 189 153 29 kyrkoherden
592 189 65 22 deraf
670 189 19 28 ej
707 195 83 16 samma
805 189 123 23 erfarenhet

177 232 46 15 som
247 224 42 22 den
311 224 134 28 föregående
468 224 91 21 talaren.
589 224 133 27 Visserligen
746 230 39 16 var
806 224 119 28 kyrkoher-

178 260 53 21 dens
254 258 128 28 församling
403 258 64 29 liten,
491 265 48 15 men
563 258 25 22 sä
610 258 57 22 hade
690 258 43 22 han
756 258 41 22 ock
821 258 18 28 ej
856 258 71 22 funnit

177 294 61 21 detta
249 293 188 28 ordförandeskap
448 294 25 20 så
484 294 68 27 svårt,
565 300 45 14 som
621 292 101 22 bemälde
731 292 76 22 talare.
823 294 103 20 Tvärtom

177 328 63 29 hyste
256 328 152 28 kyrkoherden
424 328 42 22 den
482 328 172 28 öfvertygelsen,
671 329 32 20 att
719 327 210 29 ordförandeskapet

177 363 8 21 i
202 362 239 28 fattigvårdsstyrelsen
464 369 52 15 vore
538 362 52 22 vida
612 362 79 22 lättare
713 364 32 20 att
760 362 125 22 handhafva
900 365 29 19 än

179 404 84 15 samma
278 397 122 28 befattning
415 397 7 21 i
438 397 218 28 kommunalvården,
672 397 147 29 synnerligast
833 404 33 14 om
881 397 47 22 ord-

177 432 107 21 föranden
305 431 58 22 hade
384 438 26 15 en
428 432 86 27 pålitlig
529 432 84 21 kassör.
643 432 42 21 För
696 432 33 21 sin
740 432 35 21 del
786 432 52 21 ville
849 432 80 28 kyrko-

178 466 82 22 herden
281 465 57 23 dock
356 466 19 28 ej
392 469 104 19 motsätta
512 467 34 28 sig
561 466 43 22 den
619 466 168 28 ifrågavarande
803 466 125 29 petitionen.

246 500 128 23 Professorn
390 501 145 22 Schauman
551 501 122 28 anmärkte,
690 501 6 22 i
713 501 119 28 anledning
846 501 25 22 af
879 501 49 29 kyr-

178 535 112 22 koherden
316 536 138 28 Rosengrens
477 535 112 30 yttrande,
613 537 31 20 att
667 535 78 22 endast
767 536 161 28 prestaståndet

178 570 89 23 beslutit
290 572 32 20 att
345 571 27 21 de
394 571 130 21 omnämnde
547 571 174 28 tjenstemännen
738 571 71 22 skulle
825 577 52 16 vara
891 571 37 22 be-

177 605 70 22 friade
262 605 47 22 från
325 604 210 29 ordförandeskapet
554 606 3 21 i
572 605 245 28 kommunalnämnden,
840 605 46 22 ifall
901 605 27 22 de

179 640 25 21 så
227 639 109 29 önskade,
359 646 48 16 men
430 641 32 20 att
486 640 96 21 deremot
605 639 27 22 de
652 639 68 29 öfrige
736 639 93 23 stånden
845 640 7 21 i
868 640 61 22 detta

179 674 104 22 afseende
301 674 113 27 godkännt
433 674 41 22 den
491 674 119 28 kejserliga
626 674 172 29 propositionen,
815 677 56 20 samt
887 677 41 26 att,

179 708 104 23 ehuruväl
300 709 98 28 bestyret
416 709 50 21 med
481 708 147 28 fattigvården
644 709 61 22 såväl
721 709 7 21 i
745 709 46 22 små
807 709 121 22 församlin-

178 749 48 21 gar,
240 749 47 16 som
300 743 7 22 i
321 743 119 22 allmänhet
453 743 7 21 i
474 743 66 22 södra
554 743 103 28 Finland,
669 743 50 22 icke
730 751 52 14 vore
792 743 33 22 för
836 745 92 27 prester-

178 778 79 27 skapet
277 778 25 21 så
323 778 58 21 svårt
402 777 39 22 och
462 777 130 29 tryckande,
613 777 107 22 utskottet
740 778 57 22 dock
818 778 7 21 i
841 778 87 22 betrak-

179 812 66 22 tande
265 811 70 29 deraf,
352 814 32 19 att
399 812 147 22 förhållandet
560 819 52 15 vore
627 812 45 22 helt
688 814 67 20 annat
770 813 7 21 i
793 812 27 23 de
835 813 95 21 folkrika

177 846 184 28 församlingarne
379 847 5 21 i
401 853 64 15 norra
481 847 40 21 och
536 849 60 19 östra
612 847 88 21 delarne
716 847 25 21 af
753 847 85 28 landet,
855 850 72 19 ansett

178 881 34 28 sig
227 881 54 22 -böra
295 881 109 28 tillstyrka
420 881 216 28 petitionsförslaget.

245 915 92 22 Prosten
360 915 42 22 Jul.
425 915 60 22 Imm.
509 915 83 28 Bergh
615 915 108 22 instämde
743 916 6 21 i
765 917 43 21 allo
824 916 7 21 i
846 916 82 29 profes-

179 957 50 15 sorn
249 949 135 23 Schaumans
404 949 112 29 yttrande,
536 957 49 14 men
609 950 50 21 ville
675 950 73 22 dertill
764 953 57 20 ännu
837 951 92 28 tillägga

179 986 32 20 att
221 984 97 29 ståndet,
330 984 37 21 vid
377 985 77 27 frågan
464 991 35 15 om
510 984 286 28 kommunalförvaltningen
807 985 30 28 på
844 985 84 27 landet,

179 1019 126 22 tillerkännt
321 1019 156 22 kommunerna
492 1019 104 28 rättighet
607 1021 32 20 att
650 1019 54 22 söka
715 1019 94 22 anstånd
821 1020 49 21 med
881 1020 47 21 ord-

179 1054 82 21 nandet
277 1054 25 21 af
314 1054 285 27 kommunalförvaltningen
615 1053 7 22 i
638 1053 226 23 öfverensstämmelse
879 1055 50 21 med

180 1088 41 22 den
245 1087 124 29 föreslagna
391 1088 164 28 förordningen,
580 1090 55 20 samt
658 1090 32 20 att
713 1088 36 22 det
772 1088 87 22 således
877 1096 51 15 vore

180 1122 68 22 ovisst
270 1123 54 22 huru
347 1122 64 28 länge
434 1123 263 28 fattigvårdsstyrelserna
720 1123 87 22 komme
829 1125 32 20 att
875 1130 54 15 vara

180 1157 155 28 organiserade
361 1157 28 27 pä
416 1163 83 16 samma
529 1159 44 20 sätt
602 1164 45 15 som
678 1157 114 22 härintills.
822 1158 108 27 Föröfrigt

180 1191 114 21 anmärkte
317 1193 87 26 prosten
426 1193 45 20 mot
493 1191 152 28 kyrkoherden
664 1192 139 27 Rosengrens
821 1191 107 29 yttrande,

180 1227 32 20 att
232 1225 121 22 detsamma
366 1225 98 22 vittnade
480 1233 34 14 om
531 1233 26 14 en
572 1225 123 28 fullkomlig
711 1226 152 28 obekantskap
879 1227 49 21 med

178 1259 167 22 förhållandena
367 1259 57 22 inom
447 1260 180 28 församlingarne
649 1260 7 21 i
678 1260 27 22 de
728 1267 64 15 norra
811 1261 40 21 och
870 1264 59 19 östra

180 1293 89 22 delarne
291 1294 25 21 af
336 1294 80 21 landet.
448 1295 44 20 Det
514 1295 80 21 minsta
613 1295 101 21 besväret
729 1295 143 20 förorsakade
888 1295 40 20 för-

180 1326 104 22 delandet
304 1326 25 22 af
345 1327 180 28 fattigbidragen,
546 1334 50 15 men
611 1328 96 22 deremot
722 1334 51 16 vore
790 1327 27 22 de
832 1328 95 28 hjelpbe-

179 1361 120 22 höfvandes
315 1362 81 28 spräng
411 1364 57 20 samt
483 1361 131 23 afhörandet
630 1362 24 22 af
667 1362 63 22 deras
746 1362 127 28 klagovisor
888 1362 40 23 och

180 1396 105 28 anspråk,
309 1399 57 19 samt
387 1396 175 29 beskyllningar,
586 1396 28 22 dä
637 1397 124 29 anspråken
784 1397 19 28 ej
827 1398 102 22 tillfreds-
