1020 1792
769 121 40 23 575

92 188 139 30 anläggande
251 189 25 22 af
292 196 44 22 nya
354 188 305 24 kommunikationsanstalter
674 189 57 21 samt
746 188 33 22 till
795 190 44 20 sär-

91 225 73 22 skilda
180 224 69 22 andra
262 224 167 29 allmännyttiga
444 224 90 28 företag.

159 259 139 22 Beträffande
314 266 63 15 mom.
393 260 12 20 1
421 258 87 29 yttrade
524 258 34 28 sig
572 258 54 22 först

159 294 145 28 Domprosten
320 293 119 28 Renvall,
456 299 46 16 som
518 293 69 27 ansåg
601 292 43 22 den
659 291 127 29 förändring
800 291 40 23 här

92 329 54 22 böra
161 331 73 25 göras,
251 331 33 19 att
299 328 42 22 den
357 328 33 22 för
405 327 124 22 folkskolan
545 327 68 28 nödig
627 326 99 23 ansedda
741 333 98 16 summan

93 363 70 23 skulle
182 363 93 28 beviljas
295 365 32 20 att
342 363 62 29 utgå,
427 362 49 23 icke
492 363 73 22 såsom
580 361 107 22 utskottet
701 361 114 28 föreslagit
833 361 8 22 i

93 401 32 19 tre
148 398 36 22 års
205 397 40 30 tid,
265 400 53 20 utan
336 398 57 21 intill
412 397 46 22 året
477 397 54 22 efter
548 397 36 22 det
603 397 65 21 nästa
686 396 107 28 landtdag
810 396 30 22 af-

94 433 85 22 slutats.

161 467 91 22 Prosten
276 467 134 27 Grönberg
432 467 114 22 anmärkte
568 466 107 29 häremot,
698 468 33 20 att
750 465 91 23 hufvud-

94 508 97 16 summan
208 502 126 28 derigenom
349 502 86 22 komme
450 504 32 19 att
497 502 89 25 rubbas,
603 503 56 20 samt
675 503 32 20 att
727 501 37 22 det
782 501 59 22 dess-

93 539 59 20 utom
167 536 57 23 förut
239 537 63 22 alltid
318 536 56 23 varit
388 537 84 28 vanligt
488 539 32 20 att
537 536 76 29 dylika
628 536 145 28 bevillningar
787 535 56 28 gällt

94 571 48 22 från
157 571 91 28 riksdag
261 572 33 21 till
309 571 97 28 riksdag.

162 607 91 22 Prosten
277 606 25 22 H.
327 606 95 23 Heikel
441 607 69 27 ansåg
530 606 39 23 allt
588 605 50 23 skäl
658 613 52 15 vara
731 608 32 20 att
783 606 59 22 bibe-

95 642 59 21 hålla
175 641 42 22 den
237 641 25 22 af
279 641 106 22 utskottet
404 641 126 28 föreslagna
551 641 60 22 tiden
630 641 33 22 för
679 641 66 22 dessa
759 639 84 24 medels

95 677 117 27 utgående.

163 713 92 20 Prosten
276 711 121 29 Alopeus
419 712 86 29 yttrade
528 711 38 22 det
587 713 98 28 prosten,
700 711 38 23 vid
753 711 89 28 frågans

96 746 135 29 behandling
245 747 26 21 af
283 749 157 20 sammansatta
460 749 64 20 stats-
540 746 40 23 och
594 747 249 28 bevillningsutskottet,

97 782 56 22 varit
173 781 24 22 af
215 788 72 14 annan
307 782 88 27 mening
414 785 27 18 än
460 782 139 28 pluraliteten
615 781 25 22 af
652 782 117 21 utskottets
784 781 59 22 leda-

97 818 74 25 möter,
189 816 66 21 eburu
270 819 87 24 prosten
374 816 18 28 ej
410 818 120 21 reserverat
544 817 34 27 sig
592 818 57 20 emot
664 816 100 22 beslutet.
794 817 50 21 Pro-

98 853 48 20 sten
166 851 62 28 hyste
249 850 28 22 då
297 851 40 22 och
357 858 29 15 nu
406 851 132 28 fullkomligt
553 858 83 15 samma
652 851 57 27 åsigt
724 857 47 16 som
787 851 58 22 dom-

97 887 89 27 prosten
201 885 101 29 Renvall,
319 888 52 19 enär
382 886 185 28 omständigheter
577 885 73 23 kunde
660 885 96 29 inträffa,
771 885 75 23 hvilka

97 920 77 29 gjorde
197 921 213 21 sammankallandet
435 920 24 22 af
476 921 86 22 landets
581 920 90 23 ständer
691 920 33 22 till
738 920 109 29 landtdag

99 955 54 22 efter
173 958 32 18 tre
225 955 25 21 år
270 955 104 28 omöjligt.
404 956 78 21 Denna
500 963 28 15 nu
544 954 168 29 ifrågavarande
727 955 120 28 bevillning

98 990 67 22 borde
189 990 93 28 derföre,
306 991 71 21 sågom
400 990 137 28 domprosten
552 990 93 22 Renvall
665 990 121 28 föreslagit,
810 990 36 22 be-

99 1028 104 19 stämmas
224 1026 32 20 att
276 1026 52 27 utgå
348 1025 32 21 till
396 1025 46 21 året
458 1024 55 23 efter
528 1024 37 22 det
580 1027 64 19 nästa
659 1024 108 28 landtdag
781 1024 65 22 afslu-

99 1062 54 26 tats,
169 1059 29 28 på
213 1059 37 22 det
265 1066 50 15 man
332 1060 18 28 ej
368 1058 92 23 behöfde
476 1060 76 22 befara
568 1061 32 19 att
615 1058 126 23 folkskolan
756 1059 25 21 af
793 1058 54 23 brist

99 1095 29 27 på
146 1094 71 22 medel
238 1094 104 28 möjligen
362 1094 70 22 skulle
450 1094 88 23 komma
553 1096 32 20 att
600 1094 99 22 bämmas
714 1094 7 22 i
736 1094 34 22 sin
785 1094 62 22 verk-

100 1128 91 22 samhet.

167 1164 92 22 Prosten
274 1163 138 22 Hackzell:
429 1163 77 23 Såsom
520 1163 97 23 ledamot
632 1163 7 21 i
651 1162 197 23 ekonomieutskot-

100 1200 32 20 tet
153 1198 33 21 får
205 1198 41 28 jag
264 1198 103 29 upplysa,
389 1200 32 20 att
439 1206 50 14 man
504 1199 7 21 i
527 1198 94 22 nämnde
640 1198 83 22 utskott
741 1198 108 21 beräknat

103 1233 41 21 den
161 1232 40 22 här
213 1233 126 28 föreslagna
354 1240 98 15 summan
468 1240 52 15 vara
534 1232 120 29 tillräcklig
670 1232 54 22 blott
738 1232 68 22 under
822 1231 27 22 de

102 1270 32 19 tre
149 1267 68 23 första
232 1268 61 28 åren,
309 1268 113 22 hvaremot
436 1275 52 15 man.
503 1268 19 28 ej
535 1269 52 20 trott
598 1269 32 20 att
641 1267 126 22 densamma
778 1266 71 22 skulle

101 1302 66 22 förslå
183 1302 68 22 sedan
266 1302 126 22 folkskolan
407 1304 62 20 varat
483 1309 27 15 en
524 1302 75 28 längre
616 1302 41 28 tid,
677 1301 120 22 allraminst
812 1308 37 15 un-

103 1337 38 21 der
156 1337 29 22 tio
202 1338 29 28 år,
249 1344 45 15 som
309 1337 31 22 uti
356 1337 43 22 den
412 1337 119 28 kejserliga
541 1336 163 29 propositionen
714 1336 135 29 föreslagits,

102 1372 92 22 emedan
211 1372 109 22 behofven
339 1372 84 22 ökades
442 1372 34 22 för
494 1372 76 28 hvarje
593 1372 24 21 år
637 1371 47 22 dels
704 1377 78 22 genom
797 1370 53 23 aflö-

101 1407 72 22 nande
190 1407 24 21 af
227 1407 38 21 det
280 1410 68 18 större
364 1407 60 21 antal
438 1407 78 27 lärare,
534 1413 46 15 som
591 1406 71 22 blefve
673 1405 113 29 behöfligt,
803 1406 47 22 dels
