1023 1767
787 129 27 20 43

158 194 210 28 Kontraktsprosten
389 193 78 22 doktor
486 194 151 28 Europxus
657 193 114 22 anmärkte
789 194 55 21 härä

89 229 6 21 i
112 228 103 22 afseende
230 229 13 20 ä
259 230 10 24 $
287 230 32 26 13,
336 230 32 19 att
382 228 224 28 kronobetjeningens
620 228 40 21 och
672 228 170 28 kommunalsty-

90 263 83 21 relsens
187 262 137 28 befogenhet,
344 262 135 22 beträffande
494 262 142 22 utfärdandet
651 262 25 21 af
688 263 116 27 resebetyg
820 263 23 20 ät

89 296 151 28 försvarslösa,
263 296 75 22 hvilka
361 296 99 21 önskade
483 296 72 22 afresa
573 296 48 21 frän
636 296 138 28 kommunen,
790 299 52 19 utan

90 333 32 19 att
144 330 104 28 medtaga
270 331 75 21 hustru
366 330 52 22 eller
436 330 60 28 barn,
517 330 66 22 borde
599 332 100 20 närmare
714 331 127 27 begränsas,

90 365 92 21 emedan
203 365 65 22 dessa
287 365 151 28 myndigheter
459 364 76 22 dervid
550 364 74 22 kunde
640 364 55 22 råka
709 365 8 21 i
732 365 110 21 kollision.

90 400 122 28 Brydsama
228 400 151 22 förhällanden
393 399 73 22 kunde
482 400 85 28 uppstå,
584 406 34 14 om
632 399 211 28 kronobetjeningen

89 434 117 22 utfärdade
222 435 116 28 resebetyg
353 434 22 21 ät
390 434 150 28 försvarslösa,
557 434 74 21 hvilka
641 434 101 22 lemnade
753 434 48 22 sina
812 434 31 21 fa-

90 469 71 28 miljer
176 469 156 28 församlingen
348 469 32 21 till
396 469 50 21 last.

158 504 55 21 Herr
231 504 140 21 talemannen
390 503 136 28 hemställde,
543 503 106 22 huruvida
663 504 13 21 å
691 503 94 22 doktorn
800 504 42 21 Eu-

90 538 89 27 ropeus'
199 538 138 22 förestående
357 538 146 27 anmärkning
521 545 95 20 numera,
633 538 67 22 sedan
718 539 26 20 13
760 539 13 26 &
790 538 52 21 alla-

90 572 68 22 redan
174 573 71 21 blifvit
260 573 25 21 af
298 572 87 22 ständet
400 572 110 28 godkänd,
528 572 67 21 borde
611 572 76 22 hafvas
703 572 111 22 afseende.

158 607 209 28 Kontraktsprosten
389 607 101 22 Hellön
511 606 92 22 menade
624 609 31 19 att
676 607 93 27 ändring
789 607 53 21 kun-

91 641 27 22 de
134 641 46 22 ske.

158 677 91 21 Prosten
264 676 130 27 Alopxus
409 683 39 14 var
464 676 24 21 af
501 682 84 15 samma
600 676 93 27 mening.

159 711 160 28 Kyrkoherden
336 711 119 21 Castrén
469 709 115 23 likaledes.

159 745 31 22 På
209 745 25 21 af
248 745 50 21 herr
314 745 139 22 talemannen
468 744 123 23 framställd
606 745 140 28 proposition,
760 745 83 22 beslöts

91 779 49 22 med
162 779 110 22 obestridd
292 779 116 28 pluralitet,
430 781 32 20 att
480 779 151 28 ifrågakomne
647 781 13 25 $
675 779 68 22 borde
759 779 84 22 oförän-

92 813 54 22 drad
162 814 94 27 gvarstä,
274 813 69 22 sädan
359 814 42 21 den
417 813 25 22 af
454 813 88 22 ständet
557 813 71 22 blifvit
644 815 101 26 antagen.

160 849 28 26 88
210 849 24 20 15
254 848 40 21 och
315 850 25 19 16
356 848 17 29 (i
388 849 12 20 5
416 847 103 29 kapitlet)
535 850 56 20 samt
607 849 32 27 17,
657 849 26 20 18
699 848 41 21 och
757 849 25 21 19
799 848 15 29 (i
832 850 11 20 6

91 883 103 28 kapitlet)
210 882 136 29 godkändes,
362 883 29 28 pä
406 883 24 20 af
441 883 49 20 herr
501 883 138 21 talemannen
650 882 136 22 framställde
796 890 48 21 pro-

91 917 125 28 positioner,
238 917 106 28 enhälligt
362 918 7 21 i
386 917 96 28 enlighet
496 917 51 22 med
562 917 117 22 utskottets
695 917 147 22 betänkande.

159 951 43 22 Vid
216 951 63 28 fräga
294 959 34 14 om
346 954 12 25 $
374 953 34 27 20,
423 951 87 29 yttrade

159 986 210 29 Kontraktsprosten
385 987 144 21 Stenbäck:
549 986 40 22 Om
605 986 135 28 högvördiga
755 987 88 22 ständet

92 1021 64 28 gillar
171 1021 44 21 min
230 1021 134 22 reservation
381 1023 57 19 emot
454 1021 118 22 utskottets
586 1021 147 28 betänkande,
745 1021 24 22 sä
781 1028 64 15 anser

88 1056 42 27 jag
145 1057 32 20 att
192 1055 39 22 här
246 1056 73 21 kunde
335 1056 86 27 intagas
436 1056 59 21 hvad
511 1055 46 22 deri
573 1055 131 28 föreslagits.

160 1090 159 28 Kyrkoherden
340 1091 111 21 Castrén
471 1090 117 22 förordade
604 1091 135 26 antagandet
754 1091 26 20 af
792 1091 52 21 kon-

92 1125 160 27 traktsprosten
268 1125 124 21 Stenbäcks
402 1125 33 21 till
446 1125 72 21 denna
529 1126 13 25 $
553 1124 125 27 föreslagna
689 1125 87 28 tillägg,
788 1125 57 21 dock

92 1159 49 22 med
157 1159 127 28 förändring
300 1159 30 21 af:
356 1159 58 26 ,alla
433 1159 154 28 röstägande*,
608 1159 42 21 till:
675 1160 101 28 ,flertalet
791 1161 53 20 röst-

93 1193 106 28 ägande."

161 1228 209 28 Kontraktsprosten
392 1229 79 22 doktor
490 1229 152 27 Europxus
657 1229 117 27 godkände
790 1229 55 21 före-

93 1263 97 21 varande
213 1264 21 26 $,
259 1265 56 19 samt
338 1263 114 22 anmärkte
473 1265 57 20 emot
551 1263 37 21 det
603 1263 25 21 af
641 1263 204 27 kontraktsprosten

94 1297 112 22 Stenbäck
220 1298 125 26 föreslagna
360 1298 107 27 tillägget,
484 1300 32 19 att
531 1297 121 22 detsamma
668 1297 136 21 innefattade
818 1304 27 15 en

93 1332 133 27 motsägelse
242 1332 33 20 till
290 1332 166 28 bestämningen
472 1332 7 21 i
490 1332 42 21 den
543 1332 119 27 kejserliga
672 1332 174 28 propositionen;

93 1368 24 26 ty
132 1366 40 21 här
187 1366 120 27 stadgades
323 1368 32 19 att
364 1367 130 21 försvarslös
504 1373 85 21 person,
601 1366 7 21 i
619 1366 226 22 öfverensstämmelse

94 1400 50 21 med
166 1400 144 21 kommunens
334 1400 90 28 önskan,
448 1400 74 21 kunde
545 1400 88 28 åläggas
654 1400 71 20 skaffa
745 1400 34 25 sig
794 1400 51 26 laga
