1025 1756
780 124 40 23 779

96 194 63 29 vård;
179 200 50 16 men
246 192 92 23 hvarvid
357 192 106 23 utskottet
482 198 66 23 synes
562 192 67 22 hafva
644 192 82 22 lemnat
742 199 25 15 ur
781 191 66 30 sigte,

96 231 32 20 att
144 230 83 21 statens
242 228 40 22 och
299 228 98 28 kyrkans
411 226 98 24 väsende
526 226 40 23 och
580 226 50 23 hela
641 227 138 27 lagstiftning
789 226 60 23 hvila

95 264 30 27 på
148 263 46 21 helt
213 262 59 22 olika
292 262 117 28 principer,
429 261 101 22 hvarföre
550 261 20 28 ej
592 261 68 22 heller
678 261 96 29 kyrkan,
796 264 51 20 utan

96 300 32 19 att
142 297 45 22 helt
203 297 39 21 och
257 296 69 22 hållet
340 296 144 22 underkänna
499 296 35 22 sin
549 302 55 21 egen
619 295 124 29 betydelse,
760 296 44 22 kan
820 296 29 27 gå

96 332 22 22 in
138 332 28 28 på
186 333 31 20 att
237 330 111 28 medgifva
366 330 35 28 sig
419 330 65 22 hafva
499 330 108 28 uppoffrat
623 330 33 22 sin
672 330 177 28 sjelfständighet

96 366 55 22 blott
174 366 136 28 derigenom,
333 367 32 19 att
387 365 42 22 hon
451 365 46 22 fritt
520 365 114 28 emottagit
654 364 37 22 det
706 366 57 27 yttre
779 364 69 29 hägn,

96 404 82 24 staten,
200 401 7 21 i
228 400 96 27 enlighet
343 399 50 23 med
413 399 50 23 dess
479 399 153 29 egendomliga
647 399 154 23 bestämmelse
817 401 32 20 att

96 436 59 22 vaka
176 435 59 22 öfver
254 434 41 22 den
317 434 112 22 allmänna
447 436 58 26 yttre
527 434 121 28 ordningen
668 434 6 21 i
696 434 29 21 all
741 434 108 28 mensklig

97 469 183 28 sammanlefnad,
300 469 50 22 icke
366 469 84 22 kunnat
464 469 115 22 underlåta
594 471 33 20 att
640 468 65 23 äfven
721 469 22 21 åt
764 469 85 28 kyrkan

97 503 97 29 erbjuda.
224 503 60 22 Blott
303 503 56 22 ifrån
380 511 26 14 en
427 503 69 22 sådan
516 503 120 28 synpunkt,
657 503 38 22 der
709 503 86 28 kyrkan
812 503 35 22 be-

97 538 94 28 traktas,
209 538 24 21 så
249 540 32 19 att
297 540 65 25 säga,
379 545 46 14 som
441 539 32 20 ett
488 537 153 28 integrerande
657 539 96 20 moment
767 538 6 21 i
786 539 64 20 stats-

97 573 108 27 kroppen,
225 572 44 21 kan
290 579 49 14 man
359 572 7 21 i
384 572 70 21 likhet
475 572 49 21 med
539 571 58 22 hvad
613 578 45 15 som
675 572 60 21 skett
749 572 8 21 i
773 572 74 21 betän-

96 606 92 29 kandet,
212 606 98 22 förvexla
330 607 125 27 begreppen
476 606 184 29 lokalförsamling
680 606 40 21 och
742 607 107 27 kommun,

97 641 25 22 af
141 641 75 22 hvilka
238 640 43 23 den
304 641 58 22 förra
383 641 47 21 lika
453 641 163 28 ovedersägligt
639 642 63 26 utgör
725 647 26 15 en
773 641 35 21 del
828 641 25 22 af

97 675 95 29 kyrkan,
216 681 46 16 som
285 675 41 22 den
351 681 76 16 senare
451 682 26 15 en
501 675 35 21 del
561 675 25 21 af
605 677 78 19 staten.
714 675 59 22 Blott
794 675 55 22 ifrån

97 710 72 22 denna
190 710 111 28 synpunkt
323 710 44 21 kan
387 717 50 14 man
457 709 103 22 betrakta
580 716 46 15 som
646 716 27 15 en
694 709 86 28 afgjord
799 709 50 29 sak,

97 746 32 20 att
145 747 72 20 staten
232 744 40 22 har
286 744 128 29 myndighet
430 746 31 21 att
472 745 122 21 bestämma
605 743 59 23 öfver
675 744 98 28 kyrkans
785 751 63 20 egen-

97 779 50 22 dom
168 779 50 28 och,
240 781 51 20 utan
312 781 32 20 att
363 786 56 21 egna
436 786 27 15 en
479 779 59 22 blick
554 779 22 21 åt
592 778 43 22 den
650 779 87 22 kristna
752 779 96 29 kyrkan,

97 814 51 22 dess
164 813 153 28 egendomliga
337 813 128 28 rättigheter
483 814 52 21 eller
552 814 50 21 dess
618 813 93 22 faktiskt
721 813 129 22 förhanden-

96 849 97 21 varande
213 849 220 28 lokalförsamlingar,
454 849 97 21 förklara
571 847 50 22 med
641 848 108 22 utskottet
765 850 40 26 att,
821 848 28 21 då

96 883 131 22 kommunen
247 883 93 22 erhåller
359 883 33 21 sin
410 883 139 28 berättigade
568 883 86 21 tillvaro
670 889 78 21 genom
765 885 84 20 statens

96 917 142 22 erkännande
264 917 39 22 och
330 917 29 22 då
381 917 143 22 kommunens
546 917 73 22 likaså
640 917 139 27 ovillkorliga
803 924 46 15 som

96 952 80 28 högsta
195 951 118 28 förnuftiga
333 951 84 29 uppgift
436 955 29 25 är,
485 954 32 19 att
536 951 6 22 i
563 951 33 22 sin
617 952 51 20 mån
687 951 115 22 samverka
817 951 34 22 till

97 986 120 23 ernåendet
240 986 40 22 och
302 986 187 28 förverkligandet
510 986 25 22 af
554 986 38 22 det
612 986 61 22 helas
695 987 53 21 eller
766 989 83 19 statens

98 1028 56 22 egna
170 1022 112 26 ändamål,
298 1021 42 22 den
356 1020 67 29 förra,
441 1021 20 22 d.
477 1028 20 14 v.
513 1028 16 15 s.
546 1021 141 27 kommunen,
700 1021 18 28 ej
729 1022 44 20 kan
784 1020 67 22 hafva

98 1056 72 28 någon
192 1055 132 29 befogenhet
345 1057 31 20 att
397 1056 52 28 sjelf
467 1056 121 22 bestämma
608 1055 181 22 beskaffenheten
810 1056 40 21 och

98 1091 102 28 beloppet
222 1090 25 22 af
267 1090 48 22 sina
338 1090 129 28 presterliga
489 1090 162 22 funktionärers
675 1090 97 27 aflöning
795 1092 55 20 samt

98 1126 66 21 sättet
182 1125 34 21 för
234 1124 137 22 densammas
389 1124 131 29 utgörande,
540 1127 52 19 utan
608 1125 70 21 måste
695 1124 36 22 det
747 1131 42 15 ena
804 1131 45 15 som

98 1159 38 22 det
152 1159 68 21 andra
235 1159 7 21 i
258 1159 54 22 sista
327 1159 58 22 hand
399 1159 87 21 tillhöra
502 1161 81 26 staten,
600 1159 67 21 ehuru
684 1159 72 21 denna
767 1161 84 19 statens

98 1193 131 27 befogenhet
244 1194 50 21 icke
310 1194 104 22 utesluter
429 1194 52 22 eller
492 1194 120 28 upphäfver
622 1194 143 21 kommunens
776 1193 74 27 rättig-

99 1228 37 22 het
151 1229 32 20 att
198 1228 6 20 i
221 1228 43 21 alla
280 1228 77 28 dylika
371 1228 74 28 frågor
459 1228 123 22 framställa
597 1227 49 23 sina
657 1228 82 27 åsigter
751 1227 40 22 och
802 1228 48 22 sina

99 1262 141 28 önskningar.

166 1296 167 22 Prestaståndet
353 1297 77 22 tvekar
449 1297 50 22 icke
518 1299 32 19 att
569 1297 7 22 i
596 1296 100 22 bestämd
711 1298 91 20 motsats
818 1296 33 22 till

100 1331 72 21 denna
193 1331 59 27 slags
273 1331 120 22 deduktion
411 1331 107 29 förklara,
540 1334 33 19 att
592 1331 8 21 i
621 1331 54 22 sista
689 1332 112 21 instansen
818 1331 33 22 så-

100 1365 36 22 väl
157 1365 37 21 det
214 1372 42 14 ena
276 1372 46 15 som
341 1366 37 21 det
393 1366 78 27 andra,
488 1366 61 22 såväl
565 1366 175 28 presterskapets
756 1365 97 29 aflöning

100 1405 46 15 som
172 1400 67 20 sättet
264 1398 34 22 för
324 1398 83 22 dennes
432 1398 133 28 utgörande,
587 1401 98 19 närmast
707 1399 69 21 måste
799 1405 53 15 vara

101 1432 99 29 kyrkans
219 1432 70 23 ensak
304 1434 33 21 att
352 1432 45 23 fritt
412 1432 121 23 bestämma
550 1432 40 22 och
606 1432 85 28 afgöra,
707 1432 84 22 hvilket
805 1432 47 22 åter
