1023 1731
220 138 41 20 644

193 202 87 22 hvartill
296 201 153 22 donatarierne
464 200 167 28 ursprungligen
647 200 56 21 varit
713 199 147 29 berättigade,
872 199 71 23 skulle

194 237 25 21 af
237 236 49 22 dem
306 235 19 28 ej
347 235 76 22 kunna
442 234 96 28 förhöjas
559 233 40 23 och
618 234 140 22 landbonden
777 241 53 14 vara
849 234 94 28 tryggad

192 271 37 21 vid
247 270 204 27 besittningsrätten
471 269 33 22 för
522 269 34 27 sig
575 268 40 22 och
637 269 48 21 sina
706 269 197 28 efterkommande,
918 269 25 21 så

192 306 66 27 länge
277 305 44 22 han
341 304 79 28 fullgör
439 303 257 29 arrendeskyldigheten,
713 311 49 14 men
777 304 7 21 i
799 306 90 19 motsatt
904 303 39 22 fall

192 347 53 15 vara
260 339 149 22 underkastad
425 339 138 28 uppsägning
578 339 40 22 och
633 339 129 28 afhysning,
779 339 72 22 såsom
861 339 81 22 landbo

192 375 7 22 i
216 375 70 27 öfriga
302 374 61 21 delar
379 373 24 22 af
416 373 84 29 landet,
519 373 68 28 enligt
602 373 103 28 gällande
721 373 159 28 författningar.

261 409 33 22 5:o
310 409 47 28 Att,
373 409 56 21 intill
446 409 50 22 dess
508 415 26 15 en
545 408 7 21 i
563 408 52 28 laga
625 408 92 28 ordning
727 409 136 21 tillkommen
874 408 68 23 skatt-

191 444 107 28 läggning
316 443 45 22 kan
375 443 67 21 hinna
457 443 87 22 komma
559 443 33 21 till
608 443 74 28 stånd,
699 443 27 22 de
739 443 127 22 nuvarande
880 442 62 22 land-

192 479 123 22 böndernes
334 479 73 20 räntor
425 477 40 22 och
484 477 114 28 utskylder
616 477 33 22 till
660 477 134 28 jordägaren
811 477 132 22 oförtöfvadt

192 513 108 28 regleras,
321 512 102 28 sålunda,
445 514 32 19 att
496 511 141 23 landbonden
656 512 81 22 befrias
757 512 55 22 ifrån
832 513 30 21 all
878 512 64 28 dags-

192 547 203 29 verksskyldighet,
411 547 112 22 hvaremot
537 553 27 15 en
580 547 45 22 viss
640 547 56 28 årlig
710 549 64 20 ränta
787 547 53 22 eller
851 547 91 22 arrende

192 583 6 20 i
223 582 114 28 spannmål
361 582 131 21 bestämmes
515 581 34 22 för
572 581 75 28 hvarje
671 581 103 28 lägenhet
794 581 39 22 och
854 582 89 21 hvilken

192 618 64 20 ränta
279 616 270 22 hemmansinnehafvaren
573 616 57 22 skall
654 623 54 14 vara
728 616 88 28 skyldig
837 618 31 19 att
889 616 54 22 efter

193 651 57 22 årets
266 651 208 27 medelmarkegång
489 651 33 21 till
533 651 136 28 jordägaren
685 651 95 28 erlägga.

262 687 33 20 6:0
311 685 37 22 Att
364 685 72 22 denna
451 687 64 20 ränta
529 686 68 21 måtte
613 685 105 22 uträknas
733 686 29 27 på
776 685 98 28 följande
890 687 52 20 sätt:

261 721 23 28 a)
301 720 26 22 de
343 720 148 28 dagsverken,
507 727 47 15 som
569 720 113 22 bönderna
696 727 29 14 nu
736 722 77 26 utgöra
824 721 53 21 eller
887 720 56 28 pröf-

194 763 38 14 vas
252 755 76 22 kunna
348 755 103 28 åläggas,
472 755 127 21 förvandlas
619 755 33 20 till
672 755 152 21 motsvarande
840 757 103 25 qvantum

193 791 49 26 råg,
263 789 102 26 sålunda,
384 791 33 20 att
437 791 31 20 ett
486 789 167 28 ökedagsverke
674 789 110 22 beräknas
800 792 111 19 motsvara
931 791 11 20 2

196 826 13 20 a
235 825 12 20 3
271 824 84 28 kappar
376 824 40 27 råg
439 824 39 21 och
502 826 31 20 ett
555 823 156 28 fotdagsverke
735 825 10 20 1
767 825 13 20 &
806 825 40 26 17,
870 825 72 28 kappe

194 858 116 23 enahanda
326 858 115 28 sädesslag
457 871 25 3 —
500 859 39 21 allt
555 859 54 21 efter
625 859 59 21 olika
701 858 197 23 ortsförhållanden

262 893 23 29 b)
313 893 42 22 den
380 893 107 22 kontanta
509 893 184 28 penningeränta,
717 893 89 22 hvilken
831 893 113 22 bönderna

194 935 28 15 nu
246 928 100 27 erlägga,
370 927 126 22 förvandlas
512 928 84 27 jemväl
617 928 32 21 till
669 929 151 21 motsvarande
840 930 104 25 qvantum

193 964 48 27 råg,
257 963 55 21 efter
327 962 37 22 det
380 963 58 21 årets
452 962 275 29 medelmarkegångspris,
744 969 45 15 som
806 965 24 19 är
841 963 103 27 gällande

194 997 28 22 då
237 997 166 27 förvandlingen
420 997 56 21 sker.

263 1032 23 28 c)
304 1032 71 27 begge
396 1031 65 22 dessa
481 1031 87 29 afgifter
586 1031 7 22 i
612 1032 39 27 råg
669 1032 144 21 sammansläs
830 1032 40 21 och
885 1032 59 22 lösas

195 1067 24 21 af
232 1066 87 22 bonden
334 1066 50 21 med
399 1066 92 21 kontant
506 1066 54 22 efter
570 1066 75 27 hvarje
656 1067 35 21 års
702 1067 214 27 medelmarkegång.

265 1101 76 22 Skulle
358 1101 13 21 å
385 1101 70 27 några
470 1101 55 27 gods
537 1101 200 28 spannmålsräntor
747 1101 139 22 härförinnan
898 1101 47 22 blif-

196 1136 30 21 vit
245 1135 97 28 införda,
364 1135 59 28 gälle
444 1142 33 15 om
498 1135 49 22 dem
569 1142 82 15 samma
669 1135 70 28 regel,
759 1143 45 15 som
825 1135 40 22 här
880 1136 64 22 ofvan

195 1170 70 21 blifvit
280 1169 131 28 föreslagen.

265 1204 22 28 7)
308 1205 37 21 Att
366 1204 44 22 alla
431 1204 27 22 de
478 1204 142 28 landbönder,
639 1204 76 22 hvilka
735 1205 145 29 tilläfventyrs
895 1205 49 22 med

195 1239 172 27 frälse-ägarene
382 1238 140 22 härförinnan
538 1239 103 28 uppgjort
656 1239 109 28 skriftliga
778 1240 128 22 kontrakter
916 1241 28 27 på

195 1274 76 26 längre
291 1273 52 20 eller
362 1273 88 20 kortare
468 1273 41 27 tid,
529 1273 77 27 måtte,
626 1273 72 21 derest
719 1274 26 20 de
766 1274 64 20 deraf
842 1274 54 26 vilja
911 1274 34 26 sig

195 1306 110 27 begagna,
327 1312 52 15 vara
399 1306 138 26 berättigade
558 1308 32 19 att
610 1306 65 22 dessa
695 1306 129 22 kontrakter
844 1307 100 27 tillgodo-

194 1341 61 28 njuta
269 1340 56 22 intill
341 1340 110 28 utgången
467 1340 25 21 af
505 1340 42 22 den
563 1340 32 22 tid
610 1340 132 22 kontrakten
758 1341 120 29 innehålla,
891 1341 54 23 efter

194 1376 88 21 hvilken
302 1375 31 21 tid
353 1375 26 21 de
397 1374 111 22 likställas
526 1376 50 21 med
595 1375 68 28 öfrige
681 1376 141 22 innehafvare
840 1376 26 22 af
878 1376 66 22 dona-

195 1410 164 22 tionshemman.

263 1444 22 29 8)
303 1444 37 22 Att
357 1444 151 22 donatarierne
520 1445 53 22 eller
583 1445 172 29 frälseägarene,
767 1448 51 20 utan
829 1446 115 22 inskränk-
