1020 1803
218 144 41 20 386

190 207 156 22 Erfarenheten
362 206 58 22 visar
435 208 32 19 att
474 206 26 27 ju
511 213 46 15 mer
568 206 254 28 brännvinsbränningen
831 205 40 22 och
879 205 59 21 tiden

190 241 85 22 derföre
295 240 141 28 inskränkes,
456 240 61 22 desto
536 240 136 27 ursinnigare
691 246 64 21 supes
774 240 46 28 det,
839 242 40 19 när
897 239 41 21 den

192 275 159 28 efterlängtade
376 274 183 28 bränningstiden
584 274 95 22 omsider
701 274 105 28 kommer;
830 274 39 22 och
891 274 48 27 just

190 317 30 15 nu
238 310 7 21 i
265 310 29 28 år,
315 310 29 20 dä
359 310 30 20 all
409 309 107 28 bränning
531 309 6 21 i
554 309 41 21 den
611 316 64 14 norra
690 308 82 22 hälften
789 308 24 22 af
825 308 75 22 landet
916 310 24 19 är

190 344 65 23 totalt
277 344 123 27 förbjuden,
424 350 29 15 nu
475 343 53 22 först
550 343 129 22 framträder
700 343 94 28 fylleriet
816 343 50 22 med
889 342 51 23 dess

190 379 84 28 följder,
290 378 62 22 mord
367 379 39 20 och
423 378 68 21 andra
506 379 57 21 brott
576 378 6 21 i
598 378 95 28 släptåg,
709 377 192 22 fruktansvärdare
912 379 27 19 än

190 414 116 28 någonsin,
328 414 72 21 såsom
418 413 138 27 tidningarne
576 413 47 21 från
638 413 54 21 flera
707 415 58 18 orter
780 412 68 21 redan
863 411 76 23 bevitt-

191 451 48 24 nat,
261 448 38 21 väl
320 455 32 14 om
374 448 24 21 de
419 449 19 27 ej
458 451 59 18 ännu
538 448 82 21 komma
640 451 31 18 att
687 447 92 21 bevittna
793 455 58 13 mera
866 447 73 29 dylikt.

191 483 40 22 Om
250 483 76 27 något,
347 483 24 20 så
390 482 65 21 borde
473 482 37 21 väl
531 481 59 22 detta
608 482 75 21 kunna
697 482 60 27 tjena
773 482 32 21 till
821 489 27 14 en
863 481 77 28 finger-

190 517 108 27 visning”.
327 517 68 20 Måtte
413 524 50 13 man
483 517 86 26 engång
584 517 47 21 inse
646 516 198 27 otillräckligheten
859 516 25 21 af
896 516 44 21 alla

190 551 66 23 dessa
270 551 133 27 vacklande,
420 550 104 22 haltande
540 551 147 27 halfmesyrer,
699 558 46 14 som
757 551 45 21 ofta
816 551 55 21 blott
886 553 53 25 göra

191 586 43 21 den
257 586 53 22 sista
332 585 68 21 villan
422 588 61 18 värre
507 587 28 19 än
559 585 41 21 den
619 585 78 22 första!
720 585 81 27 Hvarje
820 584 120 23 sväfvande

191 620 80 22 mellan
290 620 77 22 förbud
387 620 40 21 och
445 620 72 28 frihet,
536 620 74 28 hvarje
629 620 45 28 lag,
694 627 46 15 som
758 620 34 20 till
806 619 83 22 hälften
905 619 35 22 fri-

191 655 70 27 gifver
276 662 26 14 en
322 654 88 28 näring,
429 662 52 14 vare
500 655 34 28 sig
553 654 88 22 hvilken
662 662 47 14 som
722 654 66 28 helst,
804 657 24 19 är
843 656 30 20 ett
888 661 52 15 non-

190 696 60 22 sens,
267 696 45 16 som
328 689 19 27 ej
364 689 45 21 kan
424 689 65 22 hafva
504 692 67 20 annat
585 692 27 19 än
627 690 102 27 skadliga
742 689 85 28 följder.
857 689 84 22 Endast

191 724 7 21 i
214 723 40 23 och
270 731 77 20 genom
363 723 26 22 fri
403 723 136 23 konkurrens
554 724 49 22 med
614 724 218 27 fabriksbränningen
843 723 44 22 kan
899 723 42 22 den

192 765 16 15 s.
229 759 22 21 k.
271 757 254 29 husbehofsbränningen
546 759 58 21 duka
626 758 67 22 under
714 759 39 21 och
774 759 111 22 försvinna
900 759 39 22 och

192 793 79 22 endast
286 799 78 21 genom
379 792 27 21 fri
422 793 135 22 konkurrens
572 793 50 22 med
632 793 253 27 husbehofsbränningen
896 793 45 21 kan

192 827 230 27 fabriksbränningens
434 827 73 22 alltför
515 828 83 22 snabba
607 827 104 28 framsteg
719 827 125 22 äterhällas.
860 828 81 27 Hvarje

192 861 96 28 ängsligt
306 861 127 28 mäklande,
449 862 107 27 prutande
571 861 39 23 och
626 862 127 27 prackande
768 862 33 21 för
816 862 53 22 eller
885 864 56 19 emot

192 895 43 22 den
258 903 41 14 ena
322 897 53 20 eller
397 896 42 21 den
462 897 69 21 andra
551 897 44 21 kan
618 897 55 21 blott
695 896 98 22 medföra
808 899 31 20 ett
854 897 86 21 ändlöst

192 931 101 27 prackeri
312 931 40 21 och
367 930 51 23 leda
433 931 48 21 hela
496 931 285 28 brännvinslagstiftningen
797 932 22 21 in
838 932 4 21 i
858 938 82 15 samma

192 965 122 28 onaturliga
336 965 145 29 förvirringar,
506 966 60 22 hvari
589 966 42 22 den
653 973 29 14 nu
706 966 95 22 befinner
823 967 40 27 sig.
897 967 44 21 Det

192 999 109 28 enklaste,
320 999 152 29 förnuftigaste
493 1001 39 21 och
553 1001 184 28 konsegventaste
758 1008 64 21 synes
840 1008 53 15 vara
909 1003 32 19 att

192 1034 47 22 låta
260 1034 75 28 hvarje
358 1035 56 21 finsk
436 1035 141 27 medborgare
600 1035 103 22 tillverka
725 1036 24 21 sä
772 1036 46 21 litet
841 1037 52 21 eller
917 1036 24 21 sä

192 1068 89 28 mycket
306 1068 116 28 brännvin,
449 1075 45 14 som
521 1069 42 20 han
586 1069 54 21 blott
663 1069 37 22 vill
723 1070 74 20 betala
820 1070 59 22 skatt
901 1069 38 29 för,

192 1102 69 21 under
277 1102 24 21 sä
316 1102 49 21 kort
380 1103 53 21 eller
448 1103 25 21 sä
488 1103 53 27 läng
555 1103 31 21 tid
602 1103 25 21 af
640 1104 55 27 äret,
711 1103 43 21 han
770 1103 54 22 blott
839 1104 37 21 vill
887 1107 53 24 göra

193 1136 44 22 det.
267 1136 128 27 Detaljerna
418 1137 73 21 kunna
514 1137 80 22 ordnas
616 1138 28 27 pä
667 1138 53 21 flera
742 1140 50 19 sätt.
822 1138 49 22 Men
894 1145 45 15 som

192 1170 61 22 detta
276 1172 74 19 senast
373 1170 92 23 anförda
484 1171 83 28 förslag
586 1172 72 21 kunde
677 1179 65 14 anses
762 1171 73 22 alltför
857 1173 82 27 vädligt

191 1204 33 21 för
246 1204 200 29 brännvinsfloden,
470 1212 45 15 som
543 1205 63 22 deraf
626 1206 7 21 i
657 1206 76 27 början
756 1206 71 21 skulle
850 1208 89 27 uppstä,

191 1237 67 23 ehuru
276 1238 34 21 till
328 1239 112 28 principen
461 1239 36 22 det
517 1239 57 22 enda
592 1241 66 27 rätta,
680 1240 25 21 sä
719 1243 70 18 röstar
799 1240 42 28 jag
855 1241 33 22 för
903 1241 36 22 det

190 1272 71 28 fjerde
279 1273 114 28 förslaget,
413 1280 44 15 som
475 1273 111 28 förbjuder
601 1274 39 21 allt
655 1274 84 28 dagligt
755 1275 54 21 bruk
824 1275 26 21 af
862 1276 77 21 bränn-

190 1307 37 21 vin
249 1307 40 22 och
312 1307 80 22 tilläter
415 1308 36 21 det
475 1309 77 21 endast
570 1309 31 21 till
621 1309 137 22 medicinska
778 1309 40 22 och
838 1310 102 22 tekniska

191 1340 73 27 behof,
276 1341 40 20 och
326 1341 98 20 anhäller
435 1342 41 26 jag
490 1343 103 26 derjemte
604 1343 168 27 vördsammast,
784 1345 31 18 att
826 1344 115 27 samteliga

190 1373 75 22 herrar
282 1373 155 22 ständsbröder
456 1375 77 21 delade
553 1382 83 15 samma
654 1376 154 28 öfvertygelse,
827 1377 49 21 icke
892 1377 47 21 der-

189 1406 47 23 före
251 1409 32 20 att
294 1408 42 28 jag
351 1408 44 21 kan
410 1408 84 29 hoppas
510 1409 37 22 det
563 1416 82 15 samma
660 1410 58 27 äsigt
733 1413 39 24 gör
788 1410 33 28 sig
836 1411 103 27 gällande

189 1441 40 23 hos
249 1442 28 22 de
297 1444 75 22 trenne
392 1442 69 23 andra
479 1444 102 28 stånden,
600 1446 52 20 utan
671 1444 85 23 derföre
772 1446 32 21 att
824 1444 26 22 de
866 1445 63 23 flesta
