<?xml version="1.0" encoding="UTF-8"?>
<alto xmlns="http://www.loc.gov/standards/alto/ns-v3#" xmlns:xlink="http://www.w3.org/1999/xlink" xmlns:xsi="http://www.w3.org/2001/XMLSchema-instance" xsi:schemaLocation="http://www.loc.gov/standards/alto/ns-v3# http://www.loc.gov/alto/v3/alto-3-0.xsd">
	<Description>
		<MeasurementUnit>pixel</MeasurementUnit>
		<sourceImageInformation>
			<fileName>/tmp/tess_fsmqx9zo_input.PNG</fileName>
		</sourceImageInformation>
		<OCRProcessing ID="OCR_0">
			<ocrProcessingStep>
				<processingSoftware>
					<softwareName>tesseract 5.3.4</softwareName>
				</processingSoftware>
			</ocrProcessingStep>
		</OCRProcessing>
	</Description>
	<Layout>
		<Page WIDTH="1020" HEIGHT="1770" PHYSICAL_IMG_NR="0" ID="page_0">
			<PrintSpace HPOS="0" VPOS="0" WIDTH="1020" HEIGHT="1770">
				<ComposedBlock ID="cblock_0" HPOS="760" VPOS="133" WIDTH="41" HEIGHT="22">
					<TextBlock ID="block_0" HPOS="760" VPOS="133" WIDTH="41" HEIGHT="22">
						<TextLine ID="line_0" HPOS="760" VPOS="133" WIDTH="41" HEIGHT="22">
							<String ID="string_0" HPOS="760" VPOS="133" WIDTH="41" HEIGHT="22" WC="0.96" CONTENT="387"/>
						</TextLine>
					</TextBlock>
				</ComposedBlock>
				<ComposedBlock ID="cblock_1" HPOS="75" VPOS="191" WIDTH="764" HEIGHT="1266">
					<TextBlock ID="block_1" HPOS="79" VPOS="191" WIDTH="751" HEIGHT="234">
						<TextLine ID="line_1" HPOS="79" VPOS="191" WIDTH="748" HEIGHT="36">
							<String ID="string_1" HPOS="79" VPOS="197" WIDTH="76" HEIGHT="22" WC="0.96" CONTENT="hvilka"/><SP WIDTH="19" VPOS="197" HPOS="155"/>
							<String ID="string_2" HPOS="174" VPOS="204" WIDTH="29" HEIGHT="15" WC="0.96" CONTENT="nu"/><SP WIDTH="15" VPOS="204" HPOS="203"/>
							<String ID="string_3" HPOS="218" VPOS="198" WIDTH="7" HEIGHT="21" WC="0.95" CONTENT="i"/><SP WIDTH="16" VPOS="198" HPOS="225"/>
							<String ID="string_4" HPOS="241" VPOS="191" WIDTH="139" HEIGHT="28" WC="0.93" CONTENT="Österbotten"/><SP WIDTH="15" VPOS="191" HPOS="380"/>
							<String ID="string_5" HPOS="395" VPOS="197" WIDTH="108" HEIGHT="23" WC="0.91" CONTENT="frambära"/><SP WIDTH="15" VPOS="197" HPOS="503"/>
							<String ID="string_6" HPOS="518" VPOS="198" WIDTH="32" HEIGHT="21" WC="0.96" CONTENT="till"/><SP WIDTH="18" VPOS="198" HPOS="550"/>
							<String ID="string_7" HPOS="568" VPOS="198" WIDTH="48" HEIGHT="22" WC="0.96" CONTENT="Gud"/><SP WIDTH="15" VPOS="198" HPOS="616"/>
							<String ID="string_8" HPOS="631" VPOS="199" WIDTH="107" HEIGHT="27" WC="0.96" CONTENT="innerliga"/><SP WIDTH="16" VPOS="199" HPOS="738"/>
							<String ID="string_9" HPOS="754" VPOS="199" WIDTH="73" HEIGHT="28" WC="0.96" CONTENT="böner,"/>
						</TextLine>
						<TextLine ID="line_2" HPOS="79" VPOS="232" WIDTH="749" HEIGHT="27">
							<String ID="string_10" HPOS="79" VPOS="234" WIDTH="33" HEIGHT="19" WC="0.96" CONTENT="att"/><SP WIDTH="14" VPOS="234" HPOS="112"/>
							<String ID="string_11" HPOS="126" VPOS="232" WIDTH="43" HEIGHT="21" WC="0.96" CONTENT="han"/><SP WIDTH="17" VPOS="232" HPOS="169"/>
							<String ID="string_12" HPOS="186" VPOS="232" WIDTH="6" HEIGHT="21" WC="0.96" CONTENT="i"/><SP WIDTH="17" VPOS="232" HPOS="192"/>
							<String ID="string_13" HPOS="209" VPOS="232" WIDTH="32" HEIGHT="21" WC="0.96" CONTENT="sin"/><SP WIDTH="14" VPOS="232" HPOS="241"/>
							<String ID="string_14" HPOS="255" VPOS="233" WIDTH="153" HEIGHT="26" WC="0.96" CONTENT="outgrundliga"/><SP WIDTH="15" VPOS="233" HPOS="408"/>
							<String ID="string_15" HPOS="423" VPOS="233" WIDTH="43" HEIGHT="20" WC="0.95" CONTENT="nåd"/><SP WIDTH="11" VPOS="233" HPOS="466"/>
							<String ID="string_16" HPOS="477" VPOS="233" WIDTH="50" HEIGHT="21" WC="0.96" CONTENT="ville"/><SP WIDTH="11" VPOS="233" HPOS="527"/>
							<String ID="string_17" HPOS="538" VPOS="233" WIDTH="51" HEIGHT="26" WC="0.96" CONTENT="böja"/><SP WIDTH="10" VPOS="233" HPOS="589"/>
							<String ID="string_18" HPOS="599" VPOS="233" WIDTH="87" HEIGHT="21" WC="0.96" CONTENT="landets"/><SP WIDTH="10" VPOS="233" HPOS="686"/>
							<String ID="string_19" HPOS="696" VPOS="233" WIDTH="132" HEIGHT="22" WC="0.96" CONTENT="församlade"/>
						</TextLine>
						<TextLine ID="line_3" HPOS="80" VPOS="265" WIDTH="750" HEIGHT="29">
							<String ID="string_20" HPOS="80" VPOS="265" WIDTH="100" HEIGHT="22" WC="0.91" CONTENT="ständers"/><SP WIDTH="16" VPOS="265" HPOS="180"/>
							<String ID="string_21" HPOS="196" VPOS="266" WIDTH="86" HEIGHT="28" WC="0.91" CONTENT="hjertan"/><SP WIDTH="15" VPOS="266" HPOS="282"/>
							<String ID="string_22" HPOS="297" VPOS="266" WIDTH="32" HEIGHT="21" WC="0.96" CONTENT="till"/><SP WIDTH="17" VPOS="266" HPOS="329"/>
							<String ID="string_23" HPOS="346" VPOS="266" WIDTH="36" HEIGHT="21" WC="0.96" CONTENT="det"/><SP WIDTH="16" VPOS="266" HPOS="382"/>
							<String ID="string_24" HPOS="398" VPOS="266" WIDTH="81" HEIGHT="27" WC="0.96" CONTENT="beslut,"/><SP WIDTH="18" VPOS="266" HPOS="479"/>
							<String ID="string_25" HPOS="497" VPOS="269" WIDTH="32" HEIGHT="18" WC="0.96" CONTENT="att"/><SP WIDTH="15" VPOS="269" HPOS="529"/>
							<String ID="string_26" HPOS="544" VPOS="267" WIDTH="44" HEIGHT="20" WC="0.95" CONTENT="alla"/><SP WIDTH="15" VPOS="267" HPOS="588"/>
							<String ID="string_27" HPOS="603" VPOS="267" WIDTH="147" HEIGHT="27" WC="0.93" CONTENT="spritdrycker"/><SP WIDTH="11" VPOS="267" HPOS="750"/>
							<String ID="string_28" HPOS="761" VPOS="267" WIDTH="69" HEIGHT="22" WC="0.90" CONTENT="varda"/>
						</TextLine>
						<TextLine ID="line_4" HPOS="79" VPOS="299" WIDTH="750" HEIGHT="30">
							<String ID="string_29" HPOS="79" VPOS="300" WIDTH="32" HEIGHT="21" WC="0.96" CONTENT="till"/><SP WIDTH="20" VPOS="300" HPOS="111"/>
							<String ID="string_30" HPOS="131" VPOS="299" WIDTH="84" HEIGHT="28" WC="0.96" CONTENT="dagligt"/><SP WIDTH="15" VPOS="299" HPOS="215"/>
							<String ID="string_31" HPOS="230" VPOS="300" WIDTH="55" HEIGHT="21" WC="0.96" CONTENT="bruk"/><SP WIDTH="14" VPOS="300" HPOS="285"/>
							<String ID="string_32" HPOS="299" VPOS="299" WIDTH="33" HEIGHT="22" WC="0.96" CONTENT="för"/><SP WIDTH="14" VPOS="299" HPOS="332"/>
							<String ID="string_33" HPOS="346" VPOS="299" WIDTH="117" HEIGHT="22" WC="0.96" CONTENT="framtiden"/><SP WIDTH="15" VPOS="299" HPOS="463"/>
							<String ID="string_34" HPOS="478" VPOS="300" WIDTH="8" HEIGHT="21" WC="0.96" CONTENT="i"/><SP WIDTH="13" VPOS="300" HPOS="486"/>
							<String ID="string_35" HPOS="499" VPOS="300" WIDTH="94" HEIGHT="21" WC="0.92" CONTENT="Finland"/><SP WIDTH="15" VPOS="300" HPOS="593"/>
							<String ID="string_36" HPOS="608" VPOS="300" WIDTH="124" HEIGHT="29" WC="0.91" CONTENT="förbjudne,"/><SP WIDTH="17" VPOS="300" HPOS="732"/>
							<String ID="string_37" HPOS="749" VPOS="304" WIDTH="37" HEIGHT="19" WC="0.96" CONTENT="äro"/><SP WIDTH="16" VPOS="304" HPOS="786"/>
							<String ID="string_38" HPOS="802" VPOS="308" WIDTH="27" HEIGHT="15" WC="0.96" CONTENT="en"/>
						</TextLine>
						<TextLine ID="line_5" HPOS="79" VPOS="334" WIDTH="750" HEIGHT="27">
							<String ID="string_39" HPOS="79" VPOS="334" WIDTH="63" HEIGHT="27" WC="0.92" CONTENT="ringa"/><SP WIDTH="14" VPOS="334" HPOS="142"/>
							<String ID="string_40" HPOS="156" VPOS="334" WIDTH="113" HEIGHT="27" WC="0.88" CONTENT="qvarlefva"/><SP WIDTH="16" VPOS="334" HPOS="269"/>
							<String ID="string_41" HPOS="285" VPOS="334" WIDTH="23" HEIGHT="21" WC="0.96" CONTENT="af"/><SP WIDTH="14" VPOS="334" HPOS="308"/>
							<String ID="string_42" HPOS="322" VPOS="334" WIDTH="26" HEIGHT="21" WC="0.96" CONTENT="de"/><SP WIDTH="16" VPOS="334" HPOS="348"/>
							<String ID="string_43" HPOS="364" VPOS="334" WIDTH="33" HEIGHT="22" WC="0.96" CONTENT="för"/><SP WIDTH="15" VPOS="334" HPOS="397"/>
							<String ID="string_44" HPOS="412" VPOS="341" WIDTH="39" HEIGHT="20" WC="0.96" CONTENT="par"/><SP WIDTH="16" VPOS="341" HPOS="451"/>
							<String ID="string_45" HPOS="467" VPOS="334" WIDTH="115" HEIGHT="22" WC="0.96" CONTENT="decennier"/><SP WIDTH="16" VPOS="334" HPOS="582"/>
							<String ID="string_46" HPOS="598" VPOS="335" WIDTH="68" HEIGHT="21" WC="0.96" CONTENT="sedan"/><SP WIDTH="15" VPOS="335" HPOS="666"/>
							<String ID="string_47" HPOS="681" VPOS="335" WIDTH="25" HEIGHT="21" WC="0.96" CONTENT="så"/><SP WIDTH="15" VPOS="335" HPOS="706"/>
							<String ID="string_48" HPOS="721" VPOS="336" WIDTH="38" HEIGHT="21" WC="0.93" CONTENT="illa"/><SP WIDTH="11" VPOS="336" HPOS="759"/>
							<String ID="string_49" HPOS="770" VPOS="339" WIDTH="59" HEIGHT="19" WC="0.92" CONTENT="note-"/>
						</TextLine>
						<TextLine ID="line_6" HPOS="79" VPOS="368" WIDTH="750" HEIGHT="31">
							<String ID="string_50" HPOS="79" VPOS="369" WIDTH="54" HEIGHT="21" WC="0.88" CONTENT="rade"/><SP WIDTH="17" VPOS="369" HPOS="133"/>
							<String ID="string_51" HPOS="150" VPOS="369" WIDTH="105" HEIGHT="27" WC="0.88" CONTENT="pietister,"/><SP WIDTH="20" VPOS="369" HPOS="255"/>
							<String ID="string_52" HPOS="275" VPOS="368" WIDTH="75" HEIGHT="22" WC="0.96" CONTENT="hvilka"/><SP WIDTH="19" VPOS="368" HPOS="350"/>
							<String ID="string_53" HPOS="369" VPOS="369" WIDTH="28" HEIGHT="21" WC="0.95" CONTENT="då"/><SP WIDTH="20" VPOS="369" HPOS="397"/>
							<String ID="string_54" HPOS="417" VPOS="368" WIDTH="32" HEIGHT="21" WC="0.95" CONTENT="för"/><SP WIDTH="19" VPOS="368" HPOS="449"/>
							<String ID="string_55" HPOS="468" VPOS="369" WIDTH="47" HEIGHT="21" WC="0.93" CONTENT="sina"/><SP WIDTH="19" VPOS="369" HPOS="515"/>
							<String ID="string_56" HPOS="534" VPOS="369" WIDTH="211" HEIGHT="23" WC="0.92" CONTENT="konventikelbesök"/><SP WIDTH="19" VPOS="369" HPOS="745"/>
							<String ID="string_57" HPOS="764" VPOS="371" WIDTH="65" HEIGHT="28" WC="0.92" CONTENT="plikt-"/>
						</TextLine>
						<TextLine ID="line_7" HPOS="79" VPOS="402" WIDTH="494" HEIGHT="23">
							<String ID="string_58" HPOS="79" VPOS="402" WIDTH="80" HEIGHT="22" WC="0.96" CONTENT="fälldes"/><SP WIDTH="15" VPOS="402" HPOS="159"/>
							<String ID="string_59" HPOS="174" VPOS="402" WIDTH="33" HEIGHT="21" WC="0.95" CONTENT="till"/><SP WIDTH="15" VPOS="402" HPOS="207"/>
							<String ID="string_60" HPOS="222" VPOS="402" WIDTH="52" HEIGHT="22" WC="0.94" CONTENT="flere"/><SP WIDTH="15" VPOS="402" HPOS="274"/>
							<String ID="string_61" HPOS="289" VPOS="402" WIDTH="113" HEIGHT="22" WC="0.95" CONTENT="hundrade"/><SP WIDTH="15" VPOS="402" HPOS="402"/>
							<String ID="string_62" HPOS="417" VPOS="403" WIDTH="60" HEIGHT="21" WC="0.92" CONTENT="rubel"/><SP WIDTH="17" VPOS="403" HPOS="477"/>
							<String ID="string_63" HPOS="494" VPOS="403" WIDTH="79" HEIGHT="22" WC="0.89" CONTENT="silfver."/>
						</TextLine>
					</TextBlock>
					<TextBlock ID="block_2" HPOS="147" VPOS="437" WIDTH="261" HEIGHT="21">
						<TextLine ID="line_8" HPOS="147" VPOS="437" WIDTH="261" HEIGHT="21">
							<String ID="string_64" HPOS="147" VPOS="437" WIDTH="113" HEIGHT="21" WC="0.93" CONTENT="Professor"/><SP WIDTH="16" VPOS="437" HPOS="260"/>
							<String ID="string_65" HPOS="276" VPOS="437" WIDTH="132" HEIGHT="21" WC="0.89" CONTENT="Granfelt:"/>
						</TextLine>
					</TextBlock>
					<TextBlock ID="block_3" HPOS="75" VPOS="470" WIDTH="760" HEIGHT="784">
						<TextLine ID="line_9" HPOS="148" VPOS="470" WIDTH="681" HEIGHT="31">
							<String ID="string_66" HPOS="148" VPOS="470" WIDTH="70" HEIGHT="22" WC="0.96" CONTENT="Bland"/><SP WIDTH="25" VPOS="470" HPOS="218"/>
							<String ID="string_67" HPOS="243" VPOS="471" WIDTH="44" HEIGHT="21" WC="0.95" CONTENT="alla"/><SP WIDTH="23" VPOS="471" HPOS="287"/>
							<String ID="string_68" HPOS="310" VPOS="471" WIDTH="27" HEIGHT="21" WC="0.96" CONTENT="de"/><SP WIDTH="23" VPOS="471" HPOS="337"/>
							<String ID="string_69" HPOS="360" VPOS="472" WIDTH="80" HEIGHT="27" WC="0.95" CONTENT="många"/><SP WIDTH="24" VPOS="472" HPOS="440"/>
							<String ID="string_70" HPOS="464" VPOS="472" WIDTH="40" HEIGHT="20" WC="0.93" CONTENT="och"/><SP WIDTH="20" VPOS="472" HPOS="504"/>
							<String ID="string_71" HPOS="524" VPOS="471" WIDTH="84" HEIGHT="28" WC="0.92" CONTENT="vigtiga"/><SP WIDTH="18" VPOS="471" HPOS="608"/>
							<String ID="string_72" HPOS="626" VPOS="472" WIDTH="77" HEIGHT="29" WC="0.96" CONTENT="frågor,"/><SP WIDTH="22" VPOS="472" HPOS="703"/>
							<String ID="string_73" HPOS="725" VPOS="480" WIDTH="47" HEIGHT="15" WC="0.96" CONTENT="som"/><SP WIDTH="20" VPOS="480" HPOS="772"/>
							<String ID="string_74" HPOS="792" VPOS="474" WIDTH="37" HEIGHT="22" WC="0.96" CONTENT="vid"/>
						</TextLine>
						<TextLine ID="line_10" HPOS="75" VPOS="499" WIDTH="753" HEIGHT="42">
							<String ID="string_75" HPOS="75" VPOS="499" WIDTH="78" HEIGHT="27" WC="0.74" CONTENT="&quot;denna"/><SP WIDTH="15" VPOS="499" HPOS="153"/>
							<String ID="string_76" HPOS="168" VPOS="505" WIDTH="108" HEIGHT="28" WC="0.93" CONTENT="landtdag"/><SP WIDTH="14" VPOS="505" HPOS="276"/>
							<String ID="string_77" HPOS="290" VPOS="506" WIDTH="56" HEIGHT="21" WC="0.96" CONTENT="varit"/><SP WIDTH="16" VPOS="506" HPOS="346"/>
							<String ID="string_78" HPOS="362" VPOS="506" WIDTH="163" HEIGHT="21" WC="0.96" CONTENT="underkastade"/><SP WIDTH="16" VPOS="506" HPOS="525"/>
							<String ID="string_79" HPOS="541" VPOS="506" WIDTH="129" HEIGHT="22" WC="0.96" CONTENT="ständernas"/><SP WIDTH="16" VPOS="506" HPOS="670"/>
							<String ID="string_80" HPOS="686" VPOS="504" WIDTH="142" HEIGHT="37" WC="0.96" CONTENT="behandling,"/>
						</TextLine>
						<TextLine ID="line_11" HPOS="81" VPOS="540" WIDTH="748" HEIGHT="30">
							<String ID="string_81" HPOS="81" VPOS="540" WIDTH="61" HEIGHT="21" WC="0.96" CONTENT="torde"/><SP WIDTH="20" VPOS="540" HPOS="142"/>
							<String ID="string_82" HPOS="162" VPOS="540" WIDTH="111" HEIGHT="28" WC="0.96" CONTENT="knappast"/><SP WIDTH="18" VPOS="540" HPOS="273"/>
							<String ID="string_83" HPOS="291" VPOS="540" WIDTH="72" HEIGHT="27" WC="0.96" CONTENT="någon"/><SP WIDTH="19" VPOS="540" HPOS="363"/>
							<String ID="string_84" HPOS="382" VPOS="540" WIDTH="80" HEIGHT="27" WC="0.93" CONTENT="finnas,"/><SP WIDTH="21" VPOS="540" HPOS="462"/>
							<String ID="string_85" HPOS="483" VPOS="540" WIDTH="88" HEIGHT="22" WC="0.91" CONTENT="hvarom"/><SP WIDTH="19" VPOS="540" HPOS="571"/>
							<String ID="string_86" HPOS="590" VPOS="540" WIDTH="121" HEIGHT="30" WC="0.90" CONTENT="åsigterna,"/><SP WIDTH="16" VPOS="540" HPOS="711"/>
							<String ID="string_87" HPOS="727" VPOS="542" WIDTH="102" HEIGHT="22" WC="0.91" CONTENT="hvilande"/>
						</TextLine>
						<TextLine ID="line_12" HPOS="82" VPOS="574" WIDTH="746" HEIGHT="32">
							<String ID="string_88" HPOS="82" VPOS="574" WIDTH="28" HEIGHT="28" WC="0.96" CONTENT="på"/><SP WIDTH="19" VPOS="574" HPOS="110"/>
							<String ID="string_89" HPOS="129" VPOS="576" WIDTH="104" HEIGHT="20" WC="0.96" CONTENT="motsatta"/><SP WIDTH="21" VPOS="576" HPOS="233"/>
							<String ID="string_90" HPOS="254" VPOS="574" WIDTH="107" HEIGHT="22" WC="0.96" CONTENT="intressen"/><SP WIDTH="21" VPOS="574" HPOS="361"/>
							<String ID="string_91" HPOS="382" VPOS="574" WIDTH="41" HEIGHT="21" WC="0.96" CONTENT="och"/><SP WIDTH="15" VPOS="574" HPOS="423"/>
							<String ID="string_92" HPOS="438" VPOS="574" WIDTH="140" HEIGHT="28" WC="0.96" CONTENT="synpunkter,"/><SP WIDTH="16" VPOS="574" HPOS="578"/>
							<String ID="string_93" HPOS="594" VPOS="576" WIDTH="56" HEIGHT="20" WC="0.96" CONTENT="varit"/><SP WIDTH="15" VPOS="576" HPOS="650"/>
							<String ID="string_94" HPOS="665" VPOS="583" WIDTH="60" HEIGHT="15" WC="0.96" CONTENT="mera"/><SP WIDTH="15" VPOS="583" HPOS="725"/>
							<String ID="string_95" HPOS="740" VPOS="576" WIDTH="88" HEIGHT="30" WC="0.96" CONTENT="delade,"/>
						</TextLine>
						<TextLine ID="line_13" HPOS="83" VPOS="608" WIDTH="745" HEIGHT="30">
							<String ID="string_96" HPOS="83" VPOS="611" WIDTH="27" HEIGHT="18" WC="0.96" CONTENT="än"/><SP WIDTH="24" VPOS="611" HPOS="110"/>
							<String ID="string_97" HPOS="134" VPOS="608" WIDTH="41" HEIGHT="22" WC="0.96" CONTENT="den"/><SP WIDTH="23" VPOS="608" HPOS="175"/>
							<String ID="string_98" HPOS="198" VPOS="608" WIDTH="21" HEIGHT="22" WC="0.96" CONTENT="vi"/><SP WIDTH="24" VPOS="608" HPOS="219"/>
							<String ID="string_99" HPOS="243" VPOS="616" WIDTH="47" HEIGHT="14" WC="0.96" CONTENT="som"/><SP WIDTH="22" VPOS="616" HPOS="290"/>
							<String ID="string_100" HPOS="312" VPOS="608" WIDTH="50" HEIGHT="22" WC="0.93" CONTENT="bäst"/><SP WIDTH="22" VPOS="608" HPOS="362"/>
							<String ID="string_101" HPOS="384" VPOS="608" WIDTH="112" HEIGHT="22" WC="0.90" CONTENT="förehafva"/><SP WIDTH="21" VPOS="608" HPOS="496"/>
							<String ID="string_102" HPOS="517" VPOS="609" WIDTH="34" HEIGHT="21" WC="0.93" CONTENT="till"/><SP WIDTH="21" VPOS="609" HPOS="551"/>
							<String ID="string_103" HPOS="572" VPOS="608" WIDTH="129" HEIGHT="30" WC="0.91" CONTENT="afgörande,"/><SP WIDTH="23" VPOS="608" HPOS="701"/>
							<String ID="string_104" HPOS="724" VPOS="611" WIDTH="40" HEIGHT="21" WC="0.96" CONTENT="och"/><SP WIDTH="18" VPOS="611" HPOS="764"/>
							<String ID="string_105" HPOS="782" VPOS="618" WIDTH="46" HEIGHT="15" WC="0.96" CONTENT="som"/>
						</TextLine>
						<TextLine ID="line_14" HPOS="83" VPOS="643" WIDTH="745" HEIGHT="31">
							<String ID="string_106" HPOS="83" VPOS="643" WIDTH="116" HEIGHT="28" WC="0.95" CONTENT="onekligen"/><SP WIDTH="22" VPOS="643" HPOS="199"/>
							<String ID="string_107" HPOS="221" VPOS="643" WIDTH="64" HEIGHT="22" WC="0.91" CONTENT="äfven"/><SP WIDTH="20" VPOS="643" HPOS="285"/>
							<String ID="string_108" HPOS="305" VPOS="643" WIDTH="105" HEIGHT="28" WC="0.91" CONTENT="förtjenar"/><SP WIDTH="20" VPOS="643" HPOS="410"/>
							<String ID="string_109" HPOS="430" VPOS="643" WIDTH="41" HEIGHT="22" WC="0.93" CONTENT="den"/><SP WIDTH="21" VPOS="643" HPOS="471"/>
							<String ID="string_110" HPOS="492" VPOS="643" WIDTH="171" HEIGHT="28" WC="0.91" CONTENT="mångsidigaste"/><SP WIDTH="20" VPOS="643" HPOS="663"/>
							<String ID="string_111" HPOS="683" VPOS="645" WIDTH="145" HEIGHT="29" WC="0.96" CONTENT="granskning,"/>
						</TextLine>
						<TextLine ID="line_15" HPOS="84" VPOS="678" WIDTH="747" HEIGHT="30">
							<String ID="string_112" HPOS="84" VPOS="678" WIDTH="91" HEIGHT="22" WC="0.96" CONTENT="emedan"/><SP WIDTH="21" VPOS="678" HPOS="175"/>
							<String ID="string_113" HPOS="196" VPOS="680" WIDTH="67" HEIGHT="19" WC="0.96" CONTENT="sättet"/><SP WIDTH="20" VPOS="680" HPOS="263"/>
							<String ID="string_114" HPOS="283" VPOS="678" WIDTH="53" HEIGHT="22" WC="0.96" CONTENT="huru"/><SP WIDTH="18" VPOS="678" HPOS="336"/>
							<String ID="string_115" HPOS="354" VPOS="678" WIDTH="42" HEIGHT="21" WC="0.93" CONTENT="den"/><SP WIDTH="19" VPOS="678" HPOS="396"/>
							<String ID="string_116" HPOS="415" VPOS="678" WIDTH="76" HEIGHT="22" WC="0.60" CONTENT="blifver"/><SP WIDTH="19" VPOS="678" HPOS="491"/>
							<String ID="string_117" HPOS="510" VPOS="678" WIDTH="86" HEIGHT="28" WC="0.93" CONTENT="afgjord"/><SP WIDTH="16" VPOS="678" HPOS="596"/>
							<String ID="string_118" HPOS="612" VPOS="681" WIDTH="24" HEIGHT="18" WC="0.96" CONTENT="är"/><SP WIDTH="15" VPOS="681" HPOS="636"/>
							<String ID="string_119" HPOS="651" VPOS="679" WIDTH="26" HEIGHT="21" WC="0.96" CONTENT="af"/><SP WIDTH="12" VPOS="679" HPOS="677"/>
							<String ID="string_120" HPOS="689" VPOS="680" WIDTH="142" HEIGHT="28" WC="0.96" CONTENT="oberäknelig"/>
						</TextLine>
						<TextLine ID="line_16" HPOS="83" VPOS="712" WIDTH="747" HEIGHT="31">
							<String ID="string_121" HPOS="83" VPOS="713" WIDTH="46" HEIGHT="26" WC="0.96" CONTENT="vigt"/><SP WIDTH="22" VPOS="713" HPOS="129"/>
							<String ID="string_122" HPOS="151" VPOS="712" WIDTH="33" HEIGHT="22" WC="0.96" CONTENT="för"/><SP WIDTH="20" VPOS="712" HPOS="184"/>
							<String ID="string_123" HPOS="204" VPOS="712" WIDTH="37" HEIGHT="22" WC="0.96" CONTENT="det"/><SP WIDTH="20" VPOS="712" HPOS="241"/>
							<String ID="string_124" HPOS="261" VPOS="713" WIDTH="71" HEIGHT="21" WC="0.96" CONTENT="finska"/><SP WIDTH="19" VPOS="713" HPOS="332"/>
							<String ID="string_125" HPOS="351" VPOS="712" WIDTH="81" HEIGHT="22" WC="0.96" CONTENT="folkets"/><SP WIDTH="19" VPOS="712" HPOS="432"/>
							<String ID="string_126" HPOS="451" VPOS="715" WIDTH="110" HEIGHT="19" WC="0.96" CONTENT="närmaste"/><SP WIDTH="20" VPOS="715" HPOS="561"/>
							<String ID="string_127" HPOS="581" VPOS="713" WIDTH="94" HEIGHT="22" WC="0.94" CONTENT="framtid."/><SP WIDTH="30" VPOS="713" HPOS="675"/>
							<String ID="string_128" HPOS="705" VPOS="714" WIDTH="30" HEIGHT="21" WC="0.89" CONTENT="Så"/><SP WIDTH="15" VPOS="714" HPOS="735"/>
							<String ID="string_129" HPOS="750" VPOS="714" WIDTH="80" HEIGHT="29" WC="0.96" CONTENT="dyrbar"/>
						</TextLine>
						<TextLine ID="line_17" HPOS="84" VPOS="747" WIDTH="746" HEIGHT="28">
							<String ID="string_130" HPOS="84" VPOS="749" WIDTH="26" HEIGHT="18" WC="0.96" CONTENT="än"/><SP WIDTH="25" VPOS="749" HPOS="110"/>
							<String ID="string_131" HPOS="135" VPOS="747" WIDTH="59" HEIGHT="22" WC="0.96" CONTENT="tiden"/><SP WIDTH="23" VPOS="747" HPOS="194"/>
							<String ID="string_132" HPOS="217" VPOS="747" WIDTH="68" HEIGHT="21" WC="0.96" CONTENT="redan"/><SP WIDTH="23" VPOS="747" HPOS="285"/>
							<String ID="string_133" HPOS="308" VPOS="747" WIDTH="77" HEIGHT="21" WC="0.96" CONTENT="hunnit"/><SP WIDTH="23" VPOS="747" HPOS="385"/>
							<String ID="string_134" HPOS="408" VPOS="747" WIDTH="32" HEIGHT="21" WC="0.95" CONTENT="för"/><SP WIDTH="22" VPOS="747" HPOS="440"/>
							<String ID="string_135" HPOS="462" VPOS="753" WIDTH="35" HEIGHT="16" WC="0.94" CONTENT="oss"/><SP WIDTH="20" VPOS="753" HPOS="497"/>
							<String ID="string_136" HPOS="517" VPOS="747" WIDTH="77" HEIGHT="28" WC="0.93" CONTENT="blifva,"/><SP WIDTH="24" VPOS="747" HPOS="594"/>
							<String ID="string_137" HPOS="618" VPOS="747" WIDTH="97" HEIGHT="22" WC="0.91" CONTENT="hvarken"/><SP WIDTH="20" VPOS="747" HPOS="715"/>
							<String ID="string_138" HPOS="735" VPOS="749" WIDTH="23" HEIGHT="21" WC="0.96" CONTENT="få"/><SP WIDTH="20" VPOS="749" HPOS="758"/>
							<String ID="string_139" HPOS="778" VPOS="749" WIDTH="52" HEIGHT="21" WC="0.94" CONTENT="eller"/>
						</TextLine>
						<TextLine ID="line_18" HPOS="84" VPOS="781" WIDTH="746" HEIGHT="29">
							<String ID="string_140" HPOS="84" VPOS="781" WIDTH="54" HEIGHT="21" WC="0.96" CONTENT="böra"/><SP WIDTH="20" VPOS="781" HPOS="138"/>
							<String ID="string_141" HPOS="158" VPOS="782" WIDTH="20" HEIGHT="21" WC="0.96" CONTENT="vi"/><SP WIDTH="21" VPOS="782" HPOS="178"/>
							<String ID="string_142" HPOS="199" VPOS="782" WIDTH="40" HEIGHT="21" WC="0.96" CONTENT="här"/><SP WIDTH="20" VPOS="782" HPOS="239"/>
							<String ID="string_143" HPOS="259" VPOS="781" WIDTH="69" HEIGHT="22" WC="0.96" CONTENT="räkna"/><SP WIDTH="19" VPOS="781" HPOS="328"/>
							<String ID="string_144" HPOS="347" VPOS="781" WIDTH="26" HEIGHT="21" WC="0.95" CONTENT="de"/><SP WIDTH="15" VPOS="781" HPOS="373"/>
							<String ID="string_145" HPOS="388" VPOS="781" WIDTH="86" HEIGHT="28" WC="0.96" CONTENT="flyende"/><SP WIDTH="17" VPOS="781" HPOS="474"/>
							<String ID="string_146" HPOS="491" VPOS="781" WIDTH="153" HEIGHT="28" WC="0.95" CONTENT="ögonblicken;"/><SP WIDTH="17" VPOS="781" HPOS="644"/>
							<String ID="string_147" HPOS="661" VPOS="784" WIDTH="24" HEIGHT="26" WC="0.96" CONTENT="ty"/><SP WIDTH="14" VPOS="784" HPOS="685"/>
							<String ID="string_148" HPOS="699" VPOS="790" WIDTH="28" HEIGHT="14" WC="0.96" CONTENT="nu"/><SP WIDTH="16" VPOS="790" HPOS="727"/>
							<String ID="string_149" HPOS="743" VPOS="790" WIDTH="35" HEIGHT="15" WC="0.92" CONTENT="om"/><SP WIDTH="15" VPOS="790" HPOS="778"/>
							<String ID="string_150" HPOS="793" VPOS="784" WIDTH="37" HEIGHT="21" WC="0.90" CONTENT="nå-"/>
						</TextLine>
						<TextLine ID="line_19" HPOS="85" VPOS="815" WIDTH="745" HEIGHT="31">
							<String ID="string_151" HPOS="85" VPOS="816" WIDTH="77" HEIGHT="27" WC="0.92" CONTENT="gonsin"/><SP WIDTH="15" VPOS="816" HPOS="162"/>
							<String ID="string_152" HPOS="177" VPOS="816" WIDTH="64" HEIGHT="28" WC="0.96" CONTENT="följer"/><SP WIDTH="15" VPOS="816" HPOS="241"/>
							<String ID="string_153" HPOS="256" VPOS="815" WIDTH="50" HEIGHT="22" WC="0.96" CONTENT="hela"/><SP WIDTH="13" VPOS="815" HPOS="306"/>
							<String ID="string_154" HPOS="319" VPOS="815" WIDTH="103" HEIGHT="22" WC="0.96" CONTENT="nationen"/><SP WIDTH="16" VPOS="815" HPOS="422"/>
							<String ID="string_155" HPOS="438" VPOS="823" WIDTH="35" HEIGHT="14" WC="0.96" CONTENT="oss"/><SP WIDTH="14" VPOS="823" HPOS="473"/>
							<String ID="string_156" HPOS="487" VPOS="816" WIDTH="50" HEIGHT="21" WC="0.96" CONTENT="med"/><SP WIDTH="14" VPOS="816" HPOS="537"/>
							<String ID="string_157" HPOS="551" VPOS="816" WIDTH="70" HEIGHT="28" WC="0.96" CONTENT="spänd"/><SP WIDTH="12" VPOS="816" HPOS="621"/>
							<String ID="string_158" HPOS="633" VPOS="817" WIDTH="197" HEIGHT="29" WC="0.83" CONTENT="uppmärksamhet;"/>
						</TextLine>
						<TextLine ID="line_20" HPOS="85" VPOS="850" WIDTH="745" HEIGHT="30">
							<String ID="string_159" HPOS="85" VPOS="850" WIDTH="40" HEIGHT="21" WC="0.96" CONTENT="och"/><SP WIDTH="25" VPOS="850" HPOS="125"/>
							<String ID="string_160" HPOS="150" VPOS="851" WIDTH="94" HEIGHT="22" WC="0.94" CONTENT="likasom"/><SP WIDTH="27" VPOS="851" HPOS="244"/>
							<String ID="string_161" HPOS="271" VPOS="850" WIDTH="42" HEIGHT="21" WC="0.93" CONTENT="hon"/><SP WIDTH="23" VPOS="850" HPOS="313"/>
							<String ID="string_162" HPOS="336" VPOS="850" WIDTH="143" HEIGHT="22" WC="0.87" CONTENT="öfverlemnat"/><SP WIDTH="22" VPOS="850" HPOS="479"/>
							<String ID="string_163" HPOS="501" VPOS="851" WIDTH="22" HEIGHT="20" WC="0.96" CONTENT="åt"/><SP WIDTH="24" VPOS="851" HPOS="523"/>
							<String ID="string_164" HPOS="547" VPOS="857" WIDTH="45" HEIGHT="21" WC="0.96" CONTENT="oss,"/><SP WIDTH="24" VPOS="857" HPOS="592"/>
							<String ID="string_165" HPOS="616" VPOS="851" WIDTH="49" HEIGHT="21" WC="0.96" CONTENT="sina"/><SP WIDTH="22" VPOS="851" HPOS="665"/>
							<String ID="string_166" HPOS="687" VPOS="851" WIDTH="143" HEIGHT="29" WC="0.95" CONTENT="deputerade,"/>
						</TextLine>
						<TextLine ID="line_21" HPOS="85" VPOS="884" WIDTH="746" HEIGHT="29">
							<String ID="string_167" HPOS="85" VPOS="885" WIDTH="88" HEIGHT="21" WC="0.96" CONTENT="makten"/><SP WIDTH="21" VPOS="885" HPOS="173"/>
							<String ID="string_168" HPOS="194" VPOS="887" WIDTH="32" HEIGHT="19" WC="0.93" CONTENT="att"/><SP WIDTH="20" VPOS="887" HPOS="226"/>
							<String ID="string_169" HPOS="246" VPOS="885" WIDTH="82" HEIGHT="21" WC="0.84" CONTENT="handla"/><SP WIDTH="22" VPOS="885" HPOS="328"/>
							<String ID="string_170" HPOS="350" VPOS="884" WIDTH="39" HEIGHT="22" WC="0.93" CONTENT="och"/><SP WIDTH="16" VPOS="884" HPOS="389"/>
							<String ID="string_171" HPOS="405" VPOS="885" WIDTH="76" HEIGHT="26" WC="0.92" CONTENT="afgöra"/><SP WIDTH="15" VPOS="885" HPOS="481"/>
							<String ID="string_172" HPOS="496" VPOS="885" WIDTH="7" HEIGHT="21" WC="0.96" CONTENT="i"/><SP WIDTH="16" VPOS="885" HPOS="503"/>
							<String ID="string_173" HPOS="519" VPOS="884" WIDTH="81" HEIGHT="22" WC="0.96" CONTENT="hennes"/><SP WIDTH="16" VPOS="884" HPOS="600"/>
							<String ID="string_174" HPOS="616" VPOS="887" WIDTH="50" HEIGHT="25" WC="0.96" CONTENT="eget"/><SP WIDTH="15" VPOS="887" HPOS="666"/>
							<String ID="string_175" HPOS="681" VPOS="892" WIDTH="76" HEIGHT="21" WC="0.96" CONTENT="namn,"/><SP WIDTH="17" VPOS="892" HPOS="757"/>
							<String ID="string_176" HPOS="774" VPOS="886" WIDTH="57" HEIGHT="22" WC="0.96" CONTENT="skall"/>
						</TextLine>
						<TextLine ID="line_22" HPOS="85" VPOS="918" WIDTH="747" HEIGHT="29">
							<String ID="string_177" HPOS="85" VPOS="919" WIDTH="43" HEIGHT="22" WC="0.92" CONTENT="hon"/><SP WIDTH="21" VPOS="919" HPOS="128"/>
							<String ID="string_178" HPOS="149" VPOS="919" WIDTH="40" HEIGHT="21" WC="0.96" CONTENT="ock"/><SP WIDTH="21" VPOS="919" HPOS="189"/>
							<String ID="string_179" HPOS="210" VPOS="920" WIDTH="46" HEIGHT="21" WC="0.96" CONTENT="låta"/><SP WIDTH="21" VPOS="920" HPOS="256"/>
							<String ID="string_180" HPOS="277" VPOS="926" WIDTH="35" HEIGHT="14" WC="0.92" CONTENT="oss"/><SP WIDTH="22" VPOS="926" HPOS="312"/>
							<String ID="string_181" HPOS="334" VPOS="926" WIDTH="110" HEIGHT="14" WC="0.95" CONTENT="ensamma"/><SP WIDTH="21" VPOS="926" HPOS="444"/>
							<String ID="string_182" HPOS="465" VPOS="919" WIDTH="52" HEIGHT="21" WC="0.95" CONTENT="bära"/><SP WIDTH="20" VPOS="919" HPOS="517"/>
							<String ID="string_183" HPOS="537" VPOS="918" WIDTH="36" HEIGHT="22" WC="0.93" CONTENT="det"/><SP WIDTH="22" VPOS="918" HPOS="573"/>
							<String ID="string_184" HPOS="595" VPOS="919" WIDTH="69" HEIGHT="28" WC="0.96" CONTENT="dryga"/><SP WIDTH="18" VPOS="919" HPOS="664"/>
							<String ID="string_185" HPOS="682" VPOS="922" WIDTH="102" HEIGHT="20" WC="0.96" CONTENT="ansvaret"/><SP WIDTH="14" VPOS="922" HPOS="784"/>
							<String ID="string_186" HPOS="798" VPOS="920" WIDTH="34" HEIGHT="22" WC="0.95" CONTENT="för"/>
						</TextLine>
						<TextLine ID="line_23" HPOS="85" VPOS="953" WIDTH="747" HEIGHT="23">
							<String ID="string_187" HPOS="85" VPOS="953" WIDTH="60" HEIGHT="22" WC="0.96" CONTENT="hvad"/><SP WIDTH="15" VPOS="953" HPOS="145"/>
							<String ID="string_188" HPOS="160" VPOS="954" WIDTH="20" HEIGHT="21" WC="0.96" CONTENT="vi"/><SP WIDTH="16" VPOS="954" HPOS="180"/>
							<String ID="string_189" HPOS="196" VPOS="954" WIDTH="7" HEIGHT="21" WC="0.96" CONTENT="i"/><SP WIDTH="16" VPOS="954" HPOS="203"/>
							<String ID="string_190" HPOS="219" VPOS="953" WIDTH="137" HEIGHT="22" WC="0.96" CONTENT="närvarande"/><SP WIDTH="16" VPOS="953" HPOS="356"/>
							<String ID="string_191" HPOS="372" VPOS="956" WIDTH="64" HEIGHT="19" WC="0.96" CONTENT="ämne"/><SP WIDTH="11" VPOS="956" HPOS="436"/>
							<String ID="string_192" HPOS="447" VPOS="953" WIDTH="90" HEIGHT="22" WC="0.91" CONTENT="besluta."/><SP WIDTH="30" VPOS="953" HPOS="537"/>
							<String ID="string_193" HPOS="567" VPOS="953" WIDTH="155" HEIGHT="23" WC="0.91" CONTENT="Medvetandet"/><SP WIDTH="10" VPOS="953" HPOS="722"/>
							<String ID="string_194" HPOS="732" VPOS="956" WIDTH="32" HEIGHT="20" WC="0.95" CONTENT="att"/><SP WIDTH="10" VPOS="956" HPOS="764"/>
							<String ID="string_195" HPOS="774" VPOS="954" WIDTH="58" HEIGHT="22" WC="0.96" CONTENT="hvad"/>
						</TextLine>
						<TextLine ID="line_24" HPOS="86" VPOS="986" WIDTH="746" HEIGHT="30">
							<String ID="string_196" HPOS="86" VPOS="988" WIDTH="57" HEIGHT="21" WC="0.95" CONTENT="helst"/><SP WIDTH="19" VPOS="988" HPOS="143"/>
							<String ID="string_197" HPOS="162" VPOS="988" WIDTH="22" HEIGHT="21" WC="0.96" CONTENT="vi"/><SP WIDTH="19" VPOS="988" HPOS="184"/>
							<String ID="string_198" HPOS="203" VPOS="995" WIDTH="29" HEIGHT="14" WC="0.95" CONTENT="nu"/><SP WIDTH="21" VPOS="995" HPOS="232"/>
							<String ID="string_199" HPOS="253" VPOS="987" WIDTH="86" HEIGHT="22" WC="0.95" CONTENT="komma"/><SP WIDTH="21" VPOS="987" HPOS="339"/>
							<String ID="string_200" HPOS="360" VPOS="989" WIDTH="32" HEIGHT="19" WC="0.95" CONTENT="att"/><SP WIDTH="19" VPOS="989" HPOS="392"/>
							<String ID="string_201" HPOS="411" VPOS="986" WIDTH="80" HEIGHT="28" WC="0.96" CONTENT="stadga"/><SP WIDTH="21" VPOS="986" HPOS="491"/>
							<String ID="string_202" HPOS="512" VPOS="986" WIDTH="56" HEIGHT="22" WC="0.93" CONTENT="skall"/><SP WIDTH="16" VPOS="986" HPOS="568"/>
							<String ID="string_203" HPOS="584" VPOS="987" WIDTH="130" HEIGHT="27" WC="0.92" CONTENT="beledsagas"/><SP WIDTH="15" VPOS="987" HPOS="714"/>
							<String ID="string_204" HPOS="729" VPOS="989" WIDTH="103" HEIGHT="27" WC="0.96" CONTENT="antingen"/>
						</TextLine>
						<TextLine ID="line_25" HPOS="87" VPOS="1021" WIDTH="745" HEIGHT="28">
							<String ID="string_205" HPOS="87" VPOS="1022" WIDTH="24" HEIGHT="21" WC="0.96" CONTENT="af"/><SP WIDTH="23" VPOS="1022" HPOS="111"/>
							<String ID="string_206" HPOS="134" VPOS="1022" WIDTH="80" HEIGHT="22" WC="0.96" CONTENT="folkets"/><SP WIDTH="26" VPOS="1022" HPOS="214"/>
							<String ID="string_207" HPOS="240" VPOS="1022" WIDTH="132" HEIGHT="27" WC="0.96" CONTENT="välsignelse"/><SP WIDTH="28" VPOS="1022" HPOS="372"/>
							<String ID="string_208" HPOS="400" VPOS="1021" WIDTH="52" HEIGHT="21" WC="0.95" CONTENT="eller"/><SP WIDTH="25" VPOS="1021" HPOS="452"/>
							<String ID="string_209" HPOS="477" VPOS="1021" WIDTH="148" HEIGHT="28" WC="0.95" CONTENT="förbannelse,"/><SP WIDTH="28" VPOS="1021" HPOS="625"/>
							<String ID="string_210" HPOS="653" VPOS="1022" WIDTH="69" HEIGHT="22" WC="0.93" CONTENT="måste"/><SP WIDTH="26" VPOS="1022" HPOS="722"/>
							<String ID="string_211" HPOS="748" VPOS="1022" WIDTH="84" HEIGHT="22" WC="0.89" CONTENT="derföre"/>
						</TextLine>
						<TextLine ID="line_26" HPOS="87" VPOS="1055" WIDTH="746" HEIGHT="29">
							<String ID="string_212" HPOS="87" VPOS="1059" WIDTH="77" HEIGHT="25" WC="0.96" CONTENT="utgöra"/><SP WIDTH="20" VPOS="1059" HPOS="164"/>
							<String ID="string_213" HPOS="184" VPOS="1056" WIDTH="33" HEIGHT="22" WC="0.96" CONTENT="för"/><SP WIDTH="20" VPOS="1056" HPOS="217"/>
							<String ID="string_214" HPOS="237" VPOS="1063" WIDTH="36" HEIGHT="15" WC="0.96" CONTENT="oss"/><SP WIDTH="21" VPOS="1063" HPOS="273"/>
							<String ID="string_215" HPOS="294" VPOS="1062" WIDTH="26" HEIGHT="15" WC="0.96" CONTENT="en"/><SP WIDTH="15" VPOS="1062" HPOS="320"/>
							<String ID="string_216" HPOS="335" VPOS="1056" WIDTH="90" HEIGHT="26" WC="0.96" CONTENT="maning"/><SP WIDTH="15" VPOS="1056" HPOS="425"/>
							<String ID="string_217" HPOS="440" VPOS="1057" WIDTH="31" HEIGHT="19" WC="0.96" CONTENT="att"/><SP WIDTH="15" VPOS="1057" HPOS="471"/>
							<String ID="string_218" HPOS="486" VPOS="1056" WIDTH="35" HEIGHT="21" WC="0.96" CONTENT="väl"/><SP WIDTH="17" VPOS="1056" HPOS="521"/>
							<String ID="string_219" HPOS="538" VPOS="1055" WIDTH="39" HEIGHT="22" WC="0.96" CONTENT="och"/><SP WIDTH="16" VPOS="1055" HPOS="577"/>
							<String ID="string_220" HPOS="593" VPOS="1058" WIDTH="72" HEIGHT="25" WC="0.96" CONTENT="moget"/><SP WIDTH="16" VPOS="1058" HPOS="665"/>
							<String ID="string_221" HPOS="681" VPOS="1056" WIDTH="92" HEIGHT="22" WC="0.96" CONTENT="besinna"/><SP WIDTH="15" VPOS="1056" HPOS="773"/>
							<String ID="string_222" HPOS="788" VPOS="1064" WIDTH="45" HEIGHT="20" WC="0.91" CONTENT="oss,"/>
						</TextLine>
						<TextLine ID="line_27" HPOS="88" VPOS="1089" WIDTH="745" HEIGHT="31">
							<String ID="string_223" HPOS="88" VPOS="1092" WIDTH="66" HEIGHT="20" WC="0.95" CONTENT="innan"/><SP WIDTH="20" VPOS="1092" HPOS="154"/>
							<String ID="string_224" HPOS="174" VPOS="1090" WIDTH="20" HEIGHT="22" WC="0.95" CONTENT="vi"/><SP WIDTH="21" VPOS="1090" HPOS="194"/>
							<String ID="string_225" HPOS="215" VPOS="1090" WIDTH="56" HEIGHT="22" WC="0.96" CONTENT="fatta"/><SP WIDTH="21" VPOS="1090" HPOS="271"/>
							<String ID="string_226" HPOS="292" VPOS="1090" WIDTH="36" HEIGHT="21" WC="0.92" CONTENT="det"/><SP WIDTH="20" VPOS="1090" HPOS="328"/>
							<String ID="string_227" HPOS="348" VPOS="1089" WIDTH="119" HEIGHT="28" WC="0.91" CONTENT="afgörande"/><SP WIDTH="19" VPOS="1089" HPOS="467"/>
							<String ID="string_228" HPOS="486" VPOS="1089" WIDTH="103" HEIGHT="28" WC="0.96" CONTENT="beslutet,"/><SP WIDTH="21" VPOS="1089" HPOS="589"/>
							<String ID="string_229" HPOS="610" VPOS="1090" WIDTH="40" HEIGHT="21" WC="0.96" CONTENT="och"/><SP WIDTH="20" VPOS="1090" HPOS="650"/>
							<String ID="string_230" HPOS="670" VPOS="1090" WIDTH="61" HEIGHT="22" WC="0.96" CONTENT="torde"/><SP WIDTH="16" VPOS="1090" HPOS="731"/>
							<String ID="string_231" HPOS="747" VPOS="1091" WIDTH="86" HEIGHT="29" WC="0.96" CONTENT="således"/>
						</TextLine>
						<TextLine ID="line_28" HPOS="88" VPOS="1124" WIDTH="746" HEIGHT="28">
							<String ID="string_232" HPOS="88" VPOS="1126" WIDTH="41" HEIGHT="20" WC="0.96" CONTENT="ock"/><SP WIDTH="16" VPOS="1126" HPOS="129"/>
							<String ID="string_233" HPOS="145" VPOS="1125" WIDTH="105" HEIGHT="21" WC="0.96" CONTENT="innebära"/><SP WIDTH="15" VPOS="1125" HPOS="250"/>
							<String ID="string_234" HPOS="265" VPOS="1131" WIDTH="26" HEIGHT="15" WC="0.96" CONTENT="en"/><SP WIDTH="15" VPOS="1131" HPOS="291"/>
							<String ID="string_235" HPOS="306" VPOS="1124" WIDTH="89" HEIGHT="28" WC="0.96" CONTENT="ursäkt,"/><SP WIDTH="16" VPOS="1124" HPOS="395"/>
							<String ID="string_236" HPOS="411" VPOS="1126" WIDTH="42" HEIGHT="25" WC="0.93" CONTENT="att,"/><SP WIDTH="18" VPOS="1126" HPOS="453"/>
							<String ID="string_237" HPOS="471" VPOS="1124" WIDTH="66" HEIGHT="21" WC="0.91" CONTENT="ehuru"/><SP WIDTH="16" VPOS="1124" HPOS="537"/>
							<String ID="string_238" HPOS="553" VPOS="1124" WIDTH="24" HEIGHT="21" WC="0.96" CONTENT="så"/><SP WIDTH="15" VPOS="1124" HPOS="577"/>
							<String ID="string_239" HPOS="592" VPOS="1125" WIDTH="80" HEIGHT="26" WC="0.95" CONTENT="många"/><SP WIDTH="15" VPOS="1125" HPOS="672"/>
							<String ID="string_240" HPOS="687" VPOS="1124" WIDTH="67" HEIGHT="22" WC="0.96" CONTENT="värda"/><SP WIDTH="11" VPOS="1124" HPOS="754"/>
							<String ID="string_241" HPOS="765" VPOS="1125" WIDTH="69" HEIGHT="21" WC="0.96" CONTENT="talare"/>
						</TextLine>
						<TextLine ID="line_29" HPOS="88" VPOS="1158" WIDTH="746" HEIGHT="28">
							<String ID="string_242" HPOS="88" VPOS="1158" WIDTH="67" HEIGHT="21" WC="0.95" CONTENT="redan"/><SP WIDTH="22" VPOS="1158" HPOS="155"/>
							<String ID="string_243" HPOS="177" VPOS="1160" WIDTH="69" HEIGHT="25" WC="0.92" CONTENT="yttrat"/><SP WIDTH="25" VPOS="1160" HPOS="246"/>
							<String ID="string_244" HPOS="271" VPOS="1158" WIDTH="34" HEIGHT="27" WC="0.96" CONTENT="sig"/><SP WIDTH="21" VPOS="1158" HPOS="305"/>
							<String ID="string_245" HPOS="326" VPOS="1158" WIDTH="40" HEIGHT="21" WC="0.96" CONTENT="och"/><SP WIDTH="19" VPOS="1158" HPOS="366"/>
							<String ID="string_246" HPOS="385" VPOS="1158" WIDTH="72" HEIGHT="27" WC="0.96" CONTENT="belyst"/><SP WIDTH="19" VPOS="1158" HPOS="457"/>
							<String ID="string_247" HPOS="476" VPOS="1158" WIDTH="48" HEIGHT="21" WC="0.96" CONTENT="vårt"/><SP WIDTH="18" VPOS="1158" HPOS="524"/>
							<String ID="string_248" HPOS="542" VPOS="1160" WIDTH="63" HEIGHT="19" WC="0.96" CONTENT="ämne"/><SP WIDTH="20" VPOS="1160" HPOS="605"/>
							<String ID="string_249" HPOS="625" VPOS="1158" WIDTH="47" HEIGHT="21" WC="0.95" CONTENT="från"/><SP WIDTH="21" VPOS="1158" HPOS="672"/>
							<String ID="string_250" HPOS="693" VPOS="1158" WIDTH="60" HEIGHT="22" WC="0.96" CONTENT="olika"/><SP WIDTH="15" VPOS="1158" HPOS="753"/>
							<String ID="string_251" HPOS="768" VPOS="1158" WIDTH="66" HEIGHT="28" WC="0.96" CONTENT="sidor,"/>
						</TextLine>
						<TextLine ID="line_30" HPOS="89" VPOS="1192" WIDTH="746" HEIGHT="28">
							<String ID="string_252" HPOS="89" VPOS="1192" WIDTH="64" HEIGHT="21" WC="0.96" CONTENT="äfven"/><SP WIDTH="15" VPOS="1192" HPOS="153"/>
							<String ID="string_253" HPOS="168" VPOS="1192" WIDTH="42" HEIGHT="27" WC="0.96" CONTENT="jag"/><SP WIDTH="19" VPOS="1192" HPOS="210"/>
							<String ID="string_254" HPOS="229" VPOS="1194" WIDTH="63" HEIGHT="26" WC="0.96" CONTENT="tager"/><SP WIDTH="19" VPOS="1194" HPOS="292"/>
							<String ID="string_255" HPOS="311" VPOS="1192" WIDTH="44" HEIGHT="26" WC="0.96" CONTENT="mig"/><SP WIDTH="19" VPOS="1192" HPOS="355"/>
							<String ID="string_256" HPOS="374" VPOS="1192" WIDTH="92" HEIGHT="20" WC="0.96" CONTENT="friheten"/><SP WIDTH="21" VPOS="1192" HPOS="466"/>
							<String ID="string_257" HPOS="487" VPOS="1194" WIDTH="31" HEIGHT="19" WC="0.96" CONTENT="att"/><SP WIDTH="19" VPOS="1194" HPOS="518"/>
							<String ID="string_258" HPOS="537" VPOS="1194" WIDTH="57" HEIGHT="19" WC="0.96" CONTENT="ännu"/><SP WIDTH="18" VPOS="1194" HPOS="594"/>
							<String ID="string_259" HPOS="612" VPOS="1192" WIDTH="135" HEIGHT="22" WC="0.96" CONTENT="underkasta"/><SP WIDTH="19" VPOS="1192" HPOS="747"/>
							<String ID="string_260" HPOS="766" VPOS="1192" WIDTH="69" HEIGHT="22" WC="0.96" CONTENT="saken"/>
						</TextLine>
						<TextLine ID="line_31" HPOS="90" VPOS="1226" WIDTH="386" HEIGHT="28">
							<String ID="string_261" HPOS="90" VPOS="1233" WIDTH="26" HEIGHT="14" WC="0.96" CONTENT="en"/><SP WIDTH="16" VPOS="1233" HPOS="116"/>
							<String ID="string_262" HPOS="132" VPOS="1226" WIDTH="93" HEIGHT="28" WC="0.96" CONTENT="förnyad"/><SP WIDTH="15" VPOS="1226" HPOS="225"/>
							<String ID="string_263" HPOS="240" VPOS="1227" WIDTH="80" HEIGHT="21" WC="0.96" CONTENT="allmän"/><SP WIDTH="16" VPOS="1227" HPOS="320"/>
							<String ID="string_264" HPOS="336" VPOS="1226" WIDTH="140" HEIGHT="27" WC="0.96" CONTENT="granskning."/>
						</TextLine>
					</TextBlock>
					<TextBlock ID="block_4" HPOS="91" VPOS="1259" WIDTH="746" HEIGHT="130">
						<TextLine ID="line_32" HPOS="157" VPOS="1259" WIDTH="679" HEIGHT="29">
							<String ID="string_265" HPOS="157" VPOS="1260" WIDTH="165" HEIGHT="27" WC="0.91" CONTENT="Hufvudfrågan"/><SP WIDTH="24" VPOS="1260" HPOS="322"/>
							<String ID="string_266" HPOS="346" VPOS="1260" WIDTH="78" HEIGHT="27" WC="0.96" CONTENT="gäller,"/><SP WIDTH="25" VPOS="1260" HPOS="424"/>
							<String ID="string_267" HPOS="449" VPOS="1260" WIDTH="71" HEIGHT="21" WC="0.96" CONTENT="såsom"/><SP WIDTH="23" VPOS="1260" HPOS="520"/>
							<String ID="string_268" HPOS="543" VPOS="1260" WIDTH="22" HEIGHT="21" WC="0.96" CONTENT="vi"/><SP WIDTH="19" VPOS="1260" HPOS="565"/>
							<String ID="string_269" HPOS="584" VPOS="1260" WIDTH="44" HEIGHT="21" WC="0.96" CONTENT="alla"/><SP WIDTH="21" VPOS="1260" HPOS="628"/>
							<String ID="string_270" HPOS="649" VPOS="1262" WIDTH="60" HEIGHT="26" WC="0.96" CONTENT="veta,"/><SP WIDTH="21" VPOS="1262" HPOS="709"/>
							<String ID="string_271" HPOS="730" VPOS="1259" WIDTH="106" HEIGHT="23" WC="0.96" CONTENT="huruvida"/>
						</TextLine>
						<TextLine ID="line_33" HPOS="91" VPOS="1294" WIDTH="745" HEIGHT="27">
							<String ID="string_272" HPOS="91" VPOS="1294" WIDTH="42" HEIGHT="21" WC="0.93" CONTENT="den"/><SP WIDTH="15" VPOS="1294" HPOS="133"/>
							<String ID="string_273" HPOS="148" VPOS="1294" WIDTH="237" HEIGHT="27" WC="0.92" CONTENT="brännvinsqvantitet,"/><SP WIDTH="17" VPOS="1294" HPOS="385"/>
							<String ID="string_274" HPOS="402" VPOS="1301" WIDTH="45" HEIGHT="15" WC="0.96" CONTENT="som"/><SP WIDTH="16" VPOS="1301" HPOS="447"/>
							<String ID="string_275" HPOS="463" VPOS="1301" WIDTH="50" HEIGHT="14" WC="0.95" CONTENT="man"/><SP WIDTH="16" VPOS="1301" HPOS="513"/>
							<String ID="string_276" HPOS="529" VPOS="1301" WIDTH="63" HEIGHT="15" WC="0.96" CONTENT="anser"/><SP WIDTH="14" VPOS="1301" HPOS="592"/>
							<String ID="string_277" HPOS="606" VPOS="1294" WIDTH="32" HEIGHT="22" WC="0.96" CONTENT="för"/><SP WIDTH="15" VPOS="1294" HPOS="638"/>
							<String ID="string_278" HPOS="653" VPOS="1294" WIDTH="75" HEIGHT="22" WC="0.93" CONTENT="landet"/><SP WIDTH="10" VPOS="1294" HPOS="728"/>
							<String ID="string_279" HPOS="738" VPOS="1295" WIDTH="98" HEIGHT="21" WC="0.92" CONTENT="oumbär-"/>
						</TextLine>
						<TextLine ID="line_34" HPOS="91" VPOS="1328" WIDTH="746" HEIGHT="28">
							<String ID="string_280" HPOS="91" VPOS="1328" WIDTH="42" HEIGHT="28" WC="0.96" CONTENT="lig,"/><SP WIDTH="25" VPOS="1328" HPOS="133"/>
							<String ID="string_281" HPOS="158" VPOS="1328" WIDTH="57" HEIGHT="21" WC="0.96" CONTENT="skall"/><SP WIDTH="21" VPOS="1328" HPOS="215"/>
							<String ID="string_282" HPOS="236" VPOS="1328" WIDTH="33" HEIGHT="21" WC="0.96" CONTENT="för"/><SP WIDTH="20" VPOS="1328" HPOS="269"/>
							<String ID="string_283" HPOS="289" VPOS="1328" WIDTH="116" HEIGHT="21" WC="0.96" CONTENT="framtiden"/><SP WIDTH="20" VPOS="1328" HPOS="405"/>
							<String ID="string_284" HPOS="425" VPOS="1328" WIDTH="113" HEIGHT="21" WC="0.96" CONTENT="tillverkas"/><SP WIDTH="21" VPOS="1328" HPOS="538"/>
							<String ID="string_285" HPOS="559" VPOS="1334" WIDTH="77" HEIGHT="21" WC="0.93" CONTENT="genom"/><SP WIDTH="21" VPOS="1334" HPOS="636"/>
							<String ID="string_286" HPOS="657" VPOS="1328" WIDTH="180" HEIGHT="22" WC="0.91" CONTENT="husbehofsbrän-"/>
						</TextLine>
						<TextLine ID="line_35" HPOS="92" VPOS="1362" WIDTH="334" HEIGHT="27">
							<String ID="string_287" HPOS="92" VPOS="1362" WIDTH="53" HEIGHT="27" WC="0.96" CONTENT="ning"/><SP WIDTH="15" VPOS="1362" HPOS="145"/>
							<String ID="string_288" HPOS="160" VPOS="1363" WIDTH="52" HEIGHT="20" WC="0.92" CONTENT="eller"/><SP WIDTH="15" VPOS="1363" HPOS="212"/>
							<String ID="string_289" HPOS="227" VPOS="1362" WIDTH="199" HEIGHT="27" WC="0.77" CONTENT="fabriksbränning."/>
						</TextLine>
					</TextBlock>
					<TextBlock ID="block_5" HPOS="93" VPOS="1396" WIDTH="746" HEIGHT="61">
						<TextLine ID="line_36" HPOS="160" VPOS="1396" WIDTH="679" HEIGHT="28">
							<String ID="string_290" HPOS="160" VPOS="1397" WIDTH="49" HEIGHT="20" WC="0.91" CONTENT="Den"/><SP WIDTH="26" VPOS="1397" HPOS="209"/>
							<String ID="string_291" HPOS="235" VPOS="1397" WIDTH="81" HEIGHT="27" WC="0.91" CONTENT="nädiga"/><SP WIDTH="22" VPOS="1397" HPOS="316"/>
							<String ID="string_292" HPOS="338" VPOS="1397" WIDTH="173" HEIGHT="26" WC="0.93" CONTENT="propositionen,"/><SP WIDTH="22" VPOS="1397" HPOS="511"/>
							<String ID="string_293" HPOS="533" VPOS="1404" WIDTH="45" HEIGHT="14" WC="0.93" CONTENT="som"/><SP WIDTH="20" VPOS="1404" HPOS="578"/>
							<String ID="string_294" HPOS="598" VPOS="1397" WIDTH="125" HEIGHT="20" WC="0.92" CONTENT="framkallat"/><SP WIDTH="19" VPOS="1397" HPOS="723"/>
							<String ID="string_295" HPOS="742" VPOS="1396" WIDTH="97" HEIGHT="22" WC="0.92" CONTENT="ständer-"/>
						</TextLine>
						<TextLine ID="line_37" HPOS="93" VPOS="1429" WIDTH="745" HEIGHT="28">
							<String ID="string_296" HPOS="93" VPOS="1437" WIDTH="40" HEIGHT="14" WC="0.93" CONTENT="nas"/><SP WIDTH="19" VPOS="1437" HPOS="133"/>
							<String ID="string_297" HPOS="152" VPOS="1430" WIDTH="125" HEIGHT="22" WC="0.92" CONTENT="diskussion"/><SP WIDTH="16" VPOS="1430" HPOS="277"/>
							<String ID="string_298" HPOS="293" VPOS="1430" WIDTH="5" HEIGHT="20" WC="0.96" CONTENT="i"/><SP WIDTH="17" VPOS="1430" HPOS="298"/>
							<String ID="string_299" HPOS="315" VPOS="1430" WIDTH="135" HEIGHT="21" WC="0.93" CONTENT="närvarande"/><SP WIDTH="16" VPOS="1430" HPOS="450"/>
							<String ID="string_300" HPOS="466" VPOS="1430" WIDTH="71" HEIGHT="27" WC="0.91" CONTENT="fräga,"/><SP WIDTH="16" VPOS="1430" HPOS="537"/>
							<String ID="string_301" HPOS="553" VPOS="1429" WIDTH="91" HEIGHT="23" WC="0.90" CONTENT="föreslär"/><SP WIDTH="15" VPOS="1429" HPOS="644"/>
							<String ID="string_302" HPOS="659" VPOS="1436" WIDTH="27" HEIGHT="16" WC="0.93" CONTENT="en"/><SP WIDTH="15" VPOS="1436" HPOS="686"/>
							<String ID="string_303" HPOS="701" VPOS="1429" WIDTH="137" HEIGHT="23" WC="0.92" CONTENT="uteslutande"/>
						</TextLine>
					</TextBlock>
				</ComposedBlock>
			</PrintSpace>
		</Page>
	</Layout>
</alto>
