1023 1795
210 137 27 20 48

182 201 88 29 rörelse,
286 200 129 29 handtverk,
430 200 83 30 sjöfart,
526 200 113 30 jordbruk,
656 200 127 30 bergsbruk,
800 201 52 23 eller
866 202 68 21 annat

182 237 71 28 dylikt
268 236 151 29 näringsfång,
437 237 53 21 eller
505 237 25 20 af
543 243 56 20 egna
614 236 118 28 tillgångar
748 237 52 21 eller
816 237 25 21 af
853 236 80 22 andras

182 271 98 22 vårdnad
296 274 52 25 äger
364 271 32 22 sin
412 271 115 28 bergning,
544 271 52 21 eller
611 271 91 21 innehar
717 271 69 22 sådan
802 271 72 28 tjenst,
887 278 46 15 som

181 305 103 28 gällande
307 305 130 28 legostadga
459 305 33 22 för
514 305 124 22 husbönder
661 305 40 22 och
725 306 132 27 tjenstehjon
877 308 56 19 samt

181 340 108 28 handels-,
312 340 90 21 fabriks-
427 339 39 22 och
489 340 284 27 handtverksreglementen
795 340 137 28 föreskrifva,

182 375 52 22 eller
250 375 41 22 ock
306 375 26 21 af
344 375 130 21 kommunen
491 375 53 21 eller
558 374 51 21 dess
625 374 79 22 ombud
717 375 51 21 icke
778 375 87 28 intygas
876 375 56 21 iakt-

181 412 53 25 taga
256 409 147 22 arbetsamhet
426 409 40 21 och
489 409 109 27 sedlighet
616 409 6 21 i
642 409 37 22 sitt
696 409 96 22 lefverne
807 412 56 19 samt
879 409 54 22 efter

181 444 99 27 förmåga
296 444 34 27 sig
345 443 83 28 ärligen
443 443 113 28 försörja.”

249 478 50 22 Med
319 478 144 28 iakttagande
483 478 24 22 af
525 478 42 22 den
582 478 148 29 bestämning,
746 480 32 20 att
792 479 13 21 å
821 479 44 21 alla
881 479 51 21 stäl-

181 514 35 21 len
233 514 38 21 der
287 513 119 28 uttrycket:
430 513 71 26 ,stad-
518 513 52 21 eller
585 513 180 22 landskommun"
782 513 149 29 förekommer,

182 548 121 22 detsamma
326 548 70 21 skulle
418 548 89 28 utbytas
530 550 44 19 mot
592 548 118 28 uttrycket:
726 544 19 37 ,,
741 548 122 28 kommun”,
880 548 52 28 god-

181 583 85 21 kändes
282 582 103 22 derefter:

249 620 13 25 8
278 619 19 27 2,
314 618 61 21 hvari
389 617 107 22 utskottet
512 617 18 28 ej
548 617 112 28 föreslagit
676 618 72 27 någon
767 618 102 28 ändring;
890 619 13 26 $
919 619 13 20 3

181 653 68 27 enligt
267 651 251 29 utskottsbetänkandet,
539 659 49 14 men
608 652 50 21 med
673 652 127 28 förändring
815 653 25 21 af
852 655 80 26 uttryc-

181 688 53 21 ken:
255 687 57 27 ,stär
328 686 67 22 under
411 686 42 22 den
469 686 88 28 tillsyn"
574 688 65 20 samt:
656 686 54 27 ,och
726 689 24 19 är
763 687 109 28 skyldig",
888 688 43 20 till:

182 722 91 26 »stånde
291 721 69 21 under
375 721 42 21 den
432 721 88 28 tillsyn”
537 722 65 21 samt:
624 721 52 26 ,och
691 728 52 15 vare
759 722 109 28 skyldig";
892 723 12 26 &
918 723 14 20 4

181 757 67 27 enligt
267 756 253 28 utskottsbetänkandet,
539 762 49 15 men
604 756 50 21 med
669 756 93 28 ändring
777 756 25 21 af
814 756 58 28 3:dje
887 763 43 15 mo-

180 793 82 20 mentet
282 791 43 21 till:
350 790 83 27 ,dömts
452 790 101 28 förlustig
572 790 170 28 medborgerligt
760 790 144 29 förtroende",
924 791 7 21 i

180 826 64 22 ställe
260 826 42 22 för:
320 825 83 27 ,dömts
419 825 71 22 ärelös
506 825 40 21 och
561 825 50 21 icke
627 825 41 21 fätt
682 828 52 19 äran
750 826 67 28 äter*,
829 826 102 26 (emedan

181 861 71 21 denna
268 860 96 22 straffart
378 860 124 26 föreslagits
518 862 31 19 att
564 859 34 22 för
612 859 117 23 framtiden
744 860 114 29 upphöra);
874 862 28 26 $$
918 861 12 21 5

180 895 40 21 och
236 896 12 20 6
264 894 129 28 godkändes
409 894 68 27 enligt
487 894 255 29 utskottsbetänkandet;
758 896 13 25 $
783 896 11 19 7
806 896 68 27 enligt
884 896 46 27 kej-

180 929 81 27 serliga
283 929 172 28 propositionen;
478 930 13 25 $
512 929 12 20 8
544 931 52 19 utan
611 929 128 27 förändring
755 929 153 28 (likalydande
924 930 7 21 i

180 963 162 28 propositionen
361 963 40 22 och
419 963 265 29 utskottsbetänkandet);
708 965 13 25 &
737 965 12 20 9
766 964 67 27 enligt
848 964 82 28 kejser-

180 998 45 27 liga
244 997 171 29 propositionen;
438 999 27 26 $$
485 998 83 21 10—19
584 998 28 27 pä
628 1000 43 19 sätt
687 998 105 22 utskottet
807 999 123 28 föreslagit;

180 1034 13 25 $
209 1033 27 20 20
251 1032 50 21 med
317 1034 31 20 ett
358 1028 133 32 sälydande,
507 1032 7 21 i
529 1031 124 23 hufvudsak
665 1033 50 23 med
726 1033 204 28 kontraktsprosten

180 1067 123 21 Stenbäcks
316 1067 134 21 reservation
460 1067 7 21 i
478 1067 107 21 utskottet
596 1067 236 22 öfverensstämmande
843 1068 87 28 tillägg:

182 1102 47 26 ,Dä
251 1101 219 22 kommunalstämmäa
489 1101 34 22 till
543 1102 213 27 guvernörsembetet
774 1102 88 22 insändt
878 1105 30 19 ett
923 1103 8 21 i

180 1136 51 28 laga
254 1136 92 28 ordning
368 1136 57 22 fördt
447 1136 115 28 protokoll,
585 1136 79 22 hvaraf
681 1143 71 22 synes,
770 1139 31 19 att
817 1137 44 22 alla
876 1140 54 20 röst-

180 1170 86 28 ägande
286 1171 8 21 i
313 1170 234 22 kommunalstämman
563 1171 105 27 enhälligt
683 1171 113 28 vitsordat,
811 1174 32 19 att
858 1172 72 28 någon

180 1206 53 20 eller
254 1205 68 27 några
342 1205 144 22 försvarslösa
505 1212 104 21 personer
624 1205 58 21 inom
697 1206 137 28 kommunen,
852 1213 77 21 genom

179 1239 185 29 kringstrykande
380 1240 53 21 eller
449 1242 30 20 ett
494 1240 93 21 lastbart
601 1240 131 22 lefnadssätt
746 1240 48 22 visa
804 1241 34 27 sig
848 1241 32 21 för
891 1242 38 20 all-

179 1277 50 18 män
252 1274 93 27 ordning
367 1274 40 21 och
430 1274 102 22 säkerhet
554 1274 95 28 vädlige,
669 1274 63 22 döme
751 1275 29 21 dä
794 1278 135 24 guvernören

180 1308 42 21 den
243 1308 53 21 eller
315 1308 49 21 dem
383 1308 34 21 till
432 1308 91 22 allmänt
538 1309 96 27 arbete";
657 1310 13 25 &
686 1310 26 20 21
729 1309 68 27 enligt
806 1304 123 27 utskottets

179 1342 150 27 betänkande;
350 1343 28 24 $$
393 1344 27 18 22
437 1343 40 20 och
492 1344 27 19 23
535 1343 68 26 enligt
618 1343 120 26 kejserliga
757 1344 171 26 propositionen;

179 1377 13 24 8
208 1377 27 19 24
250 1375 132 22 oförändrad
398 1375 67 28 enligt
481 1375 117 22 utskottets
610 1376 133 28 tillstyrkan;
760 1378 27 25 $$
799 1377 83 21 25—33
894 1383 35 15 en-

178 1410 41 27 ligt
236 1409 252 28 utskottsbetänkandet,
507 1409 51 22 med
571 1410 138 22 uteslutande
725 1411 25 21 af
762 1411 57 28 3:dje
835 1418 94 15 momen-

179 1446 31 19 tet
224 1444 8 22 i
248 1445 12 26 $
277 1445 33 28 29;
334 1445 12 26 $
362 1445 27 21 34
405 1445 77 28 skulle,
496 1445 89 28 jemlikt
604 1445 116 23 utskottets
736 1445 132 30 tillstyrkan,
884 1446 45 22 helt
