1017 1806
218 130 41 21 160

257 195 146 27 Domprosten
418 193 68 27 Borg
499 193 51 21 ville
569 193 7 21 i
596 192 119 28 anledning
735 192 25 21 af
776 192 164 28 kontraktspro-

190 231 48 19 sten
254 229 75 21 Siréns
345 228 146 26 anmärkning
511 229 57 19 emot
589 227 72 21 denna
682 228 12 25 $
711 227 101 28 upplysa,
830 228 32 20 att
877 229 62 25 enär,

190 264 72 20 såsom
278 263 107 21 utskottet
401 261 63 22 äfven
480 262 8 20 i
503 262 48 21 sina
567 262 91 20 motiver
672 261 76 28 anfört,
765 261 131 27 rättigheten
908 261 33 21 till

190 298 54 21 fiske
261 297 18 27 ej
296 304 51 14 vore
363 296 139 22 uteslutande
518 296 86 21 bunden
616 296 36 22 vid
662 296 86 27 jorden,
765 296 117 22 utskottets
897 302 43 14 me-

191 332 52 27 ning
258 331 57 22 varit
331 331 91 21 alldeles
439 330 67 21 sådan
522 337 45 15 som
584 330 67 22 orden
667 330 57 28 lyda,
742 330 108 28 nemligen
866 332 32 20 att
914 337 27 14 en

190 367 54 21 hvar
260 365 24 22 af
296 365 88 21 landets
399 365 132 21 innevånare
547 364 71 22 skulle
634 364 66 22 hafva
716 364 103 28 rättighet
838 367 32 19 att
885 364 57 22 fiska

192 402 44 27 der,
252 400 89 22 hvarest
352 400 18 27 ej
384 399 87 21 enskild
483 398 193 28 jordinnehafvare
692 398 74 22 kunde
782 402 53 24 göra
846 399 96 29 anspråk

191 437 28 27 på
242 434 159 28 äganderätten
424 434 31 21 till
479 435 93 26 vattnet;
594 434 72 21 såsom
688 434 36 20 det
745 434 63 22 äfven
828 434 6 21 i
852 434 90 26 Sverige

191 477 77 21 genom
291 469 169 27 fiskeristadgan
481 469 24 20 af
524 469 54 21 1852
600 469 50 28 kap.
672 470 9 19 1
705 469 12 26 &
739 470 10 19 1
771 476 39 14 var
830 469 110 27 stadgadt.

191 505 79 22 Vidare
287 504 51 21 ville
354 503 139 28 domprosten
508 503 59 22 fästa
583 503 221 28 uppmärksamheten
818 503 74 29 derpä,
909 505 32 20 att

191 540 39 21 här
246 539 18 28 ej
282 545 51 15 vore
348 538 63 27 fräga
427 545 34 14 om
476 538 94 27 insjöar,
587 540 52 19 utan
656 545 33 14 om
704 541 73 25 öppna
787 538 80 28 hafvet,
879 539 61 20 hvar-

192 577 32 19 est
240 573 237 28 strandäganderätten
502 572 18 28 ej
538 572 73 22 kunde
632 573 24 21 sä
676 573 62 28 långt
758 573 130 28 utsträekas,
910 575 33 19 att

193 609 66 22 skifte
275 607 74 23 kunde
365 607 87 22 komma
467 608 7 20 i
490 607 68 27 fräga.

260 642 158 29 Kyrkoherden
433 642 25 21 A.
473 641 94 22 Heikel
582 641 116 22 förordade
714 642 134 27 antagandet
862 642 24 21 af
894 643 49 21 herr

192 685 41 14 von
256 678 69 21 Borns
346 677 6 20 i
373 676 106 21 utskottet
500 675 78 28 gjorda
600 676 144 29 reservation,
766 676 28 21 dä
817 677 125 27 derigenom

192 713 80 26 många
287 717 113 22 processer
415 711 86 21 komme
517 713 32 19 att
565 710 115 23 undvikas.

260 745 210 28 Kontraktsprosten
487 745 79 22 doktor
575 745 139 28 Europxus
726 745 98 22 önskade
836 748 38 26 att,
887 753 55 14 eme-

194 781 42 21 dan
252 781 37 21 det
304 781 46 20 ofta
366 779 70 22 hände
452 782 32 19 att
499 786 103 21 personer
615 779 47 22 frän
676 780 100 28 aflägsna
790 779 153 29 församlingar

193 815 86 22 kommo
296 815 32 21 till
344 821 25 15 en
387 821 73 14 annan
479 814 127 27 församling
626 814 39 21 och
686 815 39 21 der
746 815 107 22 utfiskade
874 817 68 19 strän-

195 850 73 27 derna,
286 852 56 19 samt
358 849 28 21 dä
402 849 6 20 i
424 849 60 21 detta
500 851 94 19 moment
609 848 49 21 icke
671 849 146 28 uttryckligen
829 849 71 28 sades,
912 851 32 19 att

194 884 58 21 hvad
267 883 40 22 här
323 883 63 22 fanns
402 883 104 27 stadgadt
522 883 54 22 blott
592 883 74 27 gällde
683 886 72 25 öppna
775 884 57 28 sjön,
850 883 36 22 det
902 884 41 21 till-

193 919 52 26 lägg
265 918 76 21 härvid
362 917 66 22 borde
447 920 73 25 göras,
542 919 33 20 att
594 918 55 21 blott
668 918 141 21 medlemmar
824 918 25 21 af
860 925 84 14 samma

193 953 108 26 kommun,
317 952 59 21 inom
396 951 89 22 hvilken
500 953 84 20 vattnet
604 952 76 27 ligger,
702 952 70 21 skulle
792 955 42 25 äga
854 954 43 19 rätt
912 954 32 19 att

194 987 38 20 der
247 986 53 21 idka
316 986 62 21 fiske.

261 1020 209 27 Kontraktsprosten
494 1019 78 22 doktor
596 1020 120 21 Granfelt
736 1020 57 22 hade
814 1021 63 22 äfven
898 1021 47 20 haft

194 1055 33 22 för
243 1054 66 28 afsigt
325 1057 32 18 att
372 1054 102 21 meddela
489 1054 57 21 hvad
568 1054 74 22 härom
662 1055 6 21 i
690 1055 91 27 Sverige
801 1055 64 22 fanns
886 1055 58 22 stad-

195 1089 62 28 gadt,
274 1095 48 15 men
338 1088 28 21 dä
381 1089 92 21 doktorn
489 1089 68 20 redan
578 1089 70 21 deruti
663 1089 72 22 blifvit
754 1089 148 22 förekommen
923 1089 25 21 af

195 1125 139 26 domprosten
342 1123 62 28 Borg,
414 1123 52 21 ville
475 1123 92 21 doktorn
578 1123 56 22 blott
645 1126 122 25 omnämna,
779 1126 31 19 att
821 1124 31 21 uti
861 1123 82 22 fiskeri-

194 1158 140 28 inspektorns
349 1157 83 28 förslag
447 1157 32 22 till
490 1157 156 28 fiskeristadga
657 1158 63 22 äfven
732 1158 103 27 rättighet
846 1161 32 19 att
888 1159 56 21 fiska

195 1193 31 21 uti
248 1194 68 20 större
332 1191 60 28 sjöar
414 1191 45 29 der,
482 1191 88 22 hvarest
592 1192 236 28 strandäganderäiten
851 1193 92 28 upphör,

194 1230 24 18 är
233 1226 86 21 tillåten
340 1226 81 21 enhvar
442 1226 24 21 af
482 1226 86 21 landets
589 1226 121 28 inbyggare
726 1229 52 18 utan
797 1227 146 28 jordägarnes

194 1260 107 23 tillstånd.

262 1294 209 28 Kontraktsprosten
493 1295 75 21 Sirén
584 1295 51 21 ville
650 1295 8 21 i
673 1295 119 27 anledning
808 1295 25 22 af
846 1295 98 28 dompro-

195 1332 47 19 sten
259 1330 69 25 Borgs
344 1329 102 27 yttrande
462 1331 32 18 att
509 1328 103 27 rättighet
632 1329 32 21 till
685 1329 55 22 fiske
760 1329 18 27 ej
796 1329 90 28 åtföljde
899 1330 45 27 jor-

195 1364 51 27 den,
256 1362 106 22 anmärka
372 1365 31 18 att
419 1361 37 22 det
471 1362 56 22 dock
543 1362 47 21 från
604 1362 73 21 äldsta
690 1363 56 22 tider
758 1369 50 16 vore
822 1363 82 22 bekant
912 1366 32 19 att

192 1397 80 29 jorden
285 1397 71 22 blifvit
369 1396 119 23 beskattad
502 1397 63 22 äfven
573 1395 33 23 för
619 1397 73 29 fisket,
706 1397 100 23 hvarföre
819 1397 124 23 kontrakts-

193 1435 89 26 prosten
296 1431 135 23 fortfarande
447 1431 113 29 påyrkade
576 1433 32 20 att
624 1431 18 28 ej
659 1433 72 28 någon
748 1435 51 20 utan
811 1432 132 29 jordägares
