1025 1823
220 130 40 22 722

258 196 31 22 Af
306 196 50 22 herr
373 197 139 22 talemannen
531 194 149 26 framställdes
696 203 29 16 nu
740 198 97 28 följande
853 200 89 20 omröst-

193 232 206 27 ningsproposition:

260 266 130 21 Godkänner
400 266 83 22 ståndet
494 266 25 22 17
530 266 16 29 $
556 268 9 20 i
574 268 109 20 utskottets
693 267 142 29 betänkande,
847 268 48 21 eller
906 271 35 18 ön-

191 301 51 21 skar
260 301 83 21 ståndet
358 304 31 18 att
402 301 37 21 vid
453 301 136 21 redaktionen
604 301 30 28 af
645 302 70 20 denna
729 300 16 30 $
761 302 99 28 afseende
871 302 71 28 fästes

192 338 14 19 å
223 336 48 20 herr
294 334 159 30 Wasastjernas
471 336 122 21 hithörande
612 337 139 26 reservation,
771 336 46 22 med
830 336 111 30 undantag

191 370 53 22 dock
266 370 29 28 af
313 370 25 21 de
358 372 14 20 å
392 378 50 21 pag.
462 370 27 21 21
505 374 111 26 upptagna
632 374 30 18 tre
672 371 75 28 första
762 371 107 21 raderna?
884 372 57 26 Den,

192 412 44 14 som
248 404 124 29 godkänner
388 404 26 21 17
429 403 17 30 $
459 405 7 21 i
476 406 109 20 utskottets
596 405 141 27 betänkande,
749 414 77 13 svarar
831 406 111 28 jakande;

191 440 40 20 den
246 447 44 13 som
305 439 93 21 biträder
413 440 243 28 kontrapropositionen,
672 448 79 14 svarar
766 441 102 21 nekande.

259 474 138 22 Besvarades
411 474 50 22 med
477 475 25 20 17
517 476 35 27 nej
568 476 44 20 mot
628 475 12 21 6
651 476 36 27 ja.

259 549 127 23 Professorn
407 549 80 22 Geitlin
506 549 74 22 infann
596 550 34 27 sig
644 550 8 21 i
665 550 88 28 plenum
769 550 40 22 och
824 550 117 22 tillkänna-

190 584 46 30 gaf,
253 588 32 19 att
299 584 124 29 professorn
438 584 25 22 af
475 584 101 22 enskilda
586 585 186 27 angelägenheter
782 586 56 21 varit
848 585 93 22 hindrad

191 623 32 20 att
238 620 93 28 tidigare
347 620 203 21 tillstädeskomma.

259 690 74 22 Sedan
353 688 87 24 ståndet
460 690 53 21 härä
533 688 106 29 enhälligt
658 689 6 21 i
681 689 65 28 öfrigt
760 689 114 28 godkännt
889 690 50 28 kap.

191 727 12 21 2
225 724 7 23 i
260 726 120 21 utskottets
402 724 150 29 betänkande,
576 724 123 28 öfvergicks
721 725 33 21 till
777 726 164 27 granskningen

190 761 24 21 af
227 761 51 28 kap.
294 762 19 20 3.

258 796 13 26 8
287 795 27 21 29
330 794 7 22 i
353 794 117 22 utskottets
485 792 142 24 betänkande
643 794 130 28 godkändes
789 794 112 28 enhälligt.

257 830 43 21 Vid
320 830 13 26 $
354 830 27 20 30
396 828 115 22 förordade

257 865 92 21 Prosten
362 864 26 21 H.
402 864 97 21 Heikel
515 864 42 21 den
572 863 26 21 af
609 863 49 22 herr
676 864 21 22 J.
713 864 25 21 A.
754 870 42 16 von
811 864 58 21 Born
884 864 55 22 före-

190 899 78 29 slagna
292 899 128 28 förändring
447 899 7 21 i
480 898 104 23 afseende
606 898 14 22 å
642 898 151 29 beräkningen
817 898 25 23 af
864 899 75 22 bevill-

187 935 129 28 ningsafgift
328 933 34 24 för
379 934 42 21 den
437 941 46 14 som
497 933 69 22 under
581 933 47 22 året
642 931 83 24 aflider.

256 970 92 21 Prosten
369 969 119 28 Alopgus
510 968 57 21 hade
590 968 96 21 enskildt
702 968 18 28 ej
737 969 68 27 något
824 971 57 19 emot
897 969 42 22 den

188 1004 126 28 föreslagna
329 1003 165 28 förändringen,
510 1009 49 15 men
574 1002 104 22 befarade
695 1005 30 18 att
741 1003 87 22 ståndet
841 1003 7 21 i
859 1003 80 22 sådant

188 1039 39 22 fall
248 1040 86 21 komme
354 1041 33 18 att
406 1038 68 22 blifva
493 1040 84 20 ensamt
597 1045 33 14 om
647 1038 60 21 detta
723 1037 77 22 beslut.
830 1037 10 22 I
855 1037 83 23 utskot-

190 1076 32 20 tet
244 1074 58 21 hade
319 1073 47 28 just
387 1073 72 21 denna
476 1073 69 28 punkt
563 1072 63 27 gifvit
646 1072 119 28 anledning
784 1073 32 21 till
837 1080 27 14 en
884 1073 55 28 liflig

189 1108 74 28 dispyt
286 1107 40 22 och
350 1106 78 23 endast
450 1107 31 21 uti
503 1107 118 22 utskottets
643 1107 84 27 förslag
749 1106 56 23 hade
829 1107 27 22 de
879 1108 60 21 olika

188 1144 111 26 åsigterna
314 1142 84 21 kunnat
412 1141 190 27 sammanjemkas.

255 1176 210 28 Kontraktsprosten
481 1176 94 21 Hellän
591 1176 69 26 ansåg
676 1172 148 31 anledningen
835 1176 32 21 till
879 1175 58 23 stad-

188 1210 82 29 gandet
289 1211 7 21 i
315 1210 144 22 förevarande
479 1211 13 25 $
512 1210 122 28 sjelffallen.
664 1210 34 28 Ty
716 1210 79 22 endast
812 1218 78 20 genom
907 1214 30 19 ett

188 1245 52 23 slikt
268 1245 122 27 stadgande
415 1244 74 22 kunde
514 1244 82 22 dubbla
616 1244 259 28 mantalsförteckningar
897 1246 40 22 och

186 1282 68 20 annat
269 1279 78 23 trassel
363 1278 115 23 undvikas.

255 1315 92 21 Prosten
365 1314 26 21 H.
411 1314 96 22 Heikel
525 1314 77 22 trodde
618 1316 32 19 att
664 1314 55 22 reda
733 1313 37 23 vid
786 1314 150 28 debiteringen

187 1348 64 22 äfven
266 1354 83 16 vunnes
365 1356 34 14 om
412 1349 49 21 herr
471 1354 41 16 von
523 1350 69 20 Borns
603 1348 82 27 förslag
696 1351 85 24 antogs.
810 1349 43 21 För
864 1352 72 18 resten

186 1381 68 22 borde
275 1381 88 22 ståndet
382 1381 37 21 vid
440 1381 109 21 fattandet
568 1381 25 21 af
610 1381 48 21 sina
677 1382 72 21 beslut
766 1382 49 21 icke
836 1382 46 22 låta
899 1383 35 21 be-

186 1419 93 19 stämma
294 1416 34 27 sig
343 1415 48 22 utaf
403 1414 147 29 beräkningar
566 1414 24 22 af
602 1415 59 22 hvad
674 1415 65 23 deraf
747 1416 103 28 möjligen
862 1416 73 23 kunde

184 1450 64 30 följa,
264 1453 52 20 utan
331 1450 25 22 af
368 1450 33 23 sin
417 1450 57 29 åsigt
489 1458 34 14 om
537 1450 37 22 det
588 1452 64 20 rätta.
