1023 1761
203 131 42 21 470

176 198 49 25 gast
244 196 144 21 koncentrera
409 196 58 28 dem,
487 196 83 21 kunnat
586 196 7 20 i
609 196 88 27 omfång
712 196 132 22 förminskas
860 196 66 22 minst

175 230 33 20 till
227 229 92 28 hälften,
340 230 92 27 hvilket,
453 230 7 20 i
479 230 48 21 mitt
547 230 72 27 sinne,
638 230 57 21 hade
710 230 58 21 varit
783 237 59 14 mera
858 230 66 22 ända-

175 264 135 27 målsenligt,
326 270 59 15 mera
400 264 128 28 grannlaga.
559 265 49 20 Men
624 264 32 21 till
672 264 79 27 sjelfva
766 264 76 21 saken.

244 297 40 22 Om
307 297 143 22 förevarande
472 297 82 28 nådiga
574 297 135 28 proposition
730 298 40 21 har
790 298 109 21 omdömet
919 299 7 20 i

176 331 129 28 allmänhet,
322 332 25 21 så
362 332 46 21 vidt
419 332 41 27 jag
475 334 45 24 vet,
538 332 81 21 utfallit
634 335 130 25 ogynnsamt
776 332 39 21 och
827 339 50 14 man
888 333 39 20 har

177 369 50 24 sagt
250 367 31 20 att
304 366 72 21 denna
398 367 99 27 presslag
520 369 24 18 är
567 366 87 28 mycket
676 366 34 21 för
727 369 82 24 sträng.
839 368 49 20 Den
904 369 24 19 är

176 400 128 27 verkeligen
324 402 84 26 sträng;
429 401 40 20 och
488 401 38 21 det
545 403 24 18 är
582 400 64 21 bårdt
661 407 49 14 men
725 400 95 28 rättvist,
837 403 23 26 ty
877 400 50 22 dess

176 435 115 27 strängbet
310 437 24 18 är
353 435 71 26 rigtad
444 435 49 21 icke
513 437 45 19 mot
576 434 94 23 friheten
689 437 52 18 utan
760 437 44 19 mot
820 434 107 29 sjelfsväl-

177 468 44 22 det.
246 468 75 22 Frihet
331 469 39 21 och
382 469 113 27 sjelfsväld
506 469 98 28 (libertas
615 469 40 21 och
666 470 98 25 licentia)
775 471 37 20 äro
823 470 106 27 begrepp,

177 510 47 15 som
243 503 45 22 ofta
306 503 119 28 förvexlas,
444 511 50 15 men
514 504 7 21 i
537 504 78 27 sjelfva
631 504 75 21 verket
722 506 38 19 äro
776 503 26 22 de
819 503 57 22 dock
892 504 36 21 tvä

178 537 92 22 alldeles
290 537 73 22 skilda
382 539 75 27 saker;
477 538 92 22 friheten
589 541 24 18 är
630 538 113 28 förnuftig,
761 538 43 22 hon
820 539 109 21 erkänner

177 572 104 22 förnuftet
296 579 46 14 som
358 572 33 21 sin
406 573 78 27 högsta
499 573 46 27 lag;
561 573 137 26 sjelfsväldet
709 575 24 18 är
743 572 136 28 oförnuftigt,
892 573 37 21 det

178 606 108 22 erkänner
301 607 63 27 ingen
377 606 46 28 lag;
440 606 120 28 godtycket
575 609 24 18 är
614 606 37 22 det
666 607 104 27 element,
787 607 59 21 hvari
858 606 70 28 sjelfs-

178 640 74 22 väldet
274 640 73 28 lefver,
372 643 59 19 röres
450 641 40 21 och
511 641 39 21 har
569 641 38 21 sitt
627 641 105 21 väsende.
761 641 104 21 Friheten
886 641 42 21 för-

178 674 70 22 häller
266 675 35 27 sig
317 675 32 21 till
365 675 147 28 sjelfsväldet,
528 682 46 15 som
590 675 122 27 sanningen
728 676 33 20 till
777 676 89 28 lögnen,
883 682 47 15 som

180 709 52 21 äkta
253 716 53 14 vara
324 709 32 21 till
372 709 57 22 falsk
443 716 60 15 vara.
533 710 33 21 En
582 710 25 20 af
620 710 102 27 Sveriges
738 710 135 22 snillrikaste
890 710 39 21 och

179 745 55 20 mest
253 743 119 22 frisinnade
392 744 114 22 författare
525 744 40 22 har
587 746 59 25 sagt:
668 745 62 25 ,Den
751 751 70 15 sanna
836 744 93 22 friheten

178 777 40 22 har
232 777 67 28 ingen
314 780 62 19 värre
392 778 71 22 fiende
478 778 7 21 i
501 779 99 26 verlden,
616 781 28 19 än
660 778 42 21 den
713 778 83 28 falska;
807 778 25 21 af
839 779 90 21 hvilken

178 811 74 22 falska
269 812 65 21 frihet
349 813 125 21 menniskor
490 813 54 21 först
559 812 96 22 förledas
671 813 32 20 till
720 819 26 15 en
762 813 64 26 galen
842 813 88 28 förtjus-

179 846 61 27 ning,
259 846 41 22 och
319 847 78 28 sedan,
413 849 40 19 när
469 848 27 21 de
512 847 58 22 finna
586 847 34 27 sig
635 847 122 28 bedragna,
774 847 32 21 till
822 854 27 15 en
865 848 65 27 galen

179 880 118 28 förtviflan,
318 887 46 15 som
384 882 80 20 störtar
482 882 6 20 i
507 882 114 20 träldom*.
654 882 79 20 Denna
752 883 46 19 sats
818 881 57 22 skall
895 882 35 21 väl

180 914 81 22 enhvar
279 915 160 27 underskrifva,
457 922 46 14 som
518 916 50 21 icke
583 916 38 20 vill
633 915 63 28 jäfva
712 916 163 21 erfarenhetens
890 916 39 21 och

180 948 116 22 historiens
316 949 144 28 vittnesbörd,
481 950 82 21 hvilket
583 949 93 28 intygar,
698 952 32 18 att
744 950 79 21 liksom
839 950 91 27 lagbun-

180 982 43 22 den
241 982 65 22 frihet
325 986 24 18 är
368 984 36 20 det
419 984 175 27 medborgerliga
610 984 128 21 samhällets
754 984 100 22 säkraste
870 987 60 25 värn,

179 1017 25 21 så
227 1020 24 18 är
274 1017 136 27 sjelfsvåldet
430 1018 51 22 dess
500 1018 57 28 ruin,
578 1018 54 21 eller
651 1018 129 28 påskyndar
798 1018 132 22 åtminstone

180 1050 50 22 dess
253 1052 136 27 upplösning.
420 1052 48 21 Den
491 1059 71 15 sanna
584 1052 92 22 friheten
699 1052 77 22 vinner
798 1055 107 26 utrymme
924 1054 7 20 i

180 1092 83 15 samma
278 1085 136 22 förhållande
430 1093 47 14 som
492 1086 138 28 sjelfsvåldet
645 1090 89 25 qväses;
750 1093 49 15 men
815 1089 31 19 att
862 1090 68 24 qväsa

179 1119 138 27 sjelfsvåldet
335 1126 78 21 genom
432 1120 120 28 godtycket
572 1123 24 19 är
616 1120 100 28 orimligt.
746 1121 50 21 Man
816 1121 40 21 har
871 1124 59 24 sagt:

181 1170 8 9 n
194 1160 114 21 Censuren,
333 1154 37 21 det
392 1157 25 18 är
438 1154 138 28 godtycket*,
602 1154 41 21 och
663 1155 73 20 denna
755 1156 46 20 sats
821 1155 40 20 har
881 1155 49 21 med

179 1187 92 27 applaus
294 1187 71 22 blifvit
386 1190 121 26 upptagen;
528 1188 64 23 detta
611 1188 50 21 med
680 1190 68 26 rätta;
765 1189 42 27 jag
822 1189 38 20 vill
877 1189 54 21 blott

180 1220 103 28 tillägga:
299 1221 194 29 skandalpressen,
510 1223 37 21 det
557 1225 25 18 är
592 1222 144 28 sjelfsvåldet.
767 1223 111 21 Censuren
890 1223 40 21 och

179 1254 185 29 skandalpressen
385 1258 37 19 äro
442 1257 114 26 utgångna
576 1257 48 21 från
644 1263 84 15 samma
743 1258 42 26 rot,
801 1257 130 28 godtycket;

179 1289 27 20 de
222 1291 38 19 äro
276 1289 183 28 tvillingsbröder,
474 1297 49 14 men
537 1291 79 20 bröder
632 1297 45 15 som
692 1291 99 26 ständigt
802 1291 71 27 gräla,
885 1297 46 14 som

180 1323 138 26 oupphörligt
338 1325 36 19 äro
395 1323 7 21 i
422 1323 45 28 fejd
487 1324 50 21 med
556 1323 130 22 hvarandra.
718 1324 110 21 Censuren
848 1327 25 18 är
888 1324 43 21 den

180 1356 110 29 starkare,
308 1356 42 22 den
365 1357 132 28 mäktigare,
515 1357 185 28 skandalpressen
716 1357 42 22 den
774 1358 96 28 slugare,
888 1358 42 22 den

180 1391 185 29 spetsfundigare,
385 1392 41 21 och
447 1392 85 23 derföre
551 1393 99 22 inträffar
668 1393 50 21 icke
739 1393 81 28 sällan,
840 1395 33 20 att
888 1393 43 22 den

180 1426 56 22 förre
256 1426 42 22 blir
316 1426 91 23 belurad
425 1427 26 23 af
465 1427 43 23 den
527 1434 84 16 senare.
640 1428 50 22 Men
712 1427 73 23 denna
807 1428 124 28 onaturliga
