1023 1753
206 136 41 22 538

178 202 44 26 Jag
239 200 98 22 förordar
355 201 29 27 pä
404 199 70 28 grund
493 200 66 21 häraf
572 200 135 27 antagandet
723 200 24 21 af
760 200 116 22 utskottets
891 201 36 21 be-

178 234 112 22 tänkande
309 234 135 22 beträffande
464 233 73 22 denna
557 234 69 28 punkt
641 234 7 21 i
665 234 50 22 dess
730 234 84 28 helhet,
830 234 96 28 isynner-

177 269 37 21 het
229 276 45 14 som
291 268 87 22 ständet
393 268 68 22 redan
477 268 96 28 anslagit
588 275 26 15 en
631 274 83 16 summa
729 268 26 22 af
762 270 92 26 300,000
865 269 61 21 mark

178 304 32 21 till
226 303 166 22 underlättande
408 302 24 22 af
444 303 169 28 entreprenader
628 303 33 22 för
674 303 206 28 hällskjutsningen.

245 372 101 22 Härefter
362 372 94 22 anlände
472 379 26 15 en
515 373 127 27 deputation
658 372 46 22 frän
716 372 118 28 högloflige
844 372 82 22 ridder-

178 409 78 26 skapet
272 407 40 22 och
328 407 72 28 adeln,
411 407 68 22 under
490 407 120 22 anförande
621 407 25 21 af
653 407 273 28 protokollssekreteraren

177 442 131 28 Jägerhorn,
337 449 45 14 som
411 442 140 27 meddelade,
582 444 32 19 att
637 441 38 22 det
699 442 119 27 höglofliga
838 442 88 21 ständet

178 477 88 27 afslagit
286 476 171 22 bondeständets
477 476 130 28 inbjudning
627 483 33 14 om
677 476 153 28 jordskattens
850 484 27 14 m.
898 484 28 14 m.

178 511 118 28 aflyftande
316 511 47 21 frän
374 511 80 27 jorden
470 511 40 22 och
525 511 125 27 fördelning
665 511 28 28 pä
708 511 87 22 landets
811 511 44 21 alla
871 518 55 15 sam-

177 545 149 28 hällsklasser,
348 546 72 20 säsom
441 545 71 22 vilkor
529 545 34 22 för
583 545 109 27 afsägelse
708 545 25 22 af
744 545 182 22 husbehofsbrän-

177 579 203 29 ningsrättigheten.

245 648 160 22 Diskussionen
420 648 111 23 fortsattes
546 649 103 28 derefter;
671 649 41 21 och
729 649 87 28 yttrade

246 684 85 21 Doktor
346 684 154 27 Hertzberg:
514 684 49 21 Man
574 684 40 21 har
624 686 49 25 sagt
685 686 32 19 att
728 684 198 29 skjutsningsskyl-

177 719 102 27 digheten
302 725 51 14 vore
375 718 162 27 vinstgifvande
560 718 40 21 och
623 720 32 19 att
675 719 109 27 allmogen
805 719 83 22 derföre
905 720 18 27 ej

176 761 52 14 vore
247 753 99 27 benägen
366 755 32 18 att
413 753 90 27 upplåta
519 753 127 21 densamma
662 753 28 28 på
705 754 156 28 entreprenad;
877 761 49 15 men

178 789 36 20 det
234 789 44 20 tror
293 787 42 28 jag
352 787 55 21 icke.
438 787 55 22 Vore
512 787 153 28 skjutsningen
685 788 105 28 lönande,
810 789 26 20 så
856 789 71 21 skulle

176 823 36 21 väl
231 822 27 22 de
277 822 7 21 i
303 821 104 23 närheten
423 822 25 21 af
460 821 152 28 gästgifverier
627 822 86 21 bosatte
729 829 68 20 gerna
812 823 67 27 åtaga
893 823 34 28 sig

178 859 32 19 att
225 856 85 29 skjutsa
325 856 33 21 för
374 856 68 21 andra
458 856 93 27 aflägset
566 856 85 21 boende
666 859 53 19 utan
735 857 58 21 skild
804 857 122 29 betalning,

178 891 82 22 hvilket
276 891 72 27 aldrig
361 891 61 21 torde
437 891 94 21 inträffa.
561 891 100 22 Orsaken
677 891 99 22 hvarföre
792 899 50 14 man
861 895 65 19 emot-

178 928 49 25 sagt
246 925 211 27 hållskjutsningens
477 925 134 28 upplåtande
631 926 28 27 på
680 926 144 27 entreprenad
844 929 25 18 är
891 928 36 21 väl

177 962 65 25 ingen
259 966 81 21 annan,
356 961 27 19 än
400 959 51 28 den,
468 962 32 19 att
513 967 50 14 man
574 959 85 22 befarat
669 959 125 28 derigenom
806 961 121 28 tillskynda

178 995 34 27 sig
230 997 58 19 ännu
308 994 92 28 drygare
416 994 95 27 utgifter.
541 994 124 22 Utskottets
680 995 141 22 betänkande
837 996 37 21 vill
886 997 42 28 jag

178 1029 32 21 för
228 1029 44 21 min
292 1028 35 22 del
346 1028 128 27 obetingadt
492 1029 127 27 godkänna,
641 1029 66 21 ehuru
724 1029 45 21 deri
786 1030 73 22 kunde
874 1038 53 14 vara

177 1063 119 27 bestämdt,
312 1064 32 19 att
359 1062 7 21 i
382 1062 27 21 de
426 1062 25 21 15
465 1063 67 28 penni
547 1062 34 22 för
594 1065 87 20 versten
696 1063 64 22 äfven
776 1063 50 28 lega
840 1063 34 24 för
888 1065 38 22 åk-

178 1098 65 21 donet
258 1104 51 15 vore
324 1097 135 27 inbegripen.

244 1131 211 28 Kontraktsprosten
474 1131 85 22 Sirén:
577 1131 74 22 Ehuru
665 1132 42 27 jag
722 1139 82 20 ogerna
819 1136 107 25 upptager

176 1167 60 20 tiden
256 1165 50 22 med
327 1167 31 19 att
377 1166 87 21 bemöta
483 1165 27 22 de
530 1166 84 28 inkast,
636 1173 45 15 som
700 1167 71 21 blifvit
788 1167 78 28 gjorda
882 1171 44 19 mot

177 1201 48 21 mitt
248 1201 87 20 senaste
358 1199 152 28 andragande,
533 1206 65 15 anser
615 1200 43 27 jag
680 1201 57 21 dock
760 1201 44 22 min
826 1204 43 19 rätt
885 1203 40 22 och

177 1235 55 28 pligt
252 1241 53 14 vara
325 1235 32 20 att
376 1233 134 29 vederlägga
529 1235 119 21 desamma.
678 1235 64 22 Först
760 1235 39 22 vill
811 1236 42 28 jag
868 1240 58 19 emot

177 1269 139 28 domprosten
334 1269 66 27 Borg,
422 1275 46 15 som
490 1269 50 22 sökt
562 1269 114 28 gendrifva
693 1270 48 22 mitt
756 1271 122 26 påstående
894 1274 32 19 att

176 1302 232 28 gästgifvargårdarna
433 1302 49 21 icke
508 1310 53 14 vore
588 1304 25 20 så
639 1304 216 29 sedeförderfvande,
879 1312 46 15 som

176 1337 80 28 många
273 1337 60 21 velat
351 1336 82 34 utmåla
453 1337 57 27 dem,
531 1338 105 21 anmärka
654 1340 41 26 att,
715 1345 34 15 om
770 1339 42 21 ock
826 1339 99 29 dompro-

176 1374 48 20 sten
243 1373 124 26 genomrest
386 1371 45 22 alla
446 1372 36 21 län
497 1372 8 21 i
521 1372 49 22 hela
585 1372 84 29 landet,
685 1373 44 22 han
745 1373 57 22 dock
818 1374 18 27 ej
854 1375 29 28 på
898 1375 28 22 de

176 1406 64 22 korta
266 1405 90 23 stunder
380 1406 42 22 han
446 1406 120 28 uppehållit
588 1407 34 27 sig
644 1408 29 27 på
694 1408 232 28 gästgifvargårdarna

176 1441 83 22 kunnat
278 1440 88 23 komma
371 1436 14 39 i
407 1440 85 23 tillfälle
508 1443 33 21 att
556 1442 25 22 så
596 1442 74 22 säkert
686 1442 104 29 bedöma,
806 1443 52 22 huru
875 1445 50 21 med
