1020 1773
206 136 43 21 466

179 201 103 28 Pipping,
306 199 101 28 Fredrik,
431 205 41 15 von
488 199 109 27 Knorring
613 198 40 23 och
668 199 102 28 Pipping,
787 199 91 28 Fridolf,
894 199 33 22 till

179 235 126 27 ledamöter,
330 233 110 22 äfvensom
464 233 89 22 friherre
574 233 25 21 af
619 233 103 22 Schultén
745 235 56 20 samt
824 234 103 21 herrarne

180 269 132 27 Schauman,
328 268 20 21 J.
364 268 24 21 A.
406 267 38 22 och
460 267 114 28 Forsman,
590 268 27 21 K.
633 267 31 28 F.,
680 267 33 21 till
728 268 163 27 suppleanter;"

248 303 22 28 2)
285 302 51 21 med
351 301 157 22 underrättelse
523 301 82 28 derom,
629 303 32 20 att
676 301 37 21 det
733 301 119 28 höglofliga
870 301 58 22 stån-

181 338 45 27 det,
250 337 36 20 vid
308 335 70 22 skedd
398 335 155 28 föredragning
571 335 25 21 af
612 335 155 28 lagutskottets
788 335 140 22 betänkande

180 379 35 14 n:o
237 371 26 20 25
284 371 5 20 i
311 369 118 28 anledning
450 369 24 21 af
491 369 81 28 nådiga
590 369 161 28 propositionen
767 377 36 14 n:o
819 371 28 20 50
862 370 66 27 angå-

181 406 55 21 ende
257 404 128 29 tryckfrihet
405 404 7 21 i
432 403 94 22 Finland
547 403 39 22 och
607 404 99 22 vilkoren
726 404 33 22 för
779 404 50 22 dess
848 405 80 27 begag-

182 440 81 27 nande,
280 439 84 27 antagit
379 438 149 22 betänkandet
544 437 152 29 oförändradt;

249 474 22 29 3)
292 473 25 22 af
333 480 83 15 samma
435 473 52 28 dag,
511 473 25 21 af
555 473 95 21 innehåll
674 475 31 20 att
721 473 152 28 ridderskapet
888 473 40 22 och

181 509 64 22 adeln
269 508 114 27 godkännt
406 507 234 22 ekonomieutskottets
657 503 84 36 förslag
755 503 55 36 .till
821 515 107 14 samman-

177 543 117 28 jemkning
314 542 24 21 af
356 542 27 21 de
399 541 183 28 skiljaktigheter,
598 549 47 14 som
661 542 96 28 uppstätt
773 542 36 21 vid
824 542 105 22 riksstän-

181 578 54 21 dens
255 576 134 27 behandling
409 576 25 21 af
446 576 81 28 nädiga
542 576 162 28 propositionen
720 583 34 15 n:o
770 577 26 20 41
813 576 115 28 angäende

179 611 193 27 fiskerinäringens
392 610 161 28 upphjelpande
574 613 56 18 samt
649 610 145 23 befordrande
810 611 25 21 af
847 611 81 22 fiskens

180 646 157 29 fortplantning
352 645 6 20 i
374 645 82 27 insjöar
471 645 40 21 och
527 647 123 26 strömmar;

248 680 23 30 4)
292 679 24 23 af
338 686 83 15 samma
444 679 52 29 dag,
524 679 50 22 med
601 679 211 28 tillkännagifvande
835 682 32 20 att
892 679 37 23 det

181 715 118 28 höglofliga
320 714 97 28 ståndet,
438 714 28 28 på
486 714 130 28 inbjudning
636 714 25 21 af
677 714 190 29 borgareståndet,
887 714 41 22 för-

181 753 50 19 enat
252 750 34 27 sig
305 748 50 22 med
376 748 100 22 bemälde
492 748 64 22 stånd
572 748 83 28 derom,
673 751 31 19 att
720 749 32 21 för
767 750 161 21 brännvinstill-

181 784 107 28 verkning
310 784 6 21 i
340 783 96 21 fabriker
461 783 121 22 bestämma
609 785 30 19 ett
660 784 178 28 maximibelopp,
860 784 68 21 likväl

182 819 48 21 med
251 818 106 22 förbehåll
378 818 25 20 af
420 817 79 22 sådant
519 818 78 27 tillägg
617 820 32 18 att
665 818 60 21 detta
740 818 79 28 belopp
835 818 57 27 finge
908 818 24 21 af

181 853 128 28 regeringen
325 852 102 27 förhöjas.
456 852 90 21 Hvilket
561 852 156 22 antecknades.

249 923 121 20 Fortsattes
390 920 41 22 den
452 920 48 21 frän
520 921 123 27 gärdagens
664 921 85 28 plenum
769 921 101 22 hvilande
886 921 42 22 dis-

181 955 118 22 kussionen
321 954 135 22 beträffande
479 955 156 26 lagutskottets
650 955 139 22 betänkande
810 963 34 14 n:o
865 956 36 27 25,
922 956 6 21 i

182 990 118 27 anledning
320 989 24 22 af
356 990 61 21 Hans
433 988 123 28 Kejserliga
571 989 114 28 Majestäts
700 989 80 28 nådiga
796 990 133 28 proposition

183 1023 113 28 angående
317 1023 127 28 tryckfrihet
463 1023 7 20 i
488 1023 93 22 Finland
601 1023 40 22 och
662 1023 96 22 vilkoren
779 1024 33 21 för
827 1025 51 21 dess
893 1024 35 21 be-

182 1057 125 29 gagnande,
325 1057 74 22 dervid
416 1057 60 22 ordet
492 1057 53 22 först
561 1057 79 22 erhölls
656 1057 25 22 af

250 1093 144 27 Domprosten
410 1092 120 28 Renvall,
547 1099 45 14 som
606 1092 52 21 ville
674 1092 31 22 till
722 1099 25 14 en
763 1093 77 27 början
851 1093 78 22 endast

183 1127 119 21 återhemta
320 1126 58 21 hvad
397 1127 42 20 han
458 1126 30 21 uti
504 1126 125 27 gårdagens
645 1127 86 27 plenum
747 1127 6 21 i
769 1127 68 22 saken
853 1130 75 25 yttrat.

249 1161 143 27 Vicepastorn
412 1167 48 14 von
480 1161 90 20 Essen:
590 1161 71 20 Bland
682 1161 26 21 de
729 1161 118 27 ändringar
865 1162 7 20 i
888 1162 40 21 och

182 1195 77 27 tillägg
274 1194 32 21 till
323 1194 142 22 förevarande
481 1194 204 28 presslagsförslag,
700 1195 75 22 hvilka
785 1195 144 28 lagutskottet

181 1229 106 28 tillstyrkt
306 1228 118 21 ständerna
444 1231 31 18 att
490 1229 72 21 såsom
578 1229 164 27 önskningsmål
758 1228 115 22 framhålla
888 1230 41 21 och

182 1263 90 28 föreslå,
289 1262 81 22 saknar
382 1263 41 27 jag
438 1264 40 27 ett,
494 1263 71 20 såsom
581 1263 45 27 mig
641 1269 74 22 synes,
731 1263 49 21 icke
797 1263 24 21 så
838 1264 91 27 ovigtigt

182 1300 101 18 moment.
312 1296 74 22 Under
401 1296 36 22 det
453 1296 166 22 öfverträdelser
635 1297 25 21 af
672 1296 72 22 denna
754 1297 126 27 förordning
891 1300 37 19 äro

182 1330 109 28 belaggda
302 1330 50 21 med
362 1330 85 27 ganska
458 1332 89 26 stränga
560 1330 71 27 straff,
643 1330 143 22 förekommer
796 1330 65 28 ingen
873 1331 57 21 enda

183 1364 229 28 ansvarsbestämning
430 1364 32 22 för
476 1364 85 28 möjligt
576 1364 109 27 godtycke
701 1365 13 21 å
729 1364 64 23 deras
809 1365 57 28 sida,
883 1372 45 15 som

184 1401 41 25 äga
245 1402 32 18 att
296 1398 126 22 handhafva
440 1398 157 22 efterlefnaden
617 1398 66 22 deraf.
714 1400 32 21 En
762 1400 166 28 pressöfversty-

183 1434 84 22 relsens
283 1433 142 23 ombudsman
440 1433 44 21 kan
500 1436 14 20 t.
531 1441 33 15 ex.
581 1433 68 29 enligt
664 1434 27 27 $$
704 1435 26 20 41
742 1434 40 22 och
793 1434 26 22 46
831 1434 98 23 anordna
