1020 1764
206 136 25 19 78

179 200 71 21 såsom
270 200 69 27 medel
360 199 40 22 och
416 199 69 21 vilkor
501 199 32 22 för
549 199 111 27 försoning
675 200 50 21 med
741 200 96 27 kyrkan,
854 201 71 20 såsom

178 233 145 22 återställelse
345 233 32 21 till
401 233 104 27 rättighet
534 233 31 21 till
586 233 128 27 åtnjutande
733 234 25 21 af
773 234 28 21 de
819 234 106 21 allrasali-

178 270 62 25 gaste
260 267 108 22 förmåner
387 268 29 27 på
427 267 88 28 jorden,
533 268 127 27 åtnjutande
676 268 25 21 af
714 269 95 20 Herrans
825 269 100 21 lekamen

178 303 40 20 och
234 302 57 21 blod.

247 337 74 21 Gifves
342 336 36 21 det
397 336 66 27 något
483 336 148 27 våldsamare,
655 339 31 18 att
710 337 49 21 icke
782 339 54 25 säga
851 337 74 27 gudlö-

180 378 60 20 sare,
259 370 151 27 nedbrytande
430 370 25 21 af
472 370 39 21 allt
525 370 58 21 hvad
599 370 85 27 kyrkan
701 371 68 26 heligt
785 371 39 21 och
840 372 87 27 heligast

179 408 61 25 äger,
256 405 55 21 blott
331 404 39 21 och
392 404 77 21 endast
490 404 33 21 för
542 405 125 20 bevarande
684 405 24 20 af
724 405 27 20 de
772 405 24 21 så
812 405 60 22 öfver
887 406 39 21 allt

179 439 94 27 vigtiga,
297 439 25 20 så
344 438 61 21 öfver
428 439 39 20 allt
483 441 68 18 annat
568 439 72 20 allena
655 439 122 21 värdefulla
793 439 38 21 och
858 440 67 21 skatt-

177 474 54 20 bara
239 472 174 27 medborgerliga
424 472 153 21 förmånerna?
592 473 153 27 Sannerligen,
762 473 70 21 skulle
843 474 82 21 utskot-

178 509 43 20 tets
239 506 140 22 betänkande
398 507 67 20 redan
485 506 110 22 afstannat
615 506 37 21 vid
672 514 50 20 pag.
741 509 12 19 2
773 507 39 21 och
834 507 37 22 det
888 508 39 21 der

176 540 143 22 framdukade
344 543 183 25 resonnementet,
552 541 25 21 så
601 540 57 21 hade
683 541 150 22 betänkandet
858 543 66 20 redan

177 575 57 22 varit
257 582 59 14 mera
339 577 27 18 än
390 575 128 27 tillräckligt
539 577 32 19 att
589 575 150 28 ådagalägga,
765 576 36 21 det
820 577 106 20 utskottet

177 610 49 20 icke
252 611 71 19 ansett
344 609 33 27 sig
396 609 85 21 kalladt
502 612 31 18 att
552 609 6 21 i
579 609 36 21 det
634 609 97 28 ringaste
751 610 87 21 bevaka
853 611 72 27 någon

177 644 99 28 kyrkans
300 643 114 28 rättighet,
441 645 50 19 utan
517 644 56 20 blott
595 644 39 20 och
658 644 77 22 endast
759 647 92 25 statens,
873 645 52 21 eller

177 678 86 22 kanske
287 680 80 19 rättare
392 678 75 27 sagdt,
492 680 31 19 att
546 678 130 21 utskottet
670 674 14 36 i
697 678 50 21 hela
762 679 162 27 propositionen

178 712 78 22 endast
269 714 42 20 sett
327 712 40 21 och
380 712 59 21 velat
450 719 23 14 se
485 719 26 14 en
521 712 74 27 vanlig
602 712 96 27 juridisk
709 713 71 27 fråga,
792 713 38 21 der
841 714 79 27 kyrka,

178 749 44 25 tro,
240 746 134 22 bekännelse
394 746 39 21 och
454 746 72 22 ordets
549 746 133 22 vittnesbörd
702 747 49 21 icke
771 747 37 21 det
828 748 95 27 ringaste

178 780 92 22 behöfde
282 780 64 22 afses.
357 792 23 4 —
390 780 36 22 Må
437 780 78 22 sådant
526 780 71 22 kallas
609 782 31 19 ett
650 780 126 28 frisinnadt,
789 782 53 21 eller
853 782 71 21 såsom

177 814 37 22 det
232 814 45 22 ofta
296 815 32 21 får
344 814 50 22 heta
410 817 30 19 ett
455 815 52 21 äkta
522 815 166 27 protestantiskt
704 816 137 26 evangeliskt
860 816 63 21 förfa-

176 849 79 28 rande;
270 849 42 27 jag
331 848 44 22 kan
396 848 18 28 ej
435 849 116 21 instämma
566 849 57 27 deri,
635 848 41 28 jag
691 850 69 20 måste
775 850 97 21 förklara
888 850 36 21 det

175 883 34 21 för
224 884 30 20 ett
270 882 50 22 våld
336 885 57 19 emot
409 883 38 21 vår
460 883 138 28 församling,
615 884 39 20 och
670 884 28 28 på
714 884 37 21 det
766 884 157 28 bestämdaste,

175 918 7 20 i
198 918 72 21 finska
280 917 96 26 kyrkans
392 917 146 23 bekännelses
555 918 87 28 dyraste
657 918 103 28 intresse,
777 918 88 28 aflägga
880 919 43 21 min

176 954 83 26 protest
275 952 102 21 deremot.

244 986 158 28 Kyrkoherden
422 986 124 22 Castrén:
566 986 44 21 Min
631 987 145 27 anmärkning
794 988 69 27 gäller
878 988 45 21 huf-

175 1020 153 27 vudsakligast
344 1020 36 22 det
396 1028 76 14 senare
488 1028 63 14 mom.
567 1020 25 22 af
604 1022 12 19 2
633 1022 13 26 &
661 1022 6 20 i
682 1022 155 26 lagutskottets
849 1022 74 21 betän-

175 1054 81 22 kande.
286 1054 94 21 Berörde
400 1056 13 25 $
432 1054 99 22 frikallar
551 1062 88 20 person,
658 1062 46 14 som
723 1056 75 26 begått
818 1056 58 21 brott
891 1056 32 21 för

175 1089 84 21 hvilket
279 1088 42 21 han
337 1088 70 21 blifvit
423 1088 106 28 sakfälld,
545 1088 47 22 från
608 1089 40 21 allt
663 1096 79 15 ansvar
757 1096 34 14 om
807 1090 43 21 han
867 1092 56 19 emot

175 1125 99 25 prestens
299 1122 92 27 varning
410 1123 51 21 eller
476 1123 120 21 afrådande
612 1126 39 24 gör
666 1123 34 27 sig
726 1124 99 27 delaktig
843 1124 25 21 af
881 1124 40 22 den

175 1156 73 28 heliga
260 1156 135 22 nattvarden.
426 1157 65 21 Detta
501 1157 121 27 stadgande
634 1160 24 18 är
668 1157 131 28 fullkomligt
811 1158 111 22 stridande

176 1193 57 19 emot
253 1191 59 21 Guds
331 1192 156 26 uppenbarade
507 1191 44 22 ord.
582 1192 43 20 Vår
638 1192 68 21 Herre
722 1192 40 21 och
776 1193 94 21 Mästare
886 1200 38 20 ger

175 1232 36 14 oss
232 1225 71 21 denna
314 1225 195 27 behjertansvärda
522 1226 132 27 förmaning:
686 1227 103 25 ,Iskolen
804 1228 44 20 icke
861 1228 62 28 gifva

174 1259 117 21 hundomen
312 1260 33 20 det
363 1260 62 28 heligt
440 1263 34 23 är,
491 1261 36 20 och
542 1260 49 21 edra
603 1261 75 27 perlor
693 1262 70 20 skolen
779 1262 9 20 i
801 1262 44 20 icke
861 1262 61 21 kasta

169 1293 40 27 för
230 1294 69 20 svin.”
328 1294 74 20 Matth.
420 1295 18 19 7:
455 1295 19 20 6.
502 1294 92 21 Hvartill
611 1294 56 21 skall
694 1295 35 21 det
746 1295 35 21 väl
807 1296 59 26 leda,
888 1303 33 14 om

174 1328 86 24 presten
280 1326 71 20 såsom
368 1326 105 28 ,skaffare
489 1327 33 20 till
537 1327 59 21 Guds
612 1328 120 27 hemlighet"
747 1328 39 20 och
801 1329 122 26 ,sändebud

173 1360 9 19 i
205 1359 69 21 Kristi
297 1359 61 21 stad"
382 1359 40 21 har
443 1360 24 20 så
486 1360 88 21 bundna
595 1360 91 28 händer,
708 1363 31 19 att
754 1361 42 21 han
813 1362 49 20 icke
877 1362 43 21 kan

173 1395 69 25 vägra
261 1393 95 22 Herrans
374 1394 102 21 nattvard
500 1394 22 21 åt
543 1394 120 28 uppenbart
682 1395 147 28 obotfärdiga,
849 1396 71 27 illger-

172 1428 127 28 ningsmän,
322 1428 220 27 religionsförnekare
567 1429 39 20 och
630 1429 134 28 bespottare,
786 1430 83 28 hvilka,
889 1431 32 20 för

569 1663 177 71 Män
