1020 1798
769 124 41 21 383

88 187 41 22 och
145 188 42 28 jag
206 187 44 23 kan
271 187 19 28 ej
311 188 115 21 underlåta
445 190 33 19 att
496 188 29 28 på
540 189 79 27 många
635 196 43 14 om-
694 189 40 21 och
748 189 92 27 bivägar

87 222 56 22 söka
160 222 23 22 få
202 222 60 22 detta
281 222 48 22 mitt
347 222 131 22 naturbebof
496 222 169 29 tillfredsstäldt,
686 230 48 15 men
751 230 34 15 om
801 224 39 21 allt

87 256 134 22 fortfarande
240 256 44 28 mig
304 258 69 21 möter
390 257 120 27 motstånd,
529 257 37 22 det
585 264 41 15 ena
645 258 99 22 starkare
760 261 27 19 än
804 258 36 21 det

89 291 78 28 andra,
183 291 73 21 kunde
272 298 50 14 man
336 291 36 21 väl
387 291 79 21 förlåta
482 291 52 28 mig,
552 298 33 14 om
597 292 41 28 jag
655 292 28 20 då
699 293 71 21 skulle
786 299 52 14 anse

86 325 45 28 mig
149 325 131 28 berättigad
296 327 32 19 att
348 326 115 27 sluteligen
484 326 50 21 med
554 326 71 28 fysisk
643 326 68 27 kraft,
733 333 34 15 om
786 326 52 28 möj-

85 360 52 28 ligt,
158 359 92 28 tillegna
270 359 45 28 mig
334 359 37 22 det
390 360 159 27 efterlängtade
569 362 93 26 vattnet,
687 360 39 22 och
746 360 92 22 erhåller

83 394 42 28 jag
146 394 38 21 det
205 394 69 22 under
296 394 70 22 sådan
388 394 62 22 retad
467 395 166 27 ansträngning,
654 394 24 21 så
698 395 84 21 fordras
798 395 39 21 hos

86 429 45 27 mig
146 428 46 22 åter
208 435 25 15 en
250 430 44 20 stor
309 428 68 22 måtta
393 429 33 21 för
439 430 32 20 att
482 428 48 22 icke
542 428 49 22 med
602 429 37 21 det
650 429 105 22 sundaste
766 429 71 21 medel

86 463 83 27 ådraga
187 463 44 27 mig
246 462 85 29 ohelsa;
352 470 49 14 men
416 463 63 21 hvem
496 466 52 25 äger
562 463 6 21 i
585 470 26 15 en
628 464 25 20 så
668 464 113 21 exalterad
796 464 42 21 sin-

86 497 167 28 nesförfattning
276 476 72 53 dertill
370 504 43 21 nog
434 498 149 28 resignation?
605 491 62 28 Ännu
691 500 30 20 ett
740 498 98 28 exempel

86 532 47 22 från
153 532 90 28 dagliga
263 532 157 22 erfarenheten.
450 533 35 21 Då
502 539 26 15 en
542 532 116 22 husmoder
673 533 69 27 gifver
757 535 44 19 mat
816 533 24 20 åt

86 567 110 22 utsvultna
219 567 95 28 tiggare,
337 567 69 21 finner
428 567 42 21 hon
494 566 54 28 ofta,
572 569 31 19 att
626 567 27 21 de
672 568 118 22 öfverlasta
805 567 34 27 sig

87 601 89 22 dermed
195 602 25 21 så
240 603 32 20 att
293 601 72 22 döden
386 601 64 21 deraf
467 608 51 15 vore
534 608 26 15 en
576 601 129 27 oundviklig
719 601 64 28 följd,
799 602 39 21 och

88 636 43 21 hon
152 636 71 21 måste
246 635 84 22 derföre
353 636 58 21 neka
433 635 48 22 dem
502 638 32 18 att
555 635 32 22 för
603 635 72 21 denna
690 636 58 26 gång
764 636 75 20 vidare

86 669 161 22 tillfredsställa
262 670 33 21 sin
311 669 88 28 lystnad
415 669 54 22 efter
488 671 52 20 mat.
571 669 76 22 Skulle
663 669 86 22 således
764 672 74 19 vatten

87 704 40 22 och
149 706 45 19 mat
217 704 52 21 stått
292 703 48 22 dem
361 703 74 22 städse
455 704 33 21 till
507 703 45 22 fritt
568 703 63 28 bruk,
647 703 57 22 hade
720 704 41 21 ock
775 704 63 21 deras

88 739 116 26 begärelse
226 738 104 27 iakttagit
352 738 82 21 normal
456 737 144 29 försigtighet.
635 738 30 21 Så
688 740 24 19 är
734 738 42 21 ock
798 737 40 22 för-

86 773 114 21 hållandet
219 773 50 21 med
288 773 220 27 brännvinsbegäret:
526 772 25 28 ju
572 779 59 14 mera
651 772 46 27 det,
723 774 116 20 tvärtemot

87 807 81 22 folkets
187 807 39 22 sed
247 807 40 22 och
307 807 210 28 rättsmedvetande,
539 807 98 22 hämmas
659 807 39 21 och
719 807 120 27 begränsas

87 849 78 20 genom
183 842 126 21 restriktiva
328 841 63 28 lagar
404 841 7 22 i
427 841 85 28 vidriga
528 841 83 28 former,
629 841 61 22 desto
706 848 59 15 mera
780 843 59 20 retas

88 876 40 22 och
146 879 85 25 stegras
250 877 47 27 det,
317 876 40 22 och
376 878 100 20 tvärtom.
507 876 43 28 Jag
568 882 64 15 anser
652 875 84 22 derföre
754 875 27 22 fri
796 876 43 21 till-

88 912 107 27 verkniog
215 912 25 22 af
252 912 106 22 brännvin
374 912 40 21 och
430 912 26 21 fri
472 912 145 27 konkurrens,
634 912 93 21 likasom
741 912 6 21 i
764 912 75 28 hvarje

89 953 72 15 annan
176 946 103 29 industri,
295 953 53 15 vara
362 946 37 21 det
409 946 57 22 enda
476 948 67 26 rätta,
556 946 39 22 och
606 946 105 21 refererar
721 946 7 21 i
738 946 101 22 bemälde

89 980 103 22 afseende
211 981 46 21 från
276 980 137 28 Helsingfors
431 980 121 28 Tidningar
570 980 147 22 innevarande
732 988 57 14 mars
804 988 35 14 n:o

89 1016 26 21 67
135 1016 40 21 och
198 1016 26 21 69
246 1015 97 28 följande
358 1015 88 28 utdrag:
466 1015 49 27 ,det
530 1015 28 28 på
572 1016 87 26 engång
674 1016 108 27 enklaste,
798 1016 42 21 för-

89 1050 117 28 nuftigaste
226 1050 40 22 och
285 1050 144 27 naturligaste
445 1056 65 22 synes
525 1056 53 15 vara
593 1052 32 18 att
640 1049 105 28 prisgifva
761 1050 77 21 bränn-

89 1084 155 22 vinsindustrin
268 1085 22 21 åt
312 1084 27 22 fri
361 1084 135 22 konkurrens
516 1084 39 22 och
576 1084 104 28 derjemte
701 1084 45 21 låta
767 1086 71 20 staten

89 1120 70 27 draga
178 1119 29 22 all
227 1120 41 21 den
287 1119 69 22 fördel
375 1119 71 27 deraf,
465 1126 46 15 som
530 1119 42 21 den
593 1119 54 27 kan,
663 1125 78 21 genom
756 1121 33 19 att
805 1119 35 21 be-

90 1154 74 22 skatta
180 1153 42 22 den
238 1154 25 21 så
278 1154 61 28 högt,
357 1160 45 15 som
417 1154 56 21 blott
484 1153 165 23 förhållandena
659 1153 116 27 medgifva.
804 1153 36 21 Då

91 1188 57 22 skall
164 1188 172 28 otvifvelaktigt,
352 1188 72 22 såsom
439 1188 6 21 i
457 1188 29 21 all
496 1188 101 27 industri,
607 1187 37 21 det
655 1189 68 20 större
733 1187 108 28 kapitalet

90 1224 60 20 snart
175 1229 43 21 nog
236 1222 127 29 öfverflygla
381 1223 36 21 det
437 1222 83 22 mindre
541 1222 40 22 och
601 1222 239 21 husbehofsbrännaren

89 1257 59 21 finna
164 1256 36 22 det
215 1264 53 14 vara
283 1257 88 21 klokast
386 1259 32 19 att
433 1257 110 27 nedlägga
558 1256 104 27 rörelsen,
681 1258 24 26 ty
721 1256 59 21 hvad
794 1262 46 15 som

91 1298 29 14 nu
139 1290 80 22 förmår
236 1290 79 22 honom
330 1290 25 21 så
370 1290 59 28 ifrigt
444 1290 102 22 fasthälla
562 1290 42 21 den
620 1289 38 21 der
674 1289 165 28 ,rättigheten*,

91 1328 24 18 är
132 1324 120 28 ingalunda
272 1324 135 27 ,behofvet*,
421 1326 60 19 utom
496 1323 103 28 möjligen
614 1323 40 22 hos
670 1330 26 23 en
713 1323 37 21 och
768 1330 72 14 annan

92 1359 111 27 drinkare,
220 1360 52 20 utan
288 1358 36 22 det
339 1360 24 19 är
379 1358 42 22 den
436 1358 182 27 utomordentliga
633 1358 67 27 vinst,
716 1364 44 15 som
775 1364 66 15 nuva-

92 1392 68 22 rande
175 1392 151 21 förhällanden
342 1392 40 21 och
397 1393 137 26 lagstiftning
548 1392 92 22 bereder
649 1392 78 21 honom
738 1392 28 28 pä
776 1392 65 21 rörel-

92 1434 48 14 sen:
164 1427 40 20 och
220 1427 26 26 ju
264 1427 65 20 friare
347 1427 165 21 konkurrensen
530 1427 32 20 får
580 1426 77 26 verka,
675 1426 62 20 desto
751 1433 89 13 snarare
