<?xml version="1.0" encoding="UTF-8"?>
<alto xmlns="http://www.loc.gov/standards/alto/ns-v3#" xmlns:xlink="http://www.w3.org/1999/xlink" xmlns:xsi="http://www.w3.org/2001/XMLSchema-instance" xsi:schemaLocation="http://www.loc.gov/standards/alto/ns-v3# http://www.loc.gov/alto/v3/alto-3-0.xsd">
	<Description>
		<MeasurementUnit>pixel</MeasurementUnit>
		<sourceImageInformation>
			<fileName>/tmp/tess_uds49e1w_input.PNG</fileName>
		</sourceImageInformation>
		<OCRProcessing ID="OCR_0">
			<ocrProcessingStep>
				<processingSoftware>
					<softwareName>tesseract 5.3.4</softwareName>
				</processingSoftware>
			</ocrProcessingStep>
		</OCRProcessing>
	</Description>
	<Layout>
		<Page WIDTH="1025" HEIGHT="1845" PHYSICAL_IMG_NR="0" ID="page_0">
			<PrintSpace HPOS="0" VPOS="0" WIDTH="1025" HEIGHT="1845">
				<ComposedBlock ID="cblock_0" HPOS="209" VPOS="142" WIDTH="40" HEIGHT="21">
					<TextBlock ID="block_0" HPOS="209" VPOS="142" WIDTH="40" HEIGHT="21">
						<TextLine ID="line_0" HPOS="209" VPOS="142" WIDTH="40" HEIGHT="21">
							<String ID="string_0" HPOS="209" VPOS="142" WIDTH="40" HEIGHT="21" WC="0.96" CONTENT="516"/>
						</TextLine>
					</TextBlock>
				</ComposedBlock>
				<ComposedBlock ID="cblock_1" HPOS="179" VPOS="203" WIDTH="753" HEIGHT="1268">
					<TextBlock ID="block_1" HPOS="179" VPOS="203" WIDTH="752" HEIGHT="198">
						<TextLine ID="line_1" HPOS="181" VPOS="203" WIDTH="749" HEIGHT="29">
							<String ID="string_1" HPOS="181" VPOS="207" WIDTH="97" HEIGHT="21" WC="0.92" CONTENT="deremot"/><SP WIDTH="20" VPOS="207" HPOS="278"/>
							<String ID="string_2" HPOS="298" VPOS="212" WIDTH="52" HEIGHT="16" WC="0.95" CONTENT="vore"/><SP WIDTH="22" VPOS="212" HPOS="350"/>
							<String ID="string_3" HPOS="372" VPOS="211" WIDTH="51" HEIGHT="16" WC="0.96" CONTENT="ense"/><SP WIDTH="23" VPOS="211" HPOS="423"/>
							<String ID="string_4" HPOS="446" VPOS="204" WIDTH="74" HEIGHT="22" WC="0.96" CONTENT="derom"/><SP WIDTH="22" VPOS="204" HPOS="520"/>
							<String ID="string_5" HPOS="542" VPOS="206" WIDTH="32" HEIGHT="20" WC="0.93" CONTENT="att"/><SP WIDTH="22" VPOS="206" HPOS="574"/>
							<String ID="string_6" HPOS="596" VPOS="203" WIDTH="139" HEIGHT="29" WC="0.92" CONTENT="prestabolen"/><SP WIDTH="22" VPOS="203" HPOS="735"/>
							<String ID="string_7" HPOS="757" VPOS="203" WIDTH="67" HEIGHT="22" WC="0.96" CONTENT="borde"/><SP WIDTH="22" VPOS="203" HPOS="824"/>
							<String ID="string_8" HPOS="846" VPOS="203" WIDTH="8" HEIGHT="21" WC="0.93" CONTENT="i"/><SP WIDTH="22" VPOS="203" HPOS="854"/>
							<String ID="string_9" HPOS="876" VPOS="203" WIDTH="54" HEIGHT="22" WC="0.91" CONTENT="håll-"/>
						</TextLine>
						<TextLine ID="line_2" HPOS="181" VPOS="237" WIDTH="749" HEIGHT="32">
							<String ID="string_10" HPOS="181" VPOS="241" WIDTH="221" HEIGHT="28" WC="0.91" CONTENT="skjutsningstungan"/><SP WIDTH="19" VPOS="241" HPOS="402"/>
							<String ID="string_11" HPOS="421" VPOS="239" WIDTH="98" HEIGHT="28" WC="0.96" CONTENT="deltaga,"/><SP WIDTH="20" VPOS="239" HPOS="519"/>
							<String ID="string_12" HPOS="539" VPOS="239" WIDTH="25" HEIGHT="22" WC="0.93" CONTENT="så"/><SP WIDTH="18" VPOS="239" HPOS="564"/>
							<String ID="string_13" HPOS="582" VPOS="238" WIDTH="81" HEIGHT="29" WC="0.91" CONTENT="blefve,"/><SP WIDTH="20" VPOS="238" HPOS="663"/>
							<String ID="string_14" HPOS="683" VPOS="238" WIDTH="29" HEIGHT="28" WC="0.96" CONTENT="på"/><SP WIDTH="15" VPOS="238" HPOS="712"/>
							<String ID="string_15" HPOS="727" VPOS="237" WIDTH="70" HEIGHT="28" WC="0.96" CONTENT="grund"/><SP WIDTH="15" VPOS="237" HPOS="797"/>
							<String ID="string_16" HPOS="812" VPOS="237" WIDTH="24" HEIGHT="22" WC="0.93" CONTENT="af"/><SP WIDTH="12" VPOS="237" HPOS="836"/>
							<String ID="string_17" HPOS="848" VPOS="237" WIDTH="82" HEIGHT="28" WC="0.91" CONTENT="frågor-"/>
						</TextLine>
						<TextLine ID="line_3" HPOS="180" VPOS="272" WIDTH="751" HEIGHT="31">
							<String ID="string_18" HPOS="180" VPOS="282" WIDTH="41" HEIGHT="15" WC="0.91" CONTENT="nas"/><SP WIDTH="22" VPOS="282" HPOS="221"/>
							<String ID="string_19" HPOS="243" VPOS="274" WIDTH="195" HEIGHT="29" WC="0.90" CONTENT="grundlagsenliga"/><SP WIDTH="22" VPOS="274" HPOS="438"/>
							<String ID="string_20" HPOS="460" VPOS="273" WIDTH="162" HEIGHT="28" WC="0.96" CONTENT="beskaffenhet,"/><SP WIDTH="24" VPOS="273" HPOS="622"/>
							<String ID="string_21" HPOS="646" VPOS="272" WIDTH="27" HEIGHT="22" WC="0.96" CONTENT="de"/><SP WIDTH="23" VPOS="272" HPOS="673"/>
							<String ID="string_22" HPOS="696" VPOS="273" WIDTH="8" HEIGHT="21" WC="0.96" CONTENT="i"/><SP WIDTH="22" VPOS="273" HPOS="704"/>
							<String ID="string_23" HPOS="726" VPOS="272" WIDTH="68" HEIGHT="23" WC="0.96" CONTENT="första"/><SP WIDTH="18" VPOS="272" HPOS="794"/>
							<String ID="string_24" HPOS="812" VPOS="274" WIDTH="119" HEIGHT="20" WC="0.96" CONTENT="momentet"/>
						</TextLine>
						<TextLine ID="line_4" HPOS="179" VPOS="307" WIDTH="751" HEIGHT="32">
							<String ID="string_25" HPOS="179" VPOS="309" WIDTH="144" HEIGHT="30" WC="0.84" CONTENT="uppräknade"/><SP WIDTH="25" VPOS="309" HPOS="323"/>
							<String ID="string_26" HPOS="348" VPOS="307" WIDTH="195" HEIGHT="29" WC="0.91" CONTENT="frälselägenheter"/><SP WIDTH="24" VPOS="307" HPOS="543"/>
							<String ID="string_27" HPOS="567" VPOS="307" WIDTH="99" HEIGHT="23" WC="0.96" CONTENT="befriade"/><SP WIDTH="26" VPOS="307" HPOS="666"/>
							<String ID="string_28" HPOS="692" VPOS="307" WIDTH="47" HEIGHT="22" WC="0.96" CONTENT="från"/><SP WIDTH="23" VPOS="307" HPOS="739"/>
							<String ID="string_29" HPOS="762" VPOS="307" WIDTH="62" HEIGHT="22" WC="0.96" CONTENT="detta"/><SP WIDTH="21" VPOS="307" HPOS="824"/>
							<String ID="string_30" HPOS="845" VPOS="307" WIDTH="85" HEIGHT="28" WC="0.96" CONTENT="besvär,"/>
						</TextLine>
						<TextLine ID="line_5" HPOS="180" VPOS="341" WIDTH="751" HEIGHT="30">
							<String ID="string_31" HPOS="180" VPOS="351" WIDTH="50" HEIGHT="16" WC="0.93" CONTENT="men"/><SP WIDTH="15" VPOS="351" HPOS="230"/>
							<String ID="string_32" HPOS="245" VPOS="345" WIDTH="98" HEIGHT="22" WC="0.92" CONTENT="deremot"/><SP WIDTH="15" VPOS="345" HPOS="343"/>
							<String ID="string_33" HPOS="358" VPOS="344" WIDTH="27" HEIGHT="22" WC="0.93" CONTENT="de"/><SP WIDTH="16" VPOS="344" HPOS="385"/>
							<String ID="string_34" HPOS="401" VPOS="343" WIDTH="157" HEIGHT="24" WC="0.91" CONTENT="ecklesiastika"/><SP WIDTH="13" VPOS="343" HPOS="558"/>
							<String ID="string_35" HPOS="571" VPOS="343" WIDTH="124" HEIGHT="22" WC="0.91" CONTENT="boställena"/><SP WIDTH="11" VPOS="343" HPOS="695"/>
							<String ID="string_36" HPOS="706" VPOS="349" WIDTH="90" HEIGHT="16" WC="0.91" CONTENT="ensama"/><SP WIDTH="10" VPOS="349" HPOS="796"/>
							<String ID="string_37" HPOS="806" VPOS="341" WIDTH="125" HEIGHT="30" WC="0.91" CONTENT="betungade"/>
						</TextLine>
						<TextLine ID="line_6" HPOS="181" VPOS="379" WIDTH="301" HEIGHT="22">
							<String ID="string_38" HPOS="181" VPOS="379" WIDTH="50" HEIGHT="22" WC="0.93" CONTENT="med"/><SP WIDTH="16" VPOS="379" HPOS="231"/>
							<String ID="string_39" HPOS="247" VPOS="379" WIDTH="127" HEIGHT="22" WC="0.95" CONTENT="detsamma."/><SP WIDTH="104" VPOS="379" HPOS="374"/>
							<String ID="string_40" HPOS="478" VPOS="390" WIDTH="4" HEIGHT="4" WC="0.53" CONTENT=":"/>
						</TextLine>
					</TextBlock>
					<TextBlock ID="block_2" HPOS="180" VPOS="412" WIDTH="752" HEIGHT="92">
						<TextLine ID="line_7" HPOS="249" VPOS="412" WIDTH="683" HEIGHT="28">
							<String ID="string_41" HPOS="249" VPOS="414" WIDTH="92" HEIGHT="21" WC="0.93" CONTENT="Prosten"/><SP WIDTH="17" VPOS="414" HPOS="341"/>
							<String ID="string_42" HPOS="358" VPOS="413" WIDTH="24" HEIGHT="22" WC="0.92" CONTENT="J."/><SP WIDTH="18" VPOS="413" HPOS="382"/>
							<String ID="string_43" HPOS="400" VPOS="413" WIDTH="22" HEIGHT="21" WC="0.96" CONTENT="I."/><SP WIDTH="19" VPOS="413" HPOS="422"/>
							<String ID="string_44" HPOS="441" VPOS="413" WIDTH="86" HEIGHT="27" WC="0.96" CONTENT="Bergh"/><SP WIDTH="14" VPOS="413" HPOS="527"/>
							<String ID="string_45" HPOS="541" VPOS="412" WIDTH="74" HEIGHT="22" WC="0.96" CONTENT="anhöll"/><SP WIDTH="16" VPOS="412" HPOS="615"/>
							<String ID="string_46" HPOS="631" VPOS="414" WIDTH="32" HEIGHT="20" WC="0.96" CONTENT="att"/><SP WIDTH="14" VPOS="414" HPOS="663"/>
							<String ID="string_47" HPOS="677" VPOS="412" WIDTH="37" HEIGHT="22" WC="0.96" CONTENT="vid"/><SP WIDTH="14" VPOS="412" HPOS="714"/>
							<String ID="string_48" HPOS="728" VPOS="412" WIDTH="70" HEIGHT="28" WC="0.96" CONTENT="tredje"/><SP WIDTH="15" VPOS="412" HPOS="798"/>
							<String ID="string_49" HPOS="813" VPOS="414" WIDTH="119" HEIGHT="20" WC="0.96" CONTENT="momentet"/>
						</TextLine>
						<TextLine ID="line_8" HPOS="180" VPOS="446" WIDTH="751" HEIGHT="29">
							<String ID="string_50" HPOS="180" VPOS="448" WIDTH="23" HEIGHT="21" WC="0.96" CONTENT="få"/><SP WIDTH="16" VPOS="448" HPOS="203"/>
							<String ID="string_51" HPOS="219" VPOS="450" WIDTH="59" HEIGHT="25" WC="0.96" CONTENT="yttra"/><SP WIDTH="17" VPOS="450" HPOS="278"/>
							<String ID="string_52" HPOS="295" VPOS="448" WIDTH="35" HEIGHT="27" WC="0.96" CONTENT="sig"/><SP WIDTH="18" VPOS="448" HPOS="330"/>
							<String ID="string_53" HPOS="348" VPOS="454" WIDTH="34" HEIGHT="15" WC="0.93" CONTENT="om"/><SP WIDTH="18" VPOS="454" HPOS="382"/>
							<String ID="string_54" HPOS="400" VPOS="447" WIDTH="121" HEIGHT="22" WC="0.91" CONTENT="boställens"/><SP WIDTH="18" VPOS="447" HPOS="521"/>
							<String ID="string_55" HPOS="539" VPOS="446" WIDTH="309" HEIGHT="29" WC="0.91" CONTENT="hållskjutsningsskyldighet"/><SP WIDTH="19" VPOS="446" HPOS="848"/>
							<String ID="string_56" HPOS="867" VPOS="447" WIDTH="8" HEIGHT="20" WC="0.92" CONTENT="i"/><SP WIDTH="18" VPOS="447" HPOS="875"/>
							<String ID="string_57" HPOS="893" VPOS="446" WIDTH="38" HEIGHT="22" WC="0.88" CONTENT="all-"/>
						</TextLine>
						<TextLine ID="line_9" HPOS="180" VPOS="481" WIDTH="751" HEIGHT="23">
							<String ID="string_58" HPOS="180" VPOS="481" WIDTH="89" HEIGHT="23" WC="0.90" CONTENT="mänhet"/><SP WIDTH="18" VPOS="481" HPOS="269"/>
							<String ID="string_59" HPOS="287" VPOS="481" WIDTH="41" HEIGHT="22" WC="0.96" CONTENT="och"/><SP WIDTH="18" VPOS="481" HPOS="328"/>
							<String ID="string_60" HPOS="346" VPOS="481" WIDTH="49" HEIGHT="22" WC="0.96" CONTENT="icke"/><SP WIDTH="19" VPOS="481" HPOS="395"/>
							<String ID="string_61" HPOS="414" VPOS="481" WIDTH="78" HEIGHT="22" WC="0.96" CONTENT="endast"/><SP WIDTH="16" VPOS="481" HPOS="492"/>
							<String ID="string_62" HPOS="508" VPOS="488" WIDTH="34" HEIGHT="15" WC="0.96" CONTENT="om"/><SP WIDTH="16" VPOS="488" HPOS="542"/>
							<String ID="string_63" HPOS="558" VPOS="481" WIDTH="27" HEIGHT="22" WC="0.96" CONTENT="de"/><SP WIDTH="16" VPOS="481" HPOS="585"/>
							<String ID="string_64" HPOS="601" VPOS="481" WIDTH="126" HEIGHT="22" WC="0.93" CONTENT="nuvarande"/><SP WIDTH="15" VPOS="481" HPOS="727"/>
							<String ID="string_65" HPOS="742" VPOS="481" WIDTH="189" HEIGHT="22" WC="0.92" CONTENT="innehafvarenes."/>
						</TextLine>
					</TextBlock>
					<TextBlock ID="block_3" HPOS="181" VPOS="515" WIDTH="750" HEIGHT="236">
						<TextLine ID="line_10" HPOS="249" VPOS="515" WIDTH="682" HEIGHT="29">
							<String ID="string_66" HPOS="249" VPOS="517" WIDTH="145" HEIGHT="27" WC="0.91" CONTENT="Domprosten"/><SP WIDTH="19" VPOS="517" HPOS="394"/>
							<String ID="string_67" HPOS="413" VPOS="516" WIDTH="67" HEIGHT="27" WC="0.96" CONTENT="Borg"/><SP WIDTH="19" VPOS="516" HPOS="480"/>
							<String ID="string_68" HPOS="499" VPOS="516" WIDTH="70" HEIGHT="27" WC="0.95" CONTENT="ansåg"/><SP WIDTH="19" VPOS="516" HPOS="569"/>
							<String ID="string_69" HPOS="588" VPOS="516" WIDTH="72" HEIGHT="27" WC="0.93" CONTENT="någon"/><SP WIDTH="21" VPOS="516" HPOS="660"/>
							<String ID="string_70" HPOS="681" VPOS="515" WIDTH="79" HEIGHT="28" WC="0.92" CONTENT="partiel"/><SP WIDTH="20" VPOS="515" HPOS="760"/>
							<String ID="string_71" HPOS="780" VPOS="515" WIDTH="125" HEIGHT="22" WC="0.96" CONTENT="diskussion"/><SP WIDTH="19" VPOS="515" HPOS="905"/>
							<String ID="string_72" HPOS="924" VPOS="515" WIDTH="7" HEIGHT="21" WC="0.96" CONTENT="i"/>
						</TextLine>
						<TextLine ID="line_11" HPOS="181" VPOS="549" WIDTH="749" HEIGHT="29">
							<String ID="string_73" HPOS="181" VPOS="553" WIDTH="72" HEIGHT="19" WC="0.96" CONTENT="ämnet"/><SP WIDTH="18" VPOS="553" HPOS="253"/>
							<String ID="string_74" HPOS="271" VPOS="551" WIDTH="50" HEIGHT="21" WC="0.93" CONTENT="icke"/><SP WIDTH="19" VPOS="551" HPOS="321"/>
							<String ID="string_75" HPOS="340" VPOS="550" WIDTH="106" HEIGHT="28" WC="0.92" CONTENT="behöflig,"/><SP WIDTH="21" VPOS="550" HPOS="446"/>
							<String ID="string_76" HPOS="467" VPOS="549" WIDTH="67" HEIGHT="22" WC="0.94" CONTENT="ehuru"/><SP WIDTH="20" VPOS="549" HPOS="534"/>
							<String ID="string_77" HPOS="554" VPOS="550" WIDTH="37" HEIGHT="21" WC="0.97" CONTENT="det"/><SP WIDTH="19" VPOS="550" HPOS="591"/>
							<String ID="string_78" HPOS="610" VPOS="549" WIDTH="50" HEIGHT="22" WC="0.96" CONTENT="icke"/><SP WIDTH="20" VPOS="549" HPOS="660"/>
							<String ID="string_79" HPOS="680" VPOS="549" WIDTH="74" HEIGHT="22" WC="0.93" CONTENT="kunde"/><SP WIDTH="15" VPOS="549" HPOS="754"/>
							<String ID="string_80" HPOS="769" VPOS="549" WIDTH="109" HEIGHT="22" WC="0.91" CONTENT="förmenas"/><SP WIDTH="16" VPOS="549" HPOS="878"/>
							<String ID="string_81" HPOS="894" VPOS="550" WIDTH="36" HEIGHT="21" WC="0.92" CONTENT="nå-"/>
						</TextLine>
						<TextLine ID="line_12" HPOS="181" VPOS="584" WIDTH="750" HEIGHT="29">
							<String ID="string_82" HPOS="181" VPOS="592" WIDTH="44" HEIGHT="21" WC="0.96" CONTENT="gon"/><SP WIDTH="15" VPOS="592" HPOS="225"/>
							<String ID="string_83" HPOS="240" VPOS="587" WIDTH="32" HEIGHT="20" WC="0.96" CONTENT="att"/><SP WIDTH="13" VPOS="587" HPOS="272"/>
							<String ID="string_84" HPOS="285" VPOS="587" WIDTH="59" HEIGHT="26" WC="0.96" CONTENT="yttra"/><SP WIDTH="16" VPOS="587" HPOS="344"/>
							<String ID="string_85" HPOS="360" VPOS="585" WIDTH="34" HEIGHT="27" WC="0.96" CONTENT="sig"/><SP WIDTH="15" VPOS="585" HPOS="394"/>
							<String ID="string_86" HPOS="409" VPOS="584" WIDTH="105" HEIGHT="23" WC="0.96" CONTENT="särskildt"/><SP WIDTH="15" VPOS="584" HPOS="514"/>
							<String ID="string_87" HPOS="529" VPOS="584" WIDTH="134" HEIGHT="22" WC="0.96" CONTENT="beträffande"/><SP WIDTH="16" VPOS="584" HPOS="663"/>
							<String ID="string_88" HPOS="679" VPOS="584" WIDTH="28" HEIGHT="21" WC="0.93" CONTENT="de"/><SP WIDTH="16" VPOS="584" HPOS="707"/>
							<String ID="string_89" HPOS="723" VPOS="584" WIDTH="158" HEIGHT="22" WC="0.89" CONTENT="ecklesiastika"/><SP WIDTH="13" VPOS="584" HPOS="881"/>
							<String ID="string_90" HPOS="894" VPOS="585" WIDTH="37" HEIGHT="21" WC="0.91" CONTENT="bo-"/>
						</TextLine>
						<TextLine ID="line_13" HPOS="181" VPOS="617" WIDTH="750" HEIGHT="30">
							<String ID="string_91" HPOS="181" VPOS="617" WIDTH="100" HEIGHT="24" WC="0.96" CONTENT="ställena."/><SP WIDTH="31" VPOS="617" HPOS="281"/>
							<String ID="string_92" HPOS="312" VPOS="619" WIDTH="140" HEIGHT="22" WC="0.92" CONTENT="Beträffande"/><SP WIDTH="8" VPOS="619" HPOS="452"/>
							<String ID="string_93" HPOS="460" VPOS="621" WIDTH="88" HEIGHT="26" WC="0.93" CONTENT="prosten"/><SP WIDTH="13" VPOS="621" HPOS="548"/>
							<String ID="string_94" HPOS="561" VPOS="619" WIDTH="84" HEIGHT="28" WC="0.32" CONTENT="Alopsei"/><SP WIDTH="12" VPOS="619" HPOS="645"/>
							<String ID="string_95" HPOS="657" VPOS="619" WIDTH="145" HEIGHT="28" WC="0.96" CONTENT="anmärkning"/><SP WIDTH="11" VPOS="619" HPOS="802"/>
							<String ID="string_96" HPOS="813" VPOS="619" WIDTH="74" HEIGHT="22" WC="0.96" CONTENT="derom"/><SP WIDTH="12" VPOS="619" HPOS="887"/>
							<String ID="string_97" HPOS="899" VPOS="621" WIDTH="32" HEIGHT="20" WC="0.96" CONTENT="att"/>
						</TextLine>
						<TextLine ID="line_14" HPOS="181" VPOS="653" WIDTH="750" HEIGHT="30">
							<String ID="string_98" HPOS="181" VPOS="654" WIDTH="164" HEIGHT="29" WC="0.96" CONTENT="propositionen"/><SP WIDTH="17" VPOS="654" HPOS="345"/>
							<String ID="string_99" HPOS="362" VPOS="653" WIDTH="68" HEIGHT="23" WC="0.96" CONTENT="borde"/><SP WIDTH="17" VPOS="653" HPOS="430"/>
							<String ID="string_100" HPOS="447" VPOS="661" WIDTH="53" HEIGHT="14" WC="0.92" CONTENT="vara"/><SP WIDTH="18" VPOS="661" HPOS="500"/>
							<String ID="string_101" HPOS="518" VPOS="653" WIDTH="111" HEIGHT="28" WC="0.91" CONTENT="vilkorlig,"/><SP WIDTH="18" VPOS="653" HPOS="629"/>
							<String ID="string_102" HPOS="647" VPOS="653" WIDTH="25" HEIGHT="22" WC="0.96" CONTENT="så"/><SP WIDTH="16" VPOS="653" HPOS="672"/>
							<String ID="string_103" HPOS="688" VPOS="660" WIDTH="51" HEIGHT="15" WC="0.96" CONTENT="vore"/><SP WIDTH="14" VPOS="660" HPOS="739"/>
							<String ID="string_104" HPOS="753" VPOS="653" WIDTH="37" HEIGHT="22" WC="0.96" CONTENT="det"/><SP WIDTH="12" VPOS="653" HPOS="790"/>
							<String ID="string_105" HPOS="802" VPOS="653" WIDTH="129" HEIGHT="28" WC="0.96" CONTENT="visserligen"/>
						</TextLine>
						<TextLine ID="line_15" HPOS="181" VPOS="688" WIDTH="750" HEIGHT="29">
							<String ID="string_106" HPOS="181" VPOS="689" WIDTH="82" HEIGHT="28" WC="0.94" CONTENT="nyttigt"/><SP WIDTH="20" VPOS="689" HPOS="263"/>
							<String ID="string_107" HPOS="283" VPOS="691" WIDTH="32" HEIGHT="20" WC="0.96" CONTENT="att"/><SP WIDTH="14" VPOS="691" HPOS="315"/>
							<String ID="string_108" HPOS="329" VPOS="688" WIDTH="57" HEIGHT="23" WC="0.96" CONTENT="förut"/><SP WIDTH="15" VPOS="688" HPOS="386"/>
							<String ID="string_109" HPOS="401" VPOS="688" WIDTH="69" HEIGHT="22" WC="0.93" CONTENT="tänka"/><SP WIDTH="16" VPOS="688" HPOS="470"/>
							<String ID="string_110" HPOS="486" VPOS="688" WIDTH="77" HEIGHT="28" WC="0.93" CONTENT="derpå,"/><SP WIDTH="20" VPOS="688" HPOS="563"/>
							<String ID="string_111" HPOS="583" VPOS="695" WIDTH="49" HEIGHT="14" WC="0.96" CONTENT="men"/><SP WIDTH="16" VPOS="695" HPOS="632"/>
							<String ID="string_112" HPOS="648" VPOS="688" WIDTH="41" HEIGHT="22" WC="0.96" CONTENT="den"/><SP WIDTH="17" VPOS="688" HPOS="689"/>
							<String ID="string_113" HPOS="706" VPOS="688" WIDTH="25" HEIGHT="21" WC="0.93" CONTENT="af"/><SP WIDTH="17" VPOS="688" HPOS="731"/>
							<String ID="string_114" HPOS="748" VPOS="688" WIDTH="139" HEIGHT="22" WC="0.88" CONTENT="talemannen"/><SP WIDTH="16" VPOS="688" HPOS="887"/>
							<String ID="string_115" HPOS="903" VPOS="695" WIDTH="28" HEIGHT="15" WC="0.96" CONTENT="nu"/>
						</TextLine>
						<TextLine ID="line_16" HPOS="181" VPOS="722" WIDTH="749" HEIGHT="29">
							<String ID="string_116" HPOS="181" VPOS="723" WIDTH="125" HEIGHT="28" WC="0.96" CONTENT="föreslagna"/><SP WIDTH="15" VPOS="723" HPOS="306"/>
							<String ID="string_117" HPOS="321" VPOS="723" WIDTH="162" HEIGHT="28" WC="0.96" CONTENT="propositionen"/><SP WIDTH="16" VPOS="723" HPOS="483"/>
							<String ID="string_118" HPOS="499" VPOS="729" WIDTH="39" HEIGHT="15" WC="0.96" CONTENT="var"/><SP WIDTH="10" VPOS="729" HPOS="538"/>
							<String ID="string_119" HPOS="548" VPOS="723" WIDTH="57" HEIGHT="21" WC="0.96" CONTENT="dock"/><SP WIDTH="14" VPOS="723" HPOS="605"/>
							<String ID="string_120" HPOS="619" VPOS="723" WIDTH="8" HEIGHT="20" WC="0.96" CONTENT="i"/><SP WIDTH="15" VPOS="723" HPOS="627"/>
							<String ID="string_121" HPOS="642" VPOS="722" WIDTH="143" HEIGHT="22" WC="0.95" CONTENT="förevarande"/><SP WIDTH="16" VPOS="722" HPOS="785"/>
							<String ID="string_122" HPOS="801" VPOS="723" WIDTH="40" HEIGHT="21" WC="0.96" CONTENT="sak"/><SP WIDTH="16" VPOS="723" HPOS="841"/>
							<String ID="string_123" HPOS="857" VPOS="723" WIDTH="73" HEIGHT="28" WC="0.96" CONTENT="riktig."/>
						</TextLine>
					</TextBlock>
					<TextBlock ID="block_4" HPOS="181" VPOS="757" WIDTH="750" HEIGHT="97">
						<TextLine ID="line_17" HPOS="249" VPOS="757" WIDTH="682" HEIGHT="28">
							<String ID="string_124" HPOS="249" VPOS="758" WIDTH="92" HEIGHT="21" WC="0.92" CONTENT="Prosten"/><SP WIDTH="23" VPOS="758" HPOS="341"/>
							<String ID="string_125" HPOS="364" VPOS="757" WIDTH="124" HEIGHT="28" WC="0.68" CONTENT="Alopeus"/><SP WIDTH="20" VPOS="757" HPOS="488"/>
							<String ID="string_126" HPOS="508" VPOS="757" WIDTH="53" HEIGHT="22" WC="0.96" CONTENT="sade"/><SP WIDTH="19" VPOS="757" HPOS="561"/>
							<String ID="string_127" HPOS="580" VPOS="757" WIDTH="34" HEIGHT="27" WC="0.96" CONTENT="sig"/><SP WIDTH="19" VPOS="757" HPOS="614"/>
							<String ID="string_128" HPOS="633" VPOS="757" WIDTH="66" HEIGHT="22" WC="0.96" CONTENT="hafva"/><SP WIDTH="20" VPOS="757" HPOS="699"/>
							<String ID="string_129" HPOS="719" VPOS="757" WIDTH="65" HEIGHT="21" WC="0.96" CONTENT="fattat"/><SP WIDTH="20" VPOS="757" HPOS="784"/>
							<String ID="string_130" HPOS="804" VPOS="757" WIDTH="36" HEIGHT="22" WC="0.96" CONTENT="det"/><SP WIDTH="21" VPOS="757" HPOS="840"/>
							<String ID="string_131" HPOS="861" VPOS="757" WIDTH="70" HEIGHT="28" WC="0.94" CONTENT="tredje"/>
						</TextLine>
						<TextLine ID="line_18" HPOS="182" VPOS="791" WIDTH="749" HEIGHT="28">
							<String ID="string_132" HPOS="182" VPOS="793" WIDTH="117" HEIGHT="20" WC="0.95" CONTENT="momentet"/><SP WIDTH="17" VPOS="793" HPOS="299"/>
							<String ID="string_133" HPOS="316" VPOS="792" WIDTH="73" HEIGHT="21" WC="0.96" CONTENT="såsom"/><SP WIDTH="19" VPOS="792" HPOS="389"/>
							<String ID="string_134" HPOS="408" VPOS="791" WIDTH="103" HEIGHT="28" WC="0.96" CONTENT="gällande"/><SP WIDTH="16" VPOS="791" HPOS="511"/>
							<String ID="string_135" HPOS="527" VPOS="791" WIDTH="78" HEIGHT="22" WC="0.96" CONTENT="endast"/><SP WIDTH="15" VPOS="791" HPOS="605"/>
							<String ID="string_136" HPOS="620" VPOS="791" WIDTH="126" HEIGHT="22" WC="0.93" CONTENT="nuvarande"/><SP WIDTH="16" VPOS="791" HPOS="746"/>
							<String ID="string_137" HPOS="762" VPOS="791" WIDTH="169" HEIGHT="22" WC="0.92" CONTENT="innehafvarene"/>
						</TextLine>
						<TextLine ID="line_19" HPOS="181" VPOS="825" WIDTH="370" HEIGHT="29">
							<String ID="string_138" HPOS="181" VPOS="826" WIDTH="25" HEIGHT="21" WC="0.93" CONTENT="af"/><SP WIDTH="12" VPOS="826" HPOS="206"/>
							<String ID="string_139" HPOS="218" VPOS="825" WIDTH="46" HEIGHT="22" WC="0.92" CONTENT="deri"/><SP WIDTH="15" VPOS="825" HPOS="264"/>
							<String ID="string_140" HPOS="279" VPOS="825" WIDTH="143" HEIGHT="29" WC="0.92" CONTENT="uppräknade"/><SP WIDTH="15" VPOS="825" HPOS="422"/>
							<String ID="string_141" HPOS="437" VPOS="825" WIDTH="114" HEIGHT="22" WC="0.92" CONTENT="boställen."/>
						</TextLine>
					</TextBlock>
					<TextBlock ID="block_5" HPOS="181" VPOS="860" WIDTH="750" HEIGHT="160">
						<TextLine ID="line_20" HPOS="249" VPOS="860" WIDTH="681" HEIGHT="28">
							<String ID="string_142" HPOS="249" VPOS="860" WIDTH="127" HEIGHT="22" WC="0.91" CONTENT="Professorn"/><SP WIDTH="26" VPOS="860" HPOS="376"/>
							<String ID="string_143" HPOS="402" VPOS="860" WIDTH="149" HEIGHT="22" WC="0.96" CONTENT="Schauman"/><SP WIDTH="25" VPOS="860" HPOS="551"/>
							<String ID="string_144" HPOS="576" VPOS="866" WIDTH="39" HEIGHT="15" WC="0.92" CONTENT="var"/><SP WIDTH="26" VPOS="866" HPOS="615"/>
							<String ID="string_145" HPOS="641" VPOS="866" WIDTH="52" HEIGHT="16" WC="0.92" CONTENT="ense"/><SP WIDTH="25" VPOS="866" HPOS="693"/>
							<String ID="string_146" HPOS="718" VPOS="860" WIDTH="50" HEIGHT="21" WC="0.90" CONTENT="med"/><SP WIDTH="23" VPOS="860" HPOS="768"/>
							<String ID="string_147" HPOS="791" VPOS="860" WIDTH="139" HEIGHT="28" WC="0.90" CONTENT="domprosten"/>
						</TextLine>
						<TextLine ID="line_21" HPOS="181" VPOS="894" WIDTH="750" HEIGHT="29">
							<String ID="string_148" HPOS="181" VPOS="895" WIDTH="58" HEIGHT="28" WC="0.91" CONTENT="Borg"/><SP WIDTH="17" VPOS="895" HPOS="239"/>
							<String ID="string_149" HPOS="256" VPOS="895" WIDTH="79" HEIGHT="28" WC="0.91" CONTENT="deruti,"/><SP WIDTH="21" VPOS="895" HPOS="335"/>
							<String ID="string_150" HPOS="356" VPOS="896" WIDTH="32" HEIGHT="20" WC="0.96" CONTENT="att"/><SP WIDTH="19" VPOS="896" HPOS="388"/>
							<String ID="string_151" HPOS="407" VPOS="894" WIDTH="43" HEIGHT="22" WC="0.96" CONTENT="den"/><SP WIDTH="19" VPOS="894" HPOS="450"/>
							<String ID="string_152" HPOS="469" VPOS="894" WIDTH="25" HEIGHT="22" WC="0.93" CONTENT="af"/><SP WIDTH="13" VPOS="894" HPOS="494"/>
							<String ID="string_153" HPOS="507" VPOS="895" WIDTH="138" HEIGHT="21" WC="0.91" CONTENT="talemannen"/><SP WIDTH="16" VPOS="895" HPOS="645"/>
							<String ID="string_154" HPOS="661" VPOS="894" WIDTH="125" HEIGHT="28" WC="0.93" CONTENT="föreslagna"/><SP WIDTH="16" VPOS="894" HPOS="786"/>
							<String ID="string_155" HPOS="802" VPOS="895" WIDTH="129" HEIGHT="28" WC="0.92" CONTENT="propositio-"/>
						</TextLine>
						<TextLine ID="line_22" HPOS="182" VPOS="928" WIDTH="749" HEIGHT="28">
							<String ID="string_156" HPOS="182" VPOS="936" WIDTH="42" HEIGHT="15" WC="0.96" CONTENT="nen"/><SP WIDTH="21" VPOS="936" HPOS="224"/>
							<String ID="string_157" HPOS="245" VPOS="928" WIDTH="68" HEIGHT="23" WC="0.93" CONTENT="borde"/><SP WIDTH="21" VPOS="928" HPOS="313"/>
							<String ID="string_158" HPOS="334" VPOS="930" WIDTH="115" HEIGHT="26" WC="0.93" CONTENT="upptagas."/><SP WIDTH="30" VPOS="930" HPOS="449"/>
							<String ID="string_159" HPOS="479" VPOS="929" WIDTH="10" HEIGHT="21" WC="0.95" CONTENT="I"/><SP WIDTH="23" VPOS="929" HPOS="489"/>
							<String ID="string_160" HPOS="512" VPOS="935" WIDTH="29" HEIGHT="15" WC="0.93" CONTENT="nu"/><SP WIDTH="22" VPOS="935" HPOS="541"/>
							<String ID="string_161" HPOS="563" VPOS="928" WIDTH="168" HEIGHT="28" WC="0.91" CONTENT="ifrägavarande"/><SP WIDTH="22" VPOS="928" HPOS="731"/>
							<String ID="string_162" HPOS="753" VPOS="928" WIDTH="69" HEIGHT="22" WC="0.96" CONTENT="första"/><SP WIDTH="14" VPOS="928" HPOS="822"/>
							<String ID="string_163" HPOS="836" VPOS="932" WIDTH="95" HEIGHT="19" WC="0.96" CONTENT="moment"/>
						</TextLine>
						<TextLine ID="line_23" HPOS="182" VPOS="962" WIDTH="749" HEIGHT="29">
							<String ID="string_164" HPOS="182" VPOS="963" WIDTH="74" HEIGHT="28" WC="0.96" CONTENT="gällde"/><SP WIDTH="15" VPOS="963" HPOS="256"/>
							<String ID="string_165" HPOS="271" VPOS="963" WIDTH="36" HEIGHT="22" WC="0.93" CONTENT="det"/><SP WIDTH="14" VPOS="963" HPOS="307"/>
							<String ID="string_166" HPOS="321" VPOS="962" WIDTH="169" HEIGHT="28" WC="0.91" CONTENT="lägenheternas"/><SP WIDTH="12" VPOS="962" HPOS="490"/>
							<String ID="string_167" HPOS="502" VPOS="962" WIDTH="122" HEIGHT="28" WC="0.91" CONTENT="jordnatur."/><SP WIDTH="30" VPOS="962" HPOS="624"/>
							<String ID="string_168" HPOS="654" VPOS="963" WIDTH="34" HEIGHT="21" WC="0.96" CONTENT="En"/><SP WIDTH="15" VPOS="963" HPOS="688"/>
							<String ID="string_169" HPOS="703" VPOS="970" WIDTH="73" HEIGHT="14" WC="0.93" CONTENT="annan"/><SP WIDTH="11" VPOS="970" HPOS="776"/>
							<String ID="string_170" HPOS="787" VPOS="963" WIDTH="62" HEIGHT="27" WC="0.92" CONTENT="fräga"/><SP WIDTH="11" VPOS="963" HPOS="849"/>
							<String ID="string_171" HPOS="860" VPOS="963" WIDTH="71" HEIGHT="23" WC="0.91" CONTENT="blefve"/>
						</TextLine>
						<TextLine ID="line_24" HPOS="183" VPOS="997" WIDTH="448" HEIGHT="23">
							<String ID="string_172" HPOS="183" VPOS="998" WIDTH="68" HEIGHT="22" WC="0.96" CONTENT="sedan"/><SP WIDTH="16" VPOS="998" HPOS="251"/>
							<String ID="string_173" HPOS="267" VPOS="1005" WIDTH="34" HEIGHT="15" WC="0.96" CONTENT="om"/><SP WIDTH="14" VPOS="1005" HPOS="301"/>
							<String ID="string_174" HPOS="315" VPOS="997" WIDTH="125" HEIGHT="23" WC="0.93" CONTENT="nuvarande"/><SP WIDTH="15" VPOS="997" HPOS="440"/>
							<String ID="string_175" HPOS="455" VPOS="997" WIDTH="176" HEIGHT="22" WC="0.92" CONTENT="innehafvarene."/>
						</TextLine>
					</TextBlock>
					<TextBlock ID="block_6" HPOS="180" VPOS="1032" WIDTH="750" HEIGHT="132">
						<TextLine ID="line_25" HPOS="250" VPOS="1032" WIDTH="680" HEIGHT="28">
							<String ID="string_176" HPOS="250" VPOS="1032" WIDTH="209" HEIGHT="28" WC="0.91" CONTENT="Kontraktsprosten"/><SP WIDTH="22" VPOS="1032" HPOS="459"/>
							<String ID="string_177" HPOS="481" VPOS="1032" WIDTH="95" HEIGHT="22" WC="0.91" CONTENT="Hellön"/><SP WIDTH="22" VPOS="1032" HPOS="576"/>
							<String ID="string_178" HPOS="598" VPOS="1032" WIDTH="105" HEIGHT="22" WC="0.91" CONTENT="förenade"/><SP WIDTH="23" VPOS="1032" HPOS="703"/>
							<String ID="string_179" HPOS="726" VPOS="1032" WIDTH="34" HEIGHT="28" WC="0.96" CONTENT="sig"/><SP WIDTH="22" VPOS="1032" HPOS="760"/>
							<String ID="string_180" HPOS="782" VPOS="1032" WIDTH="49" HEIGHT="22" WC="0.93" CONTENT="med"/><SP WIDTH="19" VPOS="1032" HPOS="831"/>
							<String ID="string_181" HPOS="850" VPOS="1032" WIDTH="80" HEIGHT="28" WC="0.90" CONTENT="profes-"/>
						</TextLine>
						<TextLine ID="line_26" HPOS="183" VPOS="1066" WIDTH="746" HEIGHT="23">
							<String ID="string_182" HPOS="183" VPOS="1074" WIDTH="50" HEIGHT="15" WC="0.91" CONTENT="sorn"/><SP WIDTH="24" VPOS="1074" HPOS="233"/>
							<String ID="string_183" HPOS="257" VPOS="1066" WIDTH="123" HEIGHT="23" WC="0.96" CONTENT="Schauman"/><SP WIDTH="22" VPOS="1066" HPOS="380"/>
							<String ID="string_184" HPOS="402" VPOS="1066" WIDTH="135" HEIGHT="22" WC="0.93" CONTENT="beträffande"/><SP WIDTH="22" VPOS="1066" HPOS="537"/>
							<String ID="string_185" HPOS="559" VPOS="1066" WIDTH="176" HEIGHT="22" WC="0.92" CONTENT="ordaförständet"/><SP WIDTH="21" VPOS="1066" HPOS="735"/>
							<String ID="string_186" HPOS="756" VPOS="1066" WIDTH="25" HEIGHT="22" WC="0.97" CONTENT="af"/><SP WIDTH="19" VPOS="1066" HPOS="781"/>
							<String ID="string_187" HPOS="800" VPOS="1067" WIDTH="68" HEIGHT="22" WC="0.93" CONTENT="första"/><SP WIDTH="19" VPOS="1067" HPOS="868"/>
							<String ID="string_188" HPOS="887" VPOS="1075" WIDTH="42" HEIGHT="14" WC="0.92" CONTENT="mo-"/>
						</TextLine>
						<TextLine ID="line_27" HPOS="180" VPOS="1100" WIDTH="749" HEIGHT="30">
							<String ID="string_189" HPOS="180" VPOS="1103" WIDTH="93" HEIGHT="26" WC="0.95" CONTENT="mentet,"/><SP WIDTH="20" VPOS="1103" HPOS="273"/>
							<String ID="string_190" HPOS="293" VPOS="1108" WIDTH="50" HEIGHT="17" WC="0.93" CONTENT="men"/><SP WIDTH="19" VPOS="1108" HPOS="343"/>
							<String ID="string_191" HPOS="362" VPOS="1100" WIDTH="70" HEIGHT="28" WC="0.95" CONTENT="ansåg"/><SP WIDTH="18" VPOS="1100" HPOS="432"/>
							<String ID="string_192" HPOS="450" VPOS="1100" WIDTH="87" HEIGHT="22" WC="0.95" CONTENT="ståndet"/><SP WIDTH="19" VPOS="1100" HPOS="537"/>
							<String ID="string_193" HPOS="556" VPOS="1100" WIDTH="56" HEIGHT="22" WC="0.93" CONTENT="dock"/><SP WIDTH="14" VPOS="1100" HPOS="612"/>
							<String ID="string_194" HPOS="626" VPOS="1101" WIDTH="53" HEIGHT="21" WC="0.96" CONTENT="böra"/><SP WIDTH="15" VPOS="1101" HPOS="679"/>
							<String ID="string_195" HPOS="694" VPOS="1100" WIDTH="58" HEIGHT="23" WC="0.93" CONTENT="fästa"/><SP WIDTH="15" VPOS="1100" HPOS="752"/>
							<String ID="string_196" HPOS="767" VPOS="1102" WIDTH="162" HEIGHT="28" WC="0.78" CONTENT="uppmärksam-"/>
						</TextLine>
						<TextLine ID="line_28" HPOS="182" VPOS="1135" WIDTH="561" HEIGHT="29">
							<String ID="string_197" HPOS="182" VPOS="1136" WIDTH="37" HEIGHT="21" WC="0.96" CONTENT="het"/><SP WIDTH="15" VPOS="1136" HPOS="219"/>
							<String ID="string_198" HPOS="234" VPOS="1135" WIDTH="38" HEIGHT="23" WC="0.96" CONTENT="vid"/><SP WIDTH="14" VPOS="1135" HPOS="272"/>
							<String ID="string_199" HPOS="286" VPOS="1135" WIDTH="37" HEIGHT="22" WC="0.96" CONTENT="det"/><SP WIDTH="15" VPOS="1135" HPOS="323"/>
							<String ID="string_200" HPOS="338" VPOS="1135" WIDTH="71" HEIGHT="21" WC="0.96" CONTENT="vilkor"/><SP WIDTH="15" VPOS="1135" HPOS="409"/>
							<String ID="string_201" HPOS="424" VPOS="1137" WIDTH="87" HEIGHT="26" WC="0.93" CONTENT="prosten"/><SP WIDTH="16" VPOS="1137" HPOS="511"/>
							<String ID="string_202" HPOS="527" VPOS="1135" WIDTH="100" HEIGHT="28" WC="0.66" CONTENT="Alopeeus"/><SP WIDTH="16" VPOS="1135" HPOS="627"/>
							<String ID="string_203" HPOS="643" VPOS="1136" WIDTH="100" HEIGHT="28" WC="0.93" CONTENT="päyrkat."/>
						</TextLine>
					</TextBlock>
					<TextBlock ID="block_7" HPOS="182" VPOS="1169" WIDTH="748" HEIGHT="302">
						<TextLine ID="line_29" HPOS="251" VPOS="1169" WIDTH="678" HEIGHT="29">
							<String ID="string_204" HPOS="251" VPOS="1170" WIDTH="90" HEIGHT="22" WC="0.92" CONTENT="Prosten"/><SP WIDTH="26" VPOS="1170" HPOS="341"/>
							<String ID="string_205" HPOS="367" VPOS="1170" WIDTH="22" HEIGHT="22" WC="0.91" CONTENT="J."/><SP WIDTH="26" VPOS="1170" HPOS="389"/>
							<String ID="string_206" HPOS="415" VPOS="1170" WIDTH="19" HEIGHT="21" WC="0.95" CONTENT="I."/><SP WIDTH="22" VPOS="1170" HPOS="434"/>
							<String ID="string_207" HPOS="456" VPOS="1169" WIDTH="87" HEIGHT="28" WC="0.95" CONTENT="Bergh"/><SP WIDTH="21" VPOS="1169" HPOS="543"/>
							<String ID="string_208" HPOS="564" VPOS="1170" WIDTH="125" HEIGHT="22" WC="0.96" CONTENT="förklarade"/><SP WIDTH="24" VPOS="1170" HPOS="689"/>
							<String ID="string_209" HPOS="713" VPOS="1170" WIDTH="34" HEIGHT="28" WC="0.96" CONTENT="sig"/><SP WIDTH="22" VPOS="1170" HPOS="747"/>
							<String ID="string_210" HPOS="769" VPOS="1177" WIDTH="89" HEIGHT="15" WC="0.95" CONTENT="numera"/><SP WIDTH="22" VPOS="1177" HPOS="858"/>
							<String ID="string_211" HPOS="880" VPOS="1171" WIDTH="49" HEIGHT="21" WC="0.94" CONTENT="icke"/>
						</TextLine>
						<TextLine ID="line_30" HPOS="183" VPOS="1204" WIDTH="747" HEIGHT="28">
							<String ID="string_212" HPOS="183" VPOS="1204" WIDTH="66" HEIGHT="22" WC="0.96" CONTENT="hafva"/><SP WIDTH="16" VPOS="1204" HPOS="249"/>
							<String ID="string_213" HPOS="265" VPOS="1204" WIDTH="67" HEIGHT="28" WC="0.96" CONTENT="något"/><SP WIDTH="18" VPOS="1204" HPOS="332"/>
							<String ID="string_214" HPOS="350" VPOS="1206" WIDTH="32" HEIGHT="20" WC="0.96" CONTENT="att"/><SP WIDTH="18" VPOS="1206" HPOS="382"/>
							<String ID="string_215" HPOS="400" VPOS="1204" WIDTH="106" HEIGHT="22" WC="0.96" CONTENT="anmärka"/><SP WIDTH="19" VPOS="1204" HPOS="506"/>
							<String ID="string_216" HPOS="525" VPOS="1206" WIDTH="58" HEIGHT="20" WC="0.96" CONTENT="emot"/><SP WIDTH="17" VPOS="1206" HPOS="583"/>
							<String ID="string_217" HPOS="600" VPOS="1204" WIDTH="162" HEIGHT="28" WC="0.96" CONTENT="propositionen"/><SP WIDTH="20" VPOS="1204" HPOS="762"/>
							<String ID="string_218" HPOS="782" VPOS="1207" WIDTH="56" HEIGHT="19" WC="0.96" CONTENT="samt"/><SP WIDTH="18" VPOS="1207" HPOS="838"/>
							<String ID="string_219" HPOS="856" VPOS="1205" WIDTH="74" HEIGHT="22" WC="0.96" CONTENT="anhöll"/>
						</TextLine>
						<TextLine ID="line_31" HPOS="184" VPOS="1238" WIDTH="745" HEIGHT="28">
							<String ID="string_220" HPOS="184" VPOS="1241" WIDTH="31" HEIGHT="19" WC="0.95" CONTENT="att"/><SP WIDTH="22" VPOS="1241" HPOS="215"/>
							<String ID="string_221" HPOS="237" VPOS="1238" WIDTH="23" HEIGHT="23" WC="0.96" CONTENT="få"/><SP WIDTH="23" VPOS="1238" HPOS="260"/>
							<String ID="string_222" HPOS="283" VPOS="1240" WIDTH="59" HEIGHT="26" WC="0.95" CONTENT="yttra"/><SP WIDTH="22" VPOS="1240" HPOS="342"/>
							<String ID="string_223" HPOS="364" VPOS="1238" WIDTH="34" HEIGHT="27" WC="0.96" CONTENT="sig"/><SP WIDTH="19" VPOS="1238" HPOS="398"/>
							<String ID="string_224" HPOS="417" VPOS="1238" WIDTH="136" HEIGHT="22" WC="0.93" CONTENT="beträffande"/><SP WIDTH="19" VPOS="1238" HPOS="553"/>
							<String ID="string_225" HPOS="572" VPOS="1238" WIDTH="146" HEIGHT="28" WC="0.91" CONTENT="prestabolen."/><SP WIDTH="30" VPOS="1238" HPOS="718"/>
							<String ID="string_226" HPOS="748" VPOS="1239" WIDTH="10" HEIGHT="21" WC="0.94" CONTENT="I"/><SP WIDTH="20" VPOS="1239" HPOS="758"/>
							<String ID="string_227" HPOS="778" VPOS="1239" WIDTH="79" HEIGHT="22" WC="0.93" CONTENT="sådant"/><SP WIDTH="20" VPOS="1239" HPOS="857"/>
							<String ID="string_228" HPOS="877" VPOS="1239" WIDTH="52" HEIGHT="21" WC="0.92" CONTENT="hän-"/>
						</TextLine>
						<TextLine ID="line_32" HPOS="183" VPOS="1272" WIDTH="747" HEIGHT="28">
							<String ID="string_229" HPOS="183" VPOS="1272" WIDTH="81" HEIGHT="22" WC="0.96" CONTENT="seende"/><SP WIDTH="22" VPOS="1272" HPOS="264"/>
							<String ID="string_230" HPOS="286" VPOS="1272" WIDTH="105" HEIGHT="22" WC="0.96" CONTENT="förenade"/><SP WIDTH="23" VPOS="1272" HPOS="391"/>
							<String ID="string_231" HPOS="414" VPOS="1272" WIDTH="34" HEIGHT="28" WC="0.96" CONTENT="sig"/><SP WIDTH="21" VPOS="1272" HPOS="448"/>
							<String ID="string_232" HPOS="469" VPOS="1274" WIDTH="88" HEIGHT="26" WC="0.96" CONTENT="prosten"/><SP WIDTH="22" VPOS="1274" HPOS="557"/>
							<String ID="string_233" HPOS="579" VPOS="1272" WIDTH="50" HEIGHT="22" WC="0.96" CONTENT="med"/><SP WIDTH="22" VPOS="1272" HPOS="629"/>
							<String ID="string_234" HPOS="651" VPOS="1272" WIDTH="28" HEIGHT="22" WC="0.95" CONTENT="de"/><SP WIDTH="23" VPOS="1272" HPOS="679"/>
							<String ID="string_235" HPOS="702" VPOS="1273" WIDTH="78" HEIGHT="26" WC="0.95" CONTENT="talare,"/><SP WIDTH="16" VPOS="1273" HPOS="780"/>
							<String ID="string_236" HPOS="796" VPOS="1280" WIDTH="46" HEIGHT="15" WC="0.96" CONTENT="som"/><SP WIDTH="16" VPOS="1280" HPOS="842"/>
							<String ID="string_237" HPOS="858" VPOS="1276" WIDTH="72" HEIGHT="19" WC="0.96" CONTENT="ansett"/>
						</TextLine>
						<TextLine ID="line_33" HPOS="183" VPOS="1306" WIDTH="747" HEIGHT="30">
							<String ID="string_238" HPOS="183" VPOS="1306" WIDTH="123" HEIGHT="22" WC="0.92" CONTENT="boställena"/><SP WIDTH="18" VPOS="1306" HPOS="306"/>
							<String ID="string_239" HPOS="324" VPOS="1308" WIDTH="78" HEIGHT="26" WC="0.96" CONTENT="utgöra"/><SP WIDTH="18" VPOS="1308" HPOS="402"/>
							<String ID="string_240" HPOS="420" VPOS="1308" WIDTH="31" HEIGHT="20" WC="0.93" CONTENT="ett"/><SP WIDTH="17" VPOS="1308" HPOS="451"/>
							<String ID="string_241" HPOS="468" VPOS="1306" WIDTH="138" HEIGHT="28" WC="0.92" CONTENT="lönebidrag,"/><SP WIDTH="17" VPOS="1306" HPOS="606"/>
							<String ID="string_242" HPOS="623" VPOS="1306" WIDTH="79" HEIGHT="22" WC="0.96" CONTENT="hvaraf"/><SP WIDTH="12" VPOS="1306" HPOS="702"/>
							<String ID="string_243" HPOS="714" VPOS="1308" WIDTH="72" HEIGHT="26" WC="0.93" CONTENT="någon"/><SP WIDTH="15" VPOS="1308" HPOS="786"/>
							<String ID="string_244" HPOS="801" VPOS="1308" WIDTH="129" HEIGHT="28" WC="0.92" CONTENT="afkortning"/>
						</TextLine>
						<TextLine ID="line_34" HPOS="182" VPOS="1340" WIDTH="748" HEIGHT="28">
							<String ID="string_245" HPOS="182" VPOS="1341" WIDTH="49" HEIGHT="21" WC="0.96" CONTENT="icke"/><SP WIDTH="21" VPOS="1341" HPOS="231"/>
							<String ID="string_246" HPOS="252" VPOS="1341" WIDTH="67" HEIGHT="21" WC="0.96" CONTENT="borde"/><SP WIDTH="19" VPOS="1341" HPOS="319"/>
							<String ID="string_247" HPOS="338" VPOS="1347" WIDTH="54" HEIGHT="15" WC="0.96" CONTENT="vara"/><SP WIDTH="19" VPOS="1347" HPOS="392"/>
							<String ID="string_248" HPOS="411" VPOS="1340" WIDTH="93" HEIGHT="28" WC="0.96" CONTENT="tillåten,"/><SP WIDTH="23" VPOS="1340" HPOS="504"/>
							<String ID="string_249" HPOS="527" VPOS="1341" WIDTH="39" HEIGHT="22" WC="0.97" CONTENT="och"/><SP WIDTH="21" VPOS="1341" HPOS="566"/>
							<String ID="string_250" HPOS="587" VPOS="1341" WIDTH="71" HEIGHT="21" WC="0.96" CONTENT="såsom"/><SP WIDTH="21" VPOS="1341" HPOS="658"/>
							<String ID="string_251" HPOS="679" VPOS="1342" WIDTH="49" HEIGHT="21" WC="0.96" CONTENT="skäl"/><SP WIDTH="15" VPOS="1342" HPOS="728"/>
							<String ID="string_252" HPOS="743" VPOS="1341" WIDTH="73" HEIGHT="22" WC="0.91" CONTENT="härför"/><SP WIDTH="15" VPOS="1341" HPOS="816"/>
							<String ID="string_253" HPOS="831" VPOS="1342" WIDTH="99" HEIGHT="22" WC="0.96" CONTENT="önskade"/>
						</TextLine>
						<TextLine ID="line_35" HPOS="183" VPOS="1374" WIDTH="746" HEIGHT="29">
							<String ID="string_254" HPOS="183" VPOS="1377" WIDTH="97" HEIGHT="25" WC="0.96" CONTENT="prosten,"/><SP WIDTH="19" VPOS="1377" HPOS="280"/>
							<String ID="string_255" HPOS="299" VPOS="1375" WIDTH="7" HEIGHT="20" WC="0.93" CONTENT="i"/><SP WIDTH="21" VPOS="1375" HPOS="306"/>
							<String ID="string_256" HPOS="327" VPOS="1374" WIDTH="226" HEIGHT="22" WC="0.91" CONTENT="öfverensstämmelse"/><SP WIDTH="20" VPOS="1374" HPOS="553"/>
							<String ID="string_257" HPOS="573" VPOS="1374" WIDTH="50" HEIGHT="21" WC="0.96" CONTENT="med"/><SP WIDTH="14" VPOS="1374" HPOS="623"/>
							<String ID="string_258" HPOS="637" VPOS="1374" WIDTH="203" HEIGHT="29" WC="0.96" CONTENT="kontraktsprosten"/><SP WIDTH="17" VPOS="1374" HPOS="840"/>
							<String ID="string_259" HPOS="857" VPOS="1376" WIDTH="72" HEIGHT="27" WC="0.92" CONTENT="Sirén,"/>
						</TextLine>
						<TextLine ID="line_36" HPOS="183" VPOS="1407" WIDTH="746" HEIGHT="30">
							<String ID="string_260" HPOS="183" VPOS="1407" WIDTH="76" HEIGHT="22" WC="0.96" CONTENT="anföra"/><SP WIDTH="18" VPOS="1407" HPOS="259"/>
							<String ID="string_261" HPOS="277" VPOS="1409" WIDTH="32" HEIGHT="20" WC="0.89" CONTENT="att"/><SP WIDTH="20" VPOS="1409" HPOS="309"/>
							<String ID="string_262" HPOS="329" VPOS="1407" WIDTH="139" HEIGHT="28" WC="0.89" CONTENT="prestabolen"/><SP WIDTH="20" VPOS="1407" HPOS="468"/>
							<String ID="string_263" HPOS="488" VPOS="1409" WIDTH="77" HEIGHT="26" WC="0.96" CONTENT="utgöra"/><SP WIDTH="20" VPOS="1409" HPOS="565"/>
							<String ID="string_264" HPOS="585" VPOS="1407" WIDTH="50" HEIGHT="22" WC="0.96" CONTENT="icke"/><SP WIDTH="18" VPOS="1407" HPOS="635"/>
							<String ID="string_265" HPOS="653" VPOS="1408" WIDTH="78" HEIGHT="21" WC="0.93" CONTENT="endast"/><SP WIDTH="15" VPOS="1408" HPOS="731"/>
							<String ID="string_266" HPOS="746" VPOS="1409" WIDTH="183" HEIGHT="28" WC="0.90" CONTENT="prestaståndets,"/>
						</TextLine>
						<TextLine ID="line_37" HPOS="183" VPOS="1441" WIDTH="747" HEIGHT="30">
							<String ID="string_267" HPOS="183" VPOS="1441" WIDTH="71" HEIGHT="23" WC="0.95" CONTENT="såsom"/><SP WIDTH="21" VPOS="1441" HPOS="254"/>
							<String ID="string_268" HPOS="275" VPOS="1441" WIDTH="72" HEIGHT="28" WC="0.95" CONTENT="någon"/><SP WIDTH="19" VPOS="1441" HPOS="347"/>
							<String ID="string_269" HPOS="366" VPOS="1441" WIDTH="70" HEIGHT="22" WC="0.95" CONTENT="talare"/><SP WIDTH="18" VPOS="1441" HPOS="436"/>
							<String ID="string_270" HPOS="454" VPOS="1441" WIDTH="56" HEIGHT="22" WC="0.96" CONTENT="förut"/><SP WIDTH="18" VPOS="1441" HPOS="510"/>
							<String ID="string_271" HPOS="528" VPOS="1443" WIDTH="76" HEIGHT="27" WC="0.96" CONTENT="yttrat,"/><SP WIDTH="16" VPOS="1443" HPOS="604"/>
							<String ID="string_272" HPOS="620" VPOS="1443" WIDTH="53" HEIGHT="21" WC="0.95" CONTENT="utan"/><SP WIDTH="15" VPOS="1443" HPOS="673"/>
							<String ID="string_273" HPOS="688" VPOS="1441" WIDTH="42" HEIGHT="24" WC="0.96" CONTENT="den"/><SP WIDTH="15" VPOS="1441" HPOS="730"/>
							<String ID="string_274" HPOS="745" VPOS="1442" WIDTH="72" HEIGHT="23" WC="0.96" CONTENT="finska"/><SP WIDTH="15" VPOS="1442" HPOS="817"/>
							<String ID="string_275" HPOS="832" VPOS="1443" WIDTH="98" HEIGHT="28" WC="0.96" CONTENT="kyrkans"/>
						</TextLine>
					</TextBlock>
				</ComposedBlock>
			</PrintSpace>
		</Page>
	</Layout>
</alto>
