1025 1848
785 130 39 23 671

100 194 76 23 vidare
194 193 167 30 handläggning
376 194 10 24 i
404 194 139 30 vederbörlig
558 196 103 29 ordning,
677 196 112 23 äfvensom
801 198 52 28 jag,

100 230 46 21 ifall
168 230 89 22 ståndet
277 231 87 21 bifaller
384 231 60 21 detta
464 231 93 28 förslag,
573 231 69 27 vågar
656 232 127 27 ytterligare
798 232 56 22 före-

100 264 33 21 slå
155 266 32 19 att
207 265 125 27 respektive
352 265 145 22 medstånden
516 266 68 21 måtte
603 265 103 28 inbjudas
726 268 32 19 att
778 265 75 23 förena

99 299 34 27 sig
149 306 34 14 om
199 299 116 21 enahanda
331 299 83 28 åtgärd.

166 334 145 27 Domprosten
332 333 68 29 Borg
419 334 73 22 anhöll
512 335 32 21 att
559 334 133 28 proposition
708 335 7 21 i
734 335 119 28 anledning

98 368 24 22 af
134 368 138 29 vicepastorn
288 376 42 14 von
346 369 82 22 Essens
443 369 140 22 förestående
597 368 144 29 andragande
752 369 66 22 måtte
830 369 25 22 af

97 403 50 22 herr
162 404 155 21 talemannnen
333 403 140 22 framställas.

166 437 160 29 Kyrkoherden
342 439 111 21 Castrén
469 438 40 22 och
525 439 231 27 kontraktsprostarne
772 439 78 22 Sten-

98 473 66 22 bäck
188 473 40 21 och
251 472 95 23 Hellön
369 473 101 22 biträdde
493 473 139 28 domprosten
654 473 70 28 Borgs
747 473 105 22 anhållan

98 507 82 22 härom.

165 542 128 23 Professorn
313 542 110 22 Geitlin:
442 544 11 20 I
475 542 42 22 den
533 542 25 22 af
571 542 136 29 vicepastorn
724 550 41 15 von
780 544 71 21 Essen

96 578 89 28 yttrade
203 577 58 28 åsigt
281 578 127 21 instämmer
423 578 64 21 äfven
499 578 52 28 jag,
567 578 26 22 så
607 577 88 29 mycket
710 577 77 29 hellre,
804 584 46 16 som

96 612 38 22 vid
152 612 127 28 jemförelse
298 612 27 21 af
338 612 58 22 hvad
414 612 157 28 lagutskottets
592 612 140 22 betänkande
751 619 51 21 pag.
822 614 28 20 23

96 646 129 29 innehåller,
245 647 110 28 nemligen
376 649 32 19 att
428 647 115 22 resultatet
558 647 25 22 af
596 647 118 22 utskottets
732 647 117 22 undersök-

96 682 53 28 ning
168 682 8 21 i
196 684 73 20 ämnet
288 682 57 22 låter
362 682 124 28 korteligen
502 682 155 22 sammanfatta
673 682 35 27 sig
722 682 8 21 i
746 689 40 20 ,en
801 682 48 22 från

97 716 45 22 alla
162 716 59 22 sidor
241 717 117 21 bekräftad
377 717 101 22 vördsam
499 717 114 29 anhållan,
635 716 37 22 det
692 717 51 21 ville
763 716 86 23 landets

96 751 117 28 högloflige
234 751 90 23 ständer
344 752 143 22 öfverhufvud
507 752 50 21 med
578 752 38 22 sitt
635 751 62 21 bifall
718 752 40 21 och
776 751 72 22 förord

97 793 53 16 anse
166 786 27 22 de
210 786 111 22 allmänna
335 786 124 28 grunderna
474 786 34 22 för
523 794 27 14 en
564 794 29 21 ny
603 786 119 28 kyrkolag,
734 793 46 15 som
790 786 7 21 i
808 786 40 22 för-

96 821 72 27 slaget
191 820 71 22 blifvit
286 820 80 29 följda,
390 821 61 22 såväl
478 822 32 21 till
531 821 88 27 omfång
639 820 41 22 och
700 821 150 28 uppställning

96 862 46 15 som
158 856 33 21 till
207 855 106 29 innehåll,
329 855 58 22 hvad
404 856 26 21 de
442 856 68 22 sedan
521 858 112 26 upptagna
643 855 205 28 hufvudpunkterna

96 890 64 23 deraf
173 890 123 29 beträffar",
313 893 39 19 när
367 897 59 22 man,
443 893 64 25 säger
517 891 41 27 jag
567 890 82 28 jemför
659 890 61 22 detta
731 890 117 22 utskottets

94 925 103 30 yttrande
217 925 50 22 med
287 924 59 23 hvad
364 925 8 22 i
387 933 83 14 samma
486 925 140 22 betänkande
641 932 66 21 pagg.
723 926 27 20 20
766 924 40 22 och
820 926 26 21 21

96 961 86 22 anföres
199 967 34 15 om
249 960 170 29 olämpligheten
435 961 71 28 deraf,
523 963 33 19 att
568 960 161 27 landtdagarne
742 960 106 21 förblefve

96 996 28 22 de
144 995 57 23 enda
221 995 147 28 legaliserade
383 1002 131 22 organerna,
531 995 18 29 ej
568 995 54 22 blott
638 995 33 21 för
685 997 93 26 statens,
795 997 53 20 utan

96 1031 41 22 ock
157 1030 34 22 för
211 1030 97 28 kyrkans
327 1030 147 28 lagstiftning:
492 1031 69 26 ,Vore
576 1030 59 28 väl",
652 1032 64 25 säger
731 1030 116 27 utskottet,

97 1066 51 26 ndet
167 1072 77 15 senare
261 1065 134 22 önskvärdt?
411 1065 112 22 Utskottet
539 1068 44 18 tror
598 1065 35 27 sig
648 1064 55 22 blott
719 1064 69 22 uttala
804 1064 43 22 den

95 1100 112 22 allmänna
226 1100 117 27 meningen
363 1099 39 22 hos
421 1099 106 23 Finlands
548 1099 56 28 folk,
621 1106 34 14 om
671 1098 37 22 det
723 1098 125 22 framhåller

95 1136 32 20 att
142 1134 241 28 landtdagsordningen
398 1134 50 22 med
468 1134 50 22 dess
537 1133 124 29 fyrdelning
679 1133 58 22 visat
756 1132 34 29 sig
804 1140 44 20 nog

95 1170 107 26 obegväm
219 1168 63 22 äfven
297 1168 33 22 för
346 1168 41 22 den
402 1169 119 27 verldsliga
531 1168 177 28 lagstiftningen;
720 1174 50 15 men
781 1168 66 27 ojem-

94 1203 74 27 förligt
186 1209 60 15 mera
265 1204 106 26 obegväm
391 1206 25 18 är
432 1204 41 21 den
488 1203 79 28 likväl,
584 1202 118 22 betraktad
717 1209 46 15 som
779 1208 67 21 organ

94 1238 34 22 för
149 1238 98 29 kyrkans
269 1238 137 28 lagstiftning
429 1251 37 16 —,
490 1238 57 22 helst
571 1237 36 22 det
622 1236 62 22 torde
700 1244 53 15 vara
768 1244 26 14 en
810 1236 36 22 be-

94 1272 86 28 klaglig
200 1273 94 27 sanning
314 1275 32 19 att
365 1272 92 28 mycken
472 1272 101 22 oklarhet
588 1272 116 22 förefinnes
719 1272 7 20 i
742 1271 103 22 tidsmed-

95 1306 105 24 vetandet
223 1307 135 22 beträffande
377 1307 79 22 sådant
478 1314 46 16 som
545 1307 86 28 kyrkan
651 1306 85 22 tillhör”
759 1318 25 3 —
801 1308 45 26 när,

95 1349 108 21 upprepar
213 1341 54 29 jag,
281 1341 66 23 dessa
362 1342 60 21 olika
436 1342 118 28 yttranden
569 1344 68 24 vägas
652 1343 45 20 mot
712 1340 133 28 hvarandra,

95 1383 65 22 synes
181 1376 42 21 den
243 1376 118 28 sjelffallna
381 1375 82 29 följden
484 1376 65 22 deraf
567 1376 77 27 blifva,
664 1377 32 20 att
711 1375 133 28 prestastän-

95 1410 47 29 det,
163 1411 26 21 sä
208 1410 47 22 vidt
275 1410 37 22 det
330 1410 86 28 förmär,
432 1410 68 22 borde
515 1410 78 28 afböja
608 1410 119 21 utskottets
742 1409 103 22 anhällan

94 1445 84 30 derom,
200 1447 31 20 att
251 1444 87 24 landets
358 1445 118 30 höglofliga
496 1445 89 23 ständer
603 1452 29 14 nu
647 1444 68 22 redan
730 1445 68 21 måtte
813 1444 31 23 bi-
