1023 1825
212 132 40 22 592

184 198 78 23 staden
278 198 39 22 och
333 198 44 22 alla
393 198 27 22 de
436 198 90 28 trakter,
543 205 45 15 som
603 196 54 24 höra
673 196 32 24 till
716 197 92 30 Päijäne
819 200 59 21 stora
889 199 47 22 vat-

184 235 128 26 tensystem,
333 235 31 19 ett
384 235 54 19 stort
456 233 40 21 och
515 232 122 22 vidsträckt
656 233 88 22 område
763 234 8 21 i
790 236 60 19 snart
870 233 66 29 sagdt

183 268 82 28 hjertat
285 268 25 22 af
324 267 76 23 landet
418 268 7 21 i
446 274 27 16 en
488 270 54 20 nära
557 267 132 23 förbindelse
705 268 50 22 med
770 268 61 22 detta
848 268 43 22 den
904 270 32 20 in-

184 302 128 23 tellektuela
322 302 140 28 bildningens
470 302 56 23 hem.
549 303 79 21 Denna
637 303 59 21 bana
705 303 58 22 skall
772 303 85 23 derföre
866 304 69 22 blifva

184 340 31 20 ett
226 338 79 27 vigtigt
317 338 71 21 medel
400 338 33 21 för
444 338 165 28 intelligensens
622 337 114 29 spridning
747 338 4 21 i
763 338 39 22 allt
810 338 75 22 vidare
896 338 40 22 och

183 372 76 22 vidare
279 372 86 21 kretsar
384 372 8 21 i
414 372 36 21 det
470 372 46 22 inre
537 372 25 21 af
578 372 81 22 landet.
691 372 42 21 Vid
753 372 91 28 Päijäne
865 373 72 27 ligger

184 406 42 22 den
248 408 41 26 ort,
310 406 38 22 der
365 406 42 22 den
425 406 130 29 inrättning,
575 413 34 15 om
629 407 41 21 ock
691 406 143 29 provisorisk,
856 407 80 29 finnes,

184 441 110 22 hvarifrän
308 441 186 27 folkbildningens
510 440 95 30 höjande
621 440 40 23 hos
677 440 42 23 den
736 443 59 20 stora
810 448 88 15 massan
914 442 26 21 af

184 476 103 22 nationen
299 476 70 21 skulle
381 476 62 28 utgä,
459 476 309 22 folkskolelärareseminariet
784 476 6 21 i
806 476 129 28 Jyväskylä.

184 512 34 21 En
236 510 54 28 liflig
310 510 40 22 och
369 510 69 22 snabb
457 510 188 23 kommunikation
664 510 80 22 mellan
763 510 173 24 hufvudstadens

184 546 98 22 litterära
304 545 28 21 lif
352 545 40 21 och
414 546 72 21 denna
508 545 187 27 folkbildningens
718 545 126 28 plantskola
865 541 71 27 skulle

185 582 52 20 utan
257 580 75 22 tvifvel
352 587 52 15 vara
424 579 25 23 af
465 582 54 20 stort
534 580 120 29 inflytande
669 580 30 28 på
713 580 167 28 intelligensens
895 580 42 22 till-

184 617 52 20 vext
258 615 58 22 inom
339 617 30 19 ett
388 615 25 22 så
432 614 123 23 vidsträckt
575 615 88 22 område
683 615 26 21 af
724 614 37 22 det
780 615 56 28 inre,
857 622 79 21 genom

185 650 164 27 aflägsenheten
364 649 47 22 från
428 649 74 22 hafvet
517 649 41 22 och
572 649 54 22 brist
641 649 29 28 på
685 649 199 29 kommunikation,
896 649 40 22 hit-

184 685 45 21 tills
251 685 8 20 i
278 685 34 20 sin
334 683 111 22 förkofran
468 684 169 21 tillbakahållna
660 684 81 21 landet.
772 685 43 27 Jag
838 684 99 22 förordar

185 719 85 22 derföre
285 719 29 28 på
329 718 37 21 det
380 720 109 20 varmaste
508 721 32 19 att
562 718 225 23 Tavastehus-Lahtis
802 719 73 22 banan
890 719 46 22 före

185 753 44 23 alla
245 753 69 22 andra
328 753 67 22 måtte
410 753 129 22 fullbordas.

253 787 211 28 Kontraktsprosten
491 788 134 22 Ehrström
652 788 97 28 yttrade:
777 787 63 23 Flere
869 788 67 23 värde

185 823 70 22 talare
274 822 66 23 hafva
359 823 67 21 redan
445 823 7 22 i
468 823 49 22 sina
532 823 156 28 andraganden
703 825 77 26 yttrat,
798 825 32 20 att
845 823 37 22 det
898 824 38 21 all-

186 861 80 20 männa
281 858 64 22 bästa
360 858 39 21 bör
412 857 6 22 i
435 858 90 22 främsta
541 860 91 20 rummet
648 858 67 29 afses,
733 859 28 21 då
773 858 36 22 det
820 859 70 27 gäller
902 859 34 21 be-

184 893 147 22 stämmandet
350 892 25 22 af
391 899 26 15 en
430 893 121 28 jernbanas
568 893 136 27 sträckning;
722 899 26 16 en
763 893 67 28 åsigt,
847 893 89 22 hvilken

185 928 64 22 äfven
264 928 42 28 jag
324 928 25 21 af
365 928 38 21 allt
423 928 48 22 mitt
489 928 72 28 hjerta
579 928 50 21 med
645 928 39 21 full
703 928 146 28 öfvertygelse
868 928 68 22 delar.

184 962 35 22 Nå
237 962 45 28 väl,
302 962 67 22 låtom
386 968 36 16 oss
442 962 28 22 då
485 962 98 22 vidhålla
598 962 72 22 denna
683 962 85 28 princip
784 962 36 22 vid
837 963 100 27 afgöran-

186 998 37 21 det
238 997 25 22 af
275 997 41 21 den
332 996 105 29 rigtning,
453 997 7 21 i
475 997 90 22 hvilken
580 997 20 21 vi
612 997 63 21 skola
687 997 69 28 draga
767 998 42 22 den
816 998 120 29 jernbana,

185 1039 47 15 som
250 1032 53 21 först
320 1032 40 21 bör
378 1032 88 21 komma
483 1032 7 21 i
509 1031 69 28 fråga.
609 1032 67 22 Detta
694 1032 42 22 blir
754 1032 8 22 i
778 1033 94 27 sanning
887 1033 49 22 icke

186 1067 68 28 svårt,
276 1074 35 14 om
331 1067 22 21 vi
371 1067 55 21 blott
445 1067 192 28 uppmärksamma
655 1066 42 22 den
717 1067 95 28 rigtning
830 1068 106 22 Finlands

185 1101 67 22 första
268 1101 110 29 jernbana
394 1102 60 27 tagit.
484 1102 137 28 Kompassen
637 1102 58 21 visar
707 1101 26 29 ju
749 1102 22 21 åt
786 1108 56 22 norr,
860 1102 40 22 och
916 1103 22 21 åt

185 1136 83 22 norden
286 1136 57 22 förer
363 1143 35 15 oss
414 1136 42 22 den
472 1136 67 22 redan
555 1136 114 28 befintliga
684 1136 253 28 Helsingfors-Tavaste-

185 1171 39 21 hus
244 1171 79 21 banan.
353 1170 84 28 Följom
458 1170 28 22 då
505 1171 72 21 denna
592 1171 157 27 fingervisning
764 1172 39 21 och
819 1172 67 21 låtom
900 1179 36 15 oss

184 1205 103 22 fortsätta
301 1205 127 28 byggandet
444 1205 25 22 af
481 1206 39 21 vår
531 1206 110 27 jernbana
657 1208 79 19 norrut.
767 1206 27 22 Vi
804 1206 88 22 komma
903 1207 33 22 så-

184 1240 69 21 lunda
271 1239 56 22 ifrån
346 1239 136 22 Tavastehus
501 1241 33 20 till
550 1240 145 22 Tammerfors
711 1240 39 21 och
766 1241 95 22 derifrån
877 1241 61 22 öfver

185 1275 102 21 Parkano
304 1274 39 21 och
359 1275 77 21 Ilmola
452 1275 33 21 till
500 1277 75 26 Wasa,
591 1275 28 21 då
634 1275 31 28 vi,
682 1275 120 22 förenande
812 1275 84 22 Finska
906 1276 30 21 vi-

185 1309 44 21 ken
249 1309 49 21 med
318 1309 163 28 Bottenhafvet,
502 1310 88 21 befinna
611 1316 35 15 oss
667 1312 53 19 nära
738 1316 44 20 nog
797 1309 7 21 i
820 1309 80 28 hjertat
915 1310 26 21 af

186 1338 147 27 Österbotten.
361 1343 66 22 Detta
447 1343 87 29 projekt
547 1344 40 21 har
606 1343 41 22 den
669 1346 55 19 mest
744 1344 116 27 allvarliga
881 1344 55 21 sida.

185 1377 36 21 Då
240 1377 45 27 det,
305 1377 72 21 såsom
396 1378 45 27 här,
460 1379 24 19 är
504 1377 62 28 fråga
582 1384 34 15 om
632 1377 161 28 befrämjandet
808 1377 25 21 af
846 1377 37 22 det
898 1377 38 22 all-

186 1414 80 19 männa
285 1411 74 26 bästa,
379 1411 75 21 ställer
469 1411 131 22 åtminstone
613 1411 40 28 jag
669 1411 166 23 menniskornas
850 1411 87 22 tillvaro

186 1446 7 23 i
212 1445 88 22 främsta
318 1447 100 28 rummet;
438 1446 39 21 och
497 1446 37 22 det
552 1447 70 27 gäller
637 1453 28 15 nu
680 1446 7 21 i
703 1446 151 29 verkligheten
870 1449 67 20 öster-
