1020 1748
771 111 41 22 583

93 177 122 30 positionen
242 178 115 29 angående
386 177 94 29 lindring
508 177 24 23 af
554 177 131 30 jordägares
714 177 127 30 skyldighet

94 213 32 21 till
141 213 171 28 hållskjutsning
326 215 56 20 samt
397 215 51 26 väg-
464 213 40 22 och
519 213 143 28 brobyggnad
677 213 114 27 godkännt
804 213 37 22 det

94 247 46 22 deri
160 247 78 28 gjorda
257 247 105 28 förslaget
384 249 32 20 att
434 248 23 21 åt
476 247 137 28 sakkunnige
637 250 49 19 män
701 247 72 23 skulle
788 255 52 20 upp-

95 281 79 28 dragas
193 284 32 19 att
245 282 70 21 samla
334 281 81 28 nödiga
433 281 156 28 upplysningar
609 281 115 28 angående
739 284 101 25 utgöran-

94 315 37 23 det
151 315 24 22 af
193 315 60 22 detta
269 316 83 27 besvär,
368 317 55 20 samt
439 316 32 21 till
487 316 105 27 styrelsen
609 316 124 27 sedermera
748 316 93 21 aflemna

94 349 43 22 den
161 349 116 28 utredning
296 349 27 22 de
343 349 83 22 kunnat
446 349 152 22 åstadkomma
614 349 69 28 jemte
704 349 82 29 förslag
806 357 34 14 om

93 383 168 28 ifrågavarande
284 384 89 22 besvärs
392 383 100 28 jemnare
514 383 133 29 fördelning,
670 383 113 23 hvarutom
804 384 37 21 det

94 418 118 28 höglofliga
235 418 88 22 ståndet
345 418 33 22 till
402 425 83 15 samma
507 418 81 22 komité
607 418 142 22 öfverlemnat
764 419 76 28 frågan

94 459 35 16 om
147 452 237 29 häradspostföringen.
414 453 102 22 Deremot
537 452 56 23 hade
616 452 88 23 ståndet
726 453 19 28 ej
769 455 73 20 ansett

94 488 73 27 någon
187 495 73 14 annan
279 487 127 28 förändring
424 487 7 22 i
451 487 76 28 frågan
546 494 35 15 om
595 487 199 29 hållskjutsningen
809 488 33 22 för

95 522 37 22 det
146 522 137 22 närvarande
298 522 54 22 böra
367 525 43 25 äga
425 529 45 15 rum
487 525 27 19 än
530 524 32 20 att
577 522 137 28 skjutslegan
729 522 112 29 förhöjdes

94 557 33 21 till
147 558 26 20 15
193 557 66 28 penni
279 557 33 21 för
331 558 95 25 versten,
448 556 28 22 då
492 559 163 26 entreprenörer
671 557 101 28 utgjorde
788 557 53 22 håll-

94 591 160 28 skjutsningen.
284 591 139 22 Beträffande
449 591 47 22 åter
517 591 78 28 frågan
617 597 34 15 om
673 591 167 29 bropenningar,

94 626 57 23 hade
171 626 87 22 ståndet
280 626 93 22 beslutat
392 625 33 22 till
444 626 128 27 regeringen
587 625 133 22 öfverlemna
735 625 107 23 huruvida

94 661 41 22 och
155 661 32 22 till
207 660 58 23 hvad
286 661 78 28 belopp
385 663 56 20 samt
460 660 33 22 för
512 660 75 22 hvilka
606 660 65 22 broar
690 660 69 22 sådan
779 661 63 27 afgift

95 696 67 22 borde
180 695 111 28 erläggas,
314 695 103 28 antingen
438 694 24 22 af
481 695 44 22 alla
540 694 103 29 resande,
659 695 53 22 eller
726 695 79 22 endast
820 695 25 22 af

95 731 58 28 dem,
175 737 46 16 som
241 730 129 28 begagnade
391 729 123 29 hållskjuts.
545 729 80 23 Vidare
645 729 148 28 tillkännagaf
805 729 36 22 de-

95 765 136 30 putationen,
255 767 32 20 att
308 764 153 29 ridderskapet
484 765 39 21 och
545 764 65 23 adeln
633 765 7 20 i
663 764 43 22 allo
729 764 114 27 godkännt

95 800 176 23 bankutskottets
287 799 305 29 sammanjemkningsförslag
607 799 114 28 angående
735 799 107 28 styrelsen

95 835 40 22 och
154 834 160 29 förvaltningen
335 835 25 21 af
376 835 105 21 Finlands
502 834 68 28 bank,
587 833 111 23 äfvensom
712 841 83 14 samma
810 837 31 18 ut-

97 870 69 22 skotts
187 869 305 29 sammanjemkningsförslag
508 868 114 29 angående
639 869 100 21 enskilda
753 869 90 27 banker,

96 906 56 21 dock
168 904 49 22 med
231 904 28 22 de
274 904 180 28 modifikationer,
471 906 32 20 att
518 904 7 21 i
546 905 6 26 8
570 905 11 20 1
597 904 71 21 skulle
683 904 87 28 intagas
781 904 62 21 ordet

97 958 8 8 »
111 939 142 22 åtminstone"
276 938 88 23 framför
385 938 205 28 ,tvätredjedelar*,
612 940 56 20 samt
688 940 32 20 att
739 938 37 21 det
791 938 52 28 hög-

96 974 75 27 lofliga
192 974 87 22 ståndet
297 973 101 22 vidhållit
414 973 33 22 sin
462 972 117 23 redaktion
595 972 26 22 af
632 974 13 25 $
661 974 24 26 2;
701 972 40 23 och
757 972 88 28 inbjöds

95 1009 72 22 tillika
189 1008 163 28 prestaståndet
376 1009 32 20 att
430 1007 76 22 förena
528 1007 35 27 sig
578 1007 31 21 uti
625 1006 163 29 ridderskapets
804 1006 40 22 och

96 1043 76 23 adelns
188 1044 71 21 beslut
274 1042 136 23 beträffande
424 1042 70 28 begge
510 1042 66 22 dessa
591 1041 101 28 punkter,

165 1078 74 22 Sedan
265 1077 154 29 deputationen
447 1076 108 28 aflägsnat
580 1076 43 28 sig,
650 1076 81 22 beslöts
753 1078 32 20 att
807 1075 37 22 vid

97 1112 173 28 morgondagens
290 1112 86 28 plenum
394 1113 52 25 taga
461 1110 164 28 ridderskapets
641 1110 40 22 och
696 1110 77 22 adelns
789 1109 54 23 före-

97 1148 96 22 nämnda
208 1146 130 29 inbjudning
351 1146 7 22 i
374 1145 168 27 öfvervägande.

164 1215 102 22 Härefter
288 1215 110 22 fortsattes
421 1214 153 23 diskussionen
596 1214 7 21 i
626 1214 61 27 fråga
710 1221 34 15 om
767 1213 79 28 anslag

97 1250 33 22 till
145 1249 122 22 folkskolor
281 1257 27 14 m.
324 1256 27 15 m.

165 1284 91 21 Prosten
276 1283 128 22 Hackzell
423 1282 96 29 yttrade:
537 1282 146 28 Domprosten
699 1281 92 22 Renvall
807 1281 39 22 har

97 1319 8 21 i
129 1320 30 20 ett
181 1320 71 20 varmt
272 1317 40 22 och
332 1317 86 22 sakrikt
438 1315 142 29 andragande
600 1315 97 22 förordat
717 1315 128 28 anläggnin-

98 1359 43 21 gen
163 1352 25 21 af
207 1359 27 14 en
253 1351 165 28 jernvägsbana
440 1351 47 21 från
509 1345 47 27 Åbo
580 1350 32 21 till
635 1350 71 27 någon
728 1349 69 28 punkt
817 1349 29 28 på

98 1385 378 27 Tavastehus-Tammerforsbanan,
504 1385 46 20 före
578 1384 163 27 anläggningen
763 1384 26 21 af
808 1384 37 20 ba-

99 1427 43 18 nan
161 1419 48 23 frän
229 1419 118 22 Riihimäki
368 1419 33 22 till
420 1418 82 22 Lahtis,
532 1418 55 21 Herr
603 1417 150 28 domprostens
768 1416 79 23 andra-
