1017 1786
771 129 42 20 367

92 195 147 29 uttryckligen
260 194 67 22 borde
348 195 90 27 stadgas
458 196 32 20 att
510 194 102 27 notdrägt
632 193 54 22 efter
705 194 75 28 mujka
801 194 40 21 och

92 236 51 16 nors
163 230 57 26 finge
235 230 65 21 idkas
321 229 63 22 äfven
406 229 68 21 under
494 228 65 22 dessa
574 228 116 27 fiskeslags
707 228 79 27 lektid,
803 228 38 21 all-

94 263 108 23 denstund
219 264 26 21 de
260 263 70 22 under
345 270 72 15 annan
434 264 31 20 tid
481 263 39 21 och
536 263 28 28 pä
577 264 67 20 annat
655 264 43 20 sätt
708 262 49 22 icke
768 262 74 21 kunna

93 297 85 28 fångas.
209 298 9 21 I
234 298 68 26 öfrige
318 297 61 22 delar
394 297 94 27 gillades
503 297 117 21 utskottets
634 296 162 21 betänkande".

161 332 22 28 3)
204 331 32 22 för
256 331 42 22 den
318 332 24 21 11
356 331 7 22 i
380 331 72 21 denna
467 331 81 22 månad
564 330 82 29 derom,
663 332 32 20 att
710 330 131 22 bondestån-

94 365 36 22 det
151 366 35 22 vid
202 365 156 28 föredragning
372 365 26 22 af
410 365 154 28 lagutskottets
585 365 140 21 betänkande
741 372 35 14 n:o
792 365 27 20 20
834 365 7 20 i

94 400 119 27 anledning
224 400 24 21 af
255 399 82 28 nådiga
348 401 160 27 propositionen
520 400 114 28 angående
645 399 131 22 barnamord
787 401 56 19 samt

93 434 78 22 fosters
192 434 148 22 fördrifvande
358 435 39 21 och
418 434 126 22 utsättande
564 434 112 21 äfvensom
692 434 59 21 vissa
766 434 37 21 fall
821 433 25 21 af

93 469 126 27 lägersmål,
243 469 79 21 bifallit
343 469 150 21 betänkandet
513 469 6 20 i
540 469 73 27 öfrigt,
637 470 58 19 utom
718 471 32 18 att
773 469 6 20 i
800 469 42 20 den

94 503 72 21 finska
185 503 144 22 redaktionen
349 503 37 21 det
405 503 7 20 i
431 504 9 20 1
461 510 63 15 mom.
544 503 26 21 af
586 505 13 25 &
622 503 12 20 9
657 503 131 27 begagnade
811 510 32 14 or-

95 538 37 21 det
153 537 133 28 ,heittänyt*
308 537 40 22 och
371 537 37 22 det
430 538 8 20 i
452 537 77 28 början
546 537 24 21 af
586 539 12 25 8
619 537 27 20 10
665 537 177 22 förekommande

94 571 62 22 ordet
180 572 146 28 ,laskettiin,"
350 572 71 22 såsom
442 571 126 28 olämplige,
592 571 66 22 borde
680 571 88 28 utbytas
787 573 56 20 emot

94 605 67 22 orden
180 622 10 11 ,
194 608 83 25 pannut
296 606 60 21 ulos*
378 606 40 21 och
434 606 120 27 ,pantiin;*
575 605 39 22 och
631 605 71 22 skulle
718 605 37 22 det
769 605 21 22 få
807 613 37 14 an-

94 640 88 22 komma
197 641 29 27 pä
241 641 106 27 styrelsen
364 642 32 19 att
410 641 122 20 bestämma
547 640 59 22 tiden
623 643 38 18 när
676 640 168 27 ifrägavarande

94 674 128 28 förordning
235 674 68 22 borde
318 674 64 22 träda
397 675 6 21 i
419 675 145 22 verksamhet.

163 710 21 24 4)
200 709 34 21 för
249 709 42 21 den
308 710 26 20 14
350 716 57 15 mars
423 709 25 22 af
460 709 106 28 innehäll,
583 711 32 19 att
630 709 160 22 bondeständet
806 716 36 14 an-

95 743 56 28 tagit
173 743 195 27 borgareständets
391 743 130 28 inbjudning
540 744 33 20 till
595 743 137 28 underdänig
752 744 91 27 petition

96 777 84 28 derom,
202 780 32 19 att
248 777 83 28 förslag
351 777 116 22 framdeles
486 778 71 21 skulle
581 778 123 27 föreläggas
725 778 119 21 ständerna

96 812 33 21 till
144 819 26 14 en
187 812 79 27 stadga
282 819 33 14 om
331 811 131 29 fridlysning
477 813 25 20 af
510 812 155 28 gasledningar
676 812 112 21 äfvensom
799 814 45 19 vat-

96 845 153 28 tenledningar
264 846 7 21 i
287 846 110 22 städerna.

166 880 22 28 5)
205 880 25 21 af
242 887 83 15 samma
341 881 52 27 dag,
410 881 25 21 af
443 881 95 21 innehäll
550 883 32 19 att
593 881 37 21 det
640 881 136 21 hedervärda
787 881 59 21 stän-

97 914 47 28 det,
153 927 28 3 —
190 914 36 22 vid
237 914 157 28 föredragning
409 916 25 20 af
442 922 26 15 en
483 916 47 21 från
541 916 163 22 statsutskottet
714 916 130 21 ankommen

97 949 115 22 skrifvelse
232 950 25 20 af
273 949 42 21 den
332 951 24 20 11
374 957 66 21 mars,
456 950 61 22 hvari
533 950 170 28 statsutskottet,
723 957 46 15 som
788 950 6 21 i
815 950 30 21 af-

98 984 80 22 seende
202 984 12 20 å
237 984 83 27 förslag
340 984 31 21 till
395 984 211 28 sammanjemkning
633 984 94 22 förehaft
750 985 28 21 de
802 987 43 19 sär-

97 1018 73 22 skilda
190 1018 80 28 beslut,
287 1018 7 21 i
310 1018 74 22 hvilka
405 1019 139 22 riksständen
564 1021 88 20 stannat
667 1019 37 22 vid
718 1019 128 28 pröfningen

97 1052 25 21 af
142 1053 118 21 utskottets
282 1052 140 22 betänkande
443 1053 5 21 i
469 1053 119 28 anledning
608 1053 25 21 af
649 1053 81 28 nädiga
750 1053 96 28 proposi-

98 1087 74 21 tionen
196 1087 115 27 angående
334 1088 93 21 revision
448 1088 25 21 af
485 1087 182 28 författningarna
682 1094 34 14 om
732 1088 115 27 personela

98 1121 224 28 kronoutskyldernas
345 1122 79 28 belopp
443 1123 40 20 och
506 1123 123 26 grunderna
651 1122 33 21 för
706 1122 64 21 deras
785 1124 61 24 utgö-

97 1156 78 28 rande,
194 1156 126 22 hemställer
330 1158 32 20 att
372 1157 76 27 hvarje
459 1157 72 28 stånd,
548 1157 32 22 till
596 1157 108 21 häfvande
720 1157 25 21 af
758 1156 42 22 dei
810 1156 36 21 be-

99 1191 70 21 sluten
180 1191 87 28 yppade
278 1191 183 29 skiljaktigheter,
473 1191 75 22 hvilka
563 1191 106 22 utskottet
683 1192 8 20 i
708 1191 33 21 sin
754 1191 93 21 berörda

98 1225 115 23 skrifvelse
229 1225 108 29 upptagit,
354 1226 74 22 kunde
439 1226 118 27 godkänna
573 1226 117 22 utskottets
706 1225 140 22 betänkande

95 1260 84 28 jemväl
196 1261 6 20 i
218 1260 104 22 afseende
333 1260 13 21 ä
357 1260 27 22 de
397 1261 169 28 bestämningar,
583 1268 46 14 som
649 1261 49 21 icke
719 1260 71 21 blifvit
810 1266 36 14 an-

99 1296 77 27 tagna,
193 1308 23 2 —
226 1294 79 22 bifallit
321 1296 173 21 statsutskottets
510 1295 168 28 ifrägavarande
692 1295 132 21 hemställan
841 1294 6 20 i

99 1329 74 27 öfrigt,
197 1332 58 18 utom
278 1332 32 19 att
329 1330 88 21 ståndet
432 1332 71 20 ansett
518 1330 35 27 sig
570 1330 53 21 böra
638 1329 98 22 vidhålla
754 1329 94 21 bestäm-

100 1364 81 26 ningen
208 1364 83 28 derom,
319 1366 32 20 att
376 1364 109 28 allmogen
508 1365 6 21 i
537 1364 110 22 Kuusamo
670 1364 82 21 socken
777 1363 72 22 skulle

99 1398 37 21 vid
156 1398 134 26 erläggande
313 1398 25 22 af
357 1399 215 27 mantalspenningar
596 1398 84 27 åtnjuta
700 1398 96 26 lindring
816 1397 30 21 till

92 1430 91 22 "hälften
202 1432 57 21 emot
278 1431 88 22 landets
384 1432 70 27 öfriga
470 1432 138 28 befolkning,
620 1430 140 23 alldenstund
780 1430 68 28 sagde
