1028 1748
782 126 24 21 11

91 192 94 22 medlem
200 192 23 21 af
236 192 198 28 statsorganismen,
449 191 102 23 behöfver
566 192 25 21 af
600 191 44 28 mig
654 191 19 29 ej
686 194 98 20 närmare
794 192 42 22 för-

93 227 64 21 ordas
176 227 32 21 till
228 227 32 21 sin
281 226 169 28 nödvändighet.
480 227 48 21 Hon
543 229 24 19 är
582 227 70 21 säsom
668 226 69 22 sädan
753 227 83 21 erkänd

92 262 48 20 från
163 262 43 20 alla
228 261 51 21 håll.
309 262 48 20 Men
378 261 122 21 destomera
519 262 83 21 fordrar
618 261 40 21 den
674 261 69 28 tredje
759 268 76 20 garan-

93 296 50 28 tien,
168 296 51 21 eller
241 295 246 22 kommunalnämndens
509 296 62 28 intyg
592 295 58 22 öfver
670 295 42 22 den
731 296 105 21 obesutna

93 330 280 22 kommunalmedlemmens
389 329 105 22 arbetsflit
509 332 31 19 ett
554 330 89 21 försvar.

161 365 43 27 Jag
218 364 39 22 har
272 364 66 22 redan
355 364 7 22 i
376 364 36 22 det
427 364 131 28 föregäende
574 366 54 26 sagt,
645 366 32 19 att
691 364 42 22 den
746 364 92 22 besutna

93 406 77 21 genom
187 399 36 21 sitt
239 400 64 27 vissa,
319 399 32 21 för
367 400 54 21 allas
437 402 56 24 ögon
508 399 102 27 liggande
624 399 139 28 lefnadsyrke
774 399 63 21 fram-

92 434 77 27 lägger
191 434 41 22 den
255 436 55 19 mest
329 434 87 21 talande
432 434 113 27 garantien
559 434 7 21 i
581 434 59 21 detta
656 434 109 22 afseende.
796 434 42 26 Jag

93 468 39 22 har
152 470 54 26 sagt,
227 471 32 19 att
280 468 41 21 den
343 475 45 14 som
407 468 19 28 ej
442 468 40 22 har
498 470 31 20 att
544 468 90 28 uppvisa
650 469 66 27 nägot
729 468 109 22 bestämdt

93 503 40 21 och
149 503 53 21 visst
217 503 147 27 näringsfäng,
380 503 69 21 mäste
461 503 47 27 just
524 502 83 22 derföre
622 510 51 14 vara
688 503 115 21 hemfallen
816 503 21 21 ät

93 537 152 28 skyldigheten
261 540 32 19 att
311 538 2 20 i
325 538 289 26 kommunaldelegationens
624 538 82 21 vitsord
716 537 121 27 framlägga

93 572 157 22 vittnesbördet
270 572 60 22 öfver
350 572 32 21 sin
401 572 110 28 arbetsflit,
528 572 40 22 och
579 572 41 28 jag
635 572 43 22 kan
694 572 65 22 alltsä
774 572 7 21 i
796 572 42 21 den

93 608 118 27 kejserliga
231 607 172 28 propositionens
422 608 137 26 bestämning
573 607 7 21 i
595 607 59 21 detta
670 607 104 21 afseende
789 607 48 21 icke

93 648 24 15 se
139 644 73 26 annat,
236 645 27 17 än
284 642 41 21 dcn
346 643 121 26 strängaste
489 642 143 26 konsegvens.
661 642 49 21 Just
726 641 65 28 detta,
808 646 31 17 att

94 677 42 20 han
159 677 59 21 söker
240 676 53 28 efter
311 676 102 28 förmåga
435 676 81 28 ärligen
539 676 81 28 lifnära
642 677 37 27 sig,
698 678 24 19 är
740 676 37 21 det
792 683 45 14 som

93 711 130 21 kommunen
243 711 69 21 mäste
329 711 102 27 erkänna,
449 711 52 21 eller
515 711 56 21 icke.
602 711 39 21 Om
657 711 95 21 deremot
768 710 70 28 tilläg-

95 748 36 25 get
146 746 25 20 af
183 745 86 21 fordran
284 746 29 26 pä
327 746 79 26 sedligt
422 745 39 21 och
478 745 115 27 ordentligt
608 745 135 28 lefnadssätt,
758 745 81 29 (säsom

95 780 67 21 orden
185 780 56 28 lyda,
265 784 69 23 ,samt
357 780 65 28 lefver
444 780 110 28 ordentligt
574 781 35 20 och
623 780 105 29 sedligt*,)
744 780 39 22 här
796 782 43 20 rätt

95 815 34 21 väl
149 814 108 22 försvarar
276 815 32 21 sin
325 815 56 27 plats
398 815 52 21 eller
464 814 55 28 icke,
536 818 24 18 är
575 815 6 21 i
597 815 93 27 sanning
705 815 87 22 svårare
808 818 31 18 att

95 852 61 25 säga.
185 849 110 28 Hvarföre,
313 850 34 28 (sä
363 849 71 21 kunde
450 856 49 14 man
515 849 39 22 här
569 850 49 21 med
632 852 57 18 rätta
704 849 73 29 fråga)
789 850 50 21 stäl-

94 885 31 21 ler
144 891 50 14 man
213 884 18 27 cj
249 884 115 21 enahanda
385 885 95 27 anspräk
499 885 28 26 pä
543 885 41 20 den
600 885 90 21 besutna
706 885 133 21 kommunal-

95 919 153 21 medlemmens
264 919 85 27 sedliga
364 919 33 27 lif,
411 919 98 21 hvarföre
525 919 83 21 fordrar
622 926 50 14 man
688 921 30 19 ett
733 919 62 28 intyg
810 919 29 22 öf-

95 961 38 14 ver
153 953 41 21 den
213 953 115 22 obesutnas
345 953 121 26 ordentliga
481 953 84 28 vandel,
584 953 28 21 då
627 961 49 13 man
692 953 54 22 intet
762 953 78 22 sådant

97 988 66 21 äskar
185 987 58 22 öfver
264 988 42 21 den
326 988 117 21 besutnas?
473 988 43 27 Jag
534 990 44 19 tror
596 988 44 27 mig
655 987 56 22 dock
726 988 115 27 härvidlag

96 1023 53 21 böra
172 1029 69 21 svara,
265 1024 32 19 att
319 1022 27 21 de
368 1022 62 27 intyg
451 1023 29 26 på
500 1022 70 27 sedlig
585 1022 40 21 och
641 1022 108 27 ordentlig
763 1023 77 20 vandel

97 1064 45 14 som
165 1057 39 20 här
225 1057 84 21 fordras
332 1056 25 21 af
376 1056 41 21 den
437 1057 113 27 obesutna,
574 1057 76 20 endast
669 1057 84 21 fordras
770 1057 71 21 såsom

96 1091 135 28 supplement
246 1092 33 21 till
294 1092 84 27 intyget
394 1091 58 21 öfver
467 1091 54 22 hans
538 1091 78 27 stadga
626 1090 39 22 och
677 1091 105 22 arbetsflit
792 1091 7 22 i
811 1091 29 22 öf-

96 1126 48 28 rigt,
160 1126 49 21 icke
224 1127 72 20 såsom
313 1127 30 20 ett
358 1126 7 20 i
377 1125 39 22 och
426 1125 33 22 för
470 1126 34 27 sig
514 1125 103 22 särskildt
627 1126 102 27 gällande
740 1128 101 19 moment.

96 1161 33 27 Ty
143 1160 42 21 den
201 1161 110 27 egentliga
326 1160 40 21 och
378 1159 89 29 djupare
478 1160 84 27 gående
574 1159 139 29 sedevården,
726 1167 45 14 som
782 1160 58 21 kom-

97 1202 84 21 munen,
205 1195 81 28 tyvärr!
309 1195 54 20 blott
385 1194 72 22 alltför
480 1195 86 27 mycket
585 1194 125 22 försummat
729 1195 39 20 och
784 1198 57 18 ännu

97 1229 126 22 försummar
243 1229 39 21 hos
302 1236 41 19 oss,
364 1229 39 21 har
418 1229 107 22 alltsedan
542 1229 172 21 kristendomens
729 1229 112 21 införande

97 1265 6 20 i
126 1264 48 21 vårt
194 1264 51 21 land
267 1266 78 19 nästan
365 1263 137 22 uteslutande
522 1263 82 21 tillbört
619 1263 92 28 kyrkan.
741 1264 27 21 Ju
784 1270 59 15 mera

98 1305 28 14 nu
149 1297 186 22 kommunallifvet
354 1297 7 21 i
377 1299 38 20 vår
434 1297 134 22 närvarande
583 1297 31 22 tid
630 1297 92 22 sträfvar
737 1300 32 19 att
785 1298 57 27 sjelf-

98 1333 97 27 ständigt
217 1332 94 27 gestalta
334 1332 33 28 sig
389 1333 33 20 till
440 1333 50 21 hela
509 1333 33 21 sin
557 1331 132 28 författning,
706 1332 61 21 desto
783 1339 59 15 mera

97 1367 68 21 borde
181 1367 62 20 aktas
261 1367 72 26 derpå,
350 1369 31 19 att
395 1367 129 21 kommunen
540 1367 53 20 intet
609 1367 90 21 förbiser
710 1367 53 20 eller
772 1366 71 27 förgä-

97 1403 39 26 ter,
158 1407 45 15 som
218 1400 81 21 hennes
315 1400 97 21 innersta
426 1400 42 21 frid
484 1400 101 21 tillhörer.
615 1400 42 27 Jag
672 1400 71 21 skulle
759 1399 83 22 derföre

97 1435 49 23 icke
162 1441 52 16 anse
230 1433 142 30 öfverflödigt,
389 1436 31 20 att
436 1441 26 16 en
478 1434 86 28 garanti
578 1434 47 24 från
636 1434 148 28 sedlighetens
794 1434 48 23 sida
