1023 1756
773 119 39 23 585

91 188 99 28 behörigt
214 188 103 22 afseende
343 187 45 29 vid;
409 187 100 22 hvarföre
524 187 42 29 jag
585 187 129 28 godkänner
733 186 51 23 dess
804 188 37 21 be-

91 222 123 22 tänkande:
243 222 52 22 ville
323 222 124 22 tillochmed
474 222 33 22 för
534 222 81 22 fridens
643 222 56 21 skull
724 228 68 21 gerna
816 228 23 16 se

90 259 32 19 att
142 256 71 28 begge
232 263 29 15 nu
280 256 153 28 ifrägakomna
453 256 107 28 banorna,
581 263 34 15 om
630 256 94 28 möjligt,
740 256 100 29 byggdes

90 291 28 28 pä
144 298 83 15 samma
253 292 64 27 gäng.
348 292 49 20 Men
424 291 29 21 dä
476 298 29 15 nu
524 290 127 29 jemförelse
675 290 49 22 dem
747 291 93 22 emellan

90 326 91 22 kommit
200 326 29 27 pä
249 326 40 28 tal,
311 332 65 16 anser
392 325 42 28 jag
453 326 44 28 mig
518 326 54 22 böra
592 325 71 22 afvisa
678 325 84 23 sådana
778 333 62 21 argu-

90 362 90 26 menter,
197 367 46 15 som
254 360 192 28 Päijänetraktens
457 360 115 28 bördighet
582 359 89 23 framför
681 362 86 20 orterna
777 360 65 29 kring

90 395 111 29 Näsijärvi
226 397 158 26 vattensystem
410 395 41 22 och
477 396 27 21 de
529 394 147 23 framstäende
703 396 138 28 naturalster,

90 437 46 15 som
155 430 49 21 från
224 430 151 22 förstnämnda
390 430 59 22 trakt
465 430 71 22 skulle
551 430 79 22 forslas
647 430 31 21 till
694 430 147 29 Helsingfors,

90 467 57 20 samt
166 467 32 20 att
217 473 49 14 man
288 465 98 22 deremot
406 465 85 22 skattar
506 465 149 29 produkterna
669 465 47 22 frän
732 465 110 28 Näsijärvi

90 502 86 19 orterna
197 501 25 21 sä
241 500 63 27 ringa
325 502 31 19 att
376 500 38 28 de,
435 501 72 21 säsom
528 507 27 15 en
570 499 55 23 värd
640 500 69 21 talare
724 507 52 21 nyss
792 500 51 21 ville

89 535 108 28 förmena,
217 535 88 28 ätginge
324 535 7 20 i
352 535 156 28 Tammerfors,
529 541 27 16 en
575 534 50 22 stad
640 535 49 21 med
705 535 58 21 circa
779 535 63 28 5,000

90 576 115 21 personers
219 569 137 28 folkmängd,
368 569 83 22 hvilket
467 570 55 21 läter
533 569 103 28 temligen
648 569 93 28 otroligt.
771 569 72 22 Dessa

91 603 119 29 produkter
232 604 46 21 tåla
301 604 56 21 dock
380 605 86 28 ganska
486 605 45 28 väl,
556 603 57 23 både
629 605 32 20 till
680 605 108 27 gvantitet
803 604 40 23 och

91 639 101 28 gvalitet,
207 639 127 28 jemförelse
355 639 48 22 med
421 639 48 22 dem
488 639 48 22 från
555 639 210 28 Päijäne-omrädet,
789 639 54 23 deri-

90 674 48 22 frän
158 674 121 22 tillsvidare
298 673 152 30 förnämligast
471 675 77 27 skogs-
569 674 40 22 och
629 674 214 28 ladugärdsproduk-

92 711 32 19 ter
140 709 75 22 kunna
225 709 104 28 afyttras,
347 716 48 15 men
407 709 27 22 de
446 716 59 15 mera
515 709 80 22 odlade
607 711 86 20 orterna
703 709 64 28 kring
780 709 65 22 Tam-

91 743 89 22 merfors
204 743 40 22 och
267 744 111 27 Näsijärvi
401 745 161 27 vattensystem
583 743 62 22 torde
664 744 121 27 producera
805 745 39 21 allt

91 778 61 22 detta
172 778 41 22 och
233 778 72 22 dertill
326 786 59 14 mera
405 779 48 28 säd,
472 779 40 21 och
534 785 34 15 om
589 778 27 22 de
637 778 38 21 der
696 778 125 23 fabrikerna
837 779 7 22 i

91 813 145 22 Tammerfors
257 813 44 21 kan
317 813 42 28 jag
376 813 111 29 försäkra,
506 814 32 21 att
558 813 27 22 de
605 820 44 21 nog
664 813 60 27 gifva
739 813 58 22 frakt
812 813 33 22 för

91 855 45 14 mer
158 851 28 18 än
206 850 45 25 ,tre
275 848 104 28 veckor*,
402 850 22 26 ty
450 848 27 21 de
500 850 37 20 äro
560 848 8 21 i
583 848 59 27 gäng
657 848 47 21 äret
720 854 41 15 om.
793 849 51 21 Som

91 883 93 28 parallel
203 882 33 21 tili
250 882 58 22 hvad
323 883 49 21 herr
387 883 206 28 kontraktsprosten
608 882 107 21 Hackzell
729 882 116 29 behagade

92 920 80 19 nämna
188 923 34 15 om
238 917 149 28 menniskolif,
399 917 38 21 vill
445 917 42 28 jag
497 917 66 22 ställa
574 923 27 16 en
616 917 171 28 omständighet,
799 924 46 15 som

92 951 104 23 förefallit
215 951 45 28 mig
278 954 44 19 rätt
340 951 181 28 bekymmersam.
552 952 49 21 Den
618 951 102 28 fattigare
736 952 109 27 allmogen

91 987 7 22 i
125 985 243 23 Tammerfors-trakten
394 986 77 21 lockas
497 993 78 21 genom
602 985 42 22 den
667 986 76 21 starka
764 987 81 21 rörelse

92 1021 108 22 industrin
220 1021 108 22 medförer
347 1023 42 26 att,
408 1020 50 22 med
477 1020 138 23 förbiseende
631 1020 25 21 af
669 1020 50 23 dess
735 1021 111 28 egentliga

93 1056 102 27 kallelse,
217 1055 142 28 jordbruket,
386 1055 130 28 sysselsätta
542 1055 34 28 sig
600 1055 50 21 med
673 1055 172 29 formansyrket,

93 1091 84 21 hvilket
200 1091 77 21 länder
299 1090 50 22 dem
371 1090 33 21 till
428 1090 71 21 skada
521 1089 57 22 både
601 1089 7 21 i
631 1089 98 28 andeligt
748 1090 39 21 och
802 1097 44 14 ma-

92 1125 73 22 terielt
184 1125 135 28 hänseende;
341 1124 27 22 de
388 1124 69 22 förstå
477 1125 49 21 icke
546 1124 39 22 sitt
605 1126 50 25 eget
670 1124 63 22 bästa
749 1127 52 19 utan
817 1124 30 22 öf-

93 1160 114 22 verskatta
226 1162 77 26 nyttan
323 1159 25 21 af
363 1159 43 22 den
424 1159 7 22 i
451 1160 64 21 deras
530 1158 67 30 tycke
612 1159 79 22 lättare
705 1159 142 28 förtjensten
836 1154 13 38 ;

94 1194 100 22 hvarföre
209 1195 50 27 jag,
281 1201 35 14 om
337 1196 28 19 än
384 1193 60 30 icke,
465 1195 73 20 säsom
557 1200 29 15 nu
605 1195 24 19 är
649 1193 71 28 fallet,
738 1193 109 28 ifrägava-

93 1228 69 22 rande
185 1228 95 28 jernväg
305 1235 52 14 vore
380 1235 27 14 en
430 1229 124 27 stambana,
579 1234 45 15 som
647 1228 201 27 naturnödvändigt

93 1263 70 22 mäste
182 1263 80 27 dragas
282 1269 78 20 genom
379 1263 155 27 Tammerfors,
555 1262 53 21 ville
627 1262 7 21 i
649 1262 92 22 främsta
756 1265 91 20 rummet

95 1297 88 22 förorda
210 1297 127 22 densamma
359 1297 72 22 såsom
455 1298 13 21 å
490 1297 85 22 sådana
598 1299 63 26 orter,
685 1297 32 21 till
741 1297 107 22 förekom-

94 1331 82 22 mande
191 1331 25 22 af
229 1331 98 28 antydda
343 1332 66 28 onda,
426 1332 25 22 så
461 1332 64 27 högst
536 1331 77 28 nödig,
625 1331 26 28 ja
660 1344 25 3 —
695 1338 34 15 om
740 1331 37 22 det
788 1331 60 22 kom-

94 1373 46 14 mer
156 1373 27 14 an
199 1367 29 26 på
243 1366 85 27 knappt
345 1379 23 3 —
385 1366 106 28 nödigare
507 1369 28 18 än
549 1366 34 21 till
594 1366 39 21 och
644 1366 50 21 med
705 1365 78 28 sjelfva
793 1366 55 21 folk-

96 1399 88 28 skolan;
201 1402 22 25 ty
239 1399 94 22 förbiser
347 1400 110 27 allmogen
473 1400 33 21 sin
523 1400 111 26 egentliga
649 1399 102 27 kallelse,
768 1399 24 22 så
807 1400 41 21 för-

96 1434 89 29 slappas
206 1433 40 23 och
260 1433 167 24 demoraliseras
443 1434 43 22 hon
502 1434 34 28 så,
556 1436 32 20 att
603 1434 98 22 hvarken
717 1433 64 23 skola
796 1434 53 22 eller
