1031 1803
779 125 41 23 161

96 188 100 25 tillstånd
210 189 71 23 skulle
296 192 49 27 äga
355 191 43 21 rätt
413 191 33 21 att
461 189 57 24 fiska
532 190 8 22 i
560 190 80 23 sådant
658 192 76 21 vatten
749 197 46 16 som
809 191 40 22 här

96 228 24 19 är
131 226 7 20 i
148 225 70 28 fråga,
234 225 90 22 hvilken
340 226 63 28 åsigt,
421 226 68 26 enligt
504 225 59 22 hvad
577 226 206 28 kontraktsprosten
795 226 53 21 sade

96 260 34 27 sig
145 259 106 28 förmoda,
268 260 107 27 enhälligt
391 259 90 22 delades
497 260 25 21 af
533 260 87 22 landets
632 260 153 28 jordbrukare.

163 294 146 27 Domprosten
324 294 68 27 Borg
407 293 99 23 önskade
517 294 72 22 erinra
599 294 83 28 derom,
693 296 33 20 att
737 294 36 22 det
783 294 64 22 fanns

95 328 86 27 ganska
196 328 81 28 många
292 328 139 28 fiskevatten,
448 328 39 22 der
502 328 119 22 strandrätt
637 328 19 28 ej
672 328 57 28 ägde
745 335 46 15 rum
807 328 40 22 och

95 362 89 22 hvarest
204 362 64 22 äfven
290 362 160 22 utsockneboer
473 363 68 28 enligt
566 362 164 23 urminneshäfd
751 362 96 29 plägade

95 397 63 28 fiska,
175 398 57 20 samt
247 399 32 19 att
294 397 40 22 der
349 397 88 22 hvarest
451 403 78 21 genom
544 397 53 22 häfd
618 397 53 22 eller
690 397 106 22 särskildt
815 399 32 20 ut-

95 431 49 28 slag
159 431 131 22 fiskevatten
306 431 71 22 blifvit
392 431 73 28 någon
481 431 137 28 tillerkändt,
638 431 148 22 strandrätten
805 431 42 22 till-

94 466 87 21 komme
192 465 146 29 jordägaren;
354 473 49 14 men
414 466 7 21 i
432 466 120 22 allmänhet
567 466 81 28 ansågs
658 466 133 22 fiskevatten
805 465 42 22 till-

94 500 54 22 höra
171 500 87 22 landets
281 501 122 28 inbyggare
422 500 8 22 i
450 507 78 21 gemen
549 501 72 21 såsom
641 500 65 23 äfven
727 500 64 22 elden
806 499 41 23 och

94 535 78 28 luften,
192 535 76 22 hvilka
286 535 37 22 väl
338 535 66 28 ingen
419 535 74 22 kunde
508 535 59 22 neka
582 537 42 27 att,
640 535 67 23 ehuru
726 534 120 29 oskiftade,

94 569 47 22 lika
155 570 87 28 mycket
257 569 102 22 tillhörde
375 570 88 22 landets
479 570 101 28 samtlige
595 570 140 22 innevånare.
764 569 27 28 Ej
803 569 44 22 hel-

94 605 32 21 ler
141 604 73 22 kunde
231 605 139 28 domprosten
385 605 87 22 biträda
483 605 42 22 den
536 605 26 21 af
569 605 206 28 kontraktsprosten
793 603 53 23 dok-

94 641 34 20 tor
142 639 119 28 Europwus
276 639 88 29 yttrade
384 639 67 29 äsigt,
473 641 32 20 att
525 639 55 22 blott
599 639 142 22 medlemmar
762 638 25 22 af
804 638 43 23 den

94 674 109 29 kommun,
222 674 58 21 inom
295 671 84 25 hvilket
392 674 143 22 fiskevattnet
550 681 39 15 var
602 674 98 28 beläget,
716 673 72 23 skulle
804 675 43 26 äga

93 711 43 19 rätt
150 709 34 21 till
200 709 51 21 dess
266 709 155 28 begagnande,
438 709 28 21 dä
485 709 37 21 det
537 709 46 21 ofta
598 709 71 21 blefve
685 708 86 28 ganska
786 708 60 22 svärt

94 745 32 20 att
139 744 8 20 i
163 743 79 22 sädant
258 743 105 22 afseende
378 743 90 22 utstaka
483 743 60 22 vissa
561 743 116 23 bestämda
696 745 97 26 gränser,
812 742 34 22 sä-

94 784 46 16 som
156 780 15 19 t.
188 784 34 15 ex.
238 778 31 21 uti
284 778 118 22 Bottniska
417 778 66 22 viken
498 778 40 21 och
553 778 98 28 Ladoga.

162 813 92 21 Prosten
277 812 76 22 Sulin
375 812 77 22 trodde
474 812 148 22 förhällandet
641 812 132 22 härutinnan
793 818 53 15 vara

94 847 60 22 olika
169 846 137 22 beträffande
319 847 93 28 saltsjön
428 846 40 22 och
483 846 89 28 insjöar.
595 847 61 21 Huru
666 846 92 22 härmed
768 845 78 23 förhöll

94 882 34 27 sig
143 882 32 21 uti
190 881 89 29 insjöar,
295 881 58 22 hade
369 883 88 27 prosten
473 881 34 28 sig
522 882 19 28 ej
563 884 100 19 närmare
683 880 93 29 bekant;
797 886 49 16 men

93 916 31 22 uti
146 916 80 22 skären
248 916 105 28 utgjorde
373 916 141 22 fiskevattnet
534 916 99 28 grunden
652 915 33 22 för
705 915 142 21 hemmanens

93 950 144 28 beskattning
252 950 41 22 och
309 951 60 21 vissa
385 950 52 22 skär
451 957 52 15 voro
517 951 60 21 vissa
591 950 102 22 hemman
708 948 137 23 tillskiftade.

93 985 46 21 Der
154 985 47 21 åter
217 984 217 28 samfällighetsfiske
450 984 57 28 ägde
523 992 55 21 rum,
594 984 96 28 plägade
706 984 37 22 det
758 983 89 23 sträcka

94 1019 34 27 sig
143 1019 33 21 till
192 1018 37 22 det
243 1020 81 20 största
339 1019 85 28 djupet,
437 1018 71 28 jemte
523 1019 37 21 det
575 1019 29 27 pä
623 1018 60 22 olika
703 1018 94 28 grunder
815 1017 31 21 fo-

94 1053 52 22 tade
169 1052 233 23 Ofverenskommelser
424 1053 88 28 funnos,
532 1053 55 22 huru
609 1053 45 21 alla
675 1052 172 22 intressenterna

94 1087 72 23 skulle
182 1087 67 22 blifva
264 1087 47 22 lika
327 1087 114 28 delaktiga
456 1087 25 22 af
493 1087 148 22 fiskevattnet.
671 1086 109 27 Föröfrigt
794 1085 52 22 ville

94 1124 88 27 prosten
202 1122 104 29 upplysa,
327 1124 32 19 att
379 1129 51 14 man
447 1121 8 22 i
473 1121 119 22 allmänhet
612 1121 54 22 efter
681 1120 98 29 gammal
793 1119 53 22 häfd

93 1157 71 27 ansäg
180 1157 81 22 enhvar
276 1156 66 22 hafva
356 1159 44 20 rätt
416 1158 32 20 ait
462 1157 54 21 idka
531 1157 55 21 fiske
601 1156 31 21 uti
643 1158 66 26 öppet
722 1154 44 23 haf.
789 1154 57 22 Slut-

92 1192 60 28 ligen
174 1191 85 28 yrkade
282 1191 64 22 äfven
369 1193 88 27 prosten
479 1192 30 28 pä
530 1190 135 28 antagandet
687 1189 26 22 af
731 1189 50 22 herr
802 1195 43 15 von

93 1227 70 21 Borns
178 1226 141 28 reservation,
336 1226 29 21 dä
381 1226 126 28 derigenom
519 1233 26 15 en
556 1225 71 22 sädan
642 1224 115 28 obillighet
771 1223 74 22 kunde

93 1260 116 29 undvikas,
226 1267 46 15 som
287 1267 80 21 genom
382 1260 137 28 antagandet
534 1260 25 22 af
571 1259 119 23 utskottets
706 1257 140 23 betänkande

92 1295 138 29 uppkomme,
246 1295 110 27 nemligen
371 1297 33 20 att
418 1295 37 28 de,
470 1302 46 15 som
532 1297 38 19 äro
585 1293 129 29 skattlagda
727 1292 34 23 för
779 1292 66 28 fiske,

94 1330 57 22 dock
166 1330 72 22 skulle
256 1329 113 28 förvägras
389 1332 32 20 att
440 1330 102 27 begagna
562 1329 35 28 sig
615 1328 26 23 af
657 1328 50 22 dem
727 1328 29 28 på
776 1326 70 23 sådan

94 1365 72 27 grund
180 1364 167 22 tillkommande
361 1364 134 28 rättigheter.

161 1398 212 29 Kontraktsprosten
393 1398 80 23 doktor
492 1398 122 23 Granfelt
633 1398 52 23 ville
706 1398 57 22 emot
785 1395 60 23 dom-

93 1436 89 26 prosten
196 1434 70 27 Borgs
280 1434 110 27 yttrande,
406 1436 33 18 att
453 1434 51 21 med
515 1434 212 27 jordäganderätten
737 1432 8 21 i
755 1432 90 21 allmän»

117 1470 57 23 Högv.
187 1470 135 18 Prestaständets
333 1469 67 18 Protok.
425 1470 36 17 III.
758 1468 19 17 11
