1017 1817
764 124 40 24 351

84 198 35 16 om
140 190 38 24 det
195 190 72 24 blefve
287 189 78 25 tillåtet
381 190 88 30 enhvar,
486 199 45 15 som
546 191 52 22 ville
614 192 77 27 afsäga
707 192 34 28 sig
756 192 77 22 husbe-

83 226 194 28 hofsbränningen,
299 228 33 20 att
352 226 83 22 erhålla
455 226 101 22 befrielse
571 226 48 21 från
636 226 93 22 accisen.

152 260 80 22 Vidare
247 260 52 22 ville
315 260 162 29 kyrkoherden,
495 260 66 22 ehuru
574 260 43 21 han
628 260 121 27 ingalunda
759 260 73 22 kunde

83 294 92 22 förneka
194 294 28 22 de
240 294 123 22 företräden
384 294 219 27 fabriksbränningen
623 294 7 21 i
645 294 52 21 flere
713 294 119 22 afseenden

84 328 66 28 ägde,
173 329 71 21 såsom
263 328 138 28 besparande
419 328 58 22 både
495 328 32 22 tid
543 328 40 22 och
599 328 42 22 ved
657 331 56 19 samt
728 328 104 28 gifvande

83 362 87 22 tillfälle
190 363 31 21 till
240 370 27 14 en
287 363 91 22 säkrare
393 363 105 29 kontroll,
515 363 106 22 anmärka
637 364 56 20 emot
709 363 27 22 de
752 363 78 29 talare,

83 404 46 15 som
148 398 71 21 anfört
235 398 102 27 Sveriges
353 397 40 21 och
408 397 125 22 Danmarks
549 397 99 29 exempel
663 397 34 22 till
712 397 119 29 ådagaläg-

83 432 73 27 gande
176 432 25 21 af
222 432 36 21 det
278 432 109 22 företräde
407 432 7 22 i
436 432 80 28 sedligt
530 432 137 22 hänseende,
683 432 148 23 fabriksbrän-

82 467 80 28 ningen
183 467 39 21 bör
242 467 143 21 tillerkännas
405 467 88 21 framför
512 466 266 29 husbehofsbränningen,
800 470 32 19 att

82 509 34 14 om
137 501 41 22 ock
198 501 7 21 i
220 501 114 22 Danmark
349 501 114 22 resultatet
478 501 57 22 visat
551 501 34 28 sig
600 500 61 29 godt,
679 501 60 22 detta
755 502 77 22 åtmin-

82 538 62 20 stone
163 536 50 21 icke
233 543 51 14 vore
303 535 62 22 fallet
384 535 7 22 i
408 536 101 27 Sverige,
525 535 84 23 hvilket
625 535 63 22 äfven
704 543 27 14 en
747 536 84 23 stånds-

81 570 106 28 ledamot,
204 577 46 14 som
265 577 27 14 en
308 569 32 22 tid
355 570 78 23 vistats
447 570 122 26 derstädes,
585 569 74 22 kunde
674 570 83 28 intyga.
782 569 49 24 Men

81 604 65 23 äfven
169 604 50 22 med
242 605 78 28 siffror,
336 611 45 15 som
404 612 52 15 vore
479 605 27 21 de
528 607 57 20 mest
607 604 90 22 talande
717 605 84 22 vittnen
824 606 6 21 i

81 639 83 22 sådane
183 639 38 21 fall
237 646 46 15 som
299 646 28 15 nu
343 639 177 28 ifrågavarande,
536 639 74 22 kunde
626 639 153 28 kyrkoherden
794 640 37 22 be-

81 675 48 21 visa
149 675 32 20 att
201 675 31 20 ett
251 675 89 20 motsatt
360 673 137 23 förhållande
518 673 38 23 der
576 676 53 25 äger
648 680 53 15 rum.
731 674 43 22 Det
792 675 40 21 har

81 708 110 28 nemligen
210 708 127 29 uppgifvits,
354 711 32 19 att
401 708 69 22 under
485 708 36 22 det
537 709 54 22 sista
607 708 46 22 året
669 709 161 22 brännvinstill-

80 743 136 27 verkningen
236 743 8 21 i
265 743 90 28 Sverige
378 743 61 28 stigit
458 743 50 22 med
528 744 12 20 2
561 742 100 28 miljoner
681 743 91 22 kannor.
803 744 26 27 Ej

80 778 69 22 heller
171 778 77 21 trodde
271 777 163 29 kyrkoherden,
459 779 32 20 att
513 777 37 22 det
570 784 51 15 vore
642 780 31 19 ett
691 779 139 27 synnerligen

81 813 53 28 godt
152 812 61 22 bevis
233 813 28 27 på
279 812 107 28 superiets
406 812 119 27 aftagande
541 812 7 21 i
564 811 61 22 detta
640 812 61 28 land,
718 814 33 20 att
766 816 14 18 t.
797 820 33 15 ex.

80 848 60 21 vissa
160 847 133 27 gästgifvare
308 847 74 22 betala
398 847 62 28 1,500
473 847 33 21 till
522 847 63 28 2,000
600 845 109 23 riksdaler
724 846 107 29 riksmynt

80 881 84 28 årligen
184 881 33 22 för
236 881 132 27 rättigheten
383 883 32 19 att
431 881 90 28 försälja
536 881 115 28 brännvin,
669 883 56 20 samt
740 883 32 20 att
788 881 42 22 den

80 923 88 21 person,
190 923 46 14 som
255 915 7 21 i
283 915 142 22 Hernösands
445 915 50 22 stad
513 922 75 15 ensam
611 918 52 25 äger
678 915 104 28 rättighet
798 918 32 19 att

80 950 91 28 försälja
191 950 106 22 brännvin
318 950 7 21 i
340 950 78 27 minut,
442 949 85 22 derföre
550 949 101 28 erlägger
673 956 26 15 en
723 950 62 28 afgift
808 951 25 20 af

80 985 146 22 femtontusen
255 985 108 22 riksdaler
395 991 35 15 om
465 985 52 22 året.
547 985 49 21 Den
623 986 87 20 senaste
737 985 93 28 lagstift-

79 1019 180 29 ningsperioden,
279 1019 123 23 hvarunder
421 1020 39 21 vår
480 1019 92 29 styrelse
593 1019 92 22 sträfvat
705 1021 32 20 att
752 1026 78 21 genom

79 1055 89 28 gradvis
183 1054 166 23 inskränkande
364 1055 25 21 af
402 1054 181 28 bränningstiden
599 1056 74 26 stegra
688 1054 141 22 brännvinets

80 1090 44 28 pris
144 1090 41 22 och
205 1089 122 29 dymedelst
347 1089 86 22 minska
454 1089 177 28 konsumtionen,
651 1088 57 23 hade
723 1089 58 22 visat
796 1089 34 28 sig

79 1124 75 23 utöfva
182 1127 30 19 ett
237 1124 142 27 fördelaktigt
403 1124 120 29 inflytande
546 1126 56 20 samt
624 1124 7 21 i
654 1124 99 28 betydlig
775 1123 55 28 grad

79 1159 97 22 hämmat
191 1158 143 29 fyllerilasten
349 1158 68 22 bland
433 1159 117 28 allmogen;
567 1158 40 22 och
622 1158 153 28 kyrkoherden
792 1165 38 14 var

80 1193 130 29 öfvertygad
229 1193 85 28 derom,
335 1195 32 19 att
390 1195 31 20 ett
441 1193 80 22 sådant
539 1193 124 22 förfarande
679 1193 64 21 äfven
759 1192 70 22 skulle

78 1227 52 22 leda
150 1228 33 21 till
203 1227 204 22 lönbränneriernas
427 1227 137 28 fullkomliga
579 1227 148 28 upphörande.
758 1227 72 21 Dessa

78 1261 126 28 förderfliga
231 1262 162 21 lönbrännerier
417 1261 56 22 hade
499 1261 109 28 nemligen
631 1261 70 22 under
725 1261 42 21 den
788 1261 41 28 tid,

79 1297 255 28 husbehofsbränningen
355 1297 7 21 i
382 1297 59 22 vissa
461 1296 83 22 trakter
563 1296 57 21 varit
640 1296 45 21 helt
705 1295 40 22 och
761 1295 68 22 hället

78 1331 126 29 förbjuden,
223 1331 39 22 der
280 1331 76 22 vunnit
371 1331 43 22 den
429 1333 80 20 största
524 1331 140 28 utvidgning,
681 1329 93 22 emedan
791 1330 38 21 all-

78 1372 88 22 mogen,
186 1372 77 21 genom
279 1365 100 22 förbudet
395 1365 62 21 retad
473 1365 32 21 till
521 1364 134 29 opposition,
673 1364 60 22 slutit
747 1363 80 23 liksom

77 1407 142 21 gemensama
237 1399 92 23 förbund
348 1399 33 22 för
403 1399 154 22 befordrandet
580 1398 24 22 af
623 1398 120 22 desamma.
772 1398 54 28 Kyr-

79 1434 111 22 koherden
212 1434 72 21 kunde
305 1434 102 26 slutligen
427 1433 48 21 icke
496 1433 147 27 undertrycka
663 1433 42 21 den
725 1432 101 28 farhäga,
