1031 1753
779 125 40 20 169

94 188 86 22 fiskrikt
200 188 71 29 träsk,
294 194 46 16 som
360 188 37 28 låg
418 189 69 22 under
502 191 31 19 ett
549 189 104 28 boställe,
669 189 84 22 hvilket
768 196 79 21 genom

94 222 58 22 både
169 223 44 22 den
234 222 61 22 äldre
315 223 81 22 fiskens
412 222 41 22 och
468 224 86 28 ynglets
569 224 126 22 utfiskande
710 231 29 15 nu
754 231 39 15 var
808 224 39 21 all-

95 256 61 22 deles
179 257 103 22 fisktomt.
316 258 32 21 På
370 257 70 28 grund
462 258 66 22 häraf
544 258 107 22 förenade
673 258 34 28 sig
729 260 89 26 prosten
840 258 6 22 i

95 291 80 23 doktor
190 292 111 22 Granfelts
317 292 141 22 reservation.

162 326 101 22 Härefter
278 326 147 24 framställdes
441 326 26 23 af
479 326 49 22 herr
538 327 141 22 talemannen
689 327 99 28 följande
798 334 48 21 pro-

94 360 105 29 position:

165 395 130 23 Godkänner
310 396 33 21 det
357 396 129 29 högvördiga
502 397 82 21 ståndet
598 404 60 13 mom.
669 396 15 22 3
694 397 64 29 enligt
767 397 79 22 utskot-

94 434 38 18 tets
148 431 142 28 betänkande,
308 431 50 21 eller
372 431 34 28 ej?

162 465 138 22 Besvarades
316 465 50 22 med
381 465 28 22 18
419 467 29 27 ja
464 467 45 20 mot
524 465 12 22 7
552 467 42 27 nej.

162 500 65 21 Mom.
243 500 18 21 4.

135 555 3 2 .
163 534 158 28 Kyrkoherden
336 534 28 22 A.
380 534 97 22 Heikel
492 534 51 22 ville
553 534 56 22 blott
622 534 137 23 beträffande
773 535 40 22 litt.
825 535 21 28 f.,

94 568 40 23 der
154 569 36 21 det
208 568 62 23 heter
285 571 33 20 att
335 569 85 26 ,säsom
436 569 83 27 olofligt
537 569 101 22 fiskesätt
654 576 64 15 anses
738 569 109 22 håfvande

96 603 54 22 efter
160 603 37 22 lax
208 604 40 21 och
260 604 34 22 sik
310 611 24 14 ur
340 603 54 26 båt,
406 611 47 15 som
463 603 50 22 icke
524 607 24 18 är
558 603 74 22 fästad
642 604 37 22 vid
690 604 65 21 land"
767 607 81 19 nämna

94 639 70 27 några
179 638 45 22 ord.
240 638 158 29 Kyrkoherden
414 638 100 23 önskade
528 638 120 29 nemligen,
660 640 32 20 att
703 638 27 22 de
746 639 37 21 två
794 639 54 22 sista

94 680 25 15 ur
129 673 121 28 kejserliga
261 673 162 29 propositionen
436 673 24 21 af
468 673 106 22 utskottet
586 673 110 22 uteslutna
704 673 67 22 orden
781 691 6 9 ,
794 673 54 22 eller

95 708 96 21 ankare"
207 708 71 22 skulle
294 708 96 26 qvarstå.
420 708 11 20 I
446 707 86 21 Torneå
548 706 32 22 elf
588 706 80 23 erhölls
678 714 78 21 genom
767 708 80 22 sådant

94 742 111 28 fiskande,
221 742 55 22 blott
291 742 80 21 mellan
388 742 42 21 den
446 742 28 20 20
485 742 42 28 juli
538 742 40 21 och
590 742 26 21 15
630 742 95 28 augusti,
741 742 106 22 tusentals

95 777 68 21 fiskar
183 776 113 28 dagligen,
317 776 100 22 hvarföre
441 776 37 21 det
497 782 51 16 vore
568 776 89 27 mycket
676 776 64 21 hårdt
758 779 32 19 att
806 776 40 22 för-

95 810 67 28 bjuda
175 810 130 28 detsamma,
315 810 29 22 då
352 810 121 27 allmogens
482 812 80 20 största
570 810 54 22 eller
633 810 111 27 egentliga
751 811 97 21 inkomst

96 845 80 22 liksom
192 845 64 21 äfven
272 852 28 14 en
316 844 98 29 betydlig
430 844 36 22 del
482 845 24 21 af
518 844 226 29 prestainkomsterna
760 845 5 21 i
782 845 65 21 dessa

96 880 83 21 trakter
199 886 51 16 voro
267 879 109 23 beroende
394 879 96 28 härutaf;
514 879 93 22 sålunda
629 886 39 15 var
683 879 111 22 blifvande
810 886 37 21 pa-

96 916 56 20 stors
167 914 8 22 i
190 914 98 28 Karungi
308 914 36 22 lön
365 914 131 22 åtminstone
516 913 33 23 till
568 920 27 15 en
615 913 107 28 tredjedel
738 913 110 22 beroende

96 949 25 22 af
137 949 71 23 fisket.
238 948 159 30 Kyrkoherden
417 948 89 23 röstade
527 948 86 22 derföre
625 948 33 22 för
673 948 137 28 antagandet
825 948 25 22 af

96 984 42 22 den
158 984 119 28 kejserliga
296 983 163 29 propositionen
479 984 7 21 i
505 983 72 22 denna
592 982 80 29 punkt,
689 983 53 22 eller
757 983 42 21 ock
814 984 33 20 att

95 1019 33 22 till
151 1019 61 22 detta
234 1020 95 20 moment
348 1018 8 21 i
378 1018 118 22 utskottets
517 1017 141 23 betänkande
674 1017 88 22 tillades
780 1016 66 23 orden

99 1071 8 9 »
111 1053 69 22 under
195 1053 91 22 lektid*.

164 1088 92 21 Prosten
274 1088 27 21 H.
316 1087 98 22 Heikel
429 1087 69 28 ansåg
514 1087 34 28 sig
563 1086 115 28 angående
694 1087 28 21 de
738 1086 107 29 redskap,

97 1129 46 15 som
165 1121 71 23 blifvit
259 1122 124 27 föreslagne
406 1123 32 20 att
460 1121 19 28 ej
503 1121 75 22 vidare
600 1121 23 22 få
645 1121 124 28 begagnas,
793 1120 54 23 först

96 1157 136 22 beträffande
251 1157 43 22 den
314 1156 116 23 såkallade
452 1156 67 29 ryska
542 1158 66 20 noten
635 1156 53 22 böra
710 1155 59 22 fästa
792 1155 55 22 afse-

98 1192 55 22 ende
173 1192 29 28 på
221 1191 41 23 den
282 1191 26 22 af
324 1191 214 28 landtdagsmannen
559 1190 72 22 Klami
652 1190 80 28 gjorda
751 1196 96 16 reserva-

97 1226 45 22 tion
163 1228 58 20 emot
239 1226 101 22 förbudet
354 1225 34 22 för
403 1226 51 22 dess
468 1225 156 28 begagnande,
640 1225 92 21 emedan
746 1224 101 22 bemälde

97 1263 123 26 reservant,
236 1268 46 15 som
298 1260 87 29 tycktes
401 1267 53 15 vara
467 1260 86 28 ganska
567 1260 37 22 väl
619 1260 82 21 bekant
714 1258 50 23 med
776 1259 72 22 denna

97 1298 47 26 not,
168 1295 68 28 enligt
258 1298 100 26 prostens
380 1295 88 27 mening
490 1294 72 22 anfört
582 1300 44 22 nog
646 1294 78 28 giltiga
746 1293 49 22 skäl
814 1293 34 22 för

98 1331 33 21 sin
151 1330 63 27 åsigt.
244 1330 92 22 Prosten
354 1330 85 28 yrkade
459 1329 93 27 derföre,
572 1330 32 20 att
625 1329 42 22 den
686 1327 98 29 antydda
799 1328 49 21 red-

98 1365 84 27 skapen
191 1365 67 21 måtte
266 1365 7 20 i
281 1364 166 27 förteckningen
457 1364 29 27 på
496 1363 116 28 förbjudna
622 1362 152 28 fiskeredskap
785 1369 63 21 qvar-

98 1398 44 27 stä,
157 1403 50 16 men
222 1397 78 22 orden:
316 1397 56 24 ,den
389 1397 115 21 såkallade
522 1397 67 27 ryska
604 1398 78 20 noten"
694 1396 60 26 utgå.
784 1396 64 21 Hvad

99 1432 47 22 åter
168 1431 161 23 sänkhåfvarne
351 1430 130 30 beträffade,
502 1431 101 29 upplyste
622 1431 89 29 prosten
731 1431 31 22 att
783 1429 65 23 dessa
