1020 1767
765 142 41 20 389

87 204 34 20 las
144 203 50 21 med
214 203 99 27 omkring
333 211 25 13 en
376 204 74 21 marks
471 204 62 27 afgift
551 204 33 22 till
603 204 85 22 kronan
706 205 33 21 för
758 206 76 28 hvarje

87 237 117 21 tillverkad
223 237 82 28 kanna;
326 238 112 21 äfvensom
457 238 102 27 slutligen
580 240 32 20 att
631 238 54 22 hvar
705 239 39 21 och
761 246 26 15 en
802 240 31 22 lä-

88 271 171 28 genhetsägare,
282 278 46 15 som
345 271 98 27 frivilligt
463 271 87 28 afsäger
569 272 33 27 sig
620 272 33 22 sin
672 272 161 28 bränningsrät-

87 305 77 27 tighet,
186 305 57 21 skall
263 305 81 21 befrias
363 305 47 21 från
430 306 41 21 den
489 306 175 22 hittillsvarande
680 306 154 28 skyldigheten

86 342 32 19 att
144 339 90 28 erlägga
257 346 16 15 s.
296 339 21 21 k.
340 339 296 29 brännvins-arrendeafgift,
665 340 89 22 hvilken
783 341 50 22 med

87 374 50 22 skäl
156 374 44 21 kan
221 376 66 26 sägas
306 374 66 21 hafva
392 374 109 22 inneburit
519 374 94 22 likasom
629 382 27 14 en
670 375 95 22 indirekt
780 382 52 22 upp-

87 409 89 27 maning
199 408 33 21 till
253 408 75 28 hvarje
348 408 179 28 hemmansägare
547 410 32 20 att
600 408 101 22 tillverka
719 410 113 22 brännvin.

86 443 50 22 Alla
159 442 66 23 dessa
245 442 101 29 åtgärder
364 443 95 28 förtjena
479 443 18 28 ej
519 445 67 20 annat
605 446 28 19 än
652 443 84 28 beröm,
756 444 26 22 så
800 444 33 22 till

86 478 52 21 vida
156 485 46 14 som
222 477 27 22 de
269 478 51 27 utgå
338 478 29 27 på
382 480 32 19 att
429 485 78 20 genom
522 484 78 16 varans
616 478 163 23 förminskande
793 479 40 22 och

87 512 131 29 fördyrande
234 515 53 25 göra
302 512 127 21 densamma
443 513 82 21 mindre
539 513 41 21 lätt
590 513 130 28 tillgänglig.
749 513 83 28 Nyttan

87 547 25 22 af
128 547 75 28 dylika
222 547 124 21 restriktiva
365 547 102 27 åtgärder
482 547 111 22 bekräftas
610 547 41 22 ock
666 547 78 28 redan,
760 548 73 21 såsom

87 588 52 22 nyss
166 581 117 28 nämndes,
310 581 25 21 af
361 581 26 21 de
416 583 86 20 senaste
526 581 63 22 årens
612 581 131 28 erfarenhet,
766 582 7 21 i
796 582 37 22 det

87 615 94 29 fylleriet
200 615 7 21 i
227 622 26 15 en
272 617 44 20 stor
335 615 35 21 del
388 615 25 22 af
428 615 75 22 landet
520 615 36 22 väl
571 615 56 22 varit
642 615 86 27 ganska
742 616 91 22 allmänt

87 651 25 21 så
129 650 65 27 länge
213 649 106 22 brännvin
340 650 52 21 stått
412 652 32 18 att
462 649 43 28 fås,
526 656 49 15 men
595 649 114 28 efterföljts
730 650 24 21 af
766 650 66 28 långa

86 684 100 29 perioder
206 683 49 22 utaf
273 684 80 21 allmän
371 683 124 28 nykterhet,
516 683 98 28 hvilken,
634 683 24 22 så
673 683 103 28 ofrivillig
791 685 42 21 den

86 722 28 19 än
134 719 66 27 varit,
220 718 56 21 dock
296 720 60 20 snart
375 717 70 22 blifvit
465 717 83 22 erkänd
566 718 72 21 såsom
656 717 7 21 i
685 717 76 28 hvarje
780 718 52 22 hän-

87 753 80 22 seende
182 752 143 27 fördelaktig,
342 752 40 21 och
398 752 71 21 derför
485 751 92 22 medfört
592 751 126 22 belåtenhet
730 752 40 21 hos
781 753 51 21 alla.

87 787 48 22 Men
154 787 83 27 knappt
257 786 39 22 har
314 793 50 14 man
382 786 76 21 hunnit
477 785 76 28 glädja
573 785 34 28 sig
628 785 22 21 åt
671 785 64 22 dessa
750 786 82 21 beröm-

87 821 68 22 värda
177 821 194 27 inskränkningar,
395 821 75 21 hvilka
491 820 24 21 af
532 820 211 21 utskottssektionen
762 820 72 22 blifvit

87 856 125 27 föreslagna
229 855 38 22 vid
285 855 289 28 brännvinsproduktionen,
594 854 40 21 och
654 854 79 22 endast
747 854 86 22 kanske

87 890 99 22 önskade
206 891 32 20 att
258 889 91 28 afgiften
367 896 51 14 vore
439 889 66 27 något
523 888 67 27 högre
610 887 100 28 tilltagen
730 887 32 22 för
780 888 54 21 hvar

87 923 117 23 tillverkad
220 924 83 27 kanna,
320 923 25 22 så
360 923 103 22 förstöres
477 923 29 21 all
523 923 71 21 denna
608 922 75 27 glädje
697 922 47 21 åter
759 922 25 21 af
792 922 42 21 den

88 958 171 23 öfverraskande
281 957 105 28 upptäckt
409 964 49 14 man
481 960 44 24 gör,
549 958 32 19 att
602 956 107 21 utskottet
730 956 8 21 i
756 955 78 28 sjelfva

90 993 76 22 verket
189 993 18 27 ej
233 992 76 29 tyckes
332 992 65 21 hafva
420 991 46 21 haft
489 991 67 27 något
572 990 69 21 allvar
655 989 50 22 med
724 990 65 21 dessa
804 990 31 21 in-

89 1027 168 27 skränkningar,
281 1028 52 20 utan
355 1026 8 21 i
385 1028 64 19 nästa
471 1024 117 29 ögonblick
604 1024 53 28 sjelf
669 1023 120 28 upphäfver
804 1024 30 21 all

88 1060 114 30 påräknad
222 1060 83 29 lycklig
322 1059 83 22 verkan
424 1059 25 22 af
466 1059 49 22 dem
533 1065 78 21 genom
627 1059 32 20 att
675 1057 121 22 bestämma
811 1058 23 21 åt

88 1096 96 22 fabriker
198 1095 104 27 rättighet
318 1096 32 19 att
365 1094 101 21 tillverka
482 1092 122 23 derutöfver
619 1092 25 21 så
658 1091 88 28 mycket
757 1092 77 21 bränn-

88 1131 45 27 vin,
158 1137 45 14 som
226 1136 50 15 man
299 1131 72 19 ansett
393 1128 74 21 kunna
489 1129 78 26 utgöra
587 1128 31 20 ett
634 1125 82 28 skäligt
731 1127 103 26 gvantum

88 1167 32 19 att
142 1163 96 22 fördelas
260 1162 67 22 bland
350 1163 40 20 allt
411 1161 59 22 hvad
493 1164 94 24 männer,
612 1160 91 27 qvinnor
726 1159 39 22 och
780 1159 55 22 barn

87 1199 69 21 finnes
178 1199 7 20 i
208 1198 51 21 hela
280 1197 100 21 Finland.
410 1197 45 20 Har
477 1195 113 22 sektionen
613 1193 86 22 kanske
721 1193 61 28 tyckt
798 1193 38 22 det

88 1233 86 22 ändock
192 1239 53 14 vara
263 1231 57 28 synd
338 1231 50 21 med
406 1230 85 21 landets
510 1228 138 27 befolkning,
670 1234 34 15 om
725 1227 42 21 den
786 1227 50 22 icke

87 1267 33 21 får
138 1269 23 19 ut
176 1266 38 21 sitt
229 1265 104 30 behöriga
347 1265 119 27 lystmäte?
481 1264 59 21 Eller
554 1262 58 21 hvad
627 1261 40 22 har
681 1267 51 15 man
746 1260 90 22 härmed

88 1301 124 28 egentligen
233 1299 96 28 åsyftat?
348 1299 40 21 Väl
404 1299 49 20 icke
469 1298 44 27 det,
530 1299 32 19 att
577 1297 130 27 uppmuntra
722 1295 41 20 den
775 1294 61 28 jord-

87 1335 114 22 brukande
216 1334 101 22 klassens
332 1333 92 23 industri
439 1333 7 21 i
462 1331 161 27 brännvinsväg
638 1330 33 21 till
686 1328 95 22 täflande
795 1328 41 22 för-

89 1370 41 22 sök
148 1371 32 19 att
198 1375 78 21 genom
294 1374 140 22 gemensama
461 1365 181 28 ansträngningar
665 1363 77 28 sjelfva
764 1362 72 22 åstad-

89 1404 89 20 komma
197 1402 37 21 det
254 1403 112 25 gvantum,
388 1407 46 14 som
449 1400 114 21 sektionen
579 1398 76 28 tyckes
671 1403 53 14 anse
739 1396 97 20 oumbär-

89 1437 41 27 ligt
150 1436 32 21 för
200 1435 81 21 folkets
298 1434 45 28 väl,
364 1433 40 22 och
424 1433 93 22 sålunda
535 1433 116 25 utestänga
666 1430 42 21 den
723 1424 114 36 förhatade
