1017 1781
206 138 41 21 260

178 203 68 22 nades
257 201 110 29 uttrycket
377 199 225 28 ,skadeersättning*,
612 201 51 20 utan
674 198 254 27 ,skadeersättningen",

177 237 84 22 hvilket
276 235 138 28 naturligtvis
425 235 101 28 äsyftade
533 234 47 28 just
591 233 68 22 sädan
671 233 200 28 skadeersättning,
884 239 45 15 som

179 272 13 26 8
208 273 13 19 4
235 270 143 23 omförmäler,

246 304 210 28 Kontraktsprosten
471 303 94 22 Hellön
580 302 133 22 förundrade
729 302 33 27 sig
777 301 109 28 deröfver,
898 303 32 20 att

178 339 138 28 vieepastorn
336 345 42 15 von
398 339 69 22 Essen
488 338 51 21 ville
555 337 46 21 läta
617 343 68 21 svaga
701 336 145 28 antydningar
861 336 7 21 i
884 335 45 28 lag-

178 376 46 20 text
238 374 59 27 gälla
312 373 121 22 detsamma
449 379 46 15 som
511 371 128 29 uttryckligt
654 370 138 29 äberopande
808 370 25 22 af
841 370 27 22 de
879 371 51 21 stäl-

178 409 36 21 len
230 407 174 29 antydningarne
420 407 108 28 åsyftade.

246 443 91 21 Prosten
353 442 25 21 H.
394 441 93 22 Heikel
502 440 83 29 trodde,
603 442 32 20 att
650 439 109 23 utskottet
773 439 100 22 förbisett
889 439 42 22 den

181 477 25 22 af
226 477 204 28 kontraktsprosten
453 476 78 21 Hellen
553 475 116 28 påpekade
697 474 169 28 omständighet,
891 475 39 20 och

180 512 95 27 föreslog
289 511 84 22 derföre
387 513 32 19 att
431 513 10 19 7
453 510 144 29 paragrafens
613 509 68 22 andra
695 512 95 19 moment
805 509 6 21 i
828 509 40 21 den
885 509 46 27 kej-

181 547 81 27 serliga
282 546 163 28 propositionen
460 545 72 22 blefve
547 545 84 27 intaget
647 544 93 22 emellan
755 544 69 22 första
840 544 40 21 och
896 551 35 14 an-

182 581 40 22 dra
236 582 123 20 momenten
374 580 7 21 i
397 580 117 21 utskottets
530 579 146 22 betänkande.

240 615 82 22 Sedan
338 614 69 22 första
421 616 118 19 momentet
554 617 22 17 af
590 613 117 22 utskottets
718 613 139 22 betänkande
868 612 66 29 härä,

180 650 29 27 på
224 649 25 22 af
261 649 49 22 herr
326 649 138 21 talemannen
478 648 123 22 framställd
616 647 141 28 proposition,
769 647 105 27 enhälligt
884 647 48 22 blif-

179 685 32 20 vit
231 684 24 21 af
272 683 87 22 ståndet
379 683 114 27 godkändt
513 683 40 20 och
573 682 63 27 fråga
655 689 28 14 nu
702 682 94 28 uppstod
811 689 35 15 om
861 684 31 19 att
908 689 25 14 ur

180 718 42 22 den
242 717 119 28 kejserliga
379 717 163 28 propositionen
558 717 7 21 i
580 717 150 21 betänkandet
745 717 75 26 intaga
836 717 36 20 det
888 723 43 14 om-

180 752 95 22 tvistade
291 751 69 22 andra
375 753 127 27 momentet,
513 758 47 15 som
571 751 24 21 af
603 750 96 29 ståndet,
711 751 28 27 på
750 750 108 22 likaledes
869 750 62 22 fram-

181 786 66 22 ställd
262 786 144 28 proposition,
423 786 49 21 med
489 785 111 22 obestridd
615 785 111 28 pluralitet
742 785 91 28 beslöts,
845 785 87 28 yttrade

182 821 34 27 sig
230 820 55 22 först

249 854 210 28 Kontraktsprosten
479 854 103 27 Hellén,
605 861 46 14 som
672 854 70 27 ansåg
762 853 60 22 detta
838 856 94 19 moment

181 889 126 28 lämpligast
327 889 61 24 böra
399 888 187 29 inflyta
492 884 16 38 i
521 888 65 29 andra
602 891 119 19 momentet
736 888 24 21 af
772 888 160 27 betänkandet,

182 923 93 22 medelst
295 923 42 21 den
358 923 176 28 omformulering
553 923 25 21 af
595 922 145 23 nästnämnde
761 925 103 26 moment,
886 930 46 15 som

181 957 204 28 kontraktsprosten
400 957 113 22 allaredan
529 957 119 28 föreslagit.

249 992 142 27 Vicepastorn
408 999 41 14 von
465 993 90 26 Essen,
572 999 46 14 som
634 992 92 21 menade
742 993 32 20 att
789 992 64 21 äfven
864 991 69 22 andra

181 1026 116 22 förseelser
319 1029 28 18 än
369 1025 108 22 missbruk
497 1026 25 21 af
535 1025 122 23 husbondes
673 1026 198 27 bestraffningsrätt
884 1026 49 21 bär-

181 1061 37 21 vid
234 1060 73 21 kunde
322 1059 169 29 ifrägakomma,
508 1061 72 21 såsom
597 1062 13 19 t.
623 1067 32 14 ex.
673 1062 31 19 att
720 1060 212 29 uppsyningsman,
920 1055 15 38 i

180 1095 70 21 likhet
265 1094 50 22 med
330 1095 57 21 hvad
400 1095 6 20 i
425 1096 11 25 8
451 1096 9 19 4
469 1102 35 14 om
519 1095 112 21 husbonde
647 1094 132 29 förutsattes,
796 1095 49 21 icke
860 1095 74 27 försåg

182 1129 156 28 tjenstehjonet
358 1129 49 22 med
427 1129 78 28 tjenlig
524 1129 60 28 föda,
601 1128 104 29 föreslog,
722 1132 52 18 enär
789 1129 145 22 förevarande

182 1165 95 20 moment
293 1165 82 20 ansetts
391 1163 52 22 böra
459 1163 97 28 undergå
571 1163 127 28 förändring
708 1163 6 21 i
726 1163 78 22 sådant
820 1163 114 24 afseende,

183 1197 97 28 följande
295 1197 94 28 lydelse:
410 1198 82 26 Förgår
513 1198 34 27 sig
567 1197 51 28 den,
639 1203 45 16 som
700 1197 6 21 i
722 1198 124 21 husbondes
870 1198 64 21 ställe

184 1234 44 20 satt
243 1235 33 25 är,
293 1232 28 28 på
336 1231 67 28 något
419 1232 25 21 af
456 1232 27 22 de
499 1234 54 26 sätt,
570 1239 46 15 som
632 1232 7 21 i
655 1233 12 25 $
683 1233 13 20 4
712 1232 148 28 omförmälas,
877 1235 58 19 emot

183 1266 142 28 tjenstehjon,
346 1272 46 16 som
412 1268 24 19 är
451 1266 68 22 stäldt
534 1266 68 22 under
618 1266 54 22 hans
688 1266 74 29 tillsyn
778 1267 40 21 och
834 1267 99 28 ledning,

182 1300 91 22 förfares
294 1300 72 22 såsom
385 1300 7 21 i
411 1300 134 22 sistnämnde
564 1302 13 25 $
598 1300 64 28 sagdt
681 1304 33 24 är,
735 1308 47 14 men
806 1301 127 21 husbonden

182 1334 83 28 utgifve
281 1334 219 27 skadeersiittningen
516 1334 40 22 och
572 1335 35 20 mä
622 1334 68 22 sedan
707 1335 54 21 söka
777 1335 37 21 sitt
828 1335 46 21 åter
885 1335 49 21 bäst

183 1368 43 22 han
241 1368 96 27 lagligen
354 1368 70 27 gitter.

250 1403 127 21 Professorn
403 1403 101 22 Geitlin
528 1404 101 27 föredrog
654 1403 204 29 kontraktsprosten
883 1404 50 22 Hel-

181 1438 48 22 léns
239 1437 211 29 redaktionsförslag
461 1438 63 22 äfven
534 1438 90 28 derföre,
632 1441 31 19 att
672 1439 122 28 professorn
803 1439 48 22 icke
860 1439 73 22 kunde
