1025 1781
780 121 40 21 687

95 185 68 21 Detta
183 184 40 22 bör
241 184 57 22 dock
319 184 33 22 för
371 184 65 28 ingen
457 185 34 21 del
514 192 53 15 vara
586 185 71 28 fallet,
678 188 52 19 utan
749 186 99 22 ståndets

96 220 103 27 samtliga
221 222 175 25 representanter
420 220 87 21 bevaka
531 220 33 22 för
588 220 45 21 alla
656 227 140 21 gemensama
817 222 31 20 in-

95 256 94 26 tressen,
205 253 37 22 det
257 260 143 21 gemensama
414 254 162 22 fosterlandets.

163 288 120 26 Angående
299 288 103 21 valsättet
418 291 24 18 är
456 288 49 21 mitt
520 288 91 28 förslag,
629 291 31 19 att
675 290 59 20 valet
748 289 99 22 förrätta-

96 322 39 22 des
155 322 50 21 icke
227 322 142 28 distrikisvis,
390 325 52 18 utan
463 324 32 19 att
515 322 37 22 det
572 322 84 22 skedde
671 324 126 26 prosterivis
813 325 34 20 sä-

95 356 76 28 lunda,
191 358 32 19 att
241 356 76 27 hvarje
336 356 162 28 valberättigad
518 356 87 22 röstade
621 356 28 28 på
665 357 25 21 så
705 358 80 26 många
800 365 47 21 per-

96 398 70 20 soner,
187 397 46 15 som
251 390 58 22 inom
327 390 77 28 hvarje
422 390 46 23 stift
484 390 66 23 borde
567 391 31 21 till
613 391 138 28 fullmäktige
766 393 80 27 väljas,

95 426 29 28 på
142 427 45 20 sätt
205 432 33 15 om
258 425 127 28 biskopsval
406 428 24 19 är
446 425 111 28 stadgadt.
587 426 50 21 Med
656 426 103 22 afseende
779 428 13 20 å
810 427 38 21 det

95 459 138 29 ungefärliga
248 459 146 23 förbållandet
409 460 81 22 mellan
507 460 27 22 de
550 460 109 22 ordinarie
674 464 125 24 presternas
810 469 36 14 an-

95 495 31 21 tal
145 494 59 22 inom
223 494 76 28 hvarje
319 494 47 22 stift
386 495 71 21 skulle
469 494 42 28 jag
525 494 90 28 föreslå,
632 497 32 19 att
679 495 48 21 från
742 490 48 27 Åbo
801 496 46 22 stift

95 529 75 22 valdes
187 528 49 29 tolf,
253 529 48 21 från
316 530 72 26 Borgå
403 530 47 20 åtta
465 530 39 21 och
521 529 47 21 från
583 530 86 27 Kuopio
684 537 45 15 sex.

162 564 49 21 Mitt
228 563 83 28 förslag
328 564 7 20 i
355 563 33 21 sin
407 563 74 22 helhet
501 570 51 15 vore
571 564 86 22 således
676 564 7 21 i
702 565 96 21 korthet:
815 568 31 19 att

95 598 37 22 vid
147 598 36 22 val
199 597 25 22 af
236 598 137 27 fallmäktige
388 598 33 21 för
436 598 162 28 prestaståndet
608 598 38 22 vid
656 598 133 28 landtdagar
800 599 46 21 der-

94 632 33 21 till
146 632 67 21 borde
232 633 59 21 utses
310 632 29 28 af
353 632 39 21 och
412 632 65 21 bland
495 633 43 20 alla
557 632 108 21 ordinarie
684 635 84 25 prester
785 633 60 22 tolf
837 628 12 36 i

94 661 59 34 Åbo,
173 667 46 21 åtta
238 666 6 21 i
263 667 72 26 Borgå
354 666 40 22 och
413 673 39 14 sex
470 667 7 20 i
496 667 85 28 Kuopio
597 666 55 29 stift,
668 669 57 19 samt
741 670 31 19 att
788 668 58 21 valet

95 701 132 22 förrättades
247 701 126 28 prosterivis
394 701 101 27 sälunda,
517 703 32 20 att
568 701 75 28 hvarje
662 703 133 26 röstägande
814 705 32 18 rö-

95 735 62 22 stade.
173 735 29 28 pä
217 735 25 22 sä
257 735 80 27 många
353 736 91 21 valbara
459 742 108 23 personer,
585 742 46 15 som
647 736 47 21 från
709 736 75 28 hvarje
800 737 46 21 stift

95 770 67 23 borde
177 770 34 21 till
226 769 138 28 fullmäktige
380 773 66 19 utses.

161 804 64 22 Hvad
241 804 300 28 landtdagsmannaarfvodet
555 805 33 21 för
599 805 99 21 ständets
708 805 138 28 fallmäktige

95 840 74 27 angär,
193 839 50 22 ville
263 839 42 28 jag
325 839 79 21 endast
428 839 89 28 föreslä,
541 841 32 20 att
598 839 164 29 presterskapet
788 841 57 21 inom

94 874 75 27 hvarje
189 873 46 22 stift
254 873 56 27 ägde
329 875 32 20 att
378 873 29 28 pä
426 876 133 25 prestmöten
577 873 35 28 sig
627 874 93 22 emellan
737 875 109 22 öfverens-

94 909 97 26 komma,
207 907 54 22 huru
277 907 122 22 detsamma
413 907 68 22 borde
496 909 29 26 pä
535 908 45 21 alla
591 907 27 22 de
629 908 103 27 väljande
742 909 103 22 fördelas.

162 943 43 20 För
227 945 32 19 att
282 941 136 23 förekomma
442 942 41 21 den
506 942 145 27 invändning,
676 949 46 15 som
742 943 104 28 möjligen

94 977 73 22 kunde
184 979 65 26 göras
265 979 44 19 mot
324 977 129 28 giltigheten
469 977 25 21 af
506 984 27 15 en
549 977 70 22 sädan
635 977 25 21 af
672 977 74 22 klerus
760 978 85 21 komiti-

94 1012 41 22 alis
151 1011 72 22 fattad
238 1011 230 27 öfverenskommelse,
484 1011 33 22 får
528 1011 41 28 jag
584 1011 112 22 vördsamt
712 1012 32 21 till
758 1013 87 21 ståndet

94 1046 125 29 hemställa,
236 1053 34 14 om
286 1046 49 22 icke
352 1046 41 21 den
410 1046 231 28 öfverenskommelse,
657 1053 45 15 som
717 1047 87 22 ståndet
815 1047 29 22 uti

94 1088 29 15 nu
138 1081 169 28 ifrågavarande
322 1081 41 22 sak
379 1081 85 22 komme
481 1083 31 20 att
528 1081 73 28 träffa,
618 1081 67 22 borde
701 1081 144 22 öfverlemnas

94 1117 32 20 till
142 1117 61 20 Hans
218 1116 125 27 Kejserliga
358 1115 114 28 Majestäts
488 1115 150 28 stadfästelse,
655 1116 28 26 pä
697 1123 83 14 samma
791 1119 53 25 sätt,

94 1158 46 15 som
158 1150 63 22 alltid
240 1150 248 29 riddarhusordningen,
510 1150 68 22 sedan
597 1150 42 21 den
655 1150 25 21 af
693 1150 152 28 ridderskapet

94 1185 40 21 och
155 1184 64 22 adeln
241 1184 70 22 blifvit
331 1185 117 28 uppgjord,
470 1185 25 21 af
507 1186 104 26 regenten
628 1183 70 23 blifvit
713 1184 131 23 stadfästad.

162 1253 43 28 Jag
224 1253 38 21 har
280 1260 28 14 nu
327 1255 68 26 yttrat
411 1253 44 27 mig
470 1254 56 21 blott
541 1259 32 15 om
590 1253 174 28 prestaståndets
779 1253 66 21 valda

94 1289 175 27 representanter
295 1287 68 21 bland
388 1287 27 21 de
441 1287 7 20 i
474 1287 182 28 församlingarna
679 1287 165 28 tjenstgörande

94 1324 122 26 presterna,
237 1321 49 22 icke
306 1328 35 15 om
362 1322 49 21 dess
431 1322 172 28 representation
619 1329 78 20 genom
713 1321 131 28 biskoparne

94 1357 39 21 och
158 1357 37 21 vid
219 1356 63 22 deras
307 1356 72 21 förfall
401 1356 52 21 eller
471 1357 68 21 under
559 1356 189 28 biskopsledighet
767 1363 77 20 genom

94 1397 73 14 annan
192 1390 95 21 ledamot
308 1391 6 19 i
335 1390 150 27 domkapitlet.
516 1391 43 26 Jag
579 1390 32 21 får
632 1397 27 14 nu
680 1390 102 27 slutligen
804 1390 40 21 för-

94 1424 95 26 slagsvis
209 1424 6 20 i
236 1424 68 26 några
324 1426 118 18 momenter
462 1426 103 24 uppsätta
585 1424 39 20 allt
643 1423 58 21 hvad
722 1423 32 21 till
776 1424 68 21 saken
