1023 1731
789 102 41 21 487

177 165 126 22 Professorn
319 165 146 22 Schauman
480 165 88 29 yttrade
584 166 37 21 det
642 165 123 29 professorn
784 169 75 20 senast

108 200 70 26 glömt
197 201 32 20 att
247 201 88 20 bemöta
354 206 27 15 en
399 200 162 27 omständighet
576 201 7 20 i
605 200 133 28 domprosten
758 201 100 27 Renvalls

108 234 108 27 yttrande.
246 234 146 27 Domprosten
406 233 57 22 hade
478 233 110 27 nemligen
603 234 72 22 såsom
691 235 49 21 skäl
755 234 34 21 för
804 235 54 21 infö-

107 267 68 22 rande
194 267 24 21 af
234 267 99 28 kaution,
355 267 67 21 bland
438 269 77 27 annat,
531 267 106 28 åberopat
651 270 33 19 att
700 268 64 21 äfven
779 269 79 21 krono-

108 301 160 28 uppbördsman
286 308 52 15 vore
353 301 89 28 skyldig
456 303 33 20 att
504 301 65 22 ställa
584 301 200 28 uppbördsborgen.
815 303 43 21 Det

107 343 51 14 vore
179 335 57 22 dock
255 337 45 20 stor
317 335 88 22 skilnad
425 335 93 22 emellan
536 335 193 28 uppbördsborgen
748 336 40 21 och
804 336 53 22 kau-

107 371 56 27 tion,
184 372 22 26 ty
225 370 29 22 dä
272 370 43 21 den
330 369 58 22 förra
404 369 63 28 afsåg
482 371 33 20 att
530 370 135 22 tillförsäkra
679 370 86 22 kronan
780 373 77 20 ersätt-

106 405 62 27 ning,
185 404 47 22 ifall
246 404 205 29 uppbördsmannen
467 405 152 27 förskingrade
635 405 28 22 de
677 405 79 22 honom
771 405 25 21 af
808 405 49 22 kro-

106 446 44 14 nan
170 438 142 23 ombetrodda
332 438 96 29 medlen,
447 439 101 28 utgjorde
568 439 119 22 kautionen
708 439 97 22 deremot
823 442 33 20 sä-

106 470 78 25 kerhet
202 473 33 22 för
254 473 26 22 de
299 474 63 21 böter
377 473 40 22 och
434 473 151 28 ersättningar,
602 481 46 14 som
663 473 104 28 möjligen
783 474 74 21 kunde

106 508 90 22 ådömas
222 507 136 23 tidskriftens
376 507 117 28 utgifvare:
512 515 49 15 men
584 508 91 22 böterna
695 508 74 22 kunde
785 509 19 27 ej
819 509 37 21 be-

105 543 85 22 traktas
206 543 72 22 såsom
298 550 26 14 en
344 542 115 28 påräknad
478 543 161 28 statsinkomst,
659 543 40 21 och
715 543 27 22 de
757 543 62 21 torde
835 543 20 27 ej

107 584 53 15 vara
176 578 89 28 många,
281 577 75 22 hvilka
372 584 54 14 anse
442 584 26 14 en
484 577 109 22 smädelse
609 577 117 28 godtgjord
739 577 51 22 med
805 584 51 21 pen-

105 612 85 27 ningar.
220 612 48 21 Den
291 611 25 21 af
332 611 139 28 domprosten
490 611 7 22 i
518 611 105 22 afseende
641 612 14 21 å
675 612 28 26 88
721 612 27 21 49
768 612 40 21 och
828 612 26 21 52

105 646 83 27 afgifna
206 645 150 29 förklaringen
376 645 73 22 kunde
470 646 122 28 professorn
611 646 34 21 för
663 646 33 21 sin
715 646 36 21 del
767 646 19 27 ej
803 646 52 27 god-

104 682 84 26 känna,
206 680 91 22 emedan
313 680 123 28 professorn
448 680 19 28 ej
479 680 64 28 insåg
554 682 32 20 att
597 680 52 28 den,
660 686 46 16 som
717 680 72 22 blifvit
799 682 56 20 smä-

106 715 43 22 dad
168 715 6 21 i
196 722 26 14 en
244 714 107 29 tidskrift,
374 715 86 21 komme
483 716 32 20 att
534 715 45 21 lida
598 721 60 15 mera
673 722 34 14 om
723 714 133 28 qvarstaden

104 750 52 28 gick
171 750 47 21 åter
233 749 33 21 till
280 749 54 28 följd
353 749 25 21 af
394 749 133 22 domstolens
545 749 158 28 försummelse,
721 751 28 19 än
763 756 34 14 om
812 756 42 14 om-

106 784 162 22 budsmannens
286 783 150 21 försummelse
454 784 57 20 varit
529 790 27 14 en
575 782 66 23 orsak
655 783 81 27 dertill,
753 783 29 21 då
797 782 59 22 dom-

105 818 70 22 stolen
190 818 8 21 i
213 818 92 24 berörde
321 817 39 21 fall
375 824 51 15 vore
442 817 151 23 underkastad
606 824 79 15 ansvar
700 817 47 21 lika
761 817 37 21 väl
809 824 46 15 som

104 852 192 22 ombudsmannen.
326 852 140 21 Beträffande
488 854 89 26 prosten
597 852 92 21 Heikels
709 851 147 28 anmärkning

104 888 45 20 mot
164 888 13 25 &
192 887 27 21 41
235 886 7 21 i
256 886 43 22 den
314 885 82 28 nådiga
410 886 172 28 propositionen,
597 886 25 21 så
638 886 70 26 ansåg
720 885 134 28 professorn,

104 921 47 22 lika
171 921 50 22 med
243 921 139 28 domprosten
401 920 101 29 Renvall,
524 920 127 22 densamma
671 920 92 21 alldeles
782 919 73 26 obefo-

104 956 53 27 gad,
178 957 24 27 ty
221 955 94 22 nämnde
334 957 13 25 $
366 955 122 22 refererade
509 955 34 28 sig
561 955 34 22 till
613 955 42 21 den
670 954 184 29 nästföregäende

104 991 40 21 och
158 990 84 28 jemväl
261 990 42 21 den
320 989 95 23 svenska
430 990 128 27 presslagen
573 989 96 22 innehöll
685 991 31 20 ett
731 989 123 27 stadgande

103 1025 7 21 i
132 1024 116 23 enahanda
266 1024 63 28 syfte.
360 1024 106 27 Slutligen
486 1024 52 22 ville
555 1023 134 28 professorn,
707 1023 8 22 i
735 1023 119 28 anledning

104 1060 24 21 af
145 1059 110 28 professor
276 1059 92 21 Geitlins
388 1059 146 27 anmärkning
553 1058 72 22 derom
645 1059 32 20 att
691 1057 163 22 betänkandets

103 1093 140 28 vidlyftighet
258 1093 19 28 ej
294 1092 134 23 förorsakats
444 1093 25 21 af
481 1093 168 27 motiveringen,
665 1091 58 23 fästa
738 1092 115 28 uppmärk-

103 1127 114 22 samheten
236 1127 37 22 vid
288 1129 32 20 att
336 1127 72 22 denna
424 1127 144 28 anmärkning
583 1127 50 21 icke
647 1126 49 22 stod
712 1127 36 21 väl
763 1126 90 22 tillsam-

103 1169 62 14 mans
184 1161 49 22 med
250 1161 59 22 hvad
325 1161 100 22 bemälde
440 1161 70 22 talare
525 1161 57 22 förut
596 1163 76 26 yttrat;
688 1163 23 25 ty
727 1160 27 22 de
770 1160 26 22 af
806 1167 48 21 pro-

102 1196 71 22 fessor
199 1195 81 22 Geitlin
306 1195 96 22 citerade
424 1196 80 21 ställen
526 1203 25 14 ur
572 1195 118 28 utskottets
713 1194 141 22 betänkande

102 1230 110 22 innehöllo
232 1229 170 29 godkännande,
423 1237 48 14 men
489 1230 20 28 ej
530 1229 93 22 klander
643 1229 24 22 af
683 1229 170 28 propositionen.

170 1299 80 28 Afgick
266 1305 26 15 en
307 1298 128 28 deputation
450 1298 70 22 under
535 1298 120 22 anförande
672 1298 25 22 af
704 1299 88 27 prosten
803 1297 49 22 Alo-

102 1341 70 20 peus,
188 1333 32 22 för
236 1335 32 20 att
283 1333 32 22 till
332 1333 26 22 de
375 1333 124 28 respektive
510 1333 145 22 medstånden
665 1332 139 27 öfverbringa
815 1339 37 14 un-

102 1367 129 22 derrättelse
250 1373 35 15 om
304 1366 98 22 ståndets
421 1367 7 21 i
446 1367 40 27 går
504 1366 83 22 fattade
605 1367 71 21 beslut
694 1366 7 22 i
720 1365 77 28 frågan
818 1373 34 14 om
