1025 1839
204 133 41 22 670

175 199 19 28 ej
211 198 55 22 blott
281 199 37 22 vid
333 197 28 23 de
375 197 71 30 öfriga
461 197 114 30 ståndens,
592 200 52 21 utan
660 197 64 24 äfven
740 198 37 23 vid
792 199 133 28 prestastån-

176 233 48 21 dets
243 233 197 29 representation";
462 233 40 22 och
522 233 112 28 tillägger:
656 233 122 28 ,Föröfrigt
797 235 35 20 må
848 234 18 28 ej
882 234 44 22 hel-

175 267 32 22 ler
226 267 85 22 lemnas
329 268 125 28 oanmärkt,
476 269 32 20 att
528 267 90 22 såframt
637 268 135 27 landtdagen
792 269 77 22 blifver
889 275 37 21 ge-

175 304 107 19 mensamt
301 302 94 22 medium
414 303 29 28 på
463 309 28 15 en
506 302 59 28 gång
581 302 32 22 för
627 303 29 21 all
672 303 98 28 kyrkans
786 303 41 22 och
842 305 85 20 statens

174 336 147 29 lagstiftning,
344 337 43 22 kan
408 337 37 22 det
465 343 53 15 vara
536 337 48 22 fara
604 337 72 28 värdt,
697 340 33 19 att
747 337 120 22 hvarderas
883 345 43 14 om-

175 371 52 22 råde
246 371 116 28 lätteligen
380 372 99 21 kommer
499 373 32 20 att
551 378 45 15 mer
616 371 53 22 eller
687 372 84 21 mindre
786 372 140 22 sinsemellan

175 405 118 28 förvexlas,
317 407 33 20 att
371 413 50 14 man
445 406 118 22 oförmärkt
585 406 84 21 lemnar
692 413 25 14 ur
740 406 56 27 sigte
816 406 43 22 den
874 406 52 23 nöd-

175 439 97 28 vändiga
292 443 95 24 gränsen
402 441 79 21 mellan
497 440 117 28 hvardera,
634 453 22 3 —
675 440 41 21 den
732 443 75 25 gräns,
824 447 47 16 som
886 441 41 28 lig-

175 481 39 20 ger
229 474 58 28 deri,
303 477 32 18 att
350 475 97 27 kyrkans
463 475 62 21 makt
539 477 26 19 är
579 474 41 22 den
637 474 41 22 fria
694 475 83 22 andens
792 475 40 22 och
843 475 84 27 ordets,

175 515 50 15 men
247 511 84 19 statens
354 509 47 22 åter
424 509 37 22 det
482 511 57 26 yttre
562 509 101 28 tvångets
686 521 36 16 —,
739 516 49 15 men
804 509 65 22 äfven
885 509 42 22 den

175 543 80 22 minsta
270 543 123 28 förvexling
407 543 132 23 härutinnan
555 547 24 19 är
593 544 25 21 af
631 544 114 28 betänklig
755 547 34 18 art
799 544 41 22 och
850 545 45 20 kan
906 544 19 29 ej

176 577 72 30 aflöpa
267 581 52 19 utan
340 578 103 28 skadliga
462 578 100 29 följder”,
580 591 23 3 —
621 579 68 22 Detta
703 579 129 28 betänkliga
847 579 80 22 förhäl-

174 612 67 23 lande
263 613 40 22 har
325 613 36 22 väl
383 613 34 22 sin
439 613 55 22 falla
516 613 47 28 vigt
584 621 39 19 nu,
644 613 84 22 likaväl
744 620 45 15 som
800 613 127 29 framdeles.

175 648 44 21 Det
238 654 66 21 synes
324 647 45 28 mig
389 647 85 22 derföre
494 648 8 21 i
519 648 79 27 högsta
613 647 55 28 grad
683 648 196 28 maktpäliggande
895 651 32 19 att

177 682 37 21 det
234 682 147 28 undanrödjes
398 683 26 28 ju
443 683 44 21 förr
507 683 51 22 dess
578 683 69 22 hellre
664 695 25 3 —
705 683 41 21 och
760 682 101 23 hvarföre
877 683 50 22 icke

175 723 28 15 nu
224 720 87 26 genast,
331 717 39 22 vid
389 717 42 22 den
451 718 84 27 vigtiga
554 717 157 29 vändpunkten
726 718 7 21 i
749 718 37 22 det
801 718 72 22 finska
887 717 40 23 fol-

176 751 49 23 kets
240 751 34 29 lif,
290 759 47 16 som
352 759 28 15 nu
396 752 126 29 lyckligtvis
539 755 24 19 är
577 752 136 23 förhanden?

243 787 38 22 Ett
299 787 128 28 ytterligare
443 787 49 22 skäl
506 787 35 22 för
556 787 71 22 denna
643 787 43 22 min
702 788 58 27 äsigt
775 790 25 19 är
815 788 112 29 knapphe-

176 824 37 20 ten
232 822 25 21 af
275 821 42 22 den
337 822 42 28 tid,
401 829 47 14 som
467 821 24 23 af
510 822 72 22 denna
603 822 108 28 landtdag
729 829 90 16 numera
834 823 94 22 äterstär

176 857 34 22 för
229 856 194 29 handläggningen
439 856 25 22 af
476 857 73 22 denna
563 857 85 28 vigtiga
662 857 64 28 fräga
740 869 28 4 —
784 864 26 15 en
826 857 41 29 tid,
882 864 46 16 som

177 892 111 22 dessutom
302 891 71 22 mäste
389 891 62 22 delas
467 891 93 22 emellan
576 891 61 22 detta
652 891 40 22 och
708 892 52 22 flere
775 892 69 22 andra
858 892 70 22 makt-

175 926 133 29 päliggande
328 926 98 22 ärender.
456 927 44 27 Jag
515 925 87 23 befarar
617 928 32 19 att
664 926 64 22 äfven
744 927 72 21 denna
832 929 95 20 omstän-

177 961 75 28 dighet
272 963 25 19 är
314 961 109 27 hinderlig
441 967 43 21 nog
499 960 33 23 för
547 962 30 21 ett
593 963 72 25 moget
681 961 162 28 öfvervägande
859 962 24 21 af
897 963 30 20 ett

177 999 72 26 ämne,
267 996 25 22 sä
307 995 183 22 vidtomfattande
506 995 40 22 och
560 995 25 22 sä
599 995 62 29 djupt
670 995 130 29 ingripande
810 997 6 20 i
828 996 99 28 kyrkans

176 1031 27 21 lif
219 1037 46 16 som
285 1030 67 22 detta.
382 1031 62 27 Föga
462 1031 61 22 torde
538 1030 69 22 heller
621 1030 124 27 fullkomlig
760 1031 167 22 öfverensstäm-

176 1066 68 21 melse
264 1065 7 22 i
291 1065 44 22 alla
350 1065 94 28 punkter
458 1066 103 27 samtliga
576 1065 93 22 ständen
685 1065 93 22 emellan
793 1065 74 22 kunna
881 1065 45 22 vin-

176 1107 49 22 nas,
247 1101 39 21 och
305 1100 77 27 skiljer
399 1100 35 27 sig
449 1102 31 19 ett
494 1100 66 23 ständ
575 1099 47 22 frän
638 1099 27 22 de
681 1099 79 29 öfriga,
776 1103 24 18 är
816 1100 36 21 det
868 1100 59 22 klart

175 1137 32 19 att
223 1135 54 21 intet
292 1137 25 19 är
331 1135 7 21 i
354 1134 151 22 hufvudsaken
522 1134 111 22 uträttadt.
663 1134 111 22 Mähända
784 1134 71 22 skulle
866 1134 61 22 dere-

176 1171 45 19 mot
238 1169 7 21 i
265 1168 73 23 denna
358 1175 42 15 ena
416 1168 71 29 fräga,
508 1168 41 22 den
571 1175 34 15 om
626 1168 91 22 allmänt
732 1168 140 29 kyrkomöte,
890 1176 35 14 en-

175 1203 139 28 stämmighet
334 1203 74 21 kunna
428 1204 77 21 vinnas
528 1216 23 3 —
572 1203 41 21 och
629 1202 89 22 dermed
733 1210 52 15 vore
800 1203 69 28 enligt
881 1204 45 21 min

175 1238 68 21 tanke
264 1238 39 21 allt
323 1240 90 25 vunnet,
432 1244 46 15 som
499 1238 26 22 af
537 1238 72 22 denna
622 1236 108 28 landtdag
744 1237 8 21 i
768 1237 60 21 detta
844 1237 82 22 ärende

175 1271 106 28 billigtvis
301 1272 45 21 kan
366 1272 92 22 fordras.
488 1273 43 27 Jag
545 1272 69 28 vägar
629 1271 66 22 alltsä
709 1271 111 22 vördsamt
835 1272 90 30 föreslä,

175 1308 32 20 att
227 1306 136 27 högvördiga
382 1306 88 22 ständet
489 1307 52 21 ville
561 1306 33 22 för
607 1306 34 22 sin
658 1306 36 21 del
708 1306 86 21 besluta
810 1308 31 19 att
857 1306 25 22 af
894 1308 32 20 ut-

175 1340 235 22 skottsbetänkandets
426 1341 72 21 skilda
515 1341 61 21 delar
591 1342 52 26 taga
659 1340 78 22 endast
750 1339 77 28 frägan
841 1347 35 15 om
887 1340 38 22 all-

175 1377 60 19 mänt
255 1374 129 28 kyrkomöte
404 1375 69 21 under
494 1374 145 28 ompröfning,
659 1374 35 21 för
712 1370 32 24 ätt
755 1374 82 27 sedan,
854 1374 73 21 derest

176 1408 103 26 samtliga
293 1407 141 22 riksständen
445 1408 104 22 förenade
564 1408 34 27 sig
611 1408 7 20 i
629 1414 83 16 samma
722 1407 81 28 beslut,
815 1408 39 20 hos
865 1407 62 22 Hans

175 1442 124 29 Kejserliga
319 1442 103 28 Majestät
441 1443 8 21 i
467 1442 174 28 underdänighet
661 1441 90 23 anhålla
771 1448 35 16 om
824 1440 103 24 ärendets
