1023 1761
766 132 40 23 633

86 195 102 28 oskäliga
211 196 96 28 anspråk
330 195 40 24 och
390 196 142 29 egennyttiga
552 197 147 28 beräkningar
718 198 54 23 böra
792 198 42 23 till-

86 230 130 29 bakavisas,
235 231 127 28 isynnerhet
381 231 38 22 der
437 231 38 22 det
489 232 70 27 gäller
574 232 154 23 befordrandet
742 233 26 22 af
778 240 56 16 sam-

86 265 80 23 hällets
184 265 36 23 väl
240 265 41 22 och
300 266 50 22 hela
369 267 123 28 provinsers
512 266 109 28 räddning
640 274 25 15 ur
685 274 27 15 en
731 268 8 21 i
754 269 80 27 många

86 299 120 23 afseenden
226 300 82 28 sorglig
328 300 137 28 belägenhet.
496 301 30 21 Ur
545 301 42 21 den
608 301 82 28 nådiga
705 302 128 28 propositio-

86 341 43 15 nen
140 334 41 22 och
191 334 117 22 utskottets
319 335 141 22 betänkande
471 335 108 22 inhemtas
590 337 32 20 att
632 336 100 28 omkring
743 338 91 28 100,000

86 369 126 22 menniskor
225 370 7 21 i
246 369 100 28 Wiborgs
362 370 37 22 län
413 370 57 22 bebo
486 377 27 15 en
528 370 60 22 areal
599 370 25 22 af
632 371 42 21 950
684 372 92 28 mantal,
788 378 46 15 som

86 410 79 22 genom
184 404 193 28 beklagansvärda
396 404 186 29 omständigheter
599 405 71 22 blifvit
688 406 69 28 några
773 406 62 22 tiotal

86 438 86 23 herrars
193 438 113 29 egendom.
336 440 80 27 Många
436 439 25 22 af
479 440 65 22 dessa
563 440 69 22 vistas
652 440 50 22 icke
717 441 7 21 i
740 440 94 23 Finland

87 473 41 22 och
143 473 68 22 redan
226 473 47 22 häri
288 474 71 28 ligger
373 483 25 13 en
413 474 203 29 förklaringsgrund
632 475 77 29 dertill,
726 477 32 20 att
768 476 67 27 något

88 508 80 22 sådant
186 508 138 23 förhållande
338 509 26 21 af
375 509 124 22 förtroende
514 509 40 22 och
570 509 78 22 kärlek
664 509 38 22 der
717 509 49 23 icke
782 511 53 21 kun-

87 545 39 20 nat
140 544 89 27 uppstå,
245 550 47 15 som
307 544 103 27 vanligen
421 546 53 25 äger
483 551 47 15 rum
541 546 39 20 när
590 544 246 28 egendomsinnehafva-

86 584 39 16 ren
148 580 24 19 är
194 585 115 21 uppvuxen
331 578 75 22 ibland
429 579 48 21 sina
499 578 179 22 underhafvande
701 579 39 22 och
762 579 74 23 fortfa-

87 612 69 22 rande
178 612 40 22 bor
240 612 41 22 hos
305 612 55 22 dem.
389 612 58 22 Lika
466 612 134 22 fremmande
620 612 34 22 för
673 613 87 23 landets
779 614 57 28 folk,

88 646 66 28 språk
174 647 41 21 och
234 647 63 27 lagar
317 650 37 19 äro
373 648 68 27 sagde
461 647 143 28 egendomars
619 647 117 23 förvaltare
751 649 86 27 ganska

88 680 52 22 ofta.
170 680 82 23 Aflider
267 688 27 15 en
309 682 124 28 donatarie,
449 682 26 22 så
489 682 84 22 händer
587 682 50 22 icke
653 682 71 22 sällan
739 685 33 19 att
782 683 55 21 hans

88 715 111 28 arfvingar
218 716 80 28 ålägga
318 716 133 22 förvaltaren
470 718 32 20 att
522 716 177 28 sammanbringa
718 719 68 20 större
805 717 32 22 in-

88 749 102 29 komster,
214 750 41 21 och
277 757 50 15 man
347 750 39 22 bör
405 750 19 28 ej
446 750 70 22 undra
536 750 60 22 öfver
616 757 35 15 om
670 750 80 30 denne,
772 751 65 23 hvars

88 784 32 22 tid
135 784 45 22 kan
196 791 53 15 vara
264 785 86 27 ganska
365 784 58 29 kort,
439 785 50 21 icke
504 785 69 21 heller
587 785 105 27 glömmer
703 788 32 19 att
746 786 36 22 vid
793 787 45 21 alla

87 818 102 23 tillfällen
210 826 23 14 se
248 819 35 28 sig
298 818 52 29 sjelf
362 819 33 21 till
410 818 64 29 godo.
503 819 94 29 Följden
612 819 65 23 häraf
690 823 24 19 är
728 823 33 19 att
776 820 61 23 land-

88 854 43 22 bon
151 853 69 22 under
234 854 52 22 flere
301 854 50 22 icke
362 854 24 22 så
397 860 58 22 noga
465 854 156 28 specificerade
632 854 60 22 titlar
701 854 35 23 får
746 856 91 27 erlägga

88 887 89 29 mycket
194 895 60 14 mera
269 891 29 18 än
312 888 59 22 hvad
387 888 42 22 den
443 889 111 28 egentliga
568 890 80 20 räntan
663 891 69 26 utgör.
762 890 37 21 Att
814 897 25 15 ur

90 925 30 20 ett
139 922 79 23 sådant
233 923 99 22 rättslöst
347 923 99 22 tillstånd
462 923 54 22 söka
530 923 109 28 förhjelpa
655 923 64 22 dessa
735 924 103 29 oyckliga

89 957 67 23 borde
168 957 26 29 ju
210 957 25 22 af
247 957 66 29 ingen
328 957 74 22 kunna
417 957 121 23 rubriceras
553 965 47 15 som
615 958 62 27 våld,
694 959 28 21 då
738 959 36 22 det
789 959 49 23 icke

89 995 25 19 är
135 992 63 28 fråga
220 1000 34 14 om
274 994 33 20 att
326 992 116 22 befrielsen
462 993 58 21 skall
539 992 94 22 beredas
648 993 146 29 annorlunda,
810 996 29 20 än

87 1027 28 22 så
130 1029 32 19 att
178 1027 287 22 donationsinnehafvarene
475 1027 83 22 erhålla
564 1027 49 29 full
623 1028 120 28 ersättning
754 1028 32 22 för
798 1028 42 22 den

86 1061 52 29 jord
158 1068 46 16 som
225 1062 27 21 de
273 1062 63 22 afstä.
367 1062 42 28 Jag
430 1062 40 21 har
489 1064 51 20 trott
561 1064 32 20 att
613 1062 111 28 äsigterna
744 1063 7 21 i
767 1063 73 22 denna

89 1096 63 28 fräga
171 1096 50 22 icke
241 1096 71 25 skulle
332 1097 74 21 kunna
426 1104 53 14 vara
499 1096 87 28 delade,
606 1103 50 15 men
676 1097 29 21 dä
716 1097 42 28 jag
772 1098 68 21 under

90 1130 66 22 dessa
175 1130 133 29 herredagar
328 1131 48 22 hört
396 1138 27 15 en
443 1131 56 22 finsk
520 1138 50 15 man
589 1132 25 21 sä
630 1132 98 28 uppfatta
744 1132 95 28 ägande-

89 1167 82 26 rätten,
188 1168 32 19 att
235 1166 43 21 han
294 1166 29 27 pä
338 1166 69 27 grund
418 1166 25 21 af
451 1166 42 22 den
504 1173 64 15 anser
579 1166 261 27 egendomsinnehafvare

89 1199 76 22 kunna
183 1199 25 22 af
223 1200 48 21 sina
289 1200 178 22 underhafvande
485 1200 73 22 fordra
575 1200 147 29 mångfaldigt
736 1208 60 15 mera
812 1203 28 20 än

91 1234 64 21 deras
179 1234 99 21 äboende
300 1235 127 27 lägenheter
447 1235 101 28 rendera,
570 1235 25 21 sä
614 1235 40 21 har
668 1235 42 28 jag
730 1238 28 18 än
780 1242 60 14 mera

90 1269 135 27 ofvertygats
241 1269 83 28 derom,
340 1270 32 19 att
387 1269 40 21 här
441 1271 64 26 göres
520 1268 68 22 behof
601 1268 25 21 af
638 1269 120 28 skyndsam
773 1269 67 28 hjelp.

90 1303 43 21 Vid
156 1302 72 22 denna
250 1303 107 27 landtdag
380 1303 65 22 hafva
465 1303 119 22 ständerna
604 1303 122 22 diskuterat
746 1305 30 20 ett
795 1304 45 27 lag-

90 1337 83 27 förslag
194 1339 56 19 emot
270 1337 133 28 djurplägeri
423 1337 41 22 och
480 1339 31 20 ett
530 1339 76 26 annat,
627 1344 46 15 som
693 1337 93 22 handlar
807 1345 34 14 om

92 1371 161 28 expropriation
272 1371 34 22 till
323 1371 84 22 förmån
423 1372 33 21 för
467 1371 120 28 jernvägar
603 1371 39 22 och
658 1372 98 21 kanaler.
786 1373 11 20 I
812 1372 29 22 ci-

90 1405 161 27 vilisationens,
272 1405 8 20 i
300 1405 163 27 fosterlandets,
485 1406 7 20 i
512 1405 186 27 mensklighetens
719 1412 65 14 namn
800 1405 41 22 frä-

92 1445 39 21 gar
147 1439 52 28 jag:
216 1441 37 19 äro
274 1439 154 22 menniskorna
448 1439 50 22 icke
519 1446 59 15 mera
599 1441 28 20 än
643 1439 76 28 djuren
734 1439 40 22 och
790 1440 54 22 böra
