1025 1745
204 132 42 22 536

178 197 91 21 Castrén
292 196 102 22 använda
417 197 55 21 hans
495 204 57 20 egna
572 196 49 22 ord:
643 199 32 19 att
694 197 7 21 i
721 204 65 14 norra
802 197 91 21 delarna
908 196 25 22 af

176 231 77 21 landet
271 231 109 27 allmogen
401 231 114 27 ingenting
529 231 105 27 förtjenar
650 232 28 26 på
692 230 128 28 hållskjuts,
836 230 93 22 emedan

178 264 116 22 derstädes
314 266 25 20 så
359 265 23 21 få
400 266 103 26 begagna
523 265 35 27 sig
577 264 69 26 deraf.
676 266 34 26 Ty
725 265 48 27 just
792 264 36 22 vid
849 265 80 21 sådant

177 298 137 22 förhållande
329 306 51 15 vore
396 299 38 21 det
444 299 27 27 ju
487 306 26 14 en
527 298 70 22 fördel
612 301 32 19 att
655 298 106 28 befrämja
772 298 157 28 hållskjutsens

177 332 142 23 bestridande
337 340 79 20 genom
432 333 157 28 entreprenad,
606 333 92 21 emedan
715 332 37 22 det
768 333 18 27 ej
803 334 44 20 kan
863 332 67 22 lända

177 368 34 20 till
229 369 66 19 annat
315 370 27 19 än
363 367 71 22 skada
452 367 33 22 för
505 368 156 21 landtmannen
680 370 33 19 att
730 374 50 15 resa
798 374 38 15 sex
855 368 14 20 å
883 368 46 21 åtta

177 402 37 21 mil
233 402 34 22 för
283 404 32 19 att
334 401 86 29 skjutsa
439 402 39 22 och
498 402 76 22 dervid
593 401 81 23 skörda
692 402 68 28 ingen
778 401 57 22 enda
848 402 81 28 kopek.

179 436 107 28 Slutligen
306 442 65 16 anser
384 436 43 28 jag
438 436 36 22 det
490 443 53 15 vara
559 436 92 29 alldeles
667 436 115 29 olämpligt
796 438 33 20 att
844 443 27 15 en
885 439 44 19 sär-

178 470 59 22 skild
256 471 37 27 lag
307 471 8 20 i
330 470 145 23 förevarande
493 470 104 23 afseende
613 470 71 23 skulle
700 470 60 28 gälla
775 470 33 22 för
823 470 27 22 de
866 470 64 22 nord-

177 505 46 27 liga
242 505 74 28 länen,
338 507 52 20 utan
410 505 54 22 böra
482 512 85 15 samma
581 505 203 28 lagbestämningar
799 505 130 22 härutinnan

179 542 43 25 äga
237 547 46 14 rum
297 540 101 21 öfverallt
414 540 7 21 i
436 539 82 23 landet.

245 575 210 27 Kontraktsprosten
480 575 92 21 Hellön
591 573 98 29 yttrade:
708 575 109 21 Ehuruväl
834 574 43 28 jag
897 575 33 20 för

177 608 45 22 min
248 608 36 22 del
306 609 6 21 i
337 609 44 21 allo
407 609 126 22 instämmer
560 609 31 22 uti
619 609 58 21 hvad
706 609 139 27 domprosten
873 609 58 27 Borg

179 643 79 28 anfört,
271 642 70 29 jemte
357 643 37 21 det
406 643 41 28 jag
462 643 49 21 icke
527 643 68 22 finner
611 643 49 21 skäl
675 650 62 21 vara,
750 645 32 20 att
792 643 138 28 skjutslegan

179 677 30 22 uti
233 677 27 22 de
283 677 101 28 nordliga
406 678 114 21 trakterna
541 677 72 22 skulle
633 677 69 22 blifva
721 679 60 26 lägre
800 679 28 20 än
847 677 31 22 uti
894 678 36 21 det

179 712 70 27 öfriga
267 711 85 29 landet,
372 712 91 22 utbeder
477 712 42 28 jag
537 713 44 28 mig
600 712 58 21 dock
677 714 33 20 att
725 712 7 21 i
748 714 80 20 största
844 712 87 23 korthet

180 749 57 19 emot
259 747 69 27 nägra
349 747 133 27 föregäende
502 747 81 22 talares
604 747 118 27 yttranden
745 746 23 22 fä
788 749 53 25 göra
861 747 70 27 nägra

180 780 176 28 anmärkningar,
376 781 39 21 och
434 780 38 22 vill
491 780 76 22 dervid
585 780 55 23 först
655 781 136 21 beträffande
806 781 125 27 professorn

180 815 93 22 Geitlins
291 815 132 28 pästäende,
446 817 32 20 att
491 816 116 21 hästarnes
623 815 159 28 misshandling
797 816 72 22 blefve
884 823 47 21 per-

180 852 97 25 manent,
294 856 34 14 om
344 849 146 27 hällskjutsen
505 850 87 22 komme
608 852 32 19 att
654 850 68 21 blifva
738 850 66 22 ställd
819 850 29 27 pä
863 852 68 20 entre-

179 883 94 29 prenad,
289 884 102 27 genmäla
406 885 32 20 att
450 884 42 28 jag
506 884 8 21 i
530 884 61 21 detta
607 884 104 21 afseende
727 887 25 18 är
766 884 26 21 af
800 883 131 29 fullkomligt

180 920 90 19 motsatt
285 918 67 27 äsigt,
370 918 39 21 och
425 918 44 21 kan
485 918 34 21 för
533 919 44 20 min
594 918 35 21 del
645 918 19 28 cj
681 918 60 21 finna
756 919 68 27 något
840 918 48 23 skäl
900 919 32 21 för

179 959 28 15 en
233 952 69 22 sädan
328 952 123 28 förmodan,
476 953 91 21 emedan
591 952 38 21 det
651 955 93 19 tvärtom
767 953 67 21 horde
857 953 75 22 kunna

178 987 137 27 förutsättas,
332 989 32 19 att
380 989 191 26 entreprenörerne
587 987 72 22 säsom
675 989 67 26 ägare
758 987 25 22 af
796 987 44 22 alla
850 987 81 28 skjuts-

180 1021 102 22 hästarne
306 1021 72 22 skulle
397 1021 67 22 hafva
484 1021 42 22 den
547 1025 164 24 noggrannaste
733 1022 75 28 tillsyn
824 1022 106 29 deröfver,

180 1057 32 20 att
230 1056 65 21 dessa
311 1055 97 22 hvarken
424 1056 25 21 af
462 1056 175 28 skjutskarlarne
651 1057 53 21 eller
720 1056 26 22 de
763 1057 93 22 resande
870 1058 61 21 miss-

179 1090 132 28 handlades,
323 1091 29 20 dä
363 1090 41 22 den
416 1091 80 28 skada,
509 1098 46 15 som
565 1091 126 28 derigenom
701 1091 134 28 tillfogades,
844 1091 87 23 komme

180 1127 32 18 att
227 1125 84 21 drabba
327 1125 49 21 dem
392 1125 87 28 sjelfva,
497 1132 26 15 en
538 1125 85 28 tillsyn,
641 1132 46 15 som
702 1133 50 14 man
768 1125 19 28 ej
805 1126 43 21 kan
865 1129 67 19 vänta

179 1158 25 21 af
220 1158 144 27 gästgifvare,
386 1159 25 22 sä
430 1159 66 28 länge
516 1159 199 28 hällskjutsningen
734 1159 112 22 förblifver
865 1161 67 20 ställd

178 1193 29 27 pä
226 1193 51 21 dess
298 1193 127 21 nuvarande
443 1193 40 28 fot,
504 1193 28 21 dä
552 1193 164 28 gästgifvarene
737 1193 19 28 ej
777 1193 74 22 kunna
867 1194 64 21 hafva

180 1233 83 15 samma
273 1226 93 22 intresse
377 1227 33 21 för
421 1226 132 29 böndernas,
565 1234 46 15 som
621 1227 34 22 för
665 1228 49 21 sina
725 1234 56 21 egna
792 1223 81 26 hästar.
896 1229 35 21 Vi-

180 1261 52 21 dare
247 1261 40 21 har
302 1261 124 28 professorn
442 1261 81 22 Geitlin
539 1264 77 25 yttrat,
632 1264 33 19 att
678 1269 51 14 man
745 1269 79 20 genom
836 1262 95 21 införan-

180 1295 37 20 det
237 1295 24 19 af
279 1295 252 27 entreprenadsystemet
547 1295 70 21 skulle
634 1295 84 21 erhålla
733 1297 71 19 sämre
818 1296 115 27 betjening

179 1328 28 28 pä
228 1327 253 29 gästgifvaregärdarne,
504 1328 92 22 emedan
619 1335 27 15 en
669 1330 112 27 perpetuel
802 1329 130 23 förderfvets

180 1362 64 22 skola
258 1362 7 22 i
280 1362 80 22 sädant
375 1362 39 22 fall
429 1362 39 22 der
488 1363 137 28 uppkomme.
655 1364 104 22 Häremot
774 1364 52 22 ville
836 1364 43 29 jag
894 1372 37 14 an-

180 1397 85 28 märka,
289 1399 32 19 att
339 1397 43 28 jag
401 1399 44 20 tror
465 1397 62 22 detta
546 1398 7 21 i
574 1398 120 21 allmänhet
714 1405 53 15 vara
787 1399 76 28 nägot,
885 1406 46 15 som

178 1431 46 22 helt
245 1431 39 22 och
304 1431 68 22 hället
390 1434 24 19 är
430 1431 108 23 beroende
553 1432 25 22 af
590 1432 226 30 omständigheterna,
833 1441 49 14 men
898 1435 33 20 att
