1028 1750
810 108 32 34 s

103 188 113 27 godkinnt
231 187 253 28 expeditionsutskottets
499 186 82 28 förslag
597 186 32 22 till
640 186 136 28 underdänig
787 186 60 22 skrif-

103 222 60 21 velse
180 222 31 21 till
227 223 60 20 Hans
303 222 123 27 Kejserliga
439 222 110 27 Majestät,
561 221 49 21 med
620 221 103 21 anhällan
734 228 34 14 om
779 221 69 21 landt-

104 256 83 28 dagens
202 256 138 28 förlängning
355 256 32 21 till
402 255 42 22 den
461 256 26 21 15
503 255 145 22 instundande
663 256 62 27 april.

171 325 42 22 Till
235 325 74 28 slutlig
331 324 78 28 åtgärd
429 325 111 28 föredrogs
563 327 156 19 sammansatta
740 325 45 27 lag-
809 325 39 21 och

104 360 231 22 ekonomieutskottets
355 359 139 23 betänkande
512 360 7 21 i
535 359 118 28 anledning
668 360 25 21 af
705 359 82 27 nådiga
801 366 47 22 pro-

103 395 131 28 positionen,
259 395 113 28 angående
393 394 142 23 försvarslösa
557 401 102 21 personer
678 394 40 22 och
734 394 63 22 deras
812 394 36 22 be-

103 429 112 28 handling.

170 465 32 20 På
220 464 48 22 herr
287 465 149 21 talemannens
451 464 82 27 förslag
547 464 82 21 beslöts
645 466 31 19 att
692 463 87 22 ståndet
795 464 53 21 först

103 499 71 22 skulle
194 501 58 26 yttra
272 499 34 28 sig
324 499 114 28 angående
457 499 26 21 de
499 499 109 21 allmänna
622 499 123 27 grunderna
761 499 39 21 och
816 505 32 14 se-

104 533 43 22 dan
166 533 88 28 öfvergå
273 534 32 21 till
321 534 42 21 den
377 534 82 27 nådiga
473 533 173 28 propositionens
662 533 40 22 och
717 533 131 22 utskottsbe-

103 567 132 23 tänkandets
251 568 236 28 detaljbestämningar.

171 602 125 23 Professorn
316 603 153 22 Schauman
488 602 97 30 yttrade,
601 604 31 20 att
647 603 28 21 då
690 603 62 27 fråga
768 611 33 14 om
817 611 31 15 re-

102 637 55 22 form
178 637 24 21 af
218 645 28 14 nu
266 638 102 27 gällande
387 638 175 28 lagstadganden
577 638 113 27 angående
706 638 144 23 försvarslösa

102 679 104 21 personer
228 673 39 21 och
289 672 64 22 deras
373 672 133 28 behandling
524 672 85 22 förevar
623 672 7 21 i
645 672 36 22 det
696 673 91 28 utskott,
803 680 46 15 som

103 707 114 23 härstädes
239 708 7 21 i
265 708 88 27 januari
375 707 80 22 månad
477 708 54 21 1862
552 708 185 28 sammanträdde,
753 708 25 22 så
793 708 56 22 hade

103 742 106 22 utskottet
231 742 126 28 framhållit,
381 744 32 19 att
431 742 106 22 reformen
556 742 65 22 borde
636 743 53 27 utgå
704 749 25 15 ur
744 743 42 21 den
800 750 48 21 syn-

103 777 78 27 punkt,
205 779 31 19 att
259 776 55 27 ,den
333 777 124 27 personliga
472 776 92 22 friheten
579 776 67 22 borde
661 777 25 21 så
700 777 88 28 mycket
803 785 46 15 som

103 811 85 28 möjligt
210 811 125 28 befrämjas,
359 814 52 19 utan
433 813 32 20 att
487 811 114 22 samhället
620 811 68 22 likväl
707 812 142 28 äfventyrade

103 848 32 19 att
150 845 141 28 understödja
306 846 64 27 lättja
386 846 39 21 och
441 845 134 29 häglöshet.*
605 846 77 21 Denna
698 846 83 22 önskan
793 846 55 22 hade

103 880 61 22 Hans
180 880 122 28 Kejserliga
316 880 102 28 Majestät
433 882 47 26 gått
495 880 32 22 till
537 883 78 25 mötes,
627 880 29 21 då
666 880 61 22 Hans
737 880 112 29 Majestät,

103 916 72 21 såsom
197 915 113 27 ingressen
333 915 32 21 till
388 915 41 21 den
452 915 81 27 nådiga
555 915 161 27 propositionen
738 915 110 29 utvisade,

105 951 85 25 »ansett
209 956 26 15 en
256 950 151 27 omarbetning
425 950 25 21 af
461 949 168 28 ifrågavarande
644 950 137 27 lagstiftning
796 951 53 21 böra

102 985 7 21 i
125 984 202 28 hufvudsakligaste
341 985 66 21 måtto
424 984 83 28 stödjas
519 985 29 27 på
559 984 26 21 de
596 984 145 28 grundsatser,
754 986 32 20 att
796 985 53 21 hvar

103 1019 40 22 och
166 1026 37 21 en,
227 1025 46 15 som
294 1018 65 22 lifnär
380 1019 34 27 sig
436 1019 50 21 med
505 1019 64 27 ärligt
588 1019 73 21 arbete
679 1019 40 21 och
735 1019 18 27 ej
771 1026 77 20 genom

103 1053 184 28 kringstrykande
303 1053 40 21 och
359 1055 30 19 ett
405 1053 92 21 lastbart
511 1052 130 22 lefnadssätt
655 1052 58 22 visar
723 1053 34 27 sig
767 1053 33 21 för
810 1053 38 21 all-

103 1092 50 18 män
170 1088 91 28 ordning
274 1088 40 22 och
331 1088 101 22 säkerhet
447 1088 83 28 vådlig,
547 1088 57 21 skall
618 1094 52 14 vara
685 1088 104 21 frikallad
801 1087 47 22 från

104 1122 153 29 skyldigheten
278 1124 31 20 att
329 1124 52 26 taga
401 1128 72 16 annan
491 1129 90 21 persons
596 1122 102 22 försvar."
729 1122 44 21 Allt
789 1122 60 21 detta

103 1157 73 22 kunde
193 1157 18 28 ej
228 1164 52 15 vara
296 1158 67 20 annat
378 1159 27 19 än
421 1156 127 29 glädjande,
565 1158 23 27 ty
603 1156 145 28 grundsatsen
763 1164 39 14 var
811 1156 38 21 hu-

104 1199 56 15 man.
190 1193 49 20 Men
255 1192 28 21 då
299 1191 70 22 tillika
385 1191 71 22 såsom
472 1191 70 22 vilkor
557 1191 32 22 för
601 1191 69 22 denna
681 1191 64 22 frihet
755 1191 93 22 fordrats

104 1227 86 27 garanti
208 1226 32 21 för
256 1229 32 18 att
303 1226 51 28 den,
374 1233 45 14 som
435 1225 56 28 ägde
507 1226 51 27 sjelf
570 1226 97 22 försvara
682 1226 43 27 sig,
748 1226 49 21 icke
813 1233 35 20 ge-

103 1268 50 15 nom
176 1263 30 19 ett
228 1260 184 29 kringstrykande
436 1260 39 21 och
495 1260 92 22 lastbart
604 1260 130 22 lefnadssätt
750 1260 98 22 skadade

104 1295 124 28 samhället,
251 1296 25 20 så
295 1302 38 14 var
349 1295 60 21 detta
424 1301 26 15 en
466 1295 106 21 afvikelse
587 1295 47 20 från
650 1294 146 28 nyssnämnde
811 1294 37 21 hu-

103 1336 66 15 mana
192 1329 122 27 grundsats.
344 1329 33 27 Ty
396 1336 76 20 genom
493 1331 32 20 att
539 1328 73 22 fordra
626 1336 25 14 en
668 1328 68 22 sådan
752 1328 95 28 garanti,

103 1364 164 27 presumerades
283 1363 42 22 den
340 1363 77 27 fattige
433 1370 52 14 vara
499 1363 33 21 för
547 1363 114 21 samhället
674 1362 122 27 vådligare,
820 1365 28 19 än

105 1398 43 21 den
167 1397 56 28 rike,
246 1397 25 21 af
282 1396 89 22 hvilken
386 1397 85 27 garanti
487 1396 18 28 ej
522 1396 118 22 fordrades.
670 1396 39 20 Att
724 1396 71 21 denna
811 1403 36 20 ga-

103 1432 67 28 ranti,
186 1432 71 22 såsom
273 1430 42 23 den
331 1430 118 28 kejserliga
463 1430 161 29 propositionen
639 1430 121 28 föreslagit,
777 1430 70 21 skulle
