1023 1778
207 130 40 21 696

177 195 42 27 ligt
243 195 174 27 prestaständets
441 194 72 22 beslut
533 194 78 22 endast
631 194 147 21 nattvardens
791 193 138 28 delaktighet

179 229 98 21 kommer
297 230 32 19 att
349 228 52 21 bero
419 228 29 27 på
463 228 136 27 aflösningen
616 227 6 21 i
639 227 36 22 det
691 227 138 22 derförinnan
844 228 86 27 föregå-

179 263 55 22 ende
255 263 164 27 skriftermålet,
441 263 40 20 och
500 264 33 20 att
548 262 87 22 således
650 262 54 21 talet
720 269 34 14 om
769 265 67 19 annat
852 262 77 28 tvång,

179 300 28 19 än
227 297 37 22 det
280 304 48 15 som
349 297 96 21 kommer
464 297 25 21 af
510 297 82 28 själens
608 297 59 28 inre,
687 296 90 28 andliga
797 297 73 28 behof,
891 297 40 21 här

178 332 79 22 endast
272 334 24 19 är
312 333 30 20 ett
357 333 44 20 sätt
417 333 32 20 att
464 331 55 28 tala;
535 337 49 16 men
600 331 57 22 hade
673 331 163 28 prestaståndet
846 331 7 21 i
864 331 65 22 ställe

178 368 32 20 att
231 366 84 28 påyrka
336 366 65 21 dessa
421 365 96 23 vittnens
537 368 92 19 närvaro
648 366 7 20 i
676 366 75 27 hvarje
766 365 116 29 händelse,
898 366 32 21 in-

179 400 93 23 skränkt
291 400 64 22 deras
373 400 107 22 tillkomst
495 400 78 23 endast
589 400 33 22 till
638 400 37 22 det
689 400 49 27 fall,
755 400 77 22 att-de
851 400 25 22 af
888 400 42 22 den

178 435 148 22 bekännande
347 434 52 29 sjelf
416 434 109 29 påkallas,
546 435 25 22 så
589 435 58 21 hade
663 441 26 15 en
705 434 54 22 hvar
773 435 59 22 klart
846 434 84 23 kunnat

179 477 34 21 se,
233 470 55 21 huru
308 476 50 15 man
378 469 40 22 här
439 469 77 22 endast
536 469 59 22 velat
613 471 58 20 sätta
687 471 31 20 ett
733 469 124 29 skydsvärn
873 469 59 22 emot

179 507 118 19 samvetets
317 503 127 30 gväljande,
461 511 48 15 men
525 503 121 29 ingalunda
661 503 50 23 med
726 504 205 29 formalitetsbestyr

178 539 59 22 velat
257 539 104 22 störande
379 539 86 28 ingripa
480 539 7 21 i
503 538 166 23 skriftermälets
685 539 46 22 inre
747 539 103 22 väsende.
880 539 49 22 Med

179 577 30 19 ett
225 573 50 22 ord:
291 573 37 22 det
342 580 38 15 var
393 573 68 28 enligt
475 573 43 22 min
533 573 146 28 öfvertygelse
693 573 7 21 i
715 580 26 15 en
755 573 97 28 olycklig
866 574 64 21 stund

178 608 163 29 prestaständet
363 611 38 25 tog
423 609 34 27 sig
480 608 32 22 till
535 608 89 28 föresyn
648 608 74 27 kongl.
745 607 155 28 förordningen
923 609 7 21 i

179 643 90 28 Sverige
289 643 26 21 af
332 642 41 22 den
394 644 13 20 4
427 643 42 27 maj
493 643 61 28 1855,
575 643 7 21 i
601 643 64 22 ställe
685 644 32 21 att
735 642 45 22 helt
796 642 75 23 enkelt
886 650 45 15 om-

177 679 56 21 fatta
247 677 42 22 den
305 677 120 28 kejserliga
438 677 169 29 propositionen.
637 678 44 27 Jag
694 678 68 27 vågar
776 677 86 23 derföre
873 680 58 20 ännu

179 713 87 27 engång
281 712 85 28 påyrka
382 712 42 21 den
440 712 93 28 ändring
549 712 6 21 i
570 712 174 28 prestaståndets
756 712 71 22 beslut
838 712 92 22 rörande

179 749 12 25 8
213 749 23 26 2,
257 748 32 20 att
309 746 109 28 nemligen
439 746 41 22 den
499 746 120 28 kejserliga
634 747 174 28 propositionens
823 747 108 28 lydelse
918 742 16 37 i

179 782 43 22 allo
243 781 67 23 borde
331 784 102 25 antagas,
456 781 69 22 sådan
540 781 42 22 hon
598 784 30 26 är,
645 781 40 22 och
701 781 143 23 medstånden
860 782 70 28 inbju-

179 817 40 21 das
234 818 33 20 att
282 816 34 27 sig
331 816 7 21 i
354 816 60 22 detta
430 816 125 28 antagande
570 816 83 22 förena.

247 852 91 20 Prosten
357 851 123 27 Alopeus
499 858 38 14 var
557 851 26 21 af
598 857 83 15 samma
697 851 58 27 åsigt
770 858 46 15 som
832 851 98 29 dompro-

179 888 47 20 sten
236 886 59 27 Borg
303 885 40 22 och
352 885 124 28 åberopade
485 886 38 21 sitt
531 886 57 21 förut
596 885 123 28 skriftligen
731 885 83 28 afgifna
821 886 109 28 yttrande.

247 920 210 28 Kontraktsprosten
476 920 85 22 Sirén:
577 920 34 21 Då
622 920 41 28 jag
678 927 39 15 var
733 920 42 22 den
790 920 78 29 första,
884 927 46 15 som

177 956 32 21 uti
227 954 164 30 prestaståndet
409 954 124 28 åberopade
552 954 55 22 1723
630 955 35 21 års
684 955 200 28 prestaprivilegier
896 956 35 21 till

178 990 49 22 stöd
245 989 33 23 för
297 989 44 22 min
360 990 58 27 åsigt
437 990 29 21 uti
485 989 145 22 förevarande
645 990 93 28 ärende,
754 996 64 16 anser
830 990 42 28 jag
886 991 46 27 mig

177 1025 54 21 böra
253 1027 101 19 närmare
374 1024 106 22 motivera
502 1024 101 22 hvarföre
627 1024 60 22 detta
710 1024 94 29 skedde,
828 1027 52 20 utan
899 1028 32 19 att

173 1060 43 27 jag
235 1059 36 21 det
289 1059 80 21 minsta
388 1066 81 21 ryggar
487 1059 94 21 tillbaka
599 1058 34 22 för
652 1058 128 29 opinionens
798 1059 83 29 inkast,
902 1060 29 21 då

178 1093 37 22 det
233 1093 70 28 gäller
320 1095 32 19 att
368 1092 98 23 försvara
482 1093 45 22 min
543 1092 145 29 öfvertygelse
703 1093 64 22 äfven
783 1094 49 21 med
847 1097 84 24 presta-

177 1127 160 28 privilegierne.
369 1127 40 22 Om
432 1127 29 22 all
483 1127 175 29 kyrkodiseiplin
680 1127 40 22 och
742 1127 48 22 tukt
809 1135 28 14 nu
860 1128 71 23 skulle

178 1161 49 22 med
247 1169 38 14 ens
301 1161 116 28 afskaffas,
433 1162 25 21 så
472 1165 24 18 är
508 1163 41 26 jag
564 1161 48 22 fullt
628 1163 74 20 derom
717 1162 108 21 förvissad
842 1165 40 25 att,
900 1163 31 21 åt-

177 1197 108 21 minstone
301 1197 29 27 på
345 1195 43 22 min
405 1195 200 29 tjenstgöringsort,
619 1203 27 14 en
657 1195 70 23 sådan
739 1196 77 28 åtgärd
828 1197 19 28 ej
860 1197 71 22 skulle

177 1231 50 21 med
245 1230 92 27 välvilja
355 1232 121 26 emottagas
496 1231 25 21 af
538 1230 78 29 folket,
637 1230 91 22 emedan
747 1237 51 15 man
816 1231 115 22 derstädes

177 1268 59 18 ännu
259 1267 23 19 är
304 1271 43 15 van
371 1267 31 19 att
425 1265 67 22 också
511 1265 7 21 i
537 1265 97 28 kyrkligt
654 1265 105 22 afseende
774 1268 53 24 göra
843 1265 89 23 skilnad

177 1299 93 22 emellan
294 1299 144 28 brottslingen
461 1300 39 21 och
524 1300 42 21 den
592 1299 83 28 redlige
698 1299 168 28 medborgaren,
890 1301 40 21 och

177 1335 52 20 utan
249 1333 75 22 tvifvel
343 1333 70 22 skulle
429 1333 41 27 jag
487 1333 38 22 vid
544 1333 159 29 hemkomsten,
723 1341 35 14 om
777 1334 153 23 absolutionen

176 1367 46 22 helt
244 1367 40 23 och
307 1367 68 22 hället
397 1367 71 22 blefve
491 1368 120 29 afskaffad,
635 1370 71 21 mötas
729 1369 25 22 af
766 1368 88 29 frägan:
870 1369 59 28 Noh,

175 1404 63 20 mitäs
252 1403 66 29 papit
336 1407 37 24 nyt
391 1411 27 13 on
439 1403 92 21 tehneet?
549 1403 35 21 Dä
605 1403 120 28 kejserliga
744 1403 146 28 kungörelsen
908 1405 25 21 af

67 1456 6 6 D
177 1437 42 22 den
241 1438 12 21 6
279 1437 42 28 maj
350 1438 53 21 1861
431 1437 140 29 emanerade,
595 1444 46 15 som
664 1437 130 29 visserligen
814 1438 58 23 hade
892 1439 38 22 det

45 1684 215 72 mn.
