1020 1761
202 134 42 20 420

178 199 26 20 10
230 196 114 29 angående
365 196 131 28 jordägares
519 194 126 29 skyldighet
668 196 32 19 att
722 196 57 19 emot
802 193 121 27 ersättning

177 231 89 28 upplåta
282 230 60 21 mark
358 230 32 21 för
405 230 92 21 allmänt
511 229 73 27 behof,
600 229 127 20 derutinnan
743 227 180 28 borgareståndet

177 265 113 27 godkännt
310 265 117 20 utskottets
447 263 140 22 betänkande
608 262 36 22 vid
662 263 28 26 $8
709 263 24 27 2,
750 263 23 27 4,
793 263 22 26 7,
832 262 37 27 10,
886 262 37 27 12;

178 300 82 20 15—18
280 298 39 22 och
339 299 83 20 20—29
441 300 56 19 samt
515 297 42 21 den
573 296 81 27 nådiga
669 296 161 28 propositionen
846 296 6 20 i
869 296 55 21 afse-

178 334 56 20 ende
254 334 13 20 &
285 334 27 25 $$
332 333 26 20 14
377 332 39 21 och
437 332 35 27 19,
493 332 33 21 för
544 330 75 22 hvilka
633 330 106 22 utskottet
755 330 113 28 föreslagit
882 330 41 22 för-

177 367 98 21 ändrade
294 366 145 27 redaktioner,
461 367 56 20 samt
537 365 83 27 antagit
640 364 36 22 det
696 371 76 15 senare
791 364 24 21 af
833 364 26 21 de
878 364 49 22 utaf

179 401 105 22 utskottet
303 400 136 22 framställda
458 400 130 21 alternativa
607 398 82 28 förslag
707 399 33 21 till
770 400 2 25 $
797 399 5 21 5
822 405 63 15 mom.
901 399 23 26 2,

178 435 119 28 hvarjemte
318 435 86 21 ständet
423 435 84 21 förenat
523 434 34 27 sig
572 433 49 22 med
636 433 153 27 ridderskapet
805 433 39 21 och
861 433 63 21 adeln

178 469 134 22 beträffande
325 468 98 28 följande
438 468 194 27 omständigheter:
647 469 31 19 att
692 467 55 21 ifrån
767 469 12 24 $
791 469 10 19 1
814 467 111 22 slutorden

180 504 52 26 noch
248 503 82 22 hälften
346 503 134 21 derutöfver*
497 503 70 21 skulle
583 502 53 27 utgå
651 501 40 22 och
706 501 7 21 i
729 501 54 27 följd
799 501 64 21 deraf
869 501 56 28 jem-

180 538 36 21 väl
236 544 25 15 ur
283 539 12 25 &
317 538 22 27 3,
363 544 47 14 som
430 537 32 21 för
482 536 64 27 öfrigt
566 535 118 28 godkänts,
704 535 105 22 uteslutas
828 535 97 28 följande

178 572 97 26 mening:
299 578 62 19 ,men
382 571 8 21 i
413 571 27 21 de
461 571 40 20 här
523 569 95 22 nämmda
640 569 66 21 fallen
729 572 52 24 äger
804 569 42 21 den
861 570 6 20 i
885 571 40 25 18

180 606 111 27 medgifna
313 604 124 28 förhöjning
459 604 25 22 af
501 604 149 26 ersättningen
668 604 20 27 ej
710 605 69 26 rum;*
801 604 48 20 från
870 604 12 26 &
903 606 22 25 5,

179 640 65 22 hvars
264 639 68 22 första
351 646 64 15 mom.
434 638 118 28 godkänts,
572 638 132 22 bortlemnas
724 638 61 21 ordet
805 638 94 26 ,krono*
919 638 6 21 i

181 674 69 28 tredje
276 680 72 22 mom.,
372 680 46 14 som
441 672 124 28 derigenom
588 672 86 22 komme
698 674 31 19 att
753 672 82 22 erhälla
858 672 69 22 sädan

181 708 93 29 lydelse:
302 707 154 22 *Innehafvare
478 707 25 21 af
522 706 93 22 boställe
636 707 39 21 bör
696 706 41 22 ock
756 706 118 28 godtgöras
894 706 33 22 för

181 743 57 21 hvad
261 742 42 22 han
326 742 25 21 af
368 742 33 21 sin
424 742 114 28 nyttjorätt
560 742 69 20 måste
652 740 81 28 afstä*;
756 742 23 20 ät
798 742 13 26 &
829 742 11 20 6
857 740 70 28 gifvas

181 776 163 23 nedanstäende
369 776 126 22 redaktion:
519 776 95 28 ,Finnes
635 775 61 28 jord,
722 782 47 14 som
795 775 73 22 tillhör
892 782 35 15 en-

181 812 58 22 skild
258 818 60 21 man,
336 811 110 27 menighet
464 811 53 21 eller
533 810 119 27 inrättning
671 810 53 21 eller
738 812 53 25 äges
807 810 25 21 af
844 810 83 21 kronan

181 852 49 16 men
252 845 25 22 af
295 845 85 22 enskild
398 845 49 21 med
461 845 50 21 äbo-
528 845 53 21 eller
596 844 114 28 nyttjorätt
725 844 135 28 innehafves,
877 851 51 15 vara

182 880 95 28 hehöflig
294 880 32 22 för
344 880 135 27 anläggning
494 879 24 22 af
531 878 157 29 försvarsverk,
704 878 61 29 stad,
779 878 76 28 kanal,
869 879 58 27 jern-

182 917 52 25 väg,
254 914 174 28 telegrafanstalt
446 914 53 21 eller
517 917 67 18 annat
601 913 78 27 vigtigt
698 913 167 28 statsändamäl,
882 920 45 15 som

182 949 29 27 pä
224 948 62 22 Hans
301 947 123 28 Kejserliga
439 947 114 28 Majestäts
567 948 57 27 Eget
639 947 146 22 förordnande
796 948 132 28 ankommer,

182 984 36 20 mä
240 982 74 22 derom
338 982 24 21 af
381 984 91 20 senaten
489 982 161 27 framställning
668 982 40 22 hos
725 982 61 22 Hans
804 982 123 28 Kejserliga

182 1017 102 27 Majestät
302 1020 73 24 göras,
394 1016 68 22 sedan
481 1023 78 21 genom
575 1020 145 23 guvernörens
735 1016 78 27 ätgärd
824 1016 104 28 jordäga-

182 1057 39 15 ren
251 1051 52 21 eller
328 1050 156 22 innehafvaren
509 1050 39 21 och
575 1050 67 28 öfrige
668 1050 163 22 vederbörande
858 1050 71 22 blifvit

182 1084 67 22 hörde
269 1084 39 22 och
324 1084 80 28 nödige
422 1084 157 28 upplysningar
593 1084 117 21 inhemtats
724 1087 56 19 samt
795 1084 42 22 den
853 1085 76 21 under-

184 1119 94 27 sökning.
300 1118 13 21 å
334 1119 90 21 marken
446 1118 102 28 föregått,
571 1118 86 22 hvartill
679 1118 80 22 sakens
779 1119 150 21 beskaffenhet

183 1152 129 22 föranleder.
342 1153 46 20 Har
402 1152 61 22 Hans
478 1153 124 26 Kejserliga
615 1152 103 27 Majestät
733 1152 33 21 till
782 1152 69 22 sådan
866 1152 63 22 fram-

185 1186 104 27 ställning
312 1185 89 29 bifallit,
423 1186 67 21 varde
513 1186 43 21 den
577 1187 72 26 mark,
673 1193 46 14 som
741 1186 97 21 afträdas
861 1187 68 27 skall,

185 1227 78 20 genom
286 1223 145 24 guvernörens
451 1220 86 27 åtgärd,
558 1221 7 20 i
583 1222 92 25 ägarens
694 1220 53 21 eller
763 1220 168 22 innehafvarens

186 1253 40 22 och
246 1253 70 28 öfriga
335 1253 175 22 vederbörandes
529 1256 93 19 närvaro
641 1260 77 21 genom
737 1254 128 28 utstakning
879 1262 51 20 nog-

185 1289 79 26 grannt
285 1288 100 21 bestämd
407 1291 56 18 samt
484 1287 72 22 tillika
573 1288 70 27 jemte
662 1288 54 21 derå
734 1288 113 26 befintliga
863 1289 68 26 bygg-

185 1321 68 20 nader
271 1321 52 20 eller
342 1321 68 20 andra
427 1321 146 26 inrättningar
590 1320 54 22 efter
663 1321 190 21 ofvanfastställda
868 1329 62 20 grun-

186 1353 38 22 der
241 1354 107 22 värderad
367 1354 39 21 och
422 1354 30 21 all
468 1361 72 15 annan
555 1355 130 27 ersättning,
701 1361 46 15 som
761 1354 46 22 kan
821 1354 87 23 komma
923 1356 8 22 i

185 1388 71 28 fråga,
269 1388 83 28 jemväl
368 1388 132 28 uppskattad
517 1388 24 22 af
553 1388 95 28 ojäfvige
662 1389 40 21 och
718 1389 137 28 sakkunnige
871 1393 59 25 män,

186 1422 24 22 af
229 1422 75 22 hvilka
326 1426 133 24 guvernören
483 1423 39 21 och
546 1423 41 21 den
610 1423 129 22 afträdande
761 1424 107 22 hvardera
882 1427 48 20 utse
