1025 1798
769 118 41 23 823

87 182 139 29 utlåtanden,
242 182 75 23 hvilka
328 184 7 21 i
346 183 244 29 expeditionsutskottet
600 184 72 23 blifvit
681 184 155 29 formulerade,

87 218 71 22 beslöt
177 219 172 27 prestaståndet,
369 219 6 21 i
391 219 69 21 likhet
475 219 50 22 med
540 219 57 22 hvad
613 219 64 22 äfven
693 220 70 27 öfriga
779 220 57 21 stån-

89 253 42 21 den
152 254 72 20 ansett
242 253 84 28 nödigt,
342 255 32 19 att
390 253 65 22 dessa
471 254 70 26 begge
557 254 83 21 utskott
655 253 38 22 vid
707 254 38 21 fall
761 254 26 21 af
798 261 38 14 an-

87 287 53 28 tydd
164 286 150 23 beskaffenhet
336 287 76 28 borde,
435 287 34 21 för
491 287 212 28 tillvägabringande
725 287 26 22 af
767 287 68 23 öfver-

86 321 164 22 ensstämmelse
265 321 8 21 i
289 321 27 22 de
332 321 92 28 stridiga
440 321 120 28 åsigterna,
577 322 163 21 sammanträda
755 322 33 21 till
799 329 36 21 ge-

86 358 106 20 mensamt
208 355 146 29 expeditions-
371 356 40 21 och
421 356 213 28 justeringsutskott.
664 356 91 22 Hvilket
765 356 71 23 skulle

85 391 124 28 respektive
232 391 143 22 medstånden
397 393 57 20 samt
476 391 27 22 de
525 391 149 29 nyssnämnda
697 391 111 23 utskotten
828 391 8 24 i

84 425 116 28 sedvanlig
214 425 93 28 ordning
322 425 114 28 delgifvas.

151 495 122 28 Föredrogs
289 495 40 22 och
345 495 128 28 godkändes
490 497 157 20 sammansatta
662 497 64 20 stats-
743 496 40 21 och
797 496 36 22 be-

83 530 222 28 villningsutskottets
327 530 8 21 i
359 530 127 22 tabellarisk
509 530 53 22 form
582 530 105 21 affattade
703 529 83 28 förslag
801 530 33 21 till

83 564 213 29 sammanjemkning
314 564 24 22 af
357 564 26 22 de
402 564 183 29 skiljaktigheter,
602 571 46 15 som
663 565 7 20 i
687 565 93 21 stånden
795 571 38 22 yp-

82 601 50 26 pats
155 599 36 22 vid
214 599 162 27 behandlingen
399 599 25 21 af
443 599 118 22 utskottets
580 599 140 22 betänkande
735 599 8 21 i
758 598 75 22 anled-

83 634 53 27 ning
151 633 25 22 af
188 633 81 28 nådiga
284 633 164 28 propositionen
464 633 92 22 rörande
572 634 78 28 anslag
664 633 34 22 till
708 632 124 23 iorättande

82 669 24 21 af
126 668 126 28 folkskolor,
278 668 32 21 till
331 668 140 27 anläggande
491 668 24 22 af
531 675 43 22 nya
594 667 237 23 kommunikationsan-

82 703 77 22 stalter
186 706 56 19 samt
267 703 33 22 till
326 702 110 23 särskilda
459 703 68 22 andra
548 703 169 28 allmännyttiga
739 702 92 28 företag.

82 739 93 22 Hvarom
192 737 124 29 respektive
332 737 143 22 medstånden
487 737 111 23 äfvensom
610 737 221 29 expeditionsutskot-

81 774 31 21 tet
128 773 71 22 skulle
215 773 6 21 i
236 772 76 28 vanlig
327 772 92 28 ordning
435 772 143 23 underrättas.

148 842 122 28 Föredrogs
290 844 30 20 ett
338 841 307 30 sammanjemkningsförslag
660 842 47 22 från
723 847 106 17 samman-

80 879 58 21 satta
158 877 122 22 ekonomie-
301 877 41 22 och
361 877 239 29 bevillningsutskottet
619 877 7 21 i
645 877 77 28 frågan
733 875 39 24 om
789 875 41 23 till-

80 913 108 27 verkning
202 912 40 23 och
257 912 130 29 försäljning
401 913 25 21 af
436 913 106 22 brännvin
552 913 8 21 i
570 912 101 23 Finland.
701 911 128 23 Bordlades.

147 982 136 28 Föredrogos
306 982 41 22 och
369 982 149 23 antecknades
534 982 33 22 till
583 982 133 28 protokollet
731 981 97 29 följande

80 1019 24 22 af
117 1017 190 29 borgareståndet,
322 1018 93 22 medelst
426 1018 6 21 i
444 1017 44 29 dag
499 1018 109 22 ankomna
618 1016 211 29 protokollsutdrag,

78 1053 79 29 gjorda
171 1052 170 27 meddelanden,
359 1052 118 28 nemligen:
494 1053 32 21 1:0
543 1054 32 20 att
590 1052 37 21 det
642 1051 113 28 vällofliga
769 1051 59 21 stän-

79 1088 37 22 det
133 1088 33 22 till
186 1087 44 22 alla
246 1086 61 23 delar
321 1087 82 21 biträdt
418 1087 164 28 ridderskapets
598 1086 41 22 och
653 1086 77 22 adelns
745 1087 83 27 presta-

78 1123 87 22 ständet
183 1122 57 22 förut
259 1122 98 27 delgifna
371 1122 72 22 beslut
457 1122 92 22 rörande
564 1122 85 22 inlösen
665 1121 25 21 af
703 1120 124 23 donations-

78 1158 84 28 godsen
177 1157 7 21 i
200 1156 100 28 Wiborgs
316 1156 46 28 län;
378 1158 34 20 2:o
429 1158 31 20 att
476 1156 87 22 ståndet
578 1156 115 28 godkännt
704 1155 123 22 ekonomie-

78 1193 117 22 utskottets
218 1191 82 27 förslag
323 1191 33 21 till
379 1191 213 28 sammanjemkning
614 1190 24 22 af
658 1190 51 22 dess
729 1189 55 22 ifrän
800 1190 27 21 de

78 1227 70 27 öfriga
163 1226 94 22 stånden
273 1225 118 22 afvikande
404 1226 72 22 beslut
492 1225 114 28 angående
621 1224 96 28 lindring
732 1224 25 22 af
766 1224 61 28 jord-

78 1265 78 24 ägares
179 1260 127 28 skyldighet
328 1260 33 21 till
381 1260 171 28 hällskjutsning
572 1262 56 19 samt
648 1261 52 26 väg-
719 1259 40 22 och
779 1258 48 23 bro-

77 1295 114 29 byggnad;
208 1295 33 21 3:o
257 1296 32 19 att
304 1294 89 21 ståndet
407 1294 108 22 likaledes
531 1294 33 21 till
578 1294 45 21 alla
638 1294 61 21 delar
713 1293 114 28 godkännt

78 1329 232 24 ekonomieutskottets
339 1328 305 29 sammanjemkningsförslag
673 1329 7 20 i
707 1327 62 28 fråga
791 1334 36 15 om

77 1363 287 28 kommunalförvaltningen
385 1363 28 28 pä
428 1363 86 28 landet;
529 1364 34 21 4:o
579 1365 32 19 att
626 1362 89 23 ståndet
729 1362 51 21 icke
794 1362 32 22 bi-

76 1399 57 22 fallit
156 1398 33 21 till
212 1397 149 22 riddarhusets
383 1397 116 23 inlösande
521 1398 33 21 till
577 1400 31 19 ett
630 1397 140 28 ständerhus;
790 1397 35 21 5:o

77 1434 32 20 att
128 1431 88 23 ständet
234 1431 37 22 vid
289 1431 155 28 föredragning
459 1431 25 22 af
496 1431 174 22 statsutskottets
686 1431 139 28 redogörelse
