1023 1750
212 132 40 20 472

185 195 90 26 ningen,
302 195 24 20 så
353 194 60 21 torde
436 193 95 27 lindriga
552 194 62 21 böter
636 194 37 21 vid
695 193 80 22 sådant
797 194 137 21 förhållande

184 228 52 26 föga
254 234 64 15 svara
337 230 43 18 mot
399 227 131 22 ändamålet.
560 227 37 21 Att
613 227 7 21 i
635 227 73 28 tryckt
723 227 63 21 skrift
800 227 60 21 häda
876 228 58 27 Gud,

186 262 60 22 Guds
267 262 39 21 ord
326 261 39 21 och
384 262 165 27 sakramenten,
565 263 32 19 att
613 260 71 22 drifva
699 261 89 27 gäckeri
803 261 51 21 med
869 261 65 27 guds-

186 296 103 28 tjensten,
305 297 32 20 att
351 302 109 21 uppmana
476 296 31 20 till
523 295 117 28 förräderi,
656 297 32 19 att
704 296 117 27 lasteligen
831 297 59 26 yttra
901 295 34 28 sig

186 337 34 14 om
242 329 120 22 Monarken
385 329 41 22 och
448 329 54 22 hans
523 330 49 27 hus,
593 330 32 20 att
644 329 77 21 smäda
740 329 87 22 landets
846 329 90 22 ständer

186 364 112 22 äfvensom
321 363 50 22 dess
394 363 92 22 embets-
508 363 41 22 och
572 363 131 27 tjenstemän
725 364 7 20 i
755 364 41 21 och
818 363 33 22 för
872 364 64 21 deras

187 398 192 28 embetsåtgärder,
399 400 33 19 att
450 398 120 28 uppsåtligt
590 398 98 27 utsprida
703 398 77 27 lögner
795 398 53 21 eller
863 398 73 22 falska

186 433 79 27 rykten
285 432 33 22 till
338 432 159 22 allmänhetens
517 432 136 28 förledande,
671 432 89 28 sådant,
777 432 40 21 och
832 432 59 22 hvad
905 432 31 22 vi-

187 467 53 21 dare
255 466 6 22 i
278 468 13 26 &
306 467 26 21 31
350 466 24 22 af
386 466 144 22 förevarande
546 466 120 28 lagförslag
681 466 121 28 förbjudes,
814 469 24 19 är
844 466 27 28 ju
881 467 56 21 blott

187 501 196 28 skandalpressens
400 500 209 28 älsklingsföremål,
625 500 40 22 och
681 500 78 22 endast
774 500 51 28 den,
842 507 46 15 som
898 501 39 21 vill

187 534 69 22 under
276 536 38 20 sitt
333 534 58 28 hägn
411 535 40 21 och
470 534 85 22 försvar
573 536 53 26 taga
646 534 75 28 dylika
740 534 84 28 försök,
846 535 44 21 kan
908 536 30 27 på

187 569 48 22 fullt
254 569 69 22 allvar
337 569 77 28 grufva
429 569 34 28 sig
478 569 61 22 öfver
553 569 37 22 det
605 569 33 22 för
653 568 49 23 dem
717 569 115 22 bestämda
848 572 90 25 stränga

188 611 86 15 ansvar.
304 604 33 21 En
353 603 91 28 sansad,
460 603 117 28 insigtsfall
593 603 40 22 och
647 603 81 28 sedligt
738 603 76 22 bildad
824 604 113 22 författare

188 639 44 20 kan
251 639 27 27 ju
298 637 71 28 aldrig
390 637 65 22 deraf
472 638 47 21 lida
543 645 38 14 ens
605 638 36 21 det
665 638 97 27 ringaste
783 645 55 15 men.
868 639 10 21 TI
898 639 40 21 allt

188 679 46 16 som
258 673 32 21 för
314 672 64 27 öfrigt
402 673 44 20 kan
466 679 54 15 vara
539 672 91 22 föremål
650 673 33 20 för
705 672 119 28 menskligt
843 673 94 21 vetande

189 709 25 20 är
224 707 27 28 ju
277 706 174 29 yttranderätten
479 706 88 22 lemnad
594 706 132 28 fullkomligt
753 707 37 28 fri,
814 707 40 21 och
877 707 61 22 detta

189 741 65 22 borde
274 741 68 22 förslå
358 741 63 21 äfven
436 741 33 21 för
484 741 43 21 den
543 743 55 19 mest
613 741 132 28 produktiva
760 741 177 22 författareverk-

189 775 90 22 samhet.
308 776 80 21 Denna
403 775 99 28 presslag
517 775 87 22 förenar
619 775 86 22 således
720 775 7 21 i
743 775 35 28 sig
788 777 80 20 tvänne
878 776 25 21 af
912 775 27 22 de

190 809 204 28 hufvudsakligaste
414 809 34 22 för
468 809 76 28 hvarje
562 809 77 28 duglig
658 810 38 27 lag
713 809 142 28 nödvändiga
875 817 64 20 egen-

190 844 89 28 skaper:
300 845 32 20 att
352 851 53 14 vara
425 844 107 21 frisinnad
552 843 40 22 och
613 845 32 20 att
664 850 54 15 vara
737 844 70 28 stark;
823 844 115 27 frisinnad,

190 878 92 22 emedan
305 878 41 21 den
370 879 22 20 åt
414 885 27 14 en
463 879 40 21 och
525 878 54 22 hvar
600 878 83 21 lemnar
706 878 42 22 den
769 878 170 22 vidsträcktaste

189 913 104 27 rättighet
316 914 32 19 att
370 919 78 21 genom
470 919 91 21 pressen
583 912 68 21 verka
672 912 34 21 för
727 913 36 21 det
783 913 66 28 goda,
870 920 70 15 sanna

190 947 40 22 och
253 949 67 26 rätta,
344 947 39 21 allt
404 946 58 22 hvad
484 947 43 21 han
551 946 86 22 förmår.
666 947 155 27 Lagutskottet
843 947 40 21 har
898 947 42 22 ock

190 981 136 27 rättvisligen
342 981 92 21 erkännt
450 981 70 28 detta,
536 981 121 28 intygande
673 983 32 19 att
715 981 143 22 förevarande
869 988 70 21 press-

189 1016 38 27 lag
245 1016 7 21 i
270 1015 80 27 många
368 1015 119 21 afseenden
506 1015 45 21 kan
561 1015 107 28 jemföras
684 1016 49 21 med
749 1015 27 22 de
791 1016 64 21 bästa
870 1023 70 20 press-

190 1050 68 27 lagar,
275 1049 111 22 äfvensom
403 1050 32 20 att
450 1049 67 27 något
530 1049 78 22 förbud
623 1051 32 20 att
670 1049 97 28 granska
783 1049 40 22 och
837 1049 103 22 kriticera

190 1083 120 22 bestående
325 1083 151 21 förhållanden
493 1083 40 22 och
548 1083 106 27 vidtagna
664 1084 217 27 regeringsåtgärder
891 1084 49 21 icke

190 1117 122 22 innehälles
332 1117 53 21 deri.
415 1117 50 21 Man
484 1117 70 22 måste
574 1118 35 20 väl
628 1117 110 28 medgifva
753 1119 33 20 att
801 1117 70 28 detta,
884 1118 56 27 jem-

190 1151 58 21 fördt
266 1150 50 22 med
330 1150 78 22 fordna
422 1150 161 29 förhållanden,
601 1153 24 19 är
639 1151 122 22 frisinnadt.
792 1151 49 21 Men
857 1158 84 15 samma

190 1185 38 27 lag
244 1188 23 18 är
284 1184 64 22 äfven
362 1184 71 28 stark,
450 1185 93 21 emedan
559 1185 42 21 den
617 1187 68 19 sätter
698 1192 27 14 en
741 1186 85 27 mäktig
837 1186 49 21 bom
896 1188 45 19 mot

192 1219 122 21 skandalen
337 1219 40 21 och
399 1218 146 29 sjelfsväldet,
569 1219 72 22 såsom
659 1219 42 28 jag
723 1220 7 20 i
751 1220 37 21 det
808 1220 132 27 föregående

191 1253 47 21 haft
253 1256 53 18 äran
322 1253 82 22 anföra.

258 1288 44 26 Jag
324 1288 54 20 sade
400 1289 32 19 att
454 1288 73 20 denna
549 1288 100 26 presslag
670 1290 25 18 är
717 1288 115 28 frisinnad,
852 1290 31 19 att
899 1289 43 21 den

191 1321 83 21 lemnar
297 1321 81 21 enhvar
400 1320 65 21 frihet
488 1323 32 19 att
542 1320 150 22 oförhindradt
706 1323 59 25 yttra
781 1322 33 26 sig
829 1322 7 21 i
852 1324 88 25 ämnen,

192 1361 46 16 som
258 1357 38 19 äro
315 1354 92 22 föremål
426 1354 34 22 för
478 1354 119 28 menskligt
617 1355 103 28 vetande,
741 1362 50 15 men
809 1355 78 22 härvid
902 1356 39 22 bör

192 1389 57 22 dock
265 1391 31 20 ett
311 1389 112 28 undantag
438 1392 75 25 göras:
529 1389 42 22 den
586 1389 126 29 periodiska
727 1396 89 22 pressen
828 1392 24 19 är
862 1390 7 21 i
880 1390 61 22 detta

192 1424 104 22 afseende
315 1424 67 22 ställd
399 1424 8 21 i
426 1425 32 21 ett
476 1424 60 28 slags
555 1424 146 28 exceptionelt
721 1424 147 29 förhållande,
884 1431 57 16 eme-
