1023 1798
211 127 41 21 384

180 193 71 20 måste
266 190 242 28 husbehofspannornas
523 188 175 28 ofullkomligare
714 188 40 22 och
769 188 84 22 mindre
868 188 67 22 vinst-

182 225 103 28 gifvande
306 224 75 22 arbete
399 224 58 21 vika.
488 224 50 20 Men
557 222 77 28 hvarje
653 222 59 22 band
727 223 29 28 på
771 223 165 29 konkurrensen

182 260 58 22 skall
261 259 93 21 ofelbart
373 258 52 22 leda
449 258 33 21 till
507 257 73 22 denna
602 256 104 22 industris
726 257 211 29 monopoliserande.

183 294 37 21 Att
241 296 14 19 t.
279 300 33 14 ex.
334 293 120 21 bestämma
477 294 31 19 ett
523 292 118 21 maximum
655 291 33 22 för
703 291 168 27 tillverkningen
887 298 50 14 vore

184 330 33 20 att
237 331 54 24 göra
311 327 42 22 den
373 326 34 22 till
427 328 30 20 ett
476 326 101 28 monopol
595 326 34 21 för
645 326 292 28 ,husbehofsbrännarena*,

184 362 25 22 så
231 362 52 22 vida
305 362 49 21 icke
375 361 61 23 detta
454 361 118 22 maximum
591 361 133 21 bestämmes
743 360 25 22 så
785 360 53 28 högt
853 363 33 19 att
901 360 37 22 det

184 397 84 28 upphör
287 399 32 19 att
337 403 53 15 vara
409 398 31 19 ett
455 396 128 27 maximum;
601 394 39 23 och
657 395 28 21 då
701 397 24 19 är
741 394 36 23 det
793 395 90 28 onödigt
898 395 40 21 och

185 431 144 27 öfverflödigt.
359 431 38 21 Att
415 431 47 21 åter
479 430 124 22 bestämma
623 432 30 19 ett
668 429 111 22 minimum
795 430 32 22 för
842 430 97 21 tillverk-

185 467 92 27 ningen,
299 465 58 22 skall
372 465 47 21 åter
434 467 78 25 genast
527 467 54 25 göra
597 464 42 22 den
654 464 33 21 till
703 466 31 19 ett
749 464 100 29 monopol
864 464 33 22 för
912 464 27 22 de

186 503 69 19 större
278 499 145 29 kapitalerna.
453 500 68 20 Detta
540 498 59 23 skall
620 498 42 22 den
682 498 139 29 visserligen,
843 506 34 14 om
897 498 42 22 den

186 535 55 21 blott
262 534 33 21 får
313 534 46 21 fritt
374 534 102 21 utveckla
492 534 41 27 sig,
551 533 87 27 engång
653 533 76 27 blifva,
747 540 48 14 men
811 534 32 20 att
859 540 29 14 nu
903 540 36 20 ge-

185 571 50 20 nast
250 575 79 21 genom
344 567 106 23 maktbud
465 567 41 22 och
521 567 183 27 tvångsåtgärder
719 568 56 20 söka
785 567 154 21 åstadkomma

186 603 71 21 detta:
277 603 77 21 funnes
373 602 36 22 väl
429 602 83 28 någon,
532 608 46 15 som
597 601 56 27 ägde
669 608 44 21 nog
727 602 62 21 makt
804 602 40 21 och
859 601 79 22 förmä-

185 637 75 22 tenhet
275 639 32 19 att
323 637 56 27 våga
394 636 108 28 försöket,
518 636 26 22 så
559 636 71 22 skulle
645 635 44 22 han
705 636 42 21 ock
763 636 58 22 inför
836 636 30 22 all
876 636 63 22 fram-

185 672 33 21 tid
239 671 24 22 få
283 672 55 21 bära
361 672 102 20 ansvaret
485 671 33 21 för
540 671 45 21 alla
607 670 28 22 de
657 670 83 28 oredor,
763 671 116 21 orättvisor
899 670 41 23 och

186 706 96 28 olyckor,
304 712 45 15 som
367 705 33 22 till
419 705 54 27 följd
493 705 65 22 deraf
575 704 87 22 komme
682 707 31 19 att
733 704 89 28 öfvergå
837 705 103 28 skyldiga

186 740 41 22 och
242 740 122 28 oskyldiga.
395 740 37 21 Att
443 740 52 28 åter,
507 740 72 22 såsom
590 739 48 21 från
649 739 58 22 vissa
718 739 44 22 håll
773 740 103 28 föreslås,
888 743 53 25 göra

187 774 88 23 skilnad
293 774 93 22 emellan
405 774 92 22 fabriks-
516 774 42 21 och
573 774 228 28 husbebofsbränning
815 777 56 19 samt
886 774 55 22 före-

187 810 83 22 skrifva
286 811 31 20 ett
332 809 111 21 minimum
458 808 33 22 för
507 808 42 22 den
564 808 58 22 förra
636 808 40 22 och
687 810 31 20 ett
728 809 117 21 maximum
855 809 33 21 för
899 809 42 22 den

186 850 87 22 senare,
289 850 50 15 vore
353 846 32 18 att
399 843 64 22 minst
478 843 66 28 sagdt
556 843 59 27 begå
631 849 26 15 en
668 842 172 30 inkonseqvens,
852 844 89 21 hvilken

186 879 79 22 liksom
277 878 76 27 hvarje
361 878 104 21 haltande
473 878 41 20 och
522 877 161 28 inkonsegvent
695 878 78 27 åtgärd
782 878 63 21 alltid
854 878 87 23 komme

187 916 32 19 att
242 913 75 23 straffa
339 913 34 28 sig
395 913 56 27 sjelf.
481 913 51 21 Man
554 912 41 22 har
613 913 60 21 svårt
692 915 32 19 att
739 912 75 22 kunna
829 913 112 22 föreställa

187 949 35 27 sig
247 950 32 20 att
299 947 164 22 vederbörande
486 947 127 28 verkeligen
636 947 75 22 kunna
734 947 55 28 hysa
811 947 42 22 den
876 948 66 22 naiva

187 987 48 18 tron
259 985 31 20 att
311 981 143 23 husbehofvet
476 989 52 15 vore
552 982 42 21 den
615 982 112 27 egentliga
742 982 137 29 driffjedern,
896 990 46 15 som

187 1017 114 22 förmädde
320 1017 108 28 allmogen
447 1019 32 20 att
499 1017 25 22 sä
543 1017 70 22 envist
629 1016 103 23 fasthälla
747 1017 34 22 sin
796 1024 17 15 s.
829 1017 22 22 k.
866 1017 76 28 rättig-

188 1052 47 28 het,
257 1052 28 21 dä
304 1051 46 28 det,
369 1052 73 21 säsom
457 1051 69 22 redan
544 1051 117 29 nämndes,
680 1051 6 21 i
703 1051 78 28 sjelfva
796 1051 76 22 verket
888 1052 54 22 blott

189 1090 24 18 är
229 1087 42 21 den
286 1087 68 27 vinst,
371 1093 46 14 som
432 1086 126 28 isynnerhet
574 1085 42 22 den
632 1086 126 21 nuvarande
775 1086 167 27 lagstiftningen

189 1120 98 28 bidragit
302 1122 32 20 att
349 1119 117 22 framkalla
480 1120 29 28 pä
525 1120 72 22 denna
610 1121 91 27 rörelse,
721 1127 46 15 som
781 1123 40 24 gör
835 1120 42 22 det.
907 1121 36 20 Då

188 1155 35 22 för
243 1155 130 21 brännvinet
397 1154 93 22 erhålles
514 1154 100 27 omkring
636 1161 27 14 en
685 1154 62 21 rubel
765 1161 38 21 per
817 1155 84 27 kanna,
917 1155 26 21 sä

191 1189 93 22 erhålles
300 1189 33 21 för
348 1188 75 28 hvarje
439 1191 68 19 tunna
522 1188 50 27 säd,
591 1195 45 15 som
652 1189 125 21 förvandlas
793 1189 32 21 till
836 1189 106 21 brännvin

190 1223 100 28 omkring
313 1223 25 21 15
362 1223 66 21 rubel.
459 1223 37 22 Att
518 1222 69 22 under
604 1223 126 21 nuvarande
749 1223 152 22 förhållanden
917 1224 26 21 så

189 1257 88 28 mycket
304 1263 46 15 som
376 1257 85 28 möjligt
482 1256 122 22 inskränka
626 1256 253 28 husbehofsbränningen
903 1257 39 22 och

188 1291 72 22 tillåta
283 1291 190 28 fabriksbränning
495 1291 113 28 derjemte,
633 1291 36 21 det
691 1294 24 19 är
737 1294 33 19 att
793 1292 55 21 söka
866 1292 77 27 tvinga

189 1325 242 22 husbehofsbrännaren
449 1327 32 19 att
500 1325 58 22 afstä
580 1325 37 21 det
637 1325 126 21 allramesta
782 1325 25 21 af
823 1326 33 21 sin
876 1326 66 26 vinst,

188 1358 35 22 för
238 1360 31 19 att
284 1358 47 21 läta
345 1358 207 22 fabriksbrännaren
568 1358 82 22 skörda
664 1358 49 22 den.
744 1359 48 21 Men
808 1359 61 21 detta
883 1359 60 22 inne-

191 1393 38 20 bär
245 1392 55 22 blott
315 1392 106 22 orättvisa
436 1392 40 21 och
491 1392 53 21 våld
560 1394 57 20 emot
633 1392 41 22 den
690 1392 66 29 förra,
773 1392 31 21 till
816 1392 83 23 förmån
910 1392 33 22 för

190 1427 42 22 den
253 1433 88 22 senare;
363 1433 49 15 men
432 1427 53 21 hvar
503 1426 41 23 och
563 1433 26 16 en
609 1433 64 16 anser
691 1427 37 22 det
747 1426 63 22 alltid
831 1434 54 15 vara
900 1427 42 22 till-
