1023 1809
179 121 71 30 558

180 188 96 28 vändiga
292 188 26 22 de
335 188 41 22 ock
392 190 46 26 äro,
455 188 49 22 icke
519 188 8 21 i
543 195 27 14 en
585 187 50 23 hast
650 188 39 22 och
705 189 29 27 på
750 195 26 15 en
788 188 59 28 gång
857 188 73 22 kunde

180 222 88 22 komma
288 222 33 22 till
341 222 65 22 stånd
428 222 60 22 öfver
508 222 50 21 hela
576 222 84 28 landet,
682 223 83 21 sådane
786 223 145 28 inrättningar

180 256 68 22 borde
271 256 49 22 med
344 256 123 29 möjligaste
490 256 69 22 första
581 257 88 27 bringas
691 257 33 21 till
747 257 65 22 stånd
832 257 38 22 der
894 258 38 22 det

180 293 80 20 största
281 291 101 22 behofvet
402 298 51 15 vore
472 290 101 23 förenadt
592 291 49 22 med
661 291 81 22 minsta
761 292 92 28 möjliga
871 292 60 22 kost-

180 326 53 29 nad,
257 326 71 22 såsom
348 326 62 21 fallet
430 333 51 14 vore
502 326 7 21 i
528 326 87 28 Nyslott
636 326 39 22 och
695 327 95 22 Heinola
810 327 80 22 städer.
920 328 11 21 I

180 361 149 22 förstnämnde
344 361 50 22 stad
410 360 73 22 kunde
497 361 110 27 nemligen
623 361 41 22 den
681 368 41 15 ena
736 362 25 21 af
769 361 114 23 derstädes
894 362 36 22 bo-

180 398 59 20 satta
260 398 80 20 tvänne
362 396 87 28 läkare,
473 395 164 29 stadsläkaren,
660 398 51 20 utan
735 396 111 29 svårighet
867 397 65 22 sköta

180 431 64 22 äfven
264 431 122 28 sjukhuset,
406 430 33 23 för
458 431 83 22 hvilket
557 431 66 27 nödig
638 431 60 22 lokal
714 431 74 22 kunde
803 431 50 22 med
869 432 62 27 ringa

180 466 94 21 kostnad
293 465 92 22 beredas
403 466 7 21 i
431 465 37 22 det
486 465 116 22 såkallade
621 466 82 28 slottet,
720 466 80 22 liksom
815 467 7 20 i
837 466 94 21 Heinola

180 500 37 21 det
232 500 58 22 förra
304 500 166 22 länelasarettet
485 501 62 21 torde
561 500 74 22 kunna
650 500 72 22 härtill
734 501 123 28 användas;
869 501 62 21 hvar-

180 535 33 21 till
234 537 58 20 ännu
312 535 94 28 komme,
427 537 33 19 att
479 535 166 28 befolkningen,
665 535 127 28 isynnerhet
811 536 7 21 i
832 535 99 28 Nyslotts

180 569 294 29 provinsialläkaredistrikt,
502 569 114 22 allaredan
639 569 91 22 kommit
752 570 33 21 till
808 570 66 27 insigt
896 577 34 14 om

181 607 81 25 gagnet
277 605 25 21 af
314 604 98 29 kunniga
426 604 90 22 läkares
531 604 113 22 anlitande
660 605 39 21 och
715 604 140 29 följaktligen
866 604 64 22 äfven

180 646 51 15 vore
248 639 62 28 villig
326 641 32 20 att
373 639 93 29 påkosta
482 639 37 22 sitt
535 639 112 22 underhåll
664 640 7 21 i
687 639 123 29 sjukhuset,
827 642 56 19 samt
899 641 32 20 att

181 681 29 15 nu
228 673 124 29 föreslagna
372 674 146 28 inrättningar
536 674 116 28 högeligen
671 675 86 21 komme
777 676 32 20 att
823 675 56 21 lätta
895 674 37 23 det

181 709 33 22 för
234 711 71 20 staten
326 709 24 22 sä
369 709 113 22 kostsama
497 709 176 22 motarbetandet
688 709 25 22 af
726 709 117 29 syfilitiska
861 709 68 22 lidan-

182 745 50 28 den,
249 744 85 28 hvilka,
350 744 7 21 i
373 744 111 22 anseende
498 744 35 21 till
548 743 114 23 saknaden
678 744 25 21 af
716 744 81 27 nödiga
808 745 123 21 kuranstal-

180 783 39 24 ter,
236 779 65 22 äfven
316 779 125 27 derigenom
457 779 39 21 allt
512 785 59 15 mera
587 778 106 29 spriddes,
710 781 32 19 att
756 779 46 21 folk
817 779 114 28 nödgades

182 817 53 25 göra
254 813 132 27 vandringar
403 812 55 22 först
472 812 33 22 till
521 813 34 21 sin
570 812 197 29 provinsialläkare
782 812 39 22 och
838 812 94 23 derefter

182 849 34 22 till
232 850 30 19 ett
277 848 45 21 ofta
337 847 93 28 aflägset
445 847 148 22 länelasarett.

249 882 64 22 Hvad
333 881 91 23 sälunda
444 881 71 23 blifvit
533 881 86 22 anfördt
635 884 56 19 samt
707 881 37 22 det
759 881 25 22 af
796 881 135 30 högvördiga

182 918 88 23 ständet
287 918 34 21 till
336 917 198 22 besvärsutskottet
549 917 162 22 öfverlemnade
725 918 40 21 och
781 917 79 23 härhos
876 918 55 22 äter-

182 953 85 28 gäende
289 952 209 29 remissprotokollet
520 952 75 21 vidare
616 952 126 29 innehäller,
766 952 40 22 har
825 953 107 22 utskottet

181 987 144 23 underkastat
344 987 90 27 behörig
453 987 111 28 pröfning,
585 989 58 20 samt
663 987 32 21 fär
710 994 29 15 nu
755 987 99 22 deröfver
868 987 63 22 vörd-

182 1025 56 20 samt
253 1021 83 28 afgifva
351 1021 37 22 sitt
403 1021 148 22 betänkande.

249 1057 34 21 De
298 1056 32 21 uti
346 1056 36 21 det
398 1055 157 22 ofvanstäende
569 1056 98 28 antydda
677 1055 204 22 missförhållanden
892 1056 40 22 har

182 1091 106 22 utskottet
310 1090 33 21 till
366 1090 64 21 deras
452 1090 53 21 fulla
528 1089 52 23 vidd
603 1090 39 21 och
663 1090 115 28 betydelse
796 1091 135 28 uppskattat.

181 1127 49 21 Men
245 1125 69 22 likväl
330 1131 64 15 anser
409 1124 106 22 utskottet
530 1125 36 21 det
577 1124 7 21 i
594 1125 120 27 petitionen
725 1125 124 28 åberopade
861 1132 70 15 exem-

181 1161 46 28 plet
246 1160 26 21 af
288 1159 105 28 Kalajoki
411 1159 296 28 provinsialläkaredistrikt,
728 1159 50 22 med
796 1159 104 22 afseende
919 1161 13 20 å

181 1195 195 26 församlingarnas
394 1193 102 22 inbördes
512 1194 50 27 läge
577 1193 41 22 och
633 1194 93 21 relativa
741 1193 119 22 folkrikhet
875 1197 57 19 samt

182 1229 70 28 öfriga
267 1228 75 22 lokala
357 1227 191 30 omständigheter,
565 1228 147 28 synnerligast
725 1231 110 24 vägarnas
849 1229 83 21 sträck-

181 1263 63 28 ning,
267 1263 50 22 icke
340 1269 52 15 vara
415 1262 81 28 egnadt
520 1265 31 19 att
573 1261 115 23 föranleda
711 1269 27 15 en
757 1263 70 22 sådan
843 1263 88 28 ätgärd,

182 1305 46 15 som
247 1297 134 28 föreslagits,
397 1297 110 27 nemligen
523 1297 138 28 omflyttning
674 1297 25 22 af
711 1297 103 22 läkarens
830 1298 101 21 stations-

182 1335 39 19 ort.
251 1331 157 22 Förhållandet
428 1331 71 22 skulle
515 1331 126 28 derigenom
656 1331 131 28 näppeligen
803 1331 128 28 förbättras,

182 1365 92 22 emedan
290 1365 27 21 de
331 1364 64 21 flesta
410 1365 40 20 och
466 1364 32 21 till
515 1371 26 14 en
557 1365 36 20 del
606 1364 130 22 folkrikaste
749 1364 183 29 församlingarne

181 1399 69 22 likväl
272 1398 62 22 alltid
357 1398 86 21 komme
466 1400 32 19 att
519 1398 60 28 ligga
598 1398 62 28 långt
675 1399 89 22 afsides.
795 1399 136 22 Försvårade

182 1433 211 25 kommunikationer
405 1433 69 29 jemte
490 1433 123 29 flerfaldiga
627 1433 68 22 andra
709 1434 141 29 olägenheter
860 1434 71 23 skulle
