1017 1803
763 118 41 22 307

148 187 119 22 Anmäldes
284 186 40 23 och
340 188 107 26 emottogs
463 193 27 15 en
505 185 127 29 deputation
647 185 47 22 från
709 185 37 23 det
756 186 75 23 heder-

80 221 69 22 värda
164 221 171 27 bondeståndet,
346 221 69 22 under
426 220 119 23 anförande
556 221 25 21 af
588 220 186 23 häradsdomaren
784 221 48 22 Pel-

79 256 80 28 konen,
176 263 46 14 som
237 255 77 28 inbjöd
329 255 87 22 ståndet
433 258 40 25 att,
490 255 6 21 i
512 255 70 22 likhet
597 255 50 22 med
662 255 169 28 bondeståndet,

80 290 122 22 bestämma
219 290 161 27 tjenstefolkets
394 289 147 29 flyttningstid
553 289 33 22 till
597 289 43 22 den
651 291 10 20 1
671 289 90 28 januari
777 293 56 18 samt

80 325 99 21 förkorta
195 325 182 28 städslingstiden
393 325 33 21 till
437 325 36 21 två
484 323 104 23 månader
599 324 21 28 (1
632 324 158 22 november—1
797 324 35 28 ja-

80 359 71 29 nuari)
168 360 40 21 och
220 360 5 21 i
237 359 103 22 städerna
356 359 36 22 vid
407 359 55 22 halft
478 360 35 21 års
527 359 114 27 tjenstetid
656 359 33 21 till
704 366 26 15 en
745 359 87 22 månad.

150 394 73 22 Sedan
244 394 156 28 deputationen
423 393 109 28 aflägsnat
552 394 42 27 sig,
611 393 82 23 beslöts
708 396 33 20 att
756 393 77 29 frågan

81 429 71 22 skulle
168 429 68 22 blifva
256 429 110 22 beroende
387 428 45 22 tills
455 428 201 28 protokollsutdrag
678 428 8 22 i
708 428 70 22 saken
800 429 32 21 till

81 464 165 28 prestaståndet
261 464 77 28 ingått.

149 499 60 21 Härå
224 499 112 27 upplästes
352 498 32 21 till
396 498 111 27 justering
520 498 48 28 fyra
584 497 110 22 särskilda
704 497 130 29 protokolls-

81 533 79 27 utdrag
174 533 34 21 för
224 533 42 21 den
284 534 25 20 17
326 532 90 22 dennes.

150 567 51 23 Som
217 567 59 23 tiden
293 567 108 22 härunder
416 566 135 23 framskridit
574 566 32 22 till
630 566 29 22 kl.
678 568 12 20 2
708 566 36 22 eft.
760 566 73 29 midd.,

82 601 116 29 åtskiljdes
214 602 94 22 ståndet.

596 632 20 16 In
629 630 60 18 fidem:

508 665 50 20 And.
572 665 56 20 John
646 665 120 24 Hornborg.

132 759 114 29 Samma
266 760 71 36 dag,
360 760 54 27 den
435 760 37 26 21
494 769 86 25 mars,
602 758 40 28 kl.
665 760 17 26 5
704 768 24 18 e.
750 769 35 17 m.

152 810 150 22 Verkställdes
318 817 92 22 upprop,
432 810 76 22 dervid
528 810 101 27 samtlige
648 810 188 28 ständsrepresen-

84 847 99 20 tanterne
199 845 107 21 befunnos
322 845 188 22 tillstädeskomne
526 844 50 23 med
594 844 113 28 undantag
723 844 25 22 af
763 845 72 21 bisko-

82 887 43 22 pen
144 880 119 28 Frosterus,
280 882 113 26 prostarne
406 879 111 22 Helander
532 879 40 22 och
589 879 113 28 Grönberg
712 881 56 20 samt
783 879 53 22 kon-

84 914 160 29 traktsprosten
260 914 120 29 Ehrström,
397 914 75 22 hvilka
488 914 24 22 af
524 914 58 22 förut
596 914 138 22 antecknade
747 914 90 22 orsaker

84 956 52 15 voro
152 949 155 22 frånvarande.

153 984 55 22 Herr
223 984 140 22 talemannen
374 984 154 28 tillkännagaf,
540 986 33 20 att
584 984 150 22 sekreteraren
746 983 24 23 af
778 984 59 28 sjuk-

86 1019 50 22 dom
152 1026 39 16 var
206 1019 94 22 hindrad
315 1021 32 19 att
362 1018 168 23 tillstädesvara.

153 1054 127 22 Justerades
296 1054 131 28 protokollet
442 1054 33 21 för
491 1054 42 22 den
550 1055 24 20 11
590 1054 92 27 dennes,
693 1053 50 22 med
754 1053 81 22 undan-

87 1091 38 26 tag
140 1088 25 22 af
180 1088 188 29 diskussionerna;
390 1088 40 22 och
451 1088 70 22 skulle
538 1087 121 22 detsamma
676 1087 115 28 bordligga
810 1094 26 15 en

86 1123 80 28 vecka,
183 1123 33 22 för
231 1125 33 19 att
283 1123 2 21 i
302 1123 72 22 denna
396 1123 36 22 del
448 1123 108 27 granskas
578 1122 26 22 af
620 1122 58 29 dem,
695 1129 46 16 som
757 1122 79 22 sådant

87 1158 107 22 önskade.

155 1227 123 28 Föredrogs
292 1222 14 37 —
313 1227 174 28 prestaständets
518 1226 101 23 enskilda
650 1226 186 23 besvärsutskotts

86 1262 137 28 bordlaggda
243 1262 141 22 betänkande
404 1262 114 27 angående
535 1263 31 20 ett
584 1261 47 22 från
646 1261 164 28 presterskapet
831 1261 6 21 i

87 1297 78 29 Tyrvis
185 1297 92 28 prosteri
297 1297 105 28 ingånget
424 1296 166 29 önskningsmål
612 1303 36 14 om
664 1295 136 22 utverkande
816 1295 24 22 af

87 1331 280 28 resekostnadsersättning
389 1331 34 22 för
440 1331 213 22 konsistoriiombud.
683 1330 155 22 Betänkandet

87 1367 130 28 godkändes
237 1367 115 28 enhälligt;
373 1367 7 21 i
400 1367 56 28 följd
473 1366 80 22 hvaraf
565 1365 91 22 berörde
672 1365 165 28 önskningsmål

88 1402 18 28 ej
124 1402 86 22 komme
226 1403 32 20 att
273 1401 114 23 föranleda
402 1401 33 22 till
450 1401 72 28 någon
538 1401 75 22 vidare
629 1399 84 29 åtgärd.
