1017 1817
205 142 40 21 322

176 208 84 22 sådana
276 207 140 22 vanvårdade
432 208 54 21 barn
499 207 87 22 komma
597 207 41 28 dit,
649 207 78 22 blifver
737 207 85 22 frukten
834 208 25 21 så
870 214 57 22 myc-

177 243 39 20 ket
233 241 84 22 mindre
338 241 39 22 och
398 241 79 22 skolan
496 241 91 22 förlorar
606 241 27 22 de
649 241 132 29 fåkunnigas
796 241 131 23 förtroende.

177 277 46 22 Hos
241 277 80 27 många
339 276 103 22 herrskar
457 279 58 20 ännu
531 275 42 23 den
589 276 90 28 tanken,
691 278 32 20 att
734 283 27 15 en
772 276 88 25 aflönad
871 276 57 23 skol-

178 314 95 19 mästare
290 311 68 22 borde
372 311 29 28 på
415 311 70 28 några
499 311 69 27 dagar
584 311 75 22 kunna
673 311 64 22 blåsa
752 311 119 28 tillräcklig
885 311 43 22 läs-

178 345 121 29 kunnighet
319 345 6 22 i
345 345 90 22 barnets
453 345 89 23 hufvud.
571 345 92 23 Derföre
683 346 39 21 vill
737 346 93 28 mången
846 346 19 28 ej
882 346 46 21 låta

179 415 148 28 förmaningar
345 415 102 28 vanligen
466 415 59 22 med:
545 416 20 21 ei
576 417 71 27 joua,
665 419 73 25 täytyy
757 419 71 25 työssä
844 416 42 21 olla
901 428 29 3 —

178 450 64 22 eller:
257 451 20 21 ei
291 450 32 21 ole
338 451 53 20 mitä
407 451 90 21 konttiin
507 458 119 22 pannaan,
639 451 76 28 pitäisi
727 451 91 28 köyhäin
829 451 100 21 kassasta

179 486 70 21 saada
263 489 75 18 evästä
353 485 39 22 och
409 485 70 22 andra
495 485 76 29 dylika
587 485 205 28 argumentationer.

247 520 64 22 Dock
332 527 64 15 anser
412 521 51 27 jag,
479 523 32 19 att
526 522 43 20 rätt
585 520 155 28 organiserade
758 520 172 22 ambulatoriska

180 555 75 22 skolor
276 561 51 16 vore
350 557 56 20 mest
425 555 86 28 nyttiga
525 555 40 22 och
587 554 27 22 de
630 555 57 22 enda
702 555 90 28 möjliga
808 555 13 22 &
836 555 94 28 glestbe-

179 590 74 22 bodda
273 592 63 19 orter.
366 590 71 22 Deras
456 589 67 22 värde
544 596 38 15 var
597 589 42 28 jag
654 589 33 22 för
702 590 66 27 nägot
784 596 60 15 mera
859 592 27 19 än
903 590 27 21 30

180 625 25 21 år
220 624 68 22 sedan
306 623 6 22 i
333 623 86 22 tillfälle
436 626 32 20 att
484 624 48 22 inse
552 625 2 20 i
570 624 78 21 Pemar
663 624 40 21 och
718 624 70 28 Nyby.
818 625 34 21 En
867 627 63 18 värn-

179 659 34 22 lös
226 659 139 27 tiggargosse
380 658 57 22 hade
452 659 119 28 nemligen,
587 660 52 20 utan
655 659 40 21 allt
709 658 127 28 understöd,
853 658 78 22 endast

181 693 50 23 med
246 694 34 21 sin
295 692 58 29 goda
371 693 54 27 vilja
443 693 116 22 förskaffat
569 693 34 28 sig
616 692 68 28 nödig
698 692 124 22 kännedom
833 693 7 22 i
851 693 80 22 lärare-

181 728 65 29 yrket
260 727 33 23 för
308 727 121 28 allmogens
440 728 60 21 barn.
530 728 11 21 I
551 728 64 28 Nyby
627 727 53 22 eller
691 727 32 22 S:t
736 727 94 23 Märtens
850 728 81 22 socken

182 765 96 25 antagen
293 762 33 22 till
341 762 151 28 barnalärare,
509 762 98 28 uppsade
623 762 42 21 han
677 762 33 22 sin
722 762 140 28 beställning,
876 769 55 15 eme-

183 798 43 22 dan
249 797 109 28 allmogen
381 796 122 28 krånglade
525 796 50 22 med
598 797 42 21 den
663 796 181 22 ö&fverenskomna
863 797 68 22 betal-

182 832 81 27 ningen
286 831 25 22 af
330 831 55 22 hans
405 831 43 22 lön.
478 831 101 22 Derefter
597 831 32 22 lät
648 830 42 22 han
711 831 100 29 kungöra
829 831 103 28 frivilliga

183 866 129 23 barnskolor
335 866 126 28 byalagsvis
484 872 27 16 en
533 866 80 21 månad
628 865 13 22 å
655 865 76 29 hvarje
749 866 89 27 station,
858 869 44 19 mot
920 866 11 21 1

183 901 68 22 riksd.
266 900 63 28 afgift
343 901 33 21 för
385 900 64 22 hvart
461 900 60 22 barn.
544 901 43 21 Det
597 907 39 15 var
647 902 30 20 ett
687 900 51 28 nöje
749 902 31 20 att
791 899 76 23 afhöra
877 901 55 21 hans

182 936 93 22 lärosätt
292 948 23 3 —
334 935 68 27 enligt
421 935 41 21 den
479 935 29 21 dä
522 935 117 27 beprisade
657 934 191 23 bellankasterska
866 937 67 20 meto-

186 971 54 27 den;
259 970 50 22 med
336 973 57 19 ännu
420 972 69 20 större
514 969 109 28 välbehag
647 976 38 15 var
705 976 51 14 man
760 965 14 37 i
794 969 86 23 tillfälle
902 971 31 21 att

183 1006 29 28 pä
232 1004 107 23 läsförhör
359 1004 86 22 förhöra
460 1004 54 22 barn
530 1004 56 21 ifrån
601 1004 55 22 hans
672 1004 73 27 skola,
761 1003 97 23 särdeles
874 1004 58 26 dem,

184 1046 46 16 som
250 1038 54 23 fiera
319 1042 28 19 än
363 1046 27 14 en
405 1038 81 22 mänad
502 1039 111 27 begagnat
628 1038 34 28 sig
672 1038 25 21 af
705 1038 54 22 hans
770 1038 163 28 undervisning.

184 1075 34 28 Ty
238 1074 43 22 han
296 1073 74 22 kunde
385 1073 117 22 informera
518 1074 49 21 dem
583 1072 64 23 äfven
663 1073 31 21 uti
710 1073 82 22 skrifva
808 1072 38 22 och
863 1073 71 22 räkna

186 1122 25 3 —
234 1110 56 21 samt
310 1108 67 27 något
397 1108 7 22 i
425 1108 88 21 historie
529 1107 40 22 och
585 1107 97 28 geografi
698 1106 54 22 efter
768 1108 48 21 sina
832 1114 56 21 egna
904 1107 30 23 öf-

185 1143 167 27 versättningar.
383 1143 88 21 Samme
485 1149 50 15 man
550 1141 48 22 blef
611 1141 124 22 sedermera
750 1141 75 22 kallad
842 1141 33 22 till
886 1141 47 22 bar-

184 1178 101 22 nalärare
297 1178 7 21 i
315 1177 103 28 Wichtis,
435 1176 38 22 der
488 1177 43 21 han
547 1179 57 20 ännu
621 1177 130 22 ätminstone
766 1176 90 28 nyligen
866 1176 68 22 lefvat

184 1213 72 21 säsom
272 1211 108 23 emeritus.

252 1246 31 23 Af
299 1246 37 22 det
354 1245 70 29 sagda
442 1245 95 28 framgär
552 1247 42 26 att,
611 1245 68 28 enligt
694 1244 45 23 min
755 1245 66 29 äsigt,
838 1243 33 24 för
886 1247 48 21 när-

184 1281 97 22 varande
294 1281 87 22 landets
393 1280 68 23 behof
471 1281 25 21 af
508 1280 171 22 ambulatoriske
694 1280 71 22 lärare
781 1283 24 19 är
815 1283 79 26 större,
906 1283 28 19 än

185 1316 25 22 af
225 1316 58 22 fasta
301 1315 128 22 folkskolor.
459 1315 161 22 Seminarierna
638 1314 67 22 borde
724 1314 92 22 inrättas
831 1315 7 21 i
854 1314 80 23 sädant

185 1351 64 27 syfte.
280 1350 98 22 Sålunda
400 1349 73 22 kunde
496 1349 26 22 de
545 1349 68 22 blifva
632 1349 110 26 billigare,
763 1348 40 22 och
818 1349 116 21 förbereda

185 1383 52 22 flere
255 1384 78 21 lärare.
363 1383 33 28 Ty
411 1383 109 28 pätagligt
535 1385 34 25 är,
586 1384 32 19 att
637 1382 2 21 i
655 1389 26 14 en
698 1382 157 22 ambulatorisk
871 1382 63 21 skola

185 1417 50 23 icke
250 1417 103 22 behöfves
369 1417 54 22 eller
438 1417 44 22 kan
497 1417 60 21 läras
573 1416 47 28 allt,
637 1415 58 22 hvad
711 1416 7 22 i
734 1415 57 23 fasta
806 1416 74 22 skolor
895 1416 39 22 här

184 1453 99 22 föresläs.
306 1451 75 24 Ocksä
389 1454 24 19 är
421 1451 38 23 det
467 1453 31 20 ett
506 1451 93 22 erkändt
607 1450 92 29 faktum,
714 1453 31 20 att
754 1457 26 16 en
788 1450 146 30 fäkunnigare
