1025 1825
759 119 40 25 721

76 187 74 23 kunde
166 187 69 22 likväl
254 186 54 24 svek
326 185 135 26 förekomma
481 184 39 26 och
539 187 28 23 dä
587 195 51 15 vore
654 190 31 20 ett
700 188 53 22 slikt
769 188 58 22 stad-

77 223 72 27 gande
163 222 110 28 behöfigt.

144 257 56 21 Herr
210 257 139 22 talemannen
359 258 136 21 framställde
505 258 54 21 härå
566 258 97 27 följande
672 258 154 27 omröstnings-

75 291 168 28 propositioner:

145 325 22 29 1)
187 325 69 22 Anser
275 326 84 22 ståndet
377 326 111 22 utskottets
507 326 111 22 redaktion
638 326 29 29 af
677 324 17 31 $
707 326 14 22 9
732 326 94 30 påkalla

75 362 71 27 någon
162 360 106 29 ändring?

143 394 137 22 Besvarades
296 395 50 21 med
362 395 112 22 obestridd
489 396 111 27 pluralitet
610 395 106 29 jakande.

144 428 22 29 2)
189 428 129 22 Godkänner
337 430 83 21 ståndet
440 430 39 21 den
501 430 28 28 af
544 434 135 17 reservanten
699 430 48 21 herr
761 429 22 22 J.
799 429 26 21 A.

75 472 41 13 von
131 464 60 21 Born
202 463 128 29 föreslagna
345 464 110 21 redaktion
471 464 30 28 af
512 464 15 29 $
542 464 28 22 9?

142 498 138 22 Besvarades
294 498 109 22 likaledes
420 498 50 22 med
481 498 112 22 obestridd
603 497 112 29 pluralitet
720 498 106 30 jakande.

143 533 32 21 Pä
193 532 25 22 af
234 532 49 22 herr
302 532 140 22 talemannen
457 533 75 22 vidare
548 533 136 22 framställde
699 533 128 28 propositio-

75 574 39 15 ner
129 566 133 28 .godkändes
283 567 50 22 med
353 567 112 22 obestridd
485 568 110 28 pluralitet
616 568 27 27 $$
660 568 84 21 10—14
759 567 69 28 enligt

75 602 118 22 utskottets
220 602 147 22 betänkande.
404 604 13 26 &
448 603 25 22 15
501 602 129 29 godkändes
658 602 105 29 enhälligt
792 610 36 15 en-

74 637 41 27 ligt
134 636 160 29 betänkandet,
314 637 69 22 likväl
399 637 94 22 sålunda
507 639 31 20 att
556 637 63 22 ordet
638 639 101 25 ,senast*
756 637 71 22 skulle

74 671 110 28 inskjutas
199 673 49 20 näst
264 671 89 22 framför
368 671 67 23 orden
452 672 93 28 ,fjorton
561 672 90 28 dagar".

143 707 13 26 8
173 707 26 20 16
215 706 7 21 i
236 706 151 22 betänkandet
403 709 78 26 antogs
497 707 109 22 likaledes
622 706 113 29 enhälligt.

142 741 140 22 Beträffande
298 742 12 26 8
327 742 26 21 17
368 741 109 28 begärdes
492 742 63 22 ordet
570 741 26 22 af

142 776 211 28 Kontraktsprosten
376 777 104 27 Hellén,
504 784 46 15 som
573 776 71 28 ansåg
665 777 68 27 något
749 775 78 30 tillägg

75 811 33 21 till
119 811 72 21 denna
202 811 12 26 $
226 810 143 28 öfverflödigt.
386 811 33 28 Ty
431 811 28 21 då
471 811 41 22 den
522 810 237 29 bevillningsskyldige
769 811 57 28 ägde

74 846 94 21 besvära
183 845 34 28 sig
232 845 60 22 öfver
307 845 42 22 den
365 845 79 22 honom
459 846 24 21 af
494 845 229 28 bevillningskomitön
734 846 93 28 päförda

76 880 72 29 afgift,
164 887 51 14 vore
230 880 56 22 hans
301 882 44 19 rätt
360 880 125 28 derigenom
501 880 129 29 betryggad.

142 915 92 22 Prosten
253 915 132 28 Alopeus:
406 915 35 21 Då
461 915 68 23 saken
544 915 87 22 förevar
645 915 7 22 i
668 917 159 21 sammansatta

75 952 64 20 stats-
153 950 40 22 och
208 949 240 28 bevillningsutskottet
463 949 139 23 utvoterades
619 950 106 28 enhälligt
737 950 42 22 den
790 951 37 21 nä-

76 985 51 28 diga
142 984 174 29 propositionens
332 984 139 28 bestämning
485 985 83 28 derom,
584 986 32 20 att
626 984 202 28 bevillningskomi-

75 1021 76 20 teerna
167 1019 57 28 ägde
239 1019 53 28 ingå
305 1019 7 21 i
328 1019 101 28 pröfning
445 1019 25 22 af
483 1020 25 21 de
518 1019 247 28 bevillningsskyldiges
775 1026 53 21 upp-

74 1054 71 27 gifter.
176 1053 129 23 Sedermera
327 1053 121 22 besinnade
471 1054 34 28 sig
527 1054 57 21 dock
607 1054 49 21 herr
676 1054 153 28 Wasastjerna

76 1091 56 20 samt
154 1088 84 28 yrkade
261 1090 32 19 att
316 1087 37 23 det
375 1088 7 21 i
405 1088 55 22 hans
476 1088 135 22 reservation
626 1088 128 28 föreslagna
769 1088 59 22 stad-

75 1123 72 28 gande
166 1123 68 21 mätte
255 1122 97 28 intagas,
373 1121 67 23 ehuru
461 1123 60 22 detta
535 1122 100 29 yrkande
651 1122 26 22 af
687 1122 142 28 pluraliteten

74 1157 68 23 bland
167 1157 118 22 utskottets
312 1156 142 22 medlemmar
480 1157 146 22 förkastades.
659 1157 43 21 För
724 1157 45 21 min
793 1156 36 22 del

75 1193 69 21 måste
161 1191 42 29 jag
223 1191 64 23 äfven
307 1198 29 15 nu
356 1191 111 22 bestämdt
485 1193 103 21 motsätta
608 1191 45 28 mig
672 1190 130 29 intagandet
821 1190 8 22 i

75 1225 227 29 beviliningsstadgan
323 1226 25 21 af
361 1226 36 22 det
413 1233 77 15 senare
505 1228 118 20 momentet
639 1226 31 22 uti
686 1225 49 22 herr
750 1226 77 21 Wasa-

77 1261 94 29 stjernas
190 1260 131 23 hithörande
341 1261 144 28 reservation,
506 1260 92 22 emedan
618 1260 122 21 detsamma
755 1258 74 23 kunde

75 1295 115 24 föranleda
204 1295 33 21 till
254 1302 26 15 en
290 1295 151 27 ingvisitorisk
452 1294 164 28 undersökning
626 1294 84 28 derom,
721 1294 109 22 huruvida

78 1330 42 22 den
138 1329 52 28 låga
210 1329 113 29 uppgiften
342 1329 59 22 skett
421 1329 25 22 af
458 1329 62 29 svek,
538 1331 56 20 samt
610 1329 92 21 emedan
712 1328 43 28 jag
768 1328 61 22 befa-

77 1372 36 15 rar
133 1367 33 19 att
185 1364 61 22 detta
266 1363 133 29 stadgande,
420 1370 47 15 som
482 1367 24 18 är
520 1363 109 28 grundadt
644 1363 29 28 pä
688 1363 84 22 mindre
787 1363 42 22 för-

77 1399 99 28 troende,
192 1399 86 22 komme
294 1400 32 20 att
342 1398 59 27 gifva
417 1398 118 28 anledning
550 1398 33 22 till
598 1397 151 23 trakasserier.

99 1442 55 23 Högv.
167 1442 134 17 Prestaständets
313 1441 66 17 Protok.
403 1441 36 18 III,
739 1443 22 15 46
