1017 1770
206 131 41 20 372

181 196 93 21 skottets
296 194 141 22 betänkande
456 193 123 28 föreslagits
599 193 40 22 och
655 193 24 21 af
692 193 27 22 de
735 193 119 28 verldsliga
869 193 58 22 stän-

181 229 42 22 den
242 231 57 19 emot
316 227 174 30 prestaständets
505 228 28 28 pä
549 227 50 22 dess
616 227 123 28 privilegier
755 227 79 22 stödda
848 230 80 19 motsä-

181 264 60 27 gelse
260 263 107 28 antagits,
385 263 28 28 pä
429 263 36 20 det
481 261 87 23 ständet
583 262 36 21 mä
634 262 75 21 kunna
724 263 28 28 pä
767 264 30 20 ett
812 262 50 22 med
878 262 50 22 dess

180 300 97 20 samvete
299 297 238 22 öfverensstämmande
560 299 43 20 sätt
626 297 50 21 med
699 297 28 21 de
747 297 69 28 öfriga
835 297 93 22 stånden

182 340 34 15 om
232 331 121 23 ordnandet
368 331 25 22 af
406 331 72 22 denna
493 331 114 22 ömmande
623 331 159 28 angelägenhet
798 331 34 28 sig
846 331 82 22 förena.

248 367 32 22 På
295 366 160 27 framställning
471 365 24 22 af
507 366 49 21 herr
571 366 150 27 talemannen,
733 366 83 22 beslöts
826 368 33 19 att
870 365 60 22 detta

181 401 109 28 protokoll
309 401 70 22 skulle
399 401 60 27 ligga
473 401 14 21 å
501 400 86 28 bordet,
604 399 109 23 intilldess
727 400 136 22 hedervärda
878 400 51 22 bon-

182 436 127 22 deståndets
325 443 50 15 svar
390 436 13 20 å
417 435 172 28 prestaståndets
600 435 131 27 inbjudning
741 435 75 22 hunnit
827 435 103 21 anlända.

249 505 136 27 Föredrogos
397 504 96 28 följande
505 504 47 22 från
568 504 181 28 borgareståndet
764 504 103 22 inkomna
882 511 48 21 pro-

182 540 169 27 tokollsutdrag:

251 574 22 29 1)
288 574 34 22 för
337 574 42 22 den
395 575 26 20 21
437 580 67 22 mars,
521 573 26 22 af
557 573 97 28 följande
670 573 95 29 lydelse:

251 627 8 9 n
263 608 134 28 Föredrogs:
420 608 79 28 utdrag
521 608 25 22 af
565 608 117 28 höglofiige
705 608 163 29 ridderskapets
890 608 40 22 och

183 645 76 21 adelns
277 644 108 29 protokoll
403 643 33 22 för
455 643 42 22 den
518 644 26 21 26
561 643 39 22 och
615 645 28 20 29
659 644 105 22 sistvikne
780 644 94 22 februari
890 643 41 22 och

183 681 12 20 3
211 679 7 22 i
234 679 71 22 denna
324 678 90 29 månad,
432 678 45 22 deri
493 678 135 23 förbemälda
643 678 73 29 stånd,
729 679 69 28 jemte
814 679 116 22 tillkänna-

183 714 103 28 gifvande
301 713 25 22 af
339 713 27 22 de
382 713 49 22 utaf
444 713 88 22 ständet
547 713 105 28 vidtagna
667 713 72 22 beslut
754 714 6 21 i
776 713 120 28 anledning
910 713 24 22 af

182 749 179 22 bankutskottets
380 747 139 23 betänkande
536 748 115 28 angående
669 748 82 28 nådiga
770 749 162 28 propositionen

183 791 35 14 n:o
238 784 26 21 32
284 790 34 15 om
336 783 107 28 styrelsen
462 782 219 29 och-förvaltningen
701 783 25 22 af
742 783 105 22 Finlands
863 783 68 27 bank,

183 818 100 28 inbjuder
299 817 143 22 medständen
458 819 32 20 att
505 817 75 22 förena
595 818 34 27 sig
645 825 33 14 om
694 818 37 22 det
747 817 25 23 af
779 818 153 28 ridderskapet

184 853 40 22 och
247 852 65 26 adeln
335 851 125 28 föreslagna
483 852 78 28 tillägg
583 852 33 21 till
635 859 63 15 mom.
719 853 21 28 3,
757 855 31 19 att
804 853 27 21 de
846 853 49 28 fyra
910 852 25 22 af

184 887 92 21 ständen
297 886 93 22 utsedde
409 886 137 28 fullmäktige
562 886 57 28 ägde
634 887 59 27 välja
709 894 27 14 en
751 887 65 21 femte
832 886 100 22 fullmäk-

183 922 43 28 tig,
246 924 56 19 samt
321 928 35 15 om
374 920 138 22 uteslutande
531 920 25 22 af
571 921 37 21 det
623 928 63 15 mom.
702 922 7 21 i
725 921 117 23 utskottets
857 922 75 21 betän-

183 956 82 28 kande,
285 962 46 16 som
349 955 93 21 handlar
462 962 34 14 om
516 956 159 27 inskränkning
694 956 53 22 eller
764 956 132 22 inställande
911 956 25 22 af

184 991 100 21 bankens
300 990 187 28 silfverutvexling
502 990 40 22 och
557 990 114 22 införande
687 991 7 21 i
706 990 50 23 dess
767 991 63 22 ställe
842 991 24 21 af
874 991 58 23 stad-

185 1026 72 28 gande
281 1025 82 28 derom,
385 1026 32 20 att
439 1024 48 22 frän
505 1025 40 21 och
564 1025 49 21 med
629 1025 42 22 den
687 1025 44 28 dag
746 1026 188 28 silfverutvexling

186 1060 47 21 frän
255 1059 88 22 banken
362 1059 105 28 vidtager,
488 1059 74 22 silfver
580 1060 58 21 skall
657 1067 53 15 vara
726 1060 36 22 det
778 1060 56 22 enda
850 1061 82 27 lagliga

185 1094 197 28 betalningsmedel
397 1094 8 21 i
419 1094 82 22 landet.

253 1128 128 28 Upplästes:
400 1128 41 22 och
459 1128 70 28 ansäg
547 1128 181 28 borgareständet
747 1129 49 22 skäl
814 1130 50 22 icke
878 1130 54 22 före-

185 1164 88 20 komma
287 1164 32 19 att
335 1164 82 26 antaga
431 1162 157 28 inbjudningen
604 1163 135 22 beträffande
753 1164 145 22 tillsättandet
912 1165 24 21 af

186 1204 27 15 en
232 1197 66 21 femte
313 1196 194 28 bankfullmäktig,
524 1203 49 15 men
589 1197 107 21 stannade
712 1197 105 29 deremot,
833 1199 8 21 i
856 1198 77 29 frägan

186 1238 34 15 om
240 1230 99 22 bankens
356 1230 197 29 silfverutvexling,
569 1231 54 21 efter
638 1231 71 21 skedd
724 1232 134 28 omröstning
873 1233 7 21 i
896 1233 37 22 det

186 1265 71 22 beslut
272 1266 32 20 att
319 1264 119 28 godkänna
451 1264 36 22 det
499 1264 24 22 af
533 1264 152 29 ridderskapet
699 1266 40 21 och
751 1266 63 22 adeln
823 1267 6 21 i
839 1267 95 22 nämnda

185 1299 105 22 afseende
305 1298 137 22 framställda
457 1298 102 28 förslag."

254 1331 23 29 2)
293 1331 108 22 likaledes
416 1331 33 22 för
463 1331 42 22 den
521 1333 25 20 21
563 1332 91 28 dennes,
670 1332 50 22 med
733 1333 158 23 underrättelse
902 1337 32 19 att

184 1366 40 21 det
242 1365 113 28 vällofliga
371 1365 87 22 ståndet
474 1366 85 28 antagit
574 1366 164 27 ridderskapets
754 1367 40 22 och
809 1368 77 23 adelns
902 1369 31 21 in-

183 1400 109 29 bjudning
314 1402 33 21 att
365 1400 89 29 deltaga
474 1400 7 22 i
500 1400 137 29 underdånig
654 1402 92 28 petition
761 1402 74 22 derom
850 1405 32 20 att
898 1410 35 15 en-

185 1436 54 21 hvar
261 1436 25 21 af
305 1441 29 17 nu
356 1435 103 23 lefvande
481 1438 114 21 veteraner
615 1436 47 22 från
683 1436 52 23 åren
752 1438 54 21 1808
822 1438 41 22 och
879 1439 54 21 1809
