1023 1770
200 129 41 20 468

172 193 26 20 41
218 193 14 25 &
251 193 58 20 ännu
326 190 61 22 heter
405 192 33 20 att
458 189 185 23 ombudsmannen
662 189 44 28 må,
726 188 46 22 ifall
793 190 25 20 sä
834 189 87 28 pröfvas

173 226 85 27 nödigt,
276 228 74 25 genast
368 224 94 28 belägga
480 224 91 21 skriften
586 223 51 21 med
651 223 114 27 qvarstad;
782 223 37 21 det
834 223 38 21 vill
888 223 33 21 så-

172 260 61 21 ledes
256 266 76 21 synas,
356 265 45 15 som
421 264 50 16 vore
487 264 27 15 en
530 256 63 23 skrift
608 257 103 27 gvarstad
725 257 149 21 underkastad
890 263 31 15 re-

173 294 43 21 dan
236 293 44 21 förr
298 295 28 19 än
346 292 41 22 den
402 292 71 27 utgått
488 292 48 20 från
552 291 126 28 tryckeriet,
702 290 40 22 och
757 291 47 21 häri
820 291 43 21 kan
880 291 42 27 jag

173 328 49 21 icke
242 334 23 15 se
286 328 67 20 annat
372 329 28 19 än
421 333 26 15 en
467 326 113 28 preventiv
598 332 76 15 censur
688 325 41 21 och
745 325 37 21 det
797 325 8 21 i
821 332 27 14 en
864 328 58 18 ännu

170 362 144 27 förhatligare
334 360 53 22 form
407 362 29 20 än
455 360 95 28 härtills,
570 359 29 21 då
618 360 49 21 hela
686 358 91 22 skriften
796 359 44 21 kan
860 366 61 21 qvar-

174 396 80 28 hållas;
274 396 40 21 och
333 402 34 14 om
386 395 127 21 densamma
532 394 124 22 sedermera
676 393 113 28 frigåfves,
805 394 39 21 har
858 393 63 28 utgif-

173 437 67 17 varen
256 430 125 27 derigenom
395 428 142 28 tillskyndats
553 428 56 22 både
625 434 27 15 en
663 428 129 21 ekonomisk
802 428 40 21 och
853 435 69 14 mora-

173 464 43 21 lisk
236 463 83 22 förlust.
349 463 90 21 Derföre
458 462 68 21 borde
546 462 38 21 det
603 462 8 20 i
631 463 26 19 41
679 463 13 26 &
712 461 130 22 åtminstone
861 461 61 22 heta:

173 501 74 26 genast
262 498 53 28 efter
330 497 33 21 det
378 497 89 28 skriften
481 497 9 20 i
504 496 131 22 bokhandeln
650 497 110 20 utkommit
775 503 19 14 o.
810 503 17 14 s.
842 503 20 14 v.
878 496 44 21 Min

174 532 69 21 andra
263 531 144 27 anmärkning
427 533 25 18 är
472 530 126 22 densamma
617 536 45 15 som
682 530 51 28 den,
751 530 87 21 hvilken
855 529 67 22 redan

174 566 70 21 blifvit
265 564 77 22 anförd
362 564 24 22 af
403 564 137 28 vicepastorn
560 570 42 15 von
622 564 79 28 Essen,
717 564 50 21 med
782 564 88 22 hvilken
881 564 42 27 jag

175 600 85 21 derföre
275 599 78 21 endast
368 599 37 21 vill
419 598 76 22 förena
510 598 50 27 mig.

242 634 127 22 Professorn
387 632 110 22 Geitlin:
516 633 146 27 Domprosten
680 632 91 22 Renvall
790 632 40 22 har
844 639 78 21 genom

175 670 37 20 sitt
232 668 140 27 andragande
391 667 37 21 vid
443 667 66 22 slutet
525 666 25 22 af
562 666 124 28 gårdagens
701 667 97 28 plenum,
815 667 39 22 och
869 667 54 22 hvil-

175 704 38 21 ket
231 702 143 28 andragande
392 701 44 22 han
456 702 7 20 i
483 701 43 28 dag
544 700 138 29 återhemtat,
702 702 7 20 i
724 701 51 22 flere
791 701 132 28 omständig-

175 738 61 21 heter
255 736 137 22 förekommit
411 736 50 27 mig.
492 736 42 27 Jag
553 735 65 29 hyser
636 736 7 20 i
659 736 119 21 allmänhet
793 743 33 14 om
843 736 37 22 det
894 743 29 14 nu

176 771 67 22 under
262 770 125 22 diskussion
405 770 96 22 varande
518 770 149 22 betänkandet
682 777 83 14 samma
781 770 81 28 åsigter
877 776 46 16 som

176 806 41 21 den
240 805 66 21 värde
329 805 83 21 talaren
434 804 41 21 och
497 804 87 22 förenar
605 804 44 27 mig
671 804 182 28 hufvudsakligen
874 804 50 21 med

175 840 88 27 honom;
283 838 56 22 dock
360 838 62 22 utber
433 838 40 28 jag
488 838 45 27 mig
548 840 31 19 att
595 838 92 21 rörande
703 838 61 22 detta
780 841 62 19 ämne
859 838 63 22 äfven

174 874 22 20 få
216 875 58 26 yttra
292 874 70 26 några
380 872 45 21 ord.
454 873 86 20 Främst
559 872 69 22 måste
644 872 41 27 jag
704 873 68 20 uttala
791 873 43 20 min
852 872 69 22 förvå-

174 907 53 27 ning
246 907 105 27 deröfver,
368 908 31 20 att
415 906 28 22 då
458 906 143 22 förevarande
616 906 82 27 nådiga
713 907 133 28 proposition
862 907 6 20 i
884 907 40 27 går

174 941 26 22 af
216 941 39 22 vår
274 941 97 22 vördade
391 941 94 21 taleman
506 940 122 28 föredrogs,
647 943 78 25 genast
743 948 27 14 en
790 943 44 19 stor
850 941 35 21 del
901 941 25 21 af

175 976 37 21 det
230 975 136 28 högvördiga
383 975 100 22 ståndets
501 975 142 21 medlemmar
658 975 80 28 ansåg,
754 977 32 20 att
802 975 119 28 lagutskot-

176 1011 41 20 tets
232 1009 140 22 betänkande
388 1011 52 20 utan
456 1009 29 22 all
502 1009 124 22 diskussion
637 1009 67 22 borde
715 1011 103 26 antagas,
825 1010 36 27 ja,
873 1017 50 14 man

175 1050 38 14 var
233 1044 25 20 så
278 1043 50 27 ifrig
346 1043 8 21 i
369 1043 61 21 detta
448 1043 130 27 påstående,
598 1045 32 19 att
649 1050 50 14 man
716 1044 94 27 yrkade,
828 1044 36 21 det
880 1044 42 22 den

176 1077 52 21 eller
244 1078 36 27 de,
296 1084 46 14 som
359 1077 116 22 envisades
491 1079 32 19 att
541 1078 3 20 i
560 1079 73 19 ämnet
642 1080 59 25 yttra
712 1078 42 27 sig,
766 1077 78 22 endast
855 1084 67 15 reser-

175 1111 119 22 vationsvis
313 1111 59 26 finge
389 1113 54 25 göra
463 1110 45 22 det!
528 1111 43 27 Jag
589 1111 44 21 kan
649 1111 116 27 omöjligen
781 1112 59 20 finna
855 1112 67 27 något

174 1145 81 27 rimligt
270 1144 49 22 skäl
335 1144 32 22 till
383 1146 31 20 ett
429 1146 44 20 mot
489 1144 99 22 ståndets
604 1145 88 27 vanliga
707 1145 124 21 förfarande
847 1146 25 21 så
883 1146 38 21 all-

175 1178 61 22 deles
254 1180 89 20 motsatt
362 1180 43 20 sätt
424 1180 32 19 att
473 1179 28 26 gå
517 1178 32 22 till
565 1180 62 26 väga.
658 1178 160 28 Propositioner
834 1179 24 21 af
871 1179 51 22 vida

174 1212 86 28 ringare
275 1212 134 28 betydenhet
423 1212 66 21 hafva
505 1212 25 22 af
544 1212 88 22 ståndet
646 1212 49 22 med
708 1215 80 19 största
798 1220 121 20 noggrann-

174 1246 37 21 het
229 1246 39 22 och
285 1248 51 20 utan
352 1246 29 22 all
398 1246 136 28 sparsamhet
549 1246 98 22 hvarken
662 1248 29 26 på
706 1247 39 21 ord
761 1247 53 21 eller
828 1248 32 21 tid
873 1248 47 21 blif-

173 1280 31 22 vit
229 1280 110 29 vidlyftigt
366 1280 151 27 diskuterade,
545 1280 125 22 tillochmed
692 1281 102 22 enskilda
816 1282 40 21 ord
879 1282 40 21 och

173 1314 86 27 uttryck
279 1314 6 20 i
305 1314 122 21 utskottens
447 1314 155 21 betänkanden
622 1314 72 27 vägda
710 1315 28 26 på
753 1315 103 27 guldvåg;
871 1322 48 14 men

173 1353 28 15 nu
222 1350 40 18 när
281 1353 27 15 en
328 1347 41 21 sak
389 1347 25 21 af
432 1347 25 20 så
477 1349 45 19 stor
541 1347 46 27 vigt
608 1347 40 21 och
668 1347 123 29 betydelse,
812 1355 45 14 som
878 1348 42 21 den

172 1381 147 28 närvarande,
335 1380 149 29 förekommer,
501 1381 51 21 ville
568 1387 50 16 man
635 1383 51 20 utan
697 1381 75 22 vidare
783 1382 45 22 helt
838 1382 82 28 hastigt

172 1415 118 28 expediera
313 1415 136 28 densamma;
470 1415 79 22 sådant
569 1418 24 20 är
612 1415 44 29 mig
676 1416 143 29 oförklarligt.
850 1417 70 22 Sannt
