1020 1761
767 127 40 20 419

88 189 41 28 ligt
147 189 58 22 hvad
222 190 105 21 utskottet
346 190 74 21 derom
438 189 122 29 föreslagit;
578 191 29 27 på
622 190 27 21 de
664 190 37 21 vid
716 191 12 26 $
744 192 13 19 3
772 191 63 22 fram-

89 223 75 21 hållna
180 224 48 21 skäl
244 231 24 14 ur
283 225 13 25 &
313 225 11 20 7
341 224 97 21 uteslutit
452 231 64 14 mom.
532 225 9 20 1
557 225 41 20 och
612 231 24 14 ur
650 225 13 26 $
676 225 25 20 13
712 225 7 20 i
729 225 107 21 hvardera

89 264 85 15 momm.
193 257 66 22 orden
279 258 66 25 ,eller
362 257 104 29 husaga*,
485 265 48 14 men
551 258 7 21 i
576 258 65 27 öfrigt
658 258 114 27 godkännt
787 259 47 21 sist-

89 291 95 21 nämnda
196 291 112 27 paragraf;
320 292 7 20 i
335 291 69 22 likhet
412 291 49 21 med
469 292 162 26 prestaständet
639 294 72 18 ansett
719 294 32 19 att
759 293 7 19 i
775 293 13 26 $
797 293 36 27 25,

88 331 46 15 som
154 324 63 28 eljest
232 324 25 21 af
269 324 180 28 borgareståndet
464 326 72 26 gillats
552 325 134 21 beträffande
702 326 60 20 tiden
777 326 57 22 inom

87 359 89 21 hvilken
200 359 132 27 tjenstehjon
354 359 50 27 ålåg
423 360 32 21 sin
474 359 67 27 tjenst
561 362 108 25 uppsäga,
691 360 66 20 borde
775 360 59 21 bibe-

88 393 71 22 hållas
178 401 28 14 nu
226 393 102 28 gällande
347 394 138 27 bestämning
504 394 52 21 eller
571 394 59 21 tiden
646 394 93 21 emellan
755 394 41 21 den
807 395 27 21 29

83 427 44 28 juli
151 428 41 21 och
210 429 13 20 8
244 428 133 28 september;
396 428 40 21 och
455 429 36 20 vid
509 429 13 26 &
540 429 27 21 32
586 428 85 21 förenat
691 429 34 26 sig
744 435 34 15 om
797 429 37 21 det

87 462 26 21 af
124 462 154 27 ridderskapet
293 462 39 21 och
348 462 65 21 adeln
429 462 105 27 vidtagna
547 463 70 20 beslut
631 462 83 28 derom,
726 465 32 18 att
768 463 68 22 första

87 498 129 19 momentets
235 496 83 27 lydelse
337 496 70 21 skulle
426 496 113 22 förändras
555 497 28 27 på
597 496 98 27 följande
710 499 52 19 sätt:
780 514 6 9 ,
791 497 45 22 När

87 531 133 27 tjenstehjon
242 531 79 21 företer
344 530 89 27 behörig
456 530 126 22 orlofssedel
605 530 53 21 eller
681 532 67 19 annat
767 531 68 28 enligt

87 565 73 21 denna
182 564 127 27 författning
328 564 80 21 tillåtet
427 565 61 21 bevis
506 564 104 27 deröfver,
630 567 32 18 att
679 565 155 27 tjenstehjonet

88 601 24 19 är
132 598 47 22 frän
202 600 74 20 senast
298 598 118 22 innehafda
439 598 66 27 tjenst
527 598 76 28 ledigt,
624 600 52 26 äger
695 605 72 14 annan
786 599 48 21 hus-

87 633 85 21 bonde*
196 639 19 14 o.
238 639 16 15 s.
277 640 19 14 v.
320 633 64 21 Hvad
406 632 101 27 slutligen
530 632 82 28 angick
634 633 117 21 utskottets
770 633 64 21 fram-

89 667 105 27 ställning
213 669 31 19 att
262 666 117 22 ständerne
398 667 70 21 skulle
486 666 39 22 hos
544 667 60 21 Hans
623 666 125 28 Kejserliga
768 667 66 28 Maje-

87 704 44 19 stät
152 701 7 21 i
178 701 175 27 underdänighet
371 700 88 22 anhålla
478 708 34 14 om
530 700 153 28 upphäfvande
703 700 25 22 af
744 702 11 20 2
775 702 13 26 &
806 702 27 20 36

87 736 51 28 kap.
157 736 21 20 M
196 736 34 27 B.,
250 735 55 21 hade
323 735 180 27 borgareständet
522 737 71 19 ansett
611 742 26 14 en
658 734 61 28 dylik
736 735 97 28 begäran

87 770 50 22 icke
159 776 53 15 vara
234 769 25 22 af
278 769 71 22 nöden
372 772 56 19 samt
451 769 32 22 för
506 770 49 21 dess
579 769 35 21 del
637 769 84 21 derföre
736 769 49 22 icke
801 769 32 21 till

87 804 189 27 framställningen
291 804 118 28 samtyckt;

155 838 23 28 3)
201 838 114 28 angäende
336 838 110 22 allmänna
466 838 208 22 besvärsutskottets
697 837 83 28 förslag
800 838 34 21 till

88 872 136 28 underdänig
249 872 91 28 petition
365 880 34 14 om
423 872 120 28 periodiskt
564 872 177 22 äterkommande
763 872 71 21 landt-

89 908 75 27 dagar,
183 907 79 21 hvaraf
279 907 135 21 inhemtades
435 910 32 18 att
486 907 36 21 det
542 907 110 27 vällofliga
671 906 96 28 ständet,
783 906 51 22 med

88 942 162 28 godkännande
270 942 24 20 af
311 942 116 21 utskottets
446 942 90 27 förslag,
557 943 72 19 ansett
649 940 72 22 denna
740 941 93 21 likasom

88 977 70 27 öfriga
177 976 150 28 underdäniga
345 976 115 28 petitioner
475 976 88 20 hvarom
579 975 100 27 samtlige
693 975 139 21 riksständen

89 1012 35 26 sig
145 1011 85 27 förena,
254 1010 63 28 böra,
342 1010 7 21 i
372 1010 70 21 likhet
464 1010 48 21 med
535 1009 130 22 ständernas
683 1009 150 27 underdäniga

88 1052 50 16 svar
156 1046 13 21 &
188 1045 28 21 de
234 1044 81 28 nädiga
333 1044 196 28 propositionerna,
550 1043 159 22 undertecknas
726 1043 25 21 af
762 1042 70 22 landt-

87 1080 141 22 marskalken
248 1079 39 21 och
303 1079 138 21 talemännen
458 1079 12 20 å
484 1078 103 22 ständens
605 1080 84 24 vägnar
709 1077 39 22 och
763 1077 69 27 jemte

87 1114 115 22 skrifvelse
228 1114 33 20 till
287 1113 222 27 generalguvernören
536 1112 59 22 öfver
621 1112 75 21 landet
718 1111 114 28 insändas,

87 1150 56 20 samt
158 1147 170 28 expedierandet
344 1147 64 21 häraf
417 1154 78 20 genom
512 1146 109 22 allmänna
637 1145 196 22 besvärsutskottet

86 1182 146 27 ombesörjas
222 1178 12 35 ;

156 1215 23 29 4)
206 1215 114 28 angående
343 1214 263 22 talemanskonferensens
629 1213 83 27 förslag
734 1219 34 15 om
791 1212 42 21 till-

88 1249 102 22 sättande
210 1249 24 21 af
251 1252 31 19 ett
295 1249 214 27 justeringsutskott;
526 1249 33 20 till
578 1247 84 22 hvilket
679 1247 82 26 förslag
776 1247 57 20 stän-

88 1284 37 21 det
141 1283 110 28 samtyekt
266 1283 39 21 och
319 1282 78 22 derhos
409 1282 92 21 medelst
511 1281 92 22 utsedde
614 1281 107 21 elektorer
730 1280 33 21 till
774 1279 59 22 leda-

89 1319 68 20 möter
168 1317 6 21 i
183 1317 107 22 utskottet
297 1316 67 22 bland
372 1316 98 22 ständets
479 1316 140 21 medlemmar
627 1315 69 21 utvalt
704 1314 130 21 kommerse-

87 1351 63 22 rådet
162 1351 111 22 Sundman
286 1352 55 20 samt
351 1350 177 28 borgmästarene
539 1348 94 23 Juselius
645 1348 40 22 och
696 1348 138 26 Tengström;

156 1385 22 27 5)
195 1385 134 21 beträffande
346 1386 156 20 sammansatta
520 1384 46 25 lag-
582 1382 39 21 och
638 1381 196 22 ekonomieutskot-

87 1421 43 19 tets
150 1418 140 22 betänkande
313 1418 7 20 i
341 1417 119 26 anledning
482 1417 24 20 af
521 1416 82 26 nädiga
620 1414 161 28 propositionen
800 1420 34 14 n:o
