1017 1764
774 123 40 22 329

160 189 29 29 A)
205 188 47 22 från
266 188 118 28 högloflige
399 188 156 28 ridderskapet
570 189 40 21 och
626 189 75 21 adeln:

161 224 22 27 1)
200 222 24 22 af
237 223 41 21 den
295 224 26 20 17
336 229 68 20 mars,
420 222 50 22 med
485 222 161 22 underrättelse
662 224 31 20 att
708 222 88 23 ståndet
806 230 37 15 an-

94 257 54 28 tagit
170 256 192 29 borgareståndets
385 263 78 21 genom
485 256 202 29 protokollsutdrag
709 257 25 21 af
753 257 42 22 den
815 259 27 20 26

92 292 95 21 februari
209 291 78 29 gjorda
309 291 185 27 inbjudning'att
513 291 33 21 till
560 292 61 20 Hans
636 291 125 27 Kejserliga
776 292 66 27 Maje-

92 327 45 20 stät
158 326 53 26 ingå
232 325 50 22 med
304 332 126 21 gemensam
449 325 138 28 underdänig
602 325 92 27 petition
709 325 85 29 derom,
810 328 33 19 att

92 362 32 19 ett
145 360 129 27 lagförslag,
298 366 47 16 som
367 359 77 28 afsåge
467 359 72 29 skydd
555 360 32 21 för
602 359 192 28 vattenledningar
809 360 33 22 för

92 394 116 22 städernas
232 394 67 22 behof
319 393 25 22 af
363 395 75 21 vatten
460 394 33 21 till
517 393 153 27 eldsläckning
697 394 42 21 och
768 394 76 28 daglig

92 428 142 28 förbrukning
249 430 56 20 samt
319 427 34 22 för
363 428 157 28 gasledningar
530 428 51 22 med
590 427 53 22 flere
653 428 92 21 allmänt
755 428 86 29 nyttiga

92 463 145 27 inrättningar
252 462 72 22 blefve
339 462 119 22 ständerna
473 462 117 22 framdeles
605 462 121 28 förelagdt;

160 497 22 29 2)
198 497 25 21 af
235 504 84 15 samma
334 497 53 27 dag,
403 496 50 22 med
469 496 212 28 tillkännagifvande
697 499 32 19 att
743 497 96 28 ståndet,

94 532 28 28 på
145 532 25 21 af
189 531 160 23 bondeståndet
371 531 65 28 gjord
457 531 139 28 inbjudning,
620 531 89 23 beslutit
731 534 41 26 att,
794 532 50 22 med

92 566 135 28 frångående
243 566 25 22 af
281 566 50 23 dess
346 566 141 22 härförinnan
503 566 85 22 fattade
603 566 72 22 beslut
691 568 32 20 att
733 567 111 21 Kuusamo

93 600 136 22 sockneboer
247 600 67 22 borde
333 600 74 22 betala
423 600 218 28 mantalspenningar
654 600 33 22 till
703 600 46 22 lika
765 600 79 28 belopp

93 641 47 15 som
160 634 86 22 landets
265 634 68 28 öfrige
348 634 144 28 innevånare,
509 634 76 22 förena
601 634 34 28 sig
651 634 50 22 med
716 634 37 22 det
768 634 76 22 heder-

93 668 69 22 värda
184 668 87 22 ståndet
294 668 84 28 derom,
403 670 32 20 att
453 668 216 29 mantalspenningar
684 668 71 22 skulle
770 668 26 22 af
807 669 37 21 be-

93 702 73 22 mälde
181 703 134 22 sockneboer
329 703 102 28 erläggas
447 703 80 22 endast
539 703 34 21 till
588 702 83 23 hälften
687 705 57 19 emot
757 703 86 23 landets

93 737 71 28 öfriga
178 737 135 28 befolkning.

162 771 28 29 B)
205 771 48 22 från
267 771 111 27 välloflige
394 771 191 28 borgareståndet:

162 806 22 28 1)
205 805 24 22 af
246 806 43 22 den
305 806 26 21 17
350 812 67 22 mars,
433 806 51 22 med
499 805 214 29 tillkännagifvande
729 808 32 20 att
776 806 69 22 sedan

94 839 88 23 ståndet
196 840 42 22 fått
253 842 110 25 emottaga
381 842 31 20 ett
433 840 25 22 af
471 840 164 22 statsutskottet
651 840 43 22 den
711 842 26 20 11
751 841 7 21 i
773 841 73 21 denna

93 874 81 22 månad
190 874 75 22 aflåtet
280 874 121 28 memorial,
424 874 61 22 hvari
505 874 108 23 utskottet
626 874 139 29 hemställde,
782 875 63 21 huru-

94 908 52 22 vida
156 909 59 27 icke,
228 909 29 21 då
268 908 54 23 efter
334 908 37 22 det
379 909 100 21 bemälde
491 909 94 22 utskotts
599 909 141 21 betänkande
751 909 7 21 i
769 909 75 22 anled-

94 944 53 26 ning
169 943 25 21 af
213 943 82 28 nådiga
315 943 134 29 proposition
464 950 35 15 n:o
515 944 27 21 28
567 943 115 28 angående
705 944 94 21 revision
822 944 26 22 af

93 977 182 29 författningarne
291 984 34 16 om
340 978 115 28 personela
470 978 225 28 kronoutskyldernas
713 978 79 28 belopp
803 978 41 22 och

94 1012 124 28 grunderna
237 1012 34 22 för
290 1012 64 22 deras
373 1012 131 29 utgörande,
523 1012 26 22 af
561 1012 118 22 ständerna
695 1012 67 28 tagits
778 1012 69 23 under

94 1046 110 29 pröfning,
224 1047 245 28 expeditionsutskottet
489 1048 7 21 i
517 1046 105 23 afseende
642 1047 13 21 å
671 1047 127 28 erforderlig
813 1048 31 21 åt-

94 1082 54 27 gärd
171 1081 33 22 till
226 1081 149 22 förstnämnde
397 1082 85 22 utskott
504 1082 143 22 öfverlemnat
669 1082 101 27 samtlige
786 1082 59 22 stån-

94 1116 54 22 dens
168 1116 38 22 vid
224 1116 95 23 nämnde
338 1115 93 23 ärendes
451 1116 135 27 behandling
601 1115 63 23 förda
679 1116 117 28 protokoll,
813 1119 32 19 ut-

93 1150 93 22 visande
208 1152 32 20 att
263 1150 118 22 ständerna
403 1151 64 21 hvart
484 1151 33 21 för
533 1151 34 27 sig
581 1150 67 22 fattat
663 1150 72 22 beslut
751 1157 33 15 om
800 1154 45 19 sär-

94 1184 74 22 skilda
186 1185 119 27 ändringar
323 1185 32 21 uti
371 1184 37 22 det
423 1185 26 21 af
461 1185 106 22 utskottet
582 1184 116 22 förordade
713 1184 83 28 förslag
811 1186 33 21 till

93 1219 129 28 författning
244 1219 8 22 i
275 1221 82 27 ämnet,
381 1222 57 19 samt
461 1219 114 22 deribland
597 1219 191 29 borgareståndet,
812 1222 33 19 att

94 1253 151 22 underbefälet
264 1253 37 23 vid
321 1254 72 21 finska
407 1256 119 26 trupperna
540 1253 51 22 icke
606 1254 29 27 pä
650 1256 43 19 sätt
708 1254 8 21 i
731 1255 13 26 &
761 1255 11 20 6
788 1254 56 22 före-

94 1288 86 28 slagits,
200 1287 67 23 borde
286 1288 86 28 åtnjuta
391 1288 101 22 befrielse
507 1287 48 22 från
571 1287 217 29 mantalspenningar
804 1289 40 21 och

94 1325 32 19 att
148 1322 133 28 stadgandet
302 1322 9 21 i
333 1323 13 26 $
368 1323 14 20 4
405 1323 19 27 ej
449 1322 68 22 heller
531 1322 72 22 skulle
619 1322 110 28 tillämpas
744 1323 29 27 på
788 1323 57 22 slike

92 1357 162 22 funktionärers
277 1356 68 22 enkor
367 1357 41 21 och
428 1357 63 28 barn,
507 1358 57 20 samt
583 1357 29 21 då
627 1357 78 21 endast
720 1357 125 22 ridderska-

93 1393 37 25 pet
149 1391 40 20 och
207 1391 65 20 adeln
292 1391 41 20 och
349 1391 188 26 'borgareståndet
555 1390 86 21 förenat
661 1391 34 26 sig
710 1397 35 14 om
761 1393 31 19 att
807 1398 38 14 un-

94 1424 98 29 dantaga
219 1424 150 22 underbefälet
396 1424 37 22 vid
456 1424 28 22 de
505 1423 105 23 värfvade
632 1424 71 23 finska
728 1426 118 31 trupperna
