1023 1823
771 130 41 24 627

90 195 72 26 beslut
181 198 7 22 i
207 196 63 30 fräga
290 202 34 18 om
342 196 175 31 reorganisation
535 197 26 24 af
575 198 116 23 städernas
705 198 134 23 kommunal-

89 233 145 29 förvaltning;

158 268 23 29 2)
197 268 115 28 angående
328 268 36 22 det
379 268 119 28 höglofliga
513 268 100 22 ståndets
626 267 71 23 beslut
707 269 41 27 att,
759 267 8 22 i
777 267 63 29 fråga

90 309 35 15 om
147 302 96 28 lindring
260 302 8 21 i
288 302 269 28 hällskjutsningstungan
579 304 57 20 samt
657 305 52 25 väg-
733 302 40 22 och
792 302 48 22 bro-

89 336 113 30 byggnad,
218 336 40 23 hos
274 337 60 22 Hans
350 337 126 28 Kejserliga
490 337 114 28 Majestät,
619 336 8 22 i
641 336 70 22 likhet
721 336 50 23 med
781 336 59 23 hvad

90 371 232 23 ekonomie-utskottet
336 372 8 21 i
360 372 36 22 sitt
411 372 140 22 betänkande
566 371 123 29 föreslagit,
705 371 90 22 anhälla
808 373 32 20 att

89 407 23 21 åt
127 406 138 28 sakkunnige
280 408 50 20 män
346 406 71 22 blefve
433 406 122 29 uppdraget
570 408 33 20 att
617 405 70 23 samla
701 406 139 28 tillgängliga

88 441 158 29 upplysningar
264 441 115 28 angäende
395 441 131 28 utgörandet
541 440 25 22 af
577 440 92 23 berörde
684 440 79 22 besvär
778 440 62 22 säväl

88 477 7 22 i
111 476 161 29 landsorterna,
292 483 46 15 som
360 476 8 21 i
386 474 91 24 landets
494 475 79 29 städer,
593 477 56 20 samt
667 475 125 22 sedermera
806 475 34 22 till

88 511 108 29 styrelsen
212 511 93 22 aflemna
320 511 43 22 den
378 510 126 29 utredning,
517 517 46 16 som
573 510 84 22 kunnat
667 510 171 29 ästadkommas,

85 547 69 28 jemte
170 545 133 29 detaljeradt
317 545 83 29 förslag
415 545 105 28 antingen
536 545 33 22 till
585 545 65 22 dessa
664 545 91 22 besvärs
770 545 69 22 öfver-

88 581 97 28 tagande
204 581 25 21 af
245 583 82 26 staten,
350 581 53 21 eller
423 587 35 15 om
479 581 60 21 detta
554 581 94 26 ansäges
663 579 19 28 ej
699 579 76 22 kunna
789 579 51 22 med

88 614 70 23 fördel
174 615 33 22 för
222 615 28 22 de
265 615 164 29 skattskyldige
440 615 147 28 genomföras,
598 615 29 28 pä
637 613 58 23 hvad
705 616 44 20 sätt
759 613 80 29 ifräga-

88 650 98 23 varande
205 650 79 22 besvär
302 649 74 23 kunde
391 650 99 28 jemnast
509 649 96 22 fördelas
625 648 41 23 och
680 648 94 29 lindras;
789 655 49 16 men

90 687 32 20 att
137 685 50 22 med
202 685 44 21 alla
262 684 70 22 andra
348 684 103 29 ätgärder
466 684 34 22 till
509 685 113 21 besvärets
632 683 99 22 lättande
741 684 98 21 emeller-

88 720 33 21 tid
136 720 68 21 mätte
214 720 73 28 anstä,
299 721 59 20 utom
368 721 33 20 att
412 719 107 29 styrelsen
530 719 57 28 ägde
598 718 23 29 a)
631 718 69 28 jemte
711 718 38 23 det
759 718 80 28 skjuts-

88 755 66 28 legan
169 755 48 21 från
232 755 27 22 de
274 754 158 29 gästgifverier,
449 755 13 21 å
478 754 74 22 hvilka
568 753 153 28 skjutsningen
731 753 108 23 bestrides

89 789 25 22 af
127 789 27 22 de
168 789 239 29 skjutsningsskyldige
423 789 87 28 sjelfva,
523 788 133 23 fortfarande
667 788 67 23 borde
744 789 53 27 utgä
806 788 34 22 för

89 823 76 29 hvarje
184 824 49 22 häst
252 824 51 21 med
322 824 30 21 tio
370 824 66 28 penni
451 824 33 22 för
499 825 96 27 versten,
611 823 85 28 förhöja
711 823 128 22 densamma

89 859 48 21 från
158 859 26 22 de
203 859 158 28 gästgifverier,
382 859 14 21 å
414 859 75 21 hvilka
509 857 153 30 skjutsningen
679 861 24 18 är
719 858 119 22 öfverläten

90 894 23 22 3t
128 897 146 25 entreprenör,
290 893 33 23 till
338 893 82 23 femton
434 894 66 28 penni
515 893 34 23 för
563 895 95 27 versten,
675 893 40 22 och
729 892 41 30 b)i
784 892 54 23 före-

90 928 132 23 kommande
240 928 39 22 fall
298 929 122 21 bestämma
436 928 34 22 för
489 928 76 22 hvilka
584 928 64 22 broar
667 928 41 22 och
726 928 34 21 till
781 927 58 23 hvad

91 964 79 28 belopp
185 964 161 28 bropenningar
361 964 36 20 mä
412 963 22 21 få
449 963 110 29 uppbäras
574 964 56 20 samt
645 969 34 15 om
694 962 67 22 dessa
776 962 64 22 skola

90 999 102 27 erläggas
208 998 25 22 af
245 998 45 22 alla
304 997 135 29 vägfarande
454 998 54 22 eller
523 997 78 23 endast
616 997 25 23 af
653 997 59 29 dem,
729 1004 47 16 som
790 1004 49 16 resa

90 1034 50 22 med
156 1032 209 30 gästgifveriskjuts;

158 1068 22 29 3)
200 1068 24 22 af
239 1067 107 29 innehäll,
367 1069 33 21 att
417 1068 154 28 ridderskapet
589 1066 40 24 och
647 1066 66 23 adeln
733 1066 106 29 enhälligt

90 1103 114 29 godkännt
230 1103 256 29 expeditionsutskottets
510 1103 84 28 förslag
615 1102 34 22 till
670 1102 114 28 inledning
805 1102 34 22 till

90 1138 226 29 landtdagsbeslutet
308 1134 13 37 ;

158 1172 23 29 4)
203 1172 83 29 derom,
306 1174 32 20 ait
354 1172 37 22 det
405 1172 119 28 höglofliga
539 1171 88 23 ständet
641 1172 114 28 godkännt
769 1171 71 28 lagut-

91 1208 93 22 skottets
205 1207 140 22 betänkande
365 1207 7 22 i
391 1207 119 28 anledning
531 1206 25 23 af
573 1206 124 22 äterremiss
717 1206 25 22 af
758 1206 82 29 nädiga

91 1242 163 28 propositionen
276 1242 115 28 angäende
410 1242 118 28 ändringar
547 1241 41 23 och
608 1241 78 28 tillägg
705 1240 38 23 vid
762 1241 77 28 lagens

91 1276 124 28 stadgande
230 1284 35 14 om
280 1276 205 29 förmyndarevärd
476 1272 14 38 ;

160 1311 22 29 5)
199 1311 50 22 med
263 1311 213 27 tillkännagifvande
491 1311 83 28 derom,
590 1312 33 20 att
637 1309 153 29 ridderskapet
800 1310 40 22 och

92 1345 66 23 adeln
177 1346 89 27 afslagit
285 1345 173 22 bondeständets
478 1345 130 28 inhjudning
627 1346 32 20 att
679 1344 90 28 deltaga
783 1344 8 22 i
803 1344 37 22 be-

92 1379 73 23 mälde
180 1380 77 22 ständs
271 1379 73 23 beslut
357 1381 32 20 att
404 1379 78 29 afsäga
496 1380 35 28 sig
540 1378 301 23 husbehofsbrännvinsbrän-

91 1414 198 28 ningsrättigheten
314 1414 50 22 med
390 1413 71 23 vilkor
490 1416 33 20 att
545 1413 19 29 ej
588 1414 95 21 allenast
699 1413 143 28 jordskatten

92 1448 55 22 eller
166 1448 44 21 alla
225 1448 47 20 frän
284 1448 81 27 jorden
380 1448 109 27 utgäende
504 1448 114 28 utskylder
632 1448 33 20 till
680 1447 94 28 kronan,
788 1450 56 19 utan
