1025 1809
797 121 41 21 808

150 196 155 38 Onsdagen
326 198 55 27 den
403 198 36 27 13
462 198 73 38 april
555 198 40 28 kl.
619 200 37 26 12
676 202 38 34 på
734 200 101 36 dagen.

183 253 91 22 Plenum
300 254 113 28 öppnades
438 254 49 22 med
513 254 25 22 af
560 254 205 29 kontraktsprosten
788 256 78 21 Hellén

114 286 74 23 hållen
204 287 49 23 bön.

183 322 42 22 Vid
250 322 64 23 skedt
340 330 83 22 upprop
448 330 51 15 voro
528 323 99 23 ståndets
653 324 102 28 samtlige
781 327 58 20 ännu
860 325 8 21 i

115 356 79 23 staden
226 357 123 27 gvarblifna
379 358 120 22 ledamöter
532 359 110 21 tillstädes
675 359 50 22 med
756 359 113 28 undantag

116 391 24 22 af
156 391 139 28 domprosten
314 392 93 22 Renvall
422 393 40 21 och
478 393 138 28 vicepastorn
632 400 42 15 von
691 394 81 27 Essen,
793 393 75 22 hvilka

116 432 51 15 voro.
180 426 25 21 af
214 425 57 23 förut
279 426 32 22 till
324 426 133 29 protokollet
470 427 138 22 antecknade
617 427 91 22 orsaker
715 427 152 22 frånvarande.

184 495 43 22 Till
238 495 111 29 justering
364 496 112 29 upplästes
492 503 39 16 sex
547 496 110 23 särskilda
666 497 203 28 protokollsutdrag

116 530 92 21 rörande
224 530 27 22 de
265 531 25 21 af
300 530 88 23 ståndet
401 531 69 22 under
480 531 113 28 gårdagen
603 531 84 22 fattade
699 532 81 28 beslut,
792 532 76 22 hvilka

115 564 71 22 skulle
201 564 145 23 medstånden
362 565 115 28 delgifvas.

183 633 123 29 Föredrogs
324 634 41 22 och
378 635 130 27 godkändes
519 635 105 28 enhälligt
636 637 30 20 ett
676 635 48 22 från
735 636 132 27 prestastån-

116 667 48 23 dets
180 668 101 22 enskilda
296 669 176 22 besvärsutskott
487 669 119 22 inkommet
622 669 141 23 betänkande
773 671 7 20 i
792 670 75 22 anled-

115 703 53 27 ning
194 703 26 21 af
237 703 123 28 professorn
383 703 136 22 Schaumans
542 704 187 29 petitionsförslag
751 705 116 27 angående

115 736 125 29 förhöjning
264 737 24 22 af
310 737 275 30 fänghuspredikanternes
606 738 97 28 aflöning
725 745 27 16 m.
774 746 34 21 m.
834 739 35 22 sä-

115 771 108 28 lydande:

186 807 153 28 nHögvördiga
354 807 162 29 prestaständet
532 807 39 22 har
586 807 33 22 till
632 807 50 22 dess
693 807 175 23 besvärsutskott

116 841 168 22 äterremitterat
303 841 42 22 den
366 841 24 22 af
406 841 166 23 undertecknad
590 841 126 22 Schauman
736 842 81 22 väckta
831 849 37 22 pe-

116 875 152 29 titionsfrägan
289 883 35 15 om
344 877 123 22 förbättrad
488 877 97 27 aflöning
604 876 34 22 för
657 876 211 29 fänghuspredikan-

116 913 61 20 terne
192 912 8 21 i
215 911 84 29 landet,
317 912 50 22 med
381 912 108 22 anmodan
501 914 32 20 att
543 914 100 19 närmare
655 911 117 22 formulera
782 912 98 27 petitio--

116 953 42 14 nen
179 946 6 21 i
206 945 37 23 det
263 946 57 29 syfte
340 947 42 21 den
403 947 31 21 uti
452 946 88 23 ständet
556 945 135 23 beträffande
707 953 84 15 samma
805 946 64 28 fräga

116 981 113 27 förelupna
245 981 154 22 diskussionen
414 981 89 22 utvisar.

185 1015 71 22 Jemte
277 1015 37 23 det
332 1015 107 23 utskottet
457 1015 40 22 har
515 1018 53 19 äran
588 1015 114 22 återställa
723 1015 146 22 remisshand-

116 1049 108 30 lingarne,
248 1051 41 22 har
307 1051 118 28 utskottet,
447 1051 33 21 till
500 1051 137 28 fullgörande
657 1050 25 22 af
699 1051 99 22 ständets
817 1057 52 22 upp-

118 1085 64 28 drag,
197 1088 72 20 ansett
285 1086 120 28 petitionen
421 1086 74 21 kunna
511 1085 83 22 erhälla
610 1085 98 28 följande
723 1085 94 28 lydelse:

186 1120 36 22 Uti
243 1120 41 22 den
306 1120 25 22 af
347 1120 70 23 Eders
432 1120 124 28 Kejserliga
571 1120 103 27 Majestät
690 1120 33 21 till
739 1120 130 21 ständernas

117 1154 167 29 handläggning
297 1155 69 22 under
376 1155 149 22 innevarande
536 1154 107 28 landtdag
653 1154 130 28 förelaggda
793 1161 76 22 propo-

118 1189 75 28 sition,
213 1196 46 15 som
274 1189 94 22 handlar
383 1197 33 14 om
433 1189 110 22 allmänna
559 1189 95 28 grunder
668 1188 33 23 för
715 1196 27 15 en
757 1196 30 21 ny
802 1189 66 21 brott-

117 1224 103 28 mälslag,
241 1224 58 22 talas
320 1224 63 21 äfven
401 1224 18 28 ej
436 1224 84 22 mindre
535 1223 7 22 i
558 1223 119 22 allmänhet
693 1230 35 15 om
744 1223 41 22 den
801 1223 66 28 själa-

118 1258 62 29 värd,
201 1265 46 15 som
263 1259 25 21 af
298 1260 61 27 prest
373 1258 68 22 borde
456 1259 84 21 lemnas
556 1257 116 29 fängarna,
687 1260 28 19 än
731 1264 35 15 om
781 1257 27 22 de
824 1259 45 20 sär-

118 1293 74 21 skilda
214 1293 147 27 reglementen
384 1293 33 22 för
438 1293 149 27 fängelserna,
610 1292 76 21 hvilka
706 1292 87 21 komma
808 1291 7 21 i
831 1291 38 22 ad-

118 1327 131 22 ministrativ
269 1330 43 25 väg
331 1329 32 19 att
382 1327 108 28 utfärdas,
507 1327 40 22 och
562 1327 8 21 i
585 1326 75 21 hvilka
675 1325 193 28 fängvärdsperso-

119 1361 76 23 nalens
218 1361 151 29 skyldigheter
390 1363 100 20 närmare
512 1360 140 23 framställas,
682 1360 11 21 I
711 1359 158 28 sammanhang

119 1396 89 21 dermed
224 1396 61 22 torde
300 1395 140 28 följaktligen
456 1395 63 22 äfven
530 1402 27 15 en
568 1394 154 28 aflöningsstat
732 1393 33 22 för
776 1393 93 22 nämnde

118 1430 102 27 personal
240 1430 88 21 komma
348 1432 32 19 att
396 1430 139 21 bestämmas.
565 1429 35 21 Då
616 1429 36 21 det
667 1435 29 14 nu
712 1430 24 19 är
750 1428 72 26 fallet,
839 1429 32 19 att
