1017 1767
211 127 41 21 124

183 198 49 16 nom
247 191 132 27 rättigheten
389 190 38 21 till
443 189 128 27 åtnjutande
588 188 24 22 af
623 188 42 22 den
675 188 86 22 kristna
772 187 97 29 kyrkans
879 188 51 26 hög-

183 228 34 20 sta
232 224 58 29 goda
305 236 28 4 —
347 224 97 22 Herrans
459 224 73 27 heliga
547 223 108 21 nattvard.

251 259 30 22 Af
297 258 37 22 det
349 258 41 28 jag
410 265 28 15 nu
454 258 45 21 haft
515 260 53 20 äran
584 257 85 29 anföra,
685 256 65 29 följer
765 259 32 19 att
808 257 49 28 jag,
875 263 55 21 som,

183 294 94 22 delande
298 293 27 22 de
347 293 81 27 åsigter
447 292 6 22 i
469 292 87 28 frågan,
574 299 46 15 som
636 291 152 29 kyrkoherden
804 292 127 27 Rosengren

182 330 7 20 i
205 329 33 21 sin
254 327 150 29 välgrundade
419 327 134 22 reservation
569 327 86 27 uttalat,
679 326 111 22 äfvensom
814 326 27 22 de
861 326 69 21 värda

181 363 92 28 talares,
299 369 46 15 som
372 362 6 21 i
404 361 152 22 hufvudsaken
581 363 67 27 yttrat
671 361 34 27 sig
727 362 6 20 i
758 368 83 14 samma
864 360 66 29 syfte,

182 398 69 22 måste
273 403 52 16 anse
346 396 117 22 utskottets
484 396 141 22 betänkande
643 396 7 21 i
668 396 50 22 dess
735 398 11 20 2
761 397 13 25 &
790 396 53 22 höra
854 395 76 22 under-

181 433 96 27 kännas;
293 432 93 21 likasom
406 430 37 22 det
462 434 24 18 är
505 431 110 27 sjelffallet
634 432 31 20 att
680 431 42 27 jag
740 430 49 22 icke
804 430 68 22 heller
887 430 45 22 kan

182 467 39 21 hos
242 466 37 22 det
299 465 135 29 högvördiga
453 466 88 21 ståndet
556 465 87 22 förorda
659 472 82 15 samma
758 466 31 26 8:s
805 465 6 21 i
828 465 41 22 den
886 465 46 27 kej-

182 501 81 28 serliga
287 500 162 29 propositionen
473 500 133 28 antagande,
630 500 49 21 med
698 500 83 22 mindre
797 500 42 22 den
854 500 77 21 under-

183 537 40 27 gär
242 535 28 22 de
289 534 184 28 modifikationer,
493 542 45 14 som
556 534 93 22 föresläs
668 535 6 21 i
693 534 101 22 bemälde
813 534 118 29 kyrkoher-

182 570 39 22 des
239 570 145 28 reservation,
408 570 12 20 ä
436 569 88 22 hvilken
537 570 41 28 jag
594 572 57 19 ännu
667 570 6 20 i
690 569 55 22 sista
761 569 93 22 stunden
869 571 62 26 tager

181 606 44 27 mig
248 604 91 22 friheten
363 603 57 23 fästa
443 604 58 22 mina
524 604 151 28 högtvördade
698 604 167 22 ständsbröders
879 610 51 22 upp-

181 639 158 27 märksamhet,
363 638 128 29 öfvertygad
511 645 46 15 som
576 638 42 28 jag
634 641 24 19 är
673 641 32 19 att
724 638 127 22 densamma
870 638 64 22 deraf

182 677 25 19 är
221 673 138 29 synnerligen
375 673 95 28 förtjent.

250 708 91 22 Prosten
365 708 42 22 Jul.
430 708 60 21 Imm.
507 707 97 29 Bergh:
626 708 209 28 Kontraktsprosten
854 708 77 22 Hellen

183 744 40 21 och
243 742 138 29 domprosten
404 742 58 28 Borg
477 742 65 22 hafva
558 742 68 22 redan
641 743 82 21 bemött
739 742 123 28 professorn
879 742 51 22 dok-

182 780 34 19 tor
237 777 136 22 Schaumans
394 784 68 21 svaga
485 777 39 21 och
548 776 113 22 ohållbara
681 778 101 27 tolkning
798 778 24 20 af
837 778 95 21 Herrens

182 812 111 22 föreskrift
315 818 34 14 om
372 818 26 15 en
422 811 145 28 oefterrättlig
589 811 106 29 syndares
718 812 144 28 behandling,
886 819 45 15 som

181 849 53 19 utan
255 845 84 29 påföljd
362 845 116 29 undergätt
500 846 223 29 varningsgraderna,
745 846 109 28 nemligen
876 846 54 23 före-

182 882 91 22 skriften
292 884 32 18 att
343 880 101 28 slutligen
466 880 72 27 hällä
554 880 78 22 honom
649 881 71 21 såsom
737 888 26 14 en
779 880 96 30 hedning
890 882 39 21 och

180 916 127 29 publikan.*
338 915 43 21 Det
397 922 50 14 vore
464 915 40 21 ock
520 915 73 22 alltför
608 916 74 27 lösligt
698 918 31 19 att
745 916 75 28 ätnöja
835 917 33 27 sig
881 917 50 21 med

181 958 26 15 en
224 951 25 21 sä
264 950 106 28 komplett
385 950 168 22 latitudinarism
570 950 63 22 äfven
650 950 6 21 i
669 951 130 27 exegetiken
811 951 39 21 och
865 948 65 24 bibel-

181 985 140 27 tolkningen,
342 991 45 15 som
404 984 42 21 den
463 984 25 22 af
500 984 49 22 herr
564 984 122 28 professorn
702 993 29 13 nu
747 985 104 21 anlitade.
881 985 49 21 Men

180 1020 19 27 ej
221 1018 84 22 mindre
328 1018 139 28 domprosten
490 1019 57 27 Borg
570 1021 28 19 än
622 1019 112 27 professor
752 1019 123 21 Schauman
891 1020 53 21 har:

179 1054 65 21 totalt
267 1053 140 21 missförstått
430 1053 53 27 mig,
507 1053 6 21 i
538 1052 36 22 det
590 1053 63 22 desse
669 1054 66 21 värde
753 1054 69 22 talare
837 1054 92 28 påstått,

180 1090 33 19 att
226 1087 51 29 jag,
298 1094 77 20 genom
394 1087 110 28 yrkandet
519 1088 24 21 af
556 1088 163 27 gemensamhet
735 1088 6 21 i
757 1089 118 28 sanningen
890 1088 40 22 och

179 1126 47 18 tron
247 1122 71 22 såsom
337 1122 96 27 kyrkans
451 1122 109 28 ,princip"
578 1122 54 22 eller
647 1124 92 25 rättare,
757 1122 50 23 dess
823 1123 106 28 väsende,

181 1156 71 22 skulle
282 1156 104 26 ,alldeles
417 1156 99 22 uteslutit
546 1157 112 21 kärleken"
687 1156 55 22 ifrån
769 1157 160 28 kyrkotuktens

179 1191 97 27 begrepp
297 1190 40 21 och
357 1190 105 28 utöfning.
492 1191 66 21 Detta
575 1193 23 19 är
614 1190 25 22 så
655 1191 87 28 mycket
757 1191 84 21 mindre
856 1191 73 29 fallet,

180 1232 46 15 som
241 1224 41 28 jag
301 1224 45 21 ofta
367 1224 117 22 betecknat
506 1225 42 21 den
569 1225 79 28 högsta
671 1226 121 27 sanningen
815 1226 49 21 med
887 1226 41 21 den

179 1260 68 28 heliga
270 1258 118 22 kärlekens
412 1260 96 21 attribut.
538 1260 152 27 Uttryckligen
711 1260 98 28 inrymde
825 1260 42 28 jag
888 1261 40 21 ock

179 1294 23 20 åt
225 1293 259 21 kärleksverksamheten
507 1294 58 26 plats
588 1294 6 20 i
617 1294 144 21 förevarande
781 1294 72 26 fråga,
870 1295 6 20 i
892 1295 36 20 det

175 1327 42 27 jag
235 1326 119 28 ingalunda
373 1326 85 27 yrkade
477 1327 28 27 på
524 1327 42 21 den
585 1327 218 21 exkommunicerade
823 1328 105 28 förbryta-

178 1367 50 15 rens
255 1359 138 23 uteslutande
418 1360 65 29 ifrån,
510 1362 52 20 utan
590 1363 92 19 tvärtom
709 1361 63 22 äfven
796 1361 42 23 den
860 1362 69 22 under

179 1394 72 23 denna
273 1396 124 26 strängaste
419 1395 53 22 form
496 1396 25 22 af
540 1395 119 29 kyrkotukt
678 1396 79 22 stadda
773 1397 155 27 brottslingens

177 1428 155 24 bibehållande
355 1429 68 23 under
446 1430 42 22 den
511 1432 105 21 ömmaste
639 1432 115 28 själavård
771 1432 39 22 och
827 1432 5 22 i
850 1432 78 22 sådant
