1025 1775
776 106 41 21 503

94 176 58 20 utom
173 176 76 25 annat,
270 173 29 28 pä
319 173 33 21 sin
374 172 35 22 del
430 174 32 20 att
480 171 129 23 underhålla
627 174 76 19 trenne
722 170 124 29 fattighjon.

93 209 44 27 Jag
158 209 43 20 kan
223 208 86 21 säledes
329 208 28 26 pä
379 206 91 22 anförde
488 207 49 21 skäl
557 207 50 21 icke
622 206 111 28 medgifva
749 209 32 18 att
796 206 50 21 ifrä-

94 242 127 28 gavarande
237 240 265 29 skjutsningsskyldighet
517 240 113 22 ähvälfves
646 240 27 22 de
690 240 157 22 ecklesiastika

95 277 166 27 lägenheterna,
283 277 25 20 sä
328 276 88 28 mycket
435 281 60 15 mera
516 282 45 15 som
582 276 38 21 det
640 278 25 19 är
685 275 89 22 osäkert
794 275 54 21 huru

94 311 77 27 frägan
191 317 35 14 om
245 310 140 27 reglerandet
403 309 25 21 af
442 309 176 27 presterskapets
639 309 96 27 aflöning
750 310 97 21 kommer

94 346 32 19 att
142 344 94 27 afgöras.
266 345 44 20 Det
324 343 110 22 förefaller
450 344 44 27 mig
509 344 42 21 ock
566 343 7 21 i
588 344 96 27 sanning
698 343 149 28 besynnerligt

94 381 32 18 att
153 378 69 21 under
244 378 37 21 det
301 378 91 21 allmänt
416 377 80 28 klagas
519 377 60 22 öfver
602 377 199 28 otillräekligheten
824 377 25 21 af

94 413 187 27 tjenstemännens
297 411 40 22 och
353 412 49 21 icke
418 412 66 21 minst
499 412 27 21 de
538 411 157 22 ecklesiastika
705 412 141 27 tjenstemän-

93 453 55 16 nens
163 447 106 27 aflöning,
285 447 65 21 desse
366 446 134 21 sistnämnde
516 446 58 22 dock
589 453 66 15 anses
665 446 75 22 kunna
751 446 57 22 afstä
819 453 27 14 en

94 481 35 22 del
145 481 25 21 af
183 481 27 21 de
225 481 50 21 dem
291 479 108 22 härintills
415 480 166 21 tillkommande
596 480 166 22 löneförmäner.

162 515 211 28 Kontraktsprosten
388 514 79 22 doktor
481 515 155 27 Hertzberg:
652 515 46 21 Här
713 515 40 22 har
767 517 79 26 yttrats

93 550 57 22 bäde
173 549 33 22 för
228 549 40 22 och
291 551 44 20 mot
357 549 105 27 förslaget
484 552 33 19 att
540 549 103 22 ähvälfva
661 549 184 28 prestaboställen

93 583 311 30 hällskjutsningsskyldighet
424 583 40 23 och
484 584 28 28 pä
533 583 53 23 visst
605 586 44 20 sätt
669 584 45 22 kan
728 584 42 28 jag
786 584 60 22 hålla

93 619 51 22 med
159 619 68 29 bäda;
239 619 42 28 jag
296 622 24 18 är
334 618 34 22 för
382 619 114 27 förslaget,
512 626 36 14 om
563 618 65 22 äfven
644 619 29 21 all
691 626 73 14 annan
776 619 69 28 jordi

92 654 117 22 framtiden
224 654 97 21 kommer
335 656 33 18 att
384 654 54 21 bära
453 654 72 21 denna
540 655 78 27 tunga,
634 660 49 15 men
690 654 42 27 jag
743 656 23 19 är
778 656 66 26 emot,

93 696 35 14 om
147 690 67 26 något
233 688 113 27 undantag
364 690 64 24 göres
448 688 48 21 från
516 688 85 28 regeln:
617 692 31 17 att
663 688 45 21 alla
719 688 126 28 jordlägen-

93 724 62 26 heter,
182 723 73 21 hvilka
279 730 31 13 nu
332 725 38 19 äro
394 722 95 28 befriade
506 722 58 29 från
586 722 258 29 skjutsningsskyldighet,

93 758 61 22 skola
168 758 41 28 för
222 757 121 29 framtiden
362 757 45 21 deri
424 756 91 30 deltaga.
544 757 50 21 Man
614 756 39 22 har
668 756 72 22 anfört
755 759 33 19 att
802 756 42 22 frå-

93 800 44 21 gan
152 792 70 28 gäller
237 791 130 28 privilegier,
383 790 76 23 hvilka
474 791 135 28 högvördiga
623 790 100 23 ståndets
733 797 111 22 represen-

93 829 71 20 tanter
184 827 49 21 icke
254 826 73 21 kunde
348 828 68 19 annat
436 828 28 19 än
484 826 106 21 försvara.
620 826 83 27 Frågor
723 825 25 22 af
761 833 84 15 samma

92 864 35 19 art
146 861 67 22 hafva
233 860 57 23 dock
309 859 68 23 redan
398 859 36 22 vid
454 859 136 28 landtdagen
609 859 114 29 förevarit,
744 863 52 19 utan
812 862 33 20 att

93 898 73 21 denna
186 896 57 27 åsigt
263 895 58 28 gjort
341 895 34 27 sig
395 895 104 26 gällande
515 895 54 21 eller
583 895 69 26 några
668 894 177 28 betänkligheter

92 938 40 16 ens
153 933 90 26 yttrats,
268 932 15 19 t.
307 936 34 15 ex.
366 929 78 27 frågan
463 935 35 16 om
517 929 117 27 personela
652 928 191 29 kronoutskylder,

92 966 76 21 hvilka
187 972 28 15 nu
233 964 95 22 åhvälfts
344 963 65 22 äfven
424 962 85 23 sådana
525 963 33 22 till
574 963 218 21 ecklesiastikstaten
806 963 37 22 hö-

92 1000 68 21 rande
181 1005 108 22 personer,
308 1004 46 16 som
374 997 141 22 härförinnan
534 997 48 21 från
602 997 49 21 dem
667 997 57 21 varit
739 997 104 22 befriade.

93 1034 74 22 Också
194 1034 39 21 har
258 1039 50 15 man
331 1035 49 24 sagt
403 1034 32 19 att
456 1031 199 28 prestaboställena
676 1031 8 20 i
707 1038 27 14 en
756 1031 88 21 framtid

92 1069 62 21 torde
174 1069 87 20 komma
277 1069 32 19 att
324 1068 78 25 utgöra
417 1065 176 28 presterskapets
609 1065 57 21 enda
681 1065 46 28 lön,
743 1065 101 22 hvarföre

92 1103 28 22 de
135 1103 50 21 icke
201 1103 28 27 på
245 1104 31 19 ett
291 1101 54 22 eller
360 1102 68 20 annat
443 1101 32 21 vis
490 1099 68 22 borde
573 1102 66 25 göras
654 1099 84 22 mindre
748 1099 94 22 förmån-

91 1138 53 27 liga.
174 1137 89 28 Hvarpå
285 1143 28 14 en
335 1135 70 22 sådan
427 1134 92 28 farhåga
540 1140 52 15 vore
615 1133 110 28 grundad,
745 1134 44 21 kan
802 1133 42 28 jag

91 1172 50 22 icke
156 1170 62 23 fatta.
249 1170 178 28 Presterskapets
442 1169 160 22 löneförmåner
617 1171 38 19 äro
670 1167 7 22 i
688 1167 156 29 privilegierna

92 1206 147 28 stadfästade,
259 1205 40 22 och
319 1204 74 22 kunna
412 1204 50 22 icke
481 1203 98 22 minskas
595 1203 52 21 eller
660 1202 116 22 förändras
791 1204 53 20 utan

93 1241 51 21 dess
161 1240 120 28 samtycke.
311 1239 41 21 Väl
371 1239 82 21 saknas
469 1238 19 27 ej
505 1237 100 28 exempel
620 1239 32 19 att
667 1236 7 22 i
690 1236 154 28 privilegierna

92 1274 163 22 tillförsäkrade
274 1274 109 21 förmåner
400 1272 71 22 blifvit
489 1278 27 15 en
536 1270 139 28 fråndömda,
690 1277 50 15 men
754 1270 22 21 vi
791 1270 51 28 hop-

91 1316 41 21 pas
152 1309 23 21 få
194 1306 248 28 ministeransvarighet,
463 1306 141 27 hvarigenom
625 1305 88 26 intrång
732 1304 7 22 i
758 1304 85 22 stånds-

92 1343 159 27 rättigheterna
271 1342 18 27 ej
312 1341 74 22 vidare
408 1347 50 15 vore
478 1343 32 18 att
529 1339 83 22 befara.
642 1339 43 27 Jag
706 1345 64 15 anser
785 1339 57 21 stån-

92 1377 49 22 dets
159 1377 176 26 representanter
353 1382 53 14 vara
425 1375 7 20 i
448 1375 32 21 sin
495 1374 54 21 fulla
564 1375 43 20 rätt
623 1375 32 19 att
671 1373 85 22 besluta
772 1373 6 20 i
795 1375 47 18 när-

92 1409 97 24 varande
208 1409 62 27 fråga
291 1409 40 21 och
350 1409 121 27 tillstyrker
491 1407 126 28 antagande
637 1407 24 20 af
673 1407 117 21 utskottets
807 1407 35 21 be-
