1028 1748
792 128 12 20 9

87 197 49 14 sons
147 189 95 29 försvar,
259 190 72 21 såsom
347 189 118 28 kejserliga
480 190 160 28 propositionen
656 192 37 22 det
707 192 124 28 uttryckeli-

87 231 42 20 gen
144 224 117 28 bekänner,
277 227 24 18 är
317 224 36 21 det
369 231 26 14 en
409 224 121 28 fullkomlig
545 226 93 21 anomali
654 227 40 21 och
709 226 122 22 förnekelse

87 258 25 21 af
127 258 144 27 grundsatsen
287 258 71 22 såsom
373 258 68 28 regel,
458 261 32 19 att
504 260 69 21 likväl
587 260 8 20 i
610 260 92 22 förhand
716 261 73 21 fordra
805 268 26 14 en

87 293 86 27 garanti
189 292 84 22 bärföre
285 293 47 27 just
343 292 24 22 af
375 293 41 21 den
427 293 114 22 såkallade
552 294 105 22 obesutna
666 295 165 28 befolkningen,

88 327 28 21 då
138 334 50 14 man
210 326 25 22 af
252 327 42 21 den
315 327 90 21 besutna
423 327 52 27 inga
494 328 110 27 garantier
623 328 89 29 fordrar,
728 329 49 21 icke
793 336 38 15 ens

87 362 29 27 på
138 361 79 28 sedligt
238 361 144 28 uppförande,
406 361 38 21 der
466 362 56 21 dock
540 362 71 22 vådan
631 363 44 21 kan
695 364 67 21 blifva
781 364 51 21 vida

88 398 67 20 större
175 396 33 22 för
226 396 126 22 samhällets
371 396 96 22 innersta
482 396 39 22 och
536 397 87 28 dyraste
638 398 151 22 förhållanden
804 401 28 19 än

87 437 78 21 genom
188 430 41 22 den
251 430 78 28 fattiga
349 431 125 21 arbetarens
493 431 122 28 möjligen
607 426 13 38 i
632 432 142 28 sysslolöshet
790 433 41 21 till-

88 466 76 27 bragta
179 465 130 27 vagabonda
323 465 137 22 lefnadssätt.

155 500 82 22 Likaså
256 500 119 27 uppvisade
393 500 49 21 herr
455 500 123 28 professorn
593 502 28 26 på
637 503 31 19 ett
682 501 150 28 fullkomligen

87 534 156 29 öfvertygande
263 536 52 26 sätt,
334 534 115 22 huruledes
467 535 117 22 utskottets
599 536 149 28 betänkande,
764 544 46 14 som
825 537 7 21 i

87 569 43 22 den
147 569 117 28 kejserliga
279 569 161 28 propositionen
454 570 50 21 med
520 570 84 28 tydliga
619 570 39 22 ord
674 571 100 21 anmärkt
790 571 41 22 den

87 604 130 22 omnämnda
240 604 80 21 bristen
342 604 29 28 på
393 604 163 28 principtrohet,
582 605 68 21 likväl
675 606 49 20 låtit
749 612 82 16 samma

87 639 154 28 principlöshet
259 639 86 21 komma
365 639 34 27 sig
416 638 33 22 till
464 639 51 28 last,
532 639 28 21 då
576 638 36 22 det
623 639 69 28 jemte
706 640 126 28 bosättning

87 674 40 22 och
147 673 190 28 mantalskrifning
357 673 24 21 af
394 673 42 22 den
452 674 106 21 obesutna
572 674 82 21 fordrat
669 678 31 18 att
717 675 42 21 han
777 676 56 21 skall

87 708 68 30 hafva
165 709 80 29 erlaggt
255 709 47 21 sina
313 708 107 28 utskylder
430 708 32 21 till
472 709 91 27 kronan,
575 716 26 14 en
612 709 85 27 garanti
709 710 24 20 så
745 710 86 28 mycket

88 744 122 27 obilligare,
227 750 45 15 som
288 743 41 21 den
345 743 92 22 besutna
452 743 119 27 ingalunda
585 743 33 22 för
638 744 111 22 bristande
764 744 67 22 betal-

88 778 52 28 ning
159 778 24 22 af
200 778 183 28 kronoutskylder
403 778 106 27 någonsin
528 778 39 22 hos
588 785 35 15 oss
642 779 56 21 varit
717 779 114 22 nödsakad

88 813 53 21 eller
155 813 116 27 förpligtad
287 815 32 19 att
335 813 54 21 söka
404 812 84 22 försvar
502 813 40 21 hos
557 820 71 14 annan
644 820 85 21 person.

156 847 63 22 Hvad
239 847 41 23 den
302 847 114 21 anmärkta
435 847 189 28 inkonsegvensen
639 848 7 20 i
662 848 169 22 utskottsbetän-

87 883 82 21 kandet
189 883 73 26 angär,
282 882 61 21 delar
357 882 42 27 jag
413 882 7 21 i
436 882 43 21 allo
495 882 48 21 herr
558 882 122 28 professorn
696 883 135 22 Schaumans

88 918 57 27 äsigt
160 917 79 22 derom.
271 917 118 21 Garantien
405 923 76 21 genom
495 917 193 28 kronoutskylders
699 918 132 27 erläggande

88 955 23 19 är
127 952 108 21 dessutom
251 951 62 28 ringa
329 951 40 22 och
383 951 73 27 ingen.
486 952 48 21 Den
549 951 105 22 refererar
669 952 34 27 sig
718 953 67 21 också
801 953 30 21 di-

85 987 50 22 rekt
150 986 33 22 till
198 986 42 21 den
256 986 111 21 enskildas
383 985 135 24 förhällande
534 986 32 21 till
581 988 77 26 staten,
669 987 49 21 icke
729 987 33 21 till
772 987 59 22 kom-

86 1029 88 19 munen,
191 1021 39 22 och
245 1021 88 22 förfelar
343 1021 47 27 just
405 1020 124 27 derigenom
545 1021 29 21 all
590 1021 96 27 egentlig
698 1021 133 22 användbar-

86 1057 37 20 het
138 1056 6 21 i
160 1056 66 21 lifvet.
256 1055 33 28 Ty
301 1055 47 28 just
363 1055 7 21 i
385 1055 86 28 frägan,
488 1055 104 22 huruvida
607 1056 72 27 nägon
695 1055 57 22 skall
768 1063 63 14 anses

86 1091 78 28 pligtig
179 1092 32 19 att
225 1090 55 21 söka
296 1097 27 14 en
338 1096 83 15 annans
436 1089 90 28 försvar,
542 1092 24 19 är
581 1089 36 22 det
631 1090 139 28 kommunen,
786 1097 46 15 som

86 1126 7 20 i
113 1125 69 22 första
201 1125 84 21 instans
304 1124 40 21 har
361 1124 40 21 och
419 1124 39 21 bör
473 1124 65 21 hafva
554 1124 67 21 ordet.
651 1125 77 20 Staten
743 1125 43 21 kan
802 1125 29 21 al-

87 1159 48 28 drig
155 1159 7 21 i
182 1159 67 21 första
263 1160 91 20 rummet
369 1158 118 22 öfvervaka
502 1158 227 28 sjelfförsvarsfrägan.
759 1159 72 21 Utom-

88 1194 50 21 dess
161 1196 24 18 är
207 1193 36 21 det
265 1193 64 28 klart,
353 1195 32 19 att
404 1193 25 21 sä
443 1193 54 22 visst
512 1200 46 14 som
572 1193 130 22 kommunen
717 1193 76 22 främst
808 1197 24 18 är

87 1227 118 28 förpligtad
219 1229 32 19 att
265 1227 69 27 draga
349 1227 83 27 försorg
447 1234 34 14 om
496 1227 48 22 sina
558 1227 151 22 medlemmars
727 1228 106 27 bergning

87 1262 41 21 och
146 1261 121 28 uppehälle,
291 1261 28 22 dä
339 1261 27 21 de
385 1261 25 21 af
422 1261 110 22 orklöshet
548 1261 52 22 eller
614 1261 136 28 bräcklighet
765 1261 68 22 blifva

88 1296 146 22 urständsatte
257 1297 32 20 att
312 1296 33 27 sig
363 1295 78 28 sjelfva
459 1295 97 29 försörja,
573 1296 25 21 sä
613 1296 53 21 visst
681 1296 69 21 måste
765 1296 67 22 också

88 1332 23 21 ät
133 1331 129 21 kommunen
284 1330 76 21 främst
382 1330 142 22 tillerkännas
543 1332 48 26 rätt,
608 1332 31 19 att
653 1330 59 21 vaka
727 1330 104 28 deröfver,

88 1368 32 19 att
135 1366 65 25 ingen
215 1365 24 20 af
252 1365 50 21 dess
317 1365 139 20 medlemmar
471 1365 122 26 tillbringar
610 1365 32 21 sin
657 1365 69 21 krafts
738 1365 39 20 och
788 1365 44 20 hel-

87 1406 37 15 sas
139 1399 67 26 dagar
221 1399 6 20 i
243 1398 64 27 lättja
322 1398 39 21 och
377 1398 147 27 sysslolöshet.
547 1399 11 20 I
564 1398 194 27 januariutskottet
769 1398 62 21 fram-

86 1433 45 24 höll
142 1433 42 30 jag
198 1432 67 23 redan
281 1432 24 22 af
317 1433 93 29 yttersta
424 1432 82 23 krafter
522 1431 71 22 denna
609 1432 159 28 angelägenhet
780 1433 52 22 eller
