1025 1803
216 134 40 21 798

255 199 126 23 Professorn
405 199 145 22 Schauman
573 198 99 22 erinrade
688 201 32 19 att
736 198 69 22 clerus
822 198 117 22 comitialis

188 234 62 22 alltid
266 234 80 28 afgjort
361 236 15 20 t.
391 240 33 15 ex.
441 240 34 15 om
491 236 214 26 representanternes
721 233 60 22 anta]
798 234 39 21 och
849 236 31 19 att
891 240 46 22 pre-

187 270 124 27 sterskapet
332 268 63 23 alltid
415 270 73 20 ansett
509 269 33 27 sig
562 268 82 22 bundet
664 268 25 22 af
706 271 31 19 ett
757 268 80 22 sädant
858 268 80 28 beslut,

188 304 72 21 såsom
278 304 25 21 af
318 304 43 28 lag.
392 304 67 21 Detta
474 303 106 22 hindrade
597 303 56 22 dock
669 303 20 27 ej
706 306 32 19 att
753 303 36 22 vid
806 305 133 27 prestmöten

187 338 202 29 interimsätgärder
404 338 73 22 kunde
493 338 108 28 vidtagas.

256 373 210 28 Kontraktsprosten
489 373 93 22 Hellen
605 373 70 28 ansåg
695 375 41 26 att,
759 373 28 22 dä
807 373 6 21 i
833 373 106 27 förslaget

188 407 63 22 fanns
268 408 124 22 framstäldt
411 407 116 28 åtskilligt,
544 414 46 15 som
609 407 19 28 ej
644 407 187 22 öfverensstämde
846 407 50 22 med
911 414 29 15 nu

188 442 103 28 gällande
310 442 221 28 landtdagsordning,
550 444 16 19 t.
585 448 33 15 ex.
634 441 58 22 hvad
708 442 80 28 angick
803 442 136 28 kapellaner-

188 483 38 16 nes
246 477 66 28 tvång
332 478 32 20 att
383 477 88 27 deltaga
490 476 7 22 i
516 477 211 28 representationen,
747 477 7 21 i
773 476 62 28 fråga
851 477 88 21 hvarom

188 512 138 27 vieepastorn
339 511 108 29 Beyraths
459 511 169 28 anmärkningar
638 511 125 29 förtjenade
773 511 114 29 afseende,
899 511 41 22 för-

188 546 72 28 slaget
277 549 52 19 utan
349 547 69 27 några
432 546 164 28 bestämningar
611 545 67 23 borde
695 545 145 23 öfverlemnas
856 546 32 22 till
904 546 36 21 be-

189 580 106 29 handling
309 580 38 23 vid
362 583 139 26 prestmöten.

257 616 145 28 Domprosten
418 616 68 27 Borg
501 615 51 22 fann
566 616 42 28 sig,
625 615 7 22 i
648 615 120 28 anledning
784 616 25 21 af
819 615 58 22 hvad
888 615 53 22 kon-

189 649 159 28 traktsprosten
369 650 77 21 Hellön
465 652 77 26 yttrat,
559 649 122 23 föranläten
698 652 32 20 att
745 657 97 22 upprepa
857 651 38 21 det
909 650 31 21 ät-

189 685 108 22 minstone
313 687 214 26 representanternes
543 685 59 22 antal
618 685 67 22 borde
702 685 25 22 af
739 685 69 22 clerus
824 684 117 23 comitialis

190 719 142 29 bestämmas,
355 726 48 15 men
424 719 76 27 frågan
521 719 33 22 för
574 719 74 28 öfrigt,
664 719 85 28 jemväl
768 719 59 23 hvad
845 719 42 22 den
903 726 36 15 an-

190 754 50 26 gick
254 754 167 28 kapellanerne,
437 754 32 21 till
486 756 117 26 prestmöte
619 754 152 22 öfverlemnas.

256 788 159 29 Kyrkoherden
435 788 151 28 Rosengren
607 788 73 22 kunde
700 789 49 21 icke
770 789 47 23 inse
835 788 55 22 huru
905 788 36 23 val

190 822 26 22 af
231 825 30 20 ett
284 823 110 22 bestämdt
417 823 59 22 antal
499 825 175 27 representanter
696 823 74 23 kunde
793 823 147 29 genomföras,

190 865 34 15 om
243 858 59 22 valet
321 857 84 23 skedde
423 858 156 23 kontraktsvis.
610 858 147 22 Gemensama
776 858 34 22 val
827 865 50 16 vore
894 858 47 22 der-

190 892 45 22 före
250 893 78 21 bättre.

258 928 210 27 Kontraktsprosten
484 928 96 22 Hellen
597 927 98 23 önskade
711 930 32 20 att
754 928 83 22 antalet
848 928 93 22 bestäm-

190 962 39 22 des
244 962 33 22 till
294 962 66 22 minst
375 962 24 22 sä
415 963 79 27 mänga
509 969 46 16 som
570 962 37 22 vid
623 962 72 22 denna
710 962 107 29 landtdag
834 963 56 22 varit
901 962 41 22 för-

190 997 106 22 samlade.

258 1032 91 22 Prosten
365 1032 26 22 H.
407 1032 96 22 Heikel
518 1032 52 22 ville
586 1034 31 20 att
633 1032 84 22 antalet
727 1032 71 22 skulle
810 1032 132 23 bestämmas

191 1066 32 22 till
243 1067 66 21 minst
328 1066 25 22 sä
371 1066 88 27 mänga,
481 1074 45 14 som
543 1066 123 29 professorn
682 1066 124 22 Schauman
821 1066 120 29 föreslagit.

259 1101 146 28 Domprosten
425 1101 78 22 doktor
522 1102 67 27 Borg
607 1109 39 14 var
664 1108 52 15 ense
734 1101 75 23 härom
829 1102 50 22 med
894 1109 47 21 pro-

191 1137 48 22 sten
258 1135 89 30 Heikel,
365 1135 56 23 helst
436 1136 190 23 kommittenterne
642 1136 64 23 äfven
720 1137 72 22 blefve
807 1136 84 23 mindre
907 1136 35 23 be-

190 1170 96 29 tungade
298 1177 34 16 om
347 1173 213 26 representanternes
571 1171 61 22 antal
647 1172 2 21 i
661 1172 73 27 nägon
746 1172 49 21 män
808 1171 134 23 minskades.

259 1205 126 22 Professorn
405 1205 78 22 doktor
502 1205 100 23 Geitlin
620 1206 99 27 yttrade:
734 1207 38 20 Att
787 1206 33 22 till
835 1209 61 19 snart
911 1206 32 22 in-

191 1239 107 23 träffande
319 1241 134 26 prestmöten
473 1240 111 22 remittera
604 1240 168 28 ifrägavarande
792 1240 24 22 af
833 1241 110 27 professor

192 1273 133 28 Schauman,
347 1274 28 28 pä
395 1274 135 28 högvördiga
545 1274 99 22 ständets
660 1274 106 28 begäran,
783 1277 103 26 uppsatta
901 1274 42 22 för-

191 1308 57 28 slag,
260 1314 64 16 anser
335 1308 43 28 jag
393 1308 135 29 nödvändigt
544 1308 78 23 endast
638 1316 45 15 som
701 1316 26 15 en
741 1308 159 23 förberedande
911 1309 31 21 ät-

190 1342 64 27 gärd,
276 1342 34 21 för
324 1344 33 18 att
377 1342 96 21 inhemta
492 1343 184 27 presterskapets,
697 1344 6 20 i
720 1343 33 20 sin
769 1342 82 28 helhet,
863 1343 57 27 äsigt
936 1343 7 21 i

191 1377 82 26 ämnet,
290 1376 40 21 och
347 1382 64 21 synes
427 1375 37 21 det
479 1376 43 28 mig
538 1383 46 15 som
600 1376 68 22 borde
683 1376 52 28 inga
751 1376 136 22 föreskrifter
903 1376 39 22 och

190 1410 72 22 vilkor
276 1416 29 15 nu
319 1409 68 22 redan
402 1410 29 28 pä
446 1408 92 24 förhand
554 1410 141 29 bestämmas,
712 1412 52 20 utan
779 1410 164 30 presterskapet

191 1444 84 23 lemnas
294 1443 87 24 tillfälle
401 1446 32 20 att
451 1443 45 23 fritt
511 1445 40 22 och
567 1445 145 23 obehindradt
727 1447 58 27 yttra
800 1445 34 29 sig
847 1445 7 22 i
870 1445 73 22 denna
