1020 1761
199 127 27 20 85

171 190 113 27 brottslige
308 191 18 26 ej
347 190 32 21 får
400 197 100 14 anamma
521 189 139 27 nattvarden,
677 189 65 21 innan
764 189 41 20 han
821 188 99 21 inställer

171 225 34 26 sig
230 224 39 21 hos
289 225 33 20 sin
342 224 151 27 själasörjare,
512 224 21 20 in
554 224 28 26 på
597 223 98 27 kyrkans
715 223 93 20 område.
839 222 82 21 Likaså

171 259 39 26 går
236 259 39 20 allt
294 258 36 21 det
351 258 69 27 öfriga
439 259 5 19 i
466 257 130 28 paragrafen
612 257 45 21 helt
673 257 40 20 och
727 257 68 20 hållet
811 257 57 20 inom
885 256 36 21 det

171 292 103 28 kyrkliga
295 293 105 26 området,
418 292 39 20 och
473 293 70 20 skulle
559 292 28 26 på
603 291 41 21 den
659 291 97 27 grunden
773 291 74 21 kunna
857 290 64 22 förbi-

172 326 51 27 gås;
243 333 48 14 men
315 326 101 22 eftersom
435 326 36 21 det
493 326 70 21 blifvit
586 326 39 20 här
650 326 94 26 intaget,
768 325 36 21 vill
822 325 41 27 jag
879 324 44 27 mig

173 360 62 21 äfven
258 360 99 22 deröfver
372 361 78 21 utlåta:
475 360 95 27 Sålänge
586 360 85 27 kyrkan
688 359 56 21 skall
764 360 72 20 såsom
852 358 71 29 kyrka

174 395 105 27 existera,
305 396 25 20 så
355 395 44 21 kan
415 395 19 27 ej
455 396 68 20 heller
543 395 41 20 den
604 394 61 21 makt
683 394 86 27 kyrkan
786 394 49 27 fått,
852 393 71 21 henne

174 428 123 29 fråntagas;
322 429 90 27 sålänge
435 429 130 28 nycklarnes
588 429 61 20 makt
671 431 56 19 samt
750 428 61 21 ordet
836 445 7 9 ,
849 428 74 21 kaster

174 463 49 21 icke
247 463 52 21 edra
326 464 71 27 perlor
424 463 33 21 för
482 464 47 20 svin
555 462 39 22 och
621 463 37 21 det
679 463 69 27 heligt
771 464 24 18 är
816 461 33 22 för
871 462 52 20 hun-

174 497 81 21 darne*
275 498 49 21 icke
340 498 116 28 utskrapas
472 498 54 21 ifrån
543 497 101 27 skriften,
662 498 24 20 sä
701 497 65 27 länge
780 497 69 20 måste
860 496 65 21 äfven

174 530 156 29 församlingen
352 532 66 21 hafva
443 532 60 21 makt
526 534 32 18 att
582 532 130 27 bestämma,
738 530 74 22 hvilka
835 530 35 22 må
893 530 32 21 till

175 566 129 21 nattvarden
329 566 136 27 admitteras,
489 566 75 22 hvilka
587 565 58 28 icke,
672 565 40 22 och
727 565 28 21 då
770 565 155 26 församlingen

176 599 116 28 uppdragit
314 600 178 22 handhafvandet
512 601 25 20 af
554 600 71 21 denna
646 600 60 21 makt
722 600 22 21 ät
759 599 166 28 själasörjaren,

176 633 24 22 så
226 633 73 22 tillhör
324 634 36 21 det
383 635 77 20 honom
479 637 32 18 att
534 634 13 21 å
567 634 166 27 församlingens
753 637 83 24 vägnar
850 633 77 28 pröfva

176 668 63 21 hvem
255 669 126 20 densamma
396 669 34 20 må
446 668 121 28 meddelas,
584 668 39 21 och
640 668 62 21 hvem
718 667 55 22 icke.

244 703 98 21 Emedan
364 703 62 27 fråga
448 703 63 21 äfven
533 703 54 20 varit
606 710 34 14 om
663 703 90 20 allmänt
772 702 40 21 och
831 701 96 23 enskildt

177 736 142 27 skriftermål,
336 737 25 20 så
376 736 52 21 ville
441 736 40 27 jag
497 737 64 20 äfven
580 735 73 21 derom
669 736 122 26 korteligen
806 737 69 26 yttra,
895 737 32 19 att

177 770 37 21 det
231 770 100 21 enskilda
347 773 24 18 är
387 771 36 20 det
437 771 56 21 enda
510 772 57 19 rätta
582 770 166 28 skriftermålet,
764 770 37 21 det
816 770 111 21 allmänna

179 804 78 21 endast
279 807 30 18 ett
333 805 134 27 nödvändigt
486 805 61 24 ondt,
571 805 140 27 uppkommet
729 804 64 21 deraf
811 806 31 19 att
862 804 64 27 själa-

178 838 98 27 sörjaren
300 839 18 27 ej
343 839 43 21 kan
407 839 64 21 hinna
497 838 104 22 särskildt
624 839 77 21 skrifta
724 839 53 20 hvar
796 839 40 20 och
852 845 33 14 en.
901 851 28 2 —

179 872 44 21 Allt
239 872 61 22 detta
314 873 39 21 hör
369 873 57 21 dock
442 874 32 20 till
490 874 97 27 kyrkans
599 873 97 28 område;
712 873 39 21 och
763 873 36 21 har
810 873 38 27 jag
860 875 68 26 yttrat

179 906 44 27 mig
243 906 75 22 härom
340 907 54 22 blott
418 908 95 27 derföre,
538 909 31 19 att
589 907 103 29 kyrkliga
712 907 162 28 bestämningar
890 908 39 20 här

180 940 69 22 blifvit
265 941 95 27 intagna.

247 976 91 21 Prosten
362 976 42 22 Jul.
425 976 60 22 Imm.
507 976 93 27 Bergh:
625 976 78 22 Såsom
718 976 41 27 jag
783 976 67 21 redan
873 976 56 22 förut

178 1012 77 24 yttrat,
276 1016 64 15 anser
355 1010 41 27 jag
412 1010 71 21 denna
499 1012 12 25 &
527 1011 77 20 beröra
620 1017 25 14 en
662 1010 24 21 af
701 1010 97 28 kyrkans
814 1010 117 28 vigtigaste

180 1042 118 28 lifsfrågor,
317 1044 92 21 emedan
428 1044 41 22 den
489 1047 62 24 utgör
567 1044 52 21 eller
635 1044 130 22 åtminstone
782 1044 84 26 ganska
877 1047 54 18 nära

180 1076 62 22 berör
261 1080 30 25 ett
311 1078 77 27 vigtigt
409 1081 94 19 moment
521 1079 7 20 i
547 1085 41 15 ena
608 1078 147 21 hufvudsidan
775 1078 25 21 af
816 1078 50 21 hela
881 1078 50 27 kyr-

180 1110 56 22 kans
257 1113 120 27 organism,
397 1113 109 27 nemligen
529 1113 50 20 dess
598 1112 134 27 författning.
756 1125 28 2 —
804 1113 128 27 Vicepastor

180 1152 42 14 von
237 1146 70 21 Essen
326 1146 40 21 har
384 1147 75 26 riktigt
477 1147 91 27 angifvit
584 1147 98 27 frågans,
699 1147 25 21 så
740 1149 31 18 att
787 1148 62 26 säga,
866 1147 65 21 situa-

179 1179 56 28 tion,
257 1180 111 28 äfvensom
389 1181 115 27 skilnaden
525 1180 78 22 mellan
625 1180 247 22 utskottsbetänkandet
891 1180 41 22 och

181 1213 41 22 den
244 1214 119 28 kejserliga
382 1215 163 27 propositionen
566 1214 40 22 och
624 1215 6 21 i
650 1215 61 21 detta
731 1214 104 22 afseende
856 1214 76 28 riktigt

182 1249 110 26 anmärkt,
316 1251 32 19 att
367 1249 106 21 utskottet
491 1249 105 27 förflyttat
615 1249 76 27 frågan
709 1248 47 22 från
773 1249 159 27 kyrkotuktens

182 1283 32 21 till
234 1282 150 28 själavårdens
400 1283 94 21 område.
524 1284 49 20 Men
592 1283 58 21 hvad
664 1283 123 27 vicepastor
806 1290 41 14 von
863 1283 69 21 Essen

182 1316 118 23 framhållit
326 1316 71 21 såsom
419 1322 26 15 en
467 1316 109 27 förtjenst,
596 1316 83 26 nödgas
696 1315 41 28 jag
756 1316 8 20 i
784 1315 38 21 full
842 1318 91 19 motsats

182 1350 97 20 deremot
294 1356 53 14 anse
368 1350 70 20 såsom
460 1351 30 19 ett
513 1350 120 27 uppenbart
656 1349 38 28 fel,
714 1349 35 28 ja,
776 1351 30 19 ett
827 1349 39 28 fel,
887 1356 46 15 som

181 1384 91 22 innebär
287 1390 28 16 en
337 1384 114 27 betänklig
470 1384 56 21 våda
546 1384 33 21 för
599 1384 97 28 kyrkans
717 1383 151 28 sjelfbestånd.
899 1384 35 21 Då

181 1418 109 28 nemligen
304 1418 76 28 frågan
392 1418 69 28 gäller
471 1418 101 28 lagförda
583 1418 39 22 och
634 1418 96 28 lagligen
742 1418 106 22 förvunna
856 1418 77 22 brotts-
