1020 1809
770 123 38 21 421

93 185 73 23 halfva
188 186 94 29 antalet;
303 194 49 14 men
374 187 128 22 försummar
524 187 124 23 afträdaren
668 189 32 20 att
718 188 57 22 inom
795 188 42 22 den

93 221 25 21 af
137 224 133 24 guvernören
292 223 83 20 utsatta
394 222 31 21 tid
448 222 100 27 begagna
563 222 34 28 sig
612 222 25 21 af
650 222 70 21 denna
736 224 33 20 sin
785 225 52 25 rätt,

93 255 35 21 mä
145 255 45 21 alla
207 255 232 28 värderingsmännens
458 256 147 21 utnämnande
623 256 116 21 ankomma
757 257 28 27 pä
801 263 36 20 gu-

93 291 105 19 vernören
221 291 89 19 ensamt.
341 289 73 21 Sedan
434 290 144 26 värderingen
601 290 7 20 i
626 290 145 21 föreskrifven
790 290 47 21 ord-

92 322 54 28 ning
163 322 125 28 försiggätt,
308 326 40 24 äge
367 326 134 24 guvernören
517 325 58 20 sätta
593 324 53 27 den,
662 330 47 15 som
724 324 113 27 vederbör,

92 356 7 22 i
114 356 120 28 besittning
248 356 26 22 af
286 357 36 21 det
337 357 33 21 till
386 356 129 22 afträdande
530 357 114 22 bestämda
660 358 97 20 området
768 358 70 26 jemte

93 390 53 22 derä
166 391 111 27 befintlige
296 390 128 29 byggnader
441 392 40 21 och
500 391 151 27 inrättningar,
671 394 57 19 emot
746 391 93 21 utbetal-

93 424 53 28 ning
166 425 24 22 af
206 425 230 27 ersättningssumman
450 425 32 21 till
494 424 134 28 jordägaren
644 425 55 22 eller
713 425 126 22 innehafva-

92 466 38 14 ren
149 459 41 21 och
210 461 52 19 utan
281 459 76 21 hinder
374 458 25 22 af
411 459 60 28 tvist,
488 465 45 15 som
549 458 114 28 angäende
679 460 160 26 ersättningens

93 493 79 28 belopp
192 493 44 21 kan
257 496 64 25 göras
340 493 117 28 anhängig.
487 493 42 21 Vill
549 493 42 21 han
610 493 41 21 den
670 493 19 29 ej
707 494 63 28 lyfta,
787 494 53 22 eller

93 530 24 19 är
136 527 134 28 egendomen
289 527 119 22 intecknad
426 528 40 20 och
486 528 89 28 uppstär
593 528 93 21 emellan
705 528 78 21 honom
799 528 41 22 och

93 562 69 22 andra
180 562 52 21 tvist
250 569 35 15 om
301 562 71 21 bättre
390 564 44 19 rätt
452 562 33 21 till
499 562 95 28 medlen,
610 562 36 21 mä
662 562 28 22 de
704 562 113 22 nedsättas
833 562 7 21 i

93 596 80 22 ränteri
192 596 53 21 eller
266 596 38 22 hos
322 596 72 27 någon
413 596 66 22 säker
496 595 166 29 räntegifvande
682 596 92 28 anstalt,
794 596 45 22 tills

93 631 78 21 tvisten
192 632 24 19 är
234 630 86 28 afgjord
336 630 52 22 eller
404 630 124 22 afträdaren
543 630 33 22 för
590 630 94 28 lyftning
699 630 25 22 af
736 630 37 21 det
789 630 50 22 ned-

93 667 59 20 satta
168 664 75 22 ställer
257 664 100 28 nöjaktig
367 664 110 22 säkerhet.
508 664 83 22 Varder
601 664 115 28 stridighet
726 671 33 15 om
771 667 68 19 större

95 699 89 22 område
204 699 59 22 lösas
287 698 67 28 skall,
378 698 53 22 eller
453 706 35 14 om
510 699 73 21 lösens
606 698 53 22 eller
680 698 160 28 ersättningens

93 734 88 28 belopp,
201 733 90 22 förfares
307 733 88 22 dermed
411 734 72 20 såsom
498 732 118 23 nedanföre
632 733 115 28 stadgas";
762 734 77 27 början

93 769 25 21 af
135 770 13 25 &
166 769 12 20 8
196 768 112 28 redigeras
327 767 104 22 sålunda:
451 784 8 10 ,
464 767 138 22 Guvernören
619 767 53 22 höre
691 770 80 25 ägaren
788 768 52 21 eller

93 802 156 22 innehafvaren
268 802 40 22 och
324 802 68 28 öfrige
405 802 178 22 vederbörande"
600 808 18 15 o.
635 808 17 15 s.
667 809 29 20 v.,
713 808 50 16 men
777 809 62 21 para-

93 837 87 28 grafens
206 837 85 28 lydelse
314 836 8 22 i
348 836 66 28 öfrigt
439 836 122 22 bibehållas
587 836 68 27 enligt
681 836 158 28 betänkandet;

93 872 66 22 slutet
173 872 25 20 af
210 872 13 26 8
239 872 11 20 9
266 872 29 27 pä
309 870 97 28 följande
422 873 43 19 sätt
479 870 89 22 ändras:
585 870 125 26 ,äfvensom
725 870 114 28 angående

93 906 77 22 värdet
189 906 25 20 af
228 905 59 22 hvad
306 912 46 15 som
370 905 34 21 för
422 905 125 21 ändamålet
565 904 97 22 afträdas
682 904 80 28 skall*;
779 905 31 21 till
827 906 12 25 8

95 941 36 27 11,
146 940 7 21 i
168 939 88 22 hvilken
272 940 116 21 utskottets
404 939 114 21 redaktion
530 939 63 27 eljest
604 939 83 27 gillats,
699 938 54 22 efter
763 939 76 21 orden:

95 975 20 26 yi
131 974 99 27 behörigt
244 974 73 21 förvar
332 973 125 22 nedsättas*
474 973 113 27 tilläggas:
604 972 20 26 ,i
639 973 71 27 begge
726 973 26 21 de
763 980 78 14 senare

93 1009 67 21 fallen
188 1008 32 21 till
246 1008 25 21 sä
297 1010 43 19 stor
366 1007 45 27 del,
436 1014 46 15 som
504 1009 120 19 motsvarar
646 1007 41 21 den
709 1007 130 21 omtvistade

94 1049 109 15 summans
224 1042 53 22 eller
293 1042 41 21 den
352 1041 132 22 intecknade
499 1040 98 22 fordrans
613 1041 103 28 belopp";
733 1043 56 19 samt
804 1042 5 20 i
827 1042 12 26 8

95 1078 37 27 13,
150 1084 47 15 som
213 1079 23 19 är
251 1076 46 22 lika
312 1075 96 29 lydande
423 1076 7 21 i
445 1075 162 29 propositionen
623 1075 40 21 och
679 1075 160 29 betänkandet,

93 1112 62 21 ordet
175 1110 162 32 ,förslagsvis*
344 1110 114 28 uteslutas,
475 1110 139 28 hvarigenom
630 1109 120 22 innehållet
765 1110 24 20 af
802 1117 36 21 pa-

93 1145 101 28 ragrafen
213 1145 80 21 blefve:
310 1145 42 26 ,Ar
368 1144 18 28 ej
404 1145 51 21 tvist
469 1144 93 22 rörande
578 1144 110 27 omfånget
703 1144 24 21 af
740 1144 37 21 det
792 1151 46 15 som

94 1180 96 21 afträdas
214 1179 38 21 och
275 1180 59 20 lösas
356 1178 66 28 skall,
444 1186 49 14 men
516 1178 110 22 afträdare
648 1178 52 21 eller
719 1178 120 22 tillträdare

93 1214 69 22 finnes
182 1213 106 28 missnöjd
307 1212 49 22 med
375 1212 41 22 den
435 1212 120 28 uppgjorde
576 1211 154 28 värderingen"
749 1219 19 14 o.
785 1219 16 15 s.
818 1220 19 14 v.

162 1282 105 26 Företogs
286 1282 32 20 till
336 1280 133 28 behandling
487 1280 117 28 höglofliga
619 1280 163 27 ridderskapets
798 1280 40 22 och

94 1316 76 21 adelns
194 1322 77 21 genom
294 1315 126 27 deputation
443 1314 161 28 prestaständet
624 1314 6 20 i
651 1314 39 27 går
710 1314 129 21 meddelade

93 1349 130 28 inbjudning
234 1351 31 19 att
276 1349 88 27 deltaga
374 1349 6 21 i
392 1349 36 21 det
440 1348 115 28 högloflige
567 1347 97 23 ståndets
674 1348 72 21 beslut
756 1347 83 28 derom,

95 1386 32 19 att
144 1383 154 28 förordningen
316 1390 34 14 om
368 1382 252 28 kartasigillataafgiften
640 1382 70 21 skulle
726 1382 66 21 lända
808 1382 32 21 till

95 1417 143 23 efterrättelse
254 1418 55 20 intill
325 1418 109 26 utgången
450 1416 24 22 af
487 1418 46 20 året
549 1418 49 20 näst
614 1416 53 22 efter
681 1415 45 28 det,
739 1415 28 22 då
777 1418 63 20 nästa
