1017 1786
211 135 40 20 208

183 207 33 14 om
239 199 108 27 deremot,
372 198 71 21 såsom
467 197 137 29 vicepastorn
627 197 32 22 för
682 197 33 22 sin
738 197 36 22 del
797 197 137 28 förmodade,

184 241 26 15 en
232 234 88 22 domare
342 233 18 27 ej
381 232 73 22 kunde
470 232 66 22 döma
551 232 81 28 gvinna
648 232 32 21 till
696 238 78 16 ansvar
790 232 29 28 på
834 239 26 15 en
876 232 60 28 gång

185 268 68 28 enligt
275 267 59 22 båda
358 267 65 22 dessa
446 268 37 26 $$,
506 267 24 22 så
552 266 68 22 borde
634 266 128 28 visserligen
778 267 157 21 straffbestäm-

183 303 109 28 ningarne
307 302 8 21 i
330 303 42 21 5:te
389 303 13 26 &
418 301 98 29 skärpas.

251 338 147 26 Domprosten
412 336 80 27 Borg:
507 336 44 21 Det
566 335 69 22 måste
651 335 35 22 väl
702 335 122 28 medgifvas
839 343 53 14 vara
908 343 26 15 en

185 375 45 20 stor
248 371 98 28 skilnad,
364 378 33 14 om
414 371 81 27 qvinna
510 370 54 22 efter
580 372 32 19 att
628 370 65 22 hafva
709 370 50 22 sökt
774 371 108 27 enslighet
898 370 38 22 vid

184 407 85 22 födseln
292 406 114 27 lönlägger
428 405 54 22 eller
504 405 78 22 förstör
605 405 37 21 sitt
663 405 79 28 foster,
766 405 53 22 eller
842 412 34 15 om
891 405 44 22 hon

184 442 114 27 lönlägger
318 441 53 21 eller
390 439 80 23 förstör
489 439 121 22 detsamma
630 442 52 19 utan
702 442 32 19 att
752 440 68 21 likväl
836 440 37 21 vid
888 439 46 23 föd-

186 477 47 22 seln
248 476 66 22 hafva
330 475 50 22 sökt
396 475 114 27 enslighet.
540 475 43 27 Jag
598 475 69 21 måste
682 474 86 23 således
780 477 57 19 ännu
848 475 88 28 engång

185 518 107 21 upprepa,
314 512 32 19 att
369 510 37 21 det
428 516 51 15 vore
502 509 80 28 nyttigt
603 511 32 19 att
650 509 73 22 denna
744 511 12 25 $
772 509 164 28 redigerades
924 505 15 38 i

185 545 97 27 enlighet
300 545 50 21 med
368 545 43 21 den
430 544 96 22 svenska
543 543 176 28 lagstiftningen,
739 544 25 21 så
782 546 32 19 att
829 545 84 21 straffet
928 544 7 21 i

184 580 59 22 förra
256 579 62 22 fallet
332 578 124 22 bestämdes
472 578 32 21 till
517 578 100 27 fängelse
630 577 8 21 i
652 579 12 20 2
678 579 14 19 a
705 578 13 20 4
733 578 24 20 är
770 580 56 19 samt
839 578 7 21 i
857 585 78 15 senare

184 615 62 21 fallet
262 614 34 21 till
311 613 99 27 fängelse
426 613 47 20 från
489 612 39 22 och
544 612 50 21 med
610 613 12 21 6
638 612 105 21 månader
758 612 33 21 till
807 613 11 20 2
835 613 30 21 år.

252 649 92 20 Prosten
359 648 27 21 H.
402 647 97 22 Heikel
514 647 78 27 ansåg,
609 648 32 19 att
656 648 28 25 $$
700 648 13 19 4
730 647 39 21 och
786 647 11 21 5
814 647 19 28 ej
851 647 62 22 stodo
929 647 6 21 i

187 683 66 28 något
267 682 158 27 sammanhang
439 681 49 22 med
502 681 133 22 hvarandra:
650 683 23 26 ty
684 681 29 21 dä
723 681 13 20 4
748 682 12 26 &
772 681 79 22 endast
860 681 75 22 kunde

186 718 111 27 tillämpas
310 716 47 22 ifall
368 716 76 22 fostret
455 715 70 22 blifvit
536 715 49 22 med
596 715 28 22 lif
631 715 111 28 framfödt,
754 715 76 28 afsäge
841 716 95 22 bestäm-

185 752 106 27 ningarne
314 751 7 21 i
340 752 13 25 $
372 751 12 20 5
404 751 96 21 deremot
519 750 27 22 de
560 749 48 29 fall,
625 749 29 22 dä
669 750 36 21 det
721 749 19 29 ej
758 750 72 22 kunde
847 751 87 22 utredas

185 786 106 22 huruvida
309 786 77 21 fostret
403 785 47 22 haft
468 785 28 21 lif
511 785 53 22 eller
579 784 27 28 ej.
636 784 121 28 Angående
772 785 78 28 sjelfva
866 785 68 22 straff-

186 821 190 27 bestämningarne
392 827 39 14 var
446 821 88 27 prosten
551 819 24 22 af
588 826 82 15 samma
689 819 58 28 åsigt
767 819 50 22 med
836 819 98 30 dompro-

184 858 49 19 sten
248 856 64 27 Borg.

253 889 159 29 Kyrkoherden
433 890 115 22 Castrén
568 890 97 28 yttrade:
685 890 36 20 Då
740 896 38 21 nu,
800 889 54 23 efter
870 889 36 23 det
922 892 13 25 8

184 926 12 20 5
218 924 70 22 blifvit
306 926 66 26 tagen
388 924 68 22 under
471 931 82 21 nogare
568 924 176 28 skärskådande,
760 924 98 22 flertalet
872 924 62 22 torde

184 966 54 15 vara
260 958 139 29 öfvertygadt
421 959 83 28 derom,
528 961 32 19 att
583 958 131 28 paragrafen
731 959 7 21 i
754 959 38 21 sitt
807 959 127 23 nuvarande

184 994 64 22 skick
268 997 24 19 är
312 993 72 28 egnad
404 996 32 19 att
455 993 101 23 befordra
578 993 140 28 barnamord,
740 994 25 21 så
780 994 39 21 bör
835 994 41 22 den
892 994 41 22 för-

184 1028 89 28 ändras,
290 1028 40 22 och
345 1028 91 22 föreslår
448 1028 42 28 jag
505 1030 31 20 att
552 1028 154 27 förändringen
720 1028 67 22 måtte
802 1028 131 23 verkställas

184 1063 6 22 i
214 1063 36 21 det
273 1062 66 29 syfte,
363 1064 32 20 att
419 1063 89 28 qvinna,
533 1070 46 15 som
601 1062 49 22 sökt
671 1063 108 27 enslighet
795 1063 37 21 vid
847 1062 86 23 födseln

185 1098 39 21 och
243 1098 124 21 sedermera
384 1098 84 27 lönlagt
483 1097 38 22 sitt
536 1097 76 28 foster,
628 1098 79 26 måtte,
723 1097 7 21 i
746 1097 38 22 fall
800 1097 37 22 det
853 1097 18 28 ej
889 1097 44 22 kan

184 1132 89 22 utredas
294 1134 32 19 att
346 1132 76 21 fostret
442 1133 56 21 varit
518 1132 50 22 med
588 1131 28 22 lif
629 1131 111 28 framfödt,
758 1132 86 22 straffas
858 1132 74 22 lindri-

184 1174 64 20 gare,
262 1173 48 14 men
322 1166 97 22 deremot
431 1167 89 26 qvinna,
534 1173 45 15 som
590 1167 7 20 i
607 1167 49 20 sökt
665 1166 108 26 enslighet
781 1166 103 22 framfödt
892 1167 40 21 och

182 1202 89 20 förstört
287 1201 37 21 sitt
339 1200 75 28 foster,
431 1200 77 22 dömas
524 1200 68 28 enligt
605 1201 255 27 straffbestämningarne
871 1202 7 20 i
890 1202 10 20 1
913 1202 19 26 8.

252 1236 147 27 Domprosten
420 1235 122 21 Renvall:
562 1235 34 21 Då
608 1234 41 28 jag
663 1242 29 14 nu
708 1237 98 19 närmare
822 1235 43 21 fick
880 1235 54 22 höra

184 1270 139 26 domprosten
345 1270 70 26 Borgs
438 1270 96 27 mening,
558 1270 69 20 måste
646 1269 42 27 jag
706 1270 116 26 anmärka,
844 1272 32 19 att
892 1270 41 21 den

184 1303 96 23 svenska
303 1303 164 27 lagstiftningen
489 1304 6 20 i
511 1303 144 22 förevarande
670 1304 48 27 fall,
735 1304 27 20 då
779 1304 37 21 det
832 1306 24 19 är
871 1304 62 28 fråga

184 1344 34 14 om
237 1337 122 26 skärpning
374 1337 25 20 af
412 1338 26 20 de
454 1337 49 21 utaf
514 1337 106 21 utskottet
636 1337 124 26 föreslagna
776 1338 156 21 straffbestäm-

184 1371 116 27 ningarne,
320 1370 18 28 ej
358 1370 43 21 kan
422 1370 59 28 tjena
497 1371 72 21 såsom
584 1370 102 28 förebild,
703 1371 77 21 såvida
796 1371 136 28 densamma,

184 1405 28 21 då
235 1404 37 22 det
295 1404 19 28 ej
338 1404 44 22 kan
405 1405 89 22 utredas
516 1412 34 14 om
574 1405 77 22 fostret
672 1406 72 21 blifvit
762 1406 101 22 lefvande
880 1407 53 21 eller

184 1439 52 23 dödt
254 1438 112 29 framfödt,
388 1440 78 21 endast
484 1440 90 28 ålägger
594 1440 94 27 qvinnan
709 1447 80 15 ansvar
803 1440 32 22 för
850 1441 82 28 lägers-
