1020 1739
198 126 42 22 344

170 191 155 28 kyrkoherden
344 191 71 27 ansåg
434 197 53 15 vara
507 190 91 22 alldeles
618 190 33 22 för
666 191 53 27 bög,
738 185 34 38 då'
778 190 42 22 han
837 189 33 23 för
885 189 34 24 sin

172 226 36 21 del
228 225 85 28 trodde,
333 227 32 19 att
380 225 84 28 knappt
479 231 27 15 en
522 225 107 28 tredjedel
646 225 25 21 af
687 222 38 25 det
738 224 106 29 uppgifna
859 226 61 20 anta-

171 260 31 21 let
222 267 51 14 voro
294 259 34 22 till
348 259 41 22 den
408 259 55 28 grad
483 259 149 28 förderfvade,
653 261 32 20 att
701 259 27 22 de
743 260 20 27 ej
779 259 74 22 kunde
867 258 53 23 und:

172 301 53 15 vara
240 294 136 22 brännvinet.
405 295 32 20 På
451 294 70 27 grund
536 293 66 23 häraf
614 294 40 21 och
669 293 29 22 dä
713 294 155 28 kyrkoherden
881 294 39 27 gil-

171 329 51 22 lade
245 330 42 21 den
310 329 26 22 af
352 329 106 22 utskottet
477 329 107 28 uttalade,
601 335 49 16 men
665 329 7 21 i
689 329 77 28 sjelfva
779 329 77 22 verket
871 329 49 21 icke

173 363 142 29 genomförda
339 363 94 28 princip,
459 365 32 20 att
513 370 79 21 genom
615 370 27 15 en
664 363 102 22 minskad
788 363 132 28 produktion

174 399 40 21 och
238 399 139 21 konsumtion
401 398 122 21 motarbeta
543 398 171 29 fylleribegäret,
736 398 85 28 yrkade
841 397 79 29 kyrko-

173 432 81 22 herden
277 432 28 28 pä
327 432 125 28 antagande
476 432 25 22 af
516 432 247 22 utskottsbetänkandet
783 438 35 15 n:o
832 433 24 27 2,
873 432 49 21 men

174 467 50 21 med
240 467 37 21 det
292 466 79 28 vilkor,
388 468 32 20 att
435 466 192 28 maximibeloppet
643 466 33 22 för
691 466 169 28 tillverkningen
871 466 50 22 ned-

174 503 69 20 sattes
269 501 32 21 till
324 501 84 22 hälften
430 501 24 21 af
474 501 37 21 det
535 501 24 21 af
579 501 106 21 utskottet
709 501 133 28 föreslagna,
866 503 56 20 samt

174 538 32 20 att
232 536 112 22 allmänna
368 535 222 28 försäljningsställen
614 536 61 21 inom
695 536 156 22 kommunerna
873 535 50 22 icke

174 571 71 21 skulle
259 570 91 22 tillätas.

242 605 92 22 Prosten
354 605 19 21 :J.
393 604 35 22 Fr.
447 605 96 26 Bergh:
558 604 48 22 Den
623 604 172 28 öfvertygelsen,
812 606 32 19 att
860 604 64 21 äfven

175 639 37 21 det
234 639 25 22 sä
281 638 89 24 kallade
385 638 101 28 måttliga
500 639 79 21 bruket
593 638 25 22 af
632 638 105 22 brännvin
753 641 24 19 är
792 638 131 22 åtminstone

175 673 119 27 obehöfligt
312 673 40 21 och
372 674 113 26 gagnlöst,
505 673 70 23 håller
594 672 113 22 allaredan
727 673 79 27 pä-att
822 676 53 24 göra
891 672 33 28 sig

176 708 169 27 allmänneligen
363 707 102 29 gällande
485 707 64 22 äfven
564 706 75 22 ibland
655 707 109 27 allmogen
776 707 11 22 i
802 708 48 20 vårt
865 706 59 22 land.

176 742 58 21 Våra
252 741 97 22 förfäder
368 748 52 15 voro
436 741 26 28 ju
483 744 30 19 ett
533 741 90 27 kraftigt
644 741 39 21 och
699 741 71 22 starkt
785 741 58 26 folk,
858 741 67 21 innan

175 776 130 22 brännvinet
314 776 63 21 fanns
385 776 75 21 ibland
474 776 54 21 dem.
540 771 9 36 .
560 776 44 22 Och
616 775 101 22 nutidens
729 776 110 26 arbetare,
851 775 75 21 hvilka

175 810 51 21 icke
245 810 101 27 begagna
361 810 116 28 brännvin,
494 812 37 19 äro
551 809 119 27 ingalunda
690 810 84 22 mindre
792 809 134 24 -arbetsföra,

176 844 85 21 mindre
283 843 107 28 uthålliga
414 844 53 21 eller
487 844 84 24 mindre
586 844 93 27 härdiga
693 844 34 21 till
743 844 83 28 arbete,
842 843 84 22 mindre

176 878 70 22 friska
257 878 52 21 eller
320 878 82 22 mindre
414 878 75 22 starka
501 882 27 18 än
539 878 38 29 de,
588 886 46 14 som
645 878 102 28 begagna
758 879 42 21 det.
824 879 103 21 Tvärtom

176 913 40 21 har
231 919 51 15 man
298 912 83 29 erfarit,
398 912 40 22 och
453 913 8 21 i
477 913 65 21 dessa
558 913 68 27 dagar
642 912 39 22 har
692 913 41 27 jag
747 913 49 22 hört
810 913 58 28 dem,
881 917 46 17 som

177 947 56 21 förut
252 947 110 27 begagnat
384 947 34 27 sig
440 946 25 22 af
483 947 42 21 den
545 947 116 22 såkallade
677 944 133 31 aptitsupen,
826 947 101 24 försäkra

178 983 32 19 att
223 981 36 28 de,
272 981 68 21 sedan
352 981 26 21 de
389 981 82 27 aflaggt
482 981 136 26 densamma,
629 981 127 28 undsluppit
766 981 82 27 många
856 981 71 22 kräm-

178 1022 49 21 por,
246 1022 46 15 som
311 1015 68 22 under
394 1015 43 22 den
452 1015 58 22 förra
525 1015 59 22 tiden
599 1015 76 28 plågat
691 1016 55 21 dem.
776 1016 88 27 Lägges
879 1015 48 22 här:

178 1050 32 21 till
235 1049 41 22 den
291 1049 113 22 materiela
420 1049 70 22 fördel
506 1050 40 21 och
561 1049 235 30 kostnadsbesparing,
813 1056 46 15 som
874 1049 53 23 und-

178 1084 106 22 varandet
305 1083 25 22 af
345 1086 32 19 tre
396 1085 82 27 gånger
499 1085 40 21 365
559 1091 65 22 supar
644 1091 34 15 om
699 1085 47 22 året
760 1085 70 27 jemte
850 1085 77 28 bespa-

178 1119 75 26 ringen
276 1118 25 22 af
320 1118 43 22 den
385 1119 33 21 till
440 1119 255 27 brännvinsbränningen
719 1119 114 28 åtgående:
850 1119 77 28 säden,

179 1153 70 21 veden
273 1153 40 21 och
335 1152 61 22 tiden
419 1152 108 29 medföra,
550 1153 25 22 så
597 1153 61 22 torde
681 1154 35 21 väl
736 1153 66 28 ingen
817 1153 54 22 anse
886 1153 42 22 den

179 1187 85 23 önskan
279 1187 33 22 för
327 1187 118 28 obefogad,
462 1190 31 19 att
510 1187 139 22 brännvinets
669 1188 54 21 bruk
739 1188 151 27 annorlunda;
900 1191 28 18 än

178 1222 34 21 till
232 1221 132 22 medicinskt
385 1221 39 22 och
441 1221 97 22 tekniskt
554 1221 113 28 ändamål,
684 1221 66 22 borde
766 1222 46 21 helt
827 1222 39 21 ech
882 1222 45 43 kål

179 1257 30 20 let
224 1256 106 27 afläggas.

248 1291 48 20 Men
316 1289 46 21 afse
377 1290 22 20 vi
414 1296 29 15 nu
456 1290 131 21 missbruket
602 1290 53 21 eller
671 1289 36 22 det
723 1289 116 28 omåttliga
851 1271 79 40 bruket

179 1323 26 22 af
221 1323 115 28 brännvin,
358 1323 25 21 så
396 1323 44 21 kan
455 1323 66 27 ingen
537 1323 122 28 förståndig
677 1323 115 22 menniska
809 1323 74 28 undgä
893 1325 37 20 att

180 1357 89 29 ombyta
293 1357 51 22 dess
368 1357 73 28 gamla
467 1364 64 15 namn
555 1366 57 21 aqua
632 1359 56 20 vitae
713 1358 32 21 till
765 1366 58 21 aqua
840 1359 89 21 mortis.

180 1392 108 22 Behöfver
303 1392 42 28 jag
364 1393 36 20 väl
420 1392 49 21 med
492 1393 80 27 många
587 1393 39 21 ord
642 1393 89 21 omorda
746 1393 28 21 de
790 1392 140 29 olycksdigra

179 1427 110 29 följderna
310 1426 71 29 deraf;
402 1426 37 23 det
454 1427 146 28 försvagande
616 1427 24 22 af
653 1427 109 29 kroppens
778 1427 92 29 krafter,
887 1427 42 24 den
