1023 1728
203 128 42 21 520

176 192 67 27 åsigt,
264 193 32 20 att
311 191 65 27 ingen
389 190 156 27 jordlägenhet
559 189 69 22 borde
643 195 53 15 vara
711 189 84 22 befriad
810 189 47 21 från
870 188 55 21 häll-

175 225 252 28 skjutsningsbesvärets
445 223 131 28 utgörande,
597 224 52 20 utan
671 223 72 21 denna
763 225 67 25 tunga
845 229 29 15 nu
890 228 36 21 ge-

177 262 51 19 nast
245 258 96 23 fördelas
360 259 29 27 på
408 258 45 21 alla
468 257 138 28 lägenheter;
623 256 40 23 och
678 257 29 21 då
723 257 36 22 det
774 264 29 15 nu
818 257 108 28 ifrågava-

177 293 68 22 rande
265 293 70 22 andra
353 293 118 21 momentet
490 292 60 21 stred
569 291 108 28 deremot,
697 291 74 22 kunde
792 293 88 26 prosten
894 291 34 22 för

179 327 33 22 sin
228 327 35 21 del
279 327 49 21 icke
344 327 120 27 godkänna
479 326 128 22 detsamma.

246 361 32 21 På
293 361 25 21 af
329 360 49 22 herr
393 361 140 21 talemannen
548 359 122 27 framställd
685 360 134 28 proposition
830 360 98 28 godkän-

179 396 38 22 des
240 396 51 21 med
313 395 112 22 obestridd
447 395 112 28 pluralitet
581 394 38 22 det
637 394 69 22 andra
726 396 118 20 momentet
860 394 24 22 af
896 396 32 20 ut-

179 430 234 27 skottsbetänkandet,
435 429 104 29 sålunda,
562 431 32 20 att
617 429 76 22 orden:
718 429 93 28 ,jemväl
834 428 93 24 befrias"

179 464 98 23 rättades
293 464 43 22 till:
354 464 70 27 ,dock
438 464 103 22 befrias".

248 498 141 22 Beträffande
404 499 65 28 tredje
484 502 110 18 momentet
609 498 107 28 begärdes
732 498 61 22 ordet
808 498 54 22 först
877 498 25 22 af

247 534 146 28 Domprosten
409 533 77 28 Borg,
503 540 56 22 som,
575 533 50 23 med
640 532 120 29 anledning
775 532 25 22 af
808 533 42 21 den
861 532 69 23 under

180 568 43 22 den
241 568 133 28 föregående
393 568 155 22 diskussionen
567 567 49 22 utaf
631 568 69 27 några
715 568 69 21 talare
800 567 131 22 framhållna

179 603 167 27 konsegvensen
361 604 41 26 att,
418 602 47 22 ifall
480 602 268 28 hällskjutsningstungan
763 602 115 22 åhvälfdes
893 602 37 22 bo-

180 637 89 28 ställen,
286 637 27 21 de
327 637 124 21 nuvarande
462 637 170 22 innehafvarene
643 636 49 22 icke
703 636 68 23 borde
781 636 149 28 undantagas,

181 671 98 22 önskade
295 671 58 22 fästa
369 671 98 22 ståndets
482 671 193 28 uppmärksamhet
686 672 78 27 derpå,
776 673 32 20 att
819 671 112 22 enskildes

181 708 44 19 rätt
239 706 40 21 här
294 712 39 15 var
347 705 8 21 i
370 705 63 28 fråga
448 708 56 19 samt
520 708 32 19 att
567 705 73 22 denna
654 707 44 20 rätt
713 712 77 21 genom
804 705 128 29 hållskjuts-

181 740 178 27 ningsbesvärets
381 740 157 22 utsträckande
561 740 34 22 till
616 739 64 22 äfven
701 740 27 22 de
748 740 128 22 nuvarande
895 740 36 22 bo-

182 774 233 23 ställsinnehafvarene
431 775 28 28 på
474 777 31 19 ett
521 774 123 28 betänkligt
659 776 44 21 sätt
718 775 86 21 komme
820 776 32 20 att
867 774 64 23 krän-

182 809 48 22 kas.
261 809 144 28 Domprosten
424 809 85 28 yrkade
525 809 94 28 derföre,
637 811 32 19 att
686 809 246 22 utskottsbetänkandet

182 843 6 22 i
206 843 72 22 denna
293 843 47 28 del,
357 843 72 22 såsom
445 843 7 21 i
467 843 44 22 allo
527 843 156 28 välgrundadt,
700 844 66 21 måtte
782 845 100 26 antagas.

250 878 211 28 Kontraktsprosten
482 878 96 22 Hellén
597 878 52 22 ville
669 878 78 22 endast
767 879 39 20 här
826 878 107 22 anmärka

183 914 30 20 ett
233 919 40 21 par
292 912 103 29 tryckfel,
416 919 46 15 som
480 912 69 23 borde
567 915 76 20 rättas.
674 913 98 21 Sålunda
790 913 49 22 stod
854 913 13 22 å
882 920 50 21 pag.

184 949 25 20 11
233 947 54 28 rad,
311 947 78 26 ,deras
412 947 200 28 besittningsrätt",
636 954 49 15 men
708 947 66 22 borde
794 947 80 22 ändras
889 948 43 21 till:

183 982 82 27 »sagde
289 981 154 22 innehafvares
469 982 197 27 besittningsrätt*.
696 976 19 27 Ä
740 989 84 14 samma
851 983 82 26 pagina

183 1017 70 21 andra
266 1015 69 23 raden
351 1016 70 23 skulle
437 1017 77 21 orden:
530 1017 55 26 ,den
599 1016 25 22 af
635 1017 49 21 dem
700 1016 177 22 tillförsäkrade*
889 1019 43 19 rät-

183 1053 35 19 tas
233 1050 34 22 till
284 1050 55 26 ,den
355 1050 48 22 dem
420 1050 183 22 tillförsäkrade*.

251 1084 92 22 Prosten
363 1085 95 22 Heikel
476 1085 99 22 önskade
591 1084 7 22 i
618 1084 119 28 anledning
757 1085 25 21 af
794 1084 139 29 domprosten

183 1120 70 26 Borgs
271 1119 103 28 yttrande
390 1119 114 27 anmärka,
521 1121 32 20 att
568 1119 42 22 den
626 1119 25 21 af
664 1119 139 28 domprosten
817 1119 117 28 päpekade

184 1152 127 27 kränkning
325 1152 24 22 af
363 1152 41 22 den
421 1153 111 22 enskildes
548 1155 43 20 rätt
605 1153 64 22 äfven
685 1153 112 22 drabbade
812 1154 45 21 alla
868 1156 67 25 ägare

184 1187 25 21 af
221 1187 164 26 frälsesäterier,
401 1188 71 27 sågar,
489 1182 55 27 bruk
559 1195 27 14 m.
601 1187 20 22 fl.
650 1188 172 27 Konseqvensen
832 1187 102 23 fordrade

185 1221 84 22 derföre
285 1223 32 20 att
331 1221 50 22 hela
397 1221 61 22 detta
472 1224 95 19 moment
583 1222 98 22 uteslöts.

252 1255 211 28 Kontraktsprosten
476 1257 77 20 Sirén
569 1257 81 26 ansåg,
665 1257 7 20 i
688 1257 70 20 likhet
771 1257 51 20 med
836 1257 98 27 dompro-

184 1291 49 19 sten
252 1289 67 27 Borg,
341 1289 37 20 det
398 1289 68 22 strida
487 1291 57 20 emot
564 1290 92 21 rättvisa
676 1290 41 21 och
736 1290 100 27 billighet
851 1292 32 19 att
897 1291 37 21 be-

184 1322 62 23 röfva
265 1322 27 23 de
311 1322 126 23 nuvarande
455 1323 263 23 boställsinnehafvarene
737 1331 27 14 en
779 1324 92 28 förmån,
888 1330 47 16 som

184 1357 71 22 blifvit
271 1357 49 22 dem
336 1357 155 23 tillförsäkrad.
522 1358 79 22 Dertill
615 1358 52 23 ville
681 1358 206 28 kontraktsprosten
902 1359 33 22 för

185 1392 34 22 sin
238 1392 35 22 del
292 1392 50 22 icke
360 1392 124 23 missbruka
503 1392 44 23 den
561 1392 102 23 fullmakt
675 1393 44 22 han
735 1393 24 22 af
772 1394 48 22 sina
834 1394 100 22 kommit-

185 1428 70 21 tenter
271 1427 92 23 erhållit.
