1023 1836
224 151 40 22 612

195 216 72 22 medel
283 215 32 21 till
331 214 165 28 intelligensens
510 213 95 29 höjande
616 213 58 22 inom
686 215 31 20 ett
727 212 88 30 mycket
825 212 122 24 vidsträckt

197 250 88 23 område
299 249 25 22 af
337 249 36 21 det
388 248 47 22 inre
450 248 81 22 landet.
561 248 50 22 Men
627 248 71 22 såsom
715 255 26 15 en
755 250 99 20 närmare
865 248 81 22 förkla-

197 286 48 27 ring
263 284 25 22 af
303 284 43 21 den
366 283 58 27 åsigt
438 283 40 27 jag
498 283 7 21 i
521 282 135 28 förmiddags
671 282 108 28 uttalade,
796 282 99 22 anhåller
906 282 42 28 jag

197 322 32 19 att
249 319 22 21 få
290 318 92 27 tillägga
399 317 107 27 följande:
528 317 35 21 Då
582 317 37 21 det
637 319 58 19 ännu
713 317 61 21 torde
792 317 85 21 fordras
895 317 53 27 lång

197 353 41 28 tid,
253 353 68 21 innan
337 354 30 19 ett
382 351 160 22 vidsträcktare
554 351 189 28 jernvägssystem
759 351 7 21 i
781 351 48 22 vårt
840 351 52 21 land
903 351 44 21 kan

197 389 88 21 komma
301 386 80 27 ifråga,
397 385 71 28 hyllar
480 386 41 27 jag
537 386 42 21 den
595 385 95 28 åsigten,
707 387 32 20 att
749 385 53 22 våra
812 386 68 21 första
887 385 60 28 jern-

197 424 68 26 vägar
281 421 53 22 böra
350 420 76 22 ställas
440 420 7 21 i
463 420 72 21 direkt
551 419 132 22 förbindelse
699 419 49 22 med
763 420 53 21 våra
832 421 59 20 stora
901 420 46 21 inre

197 458 188 26 vattensystemer.
416 455 43 21 Det
474 457 81 20 största
571 454 40 22 och
621 455 179 28 vidsträcktaste,
813 461 45 15 som
870 461 78 21 genom

198 499 27 15 en
239 491 94 28 jernväg
352 490 45 21 kan
416 489 87 22 komma
524 489 7 22 i
546 489 132 22 förbindelse
694 489 49 22 med
759 489 84 28 hafvet,
860 492 24 19 är
899 489 48 22 Päi-

194 527 55 28 jäne
264 527 89 26 system.
382 524 34 21 En
430 524 59 21 blick
504 524 29 28 på
548 523 106 22 Finlands
669 524 65 21 karta
748 523 58 22 visar
817 524 67 21 detta.
914 524 33 21 En

197 559 133 29 föregående
348 559 69 21 talare
436 557 39 23 har
492 558 69 22 redan
579 559 106 27 påpekat,
705 558 54 22 huru
777 558 53 27 högt
845 565 43 21 upp
902 558 22 22 in
941 559 7 21 i

197 596 68 21 Wasa
287 594 36 21 län
345 593 41 22 den
407 595 72 19 vestra
499 600 81 20 grenen
601 592 24 22 af
643 592 60 22 detta
723 594 158 26 vattensystem
902 593 45 27 går.

196 629 51 22 Men
263 628 36 21 det
315 627 39 22 har
369 627 42 22 ock
427 634 26 14 en
469 627 65 28 ostlig
549 634 62 21 gren,
627 634 46 15 som
689 627 39 28 går
744 627 58 21 ända
816 627 23 21 in
854 627 8 21 i
877 627 70 22 Piela-

197 664 47 22 vesi
259 663 82 22 socken
356 662 8 21 i
378 662 85 28 Kuopio
479 662 46 28 län,
541 665 54 18 nära
609 662 56 21 intill
677 661 141 29 ändpunkten
829 661 33 22 för
873 662 75 21 Saima

198 699 158 27 vattensystem
374 697 8 21 i
400 697 118 21 Idensalmi
539 697 88 21 socken.
659 697 48 28 Om,
729 697 73 21 såsom
821 696 37 21 det
877 699 24 19 är
916 699 32 19 att

197 733 94 29 hoppas,
311 739 26 15 en
357 731 67 22 kanal
438 731 97 22 kommer
550 731 32 22 till
599 731 64 22 stånd
679 731 80 22 mellan
775 731 117 22 Uleåträsk
908 731 39 22 och

198 769 86 22 Saimas
299 766 140 28 vattendrag,
455 767 25 21 så
496 769 23 18 är
537 766 7 21 i
560 773 26 15 en
603 766 86 21 framtid
704 765 148 23 förbindelsen
867 766 80 21 mellan

196 802 103 29 Päijänes
316 801 40 22 och
371 801 38 22 det
425 801 146 22 sistnämndes
586 801 100 27 nordliga
702 801 138 27 ändpunkter
854 801 8 21 i
877 801 69 21 Piela-

197 838 47 22 vesi
262 837 41 22 och
320 835 128 28 Idensalmi,
470 836 36 21 två
527 838 59 19 stora
606 835 114 28 pulsådror
740 835 32 22 för
792 835 42 22 den
852 835 47 22 inre
914 838 33 19 rö-

197 873 82 27 relsen,
299 870 100 29 öppnade
417 870 54 21 midt
490 871 87 26 igenom
597 870 51 21 hela
668 869 75 22 landet
762 870 31 21 till
814 869 51 23 dess
881 869 66 29 sydli-

197 909 63 26 gaste
275 907 52 21 kust
341 904 37 22 vid
393 904 80 22 hafvet.
504 905 49 21 Den
569 905 106 27 ofantliga
691 904 128 28 betydelsen
836 904 24 22 af
873 912 27 14 en
914 905 33 21 så-

198 940 43 23 dan
259 939 188 23 kommunikation
463 939 104 22 behöfver
581 939 36 21 väl
632 939 49 21 icke
698 939 74 21 vidare
788 938 158 28 ådagaläggas.

197 976 80 22 Kunna
297 973 144 23 Tammerfors
460 973 40 21 och
518 973 77 21 Lahtis
613 973 96 21 banorne
727 974 29 27 på
774 980 27 15 en
820 974 59 27 gång
895 974 51 28 byg-

198 1017 49 21 gas,
267 1010 25 21 så
309 1009 40 21 har
366 1008 36 22 väl
421 1008 65 27 ingen
506 1008 25 21 af
546 1015 36 14 oss
602 1008 67 27 något
685 1007 103 22 deremot.
817 1007 11 21 I
843 1007 104 23 afseende

199 1046 13 21 3
234 1038 47 28 Åbo
303 1043 73 21 banan
399 1042 44 21 kan
460 1042 49 28 jag,
531 1042 28 22 då
579 1042 86 22 landets
685 1042 204 28 kapitaltillgångar
910 1045 36 19 äro

197 1078 131 23 inskränkta
348 1077 39 21 och
408 1077 79 27 många
506 1077 113 21 kostsama
639 1076 85 28 företag
744 1083 28 15 nu
793 1080 37 18 äro
852 1077 7 21 i
874 1077 72 28 fråga,

197 1115 53 20 utan
268 1114 31 20 att
317 1111 92 22 förneka
428 1111 71 21 denna
519 1111 69 22 banas
608 1111 123 28 betydelse,
752 1111 78 22 endast
849 1111 49 22 med
920 1118 25 15 en

197 1147 95 29 gammal
302 1146 82 22 latinsk
395 1148 62 25 poets
468 1145 38 22 ord
517 1148 64 25 säga:
591 1149 123 25 ,prematur
724 1153 78 14 nonum
812 1147 22 20 in
846 1146 101 21 annum.*

265 1183 92 20 Prosten
373 1180 143 27 Grönberg:
532 1181 43 20 Det
591 1182 24 19 är
630 1180 25 21 af
667 1180 65 27 ingen
748 1179 115 28 ifrägasatt
878 1182 32 19 att
920 1180 26 28 ju

193 1217 124 27 jernvägen
339 1215 32 21 till
391 1214 76 22 Lahtis
487 1215 39 21 bör
545 1215 95 27 byggas,
661 1214 36 21 det
717 1214 71 28 tjenar
808 1214 85 22 derföre
914 1215 32 21 till

197 1251 55 21 intet
270 1252 32 19 att
321 1249 8 21 i
348 1248 25 22 sä
388 1248 83 28 vigtiga
486 1248 66 22 saker
567 1248 66 22 tvista
649 1255 34 14 om
698 1248 175 22 lokalintressen.
903 1249 43 27 Jag

198 1285 107 22 erkänner
323 1290 68 20 gerna
408 1282 58 22 bäda
481 1282 110 22 banornas
607 1282 55 28 vigt;
678 1282 36 21 mä
729 1282 27 22 de
772 1289 67 21 gerna
854 1282 32 22 för
902 1283 44 27 mig

196 1320 86 28 byggas
297 1318 29 28 pä
341 1318 96 26 engång,
453 1324 35 14 om
502 1324 51 14 man
569 1317 25 21 sä
609 1316 66 22 hafva
690 1317 54 27 kan,
761 1316 39 22 och
814 1309 47 29 Åbo
872 1317 72 21 banan

197 1353 79 23 dertill.
306 1353 10 21 I
335 1351 151 23 hufvudsaken
503 1354 24 19 är
542 1351 41 28 jag
602 1358 51 14 ense
673 1351 50 34 med
739 1351 27 21 de
781 1351 67 21 värde
864 1351 80 29 talare,

196 1394 46 15 som
257 1387 60 21 velat
330 1386 140 26 ihågkomma
485 1385 64 21 äfven
565 1385 73 27 gamla
652 1386 47 20 Åbo
714 1385 57 26 stad,
783 1385 87 21 således
881 1385 63 22 äfven

196 1428 52 15 ense
264 1420 50 22 med
329 1419 204 27 kontraktsprosten
548 1419 84 21 Hellén.
662 1419 49 21 Men
723 1418 28 22 då
761 1418 49 22 herr
820 1418 124 22 kontrakts-

195 1459 89 27 prosten
302 1455 8 22 i
329 1454 163 28 förmiddagens
509 1454 88 28 plenum
617 1452 96 30 antydde
729 1452 144 30 smalspåriga
884 1453 59 29 jern-
