1025 1753
201 148 40 21 7382

172 214 27 20 än
224 212 7 22 i
254 220 27 14 en
303 212 101 22 bestämd
425 212 61 29 form,
510 214 56 20 samt
589 214 32 20 att
643 212 87 22 således
752 212 169 28 ifrågavarande

170 247 205 28 kyrkolagsförslag
394 247 67 21 borde
482 247 130 22 omarbetas.
642 248 11 20 I
672 247 77 28 frågan
770 254 33 15 om
825 247 96 23 skrifter-

172 282 66 21 målet
256 282 88 21 hvilade
364 282 105 27 förslaget
488 282 29 28 på
537 282 120 27 reformert,
679 289 49 14 men
744 282 19 28 ej
780 282 28 28 på
823 282 99 24 luthersk

172 316 75 28 grund.
278 317 67 21 Detta
361 317 70 27 ansåg
447 316 139 28 domprosten
597 317 34 27 sig
642 317 72 21 såsom
724 316 82 22 vorden
818 317 103 27 teologie-

170 351 110 28 professor
295 351 127 28 kompetent
436 353 31 19 att
480 351 99 21 bedöma.
610 351 74 21 Blefve
696 351 227 28 kyrkolagsförslaget

172 388 98 26 antaget,
294 386 25 21 så
341 386 52 27 såge
416 385 137 29 domprosten
576 385 34 28 sig
632 388 95 25 tvungen
748 388 32 19 att
800 386 36 21 vid
857 388 65 20 nästa

169 420 108 28 landtdag
291 420 77 27 afsäga
384 421 34 26 sig
433 421 176 27 prestaembetet.

238 455 210 28 Kontraktsprosten
464 455 104 22 Hellén:
584 455 43 27 Jag
637 455 99 21 anhåller
747 457 32 20 att
790 455 67 22 blifva
867 462 54 21 upp-

170 489 43 29 lyst
236 489 83 28 derom,
342 489 107 22 huruvida
471 490 163 28 prestaståndet
657 497 89 15 numera
768 490 96 28 frångått
884 491 38 21 sitt

169 524 8 21 i
193 524 39 27 går
247 524 6 21 i
270 524 69 21 saken
354 523 84 22 fattade
453 525 78 21 beslut.

237 558 55 22 Herr
307 558 139 22 talemannen
462 558 100 22 erinrade
577 558 7 22 i
601 559 118 27 anledning
734 559 68 28 häraf;
819 561 33 19 att
863 560 58 21 stån-

170 593 37 21 det
224 593 6 21 i
247 593 38 27 går
301 592 78 22 endast
394 593 89 21 beslutit
498 596 32 18 att
545 593 32 21 till
594 593 144 22 medstånden
754 594 67 21 aflåta
836 594 86 28 inbjud-

170 627 53 27 ning
238 627 79 28 derom,
335 629 32 19 att
381 628 55 20 blott
447 628 49 28 kap.
508 628 29 21 25
547 628 7 21 i
565 628 227 28 kyrkolagsförslaget
802 628 71 22 skulle
884 628 37 22 vid

168 664 65 19 nästa
255 661 108 28 landtdag
390 662 71 21 såsom
485 662 134 28 proposition
650 663 119 21 ständerna
784 662 135 30 föreläggas,

170 703 48 14 men
235 698 31 19 att
282 703 89 14 numera
386 698 80 19 tvänne
483 696 64 22 stånd
563 696 71 28 afböjt
649 697 164 28 inbjudningen.

237 731 210 27 Kontraktsprosten
465 731 105 22 Hellén:
589 732 10 21 I
618 731 79 22 sådant
716 732 39 21 fall
775 739 63 14 anser
856 732 64 21 äfven

165 765 42 27 jag
221 765 44 28 mig
281 765 135 21 obehindrad
432 768 32 19 att
478 768 59 25 yttra
551 765 44 28 mig
610 766 7 21 i
633 766 50 28 sak,
700 768 56 19 samt
771 766 127 22 instämmer
913 767 7 21 i

169 799 43 22 allo
232 799 8 22 i
261 799 138 28 domprosten
417 800 69 27 Borgs
504 800 108 28 yttrande.
643 801 34 21 Då
698 808 50 14 man
764 801 7 21 i
787 801 104 22 afseende
907 801 13 21 å

169 833 82 22 böcker
265 833 24 22 af
302 834 84 21 mindre
402 834 46 27 vigt
463 835 106 21 inhemtat
584 835 192 28 församlingarnes
792 836 77 27 tanke,
881 836 39 21 bör

169 868 35 21 väl
225 868 25 21 så
271 868 87 28 mycket
376 868 68 21 hellre
460 869 121 22 detsamma
597 869 112 28 iakttagas
725 870 49 21 med
790 870 129 28 kyrkolags-

168 902 114 27 förslaget,
298 909 46 15 som
361 902 119 28 omhägnar
494 903 99 28 kyrkans
609 903 128 28 dyrbaraste
752 904 115 22 intressen.

237 937 91 21 Prosten
348 937 42 22 Jul.
407 937 59 22 Imm.
482 937 85 28 Bergh
582 937 104 22 förenade
701 939 34 27 sig
751 939 6 20 i
776 939 43 21 allo
835 939 8 21 i
860 939 58 22 dom-

167 973 88 26 prosten
273 971 70 28 Borgs
358 971 111 29 yttrande,
486 979 49 14 men
551 972 51 21 ville
618 972 57 22 dock
690 973 7 21 i
712 973 88 22 korthet
815 973 104 29 uppgifva

167 1005 54 21 huru
241 1007 88 26 prosten
349 1005 64 21 tänkt
432 1005 34 28 sig
482 1005 75 22 saken.
587 1007 116 27 Meningen
718 1007 8 21 i
742 1007 42 22 den
800 1007 119 28 kejserliga

166 1039 163 28 propositionen
355 1046 51 14 vore
434 1040 181 27 uppenbarligen,
644 1043 31 19 att
702 1042 119 21 ständerna
846 1042 72 21 skulle

167 1073 96 27 granska
285 1073 106 27 förslaget
413 1073 33 22 för
469 1075 31 20 att
524 1074 75 27 afgöra
622 1075 106 21 huruvida
745 1075 121 22 detsamma
881 1076 36 21 be-

166 1107 65 21 höfde
252 1107 170 22 återremitteras
442 1107 32 22 till
490 1108 219 28 kyrkolagskomitén
725 1110 104 28 antingen
845 1111 72 22 såsom

166 1141 70 22 sådan
260 1142 53 21 eller
335 1148 46 15 som
404 1141 113 30 förstärkt,
543 1150 48 14 men
615 1150 46 14 som
685 1143 37 22 det
744 1151 51 15 vore
811 1145 58 21 klart
885 1147 32 20 att

166 1183 89 14 numera
271 1176 97 21 hvarken
383 1177 163 27 prestaståndet
560 1178 52 21 eller
623 1178 27 21 de
661 1178 70 27 öfriga
742 1179 92 22 stånden
844 1179 73 22 hunne

165 1211 97 27 granska
281 1210 117 28 förslagets
418 1211 156 28 obestridligen
595 1214 60 19 stora
673 1212 126 28 förtjenster
816 1214 40 21 och
871 1215 45 21 må-

165 1245 73 21 hända
257 1245 47 20 lika
324 1247 60 19 stora
398 1245 84 28 brister,
499 1246 25 21 så
539 1246 74 21 kunde
629 1246 122 23 detsamma
766 1248 18 27 ej
801 1249 29 28 på
846 1249 70 28 grund

164 1279 26 21 af
203 1280 27 21 de
246 1286 77 15 senare
339 1279 33 21 till
386 1279 96 22 komitén
498 1281 176 22 återremitteras.
705 1282 63 21 Dock
784 1289 46 15 som
846 1283 69 22 saken

164 1319 51 14 vore
241 1312 26 21 af
285 1313 91 27 omätlig
396 1313 46 27 vigt
464 1316 56 19 samt
543 1313 104 28 förslaget
669 1315 87 22 således
779 1316 136 28 nödvändigt

164 1346 67 21 borde
248 1346 123 22 diskuteras
387 1347 61 21 såväl
465 1347 25 21 af
502 1347 182 29 församlingarna
700 1356 46 15 som
762 1351 105 22 särskildt
877 1351 38 22 vid

164 1382 133 26 prestmöten
313 1380 25 21 af
350 1381 163 29 presterskapet
529 1383 40 21 och
582 1390 50 14 man
649 1383 18 28 ej
684 1383 73 22 kunde
773 1387 50 19 veta
839 1385 75 23 hvilka

164 1415 171 27 anmärkningar
355 1418 57 19 emot
428 1416 121 22 detsamma
565 1418 85 21 komme
666 1420 32 20 att
713 1421 75 25 göras,
806 1420 24 21 så
846 1420 67 22 borde

163 1449 38 22 det
223 1450 24 22 af
267 1450 69 22 sådan
360 1451 65 22 orsak
446 1452 169 23 återremitteras
636 1453 32 23 till
684 1453 228 31 kyrkolagskomitén,
