1034 1739
234 133 43 20 444

181 192 128 32 begagna
329 197 34 27 sig
381 196 25 22 af
419 197 71 21 denna
504 196 91 22 förmån.
625 196 174 22 Vidkommande
815 197 47 21 åter
878 197 42 21 den
936 196 25 21 af

207 231 107 21 utskottet
339 230 125 28 föreslagna
489 231 152 27 fördelningen
664 230 24 22 af.
708 230 97 27 medlen,
828 231 25 21 så
875 231 82 27 gillade

208 265 153 27 kyrkoherden
378 264 127 22 densamma
524 266 7 20 i
551 265 43 21 allo
615 267 51 19 utan
686 265 103 21 afseende
805 266 13 20 å
833 265 124 21 kontrakts-

207 301 89 26 prosten
312 299 75 22 Siréns
402 299 176 28 anmärkningar,
596 299 48 21 dem
660 299 153 28 kyrkoherden
829 300 70 26 ansåg
910 299 47 21 fullt

208 333 149 27 vederlaggda
380 333 26 21 af
425 333 106 22 utskottet
553 334 31 21 uti
604 333 120 21 motiverna
744 333 33 21 till
797 333 159 28 betänkandet,

208 370 57 20 samt
278 368 85 27 yrkade
379 369 32 19 att
426 368 33 20 till
474 368 99 21 ståndets
589 367 136 21 besvarande
740 368 134 27 proposition
890 368 67 21 måtte

208 402 133 22 framställas
361 402 82 28 derom,
463 402 106 21 huruvida
588 402 27 21 de
631 401 25 21 af
668 402 106 21 utskottet
789 402 95 21 fixerade
901 409 56 15 sum-

208 443 76 15 morna
299 436 130 27 godkändes
444 438 56 20 samt
516 436 37 22 det
567 436 104 28 möjligen
686 436 112 22 blifvande
814 436 143 22 öfverskottet

208 471 58 27 finge
281 471 114 21 användas
411 471 32 21 till
460 471 253 21 kommunikationernas
728 470 172 22 fallkomnande.

275 505 209 27 Kontraktsprosten
508 505 78 22 doktor
610 505 121 21 Granfelt
745 505 61 27 ville,
822 505 135 21 beträffande

209 539 153 28 kyrkoherden
382 540 136 26 Rosengrens
540 539 145 27 anmärkning
704 539 8 21 i
733 539 120 27 anledning
876 540 25 20 af
921 540 36 20 nä-

208 580 40 20 gra
267 574 81 20 talares
367 573 110 28 yrkande,
498 575 32 19 att
548 574 23 20 ät
586 573 128 27 regeringen
730 574 67 20 mätte
813 574 145 22 öfverlemnas

208 610 32 18 att
256 607 117 28 disponera
387 608 26 21 de
429 607 119 29 inflytande
563 607 86 21 medlen
665 607 33 21 för
713 607 27 21 de
756 607 112 29 ändamäl,
880 614 46 15 som
937 602 24 26 af

210 642 118 22 ständerna
343 642 134 27 bestämdes,
493 642 94 28 upplysa
603 643 31 19 att
650 641 64 21 äfven
728 642 85 21 talaren
827 642 33 21 för
873 642 34 22 sin
923 641 35 23 del

209 675 89 29 hyllade
313 676 94 21 nämnde
423 676 57 27 äsigt
495 676 29 28 pä
538 676 42 20 den
596 675 78 28 grund,
691 678 32 19 att
740 676 37 21 det
792 683 51 14 vore
859 676 99 22 fullkom-

209 710 39 26 ligt
271 710 68 22 ovisst
361 710 53 22 huru
437 710 88 28 mycket
544 717 78 21 genom
643 710 207 22 brännvinsskatten
871 710 86 23 komme

210 746 32 20 att
256 744 83 29 inflyta.

277 779 91 22 Prosten
383 780 27 21 H.
426 780 94 21 Heikel
536 780 123 28 anmärkte,
676 782 32 19 att
724 779 152 23 diskussionen
887 780 72 21 blifvit

209 813 107 28 indragen
339 814 29 27 på
388 816 31 19 ett
439 814 89 21 område
548 815 24 20 af
590 815 152 27 specialiteter,
764 814 38 21 der
823 815 42 21 den
881 814 78 22 endast

210 847 73 22 kunde
301 855 54 14 vara
375 850 30 19 ett
420 848 117 27 huggande
557 849 7 20 i
579 848 85 28 vädret,
681 851 56 19 samt
751 849 96 27 föreslog
863 851 32 18 att
911 849 48 21 herr

209 883 140 20 talemannen
364 883 67 20 måtte
444 883 63 27 fråga
520 882 89 22 ståndet
620 889 33 14 om
665 883 122 22 detsamma
797 883 98 21 önskade
907 885 52 25 taga

210 916 69 21 under
282 912 10 37 '
301 916 100 28 pröfning
422 916 27 21 de
472 917 73 21 skilda
568 923 121 15 summorne
712 917 53 21 eller
788 917 133 22 öfverlemna
936 918 23 20 ät

210 951 108 27 styrelsen
339 953 32 18 att
391 951 121 21 bestämma
528 951 118 22 desamma.
676 952 42 21 För
734 951 87 22 ståndet
835 951 71 22 blefve
923 951 37 22 det

210 985 41 21 ock
269 985 99 27 omöjligt
387 987 32 19 att
437 985 28 28 på
482 985 94 22 förhand
596 985 120 22 bestämma
731 987 15 20 t.
761 992 34 15 ex.
811 986 100 27 anslaget
927 986 33 21 till

210 1019 143 27 undsättning
373 1019 69 22 under
468 1019 135 28 missvextär,
631 1021 23 27 ty
677 1020 60 21 detta
764 1027 51 14 vore
839 1019 121 23 detsamma

210 1060 46 14 som
272 1055 32 20 att
321 1070 6 9 ,
334 1053 57 28 sälja
405 1053 71 22 huden
492 1054 44 21 förr
552 1057 28 19 än
596 1055 91 27 björnen
702 1054 72 22 blifvit
790 1055 108 27 skjuten".

278 1088 91 21 Prosten
384 1088 119 28 Alopeus
518 1089 97 28 yttrade:
632 1083 116 33 Äsigterna
763 1096 35 15 om
809 1089 151 28 fördelningen

210 1122 25 21 af
254 1122 169 26 ifrägavarande
445 1123 71 21 medel
539 1123 75 21 kunna
636 1123 129 28 visserligen
788 1123 57 22 inom
868 1123 92 22 ständen

211 1163 53 14 vara
282 1156 47 21 lika
347 1157 88 27 mänga,
453 1163 45 15 som
515 1157 259 28 ständsmedlemmarna,
790 1164 49 15 men
854 1158 107 21 utskottet

211 1190 38 21 har
270 1190 57 21 dock
347 1192 72 20 ansett
440 1191 33 27 sig
493 1191 87 28 pligtigt
595 1193 43 26 att,
655 1191 32 22 till
703 1191 137 28 underdänig
855 1191 106 28 ätlydnad

210 1224 25 21 af
251 1224 59 21 hvad
326 1224 42 21 den
383 1225 82 27 nädiga
480 1225 162 28 propositionen
659 1225 74 29 (pagg.
749 1226 26 21 95
792 1226 40 21 och
848 1225 36 29 96)
900 1226 60 21 inne-

210 1258 76 28 häller,
314 1259 81 22 föreslä
419 1260 118 27 anslagens
563 1260 80 27 belopp
666 1260 40 21 och
729 1260 6 21 i
755 1260 91 21 hvilken
869 1260 93 27 ordning

211 1292 66 21 dessa
303 1293 78 26 anslag
406 1293 156 22 företrädesvis
585 1293 67 21 borde
675 1293 61 28 utgå,
760 1293 47 21 ifall
830 1293 87 22 medlen
940 1294 19 27 ej

210 1325 77 22 räckte
302 1326 33 21 till
351 1326 50 21 alla.

278 1360 112 21 Utskottet
410 1361 45 25 har,
475 1362 28 27 på
522 1363 43 20 sätt
585 1361 64 22 äfven
669 1361 6 22 i
696 1362 150 21 betänkandet
865 1369 49 21 pag.
933 1363 27 20 29

211 1394 103 29 antydes,
339 1397 72 20 ansett
433 1395 37 22 det
493 1396 25 21 af
536 1396 46 28 vigt
604 1398 41 26 att,
670 1396 28 22 då
713 1397 247 27 brännvinsbrännings-

210 1429 145 29 rättighetens
362 1425 11 38 .
376 1430 111 28 skiljande
509 1430 48 23 från
572 1431 130 27 jordbruket
722 1432 12 21 å
753 1431 52 22 flere
823 1433 58 21 orter
900 1432 59 22 kom-
