1023 1795
208 137 40 22 542

179 210 34 15 om
228 203 82 28 påbud,
327 205 33 19 att
374 203 68 27 vågar
457 202 71 22 skulle
545 202 13 21 å
573 202 203 28 gästgifvargårdar
791 202 79 29 finnas,
888 202 40 22 och

178 237 54 21 huru
247 237 129 22 beskaffade
392 237 27 21 de
435 237 67 21 borde
517 243 64 21 vara,
599 236 40 22 och
655 243 59 15 mera
730 237 78 28 dylikt.

246 272 91 21 Prosten
366 271 138 28 Grönberg
526 271 99 22 saknade
653 271 30 22 uti
709 271 119 22 utskottets
855 271 75 22 betän-

178 306 74 21 kande
271 306 138 27 bestämning
428 312 43 21 om,
491 305 106 22 huruvida
616 305 40 22 och
671 305 34 22 till
720 305 60 22 hvad
794 305 137 22 förhållande

178 340 87 28 förböjd
279 340 123 28 skjutslega
416 339 71 22 skulle
501 340 110 21 beräknas
626 339 46 22 från
689 339 111 22 städerna.

247 375 145 28 Domprosten
410 374 71 27 Borg
499 374 52 22 ville
570 375 57 20 emot
646 374 138 28 vicepastorn
804 381 42 15 von
861 375 70 21 Essen

180 409 40 22 och
245 409 206 27 kontraktsprosten
478 408 112 22 Stenbäck
613 409 116 27 anmärka,
753 411 33 19 att
808 409 74 22 denna
904 415 29 15 nu

179 443 63 22 förda
265 443 125 22 diskussion
416 450 34 14 om
473 443 158 27 hällskjutsens
655 443 151 21 öfverlåtande
826 444 14 20 &
862 445 70 19 entre-

180 477 82 28 prenad
281 484 51 15 vore
355 479 32 20 att
409 477 116 28 föredraga
548 477 89 22 framför
659 477 210 28 naturaprestation,
893 477 40 21 här

180 519 39 14 var
237 512 29 27 pä
284 512 33 22 sin
336 512 67 28 plats,
420 511 29 22 dä
464 519 50 14 man
530 511 97 22 hvarken
644 511 24 22 af
680 512 77 27 frägan
774 519 34 14 om
824 511 109 28 brobygg-

180 546 44 22 nad
248 547 53 20 eller
322 547 26 20 af
366 547 68 26 något
456 549 68 18 annat
547 547 96 20 moment
665 546 6 21 i
693 546 151 21 betänkandet
859 546 74 21 kunde

180 581 63 21 ledas
260 581 32 21 till
308 580 166 29 öfverläggning
489 581 81 21 derom.

249 615 91 22 Prosten
359 615 128 22 Borenius
508 615 81 28 ansäg,
609 615 7 20 i
636 614 70 23 likhet
725 615 50 22 med
795 615 139 28 vicepastorn

182 656 41 15 von
239 649 70 22 Essen
325 649 40 22 och
380 649 70 22 andra
465 649 81 28 talare,
563 649 38 22 det
615 655 54 16 vara
683 649 8 21 i
706 649 80 28 högsta
801 649 54 28 grad
871 651 63 20 rätts-

182 683 90 29 vidrigt,
293 691 34 14 om
348 684 136 27 skjutslegan
506 684 71 21 skulle
597 684 102 27 erläggas
718 684 33 21 till
772 683 67 28 högre
855 684 79 28 belopp

183 719 22 20 ät
226 719 169 27 entreprenörer,
417 720 28 20 än
464 719 22 20 ät
502 718 27 22 de
544 717 90 29 bönder,
650 718 76 22 hvilka
741 718 77 28 sjelfve
833 718 102 28 utgjorde

182 752 208 29 hällskjutsningen,
412 752 67 22 ehuru
497 753 42 21 den
560 753 94 21 resande
671 752 58 22 hade
744 752 92 23 alldeles
852 759 84 15 samma

183 787 70 22 fördel
271 787 25 21 af
308 786 120 23 hvarderas
442 787 82 22 hästar.
555 787 10 21 I
579 787 70 21 likhet
665 787 49 21 med
729 787 206 28 kontraktsprosten

185 821 62 22 Sirén
263 821 113 29 påyrkade
392 822 64 21 äfven
472 824 88 25 prosten
575 821 166 22 bestämmande
757 821 25 22 af
794 823 31 20 ett
839 821 97 22 maximi-

184 856 79 28 belopp
279 856 25 21 af
316 855 42 22 den
374 857 112 27 väglängd
502 856 42 22 den
554 856 94 21 resande
659 855 56 22 hade
727 858 43 19 rätt
781 858 32 19 att
823 856 113 28 tillrygga-

184 891 66 26 lägga
271 891 29 27 på
320 897 26 14 en
366 891 74 21 timme
459 893 58 19 samt
536 897 34 15 om
586 891 97 27 tyngden
699 891 33 21 för
747 891 27 21 de
790 890 84 28 åkdon,
891 897 46 15 som

186 924 75 22 dervid
284 924 71 22 skulle
374 925 22 21 få
415 925 123 28 begagnas,
563 924 93 22 emedan
675 926 15 19 t.
711 932 34 14 ex.
766 924 84 22 sådana
870 926 68 26 tunga

184 966 90 22 vagnar,
298 966 47 15 som
366 960 85 27 ganska
474 959 35 21 väl
532 959 75 22 kunna
626 959 113 27 begagnas
755 959 7 21 i
778 959 111 28 Ryssland
909 959 29 28 på

186 994 50 22 dess
248 994 77 28 jemna
340 996 74 26 vägar,
430 1000 52 16 voro
496 993 93 23 alldeles
605 993 120 23 mördande
741 994 33 22 för
789 994 102 22 hästarne
907 994 31 21 uti

186 1029 53 21 våra
253 1028 96 28 backiga
365 1028 89 22 trakter.

254 1063 209 28 Kontraktsprosten
484 1063 94 22 Hellén
603 1063 50 22 ville
669 1065 58 20 emot
742 1063 138 29 vicepastorn
896 1070 42 16 von

186 1098 70 22 Essen
272 1098 114 28 anmärka,
408 1100 32 19 att
460 1098 26 21 de
502 1098 92 28 300,000
610 1098 72 28 mark,
703 1105 47 14 som
765 1098 33 21 till
813 1098 126 28 hållskjuts-

186 1134 93 26 ningens
294 1132 168 22 underlättande
478 1132 71 22 blifvit
564 1132 115 28 anslagna,
696 1132 49 22 icke
759 1133 86 21 komme
856 1135 31 19 att
898 1132 40 22 för-

187 1168 43 27 slå,
254 1166 77 22 såvida
352 1167 19 27 ej
388 1167 138 27 skjutslegan
549 1167 120 28 förhöjdes,
693 1167 99 22 hvarföre
815 1167 124 21 kontrakts-

187 1203 88 26 prosten
295 1202 70 26 ansåg
384 1201 49 21 med
453 1202 92 21 rättvisa
566 1204 55 18 mest
643 1201 249 28 öfverensstämmande,
909 1203 31 19 att

187 1236 49 21 icke
260 1237 72 20 staten
355 1242 75 15 ensam
454 1235 89 22 dermed
566 1236 146 27 betungades,
736 1237 52 20 utan
812 1236 64 21 äfven
898 1236 41 21 den

188 1269 102 29 resande,
317 1276 46 15 som
389 1270 125 27 egentligen
541 1270 54 26 drog
617 1272 63 26 nytta
703 1270 68 21 deraf.
800 1269 141 23 Beträffande

188 1304 37 21 det
248 1304 25 20 af
289 1304 52 21 flere
362 1304 69 21 talare
451 1304 116 22 förordade
587 1304 134 28 stadgandet
741 1304 84 28 derom,
846 1306 32 20 att
898 1304 43 22 den

188 1338 93 21 resande
303 1338 18 26 ej
342 1338 71 21 skulle
434 1338 22 20 få
477 1338 171 27 tillryggalägga
667 1345 46 14 mer
731 1341 28 18 än
776 1345 26 14 en
818 1339 37 20 mil
870 1339 7 20 i
893 1339 47 20 tim-

189 1378 48 15 men
261 1373 56 19 samt
341 1373 31 19 att
392 1371 64 22 äfven
479 1371 42 21 den
543 1371 79 28 tyngd,
646 1377 45 15 som
714 1371 57 28 finge
795 1373 69 20 sättas
888 1371 54 22 efter

188 1405 75 28 hvarje
279 1405 59 28 häst,
354 1405 71 22 skulle
440 1405 143 29 bestämmas,
601 1405 51 22 ville
668 1405 205 29 kontraktsprosten
887 1405 53 23 hän-

188 1439 49 23 visa
260 1440 32 21 till
314 1446 50 22 pag.
382 1440 25 21 17
431 1440 6 21 i
460 1439 118 23 utskottets
600 1439 151 30 betänkande,
775 1439 39 24 der
833 1440 37 22 det
885 1439 55 24 före-
