1031 1811
772 132 41 21 129

166 215 163 38 Måndagen
350 215 55 28 den
427 214 17 29 7
466 225 73 18 mars
561 216 40 27 kl.
625 217 36 26 10
682 217 18 26 f.
722 227 36 17 m.

155 267 90 21 Plenum
270 266 114 28 öppnades
409 266 50 21 med
487 266 26 22 af
532 266 153 28 kyrkoherden
710 267 26 21 A.
759 267 80 22 Heikel

88 301 74 21 hållen
176 301 50 21 bön.

155 335 43 21 Vid
220 335 53 22 härå
296 334 65 22 skedt
383 341 84 22 upprop
489 334 108 23 befunnos
620 334 98 23 ståndets
738 335 100 27 samtlige

86 369 142 23 medlemmar
253 376 54 16 vara
334 369 120 28 tillstädes,
478 369 49 22 med
549 369 114 28 undantag
685 369 25 21 af
728 369 109 29 följande,

86 404 77 22 hvilka
181 404 151 22 antecknades
348 404 73 22 såsom
435 404 156 28 frånvarande,
607 404 109 28 nemligen
731 404 108 28 biskopen

86 440 114 21 Frosterus
215 439 7 21 i
238 438 110 23 anseende
364 439 33 21 till
413 445 27 15 en
456 438 115 22 ömmande
582 438 256 28 familjeangelägenhet,

86 474 124 28 professorn
239 473 82 22 Geitlin
352 473 40 21 och
421 473 208 28 kontraktsprosten
662 474 113 22 Ehrström
805 474 33 22 för

86 508 134 22 fortfarande
251 508 111 28 sjukdom,
395 510 56 19 samt
483 508 124 28 professorn
633 508 123 22 Schauman
783 515 55 21 som,

85 542 95 22 hindrad
195 542 25 22 af
231 542 234 29 tjentsteåligganden,
483 542 54 22 först
552 542 96 22 klockan
664 543 57 21 elfva
736 542 103 22 inträdde

87 577 6 21 i
107 578 95 27 plenum.

154 647 90 22 Tvänne
265 646 202 29 protokollsutdrag
489 647 26 21 af
534 647 42 22 den
599 648 12 20 5
633 647 90 29 dennes,
744 647 37 22 det
796 654 42 15 ena

86 681 116 28 angående
225 681 126 28 deputation
375 681 32 22 till
429 681 144 22 medständen
598 682 6 21 i
627 681 63 28 fråga
712 689 33 15 om
769 683 13 26 &
803 682 35 21 2i

86 717 82 27 nädiga
189 717 162 28 propositionen
377 723 34 14 om
434 716 144 22 försvarslösa
599 723 103 22 personer
718 716 40 22 och
774 716 64 22 deras

86 751 134 27 behandling
241 753 57 19 samt
321 751 37 21 det
381 750 70 22 andra
464 751 137 21 beträffande
617 751 221 28 expeditionsutskot-

86 787 43 20 tets
152 785 83 27 förslag
256 786 34 21 till
307 792 50 15 svar
378 785 13 21 å
406 785 81 28 nådiga
503 785 162 28 propositionen
680 785 116 28 angående
811 785 27 22 de

86 820 143 27 tjenstemäns
252 819 170 28 löneförmäner,
447 820 86 22 hvilkas
559 819 148 28 befattningar
724 819 114 28 indragas,

87 855 112 28 upplästes
216 854 30 22 till
259 855 117 27 justering.

155 924 123 28 Föredrogs
295 924 233 22 ekonomieutskottets
540 923 140 23 betänkande
694 931 35 15 n:o
743 925 21 28 7,
782 923 7 22 i
801 931 37 15 an-

86 959 91 28 ledning
192 959 25 22 af
229 959 82 28 nädiga
329 959 164 28 propositionen
513 966 34 15 n:o
566 960 37 28 31,
627 959 114 27 angäende
761 959 79 27 anslag

87 994 33 22 till
134 994 124 22 inrättande
275 994 25 22 af
308 994 132 28 folkskolor,
457 994 32 22 till
505 994 140 28 anläggande
657 994 24 22 af
689 1002 43 21 nya
742 994 96 22 kommu-

86 1029 219 22 nikationsanstalter
330 1032 56 20 samt
409 1028 33 22 till
462 1029 110 22 särskilda
587 1029 69 22 andra
672 1029 167 29 allmännyttiga

84 1064 93 27 företag.
194 1076 26 4 —
235 1063 128 23 Bordlades.

155 1133 137 28 Föredrogos
307 1133 98 28 följande
420 1133 211 30 protokollsutdrag:

156 1168 28 29 A)
200 1168 47 22 frän
262 1168 119 28 höglofliga
397 1169 154 29 ridderskapet
567 1169 40 21 och
623 1168 74 22 adeln:

157 1203 21 27 1)
201 1203 24 21 af
245 1203 42 21 den
305 1204 25 20 19
346 1203 94 22 februari
456 1205 49 21 med
528 1203 158 23 underrättelse
704 1205 33 19 att
752 1202 87 22 ständet

87 1237 114 27 godkännt
213 1237 256 28 expeditionsatskottets
480 1238 83 28 förslag
575 1238 32 21 till
619 1237 131 22 ständernas
762 1237 77 22 under-

87 1271 81 28 däniga
196 1278 50 15 svar
273 1272 13 21 å
313 1272 82 28 nådiga
415 1273 164 28 propositionen
603 1278 36 15 n:o
662 1272 38 27 49,
724 1272 115 26 angående

88 1306 85 27 garanti
198 1306 24 21 af
242 1306 37 21 det
301 1306 47 28 län,
372 1307 237 28 hypoteksföreningen
629 1306 7 21 i
652 1306 75 22 landet
743 1306 97 22 kommer

88 1342 32 20 att
135 1341 13 21 å
164 1340 82 22 utrikes
263 1343 33 19 ort
311 1343 103 25 upptaga.

156 1376 23 27 2)
198 1374 24 22 af
235 1375 42 22 den
293 1376 27 20 24
335 1375 95 22 februari
447 1376 49 22 med
512 1375 158 23 underrättelse
690 1377 33 19 att
741 1374 98 29 ständet,

88 1416 46 14 som
150 1410 32 20 till
199 1409 102 27 pröfning
315 1410 94 21 förehaft
425 1412 158 20 sammansatta
599 1410 44 27 lag-
661 1410 39 21 och
716 1410 123 21 ekonomie-

88 1443 118 21 utskottets
224 1443 141 21 betänkande
383 1444 7 20 i
409 1444 120 27 anledning
544 1444 25 21 af
581 1444 82 26 nädiga
677 1444 163 27 propositionen

110 1484 58 22 Högv.
180 1484 134 18 Prestaständets
326 1485 66 17 Protok.
409 1485 36 17 III.
763 1487 9 14 9
