1017 1748
783 116 39 22 711

97 183 45 20 stor
164 181 100 22 frestelse
287 182 33 21 till
343 181 116 22 underslef.
489 182 50 22 Man
562 189 51 15 vore
633 189 44 21 nog
691 182 7 21 i
714 182 87 23 tillfälle
817 185 33 19 att

96 223 24 15 se
143 216 40 22 och
207 215 70 22 erfara
300 217 53 21 huru
375 216 37 21 vid
435 217 63 27 fråga
519 224 34 14 om
569 217 144 27 erläggandet
729 217 25 22 af
765 220 83 25 presta-

97 251 129 27 rättigheter
245 251 82 21 enhvar
345 251 215 28 betalningsskyldig
575 251 111 22 sträfvade
703 253 32 20 att
750 253 25 20 så
790 259 58 21 myc-

96 285 38 22 ket
150 292 46 14 som
211 285 85 28 möjligt
311 285 135 21 undanhålla
461 286 132 27 sanningen,
611 286 39 21 och
666 285 28 22 då
710 287 37 20 det
762 287 86 20 komme

96 321 32 20 att
143 319 60 28 gälla
218 319 144 28 erläggandet
376 318 25 22 af
413 319 131 29 bevillning,
561 319 73 22 blefve
650 320 35 21 väl
701 320 147 21 förhållandet

96 354 125 27 enahanda,
246 354 77 21 endast
345 354 8 21 i
375 355 69 20 större
467 355 70 21 skala.
566 355 10 20 I
599 354 46 28 fall,
670 355 73 22 såsom
762 355 86 22 talaren

96 388 120 29 hoppades,
233 389 41 21 den
288 388 119 27 kejserliga
423 389 161 28 propositionen
599 389 70 21 blefve
681 392 104 25 antagen,
797 389 51 22 ville

96 423 84 22 talaren
201 423 45 22 deri
265 423 68 21 likväl
352 422 81 22 föreslå
451 423 42 21 den
509 423 160 28 modifikation,
684 426 32 19 att
732 423 114 29 skyddsaf-

96 458 67 27 giften
189 457 46 22 lika
258 457 51 22 med
336 457 243 29 mantalspenningarne
607 457 70 22 skulle
701 459 101 27 erläggas
825 458 25 21 af

95 492 76 28 hvarje
185 499 78 21 person
279 492 94 21 emellan
390 493 25 20 16
433 492 39 22 och
490 493 27 20 64
532 493 35 20 års
584 491 67 23 ålder.

162 527 209 28 Kontraktsprosten
395 526 80 22 doktor
497 527 148 28 Hertzberg
665 527 61 28 ville,
745 527 8 22 i
771 527 74 22 anled-

95 561 53 28 ning
168 562 24 21 af
208 563 87 27 prosten
311 561 112 22 Borenius?
439 561 111 29 yttrande,
566 561 94 29 upplysa
675 564 32 19 att
722 562 124 21 kontrakts-

96 598 88 26 prosten
200 596 49 21 med
265 595 109 28 uttrycket
391 596 116 27 ,behållna
520 596 132 21 inkomster"
670 596 19 27 ej
707 596 86 22 förstått
809 603 37 15 an-

95 633 49 26 nat,
168 633 28 19 än
218 631 42 21 den
283 637 52 14 rena
358 629 104 29 inkomst,
485 630 89 21 hvarom
594 631 10 20 1
625 632 14 25 8
655 631 62 21 talar.
747 631 43 21 För
804 630 42 23 den

95 665 175 28 skattskyldiges
290 664 117 29 uppehälle
427 665 109 21 beräknas
556 665 42 21 500
617 665 62 21 mark
695 665 40 22 och
750 665 33 22 för
798 665 46 28 det,

94 699 104 23 hvarmed
224 699 54 22 hans
301 699 96 22 inkomst
421 699 144 28 öfverskjuter
586 699 94 22 nämnde
704 706 92 21 summa,
814 707 31 14 er-

94 735 78 27 lägges
185 734 126 27 bevillning.
341 733 106 22 Flertalet
462 733 97 22 kommer
575 733 92 22 sålunda
681 735 31 20 att
727 734 73 21 betala
809 734 37 21 be-

94 769 93 27 villning
202 768 19 28 ej
241 768 25 21 af
279 768 37 21 sitt
332 767 113 28 öfverflöd,
462 770 52 19 utan
529 767 26 22 af
567 768 33 21 sin
615 768 115 21 bestämda
745 768 62 28 brist,
822 770 24 26 ty

94 803 33 22 för
143 803 27 21 de
185 803 64 21 flesta
264 802 63 27 åtgår
342 802 32 21 till
390 802 109 21 hushållet
514 802 65 22 minst
592 802 64 28 5,000
667 803 62 20 mark
739 802 40 21 och
790 803 55 21 såle-

96 838 39 21 des
155 838 69 21 måste
245 837 27 21 de
292 837 128 28 ytterligare
437 836 124 23 skuldsätta
582 837 33 27 sig
631 836 32 22 för
679 839 32 19 att
726 837 74 22 kunna
814 844 31 15 er-

94 873 69 27 lägga
187 871 154 28 bevillningen.
371 871 50 22 Men
447 878 34 14 om
505 871 36 29 de,
565 871 87 22 hvilkas
674 878 53 14 rena
750 871 96 22 inkomst

95 907 50 21 icke
160 907 85 27 uppgår
260 906 33 22 till
309 906 37 22 det
361 906 125 22 fastställda
500 906 111 28 beloppet,
622 906 8 21 i
641 906 120 28 bevillning
771 906 74 22 erlade

95 944 14 19 t.
132 948 34 14 ex.
189 948 50 14 man
263 942 26 20 10
311 941 74 27 kopek
408 940 40 22 och
467 941 81 26 qvinna
563 941 12 21 5
591 940 83 28 kopek,
691 941 24 21 så
731 941 70 21 skulle
818 941 27 21 de

95 975 85 22 derföre
196 975 18 27 ej
229 975 94 21 behöfva
337 974 126 22 skuldsätta
477 975 40 27 sig.
547 976 48 20 Den
607 974 26 21 af
639 974 106 22 utskottet
756 975 88 28 hyllade

94 1010 85 28 princip
195 1012 24 18 är
234 1010 86 22 således
336 1009 86 27 obillig,
439 1009 25 21 så
477 1009 88 28 mycket
581 1016 51 20 mer,
649 1016 46 14 som
711 1010 67 26 enligt
794 1009 51 21 den-

95 1050 83 17 samma
198 1043 41 22 den
255 1044 117 27 folkklass,
388 1044 65 20 hvars
468 1044 35 21 väl
519 1050 78 21 genom
613 1043 148 28 bevillningen
777 1043 67 28 afses,

95 1082 25 19 är
135 1078 47 22 från
197 1078 39 22 allt
251 1078 132 28 deltagande
399 1078 47 21 deri
461 1078 91 21 befriad.

162 1114 91 21 Prosten
273 1112 120 28 Alopeus
414 1112 67 28 hade,
502 1112 71 22 såsom
593 1112 96 22 ledamot
704 1112 7 22 i
727 1114 62 20 stats-
804 1112 41 21 och

94 1148 249 27 bevillningsutskottet,
366 1146 54 22 först
441 1146 105 22 förfäktat
568 1146 124 22 införandet
710 1146 25 22 af
753 1146 91 28 skydds-

94 1182 102 28 afgiften,
213 1188 48 15 men
277 1181 131 28 sedermera,
425 1181 28 21 då
469 1181 37 21 det
521 1181 57 22 visat
594 1181 34 27 sig
643 1183 32 19 att
685 1180 161 22 bondeståndet

94 1218 50 21 icke
160 1216 71 22 skulle
246 1216 29 27 gå
290 1216 22 21 in
325 1216 30 27 pä
365 1222 26 15 en
403 1216 43 21 slik
457 1215 72 28 afgift,
541 1215 97 27 frängätt
648 1215 109 28 yrkandet
768 1214 78 29 derpä,

96 1251 40 22 och
151 1250 116 23 förordade
283 1250 84 21 talaren
383 1250 64 21 äfven
463 1257 28 14 nu
506 1252 31 19 att
551 1249 98 28 ståndet,
664 1249 48 22 ifall
723 1249 37 22 det
770 1249 76 22 verke-

95 1286 59 27 ligen
175 1284 98 23 önskade
293 1284 115 27 framgång
427 1285 22 20 åt
467 1283 219 28 bevillningsfrågan,
707 1283 50 21 icke
776 1283 70 22 envist

96 1320 71 22 skulle
190 1318 106 23 vidblifva
321 1318 45 29 det,
391 1325 46 15 som
459 1318 18 28 ej
502 1318 86 21 komme
611 1320 31 19 att
657 1317 66 21 vinna
739 1317 44 21 alla
798 1317 48 28 fyra

96 1354 105 22 ståndens
225 1353 68 21 bifall.
323 1353 63 21 Hvad
409 1352 78 28 sjelfva
509 1351 112 29 principen
642 1351 90 28 angick,
755 1352 25 21 så
795 1351 51 22 ville

96 1388 84 21 talaren
197 1387 57 20 fästa
270 1386 99 21 ståndets
384 1385 194 28 uppmärksamhet
593 1386 85 27 dervid,
693 1387 32 19 att
741 1385 106 22 utskottet

96 1422 8 22 i
127 1422 38 24 sitt
186 1420 141 24 betänkande
351 1421 6 21 i
381 1420 98 29 grunden
501 1419 70 31 hyllat
594 1426 83 15 samma
692 1419 92 32 princip,
801 1426 46 15 som
