1025 1789
772 115 41 20 883

89 179 63 22 fallet
170 178 51 23 med
240 179 27 21 de
284 178 64 22 flesta
367 178 314 29 provinsialläkaredistrikten
698 179 7 22 i
720 179 122 28 Uleåborgs

89 214 47 27 län,
156 213 38 22 der
212 215 15 20 t.
247 220 34 15 ex.
299 213 106 27 Kalajoki
424 213 89 22 distrikt
530 214 99 21 sträcker
648 215 33 26 sig
700 214 62 28 tjugu
781 214 36 21 mil
834 214 7 21 i

88 247 69 28 längd
175 247 41 22 och
235 254 38 15 sex
291 247 39 21 mil
348 247 6 21 i
374 247 68 21 bredd
462 249 57 20 samt
536 247 119 22 innefattar
669 248 81 27 fjorton
764 249 34 21 till
814 255 26 15 en

90 282 36 21 del
141 281 86 28 ganska
242 281 96 22 folkrika
354 281 158 28 församlingar,
528 281 86 22 hvilkas
628 282 128 27 folkmängd
772 282 71 22 öfver-

90 316 68 27 stiger
178 317 31 20 ett
229 315 61 21 antal
309 315 25 21 af
348 315 178 28 fyratiotretusen
544 322 110 21 personer.
684 316 49 21 Men
750 317 64 20 äfven
834 317 8 20 i

88 349 70 22 andra
174 349 61 22 delar
250 349 25 21 af
287 349 76 22 landet
378 349 62 21 torde
456 349 47 22 dels
519 357 26 14 en
561 349 101 29 klyfning
677 350 25 21 af
709 350 131 21 förhanden-

88 384 97 21 varande
208 383 296 29 provinsialläkaredistrikt,
531 383 47 23 dels
604 391 26 14 en
657 384 139 29 omflyttning
818 385 25 21 af

88 419 117 22 läkarenes
221 418 106 22 stationer
341 418 109 27 päkallas.

157 454 33 21 De
213 453 112 21 allmänna
348 452 242 28 sjukhusinrättningar,
614 453 76 22 hvilka
712 460 29 14 nu
760 453 80 28 finnas,

89 487 67 22 hafva
181 487 50 21 icke
254 487 68 21 heller
340 487 34 28 på
397 486 61 28 långt
481 489 38 19 när
541 487 84 22 kunnat
652 487 55 28 fylla
729 487 111 28 behofvet,

89 521 111 28 hvarföre,
220 521 40 21 och
279 523 53 19 enär
352 521 37 21 det
408 523 25 19 är
451 523 33 20 att
502 521 81 22 förutse
599 523 32 20 att
647 521 65 22 dessa
728 521 112 22 inrättnin-

89 563 45 21 gar,
153 556 26 22 så
196 555 142 28 nödvändiga
357 555 27 21 de
400 555 42 22 ock
458 557 46 25 äro,
520 556 49 21 icke
584 555 7 22 i
607 563 27 14 en
650 555 49 22 hast
714 556 40 21 och
770 556 29 27 på
814 563 27 14 en

90 591 59 27 gång
173 590 75 21 kunna
271 590 88 21 komma
381 589 33 22 till
436 589 75 27 stånd,
534 590 112 21 desamma
669 589 67 22 borde
758 590 34 21 till
814 597 27 14 en

92 625 77 27 början
185 624 139 27 organiseras
339 623 14 22 å
369 623 27 22 de
412 625 63 26 orter,
490 623 38 22 der
539 623 36 22 det
586 626 81 19 största
677 623 102 22 behofvet
790 631 51 14 vore

90 658 101 23 förenadt
210 658 50 21 med
280 657 43 22 den
342 658 80 21 minsta
441 658 90 27 möjliga
549 657 95 22 kostnad
666 658 34 21 för
720 657 64 22 deras
799 658 42 21 till-

90 693 186 28 vägabringande.

157 728 32 21 På
209 727 70 27 grund
299 726 26 21 af
341 725 38 22 det
399 733 28 14 pu
446 726 93 22 anförda
558 726 68 28 vågar
644 726 39 22 hos
702 726 70 22 Eders
790 726 50 28 Kej-

90 763 80 26 serliga
192 761 103 28 Majestät
316 761 163 28 prestaståndet
502 759 157 28 underdånigst
681 760 98 28 anhålla,
805 760 37 22 det

89 797 79 22 värdes
186 795 69 22 Eders
273 795 125 28 Kejserliga
417 795 111 28 Majestät,
549 794 54 22 efter
619 794 122 22 infordradt
759 794 82 28 förslag

90 832 25 21 af
127 830 164 23 vederbörande
307 829 137 28 myndighet,
459 829 8 21 i
482 829 67 22 nåder
565 828 120 22 anbefalla:

159 865 98 28 klyfning
281 864 24 21 af
325 863 45 22 alla
390 864 27 21 de
436 863 297 29 provinsialläkaredistrikt,
754 863 88 22 hvarest

90 899 169 28 vidsträckthet,
278 898 128 27 folkmängd
425 898 40 22 och
481 899 69 26 öfriga
565 898 75 21 lokala
655 897 187 28 omständigheter

89 934 91 29 påkalla
193 940 27 15 en
231 933 76 28 sådan;

158 969 131 28 omflyttning
307 967 25 22 af
348 967 116 22 läkarenes
483 967 105 21 stationer
601 966 31 22 uti
648 966 27 21 de
692 965 95 29 distrikt,
804 965 38 22 der

91 1003 28 22 de
134 1003 97 28 antydda
247 1001 170 29 olägenheterna
432 1002 74 21 kunna
520 1008 78 21 genom
614 1001 43 21 slik
673 1000 77 28 åtgärd
764 999 78 28 aflägs-

90 1045 51 21 nas,
158 1039 57 20 samt

159 1071 123 22 inrättande
303 1071 30 28 af
349 1072 76 27 apotek
444 1071 36 20 och
498 1069 197 30 sjukvårdsanstalt
712 1069 48 20 med
777 1067 65 29 erfor-

90 1107 76 28 derligt
185 1106 62 21 antal
266 1109 80 25 sängar
364 1105 7 21 i
389 1105 105 21 närheten
512 1103 25 22 af
552 1103 117 22 läkarenes
687 1103 105 22 stationer
810 1102 31 21 uti

92 1140 28 22 de
148 1140 96 27 distrikt,
269 1140 39 21 der
331 1139 85 22 sådana
438 1138 145 27 inrättningar
605 1140 58 18 ännu
686 1136 92 28 saknas;
802 1135 40 22 och

91 1175 63 21 torde
173 1174 99 28 Nyslotts
293 1174 49 21 stad
362 1174 50 20 med
433 1173 49 21 skäl
500 1173 74 21 kunna
589 1178 65 15 anses
668 1171 73 22 såsom
757 1177 26 15 en
800 1172 42 25 ort,

92 1209 39 21 der
150 1216 26 14 en
192 1207 141 23 såbeskaffad
349 1206 200 29 sjukvårdsanstalt
562 1205 126 29 isynnerhet
703 1211 51 15 vore
770 1204 25 21 af
807 1204 36 21 be-

90 1244 75 21 hofvet
185 1242 115 28 påkallad,
321 1244 53 19 enär
394 1242 42 21 den
457 1242 95 20 närmast
567 1238 178 28 kringliggande,
762 1238 82 21 allmän

92 1277 212 28 sjukhusinrättning
322 1275 114 23 saknande
456 1275 97 21 traktens
569 1273 128 27 befolkning
711 1272 85 28 uppgår
810 1271 34 21 till

92 1312 91 28 vidpass
201 1310 182 22 femtiofemtusen
402 1316 111 22 personer,
534 1308 40 22 och
593 1308 39 21 der
652 1314 27 14 en
698 1306 120 26 inrättning
836 1305 8 21 i

94 1346 77 28 antydt
187 1345 56 29 syfte
255 1344 84 28 jemväl
354 1344 50 21 med
420 1344 79 21 minsta
514 1342 91 28 möjliga
620 1342 95 27 omgång
730 1339 40 23 och
783 1339 59 21 kost-

93 1381 45 21 nad
154 1380 72 21 kunde
242 1378 188 28 tillvägabringas.
