1017 1756
208 129 41 21 266

249 195 145 26 Domprosten
409 193 110 22 Renvall
535 192 55 22 utlät
605 193 43 27 sig,
665 194 32 19 att
713 192 28 22 då
757 193 87 22 ståndet
860 193 71 22 beslu-

181 229 25 21 tit
221 229 102 27 upprätta
338 227 110 27 förslagen
463 233 78 22 genom
557 227 92 21 utsedde
661 227 114 29 elektorer,
790 227 60 22 detta
860 227 72 22 beslut

182 263 67 27 enligt
269 262 150 28 domprostens
435 262 89 27 mening
539 261 101 28 innebar,
657 263 32 20 att
704 261 87 23 ståndet
805 261 68 22 borde
889 265 43 25 äga

180 297 123 22 förtroende
318 296 34 22 för
367 296 28 22 de
409 302 110 22 personer,
536 302 45 15 som
598 296 72 21 dertill
686 296 85 29 valdes,
783 296 41 22 och
834 303 53 15 anse
898 297 34 27 sig

181 331 82 22 hundet
278 330 25 22 af
315 330 58 23 hvad
389 330 64 22 desse
468 331 7 20 i
491 330 70 22 sådan
577 330 112 28 egenskap
710 331 120 28 tillgjorde,
851 333 23 26 ty
893 338 38 15 un-

182 366 38 21 der
236 373 72 14 annan
323 365 156 28 förutsättning
493 365 58 22 hade
575 365 136 22 elektorerne
733 365 50 22 icke
806 366 70 27 åtagit
898 366 35 28 sig

181 401 127 28 uppdraget.
338 401 78 27 Någon
432 400 93 28 ändring
540 399 25 22 af
577 399 111 28 förslagen
703 399 68 23 borde
782 399 84 23 derföre
882 400 50 22 icke

180 435 165 28 ifrågakomma,
361 435 42 22 och
418 435 110 28 svårligen
541 433 74 23 kunde
626 435 67 27 något
703 435 36 21 val
750 435 46 28 ske,
810 442 35 15 om
856 435 76 28 hvarje

182 469 171 23 ståndsmedlem
367 469 58 28 finge
439 470 14 20 å
467 469 83 28 förslag
560 468 92 29 uppföra
663 469 42 22 den
720 469 43 22 han
778 470 71 27 ansåg
862 470 69 28 lämp-

181 505 72 27 ligast.
295 503 64 24 Hvad
384 504 121 22 beträffade
532 503 174 29 anmärkningen
725 505 59 21 emot
803 505 37 22 två
861 504 26 22 af
905 504 28 23 de

180 539 124 28 föreslagne
316 539 144 28 revisorerne,
473 539 25 22 så
513 545 53 16 voro
581 537 28 22 de
623 538 57 22 dock
696 539 180 28 gymnasiilärare
891 540 39 21 och

180 574 68 22 hörde
263 573 87 23 således
365 573 34 22 till
412 573 169 29 prestaståndet,
598 579 34 16 om
646 573 27 22 de
685 574 41 21 ock
742 573 19 29 ej
778 581 51 15 voro
840 574 90 22 valbara

181 609 34 22 till
230 610 175 27 representanter
420 608 37 23 vid
472 608 142 28 landtdagen.

248 643 210 28 Kontraktsprosten
474 642 78 23 doktor
567 643 153 28 Europaeus
738 649 40 16 var
797 643 6 22 i
820 644 44 22 allo
880 650 52 16 ense

181 678 49 23 med
246 678 139 29 domprosten
400 678 99 22 Renvall.

248 714 146 27 Domprosten
401 713 68 28 Borg
479 712 115 23 anmärkte
605 714 38 27 att,
655 712 24 22 af
690 713 27 22 de
728 713 124 28 föreslagne
862 714 69 21 bank-

180 748 144 29 fullmäktige,
347 747 135 22 kanslirädet
504 747 55 22 Rein
582 747 41 22 och
638 747 124 29 professorn
782 748 150 28 Liljenstrand

180 790 52 16 voro
247 783 116 22 härstädes
378 783 86 22 bosatte
480 785 57 20 samt
551 784 32 20 att
598 784 89 27 prosten
702 782 105 23 Borenius
818 790 39 15 var
871 784 62 28 villig

180 821 42 25 att,
237 818 3 21 i
251 817 105 23 händelse
372 817 99 23 ståndets
485 818 37 22 val
537 817 52 23 fölle
604 818 30 28 på
648 817 89 29 honom,
749 817 100 29 hitflytta.
871 818 61 22 Såle-

180 854 40 21 des
234 852 72 22 förföll
321 854 89 26 prosten
425 852 84 28 Berghs
525 854 56 20 emot
596 852 95 22 nämnde
706 852 83 28 förslag
802 852 78 28 gjorda
894 860 38 15 an-

180 887 123 27 märkning.
332 886 140 23 Beträffande
488 886 154 29 kyrkoherden
657 887 91 22 Heikels
763 887 128 28 påstående,
908 888 25 22 så

180 929 53 15 vore
255 922 113 22 desamma
389 921 40 21 här
451 922 72 22 såsom
539 921 7 21 i
562 920 69 22 andra
654 921 39 22 fall
716 922 94 28 oredigt,
828 924 23 26 ty
862 922 70 28 jemte

181 957 37 22 det
233 956 153 29 kyrkoherden
401 956 79 22 Heikel
496 956 52 22 ville
563 955 48 22 från
626 956 105 28 förslaget
746 957 95 22 utesluta
852 963 27 15 en
895 958 36 21 del

181 992 29 28 på
224 990 71 29 grund
309 990 26 22 af
348 990 64 22 deras
427 990 58 22 icke-
499 990 114 22 valbarhet
635 991 33 21 till
683 991 181 28 landtdagsmän,
879 992 52 22 ville

181 1025 154 29 kyrkoherden
350 1025 87 22 ändock
453 1026 13 20 å
487 1026 121 22 detsamma
628 1024 91 30 uppföra
739 1025 125 29 professorn
883 1026 49 22 Pal-

181 1062 58 27 mén,
254 1067 46 16 som
316 1060 19 28 ej
351 1060 70 22 heller
435 1067 38 15 var
488 1061 83 22 valbar.

247 1096 64 20 Emot
333 1094 50 22 herr
405 1094 151 23 talemannens
579 1095 134 28 uppmaning
735 1094 33 22 till
792 1095 139 28 domprosten

180 1130 58 27 Borg
252 1132 32 19 att
304 1130 101 27 återtaga
428 1129 50 22 dess
499 1129 102 29 yttrande
624 1129 85 28 derom,
730 1131 32 20 att
777 1130 154 28 kyrkoherden

180 1164 79 21 Heikel
274 1163 62 28 röjde
352 1163 67 22 oreda
433 1164 8 20 i
456 1164 39 22 sitt
509 1164 107 28 yttrande,
632 1164 94 22 invände
742 1163 146 29 domprosten,
900 1167 32 19 att

180 1198 55 22 hans
250 1198 145 28 anmärkning
409 1198 19 28 ej
445 1205 39 15 var
500 1198 117 28 obefogad,
634 1198 93 22 emedan
740 1198 58 22 hvad
811 1198 119 30 kyrkoher-

181 1232 43 22 den
238 1232 80 22 Heikel
333 1232 102 28 andragit
449 1233 92 21 innebar
557 1240 26 15 en
599 1234 138 27 motsägelse.

248 1266 210 29 Kontraktsprosten
481 1268 74 22 Sirén
577 1267 93 29 yrkade,
693 1268 29 27 på
744 1267 27 22 de
794 1267 25 22 af
832 1268 98 27 dompro-

181 1302 73 20 starne
269 1300 92 22 Renvall
377 1301 40 21 och
432 1302 58 26 Borg
505 1301 91 22 anförda
611 1300 58 28 skäl,
686 1303 32 19 att
733 1300 111 28 förslagen
860 1301 71 22 skulle

181 1334 67 22 blifva
263 1334 132 28 ståndande,
412 1334 40 22 och
469 1335 114 21 anmärkte
604 1336 33 20 att
653 1335 197 27 bankfullmäktige
866 1335 64 22 äfven

181 1369 72 21 kunde
269 1369 72 28 väljas
356 1369 67 22 bland
438 1376 103 22 personer
556 1370 86 22 bosatte
658 1372 59 20 utom
731 1369 167 23 hufvudstaden.

248 1403 159 30 Kyrkoherden
426 1404 25 22 A.
472 1404 94 22 Heikel
585 1404 131 22 förundrade
737 1404 34 28 sig
791 1404 60 22 öfver
871 1405 58 21 dom-

180 1440 88 28 prosten
283 1439 69 29 Borgs
367 1438 138 30 uppfattning
523 1439 40 22 och
579 1439 130 30 påstående,
725 1442 32 20 att
777 1439 153 30 kyrkoherden
