1031 1809
800 130 40 20 157

118 194 46 22 deri
179 194 63 22 äfven
257 195 75 27 afsågs
343 194 27 22 de
381 195 175 27 medborgerliga
571 195 169 27 rättigheternas
760 196 108 21 beroende

118 230 24 20 af
155 230 142 20 nattvardens
314 229 123 27 begående;
454 229 39 21 och
510 230 98 20 önskade
624 232 97 25 prosten,
738 230 7 20 i
764 230 104 22 händelse

118 263 55 21 hans
188 263 83 27 förslag
286 264 19 26 ej
323 264 85 20 komme
428 265 32 19 att
476 265 102 25 antagas,
599 265 32 19 att
652 264 86 20 ståndet
758 264 52 21 ville
830 264 40 21 hos

118 298 62 21 Hans
195 296 125 29 Kejserliga
335 297 103 28 Majestät
453 297 131 28 petitionera
599 304 33 14 om
644 297 78 28 åtgärd
734 298 88 28 derhän,
837 300 32 19 att

118 331 130 22 hithörande
264 331 109 22 missbruk
390 332 86 21 komme
492 333 32 20 att
539 331 120 28 aflägsnas,
681 331 28 22 då
730 333 117 20 ständerna
863 333 6 20 i

119 367 45 21 alla
179 366 38 21 fall
234 366 36 21 vid
286 366 72 21 denna
373 366 107 27 landtdag
492 366 18 27 ej
522 366 62 21 torde
600 366 74 21 kunna
690 366 66 21 hinna
770 367 25 21 så
809 367 61 26 långt

119 401 31 22 uti
166 401 162 28 behandlingen
344 401 25 20 af
381 400 235 28 kyrkolagsförslaget,
637 403 31 19 att
684 408 38 15 ens
743 401 72 28 någon
835 401 35 22 del

120 435 64 22 deraf
197 435 73 21 kunde
285 435 32 21 till
334 435 130 22 efterlefnad
479 435 114 28 påbjudas.

188 469 159 28 Kyrkoherden
362 470 153 27 Rosengren
532 469 98 23 önskade
641 469 117 22 hemställa
769 470 32 21 till
812 471 58 21 stån-

120 505 46 27 det,
183 504 107 21 huravida
305 504 18 27 ej
341 504 76 27 frågan
434 511 33 14 om
484 504 131 21 skriftermål
636 504 40 21 och
696 504 108 28 aflösning
819 511 51 15 vore

121 541 31 19 att
174 545 64 15 anses
261 539 71 21 såsom
354 545 26 14 en
395 539 174 27 prestaståndets
592 539 178 28 privilegiifråga,
792 539 28 21 då
840 540 31 21 uti

122 574 24 21 15
162 580 63 15 mom.
242 573 25 21 af
279 573 229 28 prestaprivilegierna
525 573 41 21 den
583 573 25 21 16
630 573 91 22 oktober
743 574 53 21 1723
813 574 57 21 stad-

121 608 75 27 gades,
214 609 31 20 att
260 607 52 28 inga
327 607 128 28 kyrkobruk
470 607 56 28 finge
542 607 104 22 afskaffas
667 609 51 20 utan
738 608 134 27 presterska-

120 645 49 26 pets
185 643 123 27 samtycke;
328 642 8 21 i
355 641 55 28 följd
431 641 79 22 hvaraf
528 643 30 20 uti
578 642 138 21 närvarande
736 642 48 28 fall,
806 642 66 22 ehuru

120 680 33 18 tre
169 677 64 22 stånd
250 677 132 21 bortvoterat
398 676 38 21 det
452 676 109 22 särskilda
577 676 161 29 skriftermålet,
751 677 121 22 detsamma

122 712 57 21 dock
201 711 67 22 borde
292 708 97 31 qvarstå,
412 713 52 19 enär
484 711 164 28 prestaståndet
669 711 19 28 ej
705 711 70 22 funnit
791 711 82 28 skäligt

121 746 77 22 bifalla
214 746 50 21 dess
280 745 144 22 afskaffande.

190 781 146 26 Domprosten
352 780 114 21 Renvall
488 780 50 21 ville
554 780 7 21 i
577 779 103 22 afseende
702 780 12 21 å
730 780 42 21 den
788 781 26 20 af
826 788 48 21 pro-

123 817 47 20 sten
184 814 73 27 Bergh
268 814 124 27 föreslagna
404 814 112 27 ingressen
528 814 128 28 ytterligare
670 814 98 29 tillägga,
780 817 32 19 att
823 822 50 15 man

123 856 77 20 genom
224 849 41 21 den
290 849 85 21 komme
397 849 31 20 till
450 850 30 19 ett
500 849 45 20 helt
565 849 39 21 och
626 848 68 21 hållet
711 849 7 20 i
737 849 103 22 afseende
861 850 13 20 å

124 883 72 23 denna
211 883 62 28 fråga
286 883 144 28 främmande,
448 883 130 28 oändeligen
595 883 122 21 vidsträckt
732 884 68 27 gebit,
815 891 58 14 nem-

122 919 60 27 ligen
198 918 97 28 kyrkans
310 917 138 22 förhållande
464 918 33 21 till
513 920 81 25 staten,
616 917 38 22 der
674 917 62 28 fråga
751 918 71 22 blefve
839 925 34 15 om

123 953 65 22 civila
199 953 124 27 äktenskap
334 959 27 14 m.
373 959 34 20 m.,
424 952 39 21 och
475 952 82 22 hvilket
568 952 59 27 gebit
638 952 54 22 först
703 953 69 27 jemte
783 953 91 26 gransk-

123 988 81 27 ningen
225 987 23 21 af
269 987 227 28 kyrkolagsförslaget
518 986 67 22 borde
608 986 33 21 till
666 987 134 27 behandling
819 987 55 22 före-

124 1023 97 26 komma;
238 1021 39 22 och
294 1021 96 28 föreslog
406 1021 138 28 domprosten
560 1023 32 19 att
607 1021 112 27 ingressen
740 1021 45 22 helt
801 1022 74 21 enkelt

124 1057 71 21 skulle
211 1056 83 21 erhålla
307 1055 99 28 följande
420 1055 94 28 lydelse:
532 1055 62 27 ,Med
609 1055 153 28 upphäfvande
780 1055 25 21 af
818 1056 58 21 hvad

123 1091 37 27 lag
176 1090 40 22 och
232 1089 153 28 författningar
400 1089 93 22 rörande
512 1089 128 29 kyrkoplikt
660 1089 121 28 innehålla,
797 1090 79 21 varder

124 1125 127 22 förordnadt
272 1131 46 15 som
340 1124 84 27 följer”.
466 1125 63 20 Hvad
553 1124 47 21 åter
622 1124 103 21 rubriken
748 1124 126 28 beträffade,

123 1159 97 27 föreslog
233 1159 138 28 domprosten
386 1165 26 14 en
426 1158 122 29 sålydande
568 1158 115 21 redaktion
697 1158 33 21 för
739 1158 137 22 densamma:

124 1193 151 27 »Förordning
290 1193 115 27 angående
427 1193 92 27 ändring
539 1193 6 20 i
566 1199 28 14 nu
614 1192 104 28 gällande
738 1192 137 28 stadganden

125 1235 34 14 om
175 1227 148 29 kyrkoplikt*.

192 1263 147 26 Domprosten
354 1262 71 27 Borg
446 1261 105 23 förenade
567 1261 34 27 sig
624 1261 6 21 i
651 1261 43 22 allo
713 1261 50 22 med
779 1261 98 28 dompro-

125 1299 49 20 sten
188 1297 99 21 Renvall.

193 1331 127 22 Professorn
344 1331 152 21 Schauman
524 1330 50 22 ville
597 1330 6 21 i
626 1330 104 23 afseende
754 1331 13 21 å
789 1333 87 26 prosten

126 1365 85 28 Berghs
227 1368 88 19 senaste
331 1365 143 28 andragande
490 1365 99 28 upplysa,
606 1367 32 20 att
652 1365 146 28 lagutskottet
815 1366 6 21 i
840 1366 37 21 sitt

125 1400 140 21 betänkande
281 1400 111 21 hemställt
407 1399 32 22 till
456 1400 98 27 stånden,
571 1406 35 14 om
626 1399 49 23 icke
691 1400 72 27 någon
779 1400 95 21 revision
