1017 1803
214 139 40 24 162

185 207 37 21 het
236 206 20 27 ej
273 205 68 28 följde
356 205 105 28 rättighet
480 204 33 22 till
533 202 65 30 fiske,
620 205 106 21 anmärka
746 207 32 19 att
797 203 139 30 domprosten

186 240 73 22 alltför
277 240 49 21 litet
345 239 137 28 respekterat
505 239 184 27 strandägarenes
710 241 49 20 rätt.
794 240 33 21 En
848 241 89 20 motsatt

186 275 58 28 åsigt
264 274 57 22 hade
343 273 49 22 med
415 275 58 20 rätta
492 273 58 28 gjort
570 273 34 28 sig
624 274 102 27 gällande
747 274 31 21 uti
798 274 116 28 utskottet,
931 273 6 22 i

186 309 64 22 hvars
270 308 92 23 motiver
380 307 122 29 framhölls,
529 309 31 20 att
580 307 42 22 den
643 311 52 25 äger
714 310 85 20 vattnet
820 315 45 15 som
885 311 53 25 äger

186 343 82 22 landet.

254 378 91 21 Prosten
365 377 26 21 H.
407 377 97 21 Heikel
520 376 98 22 önskade
634 376 55 22 blott
704 379 81 19 nämna
800 383 26 15 en
842 378 95 20 omstän-

186 412 75 28 dighet
284 412 24 21 af
328 411 83 22 mindre
428 411 53 27 vigt.
516 410 62 22 Efter
603 410 60 22 detta
685 410 83 28 förslag
790 411 70 22 skulle
883 411 55 22 intet

184 447 61 27 slags
260 446 55 22 fiske
330 446 23 21 få
368 446 28 28 på
407 446 80 22 andras
498 447 74 20 vatten
584 448 42 24 äga
634 452 58 21 rum;
702 452 50 15 men
762 448 89 26 prosten
862 446 75 28 tyckte

186 481 56 22 dock
262 483 32 19 att
311 480 113 28 undantag
442 480 74 22 kunde
531 482 65 26 göras
612 480 32 22 för
658 482 69 23 mete,
744 480 54 28 drag
814 480 40 22 och
870 482 67 20 annat

185 516 123 28 krokfiske,
325 515 95 28 hvilket,
440 515 72 21 såsom
530 514 97 22 varande
648 514 24 22 af
688 514 85 22 mindre
791 514 145 29 betydenhet,

186 550 54 23 efter
262 550 96 28 gammal
380 549 108 29 sedvänja
509 548 135 23 fortfarande
666 549 68 22 borde
755 549 23 21 få
796 549 65 23 idkas
883 549 55 22 hvar

186 592 46 16 som
246 585 64 22 helst.

253 619 209 28 Kontraktsprosten
485 619 98 22 Hellén
608 619 78 28 ansåg,
703 618 7 22 i
726 618 69 22 likhet
812 618 50 22 med
878 618 59 22 dom-

185 657 88 27 prosten
294 655 68 27 Borg,
379 656 32 19 att
427 654 37 22 det
479 653 67 23 borde
562 660 53 16 vara
630 653 54 22 hvar
698 660 62 16 mans
776 656 42 19 rätt
834 656 32 19 att
881 654 57 22 fiska

184 692 37 20 ute
243 690 7 21 i
273 692 73 25 öppna
364 688 85 28 hafvet,
470 689 72 21 såsom
561 688 41 22 ock
618 688 31 21 uti
665 690 78 25 större,
759 694 50 15 men
825 688 19 28 ej
861 688 5 21 i
884 688 52 22 min-

186 724 38 22 dre
239 723 89 28 insjöar,
350 725 57 26 enär,
429 722 68 28 enligt
512 722 169 28 urminneshäfd,
705 722 68 22 seden
789 729 51 15 vore
856 722 80 28 sådan;

185 765 49 15 men
249 757 97 22 deremot
361 763 51 16 vore
428 757 37 22 det
480 757 132 27 fullkomligt
627 758 57 20 orätt
698 763 34 15 om
746 757 54 21 fiske
811 757 33 22 för
855 757 82 22 enhvar

185 799 51 16 vore
252 792 80 21 tillåtet
347 791 37 22 vid
396 791 147 28 jordägarens
559 791 106 22 stränder.
695 791 109 28 Föröfrigt
819 791 117 28 tillstyrkte

185 827 64 22 äfven
264 826 206 28 kontraktsprosten
485 825 135 29 antagandet
636 825 24 22 af
673 825 50 22 herr
736 833 42 15 von
789 827 69 21 Borns
869 833 67 15 reser-

184 861 82 28 vation,
281 860 140 28 hvarigenom
438 861 80 27 många
532 860 110 22 tvistemål
658 860 40 21 och
714 861 78 21 oredor
807 861 86 22 komme
904 863 32 20 att

184 895 140 29 förebyggas.

253 929 209 28 Kontraktsprosten
478 929 80 22 Sirén
574 929 53 22 sade
638 929 43 27 sig,
694 929 92 22 oaktadt
797 929 139 28 domprosten

184 965 58 27 Borg
261 971 79 21 genom
358 963 99 28 exempel
473 970 35 15 om
524 963 63 22 elden
603 963 40 21 och
658 963 78 28 luften,
752 963 33 22 till
801 964 87 22 hvilkas
900 964 36 21 be-

184 998 117 29 gagnande
323 998 65 27 ingen
409 997 107 28 någonsin
539 997 59 22 velat
621 997 97 22 bestrida
737 997 81 22 enhvar
833 998 47 21 lika
893 1000 43 19 rät-

184 1033 80 28 tighet,
286 1032 50 22 sökt
354 1032 76 21 bevisa
447 1034 31 19 att
498 1031 147 22 förhållandet
662 1032 68 21 borde
745 1039 53 15 vara
814 1032 122 22 detsamma

184 1067 50 21 med
252 1069 94 25 vattnet,
370 1066 57 22 dock
448 1067 18 27 ej
490 1067 74 21 kunna
585 1066 77 28 frångå
678 1067 33 21 sin
727 1067 66 28 åsigt,
808 1067 41 21 och
864 1067 71 21 förun-

185 1101 68 22 drade
268 1101 34 28 sig
312 1101 54 21 huru
378 1100 139 29 domprosten
527 1101 58 27 Borg
596 1100 51 22 ville
658 1101 99 28 tillämpa
767 1101 169 28 ifrågavarande

185 1136 123 27 stadgande
328 1136 29 27 på
376 1135 154 29 saltsjöfisket,
548 1135 28 22 då
592 1135 73 22 derom
681 1136 98 21 hvarken
794 1136 7 21 i
816 1136 118 22 utskottets

185 1169 141 23 betänkande
352 1170 52 21 eller
424 1170 8 20 i
454 1170 120 28 kejserliga
596 1170 164 28 propositionen
782 1169 64 23 fanns
868 1170 68 28 något

185 1204 74 28 sagdt,
282 1204 41 22 och
346 1203 63 22 äfven
431 1204 32 21 uti
486 1204 78 28 sjelfva
586 1204 102 22 rubriken
711 1204 33 21 till
759 1204 106 28 förslaget
880 1204 56 22 blott

185 1238 86 22 talades
285 1245 34 15 om
334 1238 84 28 insjöar
433 1238 40 21 och
489 1240 119 20 strömmar,

253 1273 147 27 Domprosten
421 1272 71 28 Borg
513 1272 114 22 anmärkte
646 1272 98 22 häremot
764 1275 32 19 att
811 1273 50 28 allt,
876 1272 59 23 hvad

184 1306 32 23 uti
235 1306 106 28 förslaget
363 1306 45 22 före
431 1308 5 20 2
455 1313 63 15 mom.
541 1306 143 29 förekomme,
701 1307 57 21 hade
780 1307 104 22 afseende
906 1308 30 28 på

184 1344 74 25 öppna
271 1340 80 22 hafvet.
368 1352 27 4 —
409 1341 141 21 Beträffande
567 1341 78 21 doktor
660 1341 111 21 Granfelts
786 1342 102 27 yttrande
903 1344 31 19 att

184 1374 139 29 domprosten
342 1374 33 22 för
394 1375 48 21 litet
460 1375 138 27 respekterat
616 1374 246 28 strandäganderätten,
883 1376 51 21 ville

184 1409 140 29 domprosten
347 1410 31 21 tro
400 1410 32 21 att
452 1408 60 23 detta
534 1409 121 29 påstående
678 1416 39 16 var
739 1409 109 29 grundadt
863 1410 29 28 på
907 1416 27 16 en

184 1447 56 22 orätt
256 1444 138 30 uppfattning
410 1443 25 23 af
447 1443 151 30 domprostens
613 1443 50 30 ord,
685 1444 29 23 då
728 1444 44 23 han
788 1444 110 23 måhända
913 1445 19 30 ej
