1023 1764
198 131 28 20 40

237 195 85 21 Doktor
336 193 157 27 Hertzberg
508 193 79 26 ansåg,
602 193 32 20 att
649 198 34 15 om
699 192 131 21 kommunen
840 190 80 22 förkla-

171 229 52 22 rade
244 236 27 14 en
291 235 85 21 person,
393 235 46 14 som
455 227 56 22 hade
528 226 83 27 stadigt
625 225 99 28 hemvist,
740 225 69 27 lofligt
824 225 98 27 närings-

171 263 52 27 fång
238 263 41 21 och
294 262 84 27 årligen
393 261 103 22 betalade
512 261 48 22 sina
575 259 190 29 kronoutskylder,
784 258 138 28 oberättigad

171 297 34 22 till
225 297 139 28 sjelfförsvar,
384 296 45 22 han
444 295 29 22 då
487 295 68 22 borde
571 295 77 22 ställas
663 294 69 22 under
747 293 175 29 kronobetjenin-

172 338 54 22 gens
241 331 95 29 uppsigt.

240 367 56 21 Herr
318 366 139 21 talemannen
479 364 137 22 framställde
637 363 55 22 härå
710 363 98 28 följande
827 363 96 28 proposi-

173 401 80 22 tioner:

242 436 22 26 1)
286 430 86 27 Önskar
390 435 128 28 högvördiga
535 433 83 22 ståndet
633 436 32 18 att
679 433 123 28 rättigheten
818 433 33 21 till
865 433 59 29 sjelf-

170 470 91 29 försvar
272 470 39 28 för
326 469 51 27 dem,
393 476 44 14 som
453 470 18 28 ej
487 468 68 29 hafva
570 468 78 28 stadigt
662 467 149 29 näringsfång,
822 471 60 25 göres
893 467 31 22 be-

173 505 76 21 roende
265 505 29 28 af
306 505 135 20 kommunens
456 504 50 21 eller
520 503 47 22 dess
582 502 86 22 ombuds
677 503 105 28 muntliga
792 502 50 22 eller
852 502 73 28 skrift-

175 539 43 29 liga
233 539 80 21 vitsord
328 546 33 14 om
375 538 170 29 ifrågavarande
556 545 113 22 personers
683 537 139 22 arbetsamhet
835 537 37 21 och
882 537 44 22 sed-

177 573 75 29 lighet?

243 607 138 22 Besvarades
396 607 50 21 med
462 607 26 21 17
498 609 30 26 ja
544 608 57 20 emot
617 607 12 20 8
645 607 42 27 nej.

243 642 26 28 2)
289 641 70 22 Anser
377 641 128 29 högvördiga
525 641 83 22 ståndet
622 641 40 21 här
677 640 52 22 böra
741 641 51 28 ingå
807 643 71 27 någon
894 644 34 20 så-

176 677 43 21 dan
235 676 136 28 bestämning,
387 684 44 14 som
447 676 58 21 berör
520 676 62 21 deras
598 675 303 29 kristendomsundervisning?

243 710 139 22 Besvarades
396 710 50 22 med
462 710 112 22 obestridd
589 710 111 28 pluralitet
715 710 101 22 nekande.

245 745 211 29 Kontraktsprosten
474 746 102 21 Hellén
595 744 98 23 önskade
707 744 34 22 till
756 744 144 23 förevarande
916 747 13 26 8

178 780 99 28 tillägga,
293 780 47 22 från
357 780 42 22 den
415 780 119 28 kejserliga
549 779 169 29 propositionen,
739 780 190 27 qvalifikationen:

179 815 38 27 »af
237 822 57 20 egna
317 814 119 29 tillgångar
458 815 52 21 eller
533 821 78 22 genom
632 813 80 23 andras
731 814 85 28 försorg
830 816 53 26 äger
896 815 34 22 sin

178 849 127 29 bergning*,
329 851 55 20 samt
406 849 78 22 trodde
507 852 32 20 att
560 850 120 27 begreppet
702 848 129 24 försvarslös
854 850 76 22 lättast

179 884 73 22 kunde
268 884 133 22 bestämmas
415 884 8 22 i
438 885 89 27 negativ
542 884 61 22 form.

248 919 145 28 Domprosten
409 919 68 27 Borg
492 919 120 27 anmärkte,
629 920 32 20 att
676 918 25 22 så
716 918 64 22 äfven
796 918 58 23 skett
870 919 6 21 i
888 919 43 22 den

180 954 96 21 svenska
290 953 164 28 författningen.

247 988 56 22 Herr
317 988 140 22 talemannen
470 988 135 22 framställde
615 987 54 23 härå
679 987 97 29 följande
787 988 145 29 proposition:

250 1018 85 26 Önskar
355 1023 126 29 högvördiga
501 1023 83 22 ståndet
603 1026 31 18 att
652 1025 69 19 såsom
739 1023 143 29 berättigande
901 1024 33 21 till

181 1062 44 24 eget
240 1058 92 28 försvar
351 1058 66 28 äfven
436 1060 36 20 må
489 1058 66 28 gälla,
577 1061 31 18 att
623 1060 70 26 någon
709 1058 28 28 af
749 1065 53 21 egna
818 1058 116 29 tillgångar

182 1092 49 22 eller
246 1092 81 22 andras
342 1092 101 22 vårdnad
455 1095 50 26 äger
520 1093 32 20 sin
569 1092 113 29 bergning?

250 1126 138 22 Besvarades
404 1126 106 28 enhälligt
520 1127 105 28 jakande.

249 1161 92 21 Prosten
359 1161 26 21 H.
404 1161 102 22 Heikel
522 1160 99 23 önskade
636 1160 73 22 härtill
724 1160 127 29 ytterligare
867 1162 67 28 lägga

183 1195 139 27 bestämning
337 1202 35 14 om
387 1195 91 28 myndig
493 1194 67 23 ålder.

252 1229 93 22 Ståndet
355 1229 70 28 ansåg
435 1236 26 15 en
474 1229 70 22 sådan
555 1229 138 28 bestämning
704 1230 19 27 ej
735 1230 53 22 böra
798 1230 40 22 här
846 1230 88 22 komma

184 1264 7 20 i
207 1263 67 27 fråga.

251 1330 160 22 Diskussionen
435 1330 85 22 afbröts
542 1330 38 22 vid
600 1331 102 21 anmälan
721 1338 34 14 om
770 1331 129 23 ankomsten
914 1332 25 22 af

184 1372 27 14 en
228 1364 127 28 deputation
369 1364 48 21 från
432 1364 153 29 ridderskapet
599 1366 41 20 och
654 1365 71 29 adeln,
737 1366 68 21 under
815 1366 120 22 anförande

184 1399 25 22 af
228 1399 89 22 friherre
339 1399 25 22 B.
387 1399 80 28 Mellin,
487 1406 47 15 som
549 1399 153 29 tillkännagaf,
719 1402 32 19 att
766 1400 37 22 det
817 1401 119 28 höglofliga

185 1433 94 30 ståndet,
295 1433 7 22 i
317 1433 63 30 fråga
395 1441 34 15 om
445 1434 108 31 styrelsen
569 1435 40 22 och
624 1435 160 29 förvaltningen
798 1436 25 22 af
829 1436 107 22 Finlands
