1023 1723
782 108 43 22 485

98 172 30 28 på
147 178 27 16 en
193 172 59 22 falsk
271 172 93 29 princip,
383 178 57 22 som,
460 172 114 29 tillämpad
595 172 7 22 i
617 172 50 23 sina
681 172 169 30 konseqvenser,

98 207 72 21 skulle
188 206 98 23 medföra
304 206 28 22 de
351 206 242 29 allravidunderligaste
612 206 91 29 lagbud,
720 210 51 19 utan
786 208 65 22 äfven

98 242 33 20 att
146 240 123 23 detsamma
284 241 70 21 måste
369 241 69 21 verka
452 242 8 20 i
475 241 45 27 hög
534 241 55 28 grad
599 241 130 21 hämmande
741 241 40 22 och
791 249 60 15 men-

97 275 41 27 ligt
152 276 28 26 på
196 274 42 22 den
252 274 127 29 periodiska
393 281 100 21 pressen,
507 274 93 23 emedan
611 275 94 27 mången
715 276 134 21 utmärktare

98 305 99 31 förmåga
216 309 125 27 derigenom
362 309 71 22 skulle
451 309 69 21 blifva
538 308 95 22 hindrad
651 309 48 21 från
719 311 33 19 att
767 310 83 27 utgifva

98 350 27 14 en
144 343 113 28 periodisk
277 343 72 28 skrift,
371 344 25 20 sä
412 350 64 15 anser
487 343 42 28 jag
544 343 37 22 det
597 350 53 15 vara
665 343 138 28 öfverflödigt
818 345 33 21 att

98 377 75 22 vidare
192 377 75 23 härom
287 377 62 28 orda,
366 377 40 22 och
420 377 52 22 ville
487 378 8 21 i
510 377 75 22 stället
599 379 59 27 yttra
673 378 70 27 några
759 378 39 22 ord
813 378 36 22 be-

98 410 107 24 träffande
224 412 42 22 den
284 412 93 27 farhåga
395 419 28 15 en
441 412 70 21 talare
530 414 51 26 sagt
599 412 35 27 sig
649 412 64 28 hysa,
729 414 32 20 att
776 412 7 21 i
797 412 52 22 hän-

98 446 60 23 delse
179 446 42 23 den
241 447 83 28 nådiga
343 447 163 28 propositionen
526 447 50 22 icke
595 449 92 25 antoges
707 446 142 29 oförändrad,

97 481 50 22 hela
170 481 77 28 frågan
271 481 71 22 skulle
363 481 89 22 komma
475 483 32 20 att
526 481 87 22 förfalla
633 481 41 22 och
693 481 39 22 allt
747 481 102 22 förblifva

97 516 91 21 stående
205 516 36 22 vid
257 515 37 23 det
309 516 80 28 gamla.
418 516 35 21 En
468 515 69 22 sådan
548 515 93 28 farhåga
651 515 92 23 innebär
752 516 8 21 i
770 515 79 28 sjelfva

96 550 77 22 verket
193 551 114 27 ingenting
327 551 67 21 annat
415 552 28 19 än
461 552 30 19 ett
506 549 76 23 tvifvel
598 557 34 14 om
648 550 61 22 Hans
724 551 126 27 Kejserliga

96 585 125 28 Majestäts,
241 585 39 21 vår
299 584 157 27 allernådigste
472 584 131 22 Storfurstes
619 584 126 28 högsinthet
757 584 40 23 och
812 585 37 22 be-

96 618 139 29 redvillighet
251 621 32 20 att
298 619 29 27 gå
342 619 37 21 det
393 619 73 21 finska
482 619 80 22 folkets
578 618 78 28 billiga
671 618 135 28 önskningar
816 619 33 22 till

96 655 76 20 mötes.
203 653 43 28 Jag
269 656 24 19 är
315 653 48 22 fullt
386 653 129 28 öfvertygad
538 653 85 27 derom,
647 654 32 20 att
694 659 35 16 om
742 653 106 22 Finlands

95 687 120 28 höglofliga
230 687 90 22 ständer
335 687 100 28 enhälligt
450 687 76 22 förena
542 687 34 28 sig
591 687 8 21 i
609 687 153 27 afstyrkandet
773 687 25 22 af
805 687 43 22 den

96 722 125 28 föreslagna
241 722 129 27 kautionen,
387 721 41 22 och
444 721 27 22 de
487 721 49 22 skäl
552 721 106 28 derjemte
673 721 59 22 klart
747 721 101 22 framhål-

96 757 43 27 las,
159 763 46 15 som
226 756 72 22 dertill
317 756 94 21 bestämt
430 756 59 27 dem,
507 756 40 21 vår
565 755 51 22 ädle
632 755 41 22 och
687 755 102 29 upplyste
804 756 44 21 Mo-

96 791 55 21 nark
171 790 121 28 ingalunda
312 790 57 22 skall
390 792 69 25 vägra
477 792 32 20 att
522 790 7 21 i
544 789 69 22 nåder
627 789 88 22 villfara
730 789 65 22 deras
810 797 38 14 un-

96 825 122 27 derdåniga
233 825 106 28 begäran,
355 825 122 27 hvaremot,
494 831 34 15 om
544 824 38 22 det
597 831 42 14 ena
655 823 88 22 ståndet
758 825 91 20 stannar

96 860 7 21 i
122 861 31 20 ett
172 862 57 19 emot
247 859 36 22 det
302 859 69 22 andra
387 858 113 23 stridande
516 858 81 28 beslut,
614 857 147 23 förhållandet
776 859 72 21 natur-

95 894 75 26 ligtvis
190 893 45 22 helt
255 893 40 22 och
316 893 67 21 hållet
403 892 88 22 ändras.
521 893 36 21 Då
576 892 37 22 det
631 899 30 14 nu
679 894 25 19 är
719 892 80 28 kändt,
815 894 33 20 att

95 927 119 28 höglofliga
229 926 153 29 ridderskapet
398 926 39 22 och
454 926 65 22 adeln
534 925 86 28 antagit
635 925 117 22 utskottets
772 926 75 21 betän-

96 961 73 22 kande
190 963 51 19 utan
259 961 72 27 någon
351 960 102 29 ändring,
472 961 69 27 vågar
555 959 51 29 jag,
622 960 29 27 på
666 959 70 28 grund
751 960 26 21 af
789 959 37 23 det
841 959 7 21 i

96 995 87 22 korthet
206 994 101 29 anförda,
329 995 112 21 vördsamt
463 994 121 28 tillstyrka,
607 996 32 19 att
660 994 37 21 det
712 993 136 28 högvördiga

94 1029 164 29 prestaståndet
276 1029 131 23 härutinnan
425 1030 67 21 måtte
509 1028 78 23 förena
605 1028 35 28 sig
657 1028 50 22 med
723 1027 124 23 ridderska-

95 1067 37 26 pet
148 1064 40 22 och
204 1064 72 22 adeln.

163 1098 127 22 Professorn
311 1098 108 22 Geitlin:
440 1098 43 27 Jag
502 1097 40 22 har
560 1096 93 23 anhållit
668 1103 35 15 om
718 1096 63 22 ordet
796 1096 50 22 med

95 1133 120 28 anledning
230 1133 25 21 af
267 1132 122 28 professorn
406 1132 136 22 Schaumans
557 1130 137 29 invändning
709 1134 44 19 mot
769 1130 42 22 den
825 1131 25 22 af

95 1168 45 28 mig
154 1167 88 29 yttrade
257 1167 58 28 åsigt
330 1169 33 19 att
378 1166 168 28 ifrågavarande
556 1166 142 22 betänkande
708 1172 52 15 vore
770 1166 77 21 besvä-

94 1202 50 21 radt
164 1201 25 22 af
205 1201 81 27 onödig
303 1201 146 28 vidlyftighet.
480 1200 64 22 Hvad
563 1200 42 21 den
622 1199 68 22 värde
709 1200 86 21 talaren
810 1206 37 14 an-

94 1236 52 27 fört,
166 1237 33 20 att
214 1236 65 21 äfven
295 1234 68 22 andra
378 1234 157 22 betänkanden
550 1240 51 16 vore
617 1233 46 22 lika
678 1233 117 29 vidlyftiga
810 1240 38 20 ge-

94 1278 51 14 nom
166 1270 27 22 de
213 1269 6 21 i
239 1269 50 22 dem
307 1269 130 21 framhållna
456 1269 97 28 motiver,
572 1274 66 16 anser
651 1267 43 28 jag
708 1268 51 21 icke
773 1268 76 27 lämpa

95 1306 35 26 sig
152 1304 33 22 till
208 1304 127 22 nuvarande
357 1303 144 22 förhållande.
530 1304 44 20 Det
597 1305 25 19 är
644 1302 50 21 icke
714 1303 25 21 så
759 1302 90 28 mycket

95 1339 132 21 motivernas
246 1337 170 27 omständlighet
435 1338 8 20 i
459 1338 60 21 detta
534 1336 157 28 lagutskottets
706 1336 141 22 betänkande

90 1373 42 27 jag
150 1372 112 28 klandrat,
283 1378 46 15 som
347 1372 90 21 fastmer
453 1370 27 22 de
495 1370 143 23 kursiverade
653 1369 195 28 förändringarnas

95 1406 95 28 onödiga
207 1405 174 29 mängordighet.
411 1405 106 29 Exempel
535 1404 70 29 härpå.
623 1403 94 23 behöfva
733 1403 19 29 ej
769 1404 66 22 sökas
