1025 1764
219 123 39 21 796

257 187 22 27 1)
299 189 32 20 att
350 188 37 21 två
402 187 127 22 kontrakter
545 188 53 21 eller
612 188 118 27 prosterier
745 188 35 21 må
794 188 145 22 tillsammans

188 223 58 20 inom
268 222 34 27 sig
325 222 59 27 välja
407 222 32 21 till
463 222 33 21 sin
518 221 125 28 fullmäktig
663 228 29 15 en
706 222 25 21 af
743 224 128 26 pastorerne
887 223 52 21 eller

188 264 71 14 annan
276 256 109 22 ordinarie
400 258 65 26 prest,
482 263 46 14 som
544 256 54 21 efter
613 256 183 28 författningarne
811 259 25 19 är
850 257 88 22 berätti-

188 291 44 28 gad
255 293 31 19 att
309 291 5 21 i
338 291 59 28 valet
419 290 97 28 deltaga;
538 291 22 28 2)
577 292 31 20 att
623 285 84 27 Ålands
723 291 141 28 presterskap
880 292 60 21 bibe-

188 326 70 21 hålles
281 325 36 22 vid
341 325 32 22 sin
394 325 74 28 gamla
488 325 104 28 rättighet
612 327 32 20 att
662 326 58 21 inom
741 325 34 27 sig
795 326 59 27 välja
869 326 70 22 landt-

190 360 181 27 dagsfullmäktig
389 367 35 14 om
439 359 37 22 det
492 360 78 21 sådant
586 360 87 28 önskar,
690 360 53 21 eller
759 360 40 21 ock
815 360 76 22 förena
907 361 34 28 sig

190 395 48 22 med
262 397 30 19 ett
315 395 53 21 eller
391 397 79 19 tvänne
493 394 69 22 andra
583 395 118 27 prosterier
721 402 34 14 om
772 401 27 15 en
814 401 126 22 gemensam

189 429 133 28 fullmäktig,
343 429 40 21 och
401 429 90 22 hvarom
511 429 37 22 det
568 429 133 22 oförtöfvadt
718 429 54 22 efter
787 429 36 22 det
839 430 100 21 landtda-

190 471 42 21 gen
258 463 71 23 blifvit
354 465 68 20 utsatt
443 464 38 21 bör
500 463 86 22 besluta
606 465 55 20 samt
683 471 35 14 om
737 463 94 22 beslutet
851 464 89 22 domka-

190 499 63 28 pitlet
275 498 138 28 underrätta;
436 498 22 28 3)
482 501 31 19 att
536 498 157 28 kapellanerne
715 499 84 21 lemnas
821 499 65 21 frihet
909 501 32 20 att

190 533 60 28 välja
270 533 244 28 landtdagsfulimäktig
534 533 53 22 eller
608 533 79 22 sådant
705 533 122 28 uraktläta;
843 533 98 22 börande

191 567 228 28 kontraktsprostarne
440 567 36 22 vid
495 567 203 22 sammankallande
714 567 25 21 af
751 567 190 23 kontraktsmöten

189 603 73 21 lemna
280 602 49 22 dem
349 601 86 22 tillfälle
455 603 31 20 att
504 602 73 22 derom
594 601 94 29 besluta,
705 604 56 20 samt
777 602 164 22 vederbörande

190 636 135 29 domkapitel
341 644 35 14 om
387 637 94 21 beslutet
491 639 78 25 genast
581 637 144 21 underrättas.
757 637 75 21 Skulle
843 637 98 28 kapella-

191 678 65 15 nerne
273 671 6 22 i
295 670 94 23 flertalet
405 671 25 21 af
441 671 116 28 prosterier
571 671 86 22 besluta
672 673 33 20 att
719 671 68 28 välja,
800 671 66 23 borde
877 671 64 22 äfven

192 706 26 21 de
236 705 69 28 öfrige
325 713 53 14 vara
393 705 102 28 skyldige
511 708 32 19 att
558 705 68 28 välja,
644 705 52 22 eller
712 713 33 14 om
762 705 27 22 de
805 706 80 21 sådant
900 706 41 22 för-

191 740 121 27 summade,
329 740 68 22 likväl
413 740 6 21 i
436 739 312 28 landtdagsmannaarfvodets
765 741 120 27 utgörande
897 741 44 21 del-

190 777 58 25 taga.
279 775 47 20 Två
352 774 128 28 kapellaner
502 774 47 22 från
572 774 76 28 hvarje
671 775 46 21 stift
740 781 51 16 vore
813 775 69 28 enligt
897 775 44 22 min

192 809 57 27 åsigt
264 809 139 28 lämpligaste
419 809 91 21 antalet.
961 804 2 2 I

259 843 210 28 Kontraktsprosten
491 843 77 22 doktor
586 843 148 28 Hertzberg
752 844 70 27 ansäg
837 843 105 29 förslaget

190 878 78 25 beröra
288 885 26 14 en
335 878 25 21 sä
378 878 69 27 vigtig
462 877 192 29 grundlagsfräga,
671 880 33 20 att
718 878 89 22 ständet
821 878 74 22 derom
910 878 33 22 för

191 913 137 22 närvarande
349 913 49 21 icke
419 913 66 22 borde
506 913 86 27 afgöra;
610 912 58 22 helst
684 912 125 28 derigenom
824 920 45 21 nya
883 913 59 28 skyl-

192 947 105 28 digheter,
314 954 34 14 om
365 947 41 22 ock
421 947 134 28 rättigheter,
572 947 114 22 ähvälfdes
702 947 169 28 prestaständet.
901 949 41 20 Ta-

191 982 61 21 laren
276 981 99 22 önskade
401 982 96 28 derföre,
519 982 93 22 likasom
636 981 107 28 biskopen
765 982 124 28 Frosterus,
908 984 35 24 att

192 1016 77 28 frägan
286 1016 107 21 hänsköts
408 1016 32 21 till
456 1017 112 21 blifvande
583 1018 139 26 prestmöten.

260 1050 209 28 Kontraktsprosten
490 1051 78 21 doktor
588 1050 123 22 Granfelt
729 1051 61 27 ville,
811 1051 67 22 ehuru
900 1051 43 22 han

194 1085 7 21 i
227 1084 152 23 hufvudsaken
406 1085 81 27 gillade
513 1084 169 28 ifrägavarande
704 1084 93 29 förslag,
820 1085 69 22 likväl
911 1087 33 20 att

194 1119 122 22 detsamma
332 1119 137 28 granskades
483 1120 37 21 vid
535 1119 111 22 blifvande
662 1121 139 26 prestmöten.

260 1153 210 28 Kontraktsprosten
486 1154 75 21 Sirén
578 1154 70 27 ansåg
660 1153 84 28 jemväl
760 1154 77 27 frågan
853 1161 53 15 vara
922 1155 24 20 af

191 1188 190 27 grundlagsnatur,
401 1195 50 14 men
473 1187 29 22 dä
522 1187 128 22 densamma
669 1187 93 22 rörande
781 1187 160 30 författningar,

193 1222 97 22 särdeles
313 1223 54 20 1741
388 1222 35 21 års
442 1222 106 28 kungliga
563 1223 55 27 bref,
635 1229 51 14 vore
701 1223 90 27 mycket
806 1223 137 28 obestämda,

192 1257 26 21 så
236 1263 39 15 var
294 1256 37 21 det
346 1256 57 22 både
419 1257 97 27 önskligt
530 1257 41 21 och
587 1257 76 27 nödigt
678 1258 32 20 att
725 1257 73 27 någon
814 1257 129 22 interimsåt-

192 1291 55 27 gärd
266 1290 88 27 vidtogs
373 1291 40 21 och
434 1291 60 22 detta
512 1291 73 22 kunde
601 1291 126 27 lämpligast
742 1291 40 21 ske
797 1298 78 19 genom
891 1291 53 27 god-

192 1324 62 27 villig
274 1323 220 23 öfverenskommelse
514 1325 37 21 vid
571 1324 111 22 blifvande
698 1327 139 26 prestmöten.
869 1319 74 29 Öfver-

192 1358 113 31 lemnades
328 1357 78 29 frågan
428 1359 33 21 till
483 1358 135 28 behandling
640 1358 37 22 vid
699 1361 144 26 prestmöten,
858 1366 39 16 var
912 1360 31 21 vi-

193 1393 52 21 dare
261 1392 125 23 diskussion
403 1392 73 23 derom
492 1392 33 23 för
540 1393 136 22 närvarande
693 1393 134 28 öfverflödig.
