1031 1817
783 130 40 21 147

165 195 145 28 Domprosten
326 196 113 21 Renvall
454 195 97 28 yttrade,
568 197 32 19 att
616 195 25 22 så
657 195 46 21 vidt
714 195 43 22 han
766 195 83 22 kunnat

96 229 66 28 fatta,
183 230 25 21 så
226 229 51 27 låge
295 230 6 20 i
325 230 43 21 den
391 230 80 27 mängd
487 230 114 28 förslager,
618 236 46 15 som
679 229 72 22 blifvit
764 230 83 28 uppka-

97 263 63 23 stade
176 263 25 21 af
213 265 88 27 prosten
318 264 26 21 H.
360 264 88 27 Heikel,
465 264 138 28 vicepastorn
618 270 43 15 von
676 264 81 28 Essen,
769 264 79 21 doktor

98 297 99 22 Granfelt
216 305 27 14 m.
259 297 28 27 fi.,
307 300 31 19 ett
353 297 143 29 upprifvande
512 298 24 21 af
548 297 58 22 hvad
629 297 37 22 vid
681 297 59 22 förra
761 298 88 28 plenum

96 332 72 22 blifvit
187 332 122 28 beslutadt;
328 332 41 22 och
387 332 71 28 ansäg
476 332 140 28 domprosten
634 332 95 25 derföre,
748 334 31 20 att
795 332 54 22 intet

97 366 105 22 afseende
221 367 14 21 å
255 365 49 23 dem
319 366 68 22 borde
406 366 79 29 fästas,
506 369 52 19 utan
578 366 101 22 tillhörde
699 366 36 22 det
751 374 28 14 nu
794 367 55 21 blott

97 400 90 23 ståndet
202 403 32 19 att
249 401 117 22 förmulera
376 402 132 28 paragrafen
520 402 6 21 i
538 401 97 27 enlighet
646 401 49 21 med
707 400 58 22 förra
779 401 70 22 beslu-

98 438 42 26 tet,
156 442 46 15 som
218 443 47 21 var,
282 438 33 19 att
331 436 42 22 den
388 436 120 28 kejserliga
523 436 162 29 propositionen
701 436 72 22 skulle
789 438 60 20 anta-

98 478 40 21 gas
153 471 50 21 med
219 470 83 23 fästadt
317 470 104 23 afseende
438 471 13 21 &
466 471 43 22 den
524 471 25 22 af
557 470 155 29 kyrkoherden
723 471 126 28 Rosengren

97 505 7 22 i
128 505 106 22 utskottet
254 505 84 28 afgifna
357 505 144 29 reservation,
528 505 136 22 beträffande
686 505 163 28 nödvändighe-

99 542 35 20 ten
163 540 24 21 af
212 541 95 22 vittnens
332 543 92 20 närvaro
447 541 37 21 vid
509 540 161 22 skriftermälet.
704 540 147 28 Domprosten

100 575 99 22 önskade
219 575 93 28 derföre,
329 577 32 20 att
376 576 51 21 dess
447 575 25 22 af
487 575 153 28 kyrkoherden
656 575 127 27 Rosengren
798 573 53 30 nyss

99 610 103 28 upplästa
219 609 83 29 förslag
321 610 50 21 med
392 610 36 22 det
448 610 72 22 dertill
536 609 78 29 gjorda
628 610 101 27 tillägget
744 609 71 22 skulle
830 609 25 22 af

100 644 88 22 ständet
202 647 103 26 antagas,
321 647 57 19 samt
393 646 70 27 ansäg
479 647 32 20 att
523 645 84 22 sädana
620 644 173 29 bestämningar,
805 651 46 15 som

100 679 25 22 af
137 680 70 27 några
218 680 69 22 talare
295 679 72 22 blifvit
377 680 114 28 päyrkade
504 682 32 19 att
546 680 31 21 uti
588 679 105 28 förslaget
704 679 61 28 ingå,
779 679 73 22 såsom

101 716 32 19 att
148 715 86 27 presten
252 714 137 27 ,allvarligt*
406 715 40 21 och
464 716 189 26 ,samvetsgrannt
668 714 67 21 borde
747 713 106 22 förehälla

101 749 144 27 brottslingen
260 749 56 22 hans
331 749 71 22 brott"
419 757 19 14 o.
455 756 17 15 s.
487 756 27 20 v.,
527 749 71 22 såsom
611 748 98 23 hörande
720 749 33 21 till
767 749 37 21 det
815 756 37 21 pa-

101 784 82 21 storala
199 783 108 29 omrädet,
327 783 120 28 ingalunda
462 784 48 28 här,
526 786 51 19 utan
593 783 31 22 uti
638 783 137 28 kyrkolagen
785 783 67 22 borde

101 818 59 27 ingå.
192 818 30 22 Sä
237 819 70 26 ansåg
322 818 139 28 domprosten
477 818 41 22 ock
534 818 27 22 de
577 818 25 21 af
614 820 88 26 prosten
717 819 20 21 J.
753 818 16 21 I.
781 817 73 28 Bergh

102 853 132 21 omnämnda
252 853 175 28 medborgerliga
444 853 170 27 rättigheternas
632 852 110 22 beroende
761 852 24 22 af
797 855 57 18 natt-

102 887 82 22 varden
200 887 49 22 icke
265 887 53 22 höra
333 887 42 28 hit,
391 889 52 20 utan
455 888 33 21 till
499 887 147 28 kyrkolagen,
659 887 39 22 der
709 887 62 28 fräga
782 887 72 21 blefve

103 929 34 14 om
153 922 98 28 kyrkans
267 922 40 21 och
323 924 85 20 statens
423 922 136 21 förhållande
575 922 33 21 till
619 921 131 23 hvarandra.
781 921 73 22 Slutli-

103 963 44 21 gen
167 957 51 21 ville
238 956 139 28 domprosten
396 959 58 19 ännu
473 964 27 15 en
518 957 59 27 gäng
590 957 57 21 fästa
663 956 192 28 uppmärksamhe-

105 994 36 18 ten
157 991 76 28 derpä,
251 993 32 19 att
298 991 37 22 det
351 991 25 22 af
388 991 154 28 kyrkoherden
557 991 127 28 Rosengren
699 991 103 28 upplästa
813 990 41 22 för-

104 1026 72 27 slaget
194 1025 138 28 fullständigt
348 1025 98 22 innehöll
466 1026 48 27 allt,
529 1025 58 22 hvad
610 1026 68 27 enligt
693 1025 38 22 det
745 1025 38 22 vid
798 1025 57 22 förra

104 1061 88 28 plenum
212 1060 84 22 fattade
314 1061 95 22 beslutet
431 1060 66 22 borde
521 1061 7 21 i
550 1060 130 27 paragrafen
704 1060 57 27 ingä.
791 1060 64 21 Hvad

105 1095 106 22 särskildt
231 1095 78 22 doktor
331 1095 110 22 Granfelts
459 1095 83 28 förslag
561 1095 130 27 beträffade,
712 1095 70 27 ansäg
797 1095 59 21 dom-

104 1131 90 26 prosten
217 1130 40 21 alls
277 1129 55 22 intet
350 1129 104 22 afseende
477 1130 74 21 kunna
571 1129 53 22 derä
644 1129 79 28 fästas,
747 1132 53 19 enär
820 1129 37 21 det

105 1171 52 15 vore
184 1164 132 28 fullkomligt
341 1164 113 22 stridande
472 1166 45 20 mot
536 1163 99 23 ståndets
654 1164 87 28 engång
762 1164 8 21 i
788 1164 68 21 saken

105 1198 84 22 fattade
205 1199 78 22 beslut.

175 1234 91 21 Prosten
287 1233 121 29 Alopeus
431 1233 103 29 föreslog,
557 1235 41 26 att,
618 1233 29 22 då
665 1233 68 22 redan
752 1235 31 20 ett
803 1233 55 22 halft

107 1267 76 22 dussin
208 1267 106 28 förslager
338 1268 71 22 blifvit
429 1268 149 22 framkastade
598 1267 40 22 och
656 1268 114 27 lätteligen
790 1269 67 26 något

108 1302 74 22 dussin
198 1303 127 27 ytterligare
340 1302 74 22 kunde
430 1302 173 28 åstadkommas,
620 1304 52 19 utan
683 1304 32 20 att
727 1302 56 21 dock
791 1303 67 27 något

107 1337 92 22 resultat
219 1337 77 22 visade
319 1337 42 28 sig,
385 1344 50 14 man
459 1337 104 22 särskildt
586 1336 67 22 borde
676 1339 75 20 votera
774 1344 33 14 om
831 1336 26 22 de

107 1372 105 27 punkter,
232 1371 85 23 hvaruti
338 1371 153 29 skiljaktighet
509 1372 7 21 i
535 1372 82 28 åsigter
634 1372 139 28 egenteligen
791 1374 68 26 yppat

109 1406 43 28 sig,
172 1406 109 22 hvarefter
299 1406 161 28 sekreteraren,
477 1406 28 28 på
520 1406 70 28 grund
609 1406 25 21 af
648 1406 137 28 voteringen,
803 1406 56 27 ägde

109 1442 33 19 att
156 1440 116 21 formulera
287 1441 114 26 förslaget;
418 1441 40 20 och
472 1441 68 26 ansåg
553 1442 88 26 prosten
653 1440 7 20 i
672 1441 25 20 så
711 1440 37 21 fall
761 1440 99 26 votering
