1020 1767
790 126 25 21 85

96 189 63 22 svåra
179 189 48 28 prof
244 189 39 22 och
303 189 191 29 förödmjukelser,
512 190 24 21 af
548 190 87 22 hvilkas
651 190 101 28 frivilliga
768 191 76 21 under-

95 224 86 26 gående
198 231 49 14 man
263 226 73 26 tryggt
351 224 72 22 kunde
444 225 67 27 sluta,
526 226 32 20 att
574 224 42 21 den
631 224 66 21 fallne
709 224 56 22 hade
777 225 69 21 allvar

95 258 50 20 med
166 258 32 21 sin
222 258 67 26 ånger
304 258 39 21 och
360 258 96 28 bättring
472 272 26 2 —
521 260 56 20 samt
595 258 72 22 kunde
686 258 87 22 således
793 261 52 19 utan

96 292 47 21 fara
165 292 46 21 åter
233 295 108 25 upptagas
360 292 7 21 i
386 292 166 27 församlingens
568 293 144 27 gemenskap,
733 292 31 22 till
779 292 66 21 nåde-

95 326 98 21 medlens
209 326 135 27 åtnjutande.
803 337 4 1 =

163 360 72 27 Något
255 360 55 21 ditåt
329 360 37 21 vill
385 360 143 26 lagutskottet
547 360 68 22 också
633 360 130 22 åtminstone
779 367 67 21 synas

97 394 81 27 åsyfta;
198 401 47 13 men
268 394 50 21 dess
338 394 128 27 motivering
486 395 57 27 röjer
562 394 69 22 sådan
651 395 61 27 slapp
729 394 58 21 anda
806 394 40 21 och

96 427 145 28 tvetydighet,
263 430 32 19 att
311 435 49 14 man
376 428 67 21 hellre
458 435 51 14 vore
525 429 82 20 frestad
623 430 32 19 att
665 436 53 13 anse
729 428 37 21 det
777 428 70 27 sagda

95 461 34 22 för
143 461 42 22 hån
197 464 28 18 än
235 462 69 21 allvar
314 462 7 20 i
331 462 169 21 kristendomen.
531 462 112 22 Utskottet
653 469 65 14 anser
727 462 118 27 nemligen,

96 496 67 27 enligt
179 503 50 20 pag.
249 497 21 27 3,
290 496 50 21 böra
355 496 85 28 stadgas
460 500 31 17 att
513 497 39 20 den
575 496 116 29 sakfällde,
706 496 37 21 vid
751 496 96 28 lämpligt

96 530 145 27 bötesansvar,
265 531 19 28 ej
306 533 36 19 må
364 539 100 12 anamma
487 531 37 20 den
546 531 67 28 heliga
632 530 136 27 nattvarden,
779 531 68 20 innan

96 565 42 20 han
165 565 36 20 hos
223 566 32 19 sin
279 565 140 28 själasörjare
440 565 82 21 inställt
545 565 31 28 sig
599 565 33 21 till
653 565 90 21 enskildt
762 565 84 20 samtal.

95 598 49 21 Men
164 598 58 21 hvad
238 599 60 21 detta
318 599 80 21 samtal
416 599 56 21 skall
489 599 91 28 betyda,
597 599 32 20 får
644 606 50 14 man
709 599 53 20 höra
777 600 70 19 straxt

96 632 25 21 af
137 633 36 21 det
194 633 102 27 följande.
327 634 43 20 Det
390 633 60 21 heter
469 634 119 26 nemligen:
604 633 98 21 Deremot
721 633 61 21 borde
805 633 42 20 han

95 667 44 20 icke
159 675 55 13 vara
233 667 146 21 underkastad
398 669 63 27 något
476 667 70 28 straff,
558 667 39 28 för
613 667 32 20 det
660 668 52 25 han,
728 670 53 18 emot
799 674 46 21 pre-

96 705 55 18 stens
169 703 92 27 varning
281 702 36 20 och
331 701 103 28 afrådan,
449 702 61 28 ginge
526 701 33 22 till
572 701 136 26 nattvarden,
724 701 66 21 sedan
804 701 43 21 han

92 735 59 28 först
167 735 86 29 deltagit
267 736 8 21 i
289 735 33 22 det
338 736 109 21 allmänna
464 736 156 28 skriftermålet.
651 735 92 22 Således
759 735 42 20 han
812 737 35 20 sä-

96 775 39 21 ger
150 769 33 27 sig
200 782 12 2 —
245 769 53 22 eller
312 769 36 21 mä
364 769 24 21 sä
404 776 52 15 vara
472 783 25 2 —
514 770 39 21 har
568 769 55 22 varit
639 769 7 22 i
662 769 95 22 enskildt
768 769 78 22 samtal

96 804 50 21 med
161 804 33 21 sin
213 804 149 27 själasörjare;
380 811 26 14 en
422 806 130 19 samvetsöm
569 803 139 28 själasörjare
723 803 39 22 har
777 803 70 22 funnit

95 838 78 22 honom
193 845 52 14 vara
263 838 61 27 längt
338 837 56 22 ifrän
410 838 28 21 all
454 839 66 21 tanke
536 839 29 28 pä
580 845 53 14 sann
649 838 38 21 bot
703 851 24 2 —
744 837 40 22 och
799 845 48 14 var-

96 875 38 18 nat
148 873 79 20 honom
247 874 32 19 att
302 872 82 21 afhälla
403 873 33 26 sig
450 873 44 21 tills
510 873 74 21 vidare
595 872 48 21 frän
653 872 140 28 nattvarden;
805 872 41 21 den

96 906 109 22 sakfällde
223 907 97 20 deremot
338 907 68 21 hänar
424 907 43 20 alla
486 907 109 22 välmenta
615 907 126 27 varningar,
759 907 40 26 gär
813 906 34 21 till

96 942 91 21 allmänt
207 940 131 22 skriftermäl
361 941 39 21 och
420 941 94 21 Herrans
534 941 101 22 nattvard
660 953 21 2 —
699 953 28 3 —
747 940 40 21 och
807 940 39 21 allt

97 975 60 22 detta
173 975 94 27 saklöst,
287 975 68 21 under
374 975 42 20 den
431 975 47 21 lösa
493 975 164 27 förutsättning,
674 976 31 19 att
720 974 43 21 han
774 975 71 21 seder-

96 1017 59 14 mera
174 1009 83 22 kunnat
279 1010 81 21 komma
379 1009 33 21 till
425 1017 25 13 en
466 1017 54 13 sann
536 1012 70 25 ånger.
636 1009 49 21 Men
700 1009 39 20 här
754 1007 92 22 förbises

97 1046 31 19 att
151 1050 33 15 om
199 1044 80 25 ängern
296 1046 24 17 är
336 1050 63 21 sann,
419 1050 39 20 ger
473 1043 43 22 han
531 1043 35 28 sig
581 1050 42 20 nog
639 1043 32 21 till
686 1043 42 21 täls
748 1044 31 19 att
794 1042 54 21 först

97 1078 82 22 besöka
195 1078 33 21 sin
244 1077 147 28 själasörjare,
407 1077 32 21 för
456 1080 31 18 att
503 1077 82 22 erhålla
601 1077 38 21 råd
656 1077 40 21 och
712 1078 60 20 tröst.

163 1113 51 20 Man
232 1111 72 22 kunde
323 1112 41 22 lätt
383 1111 94 22 förledas
500 1115 32 18 att
552 1114 33 19 tro
608 1112 28 27 pä
656 1111 103 21 renheten
778 1111 25 20 af
820 1117 26 14 en

97 1146 131 29 optimistisk
248 1147 49 21 ädel
312 1146 77 28 tanke,
406 1146 28 21 dä
449 1153 50 14 man
513 1147 6 20 i
534 1146 117 21 utskottets
667 1145 67 28 derpä
749 1145 97 27 följande

97 1180 112 22 utlåtande
229 1181 67 26 läser,
315 1183 32 18 att
365 1181 11 20 5
396 1181 13 25 8
429 1181 12 20 3
457 1180 51 27 kap.
524 1181 26 20 M.
565 1180 24 21 B.
605 1179 66 22 borde
688 1179 157 27 undanrödjas,

97 1215 33 21 till
149 1215 175 28 förekommande
354 1214 30 28 af
402 1215 100 27 hycklade
532 1214 208 29 syndadekännelser.
771 1213 48 20 Men
840 1214 6 19 i

97 1248 131 28 föregäende
247 1249 105 27 paragraf
368 1249 11 20 2
399 1248 39 21 har
456 1255 49 14 man
527 1247 66 22 redan
609 1247 97 28 tydligen
722 1247 124 21 förnummit

96 1283 82 27 andan,
200 1289 45 14 som
267 1282 38 21 här
320 1283 37 20 vill
372 1285 53 24 göra
439 1282 34 27 sig
488 1282 109 27 gällande.
628 1282 42 21 Det
686 1281 60 21 heter
761 1281 38 20 der
815 1285 31 17 att

97 1317 89 21 enskildt
209 1316 131 28 skriftermäl
358 1317 66 20 skulle
443 1317 103 20 innebära
567 1320 27 17 ett
614 1317 73 27 tvång,
707 1316 63 20 hvars
791 1315 54 28 bety-

95 1351 54 21 delse
161 1351 44 20 icke
221 1358 48 13 vore
285 1351 69 27 ringa,
371 1352 24 20 sä
411 1350 60 28 länge
486 1351 58 20 vissa
559 1350 162 28 medborgerliga
732 1349 113 28 förmåner

96 1389 38 16 äro
158 1385 98 20 beroende
281 1385 29 25 af
326 1392 24 12 en
373 1384 137 27 regelbunden
530 1384 173 27 nattvardsgång.
733 1381 46 23 Hoc
801 1385 42 19 est:

96 1418 37 20 det
150 1416 103 23 behöfves
273 1417 91 21 alldeles
380 1416 48 22 icke
447 1417 71 27 någon
530 1416 99 26 allvarlig
641 1417 36 20 bot
688 1415 38 22 och
738 1416 105 26 bättring;
