1031 1809
769 120 39 21 799

90 185 33 21 för
138 185 76 29 hvarje
229 187 110 26 prestman
356 186 24 22 så
394 186 84 27 vigtiga
492 186 168 27 angelägenhet.
690 186 74 22 Sedan
780 186 61 22 detta

90 219 68 29 skett,
175 227 49 15 men
239 220 49 22 icke
304 220 50 29 förr,
372 227 64 15 anser
447 220 41 28 jag
504 220 70 22 clerus
590 220 115 22 comitialis
718 220 75 22 kunna
804 221 36 21 de-

88 254 81 22 finitivt
189 254 77 28 afgöra
286 254 84 28 frågan.
400 254 99 23 Framför
517 255 39 21 allt
576 262 66 21 synes
657 255 45 27 mig
716 255 77 28 nödigt
808 258 33 19 att

90 288 152 22 dessförinnan
258 288 95 22 inhemta
369 289 167 28 kapellanernes
552 290 77 27 tanke,
646 289 106 22 huruvida
766 291 26 21 de
804 292 36 19 ön-

90 323 42 22 ska
152 325 32 19 att
204 324 7 21 i
230 324 42 22 den
292 323 170 29 vidsträckthet,
484 323 109 29 professor
608 324 135 22 Schaumans
758 324 83 28 förslag

88 357 128 29 innehåller,
236 358 102 28 begagna
356 359 33 21 sin
408 360 43 20 rätt
470 361 31 19 att
519 358 60 28 välja
594 360 175 26 representanter
784 362 56 19 samt

89 392 6 20 i
112 392 40 22 och
168 392 50 22 med
234 393 120 21 detsamma
370 394 66 26 åtaga
452 393 34 27 sig
501 393 27 21 de
544 392 113 28 betydliga
670 392 88 28 afgifter
768 394 73 21 denna

89 426 105 28 rättighet
209 427 90 22 medför.

157 462 32 21 På
208 462 25 21 af
249 462 49 22 herr
317 462 139 22 talemannen
472 462 122 22 framställd
609 461 134 29 proposition
758 462 82 22 beslöts

90 496 106 28 enhälligt
212 498 31 20 att
258 496 169 28 ifrågavarande
442 496 83 28 förslag
540 496 80 28 skulle,
637 497 7 21 i
660 496 104 23 afseende
774 497 14 21 å
799 497 41 22 dis-

90 531 90 22 kussion
200 531 39 22 och
256 531 125 28 afgifvande
396 531 111 29 yttrande,
523 532 33 21 till
571 531 152 23 förstskeende
739 532 101 28 synodal-

90 568 73 20 möten
184 566 6 20 i
212 566 74 22 stiften
306 566 132 29 remitteras,
460 566 119 28 hvarjemte
598 566 88 22 ståndet
704 566 33 22 för
756 566 32 22 sin
805 566 35 22 del

90 601 70 28 ansåg
178 602 41 27 att,
237 601 30 28 på
282 603 43 20 sätt
339 601 7 21 i
360 601 105 28 förslaget
481 601 104 29 antydes,
602 600 131 29 biskoparne
750 601 90 22 oberäk-

90 635 58 23 nade
170 635 65 30 minst
257 636 103 28 tjugusex
383 636 79 22 ombud
484 635 33 22 för
539 636 162 28 prestaståndet
724 635 116 23 framdeles

90 670 68 22 borde
173 670 81 29 väljas,
271 670 108 28 nemligen
395 670 42 23 tolf
450 670 46 22 från
513 670 130 28 erkestiftet,
655 671 45 21 åtta
711 670 47 22 från
769 670 73 28 Borgå

91 705 39 21 och
148 712 38 15 sex
201 704 47 22 från
264 705 85 29 Kuopio
365 705 52 22 stift.

159 775 105 28 Företogs
285 775 33 22 till
338 774 166 29 handläggning
524 774 42 22 den
586 774 24 22 af
625 774 118 29 höglofliga
758 774 82 22 ridder-

90 810 80 28 skapet
192 810 40 22 och
255 810 66 22 adeln
339 810 7 22 i
367 810 43 28 dag
433 817 78 21 genom
534 810 125 28 deputation
680 809 162 29 prestaståndet

91 844 131 23 meddelade
240 844 157 29 inbjudningen
416 847 32 19 att
468 844 88 29 deltaga
571 844 7 22 i
594 851 27 15 en
636 844 138 29 underdånig
788 844 54 28 peti-

92 879 55 30 tion,
164 879 25 22 af
200 880 104 22 innehåll:
321 880 21 29 1)
357 882 32 20 att
404 880 62 22 Hans
480 880 125 28 Kejserliga
620 879 102 29 Majestät
737 880 104 22 täcktes
829 875 15 39 i

92 915 214 23 öfverenstämmelse
321 916 51 22 med
388 916 26 21 18
430 917 13 26 8
459 916 7 21 i
483 916 53 21 1772
553 916 35 21 års
602 915 166 28 regeringsform
784 916 7 20 i
804 915 37 22 nå-

92 950 38 22 der
149 950 47 22 låta
213 950 138 29 undanrödja
370 950 44 22 alla
433 950 27 22 de
479 950 137 28 stadganden
632 950 6 21 i
654 950 119 29 kejserliga
788 950 54 22 kun-

92 984 101 28 görelsen
214 985 24 21 af
255 984 42 23 den
318 986 27 21 20
365 992 57 15 mars
444 986 54 21 1858
519 984 39 23 och
580 984 119 29 kejserliga
718 985 84 23 brefvet
821 985 25 21 af

93 1019 43 22 den
152 1020 12 20 8
180 1026 56 16 mars
253 1020 64 28 1860,
334 1026 46 16 som
396 1020 34 22 stå
445 1020 7 20 i
468 1020 54 22 strid
532 1019 50 22 med
593 1019 27 22 de
631 1018 110 23 särskilda
751 1019 91 22 knekte-

92 1054 168 29 kontrakterne,
273 1056 57 20 samt
342 1057 32 19 att
386 1054 32 22 för
427 1054 27 22 de
462 1054 139 28 rotehållare,
611 1054 75 22 hvilka
696 1060 78 22 genom
786 1054 55 22 slike

92 1088 130 23 kontrakter
240 1089 18 28 ej
279 1091 37 20 äro
335 1088 125 30 skyddade,
482 1088 104 29 kongliga
601 1088 146 23 resolutionen
762 1089 25 22 af
800 1089 42 22 den

95 1125 24 21 11
140 1123 88 29 januari
252 1125 54 21 1757
332 1124 58 22 hvad
416 1124 132 28 soldattorps
575 1123 139 29 anläggande
740 1124 103 22 beträffar

94 1158 71 22 blefve
181 1158 113 29 gällande,
311 1158 57 22 dock
382 1160 26 20 sä
423 1160 33 20 att
469 1158 134 23 sistnämnde
618 1158 140 29 rotehällare,
775 1159 68 28 enligt

93 1193 77 22 fordna
186 1193 149 28 vanligheten,
352 1193 18 28 ej
387 1192 73 24 blefve
474 1193 50 23 med
538 1195 68 21 större
622 1193 132 29 soldattorps
768 1194 74 28 anläg-

93 1228 73 28 gande
181 1228 134 28 betungade,
326 1230 28 20 än
365 1228 58 22 hvad
434 1228 126 22 kontraktet
570 1228 34 21 för
614 1221 46 29 Äbo
671 1228 49 22 läns
730 1228 111 23 infanteri-

94 1264 124 26 regemente
234 1262 74 22 derom
324 1262 99 29 stadgar;
440 1262 40 22 och
495 1263 23 28 2)
534 1265 31 19 att
581 1268 27 16 en
621 1262 81 22 komité
713 1263 67 21 måtte
791 1263 51 22 ned-

95 1298 69 20 sättas
182 1296 33 22 för
232 1296 141 29 uppgörande
389 1297 25 21 af
426 1296 83 28 förslag
524 1297 32 21 till
572 1296 172 28 reorganisation
760 1296 26 22 af
797 1297 45 21 lan-

95 1331 48 22 dets
162 1331 149 22 försvarsverk
326 1331 8 21 i
350 1331 36 22 det
401 1331 66 29 syfte,
484 1334 31 19 att
526 1332 70 28 jemte
611 1331 154 22 bibehållande
780 1331 25 21 af
812 1332 30 21 in-

95 1365 178 28 delningsverket
288 1365 136 23 underhållet
440 1365 24 22 af
477 1365 72 22 denna
564 1365 80 22 militär
658 1365 50 22 icke
722 1365 73 22 blefve
810 1366 34 21 till

96 1400 25 22 sä
139 1402 44 20 stor
204 1400 34 22 del
258 1407 46 15 som
322 1400 108 23 härintills
445 1400 103 23 hvilande
564 1400 29 28 pä
604 1400 170 29 jordbrukaren,
791 1403 52 19 utan

96 1434 64 22 äfven
176 1434 108 22 fördeladt
300 1435 28 27 pä
343 1434 68 28 öfrige
427 1434 149 27 medborgare.
