1017 1742
199 130 41 21 360

174 194 53 21 eller
241 192 181 28 borgareståndet
434 192 127 21 instämmer
571 191 7 21 i
589 197 84 15 samma
682 190 113 28 yttrande,
807 196 35 15 om
853 190 68 20 också

174 228 19 26 ej
214 227 25 21 af
251 233 73 15 annan
340 225 118 27 anledning
474 228 27 18 än
517 224 42 22 den
575 226 32 20 att
622 224 37 21 två
674 223 65 22 stånd
755 224 18 26 ej
790 224 36 20 må
841 225 80 19 stanna

175 263 57 20 emot
254 261 43 21 två.
327 260 49 22 Men
398 259 106 22 huruvida
527 259 37 21 det
586 258 34 22 för
638 258 162 28 prestaståndet
819 264 51 15 vore
885 257 36 21 he-

175 295 83 22 drande
281 296 32 20 att
335 294 92 22 sålunda
449 294 65 22 hafva
537 292 62 29 gifvit
614 292 117 22 initiativet
747 292 33 21 till
795 291 127 23 husbehofs-

175 330 146 28 bränningens
344 328 164 29 bibehållande,
530 328 36 22 det
590 327 143 22 öfverlemnar
746 326 42 28 jag
806 326 23 22 åt
846 326 76 50 hvarje

176 364 98 28 opartisk
289 370 78 21 person
383 364 33 20 att
430 362 100 22 bedöma.

244 397 158 29 Kyrkoherden
424 398 148 26 Rosengren
595 396 96 28 yttrade,
711 398 32 19 att
759 395 69 21 sedan
843 374 81 49 LAULA

175 432 132 28 föregäende
330 432 70 21 talare
422 432 25 21 sä
462 432 36 20 väl
513 431 117 27 framlaggt
645 430 232 27 fabriksbränningens
893 430 30 22 fö-

175 466 102 22 reträden
299 466 87 21 framför
408 465 263 27 husbehofsbränningen,
695 464 37 22 det
754 464 111 22 äterstode
888 471 36 15 en-

176 501 49 21 dast
242 500 33 21 för
289 498 154 30 kyrkoherden
459 501 31 19 att
505 500 7 20 i
528 499 64 21 deras
607 498 113 22 utlätande
736 498 116 22 instämma
868 500 56 20 samt

176 535 50 22 med
248 534 69 28 några
339 534 38 21 ord
400 534 56 21 söka
477 534 134 27 vederlägga
631 532 55 29 dem,
703 539 46 15 som
765 533 54 21 talat
835 532 32 22 för
882 532 42 22 den

177 570 105 21 motsatta
297 568 94 28 äsigten;
412 568 41 21 och
468 568 51 22 ville
535 567 152 29 kyrkoherden
703 567 7 21 i
726 566 79 22 sädant
821 566 103 22 afseende

178 604 71 22 erinra
268 605 33 19 att
315 602 117 28 passionen
451 602 40 22 och
507 604 134 27 egennyttan
657 602 18 27 ej
691 602 48 21 läta
754 601 106 28 dagtinga
875 601 49 21 med

178 639 35 27 sig
234 638 40 22 och
296 639 33 19 att
351 644 49 14 man
423 636 85 23 derföre
528 637 49 22 icke
596 636 67 22 borde
678 636 105 22 förundra
797 636 34 27 sig
847 642 34 15 om
897 636 27 21 de

177 672 141 22 medlemmar
340 672 25 20 af
377 671 165 29 bondeständet,
560 678 46 16 som
624 671 53 21 idka
692 671 232 27 husbehofsbränning,

177 713 29 15 nu
227 705 86 29 yrkade
335 706 29 27 pä
382 705 138 23 densammas
536 705 163 28 bibehållande,
715 705 80 22 liksom
811 712 50 15 man
876 706 49 21 icke

177 741 69 22 heller
268 739 74 23 kunde
364 742 66 20 vänta
452 740 34 28 sig
504 742 32 20 att
552 740 53 22 efter
620 740 107 28 förloppet
743 740 25 21 af
780 740 29 21 tio
825 740 24 21 är
865 740 61 22 detta

179 775 63 22 stånd
263 774 57 22 skall
340 774 65 21 hafva
424 774 97 28 frängätt
536 774 33 22 sin
586 774 145 28 öfvertygelse
746 774 7 21 i
769 774 72 22 denna
856 774 68 27 fråga.

178 808 141 23 Beträffande
341 808 27 22 de
390 815 62 21 vyer,
476 815 45 15 som
537 808 71 22 blifvit
623 808 130 28 uppdragna
768 808 115 28 angäende
898 808 28 22 de

178 842 125 28 förderfliga
325 843 202 28 lönbrännerierna,
545 843 75 21 hvilka
639 843 52 21 fiere
710 842 70 22 talare
800 845 71 20 ansett
889 850 35 20 ge-

179 885 49 15 nom
243 876 266 29 husbehofsbränningens
524 877 154 23 bibehållande
692 877 77 22 lättast
784 877 75 22 kunna
870 880 55 19 utro-

179 915 41 22 tas,
243 912 25 21 sä
289 911 98 22 vittnade
410 911 37 29 de,
464 912 67 27 enligt
550 911 165 29 kyrkoherdens
730 912 97 27 mening,
843 911 83 22 mindre

179 948 58 19 emot
259 952 27 15 en
308 945 165 28 fabriksmessig
496 946 151 28 tillverkning,
672 948 28 19 än
723 949 58 18 emot
800 946 126 22 husbehofs-

178 981 147 27 bränningen,
349 983 52 18 enär
423 980 27 22 de
473 981 115 27 bevisade,
612 982 32 19 att
664 980 49 21 icke
729 980 70 27 nägra
813 983 53 19 utan
882 981 44 20 alla

178 1015 52 21 ville
245 1015 90 21 bränna.
365 1014 157 29 Kyrkoherden
538 1014 70 27 ansåg
624 1013 36 22 det
680 1013 99 28 föröfrigt
799 1014 56 22 både
874 1014 51 22 väd-

179 1049 40 26 ligt
235 1048 40 21 och
291 1048 110 27 otillätligt
416 1050 32 19 att
464 1048 125 28 framdraga
604 1048 108 21 missbruk
724 1048 52 21 eller
786 1048 96 27 lagbrott
892 1048 34 22 sä-

179 1089 46 15 som
247 1082 50 22 skäl
320 1084 57 19 emot
396 1083 134 27 antagandet
552 1082 25 22 af
597 1089 26 14 en
638 1082 7 21 i
661 1082 40 21 och
720 1082 33 22 för
768 1083 33 27 sig
816 1082 111 22 önskvärd

179 1116 135 27 förbättring.
344 1116 50 21 Med
415 1117 135 21 tacksamhet
569 1118 57 21 emot
642 1116 57 27 Gud,
716 1123 46 15 som
777 1117 88 21 förmätt
880 1117 45 20 lan-

180 1150 48 22 dets
251 1150 100 27 regering
373 1152 32 20 att
427 1151 33 21 till
482 1151 130 21 ständernas
635 1150 138 28 ompröfning
793 1150 133 22 öofverlemna

180 1191 26 14 en
228 1184 135 28 proposition
385 1191 34 15 om
441 1184 266 27 husbehofsbränningens
722 1184 137 28 fullkomliga
874 1191 52 22 upp-

179 1218 108 28 hörande,
311 1218 72 22 kunde
406 1219 65 22 alltså
486 1218 154 29 kyrkoherden
655 1218 50 21 icke
721 1221 67 19 annat
803 1221 28 19 än
847 1218 28 28 pä
890 1219 36 20 det

180 1252 152 27 bevekligaste
351 1259 109 21 uppmana
475 1253 49 22 sina
538 1252 156 23 ständsbröder
709 1254 32 20 att
757 1253 121 22 bestämma
892 1253 34 27 sig

179 1287 34 20 för
227 1286 135 27 antagandet
377 1287 25 20 af
414 1286 73 21 denna
500 1287 83 26 nädiga
597 1287 140 26 proposition.

247 1319 209 28 Kontraktsprosten
471 1320 137 22 Ehrström
624 1320 85 28 trodde,
726 1322 33 20 att
773 1320 54 22 hvar
843 1320 40 21 och
899 1327 27 15 en

179 1360 47 15 som
249 1353 72 22 kände
343 1353 55 23 huru
419 1354 37 22 vid
476 1354 253 29 husbehofsbränningen
748 1355 94 28 tillgick,
859 1355 19 28 ej
895 1357 31 20 ett

180 1388 117 28 ögonblick
315 1388 73 23 kunde
409 1389 65 22 tveka
488 1389 144 22 hvilkendera
647 1389 86 28 äsigten
747 1390 42 21 han
805 1390 39 21 här
859 1389 67 22 borde

179 1423 93 22 biträda.
302 1423 44 24 Det
367 1423 24 24 sä
413 1423 89 24 kallade
521 1424 133 24 brännhuset
671 1431 39 15 var
725 1431 26 16 en
767 1425 64 22 skola
846 1425 25 22 af
883 1424 43 23 den
