1023 1764
778 120 40 22 697

96 187 86 21 ädlaste
197 185 112 30 syftemål,
325 185 53 22 eller
391 185 191 23 förekommandet
593 186 28 21 af
630 186 139 28 barnamord,
781 189 66 19 emot-

96 223 49 25 togs
163 220 127 22 densamma
308 220 49 21 med
377 220 145 27 underdånigt
542 221 143 21 erkännande
700 221 25 20 af
738 221 36 20 det
789 221 59 27 goda

95 255 136 27 ändamålet,
247 261 49 15 men
308 254 72 21 tillika
391 254 50 21 med
451 254 124 28 förvåning,
587 255 92 21 emedan
690 254 156 28 författningen

95 289 90 27 stadgar
208 290 31 20 att
261 288 91 27 lägrade
375 289 97 27 qvinnor,
496 290 58 20 utom
577 288 43 22 den
640 288 58 28 hjelp
715 289 26 20 de
758 291 36 18 äro
811 289 35 20 be-

95 323 110 27 rättigade
228 324 32 20 att
283 322 68 22 undfå
373 323 24 21 af
415 322 193 28 församlingarnes
623 322 128 28 fattigvård,
763 323 83 27 jemväl

95 357 64 22 skola
183 357 25 22 af
228 356 127 23 statsmedel
379 356 156 29 understödas,
559 357 87 21 hvartill
670 358 31 20 ett
723 357 79 28 belopp
825 357 25 21 af

94 392 101 22 tvåtusen
217 391 133 29 fyrahundra
371 391 61 22 rubel
455 391 74 22 silfver
553 394 24 19 är
596 391 101 28 anslaget
716 391 32 22 till
767 391 79 23 fördel-

94 427 53 27 ning
166 427 93 21 emellan
277 426 88 22 landets
382 426 164 29 -församlingar;
565 433 50 16 men
631 426 72 22 denna
718 426 128 28 författning

95 461 40 22 bar
153 461 68 22 redan
236 461 71 22 blifvit
322 461 74 27 glömd
412 461 40 22 och
467 461 68 28 något
551 461 79 27 anslag
644 461 40 21 har
699 461 19 28 ej
736 461 68 22 heller
818 461 29 28 på

94 496 42 21 den
163 498 62 19 orten
248 495 87 22 utfallit;
365 496 116 27 Borttages
504 495 46 22 den
570 495 102 22 enskilda
694 496 151 25 absolutionen

89 530 94 28 jemväl,
207 529 57 23 skall
285 529 144 28 förvåningen
453 529 67 23 blifva
542 532 58 20 ännu
616 532 69 20 större
701 530 41 22 och
757 530 89 27 åtföljas

93 565 26 21 af
134 565 86 28 menige
240 571 63 16 mans
318 564 111 28 ogillande
449 564 40 22 och
505 565 76 28 ovilja,
598 564 93 23 emedan
706 564 84 23 sådane
804 565 42 22 för-

94 599 118 28 ändringar
223 602 58 19 ännu
292 599 19 28 ej
324 599 110 28 uppbäras
445 599 25 21 af
477 599 81 22 folkets
569 599 207 22 rättsmedvetande.
807 600 39 22 Sä-

93 634 47 21 vidt
148 635 47 26 jag
215 634 84 22 kunnat
318 634 65 27 fatta,
399 635 40 20 har
454 633 163 28 prestaståndet
632 635 59 21 velat
707 634 94 22 afskaffa
817 635 29 21 all

93 669 113 28 uppenbar
226 668 139 29 kyrkoplikt;
382 668 87 22 hvartill
490 667 64 23 äfven
568 669 84 28 plikten
668 669 33 21 för
716 669 129 28 lönskaläge

92 704 69 21 hörer.
192 703 49 22 Men
253 703 28 21 då
291 703 7 21 i
309 703 229 28 prestaprivilegierne
549 703 98 29 tydligen
659 704 107 28 åberopas
777 703 68 22 hand-

92 738 72 22 boken
187 738 40 21 och
251 737 72 22 denna
345 738 121 22 innehåller
488 738 103 22 formulär
614 737 33 22 för
668 738 132 26 absolution,
820 739 26 21 så

92 780 65 15 anser
172 773 42 28 jag
233 772 72 22 denna
323 772 62 28 fråga
404 772 34 23 för
457 779 26 15 en
504 772 160 28 privilegii-sak
684 772 39 22 och
740 773 38 21 har
790 773 56 27 jem-

92 809 37 20 väl
149 807 24 22 af
191 807 70 22 sådan
281 807 66 22 orsak
367 807 50 22 sökt
436 807 71 28 skydd
525 807 7 21 i
553 807 66 22 dessa
637 814 70 20 svaga
721 807 125 28 privilegier

92 845 58 19 emot
173 849 26 14 en
223 841 89 28 åtgärd,
335 848 46 15 som
402 841 25 22 af
442 842 86 27 menige
546 849 59 20 man,
626 842 68 27 enligt
712 842 44 21 min
775 841 69 23 öfver-

92 877 94 28 tygelse,
207 877 18 28 ej
245 876 72 22 skulle
328 871 79 32 gillas.
438 877 35 21 Då
491 876 89 28 frågans
600 876 87 28 lösning
702 877 86 22 således
804 877 41 21 for-

92 911 51 22 drar
159 911 45 22 alla
222 911 48 28 fyra
288 911 105 22 ståndens
414 911 71 28 bifall,
502 911 68 28 vågar
581 911 42 28 jag
639 911 82 28 hoppas
737 913 32 20 att
784 911 62 22 Hans

91 945 125 29 Kejserliga
234 946 103 27 Majestät
357 946 6 21 i
379 945 70 22 nåder
464 946 18 27 ej
500 945 120 22 fastställer
635 945 168 28 kyrkopliktens
814 946 31 21 af-

91 980 115 23 skaffande
221 980 7 21 i
244 982 69 20 större
323 980 153 27 utsträckning
486 983 28 18 än
525 979 58 22 hvad
594 979 164 29 prestaståndet
769 979 75 22 derom

91 1015 96 23 beslutit.
217 1015 79 22 Denna
315 1017 84 25 protest
417 1015 40 21 har
471 1015 42 27 jag
529 1016 72 20 ansett
617 1015 44 26 mig
676 1014 54 22 böra
745 1014 100 28 inlägga;

92 1056 49 15 men
156 1049 86 22 förenar
257 1049 45 28 mig
317 1049 68 22 likväl
401 1049 6 21 i
424 1049 64 27 öfrigt
502 1049 50 22 med
567 1048 59 22 hvad
641 1051 87 25 prosten
744 1049 101 28 Alopaeus

92 1085 8 21 i
116 1083 71 23 saken
203 1083 78 22 anfört.

159 1118 160 29 Kyrkoherden
334 1119 156 27 Rosengren
505 1117 98 30 yttrade:
619 1117 36 22 Då
666 1117 50 28 jag,
733 1118 72 21 såsom
812 1118 33 21 le-

92 1153 75 22 damot
185 1153 7 21 i
211 1153 154 28 lagutskottet,
385 1153 105 27 nedlaggt
510 1152 134 23 reservation
663 1154 58 19 emot
737 1152 61 22 såväl
814 1153 31 20 ut-

91 1188 94 21 skottets
203 1187 68 22 första
289 1187 140 22 betänkande
449 1187 6 21 i
471 1187 69 22 saken
555 1193 47 16 som
617 1186 145 23 förevarande
774 1187 72 27 jemk-

91 1222 157 28 ningsförslag,
269 1228 65 15 anser
348 1221 41 28 jag
408 1221 44 28 mig
471 1221 53 23 böra
543 1221 90 28 angifva
653 1221 94 22 orsaken
766 1220 79 22 dertill.

159 1257 44 27 Jag
222 1256 56 21 hade
299 1255 128 28 visserligen
445 1255 58 22 helst
523 1258 42 19 sett
584 1257 33 20 att
633 1255 36 22 det
684 1255 103 28 kyrkliga
802 1255 44 21 ele-

92 1293 83 20 mentet
190 1290 85 22 kunnat
290 1290 102 27 ätskiljas
408 1290 47 21 frän
472 1290 37 22 det
524 1297 46 14 som
586 1290 63 21 berör
664 1292 81 25 staten,
757 1296 49 14 men
818 1289 29 22 dä

92 1325 80 22 sädant
182 1325 59 22 'icke
261 1325 32 22 lät
313 1325 34 27 sig
365 1327 54 25 göra
434 1324 30 22 uti
480 1323 169 29 ifrägavarande
664 1323 182 22 interimsförfatt-

91 1361 62 28 ning,
175 1361 70 27 ansåg
261 1359 43 28 jag
323 1359 45 28 mig
388 1359 131 22 åtminstone
539 1359 54 22 böra
613 1365 23 15 se
656 1359 33 21 till
709 1359 32 20 att
760 1357 85 29 kyrkan

90 1394 54 21 icke
161 1394 129 21 beröfvades
306 1394 50 21 dess
371 1393 114 27 lifsvilkor,
502 1393 109 26 nemligen
623 1392 131 26 rättigheten
765 1393 32 19 att
807 1392 36 20 be-

92 1430 94 21 stämma
206 1427 76 22 hvilka
297 1434 46 16 som
360 1429 37 19 äro
412 1427 82 22 hennes
510 1426 147 22 medlemmar.
688 1425 43 28 Jag
746 1425 40 21 har
799 1425 48 27 gått
