1020 1756
761 128 41 21 539

85 193 136 28 sedligheten
240 193 13 21 &
272 192 64 23 dessa
354 192 96 23 förhällit
468 192 40 28 sig.
538 191 172 23 Vidkommande
726 193 47 22 äter
789 193 42 22 den

85 227 26 22 af
123 227 204 28 kontraktsprosten
342 227 78 22 Hellön
435 227 79 27 gjorda
528 226 131 28 beräkning,
675 227 54 22 huru
744 227 88 28 mycket

85 268 46 15 mer
152 260 162 28 vinstgifvande
337 261 37 21 det
394 267 52 15 vore
465 260 33 22 för
518 260 86 22 bonden
623 263 32 18 att
673 261 33 21 slä
726 261 33 27 sig
774 262 58 27 uppä

86 297 174 26 varutransport,
278 295 38 21 ber
332 295 41 27 jag
388 294 55 21 blott
458 296 33 20 att
505 294 8 21 i
528 294 61 21 detta
603 294 125 22 hänseende
744 295 22 21 fä
779 295 52 22 hän-

86 329 48 22 visa
149 329 32 22 till
197 329 225 28 Wiborgsböndernas
438 329 105 28 exempel.
566 329 43 21 Det
625 331 24 18 är
664 329 109 27 nemligen
785 329 47 22 fak-

86 363 63 28 tiskt,
169 365 32 20 att
215 363 131 28 jordbruket
363 363 40 22 hos
418 363 64 22 desse
497 363 46 21 helt
558 362 40 22 och
614 363 67 22 hället
695 364 48 27 gätt
758 364 74 29 under,

86 398 69 22 sedan
170 398 28 22 de
213 398 66 27 slagit
292 398 35 27 sig
342 398 58 28 uppä
415 398 71 21 denna
500 397 103 29 industri,
619 398 40 22 och
675 400 32 20 att
718 398 27 22 de
755 399 79 28 sjelfva

87 433 63 22 äfven
171 433 125 28 derigenom
316 432 71 22 blifvit
402 433 86 27 ganska
502 432 123 28 utarmade,
642 434 30 20 ett
687 433 146 30 förhållande,

87 474 46 15 som
163 467 65 22 äfven
259 467 93 22 drabbat
378 469 192 26 entreprenörerne
597 473 50 16 men
673 467 84 25 hvilket
783 476 50 15 man

87 505 57 18 ännu
179 502 71 27 aldrig
283 503 42 20 sett
354 501 132 29 uppkomma
515 509 78 20 genom
628 501 205 30 hällskjutsningen.

87 536 108 27 Slutligen
216 536 39 22 vill
273 536 42 27 jag
337 538 58 20 ännu
417 536 72 22 säsom
512 538 31 19 ett
563 536 78 27 tillägg
661 536 32 21 till
712 537 47 22 mitt
776 537 58 23 förra

87 570 141 27 andragande
248 571 86 21 anföra:
353 570 22 28 1)
394 572 41 26 att,
457 577 34 15 om
508 570 137 28 skjutslegan
661 571 71 22 blefve
747 571 87 29 förhöjd

86 607 15 20 t.
117 612 33 15 ex.
166 605 50 21 med
231 605 28 21 50
273 607 99 26 procent,
389 605 60 21 detta
464 605 86 21 komme
566 606 32 20 att
613 605 66 22 hafva
693 612 27 15 en
733 605 100 24 fullkom-

86 640 41 27 ligt
146 641 89 20 motsatt
254 639 82 22 verkan
355 641 57 20 emot
429 639 58 22 hvad
505 639 90 22 dermed
616 639 102 29 äsyftats,
741 641 93 22 emedan

87 681 27 15 en
130 676 44 20 stor
189 673 36 23 del
240 674 103 28 resande,
360 681 46 15 som
421 681 80 15 annars
512 674 111 28 begagnat
633 674 35 28 sig
678 675 24 21 af
710 675 123 29 hällskjuts,

87 710 6 20 i
109 709 80 22 sädant
211 709 38 21 fall
271 709 128 27 antagligen
421 709 86 21 komme
526 710 32 20 att
578 709 51 27 lega
649 709 52 22 eller
719 711 28 27 pä
767 714 67 18 annat

87 746 44 20 sätt
153 743 121 22 ackordera
295 744 34 27 sig
350 743 50 22 häst
422 743 32 22 för
478 744 49 21 sina
548 750 66 21 resor,
638 746 55 19 samt
714 744 22 29 2)
756 746 31 20 att
803 747 31 20 ett

87 778 124 27 stadgande
226 777 66 22 borde
308 778 40 20 här
362 777 62 28 ingä,
440 784 46 15 som
501 777 50 22 med
566 779 124 26 strängaste
703 785 80 15 ansvar
793 779 41 22 för-

87 812 65 28 bjöde
169 812 80 21 enhvar
265 814 31 19 att
311 812 29 28 pä
355 812 87 21 kortare
457 812 32 21 tid
504 814 28 19 än
544 818 26 15 en
581 812 73 21 timme
665 812 170 29 tillryggalägga

88 854 27 14 en
135 846 109 28 väglängd
260 846 25 22 af
298 853 26 15 en
340 846 46 28 mil,
403 848 31 20 ett
449 846 132 28 stadgande,
598 853 45 15 som
655 846 41 28 jag
712 847 63 22 äfven
791 850 44 20 tror

87 881 116 27 meningen
221 880 66 22 hafva
304 880 56 22 varit
380 882 32 20 att
427 880 31 22 uti
473 880 150 22 betänkandet
637 880 114 29 inrymma,
769 882 66 22 ehuru

88 916 37 21 det
140 915 125 22 sedermera
280 914 25 22 af
309 909 108 33 glömska
433 914 62 22 torde
511 914 116 29 uteblifvit;
643 914 61 23 detta
714 916 121 28 stadgande

88 957 64 15 anser
167 950 41 27 jag
228 950 25 21 sä
271 949 88 29 mycket
377 949 174 29 nödvändigare,
574 956 45 16 som
636 950 47 28 just
703 950 36 29 de,
760 951 76 23 hvilka

89 985 37 21 det
144 984 67 22 borde
229 984 122 22 tillkomma
369 986 33 20 att
420 984 58 23 vaka
497 984 104 28 deröfver,
623 986 32 20 att
669 984 102 23 hästarne
785 986 51 22 icke

89 1019 146 23 misshandlas
251 1019 40 21 och
307 1019 200 28 öfveransträngas,
524 1019 46 21 ofta
585 1019 43 21 åka
639 1020 145 22 allrahärdast
795 1021 41 21 och

89 1054 126 22 tillochmed
223 1054 120 28 skrytsamt
352 1054 90 28 omtala,
456 1054 53 21 huru
518 1054 79 21 snabbt
605 1054 28 21 de
640 1054 67 28 pläga
717 1054 47 22 fara
774 1054 61 22 fram.

156 1088 144 28 Vicepastorn
320 1095 48 15 von
389 1088 82 22 Essen
491 1088 70 27 ansåg
576 1088 42 22 den
634 1088 67 22 redan
716 1096 44 20 nog
775 1089 62 28 långt

89 1124 108 26 utdragna
212 1122 153 22 diskussionen
380 1122 75 27 härom
465 1123 61 27 ligga
536 1123 67 27 nägot
613 1123 28 27 pä
652 1123 62 21 sidan
726 1123 24 21 af
758 1123 79 27 sjelfva

89 1158 168 27 hufvudfrägan,
279 1157 92 22 emedan
391 1157 37 21 det
447 1157 19 27 ej
488 1164 28 14 nu
536 1157 73 27 gällde
629 1159 32 19 att
676 1156 75 28 afgöra
766 1158 69 21 antin-

89 1200 43 20 gen
147 1192 169 28 entreprenader
330 1192 54 21 eller
398 1192 37 21 det
449 1191 127 22 nuvarande
591 1193 66 20 sättet
673 1191 32 22 för
715 1192 121 26 utgörande

90 1227 25 21 af
122 1227 199 27 hällskjutsningen
332 1233 50 15 vore
394 1228 31 20 att
436 1226 124 28 föredraga,
572 1226 29 22 dä
611 1226 118 27 kejserliga
739 1227 96 27 proposi-

89 1262 73 21 tionen
186 1261 19 28 ej
229 1261 75 22 derom
326 1261 94 22 nämnde
443 1263 31 20 ett
496 1261 48 28 ord,
564 1260 100 23 hvarföre
683 1260 154 23 diskussionen

89 1297 75 21 härom
180 1296 19 27 ej
215 1296 68 22 borde
298 1296 127 28 ytterligare
440 1296 120 27 förlängas,
573 1295 137 28 synnerligen
722 1303 46 14 som
779 1297 58 21 stän-

91 1331 37 22 det
145 1330 68 22 redan
231 1331 67 28 förut,
317 1337 79 21 genom
414 1332 32 19 att
464 1331 24 21 af
505 1330 206 21 brännvinsaccisen
732 1331 63 21 anslå
810 1338 27 15 en

91 1364 99 28 betydlig
201 1372 83 14 summa
294 1365 32 21 till
337 1367 143 25 uppmuntran
489 1365 33 21 för
530 1364 308 29 entreprenadskjutsningen
833 1360 10 37 ,

92 1398 109 22 bestämdt
220 1399 80 20 uttalat
320 1398 33 21 sin
373 1399 58 26 äsigt
450 1399 7 20 i
478 1399 78 26 saken;
576 1400 53 19 utan
649 1398 66 21 borde
735 1405 29 14 nu
782 1398 56 21 blott

91 1432 98 28 afgöras,
209 1432 91 23 hurvida
318 1431 138 31 förhöjandet
475 1432 24 22 af
512 1432 136 28 skjutslegan
663 1439 51 14 vore
729 1431 25 22 af
766 1432 72 22 nöden
