1031 1764
781 121 39 21 795

98 185 64 22 äfven
186 185 57 22 inom
266 185 27 22 de
316 186 69 27 öfriga
404 186 74 22 stiften
494 186 73 22 kunde
583 186 68 28 enligt
667 189 99 26 prostens
781 187 68 21 tanke

98 220 87 27 vinnas,
209 227 33 15 om
265 220 169 28 ifrågavarande
453 220 83 28 förslag
552 220 32 22 till
600 221 134 28 behandling
749 221 37 22 vid
803 221 45 21 blif-

98 254 72 22 vande
190 256 132 26 prestmöten
343 254 179 22 öfverlemnades.
553 255 139 21 Beträffande
713 255 78 28 sjelfva
807 255 41 22 för-

98 288 71 28 slaget
189 288 50 22 ville
260 290 87 26 prosten
368 288 78 22 endast
466 288 116 26 anmärka,
603 291 32 19 att
654 290 74 27 valen,
746 289 32 22 till
793 289 55 22 före-

98 322 132 22 kommande
243 322 65 22 deraf
316 324 32 20 att
358 324 108 26 rösterna,
478 323 72 21 såsom
562 322 36 22 det
609 323 45 21 ofta
665 323 77 28 händt,
754 324 94 28 splittra-

98 357 39 22 des
160 357 29 28 på
211 359 30 19 ett
261 359 54 19 stort
334 357 59 21 antal
409 363 109 22 personer,
535 357 19 27 ej
572 357 66 22 borde
655 358 39 21 ske
710 358 138 28 prosterivis,

97 394 53 19 utan
171 391 24 21 af
213 391 72 22 skilda
305 391 156 29 valdistrikter,
478 391 61 22 hvari
555 391 75 29 hvarje
645 392 46 22 stift
706 392 67 22 borde
789 392 59 22 inde-

97 426 44 28 las,
162 426 40 22 och
223 425 70 23 skulle
314 426 67 21 sedan
401 425 47 22 från
465 426 74 28 hvarje
556 426 125 22 valdistrikt
697 429 31 19 ett
743 427 54 22 visst
812 434 36 14 an-

98 461 30 22 tal
150 460 133 29 deputerade
303 462 66 20 utses.
400 461 90 21 Prosten
510 461 70 28 ansåg
600 463 32 19 att
651 463 14 19 t.
687 468 33 15 ex.
740 455 47 28 Åbo
804 461 45 23 stift

98 495 74 22 kunde
194 495 62 22 delas
278 495 6 21 i
307 494 48 30 fyra
377 494 149 23 valdistrikter
548 495 40 22 och
612 496 27 21 de
663 496 68 28 öfriga
753 496 96 22 stiften
837 490 16 39 i

98 537 84 15 samma
197 529 144 23 förhållande.

167 564 111 29 Biskopen
298 565 141 22 Frosterus
454 565 60 28 ville,
531 565 33 22 för
580 565 41 22 den
637 565 106 22 händelse
759 567 32 20 att
806 572 43 15 me-

98 600 81 27 ningen
197 606 50 15 vore
266 601 33 20 att
317 606 28 15 nu
365 599 68 22 redan
449 599 55 22 fatta
519 599 71 22 beslut
606 606 34 15 om
656 599 117 28 förslagets
789 602 60 20 anta-

98 634 73 28 gande
191 634 53 21 eller
264 633 150 29 förkastande,
435 636 120 26 protestera
576 634 106 28 deremot,
703 637 53 19 enär
771 641 78 22 genom

98 669 105 27 förslaget
219 667 112 29 åsyftades
346 668 25 22 så
385 668 184 29 genomgripande
583 668 152 29 förändringar
745 669 7 21 i
764 669 85 22 hittills-

98 703 98 22 varande
212 703 89 28 valsätt,
318 705 32 19 att
365 703 164 28 presterskapet
544 703 7 22 i
567 703 34 22 sin
616 703 75 22 helhet
705 703 144 28 nödvändigt-

98 738 33 21 vis
151 737 99 22 deröfver
269 737 68 22 borde
357 737 65 22 höras
440 740 57 19 samt
512 738 91 21 emedan
620 737 60 22 tiden
695 745 38 14 var
749 738 25 21 så
789 738 58 28 kort,

98 774 32 20 att
147 772 124 22 diskussion
287 772 75 22 härom
377 779 29 14 nu
422 772 18 28 ej
459 772 66 22 borde
540 772 166 28 ifrågakomma.

167 807 90 22 Prosten
274 806 74 22 Sulin
363 805 98 29 yttrade:
477 806 43 21 För
535 806 43 21 min
595 805 36 23 del
646 813 65 14 anser
723 806 41 27 jag
775 806 42 21 den
828 806 25 21 af

98 841 124 29 professorn
243 841 122 21 Schauman
385 840 126 28 föreslagna
531 841 121 27 ordningen
672 841 32 21 till
722 840 127 28 landtdags-

98 875 149 28 fullmäktiges
263 875 103 28 väljande
381 875 50 21 icke
447 882 53 14 vara
514 875 49 22 fullt
578 875 214 26 tillfredsställande,
809 875 39 22 och

100 910 37 22 det
152 910 25 21 af
189 909 98 28 följande
302 909 59 22 skäl:

169 945 22 28 1)
214 945 59 21 vissa
295 944 123 22 landsorter
440 944 40 21 och
502 943 110 23 måhända
635 945 31 20 ett
686 943 45 22 helt
746 944 36 21 län
799 944 52 22 eller

99 980 52 22 flere
174 979 117 29 prosterier
313 978 74 22 kunde
411 978 125 28 derigenom
560 978 67 22 blifva
651 978 91 22 alldeles
765 985 84 21 orepre-

100 1014 124 28 senterade,
245 1014 122 27 hvaremot,
388 1013 135 22 beträffande
540 1013 68 22 andra
624 1014 63 26 orter,
704 1013 58 21 valet
777 1012 73 22 kunde

99 1049 54 22 falla
167 1049 30 28 på
212 1048 37 22 två
263 1048 53 22 eller
326 1048 51 22 flere
388 1054 104 22 personer
502 1048 47 22 från
561 1050 31 20 ett
602 1047 41 22 och
655 1054 82 15 samma
747 1047 102 29 prosteri,

99 1084 95 22 änskönt
214 1083 37 22 det
270 1083 68 22 likväl
356 1083 61 22 torde
438 1090 53 15 vara
510 1082 64 28 högst
594 1082 85 28 nödigt,
701 1084 33 20 att
749 1082 100 22 fullmäk-

100 1119 45 27 tige
166 1117 163 23 sammanträda
347 1117 56 22 ifrån
424 1118 44 21 alla
488 1117 60 22 delar
564 1116 24 23 af
599 1116 85 27 landet,
701 1116 92 22 emedan
808 1116 42 22 för-

100 1152 118 22 hållanden
234 1152 40 22 och
289 1152 108 22 intressen
412 1152 6 20 i
434 1152 80 28 många
529 1154 57 19 orter
602 1150 24 22 af
636 1151 49 21 vårt
695 1150 155 22 fädernesland

101 1190 38 19 äro
160 1186 153 28 väsendtligen
333 1186 69 28 olika;
419 1188 20 24 2)
459 1186 70 22 skulle
545 1186 37 21 det
597 1185 125 27 föreslagna
737 1186 66 21 sättet
819 1186 32 20 att

100 1222 61 27 välja
175 1220 256 28 landtdagsfullmäktige
447 1220 113 22 förorsaka
575 1220 81 27 många
672 1219 39 22 och
722 1219 129 27 betänkliga

100 1255 156 28 ledsamheter;
276 1255 22 29 3)
319 1254 71 22 skulle
410 1254 154 28 skyldigheten
583 1254 33 22 för
638 1253 157 29 kapellanerne
819 1255 32 19 att

100 1290 61 28 välja
182 1289 244 29 landtdagsfallmäktig
448 1288 67 23 blifva
538 1288 145 28 obligatorisk
702 1287 40 22 och
758 1287 93 22 sålunda

100 1325 8 22 i
122 1325 79 28 högsta
216 1324 67 22 måtto
300 1324 121 29 tryckande
436 1323 33 22 för
484 1324 72 21 denna
572 1322 33 22 till
621 1329 27 15 en
664 1324 45 20 stor
719 1322 35 21 del
765 1321 86 28 ganska

102 1362 64 25 svagt
181 1359 101 22 aflönade
297 1358 231 29 tjenstemannaklass.

169 1394 31 21 Af
212 1394 69 21 sädan
297 1394 119 27 anledning
431 1394 68 27 vägar
513 1393 40 21 hos
569 1392 37 21 det
616 1391 137 28 högvördiga
763 1391 88 22 ständet

98 1428 43 29 jag
154 1427 91 23 föreslå:
