1017 1809
216 141 41 21 130

188 214 35 14 n:o
238 206 21 27 6,
277 202 114 29 angående
406 200 161 29 ägostyckning
585 200 40 22 och
640 200 180 28 jordafsöndring
835 200 13 22 å
862 199 75 23 frälse-

188 240 40 22 och
249 238 174 24 skattehemman
442 237 56 20 samt
516 233 105 29 legoaftal
640 240 34 15 om
693 234 72 27 någon
785 233 35 22 del
839 233 25 22 af
880 233 58 22 slika

188 274 135 29 lägenheter,
340 272 121 21 detsamma
475 268 50 23 med
536 268 97 29 följande
644 268 152 28 förändringar
808 268 40 22 och
859 268 79 28 tillägg

189 310 122 29 godkännt,
330 306 119 27 nemligen:
466 305 13 27 8
495 305 10 20 1
522 304 67 27 enligt
604 303 37 22 det
657 303 24 22 af
693 303 107 22 utskottet
814 303 73 23 såsom
899 303 38 22 vil-

188 345 41 22 kor
246 343 33 22 för
299 349 27 15 en
342 338 171 31 sjelfbestående
529 338 104 28 lägenhet
648 338 125 28 föreslagna
789 337 69 22 andra
873 338 65 21 alter-

188 379 70 28 nativ,
278 377 53 22 eller
349 377 31 20 att
399 374 65 22 minst
485 375 32 20 tre
536 373 112 22 fullvuxna
667 373 38 22 och
725 372 121 23 arbetsföra
864 379 73 22 perso-

188 421 39 14 ner
246 412 67 22 borde
331 411 48 21 från
401 409 69 22 sådan
489 408 74 21 kunna
580 407 100 29 påräkna
699 414 26 15 en
745 407 65 22 säker
830 407 106 28 utkomst,

190 448 110 22 äfvensom
316 445 50 22 med
381 443 78 28 tillägg
475 442 54 22 efter
542 442 62 22 ordet
620 441 174 22 skattehemman
812 442 41 28 ,på
870 443 67 20 annat

189 485 43 20 sätt
252 484 27 19 än
298 486 78 22 genom
394 477 142 28 lägenhetens
554 476 110 29 klyfning;
684 476 89 22 hvarom
791 479 24 19 är
832 475 106 23 särskildt

189 515 126 29 stadgadt;*
340 515 27 26 $$
383 512 55 23 2—5
455 514 92 25 antogos
569 511 145 22 oförändrade
733 511 68 28 enligt
819 511 118 22 utskottets

188 549 150 28 betänkande;
363 549 12 26 $
400 549 12 20 6
436 546 71 23 skulle
531 546 83 22 erhälla
636 545 98 28 följande
756 545 95 29 lydelse:
880 545 56 27 ,Vill

187 587 73 27 någon
281 591 79 22 genom
384 581 111 28 inlösning
513 581 25 21 af
553 580 63 22 mark
636 580 56 22 ifrån
711 581 38 21 två
768 580 53 22 eller
839 580 54 22 flera
911 581 25 21 sä

186 619 129 24 beskaffade
333 618 111 27 hemman,
464 623 45 14 som
527 615 7 22 i
553 617 11 20 1
585 617 12 25 &
614 617 37 20 äro
667 615 105 28 nämnde,
789 615 60 22 bilda
865 622 26 15 en
907 622 29 21 ny

187 653 139 31 sjelfständig
344 651 103 28 lägenhet
465 650 68 22 under
551 649 49 22 de
594 645 14 43 i
617 657 83 14 samma
723 651 12 26 $
758 649 115 22 bestämda
896 649 41 22 vil-

186 691 48 27 kor,
253 695 52 16 vare
325 687 36 22 dot
379 686 89 27 tillätet,
489 684 89 23 säframt
597 684 44 22 alla
660 684 65 22 dessa
744 684 101 22 hemman
860 687 37 19 äro
913 683 25 22 af

186 726 46 21 lika
248 725 63 20 natur
326 721 40 23 och
380 721 61 27 ligga
452 720 7 21 i
471 720 24 21 rä
506 719 49 22 med
568 719 123 21 hvarandra
703 719 52 22 eller
767 721 77 26 utgöra
856 726 78 21 genom

186 759 101 29 klyfning
306 757 115 22 tillkomna
441 754 61 22 delar
517 753 25 22 af
555 761 83 14 samma
653 753 221 29 hemmansnummer;
895 753 40 22 och

187 794 59 29 gälle
264 792 64 23 äfven
348 791 33 21 för
399 789 77 29 dylika
494 788 39 22 fall
550 788 39 22 allt
607 788 59 21 hvad
681 789 7 20 i
703 789 23 27 2,
743 789 24 27 3,
783 789 23 27 4,
822 788 40 22 och
878 788 12 22 5
907 789 27 26 $$

186 833 24 18 är
232 826 113 29 stadgadt;
367 826 12 26 $
396 826 11 19 7
424 823 129 29 godkändes
569 823 68 28 enligt
651 823 118 22 utskottets
784 823 151 28 betänkande;

185 866 13 26 8
214 865 12 20 8
242 864 78 25 antogs
335 859 50 23 med
401 859 36 22 det
453 859 86 27 tillägg,
555 861 32 18 att
603 858 63 21 äfven
681 858 83 28 urfjell,
780 865 46 14 som
842 861 24 18 är
881 857 53 23 min-

186 899 37 23 dre
247 901 28 19 än
296 897 49 28 fyra
363 893 116 30 tunnland,
495 893 57 28 finge
572 893 47 22 frän
640 893 104 28 lägenhet
762 893 110 28 afskiljas;
894 892 40 23 och

185 935 27 26 83
230 933 69 22 9—13
316 931 83 22 sådana
415 929 27 22 de
458 928 24 22 af
495 929 105 21 utskottet
615 928 131 27 föreslagits.

251 968 22 27 3)
289 966 25 22 af
327 971 83 24 samma
429 963 53 28 dag,
503 963 154 22 innehållande
672 963 130 27 inbjudning
816 963 33 21 till
865 962 69 22 delta-

182 1002 72 29 gande
274 1001 8 22 i
304 999 137 27 underdånig
462 997 91 29 petition
577 997 84 28 derom,
682 999 32 20 att
732 997 61 22 Hans
808 997 124 28 Kejserliga

182 1037 102 28 Majestät
300 1035 85 22 täcktes
401 1034 13 21 å
429 1034 64 21 nästa
503 1032 108 27 landtdag
622 1032 113 27 förelägga
745 1031 87 23 landets
844 1031 89 22 ständer

182 1072 67 27 nådig
267 1069 133 30 proposition
420 1075 34 14 om
473 1067 79 22 sådant
568 1067 133 27 stadgande,
719 1068 31 19 att
766 1066 118 22 ständerna
899 1067 33 20 in-

182 1106 87 29 rymdes
284 1107 43 20 rätt
343 1105 31 20 att
393 1103 3 21 i
412 1101 87 23 samråd
515 1101 49 22 med
576 1101 128 28 regeringen
717 1101 122 22 bestämma
855 1101 27 22 de
893 1101 38 21 all-

181 1143 80 20 männa
276 1138 99 30 grunder,
393 1136 109 22 hvarefter
517 1135 158 30 tullafgifterna
690 1135 67 22 borde
769 1135 110 22 debiteras
890 1135 40 22 och

181 1175 116 29 uppbäras.
326 1171 129 23 Bordlades.

248 1209 27 28 B)
290 1208 47 21 från
353 1206 111 27 vällofliga
479 1205 192 28 borgareståndet:

248 1243 24 22 af
285 1243 42 21 den
343 1243 26 20 22
386 1240 92 22 februari
493 1239 50 22 med
553 1239 158 22 underrättelse
725 1241 32 20 att
774 1239 98 29 ståndet,
884 1246 45 15 som

179 1279 33 22 till
235 1277 77 28 åtgärd
327 1275 94 22 förehaft
437 1277 156 20 sammansatta
612 1275 45 26 lag-
674 1274 40 21 och
731 1273 198 23 ekonomieutskot-

178 1315 43 20 tets
237 1310 139 24 betänkande
392 1310 7 21 i
415 1309 118 28 anledning
549 1309 25 21 af
585 1309 82 27 nådiga
683 1308 162 28 propositionen
862 1309 66 27 angå-

179 1347 55 20 ende
250 1345 161 27 ägostyckning
426 1343 40 21 och
478 1343 181 26 jordafsöndring
675 1343 12 20 å
703 1343 74 20 frälse-
794 1342 40 21 och
845 1343 82 21 skatte-

177 1380 100 21 hemman
296 1380 57 19 samt
372 1376 105 27 legoaftal
494 1383 34 14 om
543 1377 73 26 någon
632 1376 35 21 del
683 1375 25 22 af
721 1376 57 21 slika
793 1375 134 28 lägenheter,

177 1413 75 23 dervid
269 1412 84 27 antagit
373 1411 36 22 det
428 1410 117 23 alternativ
559 1409 25 23 af
596 1410 118 22 utskottets
729 1409 83 28 förslag
826 1409 34 22 till
876 1411 12 26 &
906 1411 20 27 1,

177 1449 68 28 enligt
259 1447 84 23 hvilket
357 1445 118 30 styckning
490 1444 24 23 af
527 1444 74 24 frälse-
611 1444 40 23 och
667 1444 174 23 skattehemman
857 1444 33 23 får
903 1445 25 22 så
