1023 1742
203 132 26 20 58

174 197 45 21 står
237 196 109 27 nemligen
361 196 7 21 i
384 196 25 22 så
429 199 53 18 nära
501 196 158 28 sammanhang
675 197 49 21 med
740 197 42 21 den
799 204 33 14 om
849 197 74 29 kyrko-

174 232 72 20 tukten
265 231 7 21 i
296 230 129 28 allmänhet,
445 231 39 21 och
505 230 71 22 denna
595 231 46 21 åter
660 231 49 21 med
729 232 27 20 de
775 231 33 22 för
826 232 98 28 kyrkans

173 264 146 28 sjelfbestånd
349 265 154 28 grundvigtiga
533 265 140 27 lifsfrågorna
697 273 34 13 om
755 266 169 27 religionsfrihet

173 299 40 21 och
229 299 98 28 kyrkans
343 300 142 26 gvilibrium
501 300 49 20 med
566 302 81 25 staten,
664 302 31 19 att
711 300 27 21 de
754 300 36 21 vid
806 307 27 14 en
845 300 79 28 grund-

172 333 69 27 ligare
259 333 134 27 behandling
409 334 48 21 icke
474 334 74 21 kunna
563 334 78 27 skiljas
657 334 46 21 från
719 334 130 22 hvarandra.
877 334 46 22 Och

174 374 46 14 som
241 367 74 29 dessa,
335 368 78 21 liksom
433 368 42 21 alla
494 370 48 19 rent
561 368 103 28 kyrkliga
682 368 81 28 frågor,
783 369 54 21 höra
857 369 67 21 under

173 401 138 22 bedömande
331 402 25 21 af
373 405 31 18 ett
423 406 46 17 rent
490 403 92 28 kyrkligt
593 403 84 27 forum,
695 410 48 14 men
759 403 79 21 sådant
853 403 7 21 i
876 404 48 20 vårt

173 436 53 21 land
249 438 58 19 ännu
325 436 49 21 icke
392 436 79 28 finnes,
491 437 68 27 vågar
581 436 41 28 jag
641 437 136 22 vördsamast
803 438 65 27 yrka,
892 439 32 19 att

173 470 178 27 organisationen
372 470 25 21 af
415 472 30 20 ett
467 470 89 29 sådant,
579 470 49 22 med
647 471 119 27 anledning
785 472 24 20 af
826 471 36 21 det
880 478 44 21 nya

172 504 238 28 kyrkolagsförslagets
430 505 61 21 XXV
512 505 82 27 kapitel
617 505 54 26 ,Om
686 505 153 28 kyrkomöte",
861 506 62 20 fram-

172 538 74 22 förallt
256 539 60 28 först
333 539 40 21 och
391 540 72 20 allena
481 539 35 21 vid
537 539 72 21 denna
628 539 107 27 landtdag
754 540 67 21 måtte
837 540 88 21 komma

173 573 69 21 under
257 573 166 27 öfverläggning
439 573 39 21 och
495 573 130 28 afgörande,
642 574 50 27 och,
709 574 68 21 sedan
789 574 72 21 denna
872 581 51 14 vun-

173 607 32 21 nit
225 607 77 27 nödigt
324 607 141 22 erkännande
489 608 40 21 och
548 608 151 27 stadfästelse,
719 608 42 21 den
780 608 143 21 förevarande

169 641 70 27 jemte
257 642 44 20 alla
317 642 69 20 andra
400 644 48 18 rent
463 642 104 28 kyrkliga
583 641 73 28 frågor
670 642 54 21 först
740 642 31 21 dit
786 642 137 27 hänskjutas.

240 676 81 20 Finner
340 676 135 27 högvördiga
496 675 89 22 ståndet
605 676 34 27 sig
659 676 54 21 böra
735 676 99 22 förkasta
853 676 70 28 detta,

172 710 73 21 såsom
264 710 43 27 mig
326 717 73 21 synes,
421 710 84 27 vigtiga
523 710 92 28 förslag,
636 710 98 22 anhåller
745 710 42 28 jag
802 712 32 19 att
848 710 75 22 vidare

173 744 40 21 och
229 746 99 19 närmare
343 744 22 21 få
383 746 59 26 yttra
457 744 44 28 mig
517 744 92 22 rörande
625 744 168 28 ifrågavarande
808 745 115 27 principer.

241 813 35 21 Då
295 813 54 21 härå
369 820 26 14 en
415 813 137 29 deputation,
569 813 68 22 under
653 813 119 21 anförande
788 813 25 21 af
825 813 98 28 dompro-

171 849 49 19 sten
235 847 101 27 Renvall,
353 847 73 27 afgick
441 847 33 22 för
489 850 33 19 att
540 848 33 21 till
593 848 28 20 de
640 848 123 27 respektive
780 848 143 21 medstånden

172 881 139 27 öfverbringa
330 881 159 22 underrättelse
510 889 34 14 om
567 881 208 22 ofvanomförmälde
791 884 80 19 tvänne
887 882 37 21 be-

171 915 54 28 slut,
253 915 84 22 afbröts
357 915 7 21 i
385 915 110 22 anseende
515 916 33 21 till
568 916 81 21 sakens
672 916 45 27 vigt
740 916 42 21 den
802 916 121 28 påbörjade

172 949 163 28 diskussionen,
359 949 40 22 och
417 950 113 27 upplästes
550 950 33 21 till
595 950 110 27 justering
720 951 110 21 särskilda
845 950 79 27 utdrag

172 990 25 15 ur
211 983 132 28 protokollet
358 983 33 22 för
407 984 41 21 den
465 985 12 20 3
492 984 89 22 dennes.

241 1017 73 22 Sedan
331 1018 88 21 dermed
434 1018 88 22 hunnits
536 1019 33 21 till
586 1019 43 21 slut
645 1019 40 21 och
701 1019 155 28 deputationen
867 1019 55 21 åter-

172 1051 77 28 vändt,
265 1052 112 21 fortsattes
393 1052 41 21 den
450 1053 104 21 afbrutna
570 1053 165 27 diskussionen,
751 1053 76 21 dervid

239 1086 159 28 Kyrkoherden
409 1087 26 21 A.
448 1087 98 22 Heikel
558 1087 97 28 yttrade:
668 1088 91 21 Prosten
773 1087 70 22 Julius
851 1087 71 28 Bergh

171 1120 40 21 har
222 1121 59 21 velat
293 1121 134 27 suspendera
444 1121 72 21 denna
532 1121 83 28 vigtiga
631 1121 72 28 frågas
720 1121 119 28 afgörande
851 1122 32 21 till
897 1129 26 14 en

170 1154 62 27 långt
247 1155 98 27 aflägsen
361 1155 97 28 framtid,
474 1156 6 21 i
497 1155 37 22 det
550 1156 42 21 han
611 1156 122 27 föreslagit,
751 1159 31 18 att
797 1156 126 22 densamma

170 1189 71 21 skulle
266 1189 130 28 uppskjutas
425 1189 44 22 tills
495 1192 30 19 ett
548 1190 110 21 blifvande
681 1191 139 27 kyrkomöte,
840 1190 83 22 hvilket

169 1223 98 21 förordas
290 1223 30 21 uti
343 1223 38 21 det
403 1223 118 22 ständerna
541 1224 128 27 förelaggda
685 1224 236 28 kyrkolagsförslaget,

170 1257 73 21 kunde
262 1264 35 14 om
317 1257 127 22 densamma
459 1259 72 20 såsom
547 1265 34 15 om
593 1265 26 14 en
630 1261 47 18 rent
688 1259 89 27 kyrklig
787 1259 41 21 sak
839 1259 82 27 afgöra.

168 1291 59 25 Men,
249 1291 28 20 då
300 1291 60 20 detta
381 1291 204 28 kyrkolagsförslag
606 1292 78 21 endast
702 1293 33 20 till
751 1293 48 20 sina
816 1293 107 27 principer

168 1324 37 21 vid
228 1324 72 21 denna
320 1325 107 26 landtdag
451 1325 97 22 kommer
566 1328 32 19 att
617 1328 92 25 antagas
729 1327 53 20 eller
802 1326 119 28 förkastas,

166 1357 34 23 för
219 1361 31 18 att
264 1359 36 21 vid
319 1366 27 14 en
365 1359 131 22 kommande
517 1360 107 27 landtdag
639 1361 33 20 till
688 1360 48 21 sina
752 1360 93 28 detaljer
861 1360 59 28 afgö-

167 1400 44 20 ras,
228 1393 25 22 så
269 1393 85 22 komme
370 1393 59 22 detta
445 1394 24 22 af
487 1394 37 22 det
540 1395 111 21 allmänna
665 1395 109 21 omdömet
784 1395 136 28 längesedan

167 1427 104 27 utdömda
283 1428 133 28 skamstraff,
429 1429 87 22 hvartill
527 1429 42 22 den
581 1430 165 27 ursprungligen
758 1430 161 28 uppbyggande
