1020 1736
765 125 41 20 443

87 187 112 22 användes
215 188 71 20 säsom
303 187 24 21 af
339 187 45 29 mig
398 194 29 14 nu
442 187 134 29 föreslagits,
591 188 126 28 derigenom
728 188 106 23 bereddes

83 222 148 27 jordägarene
247 227 27 15 en
290 222 85 27 verklig
389 221 105 29 lindring,
510 222 41 22 den
562 222 27 21 de
601 222 64 22 äfven
675 222 77 28 sjelfve
764 223 70 21 skulle

87 258 50 20 veta
152 258 32 19 att
200 255 127 28 uppskatta,
342 256 112 21 hvaremot
468 256 124 28 lindringen
607 256 62 22 torde
679 256 67 22 blifva
757 258 78 20 endast

87 296 26 15 en
130 290 88 27 ehimär,
234 296 35 15 om
285 290 85 22 medlen
385 290 114 21 användas
515 290 40 21 och
566 290 95 22 fördelas
672 291 68 27 enligt
750 291 84 22 utskot-

87 326 42 20 tets
143 323 87 28 förslag.

154 359 90 21 Prosten
259 358 135 28 Grönberg
407 358 63 29 hyste
483 365 83 16 samma
577 359 57 28 äsigt
645 365 46 16 som
701 359 133 28 föregäende

87 393 79 27 talare,
190 399 49 15 men
262 393 75 28 tyckte
357 393 56 22 dock
433 395 32 20 att
486 393 36 22 det
542 393 25 22 af
584 393 106 22 utskottet
709 393 125 28 föreslagna

87 428 101 27 anslaget
203 427 32 21 till
251 427 253 22 kommunikationernas
519 427 164 22 fullkomnande
699 427 67 22 borde
780 428 55 21 ökas

87 464 56 20 samt
158 463 33 20 att
206 461 33 22 for
254 461 65 27 öfrigt
335 461 27 22 de
377 461 68 22 under
460 461 41 22 litt,
526 461 8 22 C
550 461 142 28 uppräknade
703 461 131 22 ändamälen

87 497 67 22 mätte
169 495 103 22 hänföras
287 495 33 22 till
336 496 27 21 de
379 498 55 20 mest
449 495 202 29 maktpäliggande.

155 531 208 27 Kontraktsprosten
378 531 94 21 Hellön
486 537 40 15 var
540 530 7 21 i
563 531 43 21 allo
621 529 26 23 af
653 537 84 15 samma
748 531 87 26 mening

87 564 49 22 med
152 565 205 27 kontraktsprosten
372 564 62 22 Sirén
446 564 84 28 jemväl
546 564 135 22 beträffande
691 564 144 27 lagmännens

87 599 40 22 och
146 598 237 28 häradshöfdingarnes
402 599 170 28 tingsgästning,
591 598 89 22 hvilken
699 598 63 27 afgift
782 599 52 21 kon-

87 633 160 28 traktsprosten
262 633 70 26 ansäg
347 632 25 22 sä
387 633 88 27 mycket
489 633 69 21 hellre
572 633 54 21 böra
641 632 103 22 bekostas
759 632 25 21 af
792 635 43 19 sta-

87 669 47 25 ten,
155 673 46 15 som
220 667 127 21 densamma
358 666 82 27 jemväl
458 666 112 22 drabbade
585 666 43 21 den
643 666 112 27 fattigaste
771 666 63 22 delen

87 701 24 22 af
124 701 165 27 befolkningen,
301 701 27 27 ja
343 700 124 22 tillochmed
479 700 84 23 sädana
573 707 109 22 personer,
693 707 46 15 som
751 700 85 28 ätnjuta

86 735 193 28 fattigunderstöd,
303 736 56 20 samt
382 735 92 22 sälunda
496 734 128 22 föranledde
643 735 33 21 till
692 735 144 22 trakasserier

87 769 40 22 och
141 769 149 28 utsökningar.
319 769 107 28 Anslaget
440 769 26 22 af
477 769 93 28 500,000
583 769 64 21 mark
661 769 33 21 till
710 769 125 28 hällskjuts-

86 805 159 27 ningstungans
260 803 99 22 lättande
373 803 52 22 fann
438 803 204 28 kontraktsprosten
653 803 97 22 särdeles
761 803 73 22 välbe-

87 839 72 27 tänkt,
184 840 56 19 samt
262 838 71 27 ansåg
355 838 63 21 äfven
438 840 33 19 att
487 838 72 21 denna
574 844 83 15 summa
672 845 51 14 vore
739 838 95 21 tillräek-

87 873 31 27 lig
136 874 32 20 att
187 872 101 22 befordra
306 871 210 29 hällskjutsningens
535 872 176 22 öfverlemnande
727 872 23 22 ät
766 874 69 19 entre-

87 909 108 26 prenörer,
211 906 148 28 synnerligast
374 913 35 15 om
425 906 137 28 skjutslegan
577 906 73 22 dertill
661 906 71 22 blefve
742 906 93 28 förhöjd.

88 940 196 28 Gästgifveriernes
303 940 60 22 antal
379 940 95 28 uppgick
489 940 110 28 nemligen
615 940 32 22 till
663 940 91 28 ungefär
770 941 65 27 1000,

87 975 41 22 och
148 975 6 21 i
174 974 104 22 medeltal
297 974 73 22 kunde
389 981 51 15 man
456 974 34 22 för
504 974 76 28 hvarje
594 974 127 28 gästgifveri
739 974 97 22 beräkna

88 1016 27 15 en
135 1009 228 28 entreprenadsumma
382 1008 26 21 af
426 1009 40 21 150
486 1009 67 22 rubel.
583 1008 108 28 Slutligen
711 1009 51 21 ville
783 1009 52 21 kon-

88 1043 159 28 traktsprosten
266 1043 57 22 dock
342 1042 115 28 anmärka,
477 1044 32 20 att
524 1042 89 23 ståndet
628 1042 19 28 ej
664 1042 44 22 förr
722 1043 67 21 borde
806 1042 29 22 öf-

87 1078 67 27 vergä
169 1078 33 21 till
216 1077 163 28 granskningen
395 1076 26 22 af
433 1077 167 28 ifrägavarande
616 1077 173 28 approximativa
799 1077 37 21 be-

88 1111 140 28 stämningar,
246 1114 28 19 än
290 1111 27 22 de
331 1111 165 29 propositioner,
512 1118 46 16 som
574 1111 54 22 härä
643 1111 129 28 inverkade,
789 1111 47 21 blif-

87 1147 32 21 vit
133 1145 128 23 besvarade.

155 1180 159 28 Kyrkoherden
333 1181 152 27 Rosengren
504 1186 40 16 var
564 1180 25 21 af
605 1181 90 20 motsatt
715 1180 58 27 äsigt
792 1182 45 18 mot

89 1215 27 21 de
135 1214 78 27 talare,
231 1220 47 16 som
296 1216 73 20 ansett
389 1214 37 22 det
441 1214 53 22 böra
509 1214 145 22 öfverlemnas
669 1214 24 21 ät
708 1214 128 27 regeringen

88 1250 33 20 att
135 1248 53 22 efter
204 1248 156 27 godtfinnande
375 1248 117 28 disponera
506 1248 96 22 kronans
615 1247 66 22 andel
691 1248 7 21 i
708 1247 128 23 brännvins-

88 1283 98 27 skatten,
205 1282 92 22 emedan
315 1282 153 28 kyrkoherden
487 1282 75 28 tyckte
582 1282 38 21 det
639 1282 60 28 ligga
715 1288 27 16 en
757 1283 79 20 motsä-

88 1317 60 28 gelse
164 1316 57 28 deri,
238 1319 32 19 att
286 1317 127 28 ständerna,
429 1324 45 15 som
489 1316 140 29 petitionerat
645 1324 34 14 om
689 1316 105 28 rättighet
804 1317 33 20 att

89 1358 45 14 mer
152 1354 28 18 än
195 1351 108 21 härintills
319 1351 90 27 deltaga
423 1351 7 21 i
446 1351 180 27 beskattningen,
642 1358 39 20 nu,
697 1350 30 22 dä
740 1349 96 28 regerin-

89 1391 43 20 gen
151 1384 111 28 sjelfmant
281 1384 143 22 öfverlemnat
442 1384 23 21 ät
484 1384 119 22 ständerna
617 1385 33 20 att
665 1384 122 21 bestämma
802 1389 35 15 om

89 1418 155 23 användandet
266 1417 26 23 af
313 1417 168 29 ifrägavarande
505 1417 161 29 skattebidrag,
691 1416 51 23 icke
765 1416 72 22 skulle
