1023 1761
226 142 42 21 476

199 206 52 21 ville
271 205 76 22 dervid
366 204 77 21 endast
463 203 116 28 anmärka,
600 206 32 19 att
650 203 64 22 äfven
729 205 7 20 i
752 204 27 21 de
793 205 95 21 Förenta
903 206 43 20 sta-

199 243 62 18 terna
282 239 8 21 i
312 238 159 22 Nordamerika
493 238 73 28 någon
589 238 90 22 kaution
699 238 49 22 icke
763 238 104 23 erfordas.
897 239 49 22 Men

198 274 33 22 för
254 273 129 28 afgörandet
402 273 24 21 af
442 273 86 27 frågan,
549 272 107 23 huruvida
677 279 26 15 en
723 273 91 22 kaution
835 273 7 21 i
863 272 83 23 föreva-

198 308 67 22 rande
288 308 38 21 fall
349 307 39 22 hos
411 314 35 15 oss
469 307 68 22 borde
560 307 77 22 ställas
653 307 52 22 eller
721 307 29 28 ej,
767 309 24 20 är
807 308 36 21 det
858 307 18 29 ej
893 314 52 22 nog,

199 344 31 20 att
244 342 56 22 blott
316 342 95 28 åberopa
427 342 33 27 sig
475 341 37 22 det
528 348 41 15 ena
585 341 52 22 eller
653 342 36 21 det
700 341 69 22 andra
779 342 85 22 landets
875 348 71 15 exem-

199 377 45 28 pel;
273 376 71 22 dertill
371 375 84 23 fordras
482 375 64 23 äfven
573 377 32 20 att
627 375 118 28 öfverväga
767 376 179 22 beskaffenheten

200 410 25 22 af
244 411 27 21 de
294 410 57 28 skäl,
374 410 29 28 på
425 410 76 22 hvilka
523 417 50 15 man
596 410 29 27 på
646 410 37 22 det
701 417 41 15 ena
758 410 52 22 eller
825 410 38 22 det
878 410 69 22 andra

199 445 74 23 stället
293 444 133 23 föreskrifvit
445 451 26 15 en
492 444 69 23 sådan
581 444 91 22 kaution
692 444 53 22 eller
761 444 55 22 icke.
847 445 34 22 De
897 444 50 23 skäl

200 487 50 15 man
273 479 71 22 anfört
365 479 34 22 för
421 479 118 22 ställandet
562 479 25 22 af
606 478 168 29 ifrågavarande
797 479 90 22 kaution
910 481 37 20 äro

201 515 46 22 dels
270 513 113 30 politiska,
404 513 48 22 dels
467 513 119 28 juridiska.
616 514 34 21 De
669 514 58 21 förra
743 514 29 27 gå
787 514 67 28 derpå
868 516 31 26 ut,
916 516 32 19 att

199 556 50 15 man
273 555 64 16 anser
359 548 37 22 det
418 547 135 28 nödvändigt
576 550 32 20 att
626 547 105 23 förskaffa
749 549 35 27 sig
799 548 103 22 säkerhet
916 549 33 22 för

201 584 125 22 soliditeten
346 582 25 22 af
388 585 31 19 ett
434 583 33 21 för
483 583 36 21 det
534 582 105 28 politiska
654 582 61 22 lifvet
731 583 25 21 så
771 583 79 27 vigtigt
865 583 84 28 företag

201 626 45 16 som
269 618 137 28 utgifvandet
428 617 25 21 af
470 624 27 14 en
512 617 92 28 tidning.
634 618 117 21 Betraktar
765 624 50 15 man
830 618 118 22 kautionen

201 654 46 21 åter
273 653 72 21 såsom
370 651 133 23 förestafvad
529 652 25 21 af
572 651 113 29 juridiska
707 652 58 28 skäl,
789 659 65 15 anses
877 654 72 20 staten

200 688 7 21 i
227 687 54 27 följd
302 686 24 22 af
342 686 32 22 sin
395 686 55 28 pligt
470 688 32 19 att
521 686 68 28 tillse,
610 687 32 20 att
662 686 65 27 ingen
746 686 142 27 medborgare
907 686 42 22 blir

199 721 90 22 lidande
309 723 52 19 utan
381 722 32 19 att
433 720 84 22 erhälla
535 720 201 28 skadeersättning,
756 727 53 15 vara
824 720 124 28 berättigad

201 756 33 21 till
261 762 26 14 en
313 754 70 22 sådan
408 755 112 27 preventiv
548 754 86 28 åtgärd,
661 754 141 28 hvarigenom
826 756 72 21 staten
921 755 28 28 pä

200 789 92 23 förhand
316 791 24 19 är
359 788 115 22 försäkrad
495 796 34 14 om
550 795 27 15 en
597 788 204 29 penningesumma,
823 789 126 23 förmedelst

200 824 89 22 hvilken
314 823 134 29 upprättelse
473 823 44 21 kan
543 823 92 22 beredas
660 823 33 21 för
720 824 43 21 den
785 824 164 28 ärekränkning

201 859 42 21 han
258 858 58 27 lidit,
333 858 111 22 äfvensom
460 859 32 20 att
508 858 64 22 derur
587 858 74 22 kunna
676 857 84 22 erhålla
775 858 96 22 ådömda
881 859 68 21 böter.

200 893 33 21 De
258 892 105 29 politiska
387 891 78 22 skälen
488 899 67 21 synas
577 891 66 22 hafva
665 892 95 21 bestämt
781 892 124 22 införandet
928 893 24 21 af

201 927 91 21 kaution
314 926 8 21 i
344 926 131 28 Frankrike,
499 926 39 22 der
560 926 37 22 det
619 926 84 22 skedde
719 933 78 21 genom
813 933 26 15 en
855 927 36 27 lag
907 927 42 22 den

202 963 11 19 7
233 960 49 29 juni
309 961 66 27 1819,
400 967 79 21 genom
501 961 90 22 hvilken
613 967 106 15 censuren
741 961 145 27 afskaffades,
909 961 40 22 och

202 995 123 22 sedermera
351 994 63 22 äfven
439 995 7 21 i
472 994 28 22 de
524 995 66 28 tyska
615 997 103 20 staterna.
748 996 10 21 I
783 995 102 27 England
911 995 39 22 har

201 1036 50 14 man
275 1029 96 21 deremot
392 1028 82 22 hemtat
497 1030 49 21 stöd
568 1029 33 22 för
623 1029 153 28 stadgandena
798 1029 74 22 härom
895 1030 7 20 i
923 1030 27 22 de

198 1063 111 27 juridiska
331 1063 84 21 skälen.
445 1063 30 21 Af
495 1063 155 29 ordalydelsen
669 1063 31 22 uti
721 1063 42 22 den
783 1064 118 21 ständerna
921 1071 29 15 nu

201 1097 151 28 föreliggande
375 1097 119 28 kejserliga
516 1098 162 28 propositionen
693 1098 52 30 ville
761 1098 36 22 det
813 1105 75 22 synas,
905 1105 46 15 som

201 1138 35 15 om
250 1138 51 14 man
317 1131 7 21 i
340 1130 127 23 densamma
482 1131 36 22 vid
533 1131 37 23 det
581 1132 38 21 der
629 1131 178 22 förekommande
818 1132 133 28 stadgandet

201 1172 35 15 om
261 1164 118 23 kautionen
401 1165 7 21 i
430 1165 69 22 likhet
520 1166 50 21 med
593 1165 43 22 den
658 1165 107 28 engelska
785 1166 165 27 lagstiftningen

201 1200 82 21 hemtat
305 1199 50 22 stöd
377 1199 33 22 för
433 1199 61 22 detta
514 1199 123 28 stadgande
659 1200 7 21 i
689 1199 27 22 de
735 1199 111 28 juridiska
866 1200 84 22 skälen.

201 1235 44 20 Det
259 1234 62 21 heter
332 1233 109 28 nemligen
450 1236 32 19 att
490 1234 52 27 den,
555 1240 46 16 som
612 1234 38 21 vill
661 1233 84 28 utgifva
755 1234 112 27 periodisk
877 1234 73 28 skrift,

202 1268 56 22 skall
272 1267 101 22 nedsätta
387 1274 27 15 en
425 1268 195 28 penningesumma
630 1268 85 26 ,säsom
723 1267 104 22 säkerhet
837 1267 33 22 för
878 1269 27 21 de
915 1268 35 22 bö-

201 1304 33 19 ter
246 1301 40 21 och
295 1301 152 27 ersättningar,
457 1308 56 21 som,
527 1301 46 22 ifall
582 1302 43 21 han
633 1301 36 21 vid
678 1301 136 22 tidskriftens
822 1302 128 26 utgifvande

201 1335 145 27 tilläfventyrs
355 1337 38 24 gör
401 1335 34 27 sig
443 1335 100 21 förfallen
552 1335 34 21 till
595 1335 156 22 öfverträdelse
759 1335 26 21 af
789 1335 38 28 lag
833 1335 39 21 och
879 1335 72 22 denna

201 1368 135 29 förordning,
357 1368 74 22 kunna
446 1369 78 22 honom
540 1369 86 22 derföre
642 1369 111 22 ädömas*.
783 1369 48 22 Men
848 1369 103 23 besinnar

201 1410 60 22 man,
277 1405 32 20 att
324 1403 103 28 beloppet
435 1403 25 22 af
468 1403 41 22 den
518 1405 203 28 penningesumma,
736 1411 46 15 som
791 1404 92 22 sålunda
892 1405 56 22 skall

201 1437 132 30 nedläggas,
352 1439 83 28 uppgår
454 1438 66 29 högst
539 1438 33 23 till
593 1439 64 29 4,000
676 1439 71 29 mark;
766 1446 49 15 men
836 1441 32 20 att
888 1439 62 23 böter
