1020 1714
196 130 41 21 406

167 194 109 28 lighetens
295 194 111 28 synpunkt
424 193 126 23 betraktadt
570 193 66 21 borde
657 193 38 21 det
710 200 52 14 vara
778 193 139 27 temmeligen

168 228 106 28 likgiltigt
296 228 54 21 hvar
372 228 61 22 detta
454 228 105 21 brännvin
581 227 122 29 tillverkas,
725 227 104 28 antingen
845 228 72 22 såsom

167 262 85 22 härtills
267 262 29 28 på
307 262 209 28 jordlägenheterna
531 262 7 21 i
549 262 65 22 smått
625 262 54 21 eller
688 262 29 28 på
727 262 97 22 fabriker
834 262 7 21 i
856 264 61 20 stort.

167 297 51 21 Man
240 296 40 22 har
302 298 50 25 sagt
372 298 33 20 att
427 296 27 22 de
477 297 80 27 många
579 296 47 22 små
645 296 157 22 brännerierna
818 299 38 19 äro
871 296 47 22 lika

168 332 80 26 många
266 330 136 29 plantskolor
420 330 33 22 för
471 330 104 29 fylleriet;
589 337 50 15 men
653 330 128 22 fabrikerna
796 330 64 22 skola
875 338 44 20 nog

170 365 60 21 stifta
252 365 56 28 lika,
330 372 33 14 om
383 366 19 27 ej
424 372 59 15 mera
501 365 125 28 förderfliga
640 365 137 28 plantskolor
790 365 32 21 uti
837 365 82 22 talrika

167 400 169 28 privilegierade
356 400 40 21 och
412 399 180 29 oprivilegierade
609 399 86 27 krogar.
725 399 65 22 Hvad
804 399 34 22 för
853 399 66 28 öfrigt

169 434 103 22 beträffar
286 434 95 22 nämnde
397 434 98 22 omdöme
511 441 34 15 om
561 434 27 22 de
604 434 46 22 små
661 434 165 28 brännerierna,
839 434 25 22 så
873 434 46 22 kan

170 469 61 21 detta
248 469 120 28 ingalunda
386 469 60 27 gälla
461 469 46 21 alla
525 471 63 26 orter,
610 469 40 21 och
669 468 110 28 knappast
797 469 73 27 någon
885 471 34 19 ort

169 506 52 19 utan
242 504 80 27 många
341 503 120 29 undantag.
489 504 30 21 Ur
540 503 130 22 ekonomisk
691 503 111 28 synpunkt
822 504 42 21 blir
882 503 37 22 det

169 538 121 28 ingalunda
304 538 105 28 likgiltigt
424 538 53 22 hvar
491 538 131 23 brännvinet
634 538 120 22 tillverkas.
784 538 35 22 Då
830 538 87 22 skatten

170 573 33 22 till
227 575 71 20 staten
320 573 33 22 för
374 573 77 28 hvarje
473 573 74 22 kanna
566 573 107 22 brännvin
691 573 58 22 skall
763 574 90 27 utgöras
868 573 50 22 med

170 610 14 19 t.
206 615 33 14 ex.
260 609 11 20 1
291 607 71 28 mark,
383 608 25 21 sä
428 607 71 29 torde,
515 607 36 22 vid
568 615 26 14 en
608 607 33 22 till
655 607 169 29 ofvanuppgifne
839 608 79 29 belopp

169 642 136 23 förminskad
323 642 150 28 tillverkning,
493 649 79 16 varans
590 641 103 23 framtida
709 643 43 27 pris
768 643 75 21 kunna
858 645 61 19 anta-

170 684 40 21 gas
226 677 68 22 blifva
307 677 66 22 minst
388 678 14 20 4
416 677 61 22 mark
493 677 98 26 kannan,
607 677 80 21 hvaraf
699 677 152 22 tillverkarens
861 677 59 22 vinst

170 712 71 21 blefve
253 711 91 28 ungefär
354 713 12 20 2
377 711 63 22 mark
451 712 40 21 och
502 711 86 22 således
599 712 29 27 pä
637 711 51 22 hela
697 711 101 29 beloppet
806 713 113 27 8,600,000

170 746 69 21 mark.
269 746 79 22 Denna
373 753 84 15 summa
481 746 72 22 skulle
581 745 86 23 säledes
693 746 113 28 fräntagas
832 746 87 22 landets

166 781 146 27 jordbrukare
331 780 40 22 och
389 780 49 22 med
459 787 38 16 ens
513 780 136 28 öfverflyttas
665 780 33 21 till
714 780 205 29 brännvinsförpak-

170 817 47 20 tare
232 821 79 21 genom
326 815 113 22 införande
455 815 25 21 af
487 814 139 23 uteslutande
638 815 199 29 fabriksbränning.
868 815 51 22 För-

169 850 73 21 lusten
256 849 45 22 kan
317 849 55 22 ökas
388 852 57 19 ännu
460 849 50 22 med
525 850 71 27 nägon
612 849 93 28 million,
722 849 29 22 dä
757 849 163 28 jordbrukaren

170 884 113 22 nödsakas
303 884 33 21 till
356 884 52 27 högt
426 884 44 28 pris
489 884 58 27 köpa
565 884 37 21 sitt
622 883 110 23 hushehof
744 883 25 22 af
781 891 75 15 varan.
885 885 36 21 Då

171 925 51 14 man
239 925 30 15 nu
287 920 36 20 vet
342 920 33 19 att
392 919 93 26 mängen
501 917 147 29 jordbrukare
667 919 56 21 varit
738 919 135 22 urständsatt
889 921 32 19 att

170 953 79 22 lifnära
272 953 34 27 sig
328 952 40 22 och
391 953 34 22 sin
444 952 68 28 familj
536 955 56 19 samt
616 953 91 27 erlägga
726 953 48 22 frän
790 953 131 28 lägenheten

171 987 110 27 utgående
300 993 66 16 onera
386 994 36 15 om
440 987 43 21 han
502 987 19 28 ej
543 986 46 22 haft
609 989 33 19 att
661 987 63 27 tillgå
742 987 85 22 vinsten
842 987 25 22 af
879 987 42 22 till-

171 1021 94 22 verkadt
280 1021 114 28 brännvin,
416 1022 25 21 sä
456 1021 63 28 följer
534 1021 64 22 häraf
611 1023 32 19 att
659 1028 27 15 en
700 1022 82 28 mängd
797 1022 124 28 lägenhets-

171 1055 141 22 innehafvare
332 1056 29 27 pä
380 1056 75 22 landet
473 1058 78 26 genom
570 1055 106 22 förlusten
695 1056 24 21 af
734 1056 73 22 denna
826 1056 96 22 inkomst

172 1090 70 22 mäste
262 1090 29 27 gä
310 1090 47 21 frän
378 1090 40 22 hus
436 1090 40 22 och
493 1089 59 28 hem,
644 1089 29 22 dä
685 1089 131 28 jordbruket
830 1090 40 22 hos
885 1097 36 15 oss

173 1126 58 19 ännu
249 1124 7 20 i
275 1124 119 21 allmänhet
409 1124 46 21 står
469 1124 28 28 pä
513 1131 27 14 en
572 1131 69 21 Fika
655 1124 38 28 låg
708 1124 144 29 ståndpunkt,
868 1125 53 21 hvil-

172 1158 43 21 ken
231 1158 50 22 icke
296 1158 7 21 i
318 1165 28 15 en
361 1158 50 22 bast
426 1158 44 22 kan
485 1158 137 28 upphjelpas.
652 1158 72 22 Alltså
735 1165 62 16 anser
809 1158 38 29 jag
857 1159 65 27 högst

171 1192 137 28 betänkeligt
324 1194 33 20 att
371 1192 110 22 väldsamt
496 1192 40 22 och
552 1194 44 20 mot
612 1192 42 22 den
666 1192 166 28 jordbrukande
846 1194 74 21 allmo-

172 1232 54 21 gens
241 1226 54 28 vilja
309 1226 71 22 införa
394 1226 227 28 fabriksbränningen.
651 1226 44 28 Jag
710 1229 70 19 röstar
794 1227 85 22 derföre
889 1227 34 22 för

172 1261 135 26 antagandet
328 1261 25 21 af
370 1261 161 21 betänkandets
547 1266 78 16 senare
640 1260 122 21 alternativ.
792 1260 44 21 Det
854 1260 69 22 andra

172 1293 82 21 medlet
274 1294 33 21 till
326 1294 106 28 fylleriets
453 1294 129 21 hämmande
603 1294 41 21 och
665 1294 75 21 säkert
760 1294 38 21 det
812 1294 110 22 verksam-

172 1329 70 20 maste
257 1327 42 22 blir
314 1334 27 15 en
356 1327 102 29 stigande
473 1328 133 28 upplysning
621 1328 40 22 och
675 1328 65 22 deraf
746 1328 98 28 följande
855 1328 68 22 civili-

172 1362 78 22 sation.
280 1363 10 21 I
305 1369 84 15 samma
399 1362 50 22 män
460 1362 174 28 okunnighetens
644 1363 87 21 mörker
742 1363 112 29 skingras,
865 1363 58 22 skall

171 1397 70 22 folket
255 1396 70 23 förmå
338 1397 67 30 skilja
420 1397 81 23 mellan
516 1397 53 28 godt
584 1398 40 22 och
640 1398 63 28 ondt,
719 1400 57 20 samt
786 1398 83 28 utvälja
880 1397 42 23 den

172 1432 65 22 bästa
252 1432 70 22 delen.
