1025 1773
219 133 41 21 674

190 201 33 19 ter
238 200 32 19 att
285 198 118 22 medhinna
419 204 27 15 en
461 200 100 20 närmare
576 198 137 27 granskning
728 197 26 22 af
765 198 114 27 förslaget,
895 193 47 37 Yeke

190 233 71 21 skulle
281 232 90 28 onådigt
390 234 97 26 upptaga
503 239 34 15 om
552 232 97 22 talarens
664 232 144 28 ofvangjorda
823 232 84 27 förslag
921 231 25 22 af

190 266 88 23 ståndet
293 269 99 25 antoges.

258 301 92 22 Prosten
365 301 130 28 Alopeus:
511 302 43 27 Jag
569 303 36 20 vet
620 300 49 22 icke
684 308 34 14 om
729 302 41 27 jag
780 303 43 19 rätt
833 300 110 29 uppfattat

192 343 26 15 en
233 336 133 27 föregående
381 336 90 27 talares,
483 336 139 28 vicepastorn
633 342 41 15 von
687 336 92 28 Essens,
790 336 92 27 förslag;
893 342 50 15 men

190 378 34 14 om
240 371 43 21 han
299 370 90 22 dermed
404 370 75 29 afsett,
497 373 31 19 att
542 377 51 15 man
604 370 71 22 skulle
686 372 52 20 utan
749 370 76 22 vidare
836 369 107 23 öfverföra

190 405 131 22 ständernas
340 404 141 28 lagstiftande
500 405 61 21 makt
578 405 7 21 i
604 404 104 22 afseende
724 406 13 20 å
753 405 102 27 kyrkliga
870 404 73 28 frågor

190 440 29 28 på
234 442 32 19 ett
280 439 140 28 kyrkomöte,
437 440 39 20 och
493 441 43 26 att,
554 446 32 15 om
603 439 94 21 beslutet
713 439 24 21 af
746 439 61 21 Hans
818 438 125 28 Kejserliga

189 474 104 28 Majestät
313 473 191 28 sanktionerades,
526 474 60 21 detta
602 476 78 24 genast
696 473 71 21 blefve
783 473 117 28 grundlag,
917 473 26 21 så

190 514 123 16 reserverar
328 507 43 28 jag
389 507 45 28 mig
454 510 45 19 mot
519 510 31 20 ett
570 507 80 22 sådant
668 507 131 23 förfarande.
829 507 26 21 Vi
871 508 71 21 sakna

190 543 36 21 väl
241 543 7 21 i
264 542 53 22 våra
332 541 135 29 grundlagar
482 542 37 22 det
534 542 144 22 välbetänkta
693 542 132 28 stadgande,
842 548 45 15 som
904 542 37 21 fin-

190 584 39 15 nes
244 577 7 21 i
267 576 102 28 Sveriges
385 577 135 28 nuvarande,
537 579 33 19 att
584 579 30 19 ett
625 577 29 28 på
664 584 42 14 ena
716 576 119 28 riksdagen
846 576 6 22 i
863 576 79 28 grund-

189 611 123 29 lagsfrågor
329 610 80 22 fattadt
428 612 71 21 beslut
518 611 49 22 icke
587 611 33 21 får
642 611 58 22 kraft
719 611 24 21 af
760 611 46 28 lag,
823 611 66 21 innan
905 610 37 22 det

190 646 68 22 hvilat
274 646 33 21 till
322 647 65 20 nästa
402 646 91 28 riksdag
509 646 39 22 och
565 646 25 21 af
603 646 29 22 då
642 646 231 22 sammankommande
884 648 58 19 stän-

191 680 38 22 der
251 680 71 22 blifvit
343 683 100 25 antaget;
464 688 47 14 men
534 683 30 19 ett
583 680 79 22 sådant
682 680 125 22 förfarande
827 684 24 18 är
871 680 6 21 i
899 680 42 21 allo

190 714 120 24 önskvärdt
331 714 37 22 vid
391 722 27 14 en
441 715 62 27 fråga
523 714 24 22 af
562 714 42 22 den
622 717 58 20 stora
700 715 45 27 vigt
764 714 33 22 för
816 715 37 21 det
871 714 72 22 finska

190 750 77 27 folket,
287 756 46 15 som
354 749 41 21 den
416 750 21 20 vi
454 756 27 15 nu
496 749 119 22 förehafva.
647 750 88 21 Samma
751 750 48 21 visa
813 750 40 21 och
869 749 73 21 välbe-

190 784 78 22 tänkta
289 784 78 27 ätgärd
385 783 59 22 afses
464 785 6 20 i
492 784 62 22 2:dra
574 791 63 14 mom.
654 784 24 21 af
692 784 41 21 den
749 784 82 28 nädiga
847 783 96 29 proposi-

190 819 80 21 tionen.
301 818 44 28 Jag
365 818 39 22 har
426 818 115 28 ingenting
564 820 58 20 emot
645 820 31 20 att
699 819 21 21 vi
744 826 28 14 nu
795 819 91 27 begära,
907 818 36 21 det

190 853 227 29 kyrkolagsförslaget
428 853 144 22 öfverlemnas
584 853 32 21 till
628 855 31 19 ett
669 853 142 28 kyrkomötes
823 852 118 28 utlåtande,

191 895 48 14 men
258 890 133 25 protesterar
411 890 58 19 emot
489 888 75 28 hvarje
585 889 72 21 beslut
677 895 35 14 om
727 887 178 30 ö&fverflyttandet
921 887 24 22 af

190 922 130 23 ständernas
336 922 212 28 lagstiftningsmakt
563 923 28 28 pä
607 925 31 19 ett
653 923 80 21 sådant
748 925 64 20 möte.

257 957 128 22 Professorn
406 957 145 22 Schauman
573 957 97 29 yttrade,
693 957 36 22 det
749 958 123 27 professorn
893 957 50 21 med

190 991 86 28 verklig
298 991 74 28 glädje
392 991 125 22 förnummit
536 992 137 28 vicepastorn
695 999 42 15 von
757 993 82 21 Essens
860 991 82 28 förslag

190 1028 56 19 samt
262 1028 33 19 att
310 1026 45 21 alla
369 1026 132 27 föregäende
518 1027 69 21 talare
603 1026 93 22 förutom
713 1027 42 21 den
766 1027 52 22 siste
830 1026 46 22 deri
887 1026 53 22 före-

190 1062 38 19 nat
246 1061 39 27 sig.
316 1060 98 28 Kapitlet
430 1067 34 15 om
480 1061 144 28 kyrkomöten
640 1067 39 15 var
694 1061 116 28 onekligen
827 1061 36 21 det
879 1060 63 27 vigti-

190 1097 62 25 gaste
273 1095 7 20 i
301 1094 105 27 förslaget
426 1095 40 21 och
487 1095 72 21 denna
579 1095 74 27 frågas
673 1095 121 27 afgörande
814 1096 25 20 sä
854 1095 88 27 mycket

190 1129 158 27 angelägnare,
365 1135 45 15 som
427 1129 22 21 ät
465 1130 65 21 dessa
545 1131 72 20 möten
630 1129 26 27 ju
671 1130 44 21 förr
731 1130 50 21 dess
795 1130 68 20 hellre
875 1129 66 22 borde

190 1163 145 22 Ofverlemnas
363 1163 194 28 lagstiftningsrätt
584 1164 5 20 i
618 1164 104 27 kyrkliga
749 1163 191 28 angelägenheter.

188 1198 74 21 Ehuru
280 1197 85 22 talaren
384 1197 107 29 förutsäg,
508 1200 32 20 att
551 1200 48 26 just
615 1198 60 22 detta
691 1198 84 28 kapital
791 1198 25 21 af
829 1198 26 21 de
872 1198 69 27 öfriga

189 1232 92 22 ständen
298 1232 155 28 beklagligtvis
470 1233 49 21 icke
536 1233 71 21 skulle
622 1232 69 22 blifva
702 1232 123 28 godkändt,
837 1232 104 22 förenade

188 1267 86 21 talaren
290 1266 34 27 sig
339 1266 66 28 dock,
423 1267 24 21 af
460 1268 48 20 skäl
520 1274 45 15 som
577 1267 138 29 vicepastorn
726 1275 43 15 von
779 1268 69 22 Essen
860 1268 80 28 anfört,

189 1300 49 22 med
258 1300 70 21 denne
349 1300 83 28 derom,
453 1304 32 18 att
501 1302 79 20 endast
596 1302 36 21 det
648 1303 58 20 25:te
721 1302 94 26 kapitlet
830 1310 29 14 nu
873 1302 68 22 borde

188 1335 94 25 antagas
298 1332 40 22 och
354 1332 105 28 förslaget
474 1334 7 21 i
497 1334 65 27 öfrigt
578 1334 33 22 till
627 1335 136 27 granskning
778 1335 37 21 vid
825 1335 115 28 kyrkomö-

188 1370 37 19 ten
241 1366 150 23 öfverlemnas.
422 1368 33 21 De
472 1368 176 28 betänkligheter
662 1371 88 26 prosten
761 1369 101 28 Alopus
873 1372 68 26 yttrat

188 1403 7 21 i
215 1400 105 24 afseende
340 1401 13 22 å
371 1402 89 28 frågans
478 1402 190 30 grundlagsnatur,
688 1406 56 20 samt
763 1404 130 28 påståendet
909 1406 31 20 att

188 1436 129 22 ständernes
336 1436 72 22 beslut
423 1437 32 21 till
471 1437 274 29 grundlagsförändringar
760 1438 53 23 först
829 1439 36 22 vid
881 1442 58 19 näst-
