1028 1786
205 138 41 20 848

177 202 68 21 under
266 201 36 22 det
322 208 140 20 gemensama
482 200 137 28 fortgåendet
639 201 29 27 pä
687 195 72 27 denna
777 203 43 24 väg
838 200 88 22 säkrast

177 235 107 28 befrämja
302 236 48 21 vårt
366 235 54 28 dyra
435 235 131 22 fosterlands
582 241 69 15 sanna
666 235 47 27 väl,
730 234 29 21 då
774 235 29 28 vi,
820 241 107 21 omsorgs-

178 270 48 22 fallt
244 269 162 27 öfvervägande
425 269 73 22 dettas
516 269 40 22 och
573 269 39 21 vår
631 275 56 21 egen
704 269 101 27 verkliga
822 269 106 27 ställning

179 304 39 22 och
236 303 76 28 behof,
332 303 129 27 allvarligen
480 302 94 23 bemöda
592 309 36 15 oss
647 304 32 20 att
698 305 43 19 rätt
756 303 59 21 klart
828 302 100 29 uppfatta

179 338 58 22 båda
255 338 41 21 och
315 338 110 21 tacksamt.
444 337 98 22 erkänna
557 338 71 21 såsom
645 344 27 14 en
687 337 113 28 synnerlig
815 337 114 29 försynens

180 372 51 28 nåd,
252 373 32 20 att
304 372 22 21 vi
345 372 31 20 uti
396 372 61 20 Hans
477 372 126 27 Kejserliga
622 371 104 28 Majestät
743 371 126 22 Alexander
885 371 43 22 den

180 406 73 22 Andre
273 413 29 14 nu
320 406 22 21 få
360 405 68 22 vörda
446 406 39 21 vår
500 405 136 29 högsinnade
652 405 41 22 och
707 405 148 28 högtälskade
871 406 59 22 Stor-

179 441 78 21 furste:
276 440 65 22 äfven
363 440 71 22 häruti
458 443 24 19 är
500 440 42 28 jag
560 440 130 28 öfvertygad
713 442 32 19 att
767 440 163 28 prestaständet

181 475 50 22 med.
250 474 154 28 ridderskapet
424 474 40 22 och
484 474 65 22 adeln
568 473 48 23 fullt
634 474 132 28 instämmer,
785 474 40 22 och
844 474 86 22 derföre

181 510 49 21 icke
253 510 44 20 kan
320 508 116 22 underläta
458 511 33 19 att
513 509 7 21 i
543 512 78 24 trogna
644 509 40 21 och
700 512 106 24 enträgna
821 510 68 21 böner
907 510 23 20 ät

182 543 60 23 Guds
266 544 42 21 den
335 543 145 27 allrahögstes
507 544 99 26 mäktiga
632 543 103 29 beskydd
755 543 95 22 anförtro
870 544 61 21 såväl

180 578 39 21 vår
241 577 93 22 älskade
356 577 86 27 Regent
457 584 46 15 som
518 578 50 21 hela
584 578 54 20 hans
654 580 77 25 trogna
751 578 53 21 folk.
819 590 27 3 —
862 578 68 21 Erke-

182 612 106 27 biskopen
307 611 86 28 yttrade
414 611 102 28 slutligen
536 612 33 21 sin
589 611 54 22 fulla
662 611 113 28 tillförsigt
795 611 83 28 derom,
898 613 32 20 att

181 646 163 29 prestaståndet
363 646 75 22 städse
458 646 58 22 skall
536 646 22 21 få
576 653 53 14 vara
648 646 119 22 inneslutet
786 646 7 21 i
811 646 119 28 höglofliga

182 680 164 28 ridderskapets
366 680 40 21 och
426 680 77 22 adelns
523 687 29 14 nu
572 680 40 21 och
632 680 63 21 alltid
714 680 53 28 högt
781 680 149 28 uppskattade

181 714 91 28 välvilja
282 714 42 22 och
333 714 144 27 bevägenhet.
507 714 115 22 Hvarefter
633 714 158 28 deputationen
802 715 128 27 återvände,

183 748 134 28 beledsagad
333 749 72 21 såsom
420 747 38 23 vid
473 749 136 21 ankomsten.

250 818 56 20 Herr
321 817 160 28 erkebiskopen
496 817 88 29 yttrade
600 816 94 23 derefter
708 817 99 28 följande
822 818 48 21 ord:

252 868 8 10 »
264 851 162 28 Högvördigste
445 852 50 21 herr
515 851 79 22 doktor
614 852 40 21 och
673 852 88 27 biskop!
781 852 32 21 På
828 852 37 21 det
880 852 52 27 hög-

183 886 91 27 vördiga
292 886 99 21 ständets
410 888 84 25 vägnar
511 886 33 21 fär
558 886 42 27 jag
618 886 83 28 betyga
718 886 51 21 herr
784 886 93 22 doktorn
893 886 40 21 och

183 920 107 27 biskopen
312 920 42 21 den
376 921 56 20 mest
452 919 203 28 högaktningsfulla
675 920 39 21 och
734 927 75 14 varma
830 920 103 21 erkänsla

183 955 49 21 icke
256 954 84 21 mindre
363 953 34 22 för
418 954 108 27 välvilligt
545 954 158 27 öfvertagande
720 953 25 22 af
760 953 122 29 uppdraget
901 956 32 19 att

184 989 32 21 till
236 989 54 22 vära
308 988 124 28 respektive
453 988 116 22 medständ
588 988 108 22 öfverföra
715 989 53 21 vära
786 988 148 23 afskedshels-

184 1023 83 28 ningar,
287 1025 28 19 än
334 1023 64 22 äfven
417 1023 33 22 för
468 1023 38 21 det
523 1025 53 26 sätt,
595 1023 84 28 hvarpä
694 1023 61 22 detta
771 1022 99 29 uppdrag
885 1023 48 22 blif-

184 1058 31 21 vit
234 1057 115 28 fullgjordt
368 1058 39 21 och
426 1058 68 28 derpä
512 1057 88 22 ståndet
614 1057 46 22 haft
675 1057 28 22 de
718 1059 56 20 mest
789 1057 145 22 tillfredsstäl-

185 1092 65 21 lande
269 1091 62 28 intyg
349 1092 31 21 uti
399 1091 27 22 de
444 1092 86 28 uttryck
549 1092 25 21 af
589 1092 96 21 utmärkt
703 1092 90 28 välvilja
812 1092 40 21 och
870 1093 66 20 bevä-

185 1126 90 28 genhet,
299 1126 87 22 hvaruti
412 1127 114 27 samtelige
551 1127 145 22 medstånden
722 1127 33 21 till
779 1133 35 15 oss
837 1126 99 22 framfört

185 1161 47 22 sine
248 1161 24 21 af
285 1167 36 15 oss
336 1161 110 21 tacksamt
461 1163 124 25 emottagne
596 1161 132 22 afskedsord
739 1161 40 21 och
791 1161 144 28 önskningar;

185 1194 40 22 och
244 1194 29 21 då
290 1194 22 21 vi
330 1194 78 22 härvid
424 1194 71 22 erinra
511 1202 45 20 oss,
573 1197 32 19 att
620 1194 37 22 det
672 1194 37 22 vid
724 1194 148 28 landtdagens
886 1196 49 20 bör-

181 1229 41 27 jan
242 1235 39 15 var
300 1228 50 22 herr
369 1228 93 22 doktorn
482 1228 40 22 och
542 1228 117 28 biskopen,
679 1235 46 15 som
744 1228 33 22 till
792 1228 144 22 medstånden

185 1262 117 22 framförde
316 1263 54 21 våra
385 1262 241 28 välkomsthelsningar,
643 1262 25 22 så
683 1262 75 22 kunna
774 1263 20 20 vi
808 1262 49 22 icke
868 1265 68 19 annat

186 1299 28 20 än
234 1296 50 22 med
304 1302 54 16 sann
378 1296 192 22 tillfredsställelse
590 1303 53 15 anse
664 1296 49 22 herr
733 1296 93 22 doktorn
847 1296 40 22 och
904 1296 31 22 bi-

186 1332 84 26 skopen
284 1331 9 20 i
308 1330 86 27 ganska
408 1331 101 27 betydlig
522 1332 51 20 mån
588 1330 66 22 hafva
669 1330 96 27 bidragit
780 1330 33 21 till
827 1330 37 21 det
874 1330 62 27 gläd-

183 1364 69 28 jande
277 1364 138 22 förhållande
440 1364 25 21 af
484 1364 120 27 ömsesidig
625 1364 91 27 välvilja
739 1364 40 21 och
802 1364 134 28 förtroende,

187 1406 46 15 som
252 1398 68 22 under
338 1398 51 22 hela
407 1398 136 29 landtdagen
560 1398 56 22 varit
631 1398 98 22 rådande
745 1398 93 23 emellan
854 1401 83 26 presta-

187 1433 87 22 ståndet
288 1433 40 22 och
340 1433 50 23 dess
401 1434 53 27 högt
464 1434 91 28 aktade,
566 1434 104 27 innerligt
680 1433 122 23 värderade
812 1433 124 22 medständ.

968 1466 6 12 i
