1023 1798
769 117 42 21 463

90 181 48 21 dem
165 181 109 21 helsosam
297 181 132 21 rekreation.
460 180 63 22 Hvad
546 181 99 27 återigen
669 182 70 27 angår
762 182 38 21 det
821 182 26 21 af

89 216 107 21 utskottet
217 215 125 28 förebragta
358 215 72 22 skälet
446 217 32 19 att
493 215 93 28 mången
602 216 95 27 kapabel
713 223 49 14 men
779 217 65 26 fattig

87 256 79 21 person
188 249 127 28 härigenom
335 249 72 22 blefve
426 249 127 22 förhindrad
574 252 33 19 att
627 250 83 27 utgifva
730 257 26 14 en
773 251 69 27 perio-

88 284 50 21 disk
154 283 73 28 skrift,
244 283 39 21 bör
298 290 50 14 man
365 284 70 21 erinra
451 283 42 28 sig,
510 286 32 19 att
558 291 26 14 en
596 283 97 28 tidnings
703 284 138 27 utgifvande,

87 318 69 21 redan
177 319 52 20 utan
249 318 104 21 afseende
374 318 13 21 å
407 318 101 28 kaution,
529 318 56 21 ifrån
600 318 114 21 industriel
731 319 111 27 synpunkt

88 355 24 19 är
128 354 31 19 ett
177 352 95 28 företag,
291 359 46 14 som
354 352 107 21 erfordrar
480 352 49 22 icke
548 353 63 26 ringa
630 352 96 28 kapital,
743 352 100 22 hvarföre

89 387 42 22 den
152 387 162 28 kunskapsrike
335 387 39 21 och
395 386 91 23 redbare
503 394 60 21 man,
580 394 47 15 som
642 387 39 21 har
697 387 49 22 mod
763 389 32 19 att
810 387 31 21 in-

88 422 46 21 läta
150 421 34 27 sig
199 421 56 29 häri,
272 421 63 22 alltid
351 422 69 21 mäste
431 423 42 26 äga
484 421 36 22 det
531 421 176 28 medborgerliga
718 421 124 22 förtroende

88 456 41 21 och
148 456 43 21 den
210 455 81 28 kredit,
311 463 45 14 som
376 456 31 21 till
424 457 30 20 ett
470 456 71 28 dylikt
556 456 97 27 företags
668 457 122 27 pekuniära
806 456 36 21 de-

88 491 38 27 talj
147 489 116 23 erfordras.
294 489 175 29 Lämpligheten,
492 491 54 21 eller
560 490 131 22 ätminstone
706 491 135 26 nödvändig-

90 525 65 21 heten
171 524 25 22 af
209 525 90 21 kaution
313 525 32 21 till
357 524 130 28 skyddande
499 525 25 21 af
532 525 61 21 såväl
604 525 127 22 samhällets
742 532 46 15 som
800 525 42 21 den

92 559 102 22 enskilda
213 560 170 26 medborgarens
405 560 111 28 trygghet,
533 559 87 22 bevisar
641 560 33 27 sig
690 560 64 21 äfven
770 559 71 27 deraf,

89 596 32 20 att
141 594 7 21 i
169 594 27 21 de
217 594 63 22 flesta
299 593 98 29 länders,
418 594 53 22 eller
487 594 73 22 sävidt
571 594 42 27 jag
628 594 45 22 kan
689 594 71 22 erinra
775 594 44 27 mig
834 594 7 20 i

88 629 56 21 allas
165 631 59 19 utom
240 629 111 27 Sveriges,
367 628 103 28 Norriges
486 629 39 21 och
542 629 136 27 Danmarks,
694 628 146 28 lagstiftning,

88 664 37 21 vid
146 670 117 16 censurens
284 663 138 22 afskaffande
437 664 70 26 ingätt
523 663 138 27 stadganden
683 670 33 15 om
739 663 102 22 kautions

88 698 118 22 ställande.
236 699 10 21 I
265 698 122 22 Frankrike
408 700 15 19 t.
442 705 33 14 ex.
497 700 24 19 är
542 698 131 22 kautionens
688 698 79 28 belopp
783 698 59 22 ända

88 733 33 21 till
143 734 78 27 50,000
235 732 74 22 francs
325 732 18 28 (i
360 732 256 29 Seinedepartementet),
633 733 7 21 i
656 726 111 29 Österrike
784 733 58 21 ända

88 768 32 21 till
142 768 77 28 10,000
237 767 81 28 gulden
334 770 57 19 samt
406 768 7 20 i
429 767 107 22 Preussen
552 767 40 22 och
609 767 70 28 öfriga
694 768 65 27 tyska
775 770 68 19 stater

90 802 58 22 ända
176 802 34 21 till
238 802 63 28 5,000
325 802 76 22 thaler.
432 802 48 21 Men
504 802 70 22 skulle
598 802 65 22 dessa
685 809 29 15 nu
737 802 104 28 uppgifna

90 837 99 27 exempel
206 836 77 29 tyckas
299 836 85 28 odiösa,
401 837 25 21 sä
441 836 38 22 vill
491 836 42 28 jag
545 844 29 14 nu
590 836 77 22 anföra
683 836 36 22 det
733 836 41 22 fria
784 838 57 26 Eng-

90 872 62 27 land,
175 871 88 21 hvarest
285 870 64 23 äfven
373 878 26 14 en
422 870 189 28 tidningskaution
635 870 25 22 af
678 870 49 29 fyra
749 871 33 21 till
801 872 41 20 300

89 906 60 29 pund
164 909 25 18 är
203 906 98 28 lagligen
315 906 102 27 stadgad.
449 906 39 22 Om
504 906 131 22 kautionens
651 905 114 23 införande
781 906 6 21 i
800 906 42 21 den

89 941 95 22 svenska
206 940 294 29 tryckfrihetsförordoingen
520 941 40 22 har
579 940 64 22 äfven
662 941 37 21 vid
719 940 52 23 flere
787 941 54 21 riks-

90 976 69 28 dagar
181 975 62 27 fråga
264 975 109 23 förevarit.
404 975 157 23 Erfarenheten
585 976 6 20 i
615 975 69 22 andra
706 975 78 22 länder
802 975 40 21 har

90 1010 86 22 säledes
196 1010 48 22 icke
259 1010 144 28 lagutskottet
418 1010 117 28 rimligtvis
549 1011 48 21 bort
613 1010 76 22 anföra
705 1011 71 21 säsom
793 1010 50 22 stöd

90 1046 34 21 för
139 1046 34 20 sin
188 1045 58 27 äsigt
262 1052 34 14 om
311 1045 132 21 kautionens
459 1045 153 27 obehöflighet.

158 1080 80 21 Vidare
259 1080 39 21 har
318 1080 144 27 lagutskottet
479 1080 76 28 skarpt
571 1080 112 21 kritiserat
699 1082 12 25 $
727 1081 37 27 39,
780 1080 62 22 hvar-

91 1116 33 20 est
143 1114 232 28 pressöfverstyrelsen
391 1114 102 29 tillägges
510 1115 105 21 domsrätt
630 1114 7 21 i
653 1114 59 22 vissa
726 1114 45 22 fall.
802 1114 39 22 Om

90 1156 50 14 man
165 1149 57 21 dock
245 1152 100 19 närmare
368 1149 108 27 granskar
498 1149 66 22 dessa
586 1149 48 28 fall,
659 1156 66 22 synas
747 1149 26 21 de
789 1156 53 14 vara

91 1184 47 21 dels
164 1183 25 21 af
211 1184 161 22 administrativ
391 1185 69 27 natur,
481 1184 47 22 dels
552 1183 94 28 sädana,
670 1191 45 15 som
738 1183 50 22 med
811 1182 30 21 af-

90 1218 82 22 seende
197 1219 14 21 å
234 1218 81 22 sakens
339 1218 151 22 beskaffenhet
513 1218 97 22 erfordra
635 1219 24 20 sä
682 1218 21 21 få
723 1218 119 28 omgångar

91 1260 46 14 som
158 1253 91 27 möjligt.
279 1254 48 20 Den
347 1255 58 19 stora
424 1253 62 28 affär,
507 1260 46 15 som
569 1252 85 22 derföre
670 1252 24 22 af
707 1252 60 22 detta
783 1252 59 22 stad-

90 1287 73 27 gande
184 1290 73 25 göres,
277 1288 73 21 såsom
369 1287 70 22 skulle
459 1288 36 20 det
516 1287 106 21 innebära
639 1294 25 14 en
680 1286 125 27 kränkning
821 1286 24 20 af

91 1322 172 27 grundlagarna,
287 1322 110 21 förefaller
419 1322 45 27 mig
486 1322 92 20 alldeles
601 1321 88 27 onödig.
719 1315 70 27 Äfven
811 1320 31 21 uti

90 1356 103 27 Sveriges
213 1363 28 14 nu
261 1356 102 28 gällande
383 1355 268 29 tryckfrihetsförordning
670 1356 102 26 tillägges
791 1362 49 14 ena-

90 1390 74 22 handa
192 1390 105 22 domsrätt
315 1390 267 27 justitiestatsministern,
607 1390 39 21 och
670 1390 20 21 vi
714 1390 69 20 måste
806 1390 35 20 väl

91 1424 120 27 medgifva,
235 1427 31 18 att
287 1425 134 20 svenskarne
442 1424 53 27 vilja
515 1427 68 18 värna
604 1424 61 21 såväl
685 1422 156 28 tryckfriheten
