1023 1767
203 130 28 21 24

174 193 144 23 bemärkelse.
349 194 35 21 Då
397 193 42 28 jag
457 194 68 21 likväl
539 193 50 21 icke
603 195 67 19 annat
685 193 44 21 kan
745 196 28 18 än
788 193 87 27 förutse,
892 194 32 20 att

171 228 42 28 jag
232 228 51 22 med
303 228 65 22 dessa
387 228 59 21 mina
464 228 69 21 värda
549 227 162 22 embetsbröder
726 228 57 22 skall
798 228 69 21 blifva
882 234 43 21 nog

176 269 74 15 ensam
271 263 68 21 under
354 262 160 28 diskussionen,
530 262 68 28 vågar
610 262 41 28 jag
667 262 125 28 ödmjukast
806 262 41 22 och
862 262 62 22 vörd-

175 299 83 20 samast
280 297 95 28 anhålla,
399 298 32 20 att
453 297 39 21 vår
514 297 98 21 uttalade
633 297 56 27 åsigt
709 297 68 21 likväl
793 296 49 22 icke
858 296 67 22 måtte

175 332 83 22 lemnas
280 333 53 20 utan
355 332 40 21 allt
417 331 110 28 afseende,
550 334 39 18 när
609 330 84 28 frågan,
713 331 8 21 i
735 331 49 21 hela
800 331 50 22 dess
866 330 58 28 vidd,

175 366 98 22 kommer
288 368 32 20 att
335 373 78 21 genom
429 366 74 27 slutlig
518 365 134 28 omröstning
667 365 93 28 afgöras.

243 401 92 21 Prosten
349 401 26 21 H.
392 400 102 22 Heikel
509 400 116 28 genmälde
641 402 87 26 prosten
745 400 68 29 Sirén,
835 402 32 20 att
882 400 43 22 han

175 436 50 22 icke
245 436 82 22 fordrat
342 436 67 28 något
424 436 61 22 bevis
500 443 33 14 om
550 436 255 28 kristendomskunskap,
821 437 53 20 utan
890 442 36 14 en-

176 470 50 22 dast
241 470 101 28 muntligt
357 470 62 29 intyg
434 470 25 22 af
474 471 43 21 den
534 470 125 28 delegation
675 469 25 23 af
707 469 161 29 församlingen,
880 476 46 16 som

176 505 38 21 vid
236 504 197 29 skattskrifningen
455 512 39 14 var
515 504 114 29 tillstädes,
650 506 32 20 att
701 504 42 22 den
759 504 167 28 ifrågavarande

176 546 107 21 personen
305 540 88 28 ätnjutit
416 536 86 46 kristlig
523 539 166 28 undervisning;
708 540 114 26 angäende
837 538 89 22 hvilken

177 574 84 22 talaren
275 574 104 22 förenade
395 574 34 28 sig
444 574 7 21 i
466 574 58 22 hvad
540 574 138 28 domprosten
693 574 58 27 Borg
765 574 68 21 redan
849 574 78 21 anfört.

177 608 48 22 Den
245 608 116 22 redaktion
376 608 25 22 af
414 610 11 20 1
442 610 23 26 8,
482 615 45 15 som
543 610 88 26 prosten
646 608 79 22 doktor
739 608 118 29 Europeeus
872 608 54 22 före-

178 642 72 29 slagit,
266 643 52 22 fann
334 644 84 21 talaren
433 643 49 22 icke
498 643 211 28 tillfyllestgörande,
721 643 40 21 och
772 644 70 27 ansåg
852 643 76 22 vidare

177 677 28 21 de
225 677 74 29 vådor,
317 685 51 14 man
383 678 108 21 förmenat
505 678 133 27 uppkomma
653 677 67 28 deraf,
737 679 31 19 att
784 684 26 14 en
825 678 103 21 kommun

177 711 20 28 ej
213 712 150 28 berättigades
377 714 68 26 vägra
456 718 26 15 en
492 718 79 22 person
582 712 39 21 allt
631 712 84 22 försvar
725 712 58 21 inom
794 712 133 25 densamma,

178 746 39 22 och
232 746 76 22 hvilka
323 746 70 23 blifvit
407 746 106 23 särskildt
527 746 130 22 framhållna
667 746 7 22 i
685 747 137 27 vicepastorn
832 754 43 15 von
889 747 39 21 Es-

178 787 51 16 sens
243 780 40 22 och
298 784 88 26 prosten
403 781 122 22 Stenbäcks
541 781 164 28 reservationer,
725 788 51 14 vara
792 781 136 29 förebyggda

177 815 8 21 i
201 816 28 21 20
243 816 14 27 $
272 816 25 21 af
310 815 42 22 den
368 815 119 28 kejserliga
501 815 169 29 propositionen.
699 815 87 22 Vidhöll
801 816 127 28 ytterligare

178 850 38 22 sitt
230 850 83 28 förslag
328 850 33 21 till
376 850 115 21 redaktion
506 850 26 21 af
539 851 18 31 $
574 851 19 20 1.

245 885 92 21 Prosten
352 884 19 22 J.
387 884 16 22 I.
419 884 101 27 Bergh:
536 878 69 28 Äfven
621 884 33 21 för
668 884 44 21 min
728 884 35 21 del
778 884 98 22 anhäller
887 884 42 28 jag

179 921 32 20 att
229 919 22 22 få
270 918 117 23 hemställa
407 918 42 22 den
468 918 25 22 af
508 920 87 27 prosten
611 918 26 22 H.
653 918 78 22 Heikel
747 918 125 29 föreslagna
887 918 41 22 for-

178 954 134 27 muleringen
335 953 32 21 till
389 953 108 28 votering,
519 960 49 14 men
587 952 19 28 ej
623 954 29 26 pä
667 960 27 14 en
709 954 68 27 gäng,
793 955 52 20 utan
860 954 69 28 punkt

177 988 34 22 för
225 988 75 28 punkt,
317 988 40 21 och
373 987 76 22 dervid
461 987 84 28 jemväl
561 988 93 21 vilkoret
669 987 25 22 af
707 988 105 27 erlaggda
827 988 101 22 kronout-

179 1022 96 29 skylder.
305 1022 177 28 Uppenbarligen
498 1022 40 22 har
553 1022 106 22 utskottet
675 1022 50 22 sökt
741 1022 104 22 reducera
860 1022 68 22 vilko-

178 1065 38 15 ren
237 1057 32 22 för
285 1057 132 28 sjelfförsvar
433 1057 32 21 till
482 1057 37 22 det
533 1057 80 22 minsta
629 1057 95 28 möjliga,
741 1057 40 22 och
796 1057 45 28 mig
857 1064 71 22 synes,

179 1094 32 20 att
234 1092 61 21 detta
317 1091 126 22 sträfvande
464 1092 59 27 röjer
545 1092 34 27 sig
597 1092 84 27 jemväl
701 1092 7 20 i
729 1092 163 22 bibehällandet
908 1092 25 21 af

179 1126 37 22 det
231 1126 150 29 nyssnämnda
395 1126 99 22 vilkoret.
520 1126 39 22 Om
573 1126 32 22 till
620 1126 97 28 exempel
729 1133 27 15 en
766 1126 74 22 okänd
850 1133 79 21 person

178 1161 138 28 uppenbarar
335 1160 34 28 sig
384 1160 7 21 i
407 1167 27 15 en
449 1167 72 15 annan
534 1161 102 21 kommun
652 1160 47 22 frän
715 1167 26 15 en
757 1163 39 19 när
812 1160 52 22 eller
879 1160 50 29 fjer-

179 1202 39 14 ran
239 1195 101 27 belägen,
363 1195 25 21 sä
406 1194 103 22 behöfver
527 1195 43 21 han
586 1194 113 28 ingenting
714 1196 68 20 annat
797 1195 32 21 för
845 1197 32 19 att
892 1194 38 22 der

179 1229 65 21 vinna
264 1228 139 29 sjelfförsvar,
425 1231 28 19 än
468 1229 34 21 sin
519 1229 122 27 gvitterade
657 1229 126 21 debetsedel
800 1229 59 21 öfver
874 1229 54 22 före-

179 1263 86 27 gäende
287 1263 36 21 ärs
345 1263 190 29 kronoutskylder.
565 1264 43 21 För
627 1266 32 18 att
678 1270 53 15 vara
749 1264 128 28 betryggad,
893 1264 37 21 be-

179 1298 76 21 höfver
265 1297 27 27 ju
307 1297 130 21 kommunen
453 1300 57 24 veta,
527 1300 32 18 att
575 1298 155 32 nykomlingen
747 1298 49 20 icke
810 1301 24 17 är
844 1304 27 14 en
882 1298 47 20 full-

179 1330 88 28 ständig
287 1330 128 22 lösdrifvare
437 1330 52 22 celler
506 1331 148 28 förrymmare.
684 1325 30 27 Är
729 1331 44 21 han
789 1331 19 27 ej
825 1331 104 21 försvars-

178 1365 40 27 lös,
239 1363 103 23 behöfver
360 1364 43 22 han
423 1364 69 23 också
506 1365 55 21 intet
577 1364 172 23 tillständsbevis
765 1367 31 20 att
811 1365 22 22 få
846 1365 84 23 vandra

179 1400 33 21 till
235 1406 72 15 annan
330 1399 109 23 kommun.
468 1400 49 22 Med
537 1400 113 28 ingenting
669 1400 44 22 kan
728 1400 44 22 han
787 1400 87 22 säledes
889 1401 41 21 lät-

179 1436 47 21 tare
249 1434 76 30 styrka
347 1434 33 23 sin
400 1437 45 19 rätt
463 1434 33 22 till
512 1435 133 28 sjeliförsvar
661 1435 39 22 och
715 1435 73 22 lemna
802 1435 68 29 nödig
885 1436 44 22 led-
