1023 1784
211 134 27 21 46

182 201 68 21 melse
266 198 50 24 med
331 201 59 21 hvad
405 201 87 21 ståndet
507 201 116 22 framdeles
640 199 74 24 kunde
729 201 87 23 besluta
832 202 8 21 i
860 200 74 24 anled-

182 236 53 27 ning
255 236 25 20 af
296 242 26 15 en
338 236 33 20 till
386 236 121 28 beredning
522 236 7 21 i
545 236 197 22 besvärsutskottet
757 236 125 22 remitterad
898 244 36 21 pe-

182 270 63 22 tition
261 277 34 14 om
311 270 113 27 zigenares
439 270 140 28 behandling.

249 304 127 22 Professorn
392 305 147 21 Schauman
554 304 101 22 biträdde
666 305 83 27 jemväl
764 305 27 21 de
802 305 132 27 föregående

182 339 110 22 talarenes
307 339 97 27 mening,
421 339 40 21 och
477 339 124 28 åberopade
615 340 72 20 såsom
698 340 140 27 synnerligen
850 340 84 27 behjer-

182 373 118 22 tansvärda
324 373 27 21 de
373 373 91 21 motiver
484 373 216 22 landssekreteraren
720 380 43 15 von
780 374 154 27 Weissenberg

181 408 7 20 i
208 408 33 21 sin
261 408 134 21 reservation
413 410 55 24 emot
484 407 149 22 betänkandet
649 407 71 22 anfört
735 408 8 20 i
758 408 104 22 afseende
876 408 14 21 å
905 408 28 21 zi-

181 449 92 21 genares
289 442 91 21 mildare
395 442 140 28 behandling.

249 476 210 28 Kontraktsprosten
479 476 145 22 Stenbäck
644 476 103 22 förenade
769 477 34 27 sig
820 477 50 21 med
886 484 47 21 pro-

181 511 84 22 fessorn
282 511 129 22 Schauman.

248 546 90 21 Prosten
354 546 128 27 Alopxus
498 552 45 20 var,
559 545 92 22 oaktadt
666 548 88 26 prosten
771 546 118 27 godkände
905 546 27 21 de

180 580 114 28 principer,
313 580 29 28 pä
362 580 69 27 grund
447 580 25 21 af
484 580 75 21 hvilka
575 580 27 21 de
618 582 97 20 närmast
729 580 133 27 föregäende
878 580 54 22 tala-

180 622 52 14 rene
254 614 98 22 förordat
373 614 92 22 mildare
485 614 88 28 lagbud,
593 614 25 21 af
631 614 59 21 olika
705 614 58 28 äsigt
777 614 7 21 i
800 614 104 22 afseende
920 615 13 20 å

181 649 111 28 zigenare;
315 651 23 26 ty
358 649 64 21 desse
442 649 76 21 visade
537 649 34 27 sig
585 648 33 22 för
634 648 111 22 allmänna
761 649 130 21 säkerheten
908 650 25 20 sä

180 684 95 27 vädliga,
298 686 32 19 att
353 684 120 26 kraftigare
496 683 103 28 ätgärder
617 685 44 19 mot
680 683 49 21 dem
745 684 69 21 mäste
830 683 102 27 vidtagas

181 718 38 22 och
236 725 51 15 voro
302 717 144 27 berättigade.

248 752 210 28 Kontraktsprosten
474 752 79 21 doktor
568 752 131 21 Granfelt
714 752 99 28 menade,
830 754 32 19 att
875 752 57 28 zige-

180 794 64 14 nares
267 786 133 27 behandling
422 786 50 21 icke
495 793 38 15 var
551 786 123 28 föreslagen
693 788 121 26 strängare,
830 789 27 19 än
873 786 59 22 hvad

180 829 45 15 som
241 821 73 28 gällde
331 821 81 21 enhvar
428 821 189 29 kringstrykande,
635 821 128 28 oförpassad
775 821 38 21 och
826 822 105 28 sysslolös

180 864 85 20 person.

246 892 91 21 Prosten
357 891 137 21 Hackzell
515 892 95 21 bemötte
631 891 78 22 doktor
730 890 110 23 Granfelts
856 891 74 22 inkast

179 926 92 21 medelst
286 926 157 28 uppräknande
459 926 25 21 af
492 926 27 21 de
530 928 67 19 större
609 925 146 29 olägenheter,
768 933 46 14 som
825 925 105 22 försvars-

178 961 99 21 lösheten
293 960 33 22 för
341 961 101 26 zigenare
458 960 118 21 medförde.

246 995 60 21 Härä
321 994 147 21 framställdes
484 994 24 21 af
521 995 48 21 herr
584 994 139 21 talemannen
739 994 97 28 följande
851 1001 77 21 propo-

179 1030 73 21 sition:

248 1064 129 22 Godkänner
399 1063 127 29 högvördiga
548 1063 83 22 ständet
652 1063 15 28 $
687 1064 28 20 24
735 1064 8 21 i
763 1064 39 20 den
818 1063 112 28 kejserliga

174 1100 170 27 propositionen,
360 1099 50 20 eller
424 1099 51 20 icke.

247 1133 135 22 Besvarades
398 1131 50 22 med
465 1133 25 20 12
501 1133 29 28 ja
546 1134 57 19 emot
620 1133 25 20 11
661 1133 42 28 nej.

245 1167 140 22 Beträffande
400 1169 13 24 &
429 1167 33 28 25,
480 1167 79 21 erhölls
575 1166 62 22 ordet
653 1167 24 20 af

245 1202 209 27 Kontraktsprosten
470 1201 79 22 doktor
564 1201 162 28 Europeus,
745 1208 47 15 som
808 1201 120 27 anmärkte,

178 1239 32 19 att
232 1236 135 21 arbetstiden
388 1236 34 21 för
442 1235 26 22 de
487 1235 149 28 försvarslöse,
653 1235 75 22 hvilka
743 1235 111 22 förverkat
869 1235 59 22 med-

177 1271 118 26 borgerligt
315 1270 130 28 förtroende,
468 1270 50 21 icke
537 1269 67 22 borde
619 1270 133 21 bestämmas
767 1269 33 21 till
816 1270 37 21 två
868 1271 14 20 å
896 1272 32 19 tre

176 1305 30 27 år,
224 1307 50 19 utan
291 1305 32 20 till
345 1305 6 20 6
366 1304 105 21 månader
486 1305 13 20 å
516 1305 10 20 1
543 1304 30 27 år,
589 1306 56 19 samt
661 1306 33 19 att
710 1303 87 22 således
812 1304 64 21 desse
887 1303 41 22 för-

177 1338 116 27 svarslösa,
310 1344 46 15 som
371 1338 68 25 enligt
455 1337 98 21 ståndets
569 1337 89 27 nyligen
673 1337 84 21 fattade
773 1337 71 21 beslut
857 1337 71 21 blifvit

176 1371 104 22 hänförde
297 1371 33 21 till
354 1372 3 19 3
373 1373 117 19 momentet
506 1371 24 20 af
543 1372 9 19 4
571 1372 22 25 $,
610 1371 66 20 borde
691 1371 114 20 betraktas
821 1371 45 20 lika
877 1370 50 21 med

177 1406 26 21 de
220 1406 5 21 i
242 1406 42 21 5:te
300 1405 96 28 punkten
412 1405 25 22 af
450 1412 83 15 samma
549 1407 12 24 $
577 1405 142 28 uppräknade
734 1412 109 21 personer.
