1020 1764
202 137 41 22 262

174 202 40 28 ler,
232 202 27 21 de
275 202 30 20 uti
321 201 42 21 den
379 200 81 28 nådiga
475 199 162 29 propositionen
653 199 136 22 förbehållna
805 200 78 26 anslag
893 199 34 22 för

175 236 121 22 dårvården
321 236 40 21 och
385 234 122 23 realskolor
527 242 27 14 m.
575 241 27 15 m.
624 234 24 21 af
665 235 78 26 44,000
762 234 61 22 rubel
843 234 83 28 årligen

174 271 49 22 frän
238 270 100 22 bankens
354 270 120 22 räntevinst
488 270 54 27 utgä
557 269 56 21 intill
629 269 66 21 slutet
711 268 24 22 af
748 269 38 21 det
801 269 32 27 är,
850 268 29 22 dä
889 271 37 19 nä-

175 308 35 20 sta
227 305 108 27 landtdag
355 306 77 27 slutas,
452 304 7 22 i
479 304 106 22 händelse
607 304 19 27 ej
648 303 119 23 ständerna
787 303 139 22 derförinnan

174 340 38 22 vid
227 340 73 22 denna
314 338 108 28 landtdag
437 338 113 22 bestämde
567 338 69 22 andra
651 338 72 22 medel
739 338 33 21 till
788 337 64 23 dessa
863 338 63 27 utgif-

175 378 44 19 ters
235 374 149 28 betäekande;
400 374 32 21 till
448 375 117 21 momentet
576 380 34 15 om
624 372 208 29 bankfullmäktige,
843 372 84 22 hvilket

175 409 104 29 gillades,
295 408 70 22 skulle
380 408 62 28 fogas
459 408 37 22 det
509 408 87 28 tillägg,
613 409 32 20 att
661 408 27 21 de
699 407 47 29 fyra
756 408 26 21 af
792 407 92 22 ständen
895 409 31 20 ut-

175 444 69 22 sedde
259 442 197 28 bankfullmäktige
472 442 57 29 ägde
539 443 59 27 välja
610 449 26 15 en
647 442 76 28 femte;
739 444 118 20 momentet
867 442 59 22 inne-

175 478 100 23 fattande
291 478 124 28 tillstyrkan
431 478 33 22 till
479 477 137 27 underdänig
631 477 91 28 petition
738 476 80 29 derom,
830 477 32 24 htt
872 477 54 23 förc-

176 513 115 23 skrifterne
314 512 114 28 angäende
447 513 110 27 primitiva
572 512 39 22 och
628 512 212 28 hypoteksfonderne
855 512 7 22 i
877 512 49 22 Fin-

175 548 65 22 lands
247 548 60 21 bank
315 548 67 21 mätte
392 547 99 22 utfärdas
502 548 29 28 pä
542 549 42 20 sätt
595 546 196 28 regeringsformen
802 554 35 14 om
847 547 80 28 lagfrä-

176 590 39 20 gor
231 582 98 28 stadgar,
346 582 106 22 bibehölls
468 582 50 22 med
534 582 41 21 den
591 581 265 29 redaktionsförändring,
873 584 32 19 att
920 582 7 20 i

176 618 68 21 första
260 617 63 21 delen
340 616 64 22 deraf
412 616 66 22 orden
489 616 145 27 ,länerörelse
645 616 40 21 och
697 616 69 27 öfriga
776 616 151 22 förhållanden

175 652 34 21 till
230 651 160 22 allmänheten”
411 650 70 23 skulle
501 650 52 28 utgå
572 652 56 20 samt
643 650 7 21 i
666 656 77 16 senare
760 650 64 22 delen
839 650 89 23 framför

176 686 62 22 ördet
247 703 8 9 ,
260 685 146 23 föreskrifter"
419 686 92 22 insättas
523 684 166 28 bestämningen
699 685 228 29 ,reglementariske*,

176 721 113 21 hvaremot
304 721 27 21 de
347 720 145 22 nästderefter
506 720 98 28 följande
620 720 67 22 orden
699 720 20 27 ,i
730 720 142 22 omförmälda
883 723 44 19 äm-

177 757 55 20 nen”
249 755 71 22 skulle
336 755 110 29 bortfalla;
461 756 117 21 momentet
589 754 115 28 angående
715 754 111 29 primitiva
835 754 92 23 fondens

177 790 145 22 användande
343 790 32 22 till
396 790 163 28 silfveruppköp
579 789 130 28 godkändes
725 789 49 22 med
790 790 137 22 uteslutande

176 825 25 21 af
218 825 80 21 orden"
315 824 105 22 Finlands
436 824 219 29 hypoteksförenings
672 824 53 22 eller
740 824 92 29 andra";
848 825 79 21 beträf-

177 860 66 21 fande
263 862 117 19 momentet
396 859 114 28 angående
526 859 59 22 tiden
600 858 33 22 för
648 859 100 22 bankens
763 859 116 28 öppnande
895 860 32 21 till

178 894 187 28 silfverutvexling
380 894 92 27 beslöts,
488 896 33 19 att
539 894 4 21 i
559 894 59 21 detta
634 896 95 19 moment
743 893 71 22 skulle
830 894 97 28 stadgas,

178 931 32 19 att
230 929 72 22 denna
322 928 113 28 utvexling
454 928 47 22 från
522 928 86 22 banken
630 928 67 22 borde
717 928 90 27 vidtaga
822 931 40 19 när
877 928 50 23 dess

178 963 126 23 metalliska
320 964 40 21 och
374 963 93 22 redbara
482 962 76 22 fonder
573 963 92 28 uppgätt
680 962 33 22 till
728 965 32 19 ett
774 962 79 29 belopp
869 963 25 21 af
902 965 26 20 16

178 998 101 28 miljoner
298 998 71 28 mark;
389 999 118 20 momentet
527 997 114 28 angäende
657 997 160 28 inskränkning
832 998 53 22 eller
897 998 32 22 in-

178 1033 110 22 ställande
306 1032 25 22 af
343 1032 98 23 bankens
457 1032 188 28 silfverutvexling
660 1032 70 22 skulle
745 1032 46 22 helt
806 1032 40 22 och
862 1033 68 22 hället

178 1068 53 27 utgå
247 1067 40 22 och
297 1067 7 21 i
316 1067 50 22 dess
382 1068 63 21 ställe
460 1067 83 22 införas
553 1067 124 27 stadgande
689 1067 82 29 derom,
783 1069 32 19 att
830 1068 47 21 från
889 1068 40 21 och

179 1102 50 22 med
245 1102 42 22 den
303 1102 53 28 dag,
378 1102 29 22 då
422 1102 216 28 silfverutvexlingen
653 1102 48 22 från
716 1102 88 22 banken
819 1102 109 29 vidtager,

178 1136 75 22 silfver
273 1136 57 23 skall
350 1144 54 14 vara
424 1137 36 22 det
481 1137 56 22 enda
553 1136 83 29 lagliga
649 1137 198 27 betalningsmedel
862 1138 7 20 i
883 1138 46 21 lan-

178 1172 47 27 det,
242 1172 40 21 och
297 1178 25 16 ur
337 1173 117 21 momentet
469 1172 114 27 angående
594 1171 101 23 bankens
705 1172 143 21 vexelaffärer
859 1172 70 22 skulle

178 1206 111 22 slutorden
304 1206 47 21 från
367 1206 40 22 och
423 1206 50 22 med
491 1206 52 27 ,och
559 1208 52 20 utan
627 1208 45 20 att"
689 1208 40 20 etc.
746 1206 108 22 bortfalla.

246 1241 49 22 Den
313 1241 27 21 29
356 1241 100 22 februari.
487 1241 117 22 Momentet
617 1241 151 22 innefattande
784 1242 27 21 de
825 1242 104 27 rättighe-

178 1277 33 20 ter
231 1275 40 22 och
290 1275 143 28 åligganden,
449 1275 75 22 hvilka
537 1275 102 22 tillhörde
654 1275 198 28 bankfullmäktige
866 1277 7 20 i
889 1276 40 21 och

176 1309 34 21 för
218 1309 114 21 inseendet
338 1309 60 21 öfver
406 1309 110 27 primitiva
526 1309 39 20 och
577 1309 213 27 hypoteksfonderne
800 1309 129 28 godkändes

177 1342 7 21 i
196 1343 39 20 allt
251 1341 73 29 öfrigt,
340 1344 58 19 utom
409 1344 32 19 att
450 1343 41 21 6:te
502 1342 97 28 punkten
608 1343 65 21 deraf
680 1343 70 22 skulle
762 1343 85 21 erhålla
858 1343 72 22 denna

176 1376 96 29 lydelse:
297 1378 45 25 ,att
362 1376 121 23 bestämma
503 1377 33 21 till
551 1376 63 22 hvad
632 1376 80 29 belopp
732 1377 40 22 och
792 1378 29 27 på
846 1377 83 23 hvilket

178 1413 44 20 sätt
241 1411 111 29 provision
371 1411 33 22 för
423 1411 118 23 utländska
559 1412 75 21 vexlar
650 1414 56 19 samt
721 1412 117 23 inländska
854 1413 75 22 vexlar

178 1447 40 21 och
234 1447 140 28 anvisningar
389 1446 34 23 får
437 1446 25 23 af
474 1446 88 23 banken
577 1447 134 28 beräknas";
726 1447 31 22 uti
768 1449 118 21 momentet
896 1451 33 20 rö-
