1025 1809
196 144 41 20 878

167 209 38 22 lan
223 209 6 21 i
249 208 152 22 Tammerfors.
432 207 84 23 Genom
535 214 27 15 en
581 206 130 28 utvidgning
729 206 25 22 af
767 206 95 22 nämnde
878 206 43 22 ele-

168 243 149 22 mentarskola
336 248 83 16 vunnes
439 242 64 22 äfven
522 242 43 21 den
585 241 84 28 vigtiga
684 240 94 30 förmån,
794 243 33 20 att
842 240 79 29 fattiga

169 277 78 23 endast
267 276 71 23 finska
356 276 89 28 språket
461 276 90 22 talande
565 276 123 28 ynglingar,
706 276 75 22 hvilka
795 275 34 22 för
843 275 78 22 under-

168 311 200 29 visningsspråkets
384 311 57 22 skull
456 311 49 21 från
520 310 100 28 aflägsna
635 312 63 27 orter,
714 310 34 22 till
763 310 40 22 och
813 310 50 22 med
873 309 48 23 från

169 346 105 22 närheten
293 346 25 22 af
334 340 57 33 Åbo,
411 345 84 23 besöka
515 345 72 21 denna
603 345 74 28 skola,
692 345 51 22 icke
758 344 77 23 vidare
850 344 72 22 skulle

169 380 85 29 nödgas
269 380 55 22 efter
341 380 115 22 fulländad
471 380 102 22 skolkurs
589 380 105 27 antingen
708 379 91 29 afbryta
814 380 49 22 sina
878 382 44 20 stu-

169 416 48 21 dier
235 415 53 22 eller
307 415 102 21 fortsätta
430 414 49 22 dem
497 414 37 22 vid
551 414 38 22 det
607 414 101 27 aflägsna
723 414 124 22 läroverket
862 414 7 22 i
883 414 38 28 Jy-

169 450 102 28 väskylä,
287 449 51 22 med
353 449 89 21 hvilken
458 448 136 23 sistnämnda
609 448 50 22 stad
674 448 145 23 Tammerfors
833 448 41 23 och
885 448 37 23 det

169 484 115 28 sydvestra
302 483 95 22 Finland
416 483 7 21 i
439 483 66 28 öfrigt
519 483 66 22 bafva
599 483 64 28 högst
678 483 64 28 ringa
756 483 109 28 beröring.
894 483 31 22 Af

169 518 70 23 sådan
259 518 120 28 anledning
401 517 34 23 får
456 518 164 28 prestaständet
641 518 160 28 underdänigst
823 517 98 29 anhålla,

169 556 33 19 att
219 551 169 29 ifrågavarande
407 552 75 22 skolas
498 552 130 28 utvidgning
643 552 8 21 i
666 552 78 29 antydt
759 552 57 29 syfte
832 552 67 22 måtte
915 552 8 21 i

169 587 91 22 främsta
275 589 91 20 rummet
382 586 109 29 vidtagas.

237 623 96 21 Dernäst
353 621 101 28 påkallas
475 621 161 28 otvifvelaktigt
657 621 116 23 enahanda
793 621 130 29 utvidgning

171 657 25 22 af
212 657 67 27 högre
301 656 198 22 elementarskolan
518 656 7 21 i
545 656 144 29 Björneborg,
706 656 73 22 såsom
795 656 76 22 talrikt
885 656 37 22 be-

170 692 51 22 sökt
241 693 57 20 samt
317 690 94 28 belägen
430 691 7 21 i
457 698 26 14 en
504 690 81 23 folkrik
603 690 40 22 och
658 690 48 22 från
722 691 125 29 gymnasier
861 690 62 28 långt

170 726 97 28 aflägsen
284 725 106 22 landsort.

238 760 166 23 Prestaståndet
418 760 69 28 vågar
501 760 8 21 i
525 759 102 29 djupaste
642 760 175 28 underdånighet
827 760 95 28 anhålla,

172 796 37 22 det
223 795 71 22 Eders
309 794 127 28 Kejserliga
450 794 104 28 Majestät
569 795 79 21 värdes
663 794 77 28 nådigt
750 797 98 26 upptaga
859 795 65 22 ofvan

170 829 138 28 framlaggda
327 828 152 28 underdåniga
497 829 115 22 önskemål
630 829 8 21 i
653 829 105 22 afseende
773 830 14 21 å
802 829 121 28 omorgani-

171 864 100 22 sationen
287 863 25 22 af
323 864 88 21 landets
428 864 229 28 elementarläroverk,
673 866 68 26 samt,
757 864 74 22 derest
846 864 28 22 de
886 864 37 22 be-

171 898 70 22 finnas
256 904 53 16 vara
325 897 198 29 ändamålsenliga,
540 897 49 23 dem
605 897 7 22 i
628 897 68 23 nåder
711 897 53 23 afse.

239 966 77 23 Redan
335 965 39 23 vid
392 965 38 23 det
450 967 84 21 utskott
554 966 24 22 af
595 967 107 22 Finlands
718 966 49 29 fyra
785 966 75 29 stånd,
877 974 46 15 som

172 1001 177 23 sammanträdde
365 1001 6 21 i
382 1001 137 27 Helsingfors
531 1008 34 15 om
575 1001 66 22 våren
654 1002 66 28 1862,
730 1001 47 29 har,
789 1002 72 22 såsom
872 1001 51 23 dess

171 1036 109 28 protokoll
300 1036 33 22 för
353 1035 41 22 den
417 1036 25 21 13
462 1036 96 22 februari
578 1036 69 27 sagde
667 1036 25 21 år
711 1036 90 29 utvisar,
823 1036 42 22 den
886 1043 37 15 an-

172 1071 116 27 märkning
308 1070 80 28 gjorts,
409 1072 32 19 att
460 1070 96 22 Karelen
577 1070 53 22 eller
650 1070 38 22 det
707 1070 78 22 fordna
804 1070 120 22 Kexholms

171 1106 38 20 län
227 1105 37 22 väl
282 1105 82 21 räknar
382 1104 101 28 omkring
502 1104 186 22 tvåbundratusen
709 1105 142 28 innevånare,
874 1111 50 15 men

172 1139 50 22 icke
237 1141 53 25 äger
304 1138 74 28 någon
394 1138 57 22 enda
465 1138 66 28 högre
547 1139 184 22 elementarskola
746 1138 40 23 och
802 1141 32 20 att
847 1138 78 29 dylika

171 1173 102 22 läroverk
292 1172 115 22 derstädes
422 1179 51 15 vore
489 1173 25 21 af
525 1173 102 22 behofvet
641 1173 142 28 synnerligen
797 1173 126 29 påkallade.

173 1207 130 23 Sedermera
321 1207 40 21 har
379 1208 164 27 presterskapet
561 1208 58 21 inom
639 1207 44 23 öfre
699 1208 108 22 Karelens
821 1207 102 28 prosteri,

173 1242 68 27 enligt
261 1241 80 22 fattadt
356 1241 72 22 beslut
442 1241 37 22 vid
495 1244 31 19 ett
541 1248 34 16 om
591 1248 122 16 sommaren
728 1242 95 22 nämnde
839 1242 24 22 år
878 1241 46 22 hål-

173 1276 30 22 let
223 1278 66 26 möte,
310 1276 40 21 hos
370 1276 164 22 vederbörande
553 1276 151 28 stiftsstyrelse
724 1276 81 22 ansökt
823 1283 35 15 om
873 1276 52 22 dess

173 1310 72 22 förord
261 1310 32 21 till
309 1309 124 22 inrättande
449 1310 26 21 af
487 1317 26 15 en
530 1310 66 28 högre
612 1310 203 23 elementarskola
807 1305 15 37 i
827 1310 97 22 Joensuu

173 1344 62 27 stad,
250 1344 7 20 i
273 1344 120 26 anledning
407 1344 80 21 hvaraf
494 1344 166 28 stiftsstyrelsen
671 1344 65 21 äfven
746 1344 34 21 till
790 1344 71 22 Eders
871 1344 53 27 Kej-

173 1377 82 27 serliga
273 1377 105 27 Majestät
394 1377 71 27 ingått
480 1378 49 21 med
545 1378 136 27 underdånig
694 1377 131 22 hemställan
841 1384 35 15 om
891 1384 33 15 or-

173 1410 157 29 ganiserandet
345 1412 25 20 af
383 1413 31 20 ett
429 1412 150 23 såbeskaffadt
595 1412 101 22 läroverk
711 1412 7 21 i
733 1412 103 22 Joensuu.

241 1446 86 22 Sakens
348 1448 60 20 stora
422 1446 47 28 vigt
483 1446 124 23 föranleder
621 1446 164 29 prestaståndet
800 1449 32 20 att
847 1446 78 24 under-
