1020 1734
771 122 40 22 441

162 184 56 22 Herr
241 185 139 22 talemannen
402 185 135 23 framställde
560 186 53 22 härä
635 186 97 30 följande
753 189 89 21 omröst-

93 218 198 28 ningsproposition
297 228 5 12 :

163 252 128 23 Godkänner
306 254 126 29 högvördiga
447 255 83 21 ståndet
544 256 110 20 utskottets
664 256 87 28 förslag
764 257 9 20 i
781 257 58 28 jöre-

93 287 95 21 varande
202 288 71 29 punki
287 289 84 27 jemväl
384 288 47 22 med
445 289 98 29 afseende
558 291 14 20 å
586 289 40 22 den
641 290 109 28 utlofvade
765 294 74 19 ersätt-

93 322 89 27 ningen?

160 356 137 22 Besvarades
312 357 105 27 enhälligt
428 357 107 28 jakande.

160 390 101 22 Härefter
276 391 123 28 öfvergicks
414 392 33 22 till
463 392 164 29 granskningen
638 392 24 22 af
670 394 117 22 utskottets
798 394 41 21 för-

93 425 48 27 slag
162 425 92 22 rörande
275 425 151 28 fördelningen
449 426 25 22 af
493 426 95 22 kronans
611 427 66 22 andel
692 428 7 21 i
713 428 126 22 brännvins-

93 459 98 28 skatten,
208 459 75 22 dervid
297 460 61 22 ordet
373 460 54 23 först
443 461 79 21 erhölls
538 461 25 21 af

160 494 90 22 Prosten
266 495 25 21 H.
306 495 104 28 Heikel,
426 502 56 21 som,
499 496 49 21 med
563 496 104 22 afseende
678 496 61 28 derä,
756 499 32 19 att
799 497 40 21 för-

93 529 122 27 fattningen
230 531 57 19 ännu
302 529 18 27 ej
338 530 58 20 trädt
411 530 7 21 i
434 530 138 22 verksamhet
588 532 56 20 samt
659 537 50 15 man
720 530 87 23 således
819 532 19 27 ej

92 563 73 22 kände
181 563 32 21 till
228 563 54 22 huru
297 564 89 28 mycket
401 564 206 22 brännvinsskatten
622 565 87 21 komme
724 567 33 20 att
772 566 67 28 stiga,

92 598 114 21 förordade
226 600 32 20 att
273 598 87 22 ständet
376 599 77 21 endast
468 600 67 21 mätte
550 602 58 25 yttra
623 599 35 28 sig
672 600 115 27 angäende
803 602 36 20 än-

92 631 110 29 damälen,
228 632 88 22 hvartill
338 633 96 22 kronans
457 633 64 22 andel
544 634 7 20 i
573 633 95 22 nämnde
690 634 60 22 skatt
773 634 66 22 borde

93 666 123 27 användas,
233 674 49 14 men
293 667 133 22 ofverlemna
437 668 22 20 ät
469 668 128 28 regeringen
608 669 32 20 att
650 668 85 22 fördela
746 668 92 22 medlen.

159 701 145 28 Domprosten
324 701 78 22 doktor
420 702 66 28 Borg
500 702 108 22 instämde
623 702 8 20 i
646 704 87 26 prosten
749 702 91 22 Heikels

91 736 90 26 förslag,
198 735 69 22 likväl
283 736 48 21 med
348 735 41 22 den
406 736 159 28 modifikation,
576 738 32 20 att
618 736 96 27 ståndet,
722 737 70 27 jemte
803 737 37 21 det

92 770 121 22 detsamma
230 770 22 21 åt
266 770 129 28 regeringen
410 770 161 22 öfverlemnade
586 772 33 20 att
634 770 83 22 fördela
732 770 107 28 ifrägava-

91 804 68 21 rande
175 804 72 22 medel
262 804 33 21 för
309 804 27 22 de
352 804 24 21 af
388 804 106 22 utskottet
509 804 125 28 föreslagna
649 804 112 28 ändamäl,
773 806 66 20 mätte

92 839 70 21 uttala
182 838 40 22 den
244 838 94 28 örskan,
360 841 32 19 att
412 838 151 28 fördelningen
579 838 84 22 skedde
678 838 8 22 i
701 846 83 14 samma
798 839 41 21 för-

91 873 111 28 hållande,
214 880 46 15 som
270 873 8 21 i
288 873 151 22 betänkandet
449 873 130 28 föreslagits.
609 873 139 22 Beträffande
757 874 83 21 utskot-

92 909 42 20 tets
152 907 82 28 förslag
251 908 8 20 i
278 907 104 22 afseende
399 908 13 21 å
427 907 150 28 fördelningen
593 907 25 22 af
629 907 106 28 bidragen
752 907 32 22 till
800 908 40 21 lin-

92 943 63 26 dring
178 942 24 21 af
221 942 183 27 vägabyggnads-
426 943 39 20 och
488 942 277 27 hållskjutsningstungan,
789 942 51 21 ville

92 977 138 28 domprosten
246 977 115 25 anmärka,
378 978 32 20 att
424 976 183 29 hållskjutslagen
622 976 50 21 icke
688 977 152 21 sammanfalla

92 1011 50 21 med
161 1011 167 28 kommunerna,
349 1013 57 20 samt
425 1013 32 20 att
477 1011 88 22 således
584 1010 151 28 fördelningen
756 1011 84 28 lämpli-

79 1041 66 32 "gare
160 1045 73 22 kunde
250 1046 40 21 ske
304 1045 90 22 länevis.

160 1080 209 28 Kontraktsprosten
390 1079 78 22 doktor
489 1079 121 22 Granfelt
630 1079 70 28 ansåg
720 1081 41 26 att,
782 1081 59 20 utom

93 1115 27 21 de
139 1115 7 20 i
165 1114 150 22 betänkandet
333 1114 125 28 föreslagna
474 1117 79 25 poster,
571 1114 63 21 äfven
650 1114 78 27 anslag
744 1113 33 22 till
793 1114 48 21 dår-

93 1149 93 22 vårdens
202 1149 162 28 upphjelpande
379 1149 67 22 borde
461 1148 26 22 af
499 1149 95 22 kronans
610 1148 65 22 andel
690 1148 8 21 i
712 1148 128 21 brännvins-

94 1183 88 22 skatten
197 1184 58 27 utgå.

162 1218 209 27 Kontraktsprosten
388 1217 74 22 Sirén
473 1217 96 29 yttrade:
581 1218 31 21 På
622 1217 24 21 af
654 1219 87 26 prosten
752 1218 27 21 H.
790 1217 52 22 Hei-

93 1252 38 21 kel
148 1252 40 21 och
205 1251 139 28 domprosten
362 1252 59 27 Borg
439 1251 68 22 redan
526 1251 92 22 anförda
638 1251 49 22 skäl
702 1251 87 22 förenar
800 1251 42 28 jag

94 1286 45 27 mig
158 1285 50 22 med
225 1285 93 23 nämnde
338 1286 69 22 talare
424 1286 54 27 deri,
499 1288 31 19 att
545 1288 69 19 större
629 1285 65 22 frihet
708 1285 67 22 måtte
790 1285 52 21 lem-

93 1327 40 14 nas
149 1319 129 28 regeringen
293 1320 7 21 i
316 1320 104 21 afseende
435 1321 14 20 å
465 1319 156 29 dispositionen
637 1319 25 22 af
674 1319 168 27 ifrågavarande

94 1354 71 21 medel
184 1356 56 19 samt
255 1354 87 21 ståndet
358 1354 77 21 endast
451 1355 83 27 antyda
549 1354 32 22 för
596 1353 76 22 hvilka
687 1353 103 22 ändamål
805 1353 37 21 de-

94 1394 84 15 samma
197 1387 53 22 böra
266 1387 122 28 användas,
405 1394 48 15 men
465 1388 42 27 jag
520 1388 70 21 måste
606 1387 56 22 dock
677 1387 106 27 derjemte
797 1389 46 19 mot

94 1421 117 30 utskottets
227 1421 139 24 betänkande
381 1424 55 29 göra
445 1423 70 29 några
525 1421 177 28 anmärkningar.
732 1420 110 23 Utskotts-
