1023 1742
198 134 27 20 60

169 202 60 19 snart
242 199 36 21 vid
295 198 72 21 denna
381 197 107 27 landtdag
504 198 96 20 kommer
616 199 31 18 att
663 196 24 20 af
700 196 86 22 landets
802 195 119 28 höglofliga

168 233 89 21 ständer
272 232 97 28 pröfvas,
386 232 25 20 så
426 231 67 21 borde
508 231 46 27 väl,
570 231 69 26 enligt
655 230 47 21 mitt
717 230 150 27 förmenande,
884 231 37 19 nå-

168 274 43 20 gon
229 266 127 26 förändring
374 266 6 20 i
400 267 31 19 ett
447 265 99 27 specielt,
563 267 48 18 rent
627 264 108 28 kyrkligt,
750 264 170 27 lagstadgande,

168 308 46 14 som
239 302 7 20 i
271 300 125 27 väsendtlig
421 300 50 20 mån
491 299 104 27 antingen
615 298 112 22 befordrar
747 299 53 21 eller
819 298 103 22 förlamar

168 336 99 27 kyrkans
290 334 148 27 verksamhet,
459 333 151 22 dessförinnan
628 333 50 21 icke
693 333 112 21 befordras
821 333 33 21 till
870 333 51 21 slut-

168 370 41 26 ligt
234 368 125 28 afgörande.
390 369 69 20 Hvem
483 369 24 20 af
527 367 86 22 landets
633 367 133 22 församlade
788 367 133 22 förtroende-

169 407 50 18 män
232 411 51 14 vore
299 410 28 14 nu
343 403 124 26 redobogen
480 404 32 20 att
526 402 52 22 derå
590 402 81 27 afgifva
680 404 31 19 ett
719 402 204 23 tillfredsställande

169 438 64 21 svar?
258 438 59 21 Hvar
337 436 39 22 och
395 444 26 14 en
444 439 110 25 prestman
577 436 62 21 torde
661 437 36 20 väl
717 436 65 21 hafva
808 437 57 27 gjort
889 436 34 27 sig

169 472 54 21 reda
241 472 33 21 för
292 471 129 28 betydelsen
437 470 25 21 af
473 470 63 22 skrift
552 470 40 22 och
609 470 116 28 aflösning,
742 477 48 15 men
806 471 68 21 likväl
886 470 36 21 be-

170 506 80 27 tviflas,
271 513 34 14 om
323 505 7 21 i
349 512 26 14 en
394 506 25 20 så
434 505 70 27 vigtig
520 505 39 21 och
575 504 254 28 meningsskiljaktighet
845 504 76 22 under-

168 540 81 22 kastad
262 534 7 37 —
279 539 280 28 privilegii-angelägenhet
585 539 28 27 på
641 538 73 22 denna
743 538 106 28 landtdag
877 538 45 21 kan

169 574 165 22 ästadkommas
350 576 30 18 ett
395 573 34 21 för
443 573 72 21 finska
530 573 98 28 kyrkans
644 572 87 22 framtid
748 572 117 22 helsosamt
876 573 45 27 lag-

170 608 129 27 stadgande.
336 608 43 21 Vår
406 608 31 20 tid
465 610 24 18 är
517 614 26 14 en
567 607 173 28 öfvergängstid,
762 614 46 14 som
830 608 94 26 kämpar

170 642 50 22 med
243 641 154 28 födslovända,
416 643 33 19 att
468 643 48 19 utur
537 641 37 21 det
594 642 74 27 gamla
693 641 132 27 frambringa
851 642 72 20 bättre

169 676 113 22 samhälls-
301 676 40 22 och
360 675 233 29 kyrkoförfattningar,
614 682 49 14 men
683 676 60 21 detta
759 676 42 20 kan
813 676 50 21 icke
878 676 44 27 lyc-

168 712 52 26 kas,
242 710 91 22 säframt
352 710 50 21 icke
418 710 98 28 kyrkans
532 710 139 21 medlemmar
686 710 70 27 gifves
773 710 30 20 tid
819 710 40 21 och
875 710 48 21 räd-

169 752 46 14 rum
235 747 32 19 att
285 744 124 22 skärskäda
424 744 40 21 och
480 744 112 27 begrunda
609 744 24 21 sä
649 744 34 21 väl
699 744 26 22 de
741 745 118 28 principer,
875 744 47 21 från

169 779 75 21 hvilka
263 779 36 21 det
317 778 96 22 nämnda
428 778 228 28 kyrkolagsförslaget
670 779 72 27 utgär,
759 786 46 14 som
821 779 41 21 ock
879 778 44 22 alla

169 814 28 20 de
223 812 241 28 detaljbestämningar,
494 812 37 22 det
556 812 96 22 föreslår.
692 813 125 27 Förslagets
843 815 80 19 största

169 847 143 22 berömmelse
333 847 40 21 och
393 846 100 28 förtjenst
513 846 77 28 tyckes
616 848 43 25 mig
684 846 61 28 ligga
763 847 55 27 deri,
838 849 32 19 att
886 847 37 21 det

170 882 113 27 särskiljer
303 883 44 20 stat
365 881 39 22 och
426 882 71 27 kyrka
516 881 40 22 och
572 881 103 22 hänvisar
690 882 22 21 ät
729 882 57 21 bäda
802 889 37 20 en,
856 882 68 27 enligt

170 916 61 22 Guds
252 916 39 21 ord
313 916 153 27 föreskrifven,
486 916 139 28 sjelfständig
648 917 148 28 verksamhet,
823 919 66 24 samt,
917 917 6 20 i

169 951 59 21 kraft
247 950 24 22 af
284 953 139 19 samvetsrätt
439 951 40 20 och
494 951 42 22 den
552 951 125 28 personliga
688 951 168 28 ansvarigheten
868 951 56 21 inför

170 985 57 28 Gud,
253 985 72 28 hyllar
349 985 40 21 och
414 985 99 21 förordar
538 985 209 27 religionsfrihetens
775 985 148 28 grundsatser,

167 1020 86 27 hvilka,
277 1019 25 21 så
323 1022 60 19 snart
403 1019 27 21 de
449 1020 136 27 konseqvent
605 1020 148 28 genomföras,
773 1020 89 27 angifva
881 1020 42 21 den

170 1053 56 22 enda
248 1055 58 20 rätta
326 1053 166 22 bestämmelsen
513 1054 33 22 för
565 1054 159 28 kyrkotukten,
745 1055 69 21 sådan
839 1054 41 21 den
901 1054 26 21 af

168 1088 39 21 vår
230 1088 53 28 dyre
305 1088 101 21 Frälsare
429 1088 52 27 sjelf
498 1089 6 20 i
521 1088 62 22 ordet
598 1088 139 22 föreskrifves
754 1089 40 21 och
808 1088 115 28 påbjudes.

168 1117 31 26 Är
220 1123 28 20 då
267 1129 27 14 en
312 1123 125 26 lagbunden
457 1123 170 27 religionsfrihet
643 1123 41 21 den
701 1123 56 21 enda
774 1123 102 27 kyrkliga
892 1123 30 20 in-

169 1156 109 27 stitution,
302 1163 45 14 som
371 1157 43 20 kan
433 1157 75 20 utöfra
528 1164 26 14 en
575 1157 49 20 med
645 1157 90 21 skriften
757 1157 166 21 öfverensstäm-

169 1190 79 21 mande
270 1190 120 28 kyrkotukt
412 1191 40 21 och
471 1191 64 21 äfven
556 1192 5 20 i
579 1191 44 20 alla
640 1191 69 21 andra
723 1190 153 22 förhållanden
891 1191 33 21 för

169 1224 86 27 kyrkan
283 1225 54 21 bära
362 1225 183 27 välsignelserika
572 1225 92 27 frukter,
684 1226 25 21 så
732 1227 24 19 är
775 1225 40 21 ock
835 1232 45 14 mer
895 1228 27 18 än

168 1258 67 26 klart,
263 1261 32 19 att
313 1259 69 21 under
400 1259 137 22 närvarande
558 1259 150 22 förhållanden
725 1259 66 27 något
814 1259 109 27 nöjaktigt

168 1292 83 25 lagbud
281 1299 34 14 om
346 1292 72 21 denna
445 1293 25 20 så
498 1293 89 20 kallade
616 1293 156 27 kyrkoplikten
800 1293 50 20 icke
879 1293 43 20 kan

168 1325 171 22 åstadkommas.
371 1326 35 20 Att
429 1326 54 21 hvar
506 1327 39 20 och
567 1333 27 14 en
608 1327 49 20 med
674 1329 79 18 största
769 1327 74 26 glädje
859 1326 64 27 gillar

168 1359 41 21 och
224 1359 129 27 godkänner
369 1359 99 22 bemälde
484 1359 215 28 kyrkolagsförslags
720 1360 107 28 principer
851 1361 71 20 såsom

168 1393 27 22 de
215 1393 57 22 enda
291 1395 66 26 rätta,
378 1401 64 14 anser
456 1394 42 27 jag
518 1394 119 27 sjelffallet,
655 1401 48 14 men
719 1397 32 19 att
768 1395 79 26 många
862 1394 60 21 olika

168 1428 82 27 åsigter
267 1428 7 21 i
294 1428 84 28 kyrkan
395 1429 78 27 uppstå
489 1429 93 21 rörande
598 1429 116 27 förslagets
731 1429 59 22 olika
805 1429 62 21 delar
882 1429 39 21 och
