1025 1770
210 140 25 21 28

182 205 35 21 del
238 211 52 15 ense
310 204 50 22 med
380 203 139 29 domprosten
533 204 98 28 Renvall,
648 203 40 22 och
699 192 62 34 hvad
778 204 101 27 slutligen
895 211 37 15 an-

181 239 51 28 gick
249 239 42 22 den
305 239 48 22 lösa
368 239 167 28 befolkningens
551 238 147 29 förpligtande
714 241 32 20 att
760 241 52 26 taga
824 239 109 28 årstjenst,

181 274 26 22 så
228 281 51 15 vore
301 274 68 27 tvång
388 273 131 22 härutinnan
535 273 107 22 orättvist.
671 267 109 34 Årstjenst
796 273 73 22 kunde
884 273 50 23 icke

181 309 33 22 för
236 309 45 22 alla
303 309 119 28 anskaffas,
446 309 39 21 och
507 308 66 22 minst
596 309 22 21 åt
641 309 49 22 dem
709 316 45 15 som
774 309 58 28 gjort
847 309 34 28 sig
896 309 39 22 illa

181 344 82 21 kända.
292 343 92 22 Derföre
399 343 67 22 borde
482 343 74 22 härom
572 343 65 28 gälla,
654 343 58 22 hvad
727 343 57 22 förut
799 344 64 21 fanns
874 343 59 22 stad-

182 378 59 28 gadt,
257 380 32 19 att
305 378 78 21 endast
398 377 34 28 de,
449 378 22 21 åt
486 378 75 21 hvilka
577 377 103 28 årstjenst
696 378 94 29 erbjöds,
806 378 71 22 skulle
893 378 41 22 för-

182 413 80 28 pligtas
277 412 70 22 sådan
363 413 116 26 emottaga.

249 446 210 28 Kontraktsprosten
482 446 101 22 Hellén
606 446 85 29 delade,
707 446 8 22 i
730 446 76 28 frågan
822 454 35 14 om
872 446 63 29 intyg

183 481 59 21 öfver
257 480 255 29 kristendomskunskap,
527 481 7 21 i
550 480 43 22 allo
605 480 139 28 domprosten
754 480 104 23 Renvalls
869 481 64 28 åsigt,

183 515 40 21 och
244 515 37 21 det
300 515 26 21 så
339 515 87 28 mycket
441 522 46 14 mer
502 522 45 14 som
564 516 31 20 ett
610 514 123 28 stadgande
748 515 76 23 härom
839 522 52 15 vore
907 522 27 14 en

182 550 127 27 förändring
331 549 25 21 af
374 556 29 15 nu
423 550 102 26 gällande
544 550 165 27 bestämningar
724 549 7 21 i
747 552 79 20 ämnet.
857 550 77 21 Härin-

182 584 45 22 tills
242 584 73 22 kunde
331 584 33 21 till
380 584 98 28 exempel
495 584 48 28 den,
560 591 45 15 som
618 584 49 21 icke
680 584 70 22 blifvit
761 584 130 22 admitterad
901 584 33 21 till

183 619 136 27 nattvarden,
337 618 82 22 erhålla
434 618 203 28 besittningsrätten
652 619 33 21 till
696 621 31 19 ett
738 620 53 27 torp,
803 619 78 21 endast
891 618 44 22 han

183 652 98 28 föröfrigt
296 652 78 22 förhöll
390 652 34 28 sig
439 652 71 27 ärligt.
540 652 125 28 Tvingades
685 653 84 21 sådane
784 660 104 21 personer
903 655 32 19 att

183 689 82 25 antaga
280 694 72 14 annan
368 686 72 28 tjenst,
456 687 73 21 kunde
546 686 27 22 de
589 690 58 18 ännu
662 687 84 22 mindre
761 694 53 14 vara
827 687 8 21 i
848 686 87 22 tillfälle

183 723 32 20 att
230 721 96 21 förkofra
342 720 34 22 sin
390 720 257 28 kristendomskunskap.
677 722 103 21 Deremot
795 721 68 22 borde
874 722 60 20 kom-

183 756 182 27 munalstyrelsen
385 755 120 27 berättigas
526 757 32 19 att
576 758 67 24 vägra
659 755 83 22 sådane
757 762 104 22 personer
876 756 59 28 sjelf-

183 790 89 28 försvar,
288 790 76 21 hvilka
378 789 58 22 lefde
451 790 108 22 sedeslöst
575 790 39 22 och
630 789 19 28 ej
665 790 111 27 arbetade,
788 792 51 20 utan
850 790 33 22 till
895 790 40 22 och

183 824 49 22 med
247 824 73 22 kunde
335 824 93 22 förslösa
444 824 36 22 det
496 824 118 22 understöd
630 824 239 29 fattigvårdsstyrelsen
882 824 51 22 lem-

182 862 38 18 nat
235 859 64 21 deras
314 858 102 28 familjer.

251 893 90 22 Prosten
359 893 80 22 Sulin
455 894 70 27 ansåg
539 895 32 19 att
587 895 12 25 &
615 894 8 20 1
642 893 7 22 i
665 893 42 22 den
722 893 120 28 kejserliga
857 901 77 20 propo-

183 928 93 22 sitionen
291 935 39 14 var
344 927 52 22 vida
411 927 87 22 klarare
515 927 39 22 och
570 927 70 22 bättre
655 927 123 29 redigerad,
794 930 28 19 än
832 928 8 21 i
850 928 83 21 utskot-

183 964 42 20 tets
248 962 146 27 betänkande,
418 963 32 20 att
471 962 60 22 bevis
551 962 115 27 angående
684 962 250 29 kristendomskunskap

182 997 50 22 icke
247 1003 39 15 var
301 996 24 21 af
333 996 78 28 nöden,
423 998 32 19 att
466 995 218 30 kommunalstyrelse
695 996 67 22 borde
773 996 83 23 tillåtas
866 999 69 26 vägra

182 1031 39 22 illa
243 1030 74 22 kända
339 1037 104 21 personer
465 1031 138 27 sjelfförsvar,
627 1032 56 20 samt
704 1032 32 20 att
755 1031 57 22 slika
830 1037 105 22 personer

182 1065 58 28 finge
255 1065 87 27 tvingas
358 1065 32 21 till
406 1065 110 28 årstjenst,
533 1072 45 15 som
594 1065 84 22 talaren
693 1065 78 22 trodde
786 1065 63 22 alltid
860 1065 75 22 kunna

183 1100 103 27 erhållas,
311 1099 73 22 derest
406 1099 205 28 tjenstbehöfvande
634 1099 19 28 ej
675 1107 40 14 var
734 1099 98 29 vildsint,
854 1099 29 22 då
898 1100 37 22 det

183 1135 46 21 åter
243 1141 40 15 var
297 1134 87 21 rättvist
400 1135 32 20 att
447 1133 43 22 han
506 1134 172 22 öfverlemnades
693 1134 7 22 i
711 1134 222 29 kronobetjeningens

183 1169 90 21 händer.

251 1202 209 29 Kontraktsprosten
482 1203 145 22 Stenbäck
649 1204 53 21 ville
718 1203 50 22 icke
786 1203 110 28 medgifva
912 1205 23 20 åt

183 1238 78 27 någon,
285 1244 46 15 som
355 1237 19 28 ej
398 1237 139 23 vitsordades
556 1238 93 27 försörja
668 1239 34 26 sig
720 1245 78 20 genom
816 1238 65 27 ärligt
897 1241 37 18 nä-

182 1271 122 28 ringsfång,
325 1273 44 19 rätt
388 1271 33 22 till
437 1271 139 29 sjelfförsvar,
593 1274 57 19 samt
665 1273 70 26 ansåg
749 1272 7 21 i
773 1272 77 27 högsta
866 1273 67 21 måtto

182 1305 91 26 vådligt,
289 1307 32 19 att
336 1305 110 26 medgifva
462 1306 22 20 åt
500 1307 86 20 enskild
601 1313 79 19 person
695 1307 53 20 eller
758 1306 176 27 tillsyningsman

182 1340 43 20 rätt
240 1340 33 19 att
287 1338 122 21 bestämma
423 1338 84 28 härom;
523 1341 24 25 ty
563 1339 28 21 då
606 1338 73 22 kunde
694 1339 55 21 hvar
764 1339 40 21 och
818 1346 27 14 en
856 1346 78 20 genom

182 1372 67 21 böner
265 1372 53 21 eller
333 1371 95 23 hotelser
442 1372 106 22 förskaffa
563 1373 34 27 sig
612 1372 139 28 sjelfförsvar.

250 1406 145 28 Domprosten
415 1407 68 27 Borg
498 1407 105 29 erinrade,
621 1409 32 19 att
668 1407 54 22 hans
738 1407 40 23 och
794 1407 92 28 troligen
903 1407 30 22 äf-

183 1448 41 17 ven
247 1442 87 30 prosten
357 1441 91 22 Heikels
465 1442 88 31 mening
571 1442 56 22 varit
643 1441 79 23 endast
737 1443 31 21 att
783 1441 76 31 hvarje
875 1442 58 23 med-
