1025 1789
210 123 41 21 884

253 187 75 27 Enligt
347 186 58 21 hvad
424 185 124 22 stafistiska
564 185 53 20 data
633 185 59 26 gifva
708 184 36 21 vid
759 184 97 27 handen,
873 183 66 22 aflida

185 222 84 27 ärligen
289 221 82 21 inemot
391 219 126 22 sexhundra
536 219 92 27 gvinnor
647 219 7 20 i
669 218 76 21 landet
760 213 32 26 uti
808 217 129 28 barnsbörd,

185 256 39 22 och
240 255 93 27 mången
348 253 67 22 bland
431 253 49 22 dem
497 253 100 27 oförlöst;
612 252 111 27 hvarföre,
740 252 40 21 och
796 252 29 21 dä
840 259 26 14 en
883 252 6 21 i
905 251 34 28 sig

184 289 54 28 sjelf
248 288 98 27 naturlig
360 287 130 29 fysiologisk
505 287 40 22 akt
560 286 87 22 kräfver
665 286 27 22 sä
709 287 81 26 många
808 286 58 27 offer,
879 285 60 22 detta

184 325 71 20 måste
272 329 66 16 anses
356 322 116 21 förutsätta
492 323 32 20 att
543 321 42 21 den
603 321 38 21 vid
656 320 161 27 förlossningen
833 319 105 23 erforder-

186 358 46 27 liga
249 357 88 28 hjelpen
358 356 6 21 i
383 355 120 22 allmänhet
518 355 49 22 icke
583 355 45 21 kan
643 361 54 14 vara
711 357 69 19 annat
795 357 28 19 än
839 354 7 22 i
861 354 80 27 högsta

186 392 55 28 grad
264 390 118 27 bristfällig
403 390 40 21 och
462 389 101 28 förvänd,
585 389 83 21 hvilket
688 388 64 22 äfven
768 395 26 14 ur
811 388 128 28 provinsial-

186 426 118 21 läkarenes
327 423 167 23 årsberättelser
517 423 45 22 står
584 425 33 20 att
636 423 115 22 inhemtas.
781 423 98 22 Landets
899 422 42 23 för-

187 459 80 23 seende
286 458 51 22 med
356 458 98 26 kunniga
473 457 160 27 barnmorskor,
653 456 192 28 hufvudsakligast
862 463 79 21 genom

187 492 177 24 underlättandet
379 492 25 21 af
416 491 96 22 tillfället
524 491 33 22 för
570 490 65 22 äfven
645 490 85 22 mindre
740 490 130 22 bemedlade
881 491 60 27 gvin-

188 534 39 15 nor
248 526 68 22 bland
339 526 108 26 allmogen
472 527 32 19 att
528 524 97 22 inhemta
649 524 103 28 grundlig
775 524 124 22 kännedom
919 524 26 22 af

188 560 218 28 barnmorskeyrket,
426 560 44 20 kan
485 559 85 21 derföre
585 559 50 21 icke
651 561 69 19 annat
735 560 28 20 än
779 559 113 21 betraktas
906 560 35 20 så-

189 602 48 16 som
255 595 30 28 på
304 594 38 22 det
360 594 79 27 högsta
458 594 25 20 af
495 593 102 22 behofvet
612 593 124 28 påkalladt;
752 592 41 22 och
808 593 133 28 prestastån-

190 630 37 22 det
247 628 107 23 särskildt
372 634 64 16 anser
455 628 35 27 sig
507 628 67 21 hafva
593 628 24 21 så
636 628 88 27 mycket
740 629 69 20 större
824 627 120 28 anledning

189 664 32 21 att
236 663 40 21 hos
291 662 70 22 Eders
376 662 126 28 Kejserliga
516 662 104 28 Majestät
635 661 160 27 underdånigst
807 661 90 21 anhålla
907 668 35 15 om

189 697 88 27 nädigst
297 696 133 28 vidtagande
448 696 78 28 åtgärd
545 696 33 21 till
593 696 144 27 afhjelpande
753 696 24 21 af
791 696 61 21 detta
867 696 74 28 behof,

189 738 46 15 som
259 730 163 29 presterskapet
441 737 78 21 genom
540 730 121 28 kejserliga
681 730 85 22 brefvet
786 730 42 22 den
849 731 26 21 26
892 731 50 27 juni

191 766 54 22 1827
269 768 24 18 är
314 765 76 27 älagdt
412 766 32 20 att
467 765 59 21 tillse
548 765 37 21 det
607 764 138 28 erforderligt
764 765 61 22 antal
844 764 99 28 kunniga

189 799 156 23 barnmorskor
359 800 7 21 i
380 799 182 28 församlingarne
578 799 19 27 ej
614 800 36 20 mä
665 800 89 21 saknas.

257 834 12 21 I
283 833 81 22 sådant
378 833 105 22 afseende
499 833 91 23 utbeder
605 834 34 26 sig
653 833 164 29 prestaständet
832 835 33 21 att
878 834 8 20 i
896 833 47 28 dju-

189 870 64 26 paste
272 866 176 28 underdänighet
466 868 23 21 fä
507 867 87 29 föreslä,
616 870 33 19 att
668 868 44 21 den
727 867 25 23 af
767 868 70 22 Eders
855 868 88 27 Kejser-

189 902 46 28 liga
252 902 103 27 Majestät
373 902 113 27 påbjudna
505 902 275 28 aceouchementsanstalt,
799 902 37 22 vid
853 902 90 23 hvilken

191 936 7 21 i
218 936 51 22 dess
284 935 126 22 nuvarande
426 936 63 21 skick
506 936 79 22 endast
599 938 32 19 ett
646 936 143 27 otillräckligt
805 936 60 21 antal
880 936 63 22 barn-

191 970 161 21 morskeelever
367 969 74 22 kunna
457 972 122 25 emottagas
594 970 42 21 och
650 970 102 28 hvarvid,
768 970 67 21 ehuru
846 970 42 21 den
899 971 44 20 olä-

192 1003 91 28 genhet,
299 1010 47 15 som
362 1003 257 29 undervisningsspräket
635 1003 141 22 härförinnan
791 1003 103 29 medfört,
910 1011 36 21 ge-

191 1044 50 15 nom
260 1037 83 28 nådiga
361 1037 155 28 förordningen
535 1038 25 21 af
576 1038 41 21 den
639 1039 26 20 18
687 1038 93 22 oktober
801 1039 54 21 1859
875 1039 70 21 blifvit

192 1071 132 28 undanröjd,
340 1071 70 22 likväl
426 1072 36 21 det
477 1072 139 27 tillgängliga
626 1072 183 22 läromaterialets
820 1073 125 22 inskränkt-

193 1105 38 22 het
248 1105 134 22 fortfarande
400 1105 100 28 betingar
516 1113 26 15 en
558 1107 76 26 längre
648 1107 110 27 lärokurs,
775 1109 27 18 än
818 1114 47 14 som
881 1107 64 28 eljest

192 1145 51 16 vore
258 1138 104 29 behöflig,
379 1139 67 22 mätte
461 1147 78 20 genom
555 1140 102 22 förökadt
673 1141 135 27 statsanslag
821 1141 67 22 vinna
902 1141 42 22 den

191 1173 139 28 utvidgning,
352 1175 32 19 att
403 1175 32 20 ett
455 1177 69 18 större
544 1175 61 21 antal
626 1175 73 21 elever
719 1175 39 21 der
775 1175 74 22 kunde
868 1175 77 23 under-

191 1207 68 27 visas,
276 1207 113 22 äfvensom
405 1210 41 25 att,
463 1208 7 21 i
486 1208 69 22 likhet
569 1208 50 22 med
635 1209 59 21 hvad
707 1209 7 21 i
730 1209 91 27 Sverige
836 1212 25 18 är
874 1209 71 28 fallet,

192 1240 48 21 frän
255 1241 248 27 landsförsamlingarna
519 1242 70 22 skulle
605 1245 123 24 emottagas
743 1243 30 21 tio
788 1245 14 19 &
817 1243 42 21 tolf
867 1244 78 27 elever,

192 1274 76 21 hvilka
285 1275 29 28 pä
333 1276 85 21 statens
436 1275 123 22 bekostnad
578 1276 82 22 erhölle
678 1277 98 27 husrum,
797 1277 89 27 eldning
904 1278 41 21 och

191 1308 42 27 ljus
253 1309 13 21 &
285 1309 198 22 barnsbördshuset
501 1312 56 19 samt
576 1317 26 14 en
622 1311 84 20 mindre
724 1318 84 14 summa
823 1312 122 26 penningar

190 1341 7 20 i
218 1342 107 20 månaden
347 1342 30 21 till
396 1343 38 20 sitt
453 1343 117 26 uppehälle
589 1343 68 22 under
675 1344 118 25 lärotiden,
814 1344 132 22 åtminstone

192 1373 108 22 intilldess
323 1375 108 27 allmogen
451 1377 13 20 &
488 1377 76 21 landet
587 1377 86 22 komme
697 1380 32 19 att
748 1378 135 22 allmännare
901 1378 47 23 inse

195 1407 102 22 behofvet
321 1408 25 21 af
364 1409 5 20 i
391 1409 65 28 yrket
477 1410 96 28 kunniga
595 1412 153 21 barnmorskor
770 1412 39 22 och
829 1412 64 22 deraf
909 1412 42 23 för-
