1025 1750
789 116 41 22 807

104 181 65 23 stånd
185 181 124 28 angående,
324 182 53 21 utan
393 181 45 22 alla
452 182 48 28 fyra
516 181 85 23 riksens
612 183 100 22 ständers
724 184 129 30 vetenskap,

103 216 79 28 gjorda
199 216 136 28 påminnelse
356 216 39 22 och
412 216 121 29 samtycke,
551 216 64 22 skola
629 217 95 27 utgifvas
740 218 40 21 och
796 219 58 22 med-

103 250 83 22 delas”.
216 250 73 28 Något
304 250 124 28 stadgande
444 253 32 19 att
491 251 31 21 uti
537 251 69 27 några
617 252 69 20 andra
696 252 28 28 på
736 253 118 22 ständerna

102 284 110 22 beroende
231 284 79 28 frågor,
330 291 52 15 vare
402 285 34 27 sig
449 284 158 28 lagstiftnings-
623 285 53 21 eller
692 285 162 29 beskattnings-

102 318 79 28 frågor,
201 319 44 21 alla
263 318 48 29 fyra
329 318 105 23 ståndens
450 318 113 29 samtycke
580 326 50 14 vore
645 319 87 29 nödigt,
746 320 107 23 förekom-

102 360 45 15 mer
169 353 98 22 deremot
289 353 50 22 icke
359 353 6 21 i
385 353 95 22 nämnde
498 354 41 21 hos
559 360 36 16 oss
615 354 103 26 gällande
738 356 114 28 grundlag.

101 388 57 22 Lika
173 388 48 22 litet
235 387 145 23 förekommer
396 388 38 21 der
450 388 67 28 något
530 388 133 28 stadgande,
679 388 54 22 huru
748 389 104 23 förhållas

102 423 66 28 skall,
186 423 29 22 då
230 423 27 22 de
268 423 110 22 särskilda
388 423 94 22 stånden
493 425 79 20 stanna
582 424 7 20 i
601 423 60 21 olika
671 424 78 22 beslut.
779 426 74 27 Fråga

102 464 34 15 om
158 457 102 22 behofvet
283 457 24 22 af
325 459 31 20 ett
378 457 123 28 stadgande
523 457 131 22 härutinnan
677 458 91 23 väcktes
784 459 68 22 redan

100 492 29 28 på
149 492 119 28 riksdagen
289 493 25 21 år
333 493 61 27 1779,
414 499 50 15 men
482 492 51 22 dess
553 491 120 29 afgörande
694 493 106 28 uppsköts
819 495 33 21 till

100 526 149 28 nästföljande
263 526 97 28 riksdag.
391 526 41 23 Vid
448 527 81 28 denna,
544 534 46 15 som
605 527 56 22 hölls
677 528 64 28 1786,
758 531 93 26 upptogs

100 561 78 28 frågan
199 561 56 29 ånyo
274 561 40 22 och
335 561 111 28 afgjordes
467 562 33 26 så,
517 563 32 20 att
566 561 43 27 ,uti
624 561 27 22 de
667 562 105 27 ärenden,
789 563 62 22 hvar-

100 596 31 21 uti
147 596 68 27 enligt
230 597 28 26 $$
273 597 37 27 40,
326 597 37 26 41,
379 597 37 27 42,
433 596 37 28 43,
487 596 84 28 (hvilka
587 596 82 21 handla
683 604 33 14 om
728 598 123 26 stadgande

100 630 41 22 och
164 630 127 28 förändring
311 630 25 22 af
350 630 82 22 allmän
447 630 45 28 lag)
509 630 40 22 och
565 632 12 26 &
594 631 26 21 57
637 632 57 24 (som
708 630 94 23 handlar
816 639 34 15 om

99 664 122 28 förklaring
236 664 25 22 af
273 664 117 30 grundlag)
406 664 32 22 uti
452 666 54 20 1772
518 664 167 28 regeringsform
696 665 86 22 riksens
792 668 59 20 stän-

100 699 50 23 ders
166 699 112 23 utlåtande
294 702 53 24 äger
362 706 55 21 rum,
434 701 58 20 utom
508 699 7 21 i
530 699 117 29 privilegii-
659 699 41 23 och
710 700 140 29 bevillnings-

99 735 53 28 mål,
177 734 73 22 derom
273 734 106 22 särskildt
401 734 123 28 stadgande
546 734 7 22 i
570 734 83 22 samma
669 734 108 28 grundlag
790 735 60 28 igen-

100 769 79 28 finnes,
199 769 86 22 fordras
300 770 32 20 tre
348 768 76 23 stånds
440 769 235 21 sammanstämmande
691 770 111 27 pluralitet
817 770 34 21 för

99 806 32 20 att
147 806 78 26 utgöra
243 804 86 22 riksens
349 803 101 23 ständers
465 806 55 26 röst;
536 811 49 15 men
601 805 48 20 åter
663 806 41 19 när
718 804 38 22 två
770 804 80 22 stadna

98 841 44 19 mot
161 839 47 27 två,
229 840 32 20 att
279 838 70 22 saken
368 838 98 22 förfaller
482 838 40 22 och
538 838 111 22 förblifver
664 838 7 22 i
687 845 83 15 samma
786 839 63 22 skick

98 872 42 23 den
162 873 58 22 förut
242 873 77 22 varit".
349 873 79 21 Denna
450 872 146 28 bestämning,
617 879 45 15 som
684 872 166 24 förekommer
836 868 17 37 i

98 908 13 26 8
134 908 13 21 3
170 907 25 21 af
216 908 54 21 1786
293 908 36 21 års
344 906 183 29 riksdagsbeslut,
545 909 23 20 är
583 907 86 27 ganska
685 907 90 28 otydlig.
805 908 45 22 Det

97 941 62 23 heter
183 942 120 28 nemligen,
327 943 33 20 att
381 941 7 21 i
413 942 55 20 1772
490 941 37 22 års
549 941 168 27 regeringsform
739 942 32 21 uti
792 942 56 21 före-

97 976 94 22 nämnde
212 975 104 23 afseende
331 975 91 22 särskilt
437 975 123 28 stadgande
575 975 145 22 förekommer
734 982 34 15 om
784 975 64 29 privi-

97 1010 61 28 legii-
185 1010 40 22 och
250 1010 184 28 bevillningsmål.
463 1010 49 22 Men
538 1010 119 28 genomgår
679 1016 51 15 man
752 1010 96 22 nämnde

98 1045 117 28 grundlag,
237 1045 70 22 finner
329 1052 60 21 man,
413 1045 72 21 såsom
501 1044 43 28 jag
561 1044 69 22 redan
645 1046 84 24 nämnt,
746 1044 38 22 der
798 1044 50 22 icke

98 1080 66 27 något
187 1080 80 21 sådant
289 1079 125 27 stadgande
437 1086 34 15 om
493 1078 141 28 bevillnings-
650 1081 52 19 utan
718 1079 79 21 endast
812 1085 35 15 om

96 1114 165 29 privilegiimål,
281 1120 36 16 om
335 1113 77 22 hvilka
432 1114 37 21 det
488 1114 67 27 heter,
572 1115 33 20 att
619 1114 69 27 några
702 1120 44 21 nya
762 1113 86 28 privile-

97 1149 47 28 gier
166 1149 24 21 åt
212 1151 31 20 ett
265 1148 65 23 stånd
350 1148 18 28 ej
386 1148 22 22 få
423 1148 113 23 meddelas
551 1149 52 20 utan
619 1148 45 21 alla
679 1148 48 28 fyra
742 1148 105 22 riksstån-

98 1183 53 22 dens
169 1183 120 28 samtycke.
319 1183 50 22 Man
388 1183 40 21 har
443 1182 121 22 emellertid
579 1184 73 20 ansett
667 1183 45 21 alla
726 1183 48 28 fyra
789 1182 58 22 stån-

97 1217 55 22 dens
173 1225 141 20 gemensama
337 1217 71 22 beslut
431 1217 84 22 fordras
533 1217 64 22 äfven
615 1217 8 20 i
641 1217 45 22 alla
705 1217 142 27 bevillnings-

96 1252 45 21 mål
162 1253 31 27 på
215 1251 41 23 den
280 1251 83 29 grund,
387 1253 32 20 att
441 1251 7 22 i
471 1253 13 26 &
502 1252 27 21 45
546 1251 37 22 det
598 1251 67 27 heter,
681 1253 34 20 att
729 1251 119 27 konungen

98 1287 63 27 nieke
183 1287 36 21 må
240 1287 97 28 pälägga
358 1286 159 22 undersätarne
539 1286 70 27 några
630 1285 152 28 krigshjelper,
802 1292 45 22 nya

96 1321 86 29 gärder,
200 1321 158 27 utskrifningar
376 1320 41 22 och
432 1320 69 22 andra
517 1320 92 28 afgifter,
625 1322 52 19 utan
691 1320 81 20 riksens
788 1322 58 19 stän-

96 1356 48 21 ders
158 1356 105 28 vetskap,
279 1356 41 21 fria
335 1354 53 28 vilja
403 1355 40 21 och
459 1354 134 29 samtycke".
622 1354 49 22 Men
687 1356 32 19 att
734 1353 42 22 den
791 1354 55 21 tolk-

96 1390 53 27 ning
164 1389 25 21 af
201 1390 110 27 uttrycket
326 1389 85 21 riksens
427 1389 96 27 ständer,
539 1389 69 26 enligt
621 1388 91 21 hvilken
725 1389 49 19 med
786 1387 60 21 detta

96 1423 87 30 uttryck
199 1423 70 22 skulle
284 1423 80 22 förstås
380 1422 45 22 alla
439 1422 49 29 fyra
502 1421 151 29 riksständen,
668 1421 51 23 icke
734 1424 25 18 är
768 1420 76 28 riktig,
