1025 1770
209 136 26 21 26

180 201 67 21 borde
262 201 63 27 fogas
341 201 41 21 den
399 201 146 27 bestämning,
562 203 32 18 att
605 201 194 28 skattskrifningen
811 202 70 21 skulle
893 202 39 21 ske

182 235 62 27 med
258 235 143 21 kommunens
417 235 151 27 begifvande.*

248 269 209 28 Kontraktsprosten
474 269 78 22 doktor
567 269 146 28 Hertzberg
723 270 105 27 önskade,
841 271 91 21 emedan

180 305 73 21 såsom
271 304 71 21 vilkor
359 303 33 22 för
407 303 133 28 sjelfförsvar
555 304 108 28 uppstälts
679 305 25 20 af
717 311 27 15 en
760 305 35 21 del
811 305 69 21 talare
896 305 35 21 be-

180 339 32 22 vis
233 346 34 14 om
288 338 249 29 kristendomskunskap
557 339 40 21 och
613 339 25 20 af
650 339 69 21 andra
735 339 62 28 intyg
812 346 34 15 om
862 339 70 28 ätrju-

181 375 36 20 ten
232 373 312 28 kristendomsundervisning,
568 374 106 21 anmärka
691 376 31 19 att
738 373 65 22 dessa
818 374 114 27 yrkanden

180 407 91 22 berörde
292 407 92 22 alldeles
405 407 72 22 skilda
496 408 71 21 saker.
598 407 88 22 Sädane
702 408 61 22 bevis
779 408 73 21 kunde
867 408 64 21 föröf-

180 442 42 27 rigt
237 444 101 25 nogsamt
354 441 100 28 erhällas,
471 449 49 14 men
536 442 92 21 doktorn
643 442 74 22 kunde
733 443 48 21 icke
797 443 54 27 inse,
869 443 62 21 hvar-

180 476 33 22 till
236 476 63 22 deras
322 476 125 22 företeende
469 476 37 22 vid
525 476 197 28 skattskrifningen
741 477 94 27 tjenade.
865 478 66 20 Dess-

181 513 57 20 utom
260 510 74 22 kunde
357 510 8 22 i
388 517 27 15 en
435 511 102 21 kommun
556 510 70 22 finnas
642 511 63 21 äfven
721 511 84 28 greker,
821 511 110 22 katoliker

181 546 40 21 och
236 545 70 22 andra
322 545 175 29 trosförvandter,
515 545 24 22 af
552 546 75 21 hvilka
642 546 58 21 slika
715 546 63 29 intyg
792 546 49 22 icke
857 546 74 22 kunde

182 580 90 22 fordras.

247 616 91 21 Prosten
354 615 140 28 Alopxus:
515 615 73 23 Också
599 615 42 28 jag
656 615 33 22 för
704 616 43 21 min
763 615 35 22 del
815 623 64 14 anser
894 616 37 21 det

180 651 128 28 betänkligt,
325 652 32 19 att
372 650 7 21 i
394 650 77 27 frägan
487 658 34 14 om
537 650 74 22 hvilka
627 657 102 21 personer
743 651 52 21 böra
807 651 71 22 säsom
889 651 41 22 för-

180 685 110 22 svarslösa
309 691 70 21 anses,
401 684 92 28 indraga
513 685 94 21 vilkoret
624 691 34 15 om
674 685 255 28 kristendomskunskap,

181 719 39 22 och
239 719 87 22 förenar
341 719 44 27 mig
400 719 87 22 säledes
502 719 7 21 i
525 719 43 22 den
583 719 25 21 af
620 719 48 21 herr
684 719 139 28 domprosten
838 720 91 21 Renvall

181 754 97 22 uttalade
294 754 64 27 äsigt.
388 754 44 27 Jag
447 753 105 22 förbehöll
568 754 44 27 mig
626 754 96 27 nyligen,
737 756 38 26 att,
787 754 28 21 dä
827 756 54 20 1:sta
893 755 37 21 ka-

180 789 63 27 pitlet
258 788 7 21 i
281 787 42 22 den
339 787 82 28 nådiga
437 788 161 27 propositionen
614 788 86 21 komme
715 790 32 19 att
763 789 6 20 i
785 789 87 21 ståndet
886 791 44 20 sär-

180 823 68 22 skildt
262 822 127 25 behandlas,
406 822 23 21 få
443 822 8 21 i
466 822 104 22 afseende
586 823 13 20 å
610 822 121 22 detsamma
741 825 58 26 yttra
809 823 50 28 mig.
880 824 49 21 Men

180 857 28 22 då
231 857 67 21 under
321 856 42 22 den
384 856 111 21 allmänna
511 857 153 22 diskussionen
680 858 25 21 så
719 858 79 27 många
814 858 69 21 andra
899 861 30 18 ta-

179 892 46 21 lare
244 893 69 26 yttrat
331 890 34 28 sig
381 890 84 28 jemväl
481 898 33 14 om
531 891 59 21 detta
606 890 68 22 första
690 891 89 28 kapitel,
796 894 31 18 at:
843 899 25 14 en
886 895 43 19 sär-

180 926 58 22 skild
259 925 124 22 diskussion
405 932 33 14 om
458 925 121 22 detsamma
594 926 62 21 torde
671 926 30 21 bli
717 926 136 28 öfverflödig,
869 927 60 21 utbe-

179 960 39 22 der
229 960 41 27 jag
285 960 45 26 mig
345 961 31 19 att
391 966 28 14 nu
434 959 23 21 få
473 959 99 22 deröfver
587 960 81 27 afgifva
684 960 48 21 mitt
747 960 108 28 yttrande.

247 994 73 20 Ehuru
336 993 60 21 detta
411 993 83 27 kapitel
511 994 24 20 af
548 994 80 27 nådiga
644 994 161 28 propositionen
821 995 48 21 icke
885 996 44 24 hel-

178 1029 32 21 ler
228 1028 144 21 förekommer
390 1027 45 27 mig
449 1027 48 21 fullt
513 1028 208 28 tillfredsställande,
737 1029 68 27 vågar
816 1029 41 27 jag
873 1030 56 20 dock

178 1062 110 28 tillstyrka
308 1062 50 20 dess
374 1062 124 26 antagande
514 1062 88 22 framför
618 1062 117 22 utskottets
750 1062 87 28 förslag.
868 1064 60 27 Isyn-

178 1097 76 22 nerhet
269 1096 45 21 kan
324 1096 43 27 jag
381 1096 49 21 icke
446 1096 53 27 gilla
515 1096 36 21 det
567 1096 25 21 af
603 1096 106 22 utskottet
724 1096 125 29 föreslagna
860 1098 68 21 vilko-

178 1134 38 26 ret,
233 1132 32 20 att
281 1130 42 21 den
340 1136 45 15 som
401 1130 48 22 icke
464 1131 70 21 betalt
549 1131 47 21 sina
610 1131 185 29 kronoutskylder
810 1132 57 22 skall
883 1140 46 14 som

178 1166 128 22 försvarslös
322 1171 71 15 anses.
424 1165 10 21 I
449 1165 53 21 våra
515 1165 153 27 församlingar
683 1166 50 21 med
749 1173 26 15 en
789 1167 65 21 talrik
864 1167 65 27 fattig

178 1200 127 26 befolkning
325 1199 40 21 har
384 1206 50 14 man
453 1199 45 22 ofta
518 1200 78 28 erfarit,
614 1202 32 19 att
662 1200 123 22 husbönder
800 1203 68 25 vägra
883 1202 45 20 låta

178 1234 39 22 hos
233 1234 34 27 sig
281 1233 167 21 mantalskrifva
463 1234 79 27 fattiga
556 1234 104 27 hjonelag
677 1234 50 21 med
744 1234 53 22 flera
812 1236 47 20 små
874 1236 53 20 barn

179 1268 77 21 endast
280 1268 94 27 derföre,
398 1269 32 19 att
453 1268 65 21 dessa
538 1268 18 28 ej
578 1268 70 21 förmå
662 1268 73 21 betala
751 1268 48 22 sina
814 1269 114 28 utskylder

178 1302 33 21 till
227 1302 90 20 kronan.
347 1302 112 20 Utskottet
473 1304 69 24 yttrar
557 1302 37 21 vid
608 1304 13 24 8
638 1303 12 19 6
665 1305 46 18 stor
726 1303 151 26 betänklighet
891 1304 35 20 vid

178 1337 32 19 att
224 1335 73 20 lemna
313 1334 43 21 den
371 1335 66 26 makt,
452 1341 46 15 som
513 1335 7 20 i
536 1335 119 27 kejserliga
665 1335 162 28 propositionen
838 1339 24 18 är
872 1337 55 21 före-

177 1369 83 27 slagen,
280 1369 22 20 åt
318 1368 229 29 fattigvårdsstyrelse,
567 1369 207 22 kommunalnämnd
789 1370 53 21 eller
857 1371 70 21 sådan

176 1403 183 29 tillsyningsman,
376 1410 45 15 som
436 1404 7 20 i
459 1405 13 25 $
487 1404 12 21 5
515 1404 98 22 föreslås.
642 1404 42 28 Jag
695 1412 35 14 ser
739 1404 65 28 ingen
816 1405 47 22 fara
874 1401 53 43 deri,

178 1438 28 22 då
226 1438 36 22 det
282 1438 35 22 väl
335 1438 39 22 bör
391 1445 54 15 vara
460 1439 103 27 obetaget
578 1438 32 22 för
625 1439 75 28 hvarje
716 1440 148 28 medborgare,
881 1448 46 14 som
