1023 1834
771 127 39 22 605

92 192 87 23 ståndet
194 192 25 22 af
230 192 42 22 den
283 192 28 22 30
321 200 66 21 mars,
405 191 154 23 innehållande
571 200 26 14 en
609 199 83 15 samma
703 192 44 28 dag
757 195 82 26 presta-

92 228 86 22 ståndet
193 227 117 22 meddelad
326 228 39 21 och
381 227 25 21 af
419 227 135 21 sistnämnda
570 227 64 22 stånd
649 229 95 25 antagen
755 228 85 28 inbjud-

90 262 54 27 ning
159 262 6 21 i
181 262 206 27 brännvinsfrågan,
402 261 90 21 hvarom
507 262 68 21 redan
585 262 7 20 i
603 261 173 28 prestaståndets
792 269 48 21 pro-

90 296 69 21 tokoll
175 296 33 21 för
223 296 122 22 änberörde
361 296 43 32 dag
419 298 99 19 närmare
533 296 109 21 förmäles.

158 364 123 28 Föredrogs
300 364 40 22 och
355 364 117 22 bordlades
488 364 117 28 högloflige
620 363 164 29 ridderskapets
800 364 40 22 och

91 398 77 22 adelns
183 398 201 28 protokollsutdrag
399 398 24 21 af
437 398 41 22 den
494 400 26 20 31
537 405 57 15 mars
610 400 56 20 samt
677 400 11 19 1
700 399 40 21 och
751 400 12 20 2
774 400 66 28 april,

91 432 132 29 sålydande:

158 484 10 12 »
173 468 48 20 Den
235 468 27 21 31
278 475 64 14 mars.
372 467 122 22 Fortsattes
517 467 41 22 den
578 467 37 22 vid
631 470 87 19 senaste
733 475 107 14 samman-

89 502 63 22 träde
168 502 111 28 begynnta
293 501 162 28 behandlingen
466 503 24 21 af
498 504 157 20 sammansatta
666 500 122 24 ekonomie-
800 503 40 21 och

92 536 249 27 bevillningsutskottets
353 537 10 20 1
375 537 97 22 sektions
486 536 141 23 betänkande
637 537 114 27 angående
762 537 77 21 bränn-

91 571 218 27 vinstillverkningen
325 571 40 21 och
376 571 157 28 försäljningen
544 571 7 21 i
562 571 84 28 landet,
657 571 91 22 hvarvid
758 571 82 21 ridder-

92 606 78 27 skapet
193 605 40 22 och
256 605 65 22 adeln
341 606 107 21 stannade
469 606 31 21 uti
521 605 97 28 följande
634 605 80 22 beslut:
731 606 11 20 1
759 606 13 25 $
787 605 52 27 god-

92 639 85 22 kändes
193 639 138 22 oförändrad.
361 641 12 19 2
391 641 12 26 8
419 640 67 21 erhöll
502 639 98 28 följande
615 639 94 28 lydelse:
730 639 110 22 Brännvin

92 674 32 21 får
143 673 114 22 tillverkas
272 674 29 27 på
315 673 76 22 landet
406 674 40 21 och
461 675 7 20 i
484 674 49 21 stad
549 673 78 22 endast
642 673 7 22 i
665 676 69 19 större
749 673 91 22 bränne-

91 708 49 27 rier,
164 708 121 21 tillsvidare
309 708 56 21 dock
387 708 50 21 icke
459 708 33 21 till
515 708 67 27 högre
605 707 78 28 belopp
707 708 83 27 årligen
812 711 28 19 än

92 743 115 28 4,300,000
222 743 90 27 kannor,
332 749 45 14 som
394 742 55 22 efter
462 741 127 22 nuvarande
604 742 128 27 folkmängd
747 744 93 20 motsva-

91 783 35 15 rar
142 778 37 20 två
193 777 40 21 och
249 783 26 15 en
291 777 49 20 half
353 777 72 21 kanna
440 777 28 28 på
478 783 85 22 person.
593 777 56 20 Före
659 776 181 23 nästkommande

92 811 107 28 landtdag
213 812 34 20 må
259 811 60 22 detta
329 811 80 28 belopp
420 811 67 22 likväl
499 811 25 21 af
531 811 61 22 Hans
603 811 125 27 Kejserliga
737 811 103 28 Majestät

92 845 95 28 förhöjas
198 846 50 21 med
256 846 64 27 högst
331 847 27 20 50
366 848 98 26 procent,
474 845 91 22 såframt
574 852 26 15 en
609 845 69 22 sådan
686 845 124 28 förhöjning
819 846 24 21 af

93 881 169 26 tillverkningen
277 880 69 22 finnes
362 888 53 14 vara
431 881 24 20 af
462 880 102 21 behofvet
575 880 41 21 och
627 879 214 28 omständigheterna

92 915 113 28 påkallad.
234 915 31 21 Af
281 915 13 21 3
315 917 12 25 $
348 915 129 27 godkändes
493 915 27 21 de
536 915 37 21 två
589 915 53 21 sista
657 922 85 14 momm.
759 915 82 22 sädane

94 950 27 21 de
144 952 37 18 äro
204 949 30 21 uti
256 949 223 22 utskottssektionens
499 948 140 23 betänkande
659 948 113 29 affattade,
792 956 49 15 men

92 984 50 21 med
156 983 130 28 pröfningen
301 984 25 21 af
334 984 67 27 öfrige
413 991 91 20 momm.,
515 983 155 22 innehållande
679 983 163 28 bestämningar

93 1026 34 14 om
147 1018 43 21 den
210 1018 157 21 kommunerna
382 1018 164 21 tillkommande
562 1024 26 14 en
603 1017 107 27 fjerdedel
727 1018 24 21 af
764 1018 76 21 bränn-

93 1052 147 28 vinsskatten,
256 1054 71 20 skulle
342 1053 64 21 anstå
421 1052 45 22 tills
480 1052 123 27 fördelning
619 1052 24 21 af
651 1051 42 22 den
704 1052 83 22 kronan
800 1052 42 21 till-

93 1087 97 21 fallande
211 1088 64 21 andel
291 1087 64 22 deraf
367 1087 139 22 förekomme.
536 1088 14 20 4
565 1088 13 25 &
594 1086 128 28 godkändes
738 1089 52 19 utan
805 1090 37 18 än-

95 1121 68 28 dring.
194 1122 12 20 5
222 1123 13 26 &
251 1124 78 26 antogs
345 1122 49 21 med
409 1122 138 22 uteslutande
563 1121 25 22 af
600 1121 77 21 orden:
695 1121 90 27 ,endast
801 1124 39 19 en"

95 1156 88 22 framför
203 1157 129 27 ,redskap*.
362 1157 57 21 Från
439 1158 11 20 6
466 1158 13 26 &
496 1158 10 20 1
523 1163 63 15 mom.
603 1156 69 21 skulle
689 1156 105 22 uteslutas
810 1162 32 16 or-

95 1191 52 21 den:
169 1190 46 27 ,för
234 1191 76 27 hvarje
330 1192 36 20 län
387 1191 104 21 särskildt
506 1191 40 21 och
563 1191 24 21 så
603 1190 117 22 uträknadt
737 1190 53 21 efter
805 1197 37 15 nu-

94 1225 97 22 varande
207 1225 128 27 folkmängd
351 1228 31 18 att
397 1225 136 22 föreskriften
549 1225 8 21 i
568 1226 13 25 &
592 1226 12 20 2
615 1224 50 22 icke
676 1224 166 28 öfverskrides*,

95 1260 112 21 äfvensom
221 1260 120 28 uttrycket:
359 1277 7 9 ,
371 1259 91 22 medelst
479 1260 97 26 offentlig
587 1258 99 28 auktion,
702 1259 89 21 hvilken
801 1259 41 21 för-

95 1296 69 19 rättas
180 1295 13 20 å
207 1293 178 22 landskontoret*
403 1294 70 22 skulle
489 1294 114 22 förändras
619 1293 32 21 till
667 1293 125 28 pluralform
803 1293 40 21 och

96 1328 86 22 således
197 1328 62 22 heta:
277 1346 8 8 ,
289 1328 93 21 medelst
397 1328 111 28 offentliga
519 1328 120 27 auktioner,
656 1328 75 20 hvilka
741 1327 102 22 förrättas

96 1363 14 21 å
124 1363 192 22 landskontoren".
346 1364 12 19 2
378 1370 63 15 mom.
458 1365 77 26 antogs
551 1362 50 22 med
617 1362 41 22 den
673 1361 170 22 redaktionsför-

96 1397 103 28 ändring,
214 1399 31 20 att
260 1398 7 21 i
283 1397 64 22 ställe
361 1397 33 22 för
410 1398 83 26 ,länets
513 1396 329 27 brännvinstillverkningsrätt*

95 1431 71 23 skulle
177 1432 81 22 införas
269 1432 166 29 uttryckssättet
447 1431 326 29 ,brännvinstillverkningsrätt
784 1431 58 22 inom
