1023 1770
776 119 39 21 501

93 185 182 22 innehafvarenas
298 184 125 22 fullmakter
446 186 56 20 samt
524 184 69 22 rubba
611 184 43 22 den
669 184 113 28 trygghet,
798 191 46 15 som

94 220 39 21 bör
148 220 54 21 råda
215 220 8 21 i
239 222 30 19 ett
284 220 120 27 lagbundet
419 219 112 21 samhälle.
562 220 109 26 Föröfrigt
682 219 98 22 önskade
791 220 52 21 kon-

94 254 159 28 traktsprosten
269 256 50 20 veta
335 260 34 14 om
384 253 154 29 kyrkoherden
553 260 52 15 vore
621 253 82 22 beredd
718 256 32 19 att
765 253 79 22 konse-

94 292 66 23 qvent
180 288 93 28 fullfölja
293 288 34 22 sin
346 287 118 22 liberalitet
484 287 41 21 och
545 287 88 23 således
653 288 64 22 äfven
733 288 89 27 deltaga
838 288 6 20 i

95 322 146 22 bekostandet
255 322 26 22 af
293 322 72 22 soldat
379 329 28 14 m.
424 328 27 15 m.
481 322 108 28 Slutligen
604 321 105 23 förenade
720 322 124 22 kontrakts-

93 359 88 25 prosten
202 357 34 27 sig
255 357 50 21 med
325 356 79 28 biskop
419 356 114 22 Frosterus
549 356 56 28 deri,
621 359 33 19 att
669 356 175 28 presterskapets

94 391 61 21 löner
171 391 71 21 blifvit
256 398 46 14 mer
317 390 41 22 och
373 397 46 15 mer
433 390 150 22 förminskade
598 390 40 22 och
653 390 50 23 icke
713 391 46 21 tåla
769 390 75 22 vidare

94 424 84 28 afdrag.

161 459 11 21 I
191 459 111 22 anseende
321 458 33 22 till
375 458 42 22 den
438 459 60 27 långt
517 459 148 21 framskridna
683 459 60 22 tiden
758 459 86 22 afbröts

94 493 155 22 diskussionen
267 493 40 22 och
323 493 77 27 frågan
416 493 106 28 uppsköts
537 493 33 22 till
585 493 175 28 morgondagens
775 493 69 29 pleni-

94 527 167 23 sammanträde.

162 603 142 27 Vicepastorn
329 602 113 22 Snellman
468 602 102 22 anmälde
597 602 38 22 det
661 602 138 28 vicepastorn
822 603 25 21 af

94 636 220 28 embetsåligganden
331 643 39 15 var
388 636 92 22 hindrad
498 639 33 19 att
549 636 7 22 i
572 643 89 21 morgon
677 637 46 22 före
738 637 30 21 kl.
786 638 10 20 1
812 637 32 21 in-

94 672 58 22 finna
167 672 35 27 sig
215 671 7 21 i
237 671 95 29 plenum.

161 746 43 21 Till
223 746 110 28 justering
353 746 112 28 upplästes
488 748 80 20 tvänne
588 746 203 28 protokollsutdrag
810 746 34 22 för

95 781 42 22 den
151 782 26 21 31
193 780 119 30 nyssvikne
327 787 64 15 mars.

162 816 93 22 Ståndet
271 814 115 29 åtskiljdes
401 815 29 21 kl.
447 815 12 21 3
474 822 19 14 e.
510 822 27 14 m.

606 856 19 16 In
639 856 59 16 fidem:

509 889 51 19 And.
579 888 56 20 John
653 889 122 23 Hornborg.

176 1025 152 37 Lördagen
349 1025 55 27 den
425 1024 18 26 2
464 1023 73 37 april
556 1023 40 27 kl.
619 1025 37 25 10
677 1023 18 27 f.
717 1033 36 17 m.

162 1076 89 21 Plenum
271 1075 113 28 öppnades
399 1074 50 22 med
464 1074 25 21 af
501 1074 138 28 vicepastorn
653 1074 129 21 Nordström
797 1072 45 22 häl-

94 1111 36 21 len
146 1110 49 22 bön.

161 1144 42 22 Vid
225 1144 54 22 härä
300 1144 66 22 skedt
388 1150 82 21 upprop
491 1142 106 22 befunnos
619 1142 99 22 ständets
743 1141 101 27 samtlige

93 1179 142 22 medlemmar
254 1185 53 15 vara
327 1177 119 29 tillstädes;
465 1177 50 21 med
532 1176 114 28 undantag
666 1176 25 22 af
704 1176 139 28 domprosten

93 1214 102 27 Renvall,
215 1220 46 15 som
279 1212 34 22 för
331 1212 102 22 enskilda
452 1211 187 28 angelägenheter
657 1210 114 22 anmäldes
790 1216 54 15 vara

94 1248 94 21 hindrad
207 1250 32 19 att
257 1247 61 21 detta
335 1248 87 27 plenum
441 1246 90 26 bivista,
547 1248 57 18 samt
619 1245 140 27 vicepastorn
774 1243 70 23 Snell-

93 1288 61 19 man,
169 1281 89 22 hvilken
274 1281 80 21 ankom
370 1287 27 15 en
414 1280 65 22 stund
494 1286 85 16 senare.

161 1316 11 20 I
191 1315 104 22 afseende
313 1316 14 20 &
344 1314 156 22 medständens
516 1315 57 20 samt
589 1312 256 28 expeditionsutskottets

93 1349 140 28 delgifvande
249 1349 112 28 upplästes
377 1348 33 21 till
422 1348 111 27 justering
548 1349 32 19 ett
594 1345 203 29 protokollsutdrag
811 1344 34 22 för

94 1383 42 21 den
151 1384 25 19 31
193 1390 58 14 mars
267 1385 56 18 samt
338 1383 47 26 fyra
401 1382 34 21 för
448 1381 42 21 den
507 1382 11 20 1
535 1380 89 22 dennes.
654 1379 91 22 Hvilket
755 1379 88 21 anteck-

96 1416 75 21 nades.
