1020 1811
773 130 42 21 403

96 196 127 22 hvarandra
241 196 106 28 jemföras
369 196 57 22 både
446 196 32 22 till
498 196 137 28 principerna
655 196 39 22 och
715 195 129 29 detaljerna.

85 231 76 21 "Hvad
176 231 138 28 principerna
330 230 108 28 beträffar,
454 230 98 22 förordar
563 230 36 22 det
609 237 77 15 senare
695 230 150 22 betänkandet

97 265 32 21 för
150 272 26 14 en
196 264 208 28 öfyergängsperiod
424 267 57 19 ännu
500 264 163 22 bibehällandet
681 264 25 22 af
718 264 125 22 husbehofs-

98 299 144 27 bränningen,
265 298 42 27 jag
333 299 69 26 vägar
424 301 55 25 säga
504 298 72 21 denna
597 300 58 19 rätta
677 298 115 22 hemskola
814 298 33 22 för

97 333 95 27 superiet
216 332 40 22 och
280 332 170 29 lönbränneriet,
480 332 90 28 omöjlig
589 334 32 19 att
640 332 145 22 kontrolleras
806 332 40 22 och

97 367 140 27 ofvervakas;
261 366 36 22 det
320 367 57 21 förra
398 367 38 21 vill
459 369 78 25 genast
559 367 70 21 införa
649 373 27 15 en
696 367 32 21 till
745 369 30 20 ett
790 367 54 22 visst

97 402 117 21 maximum
233 401 116 22 inskränkt
369 401 40 22 och
428 404 85 25 strängt
532 401 150 22 kontrollerad
697 401 147 22 fabriksbrän-

97 436 59 28 ning.
186 437 43 20 Det
251 435 176 22 brännvinsflöde
447 435 56 22 ifrän
524 435 26 22 de
570 436 85 21 härtills
670 436 93 21 alldeles
779 436 65 22 okon-

97 470 117 22 trollerade
236 469 165 28 brännerierna,
425 477 45 14 som
494 477 49 14 man
567 470 78 27 klagar
669 470 66 28 öfver,
759 471 85 21 komme

97 505 93 22 sälunda
206 506 32 20 att
252 504 99 22 hämmas
367 504 40 22 och
423 505 95 27 regleras
535 505 40 21 och
589 505 70 21 folket
674 505 100 28 afvänjas
789 505 55 22 ifrän

99 541 32 20 att
152 546 24 15 se
199 539 206 27 brännvinspannan
427 539 62 20 rinna
509 539 7 20 i
532 539 75 28 hvarje
621 539 55 22 hem.
706 540 43 27 Jag
764 539 44 22 kan
824 540 19 27 ej

98 575 68 20 annat
185 576 27 19 än
232 572 116 28 föredraga
369 573 37 22 det
425 573 58 22 förra
502 573 158 29 betänkandet,
681 573 41 22 och
743 573 37 22 det
793 577 52 19 utan

97 609 40 21 allt
160 608 104 22 afseende
286 607 76 28 derpä,
385 610 32 19 att
438 607 162 23 bondeständet
622 608 61 22 torde
707 608 70 22 envist
792 609 53 27 vilja

97 642 112 23 bibehålla
231 642 261 28 .husbehofsbränningen,
521 643 51 21 Man
591 642 40 21 har
651 643 56 21 dock
727 642 117 29 förmodat,

98 680 32 19 att
145 677 65 22 äfven
224 677 60 22 detta
299 676 65 22 ständ
379 676 68 22 under
462 677 74 28 loppet
551 676 26 22 af
589 676 42 22 den
642 677 124 27 föreslagna
777 678 68 21 öfver-

98 711 175 29 gängsperioden
292 711 57 22 skall
369 711 97 27 frivilligt
485 711 78 27 afsäga
577 711 33 27 sig
625 711 220 22 husbehofshrännin-

97 754 52 21 gen;
166 746 39 22 och
222 746 38 22 det
274 752 51 16 vore
340 746 54 22 visst
409 746 7 21 i
432 746 78 26 högsta
525 746 67 22 mätto
608 746 45 29 väl,
669 753 34 15 om
719 746 25 22 sä
754 746 92 22 skedde.

97 782 49 21 Men
165 788 34 14 om
214 780 88 23 ständet
316 780 127 28 verkeligen
458 780 40 22 har
512 781 70 21 allvar
598 780 97 28 dermed,
711 780 40 21 har
766 780 37 22 det
818 788 29 14 nu

97 815 87 22 tillfälle
207 817 31 20 att
261 815 75 22 bevisa
359 815 66 21 detta.
456 815 50 23 Man
529 815 40 21 har
586 815 41 21 ock
643 817 58 26 sagt,
718 817 32 20 att
765 815 81 22 bonde-

99 850 86 22 ständet
208 857 50 14 vore
280 849 71 28 villigt
373 852 32 19 att
428 849 77 28 afsäga
528 849 34 28 sig
580 849 265 28 husbehofsbränningen,

98 891 34 15 om
147 885 7 20 i
170 883 121 27 ersättning
305 883 84 22 derföre
405 884 157 26 grundskatton
574 884 116 27 aflyftades
701 884 46 21 från
754 884 92 28 jorden;

97 918 58 22 hvad
175 918 91 22 innebär
286 919 30 20 ett
336 918 79 22 sädant
435 918 96 28 förslag?
550 918 92 22 Skatten
658 918 56 21 ifrän
725 918 81 28 jorden
822 920 24 19 är

98 953 42 21 den
163 953 109 27 säkraste,
293 952 42 22 den
355 952 66 22 minst
440 952 149 27 föränderliga
610 952 24 22 af
651 952 44 22 alla
715 955 83 20 statens
813 953 31 21 in-

97 988 103 21 komster.
230 988 79 20 Denna
331 986 37 22 vill
391 993 50 15 man
464 987 29 21 dä
515 987 102 28 bortbyta
637 990 44 18 mot
701 994 26 14 en
748 988 60 21 skatt
824 987 24 21 af

97 1021 287 28 brännvinstillverkningen
400 1021 40 21 och
450 1021 176 29 konsumtionen,
638 1021 40 22 och
689 1022 93 21 sålunda
792 1024 53 25 göra

97 1057 51 21 hela
170 1056 228 28 statsförvaltningens
421 1056 93 22 bestånd
536 1056 7 21 i
563 1056 64 28 högst
649 1056 125 28 väsendtlig
794 1056 51 22 män

97 1091 110 23 beroende
222 1090 68 22 häraf.
320 1091 44 21 Det
379 1092 24 20 är
419 1090 124 28 säkerligen
559 1090 41 22 den
613 1091 144 28 olyckligaste
768 1091 77 28 tanke,

98 1134 46 14 som
164 1126 37 22 vid
220 1126 72 21 denna
307 1124 108 29 landtdag
433 1125 69 22 blifvit
518 1125 91 21 uttalad.
639 1125 44 28 Jag
698 1126 36 21 vill
751 1132 28 15 nu
794 1125 50 22 icke

97 1160 46 22 tala
167 1168 33 14 om
225 1160 120 22 orättvisan
365 1160 7 20 i
393 1161 31 20 ett
448 1159 79 22 sädant
542 1160 153 27 jordskattens
715 1159 129 28 aflyftande,

97 1195 89 21 hvilken
204 1201 52 14 vore
275 1194 46 21 lika
342 1195 45 20 stor
406 1200 46 15 som
472 1194 137 27 ojemnheten
625 1193 25 21 af
663 1193 78 28 sjelfva
756 1194 88 21 skatten

97 1235 29 15 nu
146 1231 31 25 är,
198 1228 53 22 eller
269 1235 34 14 om
323 1227 174 28 obehöfligheten
518 1227 25 22 af
558 1235 26 14 en
601 1228 121 27 ersättning
737 1227 33 21 till
785 1227 59 28 dem,

98 1270 46 15 som
166 1270 29 14 nu
217 1263 68 21 redan
306 1264 37 19 äro
367 1262 74 27 villige
464 1264 32 19 att
518 1261 77 28 afsäga
614 1262 34 27 sig
663 1261 181 23 husbehofsbrän-

97 1298 81 27 ningen
200 1299 45 19 mot
263 1296 101 22 befrielse
388 1296 77 21 endast
487 1296 56 21 ifrän
566 1296 42 21 den
633 1296 85 22 derföre
740 1296 104 28 erlaggde

98 1332 94 21 skatten.
223 1331 30 22 Sä
273 1330 109 27 änskeligt
398 1330 41 27 jag
454 1330 68 22 också
538 1337 63 15 anser
615 1330 153 27 jordskattens
784 1329 60 29 aflyf-

98 1365 66 22 tande
187 1365 53 22 eller
260 1364 139 28 utjemnande
422 1371 62 21 vara,
507 1365 44 21 kan
575 1364 40 22 och
636 1365 39 21 bör
691 1364 39 22 och
746 1364 33 21 fär
793 1364 51 22 den-

98 1407 84 15 samma
200 1399 120 28 ingalunda
341 1400 93 21 ersättas
454 1398 25 21 af
495 1399 43 22 den
556 1399 79 22 osäkra
651 1399 40 21 och
706 1399 28 28 pä
750 1399 95 22 sedeför-

99 1434 83 21 derfvet
208 1433 88 28 byggda
321 1433 216 27 hbrännvinsskatten,
566 1440 33 14 om
622 1433 89 21 hvilken
733 1433 21 21 vi
776 1433 69 21 måste
