1023 1709
207 126 41 22 614

180 192 48 21 eller
250 184 146 28 Åbo-Linnais
417 190 72 22 banan
509 190 86 21 dernäst
615 189 37 21 bör
667 189 83 22 komma
767 189 9 21 i
786 188 82 29 fråga?
883 188 49 21 Den

180 234 44 13 som
245 233 64 13 anser
331 224 200 22 Riihkimäki-Lahtis
552 219 72 26 banan
646 223 90 28 derefter
758 223 51 33 böra
828 223 106 21 komma
920 219 16 41 i

176 261 80 28 fråga,
272 267 78 14 svarar
360 261 39 27 ja;
415 259 38 22 den
469 267 43 14 som
528 259 132 21 härutinnan
670 257 106 30 förordar
786 257 148 22 Åbo-Linnais

182 295 80 26 banan,
279 302 78 14 svarar
370 295 42 28 nej.

250 329 139 22 Besvarades
404 329 50 22 med
470 328 27 22 17
507 329 30 28 ja
549 329 45 20 mot
610 327 12 22 7
638 329 42 27 nej.

251 364 23 29 3)
292 359 86 26 Önskar
393 363 33 22 det
441 363 128 28 högvördiga
584 361 84 23 ståndet
683 365 40 24 att,
740 361 64 22 sedan
820 361 72 29 öfriga
902 361 32 21 be-

184 399 41 28 hof
235 399 9 21 i
258 398 100 29 afseende
375 401 6 19 å
393 398 245 21 kommunikationernas
648 395 160 30 upphjelpande
819 397 37 20 och
866 396 70 21 andra

184 434 165 28 allmännyttiga
364 433 96 28 företag,
479 432 34 21 till
530 431 72 22 hvilka
620 431 98 21 utskottet
732 431 103 29 förordat
850 430 85 29 anslag,

185 468 71 28 blifvit
271 467 160 29 tillgodosedda,
447 468 65 27 något
528 466 73 29 tillägg
617 465 33 22 till
664 466 109 21 utskottets
788 465 150 22 betänkande
926 461 16 39 i

186 503 100 28 afseende
301 504 14 19 å
324 503 148 27 jernvägarne
488 500 62 22 borde
565 503 63 26 göras
644 500 48 21 eller
706 500 56 21 icke?

248 535 143 24 Besvarades
407 535 50 22 med
473 535 27 22 16
509 537 31 27 ja
554 536 45 21 mot
613 534 15 22 6
642 536 41 27 nej.

254 571 23 28 4)
299 566 84 27 Önskar
403 571 83 21 ståndet
504 573 41 23 att,
565 572 51 19 näst
634 569 54 28 efter
706 569 24 22 de
749 571 37 20 två
800 569 67 21 redan
882 572 55 17 vote-

186 606 52 22 rade
260 606 106 26 banorna,
390 612 25 13 en
435 604 56 21 bana
512 604 33 22 till
563 597 45 28 Åbo
631 603 49 22 eller
700 603 33 22 till
754 598 129 27 Österbotten
902 603 37 21 bör

188 642 81 20 komma
290 641 8 20 i
308 639 82 30 fråga?
405 639 49 20 Den
469 646 45 14 som
528 638 87 21 dernäst
630 639 79 20 önskar
724 646 25 13 en
764 637 57 34 bana
836 638 33 21 till
882 631 56 30 Åbo,

188 683 78 13 svarar
280 675 40 28 ja;
340 673 39 22 den
399 681 43 14 som
462 673 86 22 dernäst
567 672 39 22 vill
624 680 26 13 en
670 672 57 22 bana
748 672 32 21 till
799 672 139 23 Österbotten,

187 717 78 14 svarar
280 710 41 27 nej.

255 742 137 23 Besvarades
408 742 50 22 med
474 741 27 23 16
511 743 30 28 ja
555 743 45 20 mot
615 742 14 21 5
643 742 42 28 nej.

255 778 86 21 Momm.
357 778 13 20 4
385 777 40 21 och
440 778 14 20 5
469 776 129 29 godkändes
614 776 113 28 enhälligt.

255 812 65 21 Mom.
335 811 21 22 6.

256 848 91 21 Prosten
371 847 124 22 Saxbäck
516 846 82 29 ansäg,
619 848 33 20 att
671 846 29 21 dä
720 846 32 23 uti
771 845 168 29 ifrägavarande

188 881 84 22 trakter
287 881 85 28 knappt
386 881 69 28 några
470 881 135 28 landsvägar
620 881 87 28 funnos,
724 883 52 20 utan
792 881 96 22 elfvarne
900 881 40 21 och

188 915 98 22 floderna
301 916 101 27 utgjorde
419 916 26 21 de
461 917 58 20 enda
534 915 287 23 kommunikationsmedlen
836 915 41 22 och
886 915 54 22 flera

188 951 68 21 bland
272 950 49 22 dem
337 957 50 15 voro
404 951 25 20 så
443 950 93 29 grunda,
554 952 32 20 att
600 950 26 22 de
638 951 109 27 svårligen
758 950 74 22 kunde
842 950 98 28 befaras,

188 985 107 22 utskottet
310 987 67 26 egnat
392 985 73 22 alltför
479 985 53 21 liten
549 991 87 21 omsorg
651 985 22 21 åt
687 985 253 22 kommunikationernas

189 1019 149 22 förbättrande
356 1019 8 21 i
383 1019 92 27 norden,
497 1019 30 22 då
542 1019 38 22 det
593 1019 123 28 föreslagit,
733 1021 32 20 att
780 1019 55 22 blott
850 1020 91 27 100,000

190 1053 62 22 mark
271 1053 71 22 skulle
361 1053 74 22 anslås
454 1053 33 22 till
506 1053 149 28 upprensning
674 1053 24 22 af
710 1053 56 22 Uleå
782 1053 35 22 elf.
846 1054 51 21 Men
912 1053 30 21 då

189 1087 176 28 upprensningen
384 1087 25 22 af
427 1088 56 21 Uleå
501 1087 32 22 elf
548 1087 113 22 medförde
679 1088 84 28 knappt
781 1088 72 27 någon
868 1090 72 25 nytta,

191 1129 34 14 om
244 1122 50 21 icke
315 1121 63 22 äfven
399 1121 27 22 de
447 1121 75 29 elfvar,
544 1129 46 14 som
612 1121 62 22 stodo
694 1123 8 19 i
718 1122 158 27 sammanhang
891 1122 50 21 med

190 1156 81 27 denna,
288 1155 83 28 jemväl
391 1155 159 29 upprensades,
572 1155 85 22 hvartill
675 1155 36 22 väl
729 1156 7 21 i
755 1156 119 27 kejserliga
894 1163 46 21 pro-

190 1190 123 27 positionen
332 1189 124 27 föreslagits
475 1190 125 21 inkomsten
618 1189 47 22 från
684 1190 189 28 kronoskogarne,
891 1197 50 15 men

190 1224 142 27 hvarigenom
351 1226 88 26 prosten
454 1224 126 22 förmenade
596 1227 32 18 att
643 1225 67 27 något
726 1225 122 28 synnerligt
862 1225 80 26 bidrag

191 1258 19 26 ej
229 1258 74 21 kunde
322 1257 120 28 förväntas,
462 1258 29 21 då
509 1258 159 27 afkastningen
687 1259 46 20 från
750 1259 95 21 kronans
861 1259 81 26 skogar

191 1292 19 27 ej
233 1298 37 15 ens
292 1291 81 28 förslog
393 1292 32 20 till
445 1292 139 22 forststatens
603 1292 105 28 aflöning,
724 1293 25 21 så
765 1292 73 22 anhöll
854 1295 88 25 prosten

192 1328 32 19 att
240 1326 88 22 ståndet
341 1326 51 21 ville
408 1326 99 28 bebjerta
523 1327 66 21 dessa
605 1326 185 28 omständigheter
806 1327 39 21 och
861 1327 81 28 bevilja

191 1360 67 28 högre
274 1360 78 28 anslag
367 1360 72 22 härtill
455 1364 27 19 än
498 1362 107 21 utskottet
619 1361 120 29 föreslagit.

259 1395 159 28 Kyrkoherden
444 1396 110 22 Castrén
577 1396 108 22 instämde
705 1396 132 28 fullkomligt
856 1396 8 22 i
884 1396 59 22 hvad

191 1432 89 27 prosten
303 1430 103 22 Saxbäck
426 1432 77 27 yttrat,
525 1431 41 22 och
586 1431 115 23 förordade
722 1432 24 22 så
766 1432 88 28 mycket
874 1431 68 22 hellre
