1023 1736
769 129 40 23 599

88 198 174 29 upprensningen
286 198 25 22 af
335 205 26 15 en
386 198 265 22 vattenkommunikation
677 197 93 22 emellan
795 197 42 21 Ta-

88 233 103 21 vastehus
207 232 40 22 och
263 232 144 22 Tammerfors
422 232 68 22 redan
505 235 24 19 är
544 232 107 28 påbörjad
666 232 40 22 och
720 232 50 22 med
784 232 54 21 min-

88 266 38 22 dre
137 266 108 22 farkoster
256 266 44 22 kan
311 273 108 21 passeras.
450 267 132 26 Ytterligare
593 267 35 21 må
635 267 41 26 jag
686 266 55 22 blott
751 269 86 24 nämna,

88 302 32 19 att
140 301 27 21 de
187 300 152 28 förespeglade
362 300 133 29 fördelarne,
519 307 46 15 som
586 301 85 20 komme
691 300 146 21 Tammerfors

83 334 123 29 jernvägen
223 335 33 22 till
271 335 67 28 godo,
355 335 64 22 äfven
435 335 61 22 torde
511 335 88 22 förfalla
614 342 34 15 om
659 341 79 22 genom
748 334 89 23 slussin-

86 370 123 27 rättningar
219 372 71 26 vägen
301 369 19 28 ej
333 369 43 22 kan
387 372 84 26 öppnas
481 370 33 21 till
524 369 89 22 Muldia.
636 370 105 21 Deremot
751 369 42 22 blir
800 375 37 21 ge-

87 411 49 14 nom
144 404 77 22 Lahtis
229 405 72 21 banan
310 404 216 22 kommunikationen
535 407 71 26 öppen
612 404 93 22 emellan
711 403 79 23 kusten
797 403 40 22 och

86 439 125 28 Jyväskylä
226 439 49 22 stad
291 441 56 20 samt
362 445 77 22 genom
455 445 27 16 en
497 439 178 28 slussinrättning
685 439 8 22 i
703 438 78 23 Kalkis
793 438 44 22 fors

87 473 49 22 med
158 474 103 28 Heinola,
286 473 111 22 äfvensom
418 481 49 14 man
487 473 94 23 medelst
601 475 68 26 några
690 473 83 22 slussar
792 470 45 25 kan

86 515 85 15 norrom
194 509 123 28 Jyväskylä
337 509 87 21 komma
444 509 21 21 in
486 509 7 21 i
513 508 80 29 bjertat
612 509 25 21 af
653 508 82 22 landet.
765 508 71 22 Men
819 504 20 37 i

86 543 146 22 Tammerfors
257 543 58 22 skall
334 543 123 28 jernvägen
479 545 81 20 stanna
581 543 34 22 för
637 550 26 15 en
684 543 53 27 lång
758 543 80 21 osäker

86 577 94 22 framtid.
211 577 173 22 Vidkommande
399 578 149 28 penningarne
564 578 33 21 till
612 578 117 27 företaget,
745 577 38 22 vill
795 577 42 28 jag

87 612 93 29 upplysa
199 612 42 22 den
256 612 67 22 värde
339 612 93 28 talaren,
449 615 32 19 att
497 612 27 22 de
540 612 130 22 omnämnde
681 611 156 29 jernvägssed-

85 647 71 28 larne,
172 647 76 21 hvilka
263 647 85 21 talaren
362 646 106 29 förordat,
485 647 18 28 ej
517 647 68 22 heller
600 647 73 22 kunna
689 647 25 21 så
725 647 40 21 lätt
776 647 61 21 emit-

86 684 59 19 teras
163 682 34 21 till
217 683 30 20 ett
266 681 54 22 efter
336 681 103 22 behofvet
457 681 99 28 lämpadt
574 681 88 28 belopp,
679 681 92 22 emedan
786 688 51 14 man

86 716 33 23 för
134 716 77 28 hvarje
224 716 71 27 sedel,
312 723 46 14 som
373 715 102 28 utgifves,
491 717 71 21 måste
576 716 67 22 hafva
653 723 27 15 en
690 723 82 15 reserv-
784 716 54 21 eller

87 751 250 28 amortissementsfond,
359 752 22 27 ty
400 757 79 16 annars
495 750 81 23 förlora
592 750 100 23 sedlarne
708 751 37 22 sitt
761 750 76 28 värde,

86 786 47 22 ifall
156 785 28 22 de
207 785 49 22 icke
279 785 75 22 kunna
375 785 30 28 på
425 785 117 22 anfordran
564 785 109 28 invexlas,
697 785 54 22 eller
765 785 7 21 i
788 785 49 22 kro-

87 827 55 16 nans
170 820 99 28 uppbörd
297 820 39 22 och
363 819 93 28 liqvider
484 820 32 21 till
545 820 39 22 sitt
605 820 54 21 fulla
681 820 67 21 värde
771 821 66 20 emot-

87 858 73 25 tagas;
184 855 38 21 och
248 855 8 21 i
282 855 25 21 så
331 854 38 22 fall
394 855 69 21 ramla
489 854 50 22 med
567 855 49 21 dem
639 854 63 22 äfven
722 854 115 28 jernvägs-

86 889 163 29 byggnaderne.

154 925 12 21 I
180 923 105 23 afseende
296 924 13 21 å
321 923 57 22 hvad
389 922 139 29 domprosten
538 923 92 22 Renvall
641 922 102 28 andragit
753 922 85 30 derom,

87 961 32 20 att
137 958 44 22 han
200 958 19 28 ej
239 957 47 22 haft
305 957 104 23 afseende
428 958 29 28 på
472 958 174 27 lokalintresset,
662 957 36 22 må
713 957 55 21 blott
783 957 55 22 erin-

86 1000 45 21 ras,
152 994 32 20 att
200 992 61 22 detta
276 992 69 21 likväl
360 992 80 28 tydligt
454 992 102 22 framstår
570 992 27 22 af
607 992 59 22 hvad
682 991 157 28 domprosten
827 987 15 38 i

86 1028 38 22 sitt
139 1027 70 22 första
223 1025 142 28 andragande
381 1028 77 26 yttrat;
475 1026 39 22 och
530 1025 68 22 ehuru
613 1025 170 29 guldgrufvorna
797 1025 41 22 och

86 1062 38 22 det
143 1061 96 29 dyrbara
256 1060 72 22 virket
347 1061 28 28 på
393 1061 122 28 Näsijärvis
536 1060 100 22 stränder
651 1059 64 23 äfven
731 1060 25 21 af
769 1059 69 23 andra

87 1096 71 23 blifvit
173 1095 116 29 intygade,
304 1095 40 21 har
355 1095 41 28 jag
412 1095 19 28 ej
443 1095 71 22 blifvit
525 1095 138 28 öfvertygad,
676 1097 31 20 att
718 1095 39 21 der
767 1095 71 22 skulle

86 1132 34 21 fås
139 1132 28 21 ek
185 1131 54 21 eller
258 1130 51 28 bok,
332 1132 51 20 utan
399 1133 32 19 att
446 1130 38 21 der
499 1137 67 15 vexer
581 1129 115 22 enahanda
712 1129 63 28 furor,
792 1136 46 15 som

87 1166 29 28 på
135 1165 103 28 Päijänes
254 1164 106 23 stränder.
390 1165 10 21 I
415 1164 65 28 öfrigt
494 1164 88 23 förenar
592 1164 43 28 jag
649 1164 45 28 mig
709 1163 64 23 äfven
788 1163 51 23 med

87 1203 89 25 prosten
190 1200 109 27 Alopeus.
428 1229 85 3 HIN

155 1268 102 22 Anlände
272 1275 27 15 en
315 1268 127 28 deputation
457 1268 47 22 frän
520 1266 137 23 hedervärda
667 1266 170 28 bondeständet,

87 1304 69 22 under
176 1302 120 22 anförande
316 1302 25 22 af
357 1302 214 28 landtdagsmannen
591 1302 83 27 Klami,
695 1308 46 15 som
761 1301 78 21 under-

86 1337 86 23 rättade
192 1339 32 20 att
243 1336 96 29 ståndet,
359 1337 68 21 sedan
448 1337 111 22 allmänna
578 1335 197 23 besvärsutskottet
795 1335 43 22 för-

88 1372 72 21 klarat
176 1371 34 27 sig
225 1371 49 21 icke
289 1371 74 21 kunna
379 1373 52 25 taga
446 1372 72 26 nägon
533 1370 123 26 befattning
666 1370 49 20 med
726 1369 113 27 petitions-

87 1405 107 27 förslaget
215 1411 34 14 om
273 1404 137 22 afskaffande
431 1404 24 21 af
473 1404 42 22 den
535 1403 101 28 förhöjda
656 1402 183 28 terminsafgiften

87 1440 38 25 vid
141 1439 252 28 elementarläroverket,
406 1439 88 22 beslutit
504 1438 7 23 i
521 1437 176 29 underdänighet
707 1436 132 31 petitionera
