1025 1795
779 121 40 24 825

96 186 147 29 uppsättande
262 187 71 22 skulle
354 187 33 22 till
405 187 112 23 allmänna
537 188 198 22 besvärsutskottet
753 189 94 21 remitte-

96 228 42 15 ras.
169 221 99 29 Hvilket,
289 224 57 20 samt
366 224 32 20 att
417 222 164 28 prestaståndet
601 222 68 22 redan
689 223 66 28 förut,
772 223 29 22 dä
817 223 30 21 in-

95 255 136 29 bjudningen
254 262 78 22 genom
352 256 128 29 deputation
500 257 88 22 ståndet
609 257 152 28 meddelades,
782 258 66 22 fattat

96 290 72 22 beslut
182 290 8 21 i
204 290 86 28 frågan,
309 291 156 22 antecknades.

165 324 22 29 2)
202 324 31 22 Af
245 331 84 15 samma
344 325 54 29 dag,
414 326 50 22 med
480 326 159 22 underrättelse
654 328 32 20 att
697 326 88 22 ståndet
795 326 52 28 god-

95 360 70 22 kännt
191 361 157 20 sammansatta
374 360 46 28 lag-
446 360 41 22 och
509 360 233 22 ekonomieutskottets
765 361 83 27 förslag

96 394 32 21 till
151 394 213 28 sammanjemkning
385 394 26 22 af
430 394 152 23 riksståndens
605 395 131 28 skiljaktiga
755 395 93 22 beslut
837 390 15 38 i

95 428 121 28 anledning
234 428 25 29 af
271 429 61 22 Hans
348 429 125 28 Kejserliga
487 430 114 27 Majestäts
616 430 83 27 nådiga
714 430 134 28 proposition

96 462 115 29 angående
227 463 131 28 legostadga
372 463 33 22 för
420 463 125 23 husbönder
561 463 39 22 och
616 464 139 28 tjenstehjon.

164 497 91 22 Hvilket
270 497 156 23 antecknades.

165 566 123 29 Föredrogs
307 573 27 16 en
352 567 132 28 inbjudning
499 567 47 22 frän
561 567 119 28 höglofliga
696 567 153 29 ridderskapet

96 601 41 22 och
156 601 66 22 adeln
237 601 33 22 till
287 601 133 29 deltagande
435 602 7 21 i
458 601 137 28 underdänig
609 602 92 29 petition
718 602 74 23 derom
807 605 41 26 att,

96 637 30 28 pä
148 638 45 21 sätt
215 637 61 22 Hans
298 637 126 28 Kejserliga
446 637 104 28 Majestät
572 637 45 22 kan
637 637 59 22 finna
711 637 137 29 lämpligast,

96 671 107 22 komiteer
225 671 14 22 å
261 673 34 20 ort
315 671 41 22 och
376 671 64 22 ställe
454 671 73 22 blefve
542 671 92 22 tillsatte
649 671 33 23 för
696 672 117 28 utredning
827 673 25 21 af

96 705 329 24 kolonisationsförhällandena
447 707 13 21 &
480 706 147 28 kronojorden
647 707 41 21 och
708 706 37 23 det
764 707 84 28 lämpli-

96 743 64 26 gaste
181 743 66 20 sättet
267 741 33 21 till
320 741 64 22 deras
403 740 113 23 ordnande
532 743 57 20 samt
604 741 33 22 för
652 741 117 28 utredning
784 742 25 21 af
821 741 28 22 de

96 776 33 21 till
152 775 161 28 förvaltningen
337 775 40 22 och
399 775 200 28 tillgodogörandet
621 775 26 21 af
665 778 84 20 statens
768 776 82 28 skogar

97 810 98 22 hörande
211 810 79 28 frägor.

165 845 91 22 Prosten
276 845 20 21 J.
317 845 35 21 Fr.
371 844 85 28 Bergh
475 844 96 29 yttrade:
585 845 79 21 Denna
679 845 130 28 inbjudning
825 848 24 19 är

98 880 69 27 enligt
181 880 44 21 min
241 879 142 29 oförgripliga
396 880 89 27 mening
495 880 26 21 af
528 881 45 20 stor
583 879 133 28 betydenhet
727 880 7 21 i
746 880 103 22 afseende

96 915 15 21 å
133 914 62 22 såväl
217 914 88 23 landets
328 916 50 25 eget
400 913 114 23 materiela
537 913 73 29 behof,
634 921 46 15 som
696 914 43 22 den
755 916 93 20 omstän-

98 949 85 29 dighet,
204 951 32 20 att
255 949 30 29 pä
304 956 27 15 en
351 949 93 22 rationel
465 949 140 27 hushållning
623 949 50 22 med
688 949 96 22 kronans
800 949 49 22 sko-

97 991 40 22 gar
160 992 27 15 en
209 984 26 22 af
254 984 27 22 de
303 984 121 22 förnämsta
446 983 169 23 inkomstkällor
637 984 34 21 för
691 986 72 20 staten
779 985 69 21 beror.

96 1019 102 22 Nämnde
213 1019 148 22 kolonisation
375 1019 40 21 bör
430 1018 110 29 nemligen
555 1019 52 26 ske,
622 1018 50 22 icke
688 1019 32 21 till
732 1019 117 28 gynnande

98 1054 26 22 af
146 1053 102 23 enskilda
270 1054 119 27 intressen,
412 1053 77 22 hvilka
511 1053 57 22 dock
590 1060 30 14 nu
642 1060 47 15 som
711 1054 50 21 bäst
784 1061 65 20 synas

97 1088 55 28 vilja
167 1087 69 23 under
251 1088 55 22 sken
319 1088 25 21 af
356 1088 113 21 kulturens
484 1087 123 28 främjande
621 1091 54 24 göra
689 1088 33 27 sig
736 1088 113 28 gällande,

94 1123 36 28 ja,
153 1123 50 22 icke
226 1129 39 16 ens
287 1122 51 22 med
361 1122 103 22 afseende
487 1123 14 21 å
523 1124 84 20 statens
625 1123 178 27 ögonblickligen
818 1123 31 21 in-

98 1157 108 22 träffande
228 1157 67 29 vinst,
318 1159 53 20 utan
394 1158 34 28 sä,
451 1159 32 20 att
505 1164 27 15 en
554 1157 7 21 i
584 1157 117 22 framtiden
716 1157 134 22 fortfarande

99 1192 70 22 fördel
187 1192 34 23 för
237 1192 77 22 landet
332 1193 36 20 mä
382 1192 75 22 kunna
472 1192 85 22 vinnas.
587 1192 10 21 I
611 1191 80 22 sådant
706 1191 104 22 afseende
826 1195 25 18 är

100 1227 84 28 nödigt,
206 1229 32 19 att
253 1227 43 22 den
311 1226 126 29 föreslagna
451 1227 98 22 komiten
564 1229 170 19 sammansättes
750 1227 25 21 af
791 1227 59 21 leda-

99 1264 76 25 möter,
195 1261 75 22 hvilka
288 1261 75 22 kunna
380 1262 30 27 pä
425 1263 33 20 ort
473 1261 41 22 och
529 1261 64 22 ställe
609 1263 52 25 taga
676 1261 125 21 kännedom
817 1268 34 14 om

99 1296 59 22 hvad
173 1295 33 22 för
221 1295 68 28 sagde
305 1295 103 22 ändamål
424 1296 38 21 bör
477 1295 112 28 iakttagas
606 1295 40 22 och
660 1295 105 27 derjemte
777 1295 75 22 kunna

100 1331 41 21 och
163 1330 54 27 vilja
240 1332 52 25 taga
314 1329 85 22 lärdom
421 1329 25 21 af
466 1329 69 21 andra
557 1329 88 21 länders
666 1329 132 27 erfarenhet,
814 1329 38 21 det

100 1364 39 22 vill
159 1367 56 25 säga
234 1364 62 21 säväl
315 1364 93 28 misstag
423 1363 41 22 och
479 1364 65 21 deraf
555 1363 133 21 härrörande
703 1362 87 28 skador,
806 1370 47 15 som

100 1405 80 21 genom
203 1398 64 22 dessa
288 1398 82 22 skador
391 1404 88 16 vunnen
499 1398 77 22 vishet.
606 1398 37 21 Ett
666 1398 72 20 axiom
760 1397 39 21 bör
815 1397 37 21 det

102 1438 66 16 anses
190 1437 62 22 vara,
273 1432 33 20 att
327 1438 35 14 om
384 1432 96 26 skogens
501 1432 107 21 rationela
625 1431 55 21 värd
702 1430 82 22 funnits
799 1430 52 22 nöd-
