1017 1786
774 127 41 21 237

89 191 107 22 tänkande
212 199 78 14 svarar
299 192 39 28 ja,
358 192 39 21 den
420 199 43 14 som
486 192 123 29 godkänner
629 193 137 29 paragrafen
788 193 54 28 efter

90 226 112 29 kejserliga
213 227 160 28 propositionen
390 234 78 14 svarar
483 228 41 27 nej.

156 260 138 21 Besvarades
309 260 50 21 med
375 261 27 20 18
412 261 29 28 ja
456 263 44 20 mot
517 261 25 21 11
558 263 42 26 nej.

157 294 17 30 $
191 295 27 21 16
232 294 130 28 godkändes
378 294 112 28 enhälligt.

155 328 34 31 SS
205 328 89 28 17—179,
311 328 75 23 hvilka
401 336 52 15 voro
473 329 143 29 likalydande
637 330 49 21 med
705 338 83 14 samma
803 338 37 21 pa-

88 364 98 28 ragrafer
201 364 31 22 uti
247 364 119 28 kejserliga
382 364 172 28 propositionen,
578 364 130 28 godkändes
728 366 112 27 enhälligt.

156 399 16 29 $
185 400 28 21 20
228 399 129 28 godkändes
374 399 111 28 enhälligt.

155 433 17 30 $
186 434 35 22 21.

157 468 112 22 Professor
292 468 109 22 Geitlin
425 469 102 28 ansåg,
520 464 15 37 i
549 469 225 23 öfverensstämmelse
790 470 50 22 med

88 503 58 22 hvad
162 503 42 22 han
220 503 56 22 förut
292 505 67 27 yttrat
383 504 115 27 angående
521 504 69 28 tiden,
614 504 110 22 hvarifrån
746 504 27 22 de
796 512 44 21 nya

89 538 155 28 strafflagarne
259 538 67 22 borde
342 537 64 22 träda
419 538 7 21 i
441 538 145 28 verksamhet,
602 540 32 19 att
650 538 37 22 det
703 539 7 21 i
730 539 110 22 anseende

88 572 33 22 till
144 572 147 27 fångvårdens
314 572 40 22 och
376 572 152 27 fängelsernas
551 574 57 20 samt
630 572 69 22 andra
722 572 88 24 dermed
833 574 7 20 i

89 606 158 29 sammanhang
269 605 92 24 stående
382 607 156 27 inrättningars
554 607 130 22 nuvarande
704 607 64 22 skick
788 615 51 14 vore

88 641 100 30 omöjligt
203 644 31 20 att
250 642 120 22 bestämma
385 641 61 23 tiden
462 641 72 23 derför
549 641 33 23 till
597 641 42 23 den
656 643 9 20 1
679 641 89 29 januari
785 643 53 21 1865

88 677 40 23 och
143 677 116 23 förordade
276 676 84 23 derföre
376 676 118 24 utskottets
509 678 7 21 i
532 679 72 20 ämnet
624 677 88 29 yttrade
733 677 57 29 åsigt
806 679 33 21 så-

88 720 46 15 som
150 712 42 22 den
209 712 56 22 enda
281 712 165 22 verkställbara.

155 748 91 22 Prosten
262 747 20 22 J.
298 747 16 21 I.
330 746 88 28 Bergh
434 746 103 22 förenade
554 747 33 27 sig
602 746 72 23 häruti
693 747 49 22 med
757 748 81 28 profes-

88 790 50 15 sorn
154 782 90 28 Geitlin,
268 781 40 23 och
329 781 98 23 önskade
444 783 30 20 att
491 781 91 22 berörde
597 781 101 29 yttrande
720 782 72 22 såsom
807 789 32 15 re-

88 817 109 23 servation
213 817 67 21 måtte
296 816 121 22 antecknas
433 816 61 22 såväl
510 818 57 20 emot
583 815 61 23 detta
660 823 45 15 som
722 819 57 19 emot
796 816 44 22 alla

86 852 134 28 föregående
236 851 76 28 beslut,
329 851 75 21 hvilka
420 851 94 27 anginge
530 850 70 29 tiden,
616 850 110 22 hvarifrån
747 851 27 22 de
794 858 44 21 nya

87 886 154 28 strafflagarne
257 886 87 21 komme
360 887 32 20 att
407 885 117 28 tillämpas.

154 921 32 22 På
202 921 24 21 af
238 921 49 21 berr
302 920 140 22 talemannen
462 919 121 22 framställd
604 919 134 28 proposition
759 921 78 26 antogs

87 956 50 22 med
151 955 111 23 obestridd
276 955 110 28 pluralitet
401 954 72 22 denna
486 954 105 29 paragraf
601 955 7 20 i
622 954 96 28 enlighet
731 955 50 22 med
792 955 46 27 kej-

87 991 81 28 serliga
180 990 172 30 propositionen,
365 989 141 28 hvarigenom
520 989 65 23 alltså
598 989 60 22 tiden
671 989 33 22 för
716 989 121 22 förordnin-

86 1033 54 22 gens
149 1025 107 23 trädande
265 1025 7 22 i
280 1024 140 23 verksamhet
428 1024 124 22 bestämdes
561 1024 33 22 till
604 1023 41 22 den
658 1025 8 20 1
674 1024 88 28 januari
775 1024 61 22 1865.

156 1061 74 22 Sedan
245 1067 29 15 nu
290 1060 44 22 alla
353 1059 27 22 de
400 1059 110 22 särskilda
530 1059 156 28 paragraferna
706 1059 7 21 i
733 1059 105 27 förslaget

86 1095 71 23 blifvit
173 1095 173 28 genomgångna,
364 1093 122 28 Ofvergicks
502 1093 32 22 till
547 1093 112 28 ingressen
671 1093 25 22 af
706 1093 131 28 detsamma;

87 1130 40 23 och
142 1130 28 22 då
186 1130 66 27 ingen
267 1129 70 22 talare
352 1128 77 22 härvid
450 1128 73 21 anhöll
544 1135 34 14 om
601 1127 67 28 ordet,
690 1127 147 22 framställdes

87 1165 25 22 af
124 1165 49 22 herr
189 1165 139 21 talemannen
344 1163 98 27 följande
457 1162 143 29 proposition:

158 1198 129 22 Godkänner
302 1198 33 21 det
350 1197 127 29 högvördiga
493 1196 83 23 ståndet
599 1196 144 29 lagutskottets
766 1196 70 22 betän-

88 1234 69 22 kande
172 1234 8 21 i
195 1233 99 29 afseende
310 1234 12 21 å
338 1232 120 28 ingressen?

155 1268 138 22 Besvarades
308 1266 106 28 enhälligt
424 1266 105 29 jakande.

154 1303 11 21 I
176 1302 96 28 enlighet
286 1300 51 23 med
352 1301 58 21 hvad
426 1300 92 22 sålunda
532 1300 102 28 förelupit
645 1302 67 26 antog
722 1300 88 22 ståndet
823 1301 13 27 $

87 1339 27 21 10
130 1338 68 26 enligt
212 1336 118 29 kejserliga
346 1336 167 28 propositionen,
530 1342 49 15 men
595 1335 49 21 med
664 1335 78 27 tillägg
762 1334 25 22 af
804 1342 33 15 or-

87 1373 52 21 den:
156 1390 6 8 ,
170 1372 52 22 eller
237 1371 175 22 uraktlåtenhet"
430 1370 53 22 efter
502 1370 62 22 ordet
587 1369 139 27 ,handling*,
747 1370 7 20 i
774 1376 63 21 para-

86 1406 88 27 grafens
190 1406 58 21 förra
263 1407 104 25 moment;
383 1405 13 26 $
413 1406 24 19 11
455 1407 78 24 antogs
553 1404 7 21 i
576 1403 96 27 enlighet
687 1403 51 22 med
752 1404 84 21 univer-

86 1439 215 23 sitetssekreteraren
317 1437 133 23 Grotenfelts
465 1438 31 21 uti
512 1437 106 22 utskottet
637 1436 83 28 afgifna
740 1443 96 16 reserva-
