1109 1739
410 133 41 18 Den
467 132 12 17 9
496 132 88 18 Oktober.
851 131 38 19 109

92 194 114 28 tillgångar
228 195 114 26 tillgodose
362 194 160 23 folkskolornas
541 195 72 22 behof.
643 195 44 25 Det
706 197 24 19 är
748 195 28 27 på
792 195 64 23 dessa
872 194 47 23 skäl

89 223 38 27 jag
148 223 119 28 tillstyrker
287 223 68 22 denna
374 223 71 28 frågas
467 224 140 21 omedelbara
625 223 136 27 behandling,
779 225 39 21 och
834 226 33 20 att
882 224 37 21 det

92 252 83 22 direkte
194 253 35 20 må
248 252 131 21 bestämmas
401 254 33 20 att
448 253 94 21 medelst
557 253 118 26 bevillning
690 253 97 21 bestrida
802 254 26 21 de
844 253 75 26 anslag

90 281 34 21 till
138 281 73 22 hvilka
227 281 115 22 ständerna
357 281 72 22 kunna
444 281 93 22 besluta.

159 310 99 21 Friherre
280 316 41 15 von
343 310 83 26 Troil,
451 310 21 21 S.
494 311 44 20 W.:
559 310 42 27 Jag
620 312 24 19 är
659 309 129 27 fullkomligt
803 316 52 16 ense
870 310 48 21 med

91 339 49 21 herr
155 338 107 22 Mechelin
277 339 41 21 och
333 345 62 15 anser
411 339 37 22 det
463 338 34 22 för
513 339 64 27 öfrigt
593 345 51 15 vara
657 339 89 21 alldeles
756 339 162 27 principvidrigt

92 369 32 20 att
144 367 106 22 ordinarie
270 367 145 28 statsutgifter
431 368 62 21 skola
508 368 108 21 bestridas
632 374 77 21 genom
725 367 121 28 bevillning,
863 374 54 19 men,

92 396 28 21 då
138 397 70 21 denna
228 396 81 27 princip
330 403 26 15 en
375 397 56 27 gång
450 396 71 22 blifvit
539 396 76 26 införd,
632 397 62 21 torde
710 397 19 20 vi
745 397 34 20 väl
793 397 48 21 icke
855 396 63 21 hafva

92 427 65 19 annat
175 428 27 18 än
223 427 32 19 att
273 424 70 28 fortgå
357 425 29 27 på
401 426 41 20 den
458 432 27 14 en
501 426 56 26 gång
572 425 98 27 inslagna
685 425 75 21 banan.
792 425 74 21 Skulle
882 425 36 21 det

92 454 119 22 emellertid
233 454 46 21 visa
301 454 40 26 sig,
365 454 28 21 då
412 454 183 21 Statsutskottets
619 454 299 26 sammandragsbetänkande

91 482 117 27 inkommit,
233 484 33 20 att
289 483 142 21 statsverkets
451 483 108 21 ordinarie
577 483 115 27 tillgångar
711 482 67 22 förslå
793 483 32 21 till
840 482 77 22 bestri-

93 511 69 22 dande
178 510 47 23 utaf
240 512 26 21 de
281 512 32 21 uti
329 512 41 21 den
385 511 143 22 förevarande
543 512 163 27 propositionen
721 511 122 28 föreslagna
854 511 63 27 utgif-

91 542 39 23 ter,
147 540 24 22 så
187 542 24 20 är
227 540 36 22 det
276 540 24 28 ju
315 540 111 27 ingenting
442 546 45 16 som
506 540 88 22 hindrar
609 540 118 22 ständerna
742 542 32 20 att
789 547 28 15 nu
832 540 30 27 på
876 540 41 22 för-

91 569 58 21 hand
170 569 112 21 diskutera
296 568 217 28 folkskolebudgeten
529 570 40 21 och
585 570 71 21 lemna
671 569 75 27 frågan
761 576 34 14 om
810 568 107 23 hvarifrån

91 598 84 22 medlen
191 598 62 21 skola
267 599 62 26 tagas
345 599 76 26 öppen.

158 626 57 22 Herr
229 626 101 22 Taube:
346 627 41 27 Jag
402 626 87 23 förenar
504 627 43 27 mig
563 627 47 21 med
626 626 50 22 herr
692 626 111 22 Mechelin.

159 655 34 21 Då
215 655 63 27 ingen
297 662 69 15 annan
386 655 22 22 af
425 656 100 21 ståndets
545 656 139 21 medlemmar
703 656 94 21 önskade
812 657 58 26 yttra
886 655 31 27 sig

92 683 58 22 öfver
169 684 41 22 den
229 684 146 28 föreliggande
389 684 76 28 frågan
481 685 7 21 i
504 685 123 26 allmänhet,
643 684 132 22 förklarades
793 685 40 21 den
848 684 70 22 förbe-

92 712 93 22 redande
206 712 150 22 diskussionen
377 713 101 27 afslutad,
495 714 41 21 och
552 714 75 21 skreds
643 714 33 20 till
693 713 224 27 detaljgranskningen

92 741 22 21 af
127 742 125 26 detsamma,
269 742 73 22 dervid
361 742 32 21 till
411 742 56 22 först
487 742 120 22 utskottets
622 743 29 26 på
666 742 67 22 slutet
749 742 22 21 af
783 748 48 21 pag.
848 744 12 19 4
877 742 39 21 och

91 770 75 27 början
181 770 23 22 af
219 777 48 21 pag.
287 772 12 20 5
317 770 135 22 framställda
467 770 83 28 förslag
566 771 32 21 till
613 771 130 27 beviljandet
759 770 23 22 af
795 771 75 26 anslag
885 770 32 22 för

90 799 135 22 underhållet
247 799 22 21 af
285 799 331 22 folkskolelärareseminarierne
639 800 68 21 under
729 806 28 15 nu
779 799 137 22 förestående

90 828 203 27 bevillningsperiod
307 828 116 27 föredrogs.

158 857 67 21 Detta
240 856 81 28 förslag
336 856 46 23 blef
395 857 23 21 af
432 857 90 22 ståndet
536 859 53 20 utan
605 857 123 22 diskussion
744 857 116 27 godkändt.

157 943 52 21 Med
225 943 113 28 anledning
354 943 23 22 af
390 944 121 21 utskottets
526 944 29 27 på
569 944 79 27 pagina
663 946 12 19 7
691 943 134 22 framställda
837 943 80 26 förslag

91 971 7 21 i
120 971 115 28 anledning
248 971 22 22 af
284 971 182 28 Öfverstyrelsens
483 972 34 22 för
536 973 157 22 Skolväsendet
711 972 156 27 framställning
883 977 33 16 om

90 1000 121 27 beviljande
231 1000 22 22 af
271 1003 42 19 200
329 1001 71 22 marks
415 1001 129 28 lönetillägg
560 1002 23 21 åt
597 1002 84 21 landets
697 1001 163 21 folkskollärare
877 1000 39 22 och

90 1029 118 22 lärarinnor
224 1029 72 22 anhöll

158 1058 57 21 Herr
229 1058 148 27 Jägerhorn
394 1065 33 15 om
443 1059 65 21 ordet
524 1059 40 22 och
579 1059 94 28 yttrade:
690 1059 10 21 I
715 1059 70 21 denna
800 1058 69 27 punkt
880 1065 35 14 an-

91 1086 67 22 håller
171 1087 37 27 jag
223 1087 124 27 ödmjukast
362 1089 33 20 att
407 1087 59 22 fästa
481 1087 117 28 höglofliga
613 1088 97 21 ståndets
726 1087 190 27 uppmärksamhet

92 1115 50 21 derå
158 1117 32 20 att
205 1115 109 22 utskottet
329 1115 92 28 afstyrkt
436 1116 106 27 förslaget
557 1123 34 15 om
606 1116 126 27 förhöjande
748 1116 22 21 af
784 1116 132 26 statsanslag

90 1143 32 22 för
144 1143 186 23 folkskolelärare-
349 1145 40 21 och
408 1145 122 22 lärarinnor
548 1145 54 22 ifrån
623 1145 122 27 respektive
761 1147 41 19 600
818 1145 40 21 och
874 1146 41 19 400

90 1173 32 20 till
136 1173 123 27 respektive
275 1175 41 20 800
333 1174 40 21 och
389 1175 40 20 600
449 1174 38 21 mk
501 1175 30 26 på
546 1174 92 27 följande
654 1174 104 27 grunder:
775 1175 32 20 1:0
829 1175 33 20 att
878 1179 36 15 an-

90 1201 54 22 talet
158 1201 119 22 folkskolor
291 1203 55 21 varit
360 1203 7 20 i
383 1203 88 26 ständig
489 1203 92 26 tillvext,
597 1203 90 21 oaktadt
703 1203 98 26 anslaget
815 1202 48 21 icke
879 1208 36 15 va-

90 1230 28 21 rit
138 1231 24 20 så
178 1231 53 26 högt
251 1237 45 15 som
312 1238 29 15 nu
358 1231 136 27 föreslagits;
512 1233 33 20 2:o
563 1233 32 20 att
610 1232 26 21 de
651 1232 126 21 kommuner
791 1231 28 27 pä
834 1231 80 25 landet,

89 1259 87 22 hvarest
196 1259 156 22 folkskoleidén
372 1260 67 21 redan
459 1260 67 27 slagit
539 1262 40 25 rot,
596 1261 47 21 icke
659 1261 61 20 skola
734 1260 45 21 låta
793 1259 122 22 folkskolan

90 1287 112 22 derstädes
225 1287 98 23 förblifva
345 1290 52 20 utan
421 1289 90 27 dugliga
534 1289 40 22 och
594 1289 33 21 väl
647 1289 97 22 aflönade
760 1289 76 25 lärare,
854 1287 61 22 äfven

90 1323 34 14 om
139 1317 160 27 statsanslagen
313 1317 34 22 för
362 1318 64 21 dessa
441 1318 76 21 skolor
533 1318 47 21 icke
595 1318 104 27 förhöjas;
713 1319 56 20 samt
780 1319 34 20 3:0
826 1317 88 20 emedan

89 1345 91 22 berörda
194 1345 259 28 löneförhöjningsanslag
467 1347 75 21 kunde
558 1347 80 21 bereda
654 1347 133 26 svårigheter
800 1345 114 22 framdeles

90 1375 32 20 att
140 1374 33 21 för
191 1375 136 26 nyinrättade
342 1375 119 21 folkskolor
477 1375 80 28 bevilja
572 1382 37 15 ens
625 1382 81 15 samma
721 1375 76 27 bidrag
813 1381 45 15 som
874 1374 41 21 hit-

89 1403 49 21 tills.
161 1403 10 21 I
187 1403 64 22 dessa
266 1403 137 22 hänseenden
418 1403 40 22 bör
475 1403 57 22 dock
546 1404 48 21 icke
604 1403 98 27 förbises,
714 1405 38 24 att,
764 1410 34 15 om
809 1403 41 21 ock
860 1402 54 21 folk-

89 1431 110 22 skolornas
219 1432 58 21 antal
297 1433 55 21 varit
369 1433 7 20 i
392 1433 71 26 stadig
479 1433 91 26 tillvext,
591 1433 4 21 i
608 1433 127 27 jemnbredd
751 1431 87 22 dermed
854 1432 7 20 i
877 1431 37 21 all-

88 1460 87 21 mänhet
197 1461 72 26 prisen
289 1461 28 26 pä
338 1461 206 21 lifsförnödenheter
561 1461 79 27 jemväl
659 1461 97 25 tillvuxit,
772 1459 87 23 hvarför
874 1459 40 21 och

89 1488 33 23 då,
145 1489 71 21 såsom
235 1489 108 21 utskottet
359 1489 79 27 jemväl
459 1489 119 26 medgifvit,
600 1492 71 19 staten
690 1489 33 21 för
738 1491 32 19 att
785 1490 130 26 uppmuntra

88 1516 129 22 folkskolors
234 1518 133 27 anläggande
384 1518 40 21 och
440 1517 115 21 underhåll
571 1517 130 23 fortfarande
717 1517 66 22 borde
797 1518 70 20 lemna
877 1516 37 22 be-

88 1545 84 22 stämda
195 1546 68 27 årliga
285 1547 76 25 bidrag
377 1546 32 21 till
424 1546 112 22 lärarenes
558 1546 98 28 aflöning,
679 1546 64 22 dessa
758 1546 75 26 bidrag
849 1545 65 21 också
