1109 1739
429 132 39 17 Den
483 130 12 19 3
512 131 87 18 Oktober.
852 127 26 21 43

84 194 59 20 verst
160 193 3 21 i
179 194 78 27 många
271 193 36 22 fall
322 199 51 16 vore
389 194 116 29 olämpligt.
536 194 33 21 Då
584 194 7 21 i
606 193 103 27 förslaget
724 193 83 22 lemnas
825 192 83 23 tillfälle

85 223 38 25 att,
140 221 73 24 derest
229 222 110 27 svårighet
353 224 70 20 möter
437 225 33 20 att
484 224 22 21 få
522 222 178 28 gästgifverierna
715 223 24 20 så
750 224 43 19 tätt
803 223 33 21 till
846 223 62 20 hvar-

85 251 73 26 andra,
179 258 46 15 som
245 252 28 26 på
288 251 80 22 femton
383 254 70 19 versts
470 252 93 26 afstånd,
579 252 7 20 i
601 251 159 26 undantagsfall
777 250 71 23 afvika
862 251 46 21 från

85 280 69 21 denna
169 280 65 27 regel,
251 281 66 26 ansåg
332 281 109 21 utskottet
456 281 74 27 nödigt
545 280 102 22 afseende
663 280 12 21 å
684 280 82 21 sådana
777 280 129 27 undantags-

84 308 37 22 fall
136 315 51 15 vara
201 309 88 21 fästadt.
319 309 64 21 Hvad
397 309 73 27 grefve
485 309 92 22 Armfelt
592 309 112 22 anmärkte
720 310 33 19 att
769 308 139 27 detisynner-

84 337 44 27 het,
152 337 44 22 ifall
219 338 170 27 entreprenaden
412 338 71 22 blefve
504 339 85 26 allmän,
605 344 50 15 vore
671 337 113 27 olämpligt
799 339 32 19 att
846 337 63 22 hafva

86 366 113 22 afstånden
221 367 26 21 så
264 367 63 21 korta
342 373 47 15 som
405 369 26 19 15
447 369 65 25 verst,
529 373 64 16 anser
605 367 38 27 jag
657 367 48 21 icke
720 373 52 14 vara
787 366 23 21 af
823 372 85 21 synner-

84 395 30 27 lig
128 395 119 28 betydelse.
277 396 173 27 Entreprenören
466 397 93 25 komme,
567 395 125 28 isynnerhet
703 401 34 15 om
745 395 71 21 denna
824 395 85 21 institu-

87 424 43 21 tion
150 425 94 21 utbildar
263 425 39 26 sig,
319 427 32 19 att
365 425 58 21 hålla
439 425 75 21 hästar
530 425 47 21 icke
594 425 77 21 endast
686 425 27 25 på
729 426 32 19 ett
777 423 131 27 gästgifveri,

86 454 51 20 utan
159 453 36 21 två
215 453 50 21 eller
281 455 38 19 tre.
349 454 60 21 Hans
425 454 52 20 häst
491 454 86 21 komme
592 453 85 21 således
694 453 77 21 endast
786 455 33 19 att
834 453 34 20 stå
884 458 24 15 en

85 482 92 26 kortare,
195 482 54 22 efter
265 482 36 22 det
317 482 164 28 tillryggalagda
496 482 110 22 afståndet
614 482 107 26 afpassad,
731 482 31 20 tid
772 482 29 26 på
811 482 32 20 ett
851 482 58 26 gäst-

86 510 80 28 gifveri,
181 510 32 22 för
229 512 32 20 att
277 512 46 20 åter
338 512 49 20 med
402 512 93 21 resande
510 512 47 21 fara
572 511 33 21 till
621 511 42 25 det,
679 510 108 22 hvarifrån
798 510 42 21 han
850 510 59 21 kom-

86 539 44 22 mit.
160 539 116 23 Afståndet
298 540 90 22 emellan
411 540 179 27 gästgifverierna
613 540 68 21 vållar
704 539 67 27 enligt
791 539 43 21 min
854 539 56 26 åsigt

86 568 64 22 alltså
171 569 83 21 mindre
276 569 106 27 rubbning
403 569 42 21 och
461 570 85 26 obehag
560 569 33 21 för
608 569 85 25 honom,
710 570 27 19 än
752 568 33 22 för
801 568 48 21 dem
864 574 46 15 som

86 597 74 27 sjelfva
174 597 89 27 fullgöra
281 598 32 21 sin
328 598 264 28 skjutsningsskyldighet.
618 597 173 27 Anmärkningen
803 598 57 20 emot
868 596 42 22 för-

86 626 70 27 slaget
171 628 33 20 att
220 632 27 16 en
261 626 51 22 häst
326 627 7 21 i
348 627 162 27 undantagsfall
526 627 55 21 skall
597 627 28 27 gå
639 628 78 20 tvenne
733 626 82 26 gånger
830 627 24 19 ut
864 625 47 21 från

87 654 147 28 gästgifveriet
257 655 39 22 har
315 656 38 27 jag
375 658 74 20 ämnat
471 656 94 22 besvara
585 656 36 22 vid
637 655 42 22 den
694 654 17 28 $,
727 655 62 21 hvari
805 655 37 21 det
856 654 55 22 före-

86 684 102 21 kommer.

155 713 98 21 Friherre
276 713 109 22 Linder:
416 714 10 21 I
446 714 71 22 likhet
532 714 49 21 med
597 712 71 28 grefve
684 712 90 22 Armfelt
789 718 123 16 reserverar

84 742 38 27 jag
136 742 44 27 mig
196 742 60 22 äfven
273 744 57 20 emot
345 744 33 20 att
392 742 97 22 hållhäst
504 743 56 21 skall
574 743 52 28 utgå
642 742 37 21 två
693 742 81 26 gånger
790 748 34 15 om
836 741 75 27 dagen.

87 771 42 26 Jag
148 770 67 22 finner
235 771 37 21 det
290 778 51 14 vara
361 773 32 20 ett
413 772 138 27 djurplågeri.
581 771 68 22 Äfven
669 772 110 25 gentemot
795 770 26 22 de
837 770 74 26 talare,

88 806 46 15 som
152 800 63 27 yrkat
232 800 29 26 på
275 800 36 22 två
326 800 47 22 mils
389 800 88 22 afstånd
493 801 91 21 emellan
600 799 183 28 gästgifverierna,
800 805 64 15 anser
876 798 37 28 jag

89 828 37 22 det
145 835 52 15 vara
215 828 33 22 för
266 830 62 25 stort,
349 828 62 23 äfven
431 835 35 16 om
482 829 62 28 fråga
560 832 23 19 är
598 835 34 15 om
649 828 149 28 entreprenad.
828 828 33 21 De
877 834 35 15 en-

90 858 142 26 treprenörer,
248 858 49 21 med
312 858 71 21 hvilka
396 858 37 28 jag
449 858 7 21 i
473 858 90 28 Sverige
578 858 60 26 talat,
653 856 65 22 hafva
733 857 74 21 hästar
814 856 47 22 från
869 862 44 16 om-

88 886 147 27 kringboende
251 886 46 22 dels
313 887 98 27 allmoge,
427 886 47 22 dels
491 888 185 26 ståndspersoner,
693 886 24 21 så
726 888 31 20 att
769 886 64 21 dessa
840 886 74 21 hästar

90 915 86 21 komma
191 916 7 20 i
213 922 82 15 samma
310 916 99 27 kategori
425 922 47 16 som
489 917 69 21 andra
572 916 125 21 hållhästar.

157 944 56 21 Herr
232 944 159 27 Schauman,
408 945 23 21 B.
449 945 34 21 O.:
516 945 28 21 Af
557 944 129 27 fullkomligt
701 944 104 20 motsatta
821 943 46 21 skäl
883 943 32 20 till

90 973 47 21 dem
153 972 72 27 grefve
241 973 91 22 Armfelt
347 973 77 27 anfört,
441 973 99 22 anhåller
548 973 38 28 jag
597 975 32 20 att
640 972 109 22 afståndet
757 971 89 22 emellan
855 973 59 26 gäst-

90 1001 128 27 gifverierna
233 1002 88 27 stadgas
337 1002 31 21 till
385 1004 26 19 15
427 1004 68 25 verst,
512 1003 72 21 såsom
600 1002 37 21 det
651 1001 123 27 föreslagits
789 1001 8 20 i
813 1001 42 21 den
869 1001 45 26 kej-

90 1030 78 27 serliga
189 1031 168 26 propositionen.
387 1031 106 22 Deremot
514 1031 69 22 skulle
599 1031 37 28 jag
651 1037 52 15 anse
720 1030 40 21 den
776 1029 139 27 anmärkning

90 1059 71 27 grefve
177 1059 90 22 Armfelt
282 1060 57 27 gjort
354 1062 57 20 emot
427 1061 44 26 det,
489 1062 34 20 att
538 1067 82 15 samma
634 1059 51 22 häst
699 1059 108 27 begagnas
819 1058 37 22 två
864 1059 50 26 gån-

91 1094 38 21 ger
144 1095 35 15 om
195 1089 76 26 dagen,
287 1095 51 15 vara
354 1089 75 27 billigt.

158 1117 57 22 Herr
237 1117 147 27 Järnefelt,
409 1117 90 22 Gustaf:
532 1118 51 21 Man
597 1117 40 22 har
652 1117 98 22 anmärkt
765 1118 32 20 att
813 1117 38 20 det
866 1122 50 15 vore

92 1147 32 20 ett
147 1146 131 27 djurplågeri
301 1148 32 20 att
347 1147 45 21 låta
407 1153 27 16 en
449 1147 53 21 häst
517 1147 85 27 skjutsa
617 1146 36 22 två
668 1146 81 27 gånger
763 1145 28 27 på
807 1147 33 19 ett
855 1145 60 27 dygn.

90 1175 73 26 Enligt
186 1175 41 21 den
249 1175 121 22 kännedom
390 1175 39 28 jag
450 1175 41 22 har
512 1182 34 15 om
567 1175 72 26 saken,
655 1175 62 21 torde
733 1175 36 20 det
784 1174 49 21 icke
849 1174 67 21 skada

89 1203 84 27 hästen,
191 1210 34 15 om
241 1205 41 20 den
298 1205 47 21 icke
361 1204 103 22 behöfver
479 1205 31 26 gå
524 1206 25 19 ut
563 1205 29 27 på
607 1210 69 15 annan
692 1203 76 28 skjuts,
784 1203 45 21 förr
840 1205 27 18 än
875 1202 41 21 den

89 1233 67 20 hvilat
177 1234 33 19 tre
233 1233 81 27 gånger
332 1233 25 22 så
375 1233 79 27 många
473 1233 96 27 timmar,
590 1239 46 15 som
656 1233 58 21 antal
729 1232 43 26 mil,
787 1231 73 22 hvilka
876 1231 40 21 den

89 1261 157 28 tillryggalagt;
270 1261 85 22 således
379 1262 26 21 då
429 1263 41 20 den
495 1263 49 26 gått
565 1263 26 20 30
606 1263 67 25 verst,
687 1261 33 21 får
736 1261 40 21 den
791 1260 49 21 icke
854 1261 61 26 tagas

89 1292 25 19 ut
136 1290 45 22 förr
196 1292 27 19 än
239 1289 54 23 efter
309 1293 12 19 9
337 1291 96 26 timmar;
449 1291 29 27 på
495 1291 40 22 det
550 1292 68 20 sättet
632 1290 32 21 får
680 1290 41 21 den
737 1291 32 20 tre
785 1289 85 21 timmar
885 1290 32 20 att

89 1319 57 21 hvila
170 1319 40 22 och
232 1319 42 22 kan
289 1319 86 28 mycket
389 1319 36 22 väl
440 1321 55 26 göra
512 1321 42 20 den
570 1320 67 21 andra
652 1319 108 27 skjutsen;
776 1318 98 21 särdeles
890 1317 26 22 då

90 1348 38 21 det
149 1347 70 22 blefve
237 1348 6 21 i
262 1347 165 28 undantagsfall,
448 1355 48 15 som
518 1349 71 21 denna
604 1350 65 25 utväg
684 1348 84 21 komme
784 1349 32 19 att
832 1346 84 22 anlitas.

89 1377 51 21 Man
160 1377 69 21 måste
251 1377 36 21 väl
309 1377 123 27 förutsätta,
453 1379 34 20 att
504 1378 40 21 det
558 1377 85 27 pröfvas
659 1377 55 21 huru
729 1377 77 26 många
821 1375 75 22 hästar
910 1375 7 20 i

90 1405 118 22 allmänhet
223 1405 102 22 behöfvas
341 1406 35 22 vid
390 1408 33 19 ett
437 1406 139 27 gästgifveri,
593 1406 40 21 och
648 1408 24 19 är
688 1405 41 22 den
744 1404 126 27 pröfningen
880 1403 37 22 nä-

90 1436 38 25 got
143 1435 25 20 så
183 1436 39 19 när
237 1435 70 26 riktig,
325 1435 24 21 så
363 1435 103 22 behöfver
482 1441 87 15 samma
585 1435 48 21 häst
643 1434 48 22 icke
703 1433 70 22 alltför
782 1433 44 21 ofta
834 1433 84 26 skjutsa

90 1463 36 21 två
148 1469 67 15 resor.
247 1463 54 21 Sker
325 1463 37 22 det
377 1464 36 21 två
429 1464 13 21 &
457 1465 34 20 tre
510 1464 82 26 gånger
607 1464 7 20 i
629 1463 87 25 veckan,
733 1462 25 21 så
772 1461 105 21 uthärdar
892 1467 26 15 en

90 1491 33 21 väl
139 1490 52 22 född
206 1492 50 21 häst
271 1492 86 27 mycket
371 1492 51 28 bra;
439 1492 75 22 derför
531 1491 69 23 skulle
613 1492 38 28 jag
666 1490 85 23 anhålla
759 1492 32 20 att
798 1490 119 22 utskottets

89 1520 80 27 förslag
185 1520 132 27 godkändes.
