1109 1739
223 131 41 20 406
518 133 40 17 Den
574 131 27 19 25
617 131 87 19 Oktober.

193 195 22 22 vi
235 195 126 28 undantaga
381 195 56 22 hvad
459 201 47 16 som
524 198 75 19 senast
614 196 123 22 tillkommit
752 196 7 21 i
773 195 125 27 Frankrike,
913 195 107 28 nemligen

195 225 27 21 de
244 224 102 22 katolska
367 224 161 23 universiteten.
558 225 44 22 Det
625 227 23 20 är
667 225 78 22 endast
758 225 8 21 i
780 224 100 28 England
896 224 41 22 och
951 224 69 22 Nord-

193 253 114 22 Amerikas
329 253 84 22 förenta
435 255 69 20 stater
526 254 41 22 och
589 255 26 21 de
631 254 68 27 öfriga
713 255 98 20 staterna
826 254 7 21 i
848 253 107 25 Amerika,
971 260 50 15 man

193 289 36 15 ser
249 283 96 26 exempel
367 283 29 27 på
417 284 33 21 att
468 283 82 22 sådana
571 283 273 28 undervisningsanstalter
862 282 158 28 upprätthållas

194 311 78 22 endast
292 311 23 22 af
333 311 103 22 enskilde.
465 312 11 22 I
495 312 66 21 dessa
575 312 76 22 länder
665 311 86 23 fordras
765 312 50 27 inga
829 311 147 28 lärdomsprof
988 311 33 22 för

193 340 96 22 tillträde
304 340 32 21 till
352 342 83 20 statens
450 341 72 28 tjenst.
543 341 40 22 Att
597 341 22 22 vi
633 341 40 22 här
687 341 7 22 i
708 341 92 22 Finland
815 341 71 21 skulle
900 340 52 28 följa
961 340 59 27 Eng-

192 369 63 22 lands
271 369 42 22 och
327 369 92 22 Förenta
434 371 108 21 staternas
558 370 97 27 exempel
673 371 49 20 med
737 369 140 22 förkastande
892 369 23 22 af
928 369 42 22 alla
988 369 31 22 öf-

193 398 48 27 riga
263 399 80 21 staters
362 398 8 21 i
388 399 93 27 Europa,
497 399 62 22 detta
573 399 70 22 måste
656 399 37 27 jag
707 399 34 22 för
757 399 42 20 min
815 398 35 22 del
866 405 52 14 anse
933 398 87 21 tillhöra

193 427 28 21 de
242 427 49 21 lösa
309 426 137 23 fantasierna.
476 428 42 26 Jag
540 427 71 22 skulle
633 427 64 22 alltså
720 428 75 25 önska,
818 429 34 19 att
870 433 62 15 mom.
950 427 70 21 skulle

193 455 50 28 lyda
261 455 47 22 helt
327 456 82 22 enkelt:
432 458 45 24 ,att
491 456 117 22 framdeles
624 456 177 22 statsunderstöd
816 456 67 27 gifves
900 456 22 21 åt
936 456 84 27 privata

193 484 78 28 lyceer,
287 484 72 22 hvilka
379 485 46 21 visa
440 485 33 27 sig
487 485 96 28 uppfylla
603 487 32 21 ett
649 486 94 26 verkligt
757 484 86 28 behof*,
859 491 49 15 men
924 486 32 20 att
970 484 49 22 icke

193 514 62 21 detta
271 513 70 22 skulle
356 513 72 23 såsom
443 514 116 27 grundsats
575 514 127 28 uppställas.
732 514 51 22 Man
798 514 43 21 kan
857 514 79 26 dervid,
951 514 27 21 då
987 514 32 27 ly-

193 542 76 22 delsen
290 542 41 22 blir
347 542 67 22 sådan
426 543 39 28 jag
479 543 46 22 haft
540 546 52 19 äran
607 543 86 27 föreslå,
709 543 68 22 tänka
791 543 33 27 sig
840 542 178 28 fortsättningen:

193 571 33 21 till
241 572 50 21 dess
307 572 132 22 statsverket
454 578 63 16 anser
533 572 37 22 det
584 572 105 28 behöfligt
703 572 40 22 och
758 571 69 23 finner
841 572 84 27 möjligt
940 573 33 20 att
988 570 31 23 öf-

192 602 90 25 vertaga
297 600 82 22 sådana
393 601 111 22 anstalter.
534 602 51 22 Men
600 602 61 21 detta
676 601 76 27 tillägg
767 600 75 23 behöfs
857 600 59 27 icke;
928 600 38 22 det
975 600 45 22 må-

193 630 34 21 ste
243 629 56 22 dock
313 629 155 23 underförstås.

261 658 57 22 Herr
332 658 144 23 Järnefelt:
491 659 43 27 Jag
549 659 96 23 anhåller
661 660 77 21 endast
746 658 111 23 vördsamt
867 660 33 20 att
908 658 22 22 få
940 658 78 22 under-

193 687 72 28 stödja
279 687 50 22 herr
345 687 119 23 Snellmans
479 688 86 28 förslag.

261 716 57 22 Herr
333 716 159 28 Schauman,
508 718 24 21 B.
549 717 33 22 O.:
598 717 35 21 Då
644 717 39 28 jag
698 717 67 22 också
779 716 46 22 helt
840 716 40 22 och
895 716 68 22 hållet
973 716 46 28 hyl-

192 744 33 22 lar
247 745 28 21 de
297 744 88 28 åsigter,
407 746 73 22 hvilka
496 746 71 22 blifvit
585 746 98 22 uttalade
698 746 23 22 af
733 746 52 21 herr
800 745 116 27 Snellman,
931 746 39 21 ber
982 745 38 27 jag

192 773 23 22 få
229 774 142 28 understödja
385 774 54 22 hans
454 774 88 28 förslag.

261 803 35 21 Då
317 802 64 28 ingen
399 810 70 15 annan
487 804 24 22 af
527 804 98 22 ståndets
640 804 140 22 medlemmar
795 803 96 22 önskade
906 804 58 26 yttra
979 803 39 27 sig,

195 832 135 26 uppställdes
345 832 33 21 till
393 832 132 22 besvarande
539 832 96 28 följande
649 832 144 28 proposition:

263 860 67 28 »Den,
346 866 47 17 som
408 861 140 22 oförändradt
562 862 125 27 godkänner
705 868 64 15 mom.
787 861 23 28 d)
824 860 24 22 af
858 860 107 22 allmänna
979 861 41 21 Be-

193 889 182 23 svärsutskottets
391 890 163 28 ifrågavarande
568 890 144 27 betänkande,
729 896 74 16 svarar
815 890 33 28 ja;

261 918 76 22 vinner
351 919 42 27 nej,
409 920 108 21 uteslutas
532 920 67 22 orden
617 920 54 26 ,den
686 919 117 28 grundsats
813 919 68 21 måtte
892 918 62 28 följas
966 919 52 21 att".

261 947 41 21 Till
317 946 54 29 följd
393 947 24 22 af
436 950 33 20 att
492 948 71 22 denna
576 948 134 28 proposition
725 948 36 22 vid
777 948 73 21 derom
866 948 93 21 anställd
974 954 45 15 om-

191 975 100 28 röstning
305 975 131 24 besvarades
451 977 50 22 med
517 978 26 21 19
557 977 23 27 ja
595 977 41 22 och
651 979 27 20 22
693 977 42 27 nej,
752 983 38 15 var
804 978 118 20 momentet
933 977 22 26 d)
967 976 52 26 god-

191 1004 69 22 kändt
273 1005 51 21 med
340 1005 41 22 den
397 1005 23 22 af
432 1005 51 22 herr
498 1005 109 22 Snellman
622 1005 123 28 föreslagna
759 1005 169 27 uteslutningen.

260 1033 87 22 Momm.
363 1033 22 28 e)
401 1035 40 21 och
456 1034 16 26 f)
488 1035 125 26 godkändes
629 1036 52 21 utan
697 1034 130 22 diskussion.

261 1061 11 22 I
289 1061 103 24 afseende
408 1063 13 22 å
436 1063 38 22 det
489 1063 94 22 derefter
597 1063 128 28 föredragna
739 1069 64 16 mom.
820 1065 22 25 g)
858 1062 67 22 utbad
939 1063 33 26 sig

259 1091 58 22 Herr
331 1091 132 22 Mechelin
479 1093 61 21 ordet
556 1093 40 22 och
611 1093 96 27 yttrade:
723 1092 161 27 Ridderskapet
900 1091 40 22 och
950 1091 70 22 Adeln

191 1119 40 22 har
251 1119 8 22 i
282 1119 103 23 afseende
408 1121 13 21 å
441 1127 64 16 mom.
526 1121 20 27 c)
566 1121 91 22 beslutit
672 1128 26 15 en
713 1121 135 26 förkortning
864 1119 23 22 af
901 1121 117 21 utskottets

191 1148 82 28 förslag
289 1149 87 26 derhän,
393 1151 33 20 att
441 1150 37 21 det
492 1150 48 22 icke
556 1150 71 22 skulle
637 1150 55 22 talas
702 1157 34 15 om
746 1149 106 22 flertalets
864 1148 23 22 af
895 1149 42 22 den
947 1149 73 27 kring-

191 1177 102 28 liggande
308 1178 89 27 nejdens
413 1178 134 28 befolknings
564 1179 71 27 språk.
660 1179 76 21 Denna
750 1179 135 26 förkortning
900 1178 42 21 kan
957 1177 64 23 hafva

192 1206 117 22 utseendet
329 1206 23 22 af
365 1208 33 20 att
413 1207 76 28 åsyfta,
505 1209 33 20 att
556 1208 71 27 någon
641 1208 82 27 hänsyn
737 1207 50 22 icke
801 1207 41 22 bör
856 1209 63 25 tagas
936 1207 32 21 till
984 1207 36 21 det

192 1235 67 27 språk
280 1235 161 27 pluraliteten
435 1231 14 36 i
459 1243 28 15 en
510 1238 33 20 ort
565 1237 57 21 talar
644 1239 39 19 när
703 1237 37 21 det
758 1236 67 27 gäller
841 1237 33 20 att
888 1236 133 26 tillmötesgå

191 1264 100 21 uttalade
313 1265 131 27 önskningar
466 1271 34 16 om
520 1265 73 22 skolas
615 1265 129 22 inrättande.
776 1265 42 22 För
837 1265 43 21 min
896 1265 35 20 del
947 1266 24 20 är
983 1264 38 28 jag

192 1292 126 28 öfvertygad
333 1299 35 16 om
384 1295 33 20 att
432 1294 67 21 sådan
514 1295 86 26 mening
614 1294 49 22 icke
677 1295 36 26 låg
727 1294 40 21 hos
783 1293 115 26 utskottet,
915 1295 53 19 utan
983 1299 37 16 en-

191 1321 51 22 dast
260 1322 48 26 den,
329 1324 33 20 att
381 1323 42 21 den
439 1323 64 22 enkla
517 1323 135 22 aritmetiska
667 1323 52 22 eller
734 1323 124 21 statistiska
872 1322 148 27 beräkningen

190 1350 49 22 icke
262 1351 69 22 måtte
352 1351 22 22 få
395 1351 64 22 vinna
481 1352 71 27 insteg
572 1352 73 21 såsom
659 1351 117 28 afgörande
791 1351 78 22 faktor.
899 1351 43 26 Jag
956 1357 64 16 anser

190 1379 67 22 likväl
277 1379 48 28 just
343 1379 51 22 med
409 1379 103 23 afseende
526 1381 14 21 å
555 1381 38 21 det
607 1381 72 22 beslut
695 1387 46 15 som
755 1380 97 22 fattades
868 1380 35 21 vid
917 1386 63 15 mom.
998 1381 21 23 c)

191 1408 38 21 det
243 1414 53 15 vara
311 1407 23 22 af
350 1409 93 21 särskild
462 1409 46 28 vigt
522 1411 33 20 att
570 1409 160 28 Ridderskapet
745 1409 42 22 och
801 1409 69 22 Adeln
885 1408 135 22 beträffande

191 1436 28 22 de
241 1443 30 15 nu
293 1436 94 28 följande
410 1444 85 16 momm.
518 1439 69 21 måtte
606 1438 75 22 förena
703 1439 34 27 sig
751 1444 36 16 om
802 1438 121 21 utskottets
939 1437 81 28 förslag

190 1465 57 21 hvad
267 1466 82 21 antalet
367 1473 42 21 nya
423 1466 70 22 finska
512 1467 72 22 skolor
599 1467 72 27 angår,
686 1467 29 27 på
731 1467 37 21 det
783 1468 33 20 att
831 1466 91 21 sålunda
937 1467 82 26 otvety-

192 1494 47 27 digt
261 1494 69 22 måtte
351 1494 91 22 framstå
457 1497 33 20 att
506 1496 86 22 ståndet
606 1496 37 21 vill
658 1496 103 27 befrämja
778 1495 41 21 den
836 1495 44 25 sak,
896 1494 50 22 hela
960 1494 60 22 detta

191 1522 139 24 betänkande
351 1523 151 30 förnämligast
524 1525 62 28 afser,
605 1524 107 28 nemligen
729 1524 127 27 tillräckligt
874 1523 145 28 bildningsan-
