1109 1739
417 142 39 17 Den
473 139 27 20 23
517 142 87 18 Oktober.
856 141 40 20 355

100 203 135 23 förhållande
252 206 23 19 är
289 203 80 28 följden
385 205 22 22 af
419 205 120 22 historiska
554 205 99 27 orsaker;
670 205 37 22 det
717 205 40 22 har
767 205 99 27 uppstått
874 206 52 20 utan

101 235 33 19 att
149 232 47 22 från
211 233 76 28 början
303 233 37 22 det
354 235 55 20 varit
424 234 84 27 någons
524 234 65 27 afsigt
605 236 32 19 att
652 235 145 27 undertrycka
808 235 41 20 den
857 234 71 21 finska

100 261 159 28 befolkningen.
289 262 28 21 Ja
335 263 39 26 väl,
389 263 37 27 jag
441 262 120 27 medgifver
577 263 39 22 allt
631 263 66 22 detta.
728 263 49 22 Men
793 263 77 26 många
884 262 43 21 för-

101 291 123 26 hållanden,
248 297 45 15 som
315 292 104 27 uppvuxit
440 291 90 22 alldeles
554 292 103 27 naturligt
675 299 26 14 ur
720 292 118 22 historiska
852 293 75 24 rötter,

102 319 73 22 kunna
197 319 48 22 icke
268 320 50 21 dess
338 320 81 23 mindre
440 320 70 22 under
528 321 96 22 tidernas
638 321 91 27 förlopp,
745 321 40 22 och
801 321 67 21 sedan
884 326 44 15 om-

103 349 178 26 ständigheterna
296 349 77 22 ändrat
388 349 39 28 sig,
444 350 81 26 antaga
539 350 132 22 karaktären
687 350 24 21 af
723 350 105 21 orättvisa
839 349 39 22 och
886 349 42 21 för-

104 378 71 27 tryck;
196 377 40 22 och
257 377 60 22 detta
335 385 63 15 anser
411 379 38 26 jag
464 384 53 16 vara
531 378 62 23 fallet
608 379 49 21 med
672 379 39 21 vår
725 379 62 21 lärda
801 378 73 22 skolas
890 384 38 15 un-

104 406 207 27 dervisningsspråk.
343 407 88 22 Således
447 413 38 16 var
502 408 37 21 det
554 408 70 21 denna
639 408 108 27 synpunkt
761 414 47 15 som
821 407 109 22 utskottet

104 434 129 23 framförallt
247 435 56 22 hade
319 437 32 20 att
366 435 107 22 fasthålla.

173 464 51 22 Men
239 464 13 21 å
267 464 67 22 andra
349 464 67 28 sidan,
432 466 40 20 när
487 471 28 15 en
530 466 46 20 stor
585 464 181 23 samhällsreform
777 467 24 20 är
810 464 119 28 ifrågasatt,

106 493 111 27 angående
237 493 86 21 hvilken
345 493 120 22 hvarandra
480 496 113 25 motsatta,
613 494 66 28 något
699 495 24 21 så
741 496 39 20 när
797 493 135 29 jemnstarka

106 522 111 27 meningar
235 522 84 28 kämpa,
336 522 24 22 så
375 522 83 22 händer
473 523 39 21 det
526 523 69 22 sällan
611 525 33 19 att
659 524 70 21 denna
743 522 79 23 reform
838 523 42 21 kan
895 528 36 21 ge-

107 550 114 27 nomföras,
242 552 52 20 utan
313 557 27 15 en
357 552 144 27 kompromiss
520 552 91 22 emellan
630 552 65 22 dessa
710 552 90 27 stridiga
814 552 116 26 meningar.

107 580 45 22 Det
165 582 25 19 är
205 581 32 21 ett
252 579 89 28 faktum,
357 582 32 20 att
405 581 36 21 det
453 580 106 22 existerar
566 588 26 15 en
600 582 83 26 ganska
691 581 139 27 inflytelserik
839 580 92 28 opinion,

108 608 87 22 hvilken
217 608 65 29 hyser
303 608 100 28 farhågor
423 611 59 20 emot
500 609 129 23 förökandet
645 610 22 22 af
681 611 26 21 de
723 610 70 22 finska
807 610 61 21 lärda
883 609 49 21 sko-

108 638 73 21 lornas
204 638 68 26 antal;
296 638 37 22 det
355 640 24 20 är
401 638 67 22 kändt
487 640 34 20 att
538 646 49 14 man
606 639 23 21 af
642 646 27 15 en
684 639 57 27 dylik
756 638 77 22 reform
848 638 85 22 befarar

109 666 88 28 vådliga
212 666 77 28 följder
303 666 34 22 för
350 668 37 20 vår
402 667 74 22 kultur
492 668 42 21 och
550 669 33 21 ett
597 667 72 23 alltför
685 668 72 22 starkt
771 668 41 22 och
827 667 107 22 våldsamt

110 695 83 22 afbrott
207 696 7 21 i
229 696 42 21 den
285 696 118 22 historiska
417 696 160 22 kontinuiteten
593 697 7 21 i
615 697 48 21 vårt
677 697 156 21 kulturarbete.
858 696 76 21 Denna

110 724 99 28 opinions
231 724 84 22 tillvaro
337 725 39 21 har
398 726 121 21 utskottets
534 726 112 27 pluralitet
663 726 48 22 icke
727 727 72 21 ansett
815 725 33 27 sig
862 725 73 21 kunna

109 753 72 22 lemna
197 754 113 21 obeaktad.
340 754 113 22 Utskottet
467 754 42 22 har
524 756 55 20 trott
594 755 33 27 sig
641 755 54 21 böra
709 754 119 22 framställa
844 754 39 21 sitt
892 754 42 21 för-

111 782 47 27 slag
179 782 8 22 i
210 782 41 22 den
273 782 60 27 form,
349 784 33 21 att
404 783 37 22 det
459 783 72 21 såvidt
545 784 84 27 möjligt
644 784 69 21 skulle
729 784 72 21 kunna
815 782 77 22 förlika
909 782 26 21 de

112 811 92 27 stridiga
218 812 144 27 meningarna,
379 818 76 21 genom
471 814 34 19 att
520 812 28 28 på
564 818 81 16 samma
661 813 57 27 gång
727 811 158 23 tillfredsställa
895 812 41 20 den

112 839 70 22 finska
199 840 163 28 befolkningens
380 841 73 27 billiga
471 841 102 27 anspråk,
591 841 70 22 såvidt
676 843 83 20 statens
774 840 116 28 tillgångar
904 839 32 22 för

112 869 133 21 närvarande
264 870 37 21 det
317 869 113 27 medgifva,
451 871 59 20 samt
525 870 13 22 å
553 870 66 22 andra
635 870 61 22 sidan
713 870 89 27 erbjuda
817 870 42 21 den
874 875 62 15 sven-

113 898 40 21 ska
171 897 152 28 befolkningen
339 898 138 28 fullständiga
492 899 111 27 garantier
618 900 32 20 att
666 899 49 21 dess
731 899 66 27 språk
813 898 40 22 och
868 898 69 21 natio-

112 926 78 22 nalitet
211 926 48 22 icke
281 927 51 27 löpa
354 928 70 26 någon
442 927 52 22 fara.
527 928 44 22 Det
589 930 24 19 är
628 928 61 21 detta
703 934 47 15 som
765 928 108 21 utskottet
888 926 50 22 sökt

113 955 122 27 tillgodose,
253 955 39 22 och
307 956 40 21 har
361 956 7 21 i
383 956 78 21 sådant
475 956 127 22 hänseende
617 958 54 20 trott
687 956 32 27 sig
734 957 53 21 böra
802 955 51 28 följa
861 957 77 20 tvenne

114 984 147 27 grundsatser.
291 985 48 22 Den
355 991 45 20 ena,
416 987 33 20 att
463 985 112 22 utskottet
589 985 48 22 icke
651 985 110 27 föreslagit
775 985 68 26 något
857 991 29 14 nu
901 984 37 21 be-

115 1013 90 22 stående
221 1013 88 22 svenskt
323 1013 110 22 läroverks
448 1013 154 23 förfinskande.
628 1014 90 27 Följden
733 1013 63 22 häraf
810 1013 41 22 blir
860 1013 78 22 visser-

114 1042 57 27 ligen
189 1042 42 22 den
247 1044 32 19 att
294 1043 131 22 statsverket
440 1043 72 22 måste
528 1043 87 27 åläggas
631 1045 70 20 större
716 1041 222 29 penningeuppoffrin-

116 1078 44 21 gar,
181 1073 27 20 än
227 1071 119 22 händelsen
363 1071 77 27 blefve,
461 1078 35 15 om
516 1072 67 27 några
598 1072 92 21 svenska
705 1072 71 21 skolor
791 1071 148 22 förfinskades.

116 1101 114 21 Utskottet
245 1101 67 26 ansåg
328 1101 37 21 det
381 1101 55 21 dock
450 1101 75 21 bättre
541 1102 33 21 att
589 1102 74 20 staten
676 1101 76 26 ätager
767 1101 34 26 sig
817 1101 63 20 dessa
888 1105 51 21 pen-

116 1129 216 28 ningeuppofiringar,
349 1129 28 22 dä
391 1136 50 15 man
456 1129 127 28 härigenom
599 1129 100 28 erbjuder
707 1129 41 22 den
757 1129 93 22 svenska
857 1128 83 22 befolk-

116 1159 79 26 ningen
210 1158 114 27 garantier,
341 1159 33 20 att
388 1159 112 26 ingenting
516 1158 82 28 äsyftas
614 1160 45 20 mot
675 1159 50 21 dess
741 1158 65 27 spräk
822 1157 40 22 och
871 1157 69 21 natio-

116 1187 83 22 nalitet.
229 1187 63 21 Hvad
311 1187 67 27 angär
392 1187 26 22 hr
434 1187 155 28 Godenhjelms
606 1187 145 27 anmärkning,
768 1188 33 20 att
817 1187 37 21 det
870 1186 70 21 skulle

116 1217 57 22 varit
190 1216 158 27 inkonsegvent
363 1215 22 22 af
398 1216 116 27 utskottet,
530 1218 33 20 att
578 1217 13 20 &
607 1222 40 15 ena
661 1216 61 21 sidan
737 1216 48 21 icke
800 1214 64 23 hafva
879 1215 63 27 yrkat

117 1246 29 27 pä
163 1245 34 22 S:t
211 1245 90 22 Michels
317 1245 92 22 svenska
423 1245 112 22 läroverks
551 1244 152 28 förfinskande,
721 1244 12 22 å
749 1245 66 21 andra
831 1243 62 22 sidan
909 1245 33 19 att

119 1274 47 22 åter
188 1273 7 22 i
217 1280 63 15 mom.
304 1273 20 28 c)
348 1273 22 22 af
386 1273 38 22 sitt
441 1273 142 22 betänkande
600 1273 64 23 hafva
679 1275 50 26 sagt
743 1275 33 20 att
790 1279 51 16 man
856 1272 35 22 vid
904 1272 38 21 be-

118 1303 134 22 stämmande
275 1302 23 22 af
318 1309 27 15 en
367 1303 73 21 skolas
461 1303 68 27 spräk
546 1303 40 21 bör
605 1304 52 25 taga
671 1302 84 28 hänsyn
769 1302 34 21 till
818 1301 38 22 det
870 1301 71 27 spräk,

119 1338 47 15 som
184 1331 56 22 talas
261 1331 22 22 af
300 1331 151 28 befolkningen
471 1332 7 21 i
498 1331 165 28 kringliggande
683 1333 65 25 orter,
767 1331 25 21 sä
807 1336 51 21 eger
872 1330 70 27 nägon

119 1361 158 27 inkonsegvens
295 1360 88 22 alldeles
399 1360 48 22 icke
462 1367 56 19 rum,
535 1361 90 21 emedan
640 1366 64 15 mom.
721 1360 28 27 c),
766 1360 73 21 säsom
847 1359 96 27 uttryck-

119 1389 58 28 ligen
193 1391 70 25 säges,
277 1388 77 23 hänför
369 1389 34 27 sig
416 1389 33 21 till
463 1389 124 26 framtiden,
603 1395 49 16 men
662 1389 47 22 icke
718 1389 33 21 till
759 1389 37 21 det
803 1387 140 23 närvarande.

120 1419 49 22 Den
187 1419 67 21 andra
269 1417 150 28 grundsatsen,
435 1423 47 16 som
498 1417 69 22 ocksä
581 1418 110 21 utskottet
705 1419 55 20 trott
774 1417 34 27 sig
823 1417 54 21 böra
891 1415 53 22 fast-

120 1447 59 22 hälla
198 1447 41 22 och
259 1453 46 16 som
325 1447 59 27 synts
405 1447 70 27 egnad
496 1447 36 21 att
540 1445 116 29 öfvertyga
671 1446 80 22 enhvar
766 1446 80 26 derom,
863 1446 33 20 att
911 1446 33 20 ut-

122 1476 83 21 skottet
219 1475 49 22 icke
283 1475 58 22 velat
355 1475 144 27 undertrycka
514 1475 68 26 nägot
597 1475 65 27 spräk
677 1475 7 21 i
698 1475 79 25 landet,
794 1475 39 21 har
840 1473 57 22 varit
905 1473 41 21 den

122 1506 34 20 att
169 1505 8 21 i
192 1504 101 27 samtliga
306 1504 139 27 tullständiga
459 1504 81 27 lyceer,
554 1502 83 23 hvilket
653 1504 62 21 deras
730 1503 65 27 spräk
806 1505 27 19 än
843 1502 35 22 mä
888 1508 57 20 vara,

123 1533 37 22 det
175 1533 68 21 andra
257 1532 113 22 inhemska
385 1532 88 28 spräket
489 1531 58 23 skall
562 1531 109 28 bibringas
687 1532 32 26 sä,
735 1533 32 20 att
782 1531 27 22 de
821 1531 71 21 elever
901 1536 46 16 som

123 1561 93 23 derifrän
231 1561 59 27 utgå,
306 1561 35 22 mä
356 1560 63 23 hafva
433 1560 100 28 förmåga
548 1561 33 21 att
597 1560 60 23 äfven
673 1560 108 28 praktiskt
790 1560 100 27 begagna
902 1558 46 22 det-
