1109 1739
228 125 27 20 46
524 127 41 18 Den
581 126 11 18 3
609 127 88 18 Oktober.

267 189 316 27 Propositionen
438 184 11 38 '
457 189 126 27 besvarades
606 191 49 21 med
678 191 88 22 allmänt
779 190 30 27 ja,
831 189 31 22 till
882 189 52 28 följd
948 188 77 23 hvaraf

199 219 117 21 momentet
331 218 62 22 vardt
408 218 23 21 af
444 219 88 21 ståndet
548 219 139 22 oförändradt
702 219 117 28 godkändt.

270 304 11 28 $
297 307 12 19 6
325 305 124 27 godkändes
465 307 53 20 utan
534 305 129 23 diskussion.

268 391 42 22 Vid
325 391 11 28 $
351 393 12 20 7
379 391 110 22 lemnades
506 392 63 22 ordet
583 393 29 26 på
628 393 95 27 begäran
739 393 23 21 åt

267 421 98 21 Friherre
380 421 105 26 Wrede,
501 421 92 27 August,
609 428 46 15 som
671 422 96 27 yttrade:
795 421 33 21 Då
842 420 51 22 flere
909 420 23 22 af
945 420 26 21 de
986 426 38 20 ny-

201 449 91 27 anlagda
311 449 178 27 gästgifverierna
508 450 35 22 vid
556 450 192 28 jernvägslinierna
763 452 38 19 äro
817 450 93 26 belägna
925 449 25 21 så
964 448 60 27 långt

199 478 47 21 från
269 478 113 26 stationen,
406 480 32 20 att
461 485 26 15 en
507 480 91 20 resande
616 480 48 21 icke
679 480 102 26 beqvämt
795 478 43 22 kan
854 478 47 21 från
916 477 108 22 stationen

200 506 101 22 befordra
323 508 32 26 sig
375 507 53 21 fram
443 508 33 20 till
491 508 150 26 gästgifveriet
657 508 133 22 annorlunda
804 510 26 18 än
846 507 50 21 med
910 507 56 26 häst,
985 506 39 21 och

201 536 38 21 det
261 535 45 22 ofta
329 536 108 22 anmärkts
461 538 33 20 att
516 537 103 21 hästarne
634 540 37 18 äro
687 538 110 26 utgångna
815 536 52 22 eller
881 536 96 26 fullgjort
992 534 32 22 sin

201 564 257 28 skjutsningsskyldighet
473 564 33 23 för
520 566 81 27 dygnet
616 572 34 16 om
667 566 26 22 de
708 566 112 22 befordrat
836 571 26 15 en
877 564 91 22 resande
976 564 48 21 här-

201 594 90 21 emellan
307 600 35 15 om
357 594 45 24 ock,
419 594 72 22 såsom
506 594 60 22 fallet
581 597 24 19 är
621 597 15 19 t.
653 601 32 15 ex.
701 595 36 22 vid
751 594 119 28 Kymmene
880 593 39 22 och
930 593 95 21 Kausala

201 622 111 27 stationer,
329 623 63 21 dessa
407 625 37 19 äro
459 623 94 27 belägna
567 624 57 21 blott
640 624 97 27 omkring
752 630 25 15 en
786 625 68 19 verst
862 622 46 22 från
916 623 108 20 närmaste

201 651 130 27 gästgifveri,
355 658 62 15 anser
437 652 42 27 jag,
504 652 32 21 till
559 652 138 22 undvikande
713 653 23 21 af
748 652 158 26 missförstånd,
924 653 32 19 att
972 650 54 22 efter

201 681 39 21 det
255 681 74 27 stycke
344 681 7 21 i
367 680 139 22 förevarande
522 681 17 27 &,
557 687 46 15 som
618 682 69 27 lyder:
706 682 32 27 ,ej
749 681 71 21 heller
828 682 32 20 att
868 680 69 22 under
945 686 81 15 samma

203 709 56 27 dygn
275 710 84 26 skjutsa
374 709 51 22 flere
441 712 27 19 än
483 710 37 21 två
535 710 92 27 gånger"
645 711 67 21 borde
728 710 102 26 tilläggas
846 711 15 20 t.
878 716 31 15 ex.
927 715 47 20 ,om
984 708 42 22 han

201 738 95 27 skjutsat
311 738 64 22 minst
390 738 81 22 femton
486 740 79 20 verst*.
595 740 44 21 Det
655 742 24 19 är
693 740 28 27 pä
737 738 184 23 erfarenhetsskäl
936 738 38 27 jag
988 739 38 25 gör

201 767 70 21 denna
287 767 145 27 anmärkning.

268 796 56 21 Herr
339 802 41 15 von
395 796 128 22 Alfthan:
553 796 72 22 Jemte
641 797 38 21 det
691 797 38 27 jag
744 796 34 22 får
793 795 100 23 bekräfta
908 796 38 20 det
960 795 22 21 af
991 794 35 22 fri-

200 824 63 22 herre
286 825 79 21 Wrede
387 824 90 22 anförda
499 825 90 27 faktum,
613 826 38 21 ber
671 826 38 27 jag
729 827 32 20 att
781 824 22 22 få
819 824 140 28 understödja
974 824 53 21 hans

200 853 86 27 förslag.

268 882 56 22 Herr
338 882 204 28 Björkenheim,
559 883 93 21 Robert:
683 883 74 21 Under
774 882 42 22 den
831 882 137 27 preliminära
984 881 42 21 dis-

199 910 118 22 kussionen
331 911 7 21 i
353 911 75 27 frågan
442 911 64 22 hafva
520 911 52 22 flere
588 912 65 21 ärade
669 911 252 23 medlemmar
814 906 13 37 i
837 911 84 23 ståndet
929 910 99 22 anmärkt

199 941 58 20 emot
279 940 108 27 förslaget,
411 942 32 19 att
466 940 45 21 låta
531 947 82 14 samma
629 940 122 27 skjutshäst
767 942 81 19 tvenne
863 940 81 27 gånger
959 939 69 21 under

199 969 79 26 dygnet
301 969 26 26 gå
349 969 8 20 i
378 969 76 26 skjuts.
484 969 67 21 Detta
570 969 81 27 förslag
671 969 38 22 har
725 969 111 22 utskottet
850 968 50 21 låtit
918 967 109 28 qvarstå
1015 963 15 37 i

196 997 145 27 lagförslaget,
365 998 89 21 emedan
472 998 109 21 utskottet
596 1004 64 15 anser
674 1000 32 19 att
722 998 38 21 det
775 997 91 22 innebär
882 1003 26 15 en
931 996 97 28 betydlig

195 1026 85 21 lättnad
296 1026 6 21 i
317 1026 203 27 hållskjutstungan.
542 1027 32 20 På
587 1028 46 20 sätt
648 1027 7 20 i
670 1027 11 27 &
697 1029 19 24 4,
733 1026 55 22 eller
803 1025 11 28 8
830 1028 12 19 6
858 1025 24 22 af
890 1026 41 21 den
950 1025 78 27 nådiga

196 1055 167 26 propositionen,
378 1055 68 21 finnes
462 1055 109 22 bestämdt
586 1055 7 21 i
609 1056 49 21 dess
674 1056 67 21 andra
756 1056 102 25 moment,
871 1055 25 20 så
903 1055 39 21 bör
959 1054 69 21 denna

197 1083 300 28 skjutshållningsskyldighet
517 1084 48 21 icke
580 1086 62 25 tagas
658 1085 7 20 i
681 1083 146 23 betraktande
841 1083 36 22 vid
896 1083 132 22 bestämnin-

198 1118 41 21 gen
257 1112 22 21 af
292 1113 81 21 antalet
388 1113 119 21 hållhästar
521 1113 29 27 på
564 1113 158 27 gästgifverien.
754 1113 46 20 Det
814 1112 44 21 kan
873 1112 85 21 således
976 1111 48 22 icke

197 1140 156 27 ifrägakomma
368 1143 31 19 att
415 1141 148 28 skjutshästen
579 1141 44 22 ofta
639 1142 69 21 skulle
723 1140 96 23 behöfva
834 1141 52 27 utgå
894 1140 68 22 andra
971 1140 52 27 gån-

197 1175 47 21 gen.
275 1170 38 21 Att
327 1171 52 26 göra
395 1170 37 21 det
448 1170 96 22 deremot
560 1171 153 26 undantagsvis
730 1171 75 26 nägon
820 1170 56 26 gäng
892 1169 27 22 dä
935 1169 40 22 och
992 1169 34 26 dä,

196 1200 66 25 utgör
276 1198 33 22 för
325 1199 40 21 den
380 1199 238 27 skjutsningsskyldige,
637 1205 46 16 som
693 1199 21 21 in
723 1200 82 20 natura
816 1197 78 28 fullgör
903 1198 33 21 sin
945 1198 83 27 skjuts-

197 1227 189 28 ningsskyldighet,
411 1229 32 20 ett
460 1228 85 27 mycket
563 1229 82 20 mindre
661 1234 60 20 onus,
740 1230 29 19 än
785 1229 33 19 att
833 1227 61 21 hälla
910 1228 32 20 ett
958 1226 68 22 öfver-

197 1255 77 28 flödigt
289 1257 58 21 antal
362 1257 80 21 hästar.
473 1257 73 21 Skulle
562 1257 47 21 åter
619 1256 152 27 entreprenad,
785 1256 73 21 såsom
868 1256 21 21 vi
900 1255 63 22 skola
973 1255 53 26 hop-

197 1291 46 20 pas,
260 1285 64 22 blifva
339 1285 74 27 införd,
429 1285 43 22 kan
484 1286 38 27 jag
536 1285 109 27 medgifva
659 1287 34 20 att
708 1285 39 22 det
763 1284 72 22 skulle
850 1283 66 23 blifva
925 1284 59 21 svärt
994 1283 33 22 för

199 1314 220 26 entreprenadhästen
433 1316 32 19 att
479 1314 73 27 hvarje
569 1314 42 27 dag
620 1321 27 14 en
658 1314 75 27 längre
744 1313 34 22 tid
789 1313 82 27 nödgas
882 1314 54 26 göra
952 1315 77 19 tvenne

199 1348 68 20 resor,
291 1349 48 14 men
361 1343 36 21 det
416 1345 24 18 är
454 1343 48 21 icke
517 1343 69 21 heller
601 1343 139 27 nödvändigt.
774 1342 10 21 I
800 1343 180 26 entreprenörens
996 1341 32 21 in-

200 1372 77 25 tresse,
300 1377 46 15 som
362 1370 77 23 drifver
455 1371 193 27 skjutshällningen
664 1372 73 21 säsom
753 1370 61 27 affär,
830 1371 70 26 ligger
915 1370 92 21 likasom
1021 1369 7 21 i

197 1399 170 27 jordbrukarens
384 1401 33 20 att
431 1400 48 21 icke
494 1399 177 28 öfveranstränga
687 1401 32 21 sin
735 1399 60 22 häst.
819 1399 40 22 Ser
867 1399 43 21 han
918 1401 33 19 att
960 1399 68 21 denna

199 1427 68 22 andra
289 1435 48 15 resa
359 1429 7 20 i
389 1429 79 27 dygnet
491 1428 43 22 ofta
556 1429 98 21 kommer
675 1429 34 28 pä,
734 1430 27 19 är
783 1428 42 21 han
842 1427 139 22 oförhindrad
997 1428 33 20 att

200 1458 119 25 temporärt
335 1457 40 21 öka
390 1457 82 21 antalet
486 1457 75 21 hästar
575 1457 29 27 pä
619 1463 81 16 samma
716 1458 55 24 sätt,
788 1463 46 14 som
851 1463 26 15 en
887 1462 86 21 person,
983 1461 46 15 som

200 1485 65 27 eljest
280 1486 39 21 har
333 1486 65 21 behof
412 1488 33 19 att
460 1486 41 21 öka
516 1486 47 21 sina
577 1486 82 27 hästar,
676 1486 27 22 dä
719 1487 35 20 ett
763 1486 114 26 strängare
890 1485 74 21 arbete
972 1484 56 22 före-

199 1514 104 22 kommer.
333 1514 74 22 Denna
429 1514 112 27 förökning
564 1514 23 22 af
607 1514 113 22 hästarnes
746 1514 61 21 antal
827 1513 34 22 för
876 1512 96 22 tillfället
986 1513 43 21 kan

199 1542 80 22 lättast
293 1542 39 22 ske
347 1549 76 21 genom
439 1545 32 20 att
479 1542 23 23 af
509 1543 148 27 kringboende
665 1544 49 26 lega
726 1542 93 22 sådana.
843 1542 114 26 Förslaget
965 1541 63 28 skyd-
