1109 1739
222 142 42 20 338
513 144 40 17 Den
571 141 26 20 20
614 141 89 21 Oktober.

192 213 35 15 om
250 205 285 29 skjutsningsskyldigheten
557 207 96 22 kommer
673 208 32 20 att
724 207 39 21 ske
783 206 28 27 på
831 206 150 27 entreprenad,
998 206 25 21 så

191 235 65 22 hafva
271 235 20 22 vi
306 235 7 22 i
329 235 42 22 alla
385 235 37 22 fall
437 237 33 20 att
485 237 69 20 motse
571 242 25 15 en
612 236 39 21 bra
665 236 50 27 lång
731 235 37 26 tid,
780 235 65 21 innan
856 236 61 21 detta
927 235 96 22 kommer

192 264 33 21 till
241 264 71 26 stånd,
329 264 40 22 och
385 266 32 19 att
432 264 33 21 för
480 264 70 21 denna
565 264 32 21 tid
607 265 109 21 vindicera
727 264 41 21 den
781 265 79 26 högsta
871 264 86 27 möjliga
966 265 55 26 lega,

192 295 25 20 är
232 299 27 16 en
274 293 83 27 ganska
371 293 66 27 vigtig
453 293 46 21 sak.
522 293 42 27 Jag
579 293 39 22 ber
633 293 84 22 derföre
733 294 33 20 att
781 293 21 22 få
812 293 158 22 vördsammast
979 293 43 21 för-

192 321 54 23 orda
261 321 132 28 antagandet
407 322 23 21 af
443 322 176 21 Bondeståndets
634 322 131 27 inbjudning.

260 351 99 22 Friherre
374 351 89 27 Boije:
484 351 10 21 I
508 351 71 21 likhet
593 351 50 22 med
657 351 57 22 hvad
729 350 90 22 friherre
834 357 42 15 von
892 351 57 21 Troil
965 350 7 21 i
988 357 34 15 sa-

191 380 42 21 ken
255 381 74 26 yttrat,
353 379 68 22 skulle
441 380 39 27 jag
501 379 68 22 också
589 380 68 21 önska
677 381 32 20 att
724 379 22 22 få
761 379 88 22 invänta
864 380 37 21 det
916 385 106 16 samman-

189 408 209 27 jemkningsförslag,
419 415 47 15 som
486 408 38 22 det
543 409 91 26 utskott,
650 409 83 21 hvilket
751 408 117 22 behandlat
883 408 139 22 förevarande

191 437 67 26 fråga,
274 437 49 21 icke
337 437 63 21 torde
415 437 115 21 underlåta
545 438 33 20 att
592 437 108 21 inkomma
714 437 50 21 med
778 437 31 21 till
821 437 99 27 samtliga
931 437 91 21 stånden

191 466 7 20 i
214 466 115 26 anledning
349 466 23 21 af
390 466 26 22 de
437 466 57 21 olika
509 466 78 26 beslut,
603 466 60 22 hvari
679 466 92 22 stånden
787 467 88 20 stannat
890 466 7 21 i
911 466 61 26 fråga
988 472 34 15 om

192 494 142 28 skjutslegan.
365 494 34 22 Då
411 495 38 27 jag
464 494 40 22 har
520 494 68 27 ordet,
605 495 38 21 ber
655 495 38 27 jag
709 496 32 20 att
757 495 49 21 med
817 495 115 27 anledning
942 494 23 22 af
972 494 50 22 her-

191 530 37 14 rar
243 523 121 22 Snellmans
381 524 40 21 och
436 524 86 21 Taubes
538 525 87 20 senaste
641 524 114 27 yttranden
771 523 22 21 få
808 524 70 21 erinra
889 525 32 20 att
932 523 90 21 Ridder-

192 552 79 27 skapet
286 552 40 22 och
341 552 69 22 Adeln
425 552 36 22 vid
477 552 38 22 sitt
529 552 59 22 förra
602 553 73 21 beslut
683 553 24 27 ju
717 552 49 22 icke
777 552 101 22 nedsatte
890 552 132 28 skjutslegan

191 580 34 22 för
245 581 26 21 de
292 581 127 27 skjutsande
438 581 72 21 hvilka
533 582 117 21 verkställa
669 582 60 21 detta
745 582 141 26 prestandum
902 582 20 20 in
938 583 83 24 natura,

191 611 53 20 utan
259 611 94 21 tvärtom
367 610 47 27 höjt
429 610 42 22 den
486 610 49 22 med
551 610 37 22 två
602 610 64 27 penni
680 617 39 21 per
735 612 65 24 verst,
822 610 48 22 från
887 612 9 19 1
913 610 61 21 mark
990 610 32 21 till

193 640 10 19 1
220 639 61 21 mark
297 640 26 20 20
339 639 70 27 penni,
427 639 40 22 och
484 640 32 20 att
532 646 49 14 man
597 640 85 21 således
697 640 48 21 icke
761 640 95 26 nedsatt,
867 641 52 19 utan
930 640 92 21 tvärtom

191 667 48 27 höjt
254 667 70 22 denna
339 668 54 26 lega.

260 696 55 22 Herr
334 702 42 16 von
395 696 125 22 Kr&emer:
543 697 43 27 Jag
605 697 36 21 vill
661 697 77 21 endast
753 696 74 22 förena
842 697 43 27 mig
900 696 49 22 med
964 697 55 26 dem,

192 730 47 16 som
254 724 87 22 förorda
356 726 133 26 antagandet
504 725 23 22 af
538 725 175 23 Bondeståndets
729 726 102 26 begäran.

260 754 51 22 Med
331 754 101 22 afseende
454 754 52 22 derå
521 756 33 20 att
569 755 68 21 under
652 755 41 21 den
708 755 91 21 härmed
815 754 106 22 afslutade
937 754 85 21 diskus-

192 782 75 22 sionen
289 784 32 20 ett
339 782 80 28 förslag
434 783 69 21 blifvit
518 783 123 21 framstäldt
656 783 40 22 och
711 783 131 22 understödt
858 785 32 19 att
905 783 118 27 uppskjuta

191 811 88 27 frågans
295 811 118 27 afgörande
428 812 106 21 intilldess
550 814 155 20 sammansatta
715 812 56 27 Lag-
783 812 39 22 och
832 812 190 22 Ekonomiutskot-

192 842 33 19 tet
241 840 113 22 inkommit
368 841 50 21 med
434 841 299 27 sammanjemkningsförslag
743 841 7 21 i
761 841 116 27 anledning
888 840 22 22 af
919 841 103 21 ståndens

191 868 7 22 i
216 868 76 28 frågan
314 868 83 22 fattade
417 870 123 27 skiljaktiga
559 870 77 26 beslut,
658 870 67 27 ansåg
744 869 51 22 herr
813 870 210 21 Landtmarskalken

191 897 130 27 lämpligast,
337 900 33 19 att
384 898 55 22 först
455 898 75 27 afgöra
545 898 106 22 huruvida
666 899 89 21 ståndet
770 898 49 22 ville
835 905 29 15 nu
882 898 96 27 företaga
990 898 33 21 till

192 925 117 28 afgörande
326 926 41 22 den
383 927 75 27 gjorda
473 927 153 27 inbjudningen
642 928 51 21 eller
707 928 47 20 låta
769 928 48 20 med
828 927 86 27 frågans
924 926 100 28 pröfning

192 955 63 21 anstå
267 955 107 22 intilldess
391 955 297 28 sammanjemkningsförslag
703 955 22 22 af
739 955 92 22 nämnde
848 956 86 21 utskott
948 955 75 22 aflem-

191 985 56 24 nats,
266 983 99 22 hvarföre
385 991 29 14 nu
433 984 32 21 till
480 985 135 22 besvarande
630 985 112 27 upplästes
757 991 27 15 en
799 985 134 26 proposition
948 983 22 22 af
984 984 39 22 föl-

189 1012 66 27 jande
271 1012 104 22 innehåll:

263 1057 10 10 »
276 1041 41 26 Vill
333 1041 159 28 Ridderskapet
506 1041 40 22 och
563 1042 69 21 Adeln
647 1049 29 14 nu
692 1042 32 21 till
739 1041 101 28 pröfning
855 1043 96 26 upptaga
966 1042 56 21 Bon-

192 1069 128 22 deståndets
335 1070 127 27 inbjudning
477 1071 6 20 i
498 1070 61 27 fråga
575 1077 34 15 om
624 1071 205 27 skjutshållningen;

260 1098 75 22 vinner
345 1099 42 27 nej,
401 1099 75 21 anstår
490 1100 50 21 med
555 1099 126 28 pröfningen
693 1099 22 22 af
723 1099 162 28 inbjudningen,
897 1099 39 22 och
947 1099 75 27 frågan

191 1127 118 22 behandlas
331 1127 8 21 i
359 1128 153 27 sammanhang
527 1128 49 21 med
597 1128 36 21 det
652 1127 304 28 sammanjemkningsförslag,
976 1134 46 15 som

192 1157 24 20 är
229 1155 48 22 från
293 1158 156 20 sammansatta
463 1157 56 26 Lag-
535 1157 41 21 och
591 1157 215 21 Ekonomiutskottet
821 1159 34 19 att
870 1157 139 22 införvänta".

260 1185 42 21 Vid
324 1191 34 15 om
375 1185 70 22 denna
459 1185 134 28 proposition
609 1186 93 21 anställd
717 1185 100 27 votering
831 1185 77 22 utföllo
924 1187 99 20 rösterna

191 1213 50 22 med
253 1214 26 21 13
288 1213 23 28 ja
322 1213 41 22 och
374 1215 27 20 26
412 1214 42 27 nej,
465 1214 100 23 hvarföre
576 1214 48 21 med
634 1214 86 27 frågans
732 1214 132 27 behandling
874 1215 69 21 skulle
952 1215 69 21 anstå.

260 1270 41 21 Till
319 1270 117 27 afgörande
455 1271 112 28 föredrogs
586 1271 245 22 Riddarhusutskottets
851 1271 66 22 redan
937 1271 35 22 vid
988 1277 34 16 se-

190 1301 63 19 naste
276 1299 86 27 plenum
385 1299 129 28 föredragna
532 1301 41 21 och
594 1301 32 20 till
646 1301 61 21 detta
721 1301 88 26 plenum
824 1301 119 26 bordlagda
958 1299 64 22 fram-

191 1327 103 28 ställning
312 1328 112 27 angående
440 1329 121 27 beviljande
577 1329 22 22 af
613 1336 26 15 en
654 1329 54 28 årlig
723 1329 92 27 pension
831 1329 23 21 af
868 1331 40 20 500
924 1329 61 21 mark
1000 1329 22 21 åt

190 1356 279 23 riddarhusvaktmästaren
483 1357 109 22 Dufholm.

260 1385 72 22 Sedan
347 1385 50 22 herr
411 1392 42 15 von
465 1386 179 22 Christierson
655 1387 88 27 upplyst
754 1387 33 20 att
796 1386 163 21 vaktmästaren
968 1385 53 22 Duf-

189 1413 59 22 holm
259 1413 24 22 af
295 1414 82 21 kronan
392 1415 70 27 åtnjöt
477 1421 26 15 en
518 1415 90 27 pension
623 1415 22 22 af
659 1417 40 20 600
710 1415 69 26 mark,
791 1415 40 21 och
842 1415 90 22 friherre
942 1415 80 27 Boije

190 1442 105 27 tillstyrkt
309 1442 60 22 bifall
389 1443 33 21 till
437 1443 242 22 Riddarhusutskottets
695 1444 164 27 framställning,
875 1443 71 22 beslöt
962 1443 59 22 stån-

191 1471 38 21 det
244 1473 33 19 att
292 1471 33 21 till
340 1471 43 22 alla
398 1472 61 22 delar
474 1472 114 27 godkänna
603 1473 66 27 sagde
685 1473 163 25 framställning.

259 1528 131 27 Ytterligare
409 1528 112 28 föredrogs
541 1530 113 22 Allmänna
669 1529 217 23 Besvärsutskottets
902 1529 120 27 bordlagda

190 1556 138 22 betänkande
343 1557 50 22 med
409 1558 115 28 anledning
539 1558 24 22 af
576 1558 69 22 skilda
659 1559 57 21 inom
729 1558 102 27 samtliga
841 1558 91 22 stånden
943 1559 79 21 väckta
