1109 1739
430 120 40 17 Den
486 118 26 19 27
530 120 87 18 Oktober.
859 119 41 21 455

105 183 46 21 helt
174 183 72 21 enkelt
264 183 48 21 med
333 189 26 15 en
379 183 151 27 axelryckning
548 183 51 27 vilja
613 182 80 23 förvisa
708 183 49 22 hela
772 183 68 22 saken
855 183 31 21 till
903 184 27 21 de

105 211 90 22 fromma
218 211 167 26 önskningarnas
409 211 94 22 område.
534 212 43 27 Jag
591 218 64 15 anser
671 212 54 21 dock
740 212 33 21 för
787 212 44 21 min
846 213 34 21 del
896 219 33 16 sa-

106 241 42 21 ken
162 240 33 22 för
209 240 125 26 tillräckligt
349 240 114 21 allvarsam
478 240 33 21 för
526 242 33 19 att
573 240 93 28 förtjena
681 242 62 25 tagas
754 241 69 22 under
833 243 97 20 närmare

107 269 161 27 öfvervägande.
298 269 42 26 Jag
356 269 110 26 erkänner,
483 271 39 25 att,
540 275 34 15 om
590 276 26 15 en
633 269 67 22 sådan
715 270 50 26 plan
781 270 54 21 skall
846 272 84 26 strängt

106 299 113 26 upprättas
235 297 41 22 och
290 297 70 22 likaså
375 299 85 26 strängt
475 297 69 28 följas,
561 298 25 21 så
601 298 85 22 komme
696 298 52 22 flere
758 298 122 22 häfdvunna
890 300 40 21 och

106 327 123 27 derigenom
248 326 104 22 kärblifva
371 326 149 22 förhållanden
538 328 33 20 att
585 327 72 21 måsta
671 327 7 21 i
693 327 70 27 någon
778 327 50 22 mån
842 328 86 22 rubbas.

106 357 70 20 Dessa
192 362 81 15 samma
287 355 148 27 förändringar
450 355 73 22 kunna
538 356 68 21 också
619 356 89 21 inverka
722 357 29 26 på
766 356 41 21 den
823 363 39 15 ena
878 357 52 22 eller

107 385 67 21 andra
192 385 186 21 embetsmannens
395 384 98 21 enskilda
507 386 50 20 rätt.
588 385 43 21 Det
647 386 24 20 är
686 384 71 22 derför
772 386 109 26 naturligt,
898 388 32 19 att

106 414 63 21 dessa
184 413 147 27 förändringar
345 413 48 21 icke
407 413 73 21 kunna
495 413 29 27 på
538 420 26 14 en
579 414 57 26 gång
651 413 140 27 genomföras,
808 416 52 20 utan
874 415 56 21 blott

107 442 132 27 småningom
258 442 40 21 och
318 441 54 22 efter
391 442 57 21 hand
466 444 58 19 samt
542 442 49 22 med
609 442 66 27 nödig
690 443 129 21 varsamhet.
848 443 44 21 Det
906 446 24 19 är

106 471 28 27 på
154 472 68 26 grund
241 470 22 22 af
279 470 56 22 hvad
352 470 37 28 jag
409 477 28 15 nu
453 470 46 22 haft
514 473 51 19 äran
581 470 80 27 anföra,
679 477 46 15 som
737 471 38 28 jag
789 471 34 22 för
837 472 43 21 min
896 472 34 22 del

107 500 70 22 skulle
195 500 51 27 vilja
261 500 109 21 vördsamt
384 499 81 22 föreslå
479 506 27 15 en
522 500 69 21 sådan
605 499 147 22 modifikation
767 500 48 22 utaf
827 500 103 28 förslags-

108 529 113 21 ställarens
243 528 98 28 petition,
364 530 33 20 att
418 528 85 22 landets
526 528 117 27 höglofliga
661 529 88 21 ständer
769 529 48 22 ville
832 530 50 26 ingå
897 530 33 21 till

107 558 59 21 Hans
186 557 121 28 Kejserliga
321 557 103 27 Majestät
439 557 49 21 med
504 564 27 15 en
546 558 134 26 underdånig
695 558 90 27 petition
801 558 79 27 derom,
897 560 33 20 att

107 586 60 22 Hans
190 586 103 28 Majestät
315 592 78 21 genom
412 586 134 26 sakkunnige
563 588 50 19 män
628 587 85 21 täcktes
729 587 44 21 låta
788 588 100 21 utarbeta
903 594 27 15 en

107 616 79 21 allmän
201 616 50 26 plan
264 615 32 21 till
312 621 26 15 en
354 614 235 23 öfverensstämmande
604 615 108 27 reglering
728 615 23 22 af
763 616 83 22 landets
862 616 68 22 indel-

106 644 51 28 ning
176 644 7 22 i
203 644 172 27 administrativt,
391 644 99 27 judicielt
509 644 40 22 och
569 644 150 22 ecklesiastikt
737 644 107 27 afseende,
861 646 69 26 egnad

107 675 33 20 att
163 672 55 23 efter
239 672 58 22 hand
320 672 41 22 och
384 672 133 27 småningom
534 672 87 26 införas,
638 675 55 19 samt
708 675 33 19 att
753 674 60 21 Hans
827 674 103 27 Majestät

107 702 59 22 öfver
186 702 93 22 berörda
301 701 80 27 förslag
403 702 36 21 vid
454 702 179 21 nästkommande
649 702 104 28 landtdag
767 702 99 28 nådigast
880 703 50 22 ville

106 731 95 22 inhemta
216 730 127 22 ständernas
359 730 106 28 yttrande.

175 760 56 22 Herr
250 759 141 22 Mechelin:
422 759 72 21 Sedan
513 760 78 21 tvenne
607 759 71 27 stånd,
694 760 66 27 enligt
774 760 56 22 hvad
846 760 83 28 uppgif-

106 788 49 26 vits,
171 788 105 22 förkastat
291 788 78 27 nådiga
383 788 162 27 propositionen
563 788 111 27 angående
689 788 187 22 häradsrätternas
885 796 44 14 om-

107 818 95 26 bildning
218 817 40 21 och
274 817 41 21 den
331 817 88 21 dermed
434 817 7 21 i
457 817 104 21 samband
576 817 90 22 stående
681 816 74 28 frågan
770 824 35 15 om
815 817 115 23 förändrad

104 846 97 28 judiciell
223 846 110 26 indelning
355 846 57 21 hvad
436 846 143 26 domsagorna
601 846 138 27 vidkommer,
755 846 68 22 blifvit
843 846 86 28 skjuten

107 874 78 22 framåt
206 874 8 22 i
235 874 66 27 tiden,
324 875 25 21 så
370 875 43 21 kan
433 875 37 21 det
489 881 65 21 synas
570 881 47 15 som
630 881 51 15 vore
697 877 32 19 ett
743 875 112 21 uttalande
870 876 7 20 i
893 876 37 21 det

108 903 61 28 syfte,
185 903 50 22 herr
250 910 41 16 von
306 903 87 21 Alfthan
409 903 62 27 gjort,
488 904 84 21 mindre
587 903 108 27 behöfligt,
713 906 26 19 än
751 904 72 22 derest
831 906 32 20 ett
871 906 58 19 stän-

106 932 111 22 derbeslut
239 932 7 21 i
267 932 75 27 frågan
361 938 34 16 om
410 932 187 22 häradsrätternes
614 933 130 26 ombildning
757 933 72 21 kunde
845 933 85 21 komma

106 961 34 21 till
162 961 69 21 stånd.
261 961 76 21 Likväl
359 961 42 21 kan
418 961 38 27 jag
470 960 34 22 för
518 961 44 21 min
577 961 35 21 del
627 961 47 21 icke
690 963 39 24 tro,
747 963 32 20 att
794 962 41 21 den
851 961 22 22 af
886 961 43 28 mig

106 990 93 21 berörda
218 989 74 28 frågan
311 995 34 16 om
361 989 304 28 domstolsreorganisationen
681 990 68 22 skulle
765 989 105 23 definitivt
884 990 45 27 läg-

108 1025 37 21 gas
161 1019 28 21 ad
205 1019 57 26 akta,
279 1025 34 14 om
329 1019 40 21 den
385 1019 66 21 också
465 1019 50 21 icke
530 1019 83 27 lyckats
629 1020 32 20 att
669 1019 62 22 vinna
738 1019 191 27 pluralitet
856 1015 10 35 i
876 1019 53 27 stän-

108 1048 41 21 den
168 1047 35 22 vid
219 1047 69 22 denna
303 1047 108 27 landtdag.
441 1047 41 27 Jag
495 1047 71 22 måste
582 1049 79 25 antaga
675 1049 33 20 att
722 1047 104 28 förslaget
840 1047 36 22 vid
891 1049 37 20 nä-

108 1078 34 20 sta
157 1076 102 27 landtdag
274 1076 47 21 åter
336 1077 76 20 varder
428 1077 117 20 ständerna
560 1075 113 28 förelagdt,
690 1077 40 21 och
743 1077 37 27 jag
795 1077 77 21 tänker
887 1077 43 26 mig

108 1105 69 22 tillika
200 1106 38 25 att,
262 1111 33 15 om
319 1106 32 20 ett
372 1104 81 27 förslag
472 1105 93 22 rörande
584 1105 106 27 reglering
710 1105 22 22 af
746 1105 142 27 domsagorna
904 1105 28 22 då

107 1134 121 27 föreligger,
245 1139 46 16 som
305 1133 42 22 kan
363 1133 96 22 befinnas
475 1140 59 15 mera
548 1133 198 23 tillfredsställande
761 1137 28 18 än
805 1135 26 21 de
846 1134 84 27 projek-

108 1165 39 24 ter,
163 1161 106 23 komiténs
285 1162 136 22 betänkande
436 1163 119 26 innehållit,
573 1163 24 21 så
611 1163 43 21 kan
669 1163 61 22 detta
744 1163 7 21 i
767 1163 32 22 sin
814 1163 49 21 mån
878 1163 53 27 möj-

107 1191 72 27 ligtvis
202 1191 123 22 underlätta
347 1191 161 22 hufvudsakens
530 1191 172 27 genomförande.
732 1192 67 21 Detta
817 1192 41 21 hör
877 1192 54 21 dock

107 1221 48 22 icke
171 1220 76 22 strikte
263 1220 32 21 till
310 1226 29 15 nu
354 1219 147 28 föreliggande
516 1220 67 27 fråga,
599 1227 49 14 men
660 1221 37 26 jag
705 1220 48 22 ville
761 1221 125 26 härigenom
894 1227 38 14 an-

107 1250 57 27 tyda,
181 1248 86 23 hvarför
279 1249 38 27 jag
331 1248 33 22 för
379 1249 43 21 min
439 1249 34 21 del
488 1249 40 22 ber
542 1251 33 19 att
590 1249 21 21 få
627 1249 84 22 ansluta
726 1249 42 27 mig
783 1249 33 21 till
831 1249 49 21 herr
890 1255 42 15 von

108 1278 98 22 Alfthans
226 1277 87 28 förslag.
344 1278 61 21 Dock
423 1278 97 21 önskade
533 1278 37 27 jag
586 1278 45 21 deri
647 1285 26 14 en
688 1277 153 26 modifikation,
857 1278 75 21 nemli-

108 1313 42 21 gen
173 1308 33 20 att
228 1307 38 21 det
285 1307 48 21 icke
353 1306 69 21 skulle
441 1307 56 21 talas
514 1313 35 15 om
565 1307 42 21 den
623 1307 151 21 ecklesiastika
788 1306 143 27 indelningen.

107 1337 41 26 Jag
163 1335 40 22 har
218 1335 35 22 vid
269 1337 32 20 ett
315 1335 130 27 föregående
461 1335 83 22 tillfälle
559 1335 70 22 funnit
643 1336 43 26 mig
700 1335 119 22 föranlåten
827 1336 34 20 att
868 1335 64 22 fram-

107 1365 64 26 hålla,
195 1364 115 21 huruledes
333 1370 50 15 man
404 1364 48 21 icke
473 1364 112 27 samtidigt
602 1364 42 21 kan
659 1364 61 21 stifta
733 1364 143 27 dissenterlag
892 1364 40 22 och

108 1393 44 22 tala
176 1399 34 16 om
233 1392 236 28 territorial-indelning
492 1393 23 21 af
532 1395 33 19 ett
579 1393 172 27 kyrkosamfund.
783 1393 73 22 Också
870 1393 62 22 torde

108 1423 38 20 det
164 1428 51 15 vara
230 1422 81 21 mindre
327 1421 107 22 sannolikt
451 1423 32 20 att
499 1428 48 15 man
562 1421 43 22 kan
620 1422 32 21 uti
668 1424 31 19 ett
713 1421 80 28 förslag
807 1422 126 21 kombinera

108 1450 134 23 sträfvandet
257 1452 33 19 att
304 1449 75 23 förena
394 1450 42 21 den
449 1451 104 26 judiciela
569 1450 39 21 och
620 1451 168 21 administrativa
795 1451 138 26 indelningen

108 1479 41 21 och
169 1480 33 20 att
221 1479 83 27 reglera
323 1479 26 21 de
368 1478 99 28 kyrkliga
485 1478 176 27 församlingarna
675 1479 49 21 med
739 1478 102 22 afseende
856 1479 13 21 ä
884 1485 47 21 pre-

108 1508 136 26 sterskapets
263 1508 65 21 löner.
355 1508 47 20 Det
420 1514 51 15 vore
492 1508 78 21 endast
585 1509 33 20 att
632 1508 130 27 komplicera
776 1507 82 27 frägan.
888 1507 45 27 Mig

108 1542 65 22 synes
195 1536 125 27 lämpligare
343 1537 32 20 att
398 1536 70 22 lemna
490 1536 50 22 bort
563 1536 40 22 den
627 1536 150 22 ecklesiastika
795 1536 137 27 indelningen
