1109 1739
435 144 40 17 Den
494 142 24 19 18
534 143 88 18 Oktober.
866 143 40 20 259

107 206 37 21 det
159 207 33 20 att
207 205 21 22 få
244 212 26 16 en
286 205 80 28 verklig
381 206 159 28 uppskattning
555 206 23 22 af
594 206 64 22 hvars
667 207 41 21 och
719 213 38 16 ens
773 207 125 29 tillgångar;
911 208 25 27 ju

106 236 71 21 större
196 235 112 27 betydelse
331 241 49 16 man
403 235 68 27 gifver
491 235 37 22 det
543 235 139 22 kommunala
697 236 114 27 skattöret,
825 237 26 26 ju
866 238 70 21 större

106 263 136 28 tillämpning
265 264 37 21 det
324 263 38 27 får,
387 264 62 22 desto
473 263 177 28 omsorgsfullare
675 265 41 21 blir
739 265 70 22 denna
831 265 105 27 taxering,

107 293 80 21 hvarur
202 293 109 21 skattöret
325 293 70 27 utgår,
412 293 29 27 på
457 294 46 21 sätt
515 293 38 27 jag
569 293 36 22 vid
619 295 88 20 senaste
722 294 160 22 sammanträde
892 294 44 22 till-

107 321 49 22 låtit
172 321 44 28 mig
231 321 116 22 framhålla.

177 351 32 21 En
233 350 35 22 del
291 350 68 23 talare
377 349 63 23 hafva
456 352 74 20 ansett
546 351 37 21 det
598 357 52 16 vara
665 350 72 28 gifven
753 351 39 22 sak
808 353 38 25 att,
864 351 72 23 derest

107 386 49 15 man
173 379 35 22 vill
225 380 50 26 taga
290 381 71 25 steget
376 379 49 22 fullt
441 381 24 20 ut
481 379 7 21 i
505 379 74 22 stället
593 379 33 22 för
642 382 33 19 att
690 382 52 25 taga
758 381 37 20 det
805 380 32 21 till
848 380 88 27 hälften,

107 408 50 22 hela
173 408 106 27 åtgärden
295 408 158 26 otvifvelaktigt
467 408 71 22 måste
554 408 91 22 förfalla.
676 409 43 21 Det
734 409 39 21 har
789 409 64 22 innan
867 410 70 21 denna

108 436 94 28 profetia
224 436 79 22 hördes
327 437 44 26 här,
395 437 67 21 redan
486 439 62 25 sagts
572 438 38 26 att,
635 436 61 22 äfven
713 438 72 20 såsom
802 437 41 22 den
858 438 80 27 nådiga

110 466 162 27 propositionen
296 468 23 19 är
335 465 74 26 fattad,
429 466 98 21 kommer
544 466 41 22 den
601 466 132 28 ohjelpligen
749 468 34 20 att
797 466 51 22 falla
862 467 8 21 i
885 467 51 22 Pre-

109 494 130 22 steståndet.
268 494 61 22 Huru
345 501 49 15 man
410 494 55 22 skall
481 496 51 20 röra
548 495 33 27 sig
597 495 90 22 emellan
704 495 71 27 Scylla
786 496 40 21 och
843 496 94 27 Charyb-

110 523 32 21 dis
157 523 33 22 för
207 524 32 20 att
254 522 55 22 fatta
325 524 36 21 det
376 524 138 26 lämpligaste
530 524 73 21 beslut
618 524 7 21 i
641 524 74 26 saken,
732 524 39 22 blir
787 524 65 28 något
868 525 68 25 svårt;

110 558 34 16 om
159 559 49 15 man
225 552 126 27 öfvergifver
366 552 33 22 sin
415 552 144 28 öfvertygelse
576 559 33 15 om
631 553 36 21 det
682 552 122 28 riktigaste,
821 554 25 20 så
861 556 24 18 är
901 553 37 21 det

110 580 105 22 förutsatt
225 582 33 20 att
267 581 165 22 Presteståndet
442 581 110 21 förkastar
564 582 76 26 saken;
656 582 105 22 vidhåller
773 588 49 15 man
836 582 43 26 det,
892 588 46 15 som

110 616 50 16 man
176 616 63 16 anser
255 610 36 21 det
309 610 84 27 riktiga,
411 612 23 20 är
454 610 37 22 det
507 610 67 27 gifvet
589 612 33 20 att
636 610 127 27 regeringen
779 610 109 22 förkastar
903 617 34 15 sa-

108 639 49 22 ken.
188 639 43 21 För
246 639 43 21 min
305 639 34 21 del
355 641 45 19 tror
413 639 38 27 jag
466 639 49 21 icke
532 641 32 19 att
579 640 127 26 regeringen
722 639 70 22 skulle
803 639 97 22 förkasta
911 646 27 15 en

110 668 124 26 förändring
257 667 22 22 af
301 668 60 22 detta
378 668 117 27 lagförslag
511 674 46 16 som
573 674 50 16 vore
639 668 23 22 af
676 668 41 22 alla
733 668 44 28 fyra
793 668 92 22 stånden
901 675 36 15 an-

110 699 71 25 tagen,
198 696 103 22 eftersom
317 697 116 21 ständerna
447 697 6 21 i
469 697 34 21 sin
519 697 92 27 petition
627 703 34 15 om
677 697 61 21 detta
758 696 116 28 lagförslag
889 697 49 22 icke

111 726 29 26 på
154 725 92 22 förhand
261 726 122 21 elaborerat
397 726 68 26 några
480 726 60 21 vissa
556 726 93 27 grunder
665 726 52 21 eller
737 726 143 27 uttryckligen
896 725 42 22 för-

110 754 71 22 klarat
205 754 33 27 sig
259 754 50 28 vilja
331 754 64 22 hafva
416 754 143 27 lagförslaget
578 755 57 21 blott
650 755 67 27 enligt
733 756 32 20 ett
779 754 56 22 visst
850 756 87 26 system.

110 783 64 22 Hvad
197 783 48 21 åter
267 783 138 27 möjligheten
428 783 23 21 af
471 784 249 26 meningsskiljaktighet
740 783 91 22 stånden
848 783 91 22 emellan

110 812 139 26 vidkommer,
273 812 26 21 så
320 812 67 21 finnes
412 812 37 22 det
471 812 69 27 alltid,
565 812 55 22 efter
641 812 36 22 det
693 814 33 20 ett
741 812 64 22 stånd
820 812 7 21 i
844 812 95 27 enlighet

111 841 49 21 med
176 841 33 21 sin
226 840 141 28 öfvertygelse
384 840 63 22 fattat
463 843 32 19 ett
512 841 79 26 beslut,
609 841 40 21 den
662 843 94 25 utvägen
771 842 39 25 att,
827 843 40 19 när
882 847 56 15 sam-

111 869 252 28 manjemkningsförslag
385 871 70 25 göres,
479 871 53 26 taga
554 870 68 21 under
637 870 74 27 slutlig
726 869 104 28 pröfning,
847 870 91 21 hvilket-

112 899 52 21 dera
187 904 47 16 som
257 901 24 19 är
303 898 78 27 bättre,
405 900 32 20 att
460 899 51 27 ingå
533 899 28 27 på
583 898 140 28 halfmesyrer
743 898 53 22 eller
810 898 46 22 låta
871 898 67 22 saken

111 927 61 27 falla;
189 934 49 15 men
254 929 32 20 att
302 929 58 20 strax
375 926 48 22 från
437 928 79 27 början
531 927 79 22 förfara
626 927 257 28 sammanjemkningsvis,
900 926 38 22 fin-

112 962 38 15 ner
164 956 37 27 jag
216 956 47 21 icke
279 963 52 14 vara
345 955 108 28 befogadt.
484 956 43 27 Jag
544 955 69 22 finner
629 956 36 21 det
679 957 56 20 enda
749 956 79 26 riktiga
843 955 97 22 behand-

112 985 126 26 lingssättet
253 991 56 20 vara,
327 987 32 19 att
377 985 33 26 de,
427 991 46 15 som
489 985 117 26 godkänna
622 985 40 22 den
677 985 78 27 nådiga
769 984 171 27 propositionen,

112 1013 88 22 försöka
223 1016 32 19 att
277 1013 97 22 försvara
397 1013 42 22 den
462 1014 41 21 och
528 1015 32 20 att
583 1014 32 27 de,
633 1020 46 16 som
693 1014 48 22 icke
756 1013 116 27 godkänna
888 1013 52 22 den-

113 1049 88 20 samma,
217 1043 79 26 kämpa
311 1043 32 21 för
359 1044 32 20 att
407 1043 53 21 söka
475 1044 55 25 göra
546 1043 69 22 denna
626 1043 133 22 sistnämnda
768 1042 57 27 åsigt
833 1042 107 27 gällande.

113 1072 47 21 Den
181 1072 63 21 svåra
262 1071 40 22 och
323 1073 58 20 stora
397 1072 158 27 omarbetning,
572 1078 45 15 som
635 1072 36 22 det
686 1072 70 21 skulle
771 1071 118 27 föranleda,
906 1077 34 16 om

113 1107 49 14 man
178 1100 82 22 införde
276 1100 108 22 skattöret
398 1100 40 21 här
456 1100 7 21 i
481 1101 77 21 stället
573 1100 32 22 för
621 1101 45 21 dels
682 1101 73 21 tionde
771 1099 41 22 och
828 1100 46 21 dels
891 1107 50 20 per-

113 1129 61 22 sonel
197 1129 102 27 taxering,
324 1129 98 22 sträcker
440 1129 33 27 sig
496 1129 125 27 egentligen
636 1129 48 22 icke
699 1129 74 27 längre
789 1131 28 19 än
833 1130 33 20 att
882 1128 23 28 $$
922 1130 19 25 6,

114 1160 19 24 7,
156 1160 6 19 8
179 1158 40 21 och
237 1159 26 20 12
278 1158 68 21 borde
361 1158 155 21 sammanföras
534 1159 41 21 och
590 1158 160 22 omformuleras
766 1157 40 22 och
822 1157 11 28 $
850 1159 12 20 3
874 1157 33 22 till
915 1163 27 15 en

112 1187 44 22 viss
179 1187 53 26 grad
254 1186 118 22 förändras.
403 1187 42 26 Jag
461 1187 71 22 måste
550 1187 33 22 för
603 1187 139 27 motiverings
758 1186 58 23 skull
832 1187 52 26 taga
899 1186 43 27 mig

113 1215 92 22 friheten
219 1215 77 22 beröra
311 1215 11 28 $
338 1217 19 20 3.
387 1215 56 22 Herr
459 1221 41 16 von
517 1216 87 21 Alfthan
620 1216 39 21 har
675 1216 80 21 erinrat
771 1221 34 16 om
821 1216 33 20 att
870 1215 27 20 de
910 1214 33 21 in-

114 1245 59 21 delta
187 1244 90 21 lönerna
292 1246 37 19 äro
344 1244 177 27 fördelaktigare,
538 1245 41 21 och
595 1246 32 20 att
643 1251 26 15 en
683 1244 28 21 fix
726 1243 145 28 penningelön
890 1243 52 21 ovil-.

113 1273 98 27 korligen
227 1273 68 22 skulle
311 1274 59 21 möta
385 1273 111 22 motständ
512 1273 48 22 frän
575 1273 176 22 Presteständets
767 1273 54 21 sida.
852 1271 43 27 Jag
910 1271 30 22 in-

114 1303 103 20 stämmer
231 1301 7 22 i
254 1302 70 21 denna
339 1302 63 26 äsigt.
433 1302 42 27 Jag
490 1302 42 21 har
546 1302 35 21 vid
600 1304 86 19 senaste
701 1302 86 27 plenum
804 1300 81 22 uttalat
900 1300 45 27 mig

114 1330 34 22 för
162 1330 98 27 spanmål
275 1331 73 21 såsom
362 1331 136 26 lämpligaste
514 1331 157 26 värdemätare,
687 1337 50 15 men
753 1331 36 21 det
799 1329 89 22 hindrar
896 1329 48 22 icke

115 1361 33 20 att
164 1359 69 22 denna
249 1359 96 27 spanmål
361 1359 104 22 uträknas
482 1359 57 22 efter
554 1359 189 28 markegångspris
758 1359 33 22 för
799 1358 74 27 hvarje
884 1357 60 22 kom-

114 1394 52 15 mun
181 1388 40 21 och
237 1388 114 21 resultatet
365 1387 96 22 fördelas
477 1387 57 22 efter
550 1389 104 20 skattöre.
686 1388 96 21 Sålunda
802 1387 92 22 bevaras
911 1385 34 22 för

115 1418 114 25 presterna
244 1417 120 21 chancerna
379 1416 22 21 af
414 1417 185 26 penningelönens
616 1417 99 26 stigande
730 1416 7 21 i
755 1417 41 21 den
811 1415 133 28 proportion,

115 1452 46 15 som
177 1445 125 27 spanmålen
318 1445 72 22 såsom
405 1445 152 22 värdemätare
577 1445 104 27 betingar.
712 1445 31 21 På
763 1445 69 27 grund
852 1443 24 22 af
888 1443 58 22 hvad

113 1474 37 27 jag
173 1480 30 15 nu
225 1474 46 21 haft
294 1475 52 20 äran
361 1473 81 27 anföra,
459 1474 41 21 och
517 1474 92 21 emedan
622 1474 37 27 jag
674 1474 47 21 icke
737 1474 66 26 vågar
818 1475 53 24 taga
886 1472 60 20 stån-

116 1502 48 22 dets
180 1502 191 27 uppmärksamhet
386 1502 75 26 längre
476 1502 7 21 i
499 1502 102 27 anspråk,
623 1502 69 22 slutar
705 1502 38 27 jag
757 1502 50 22 med
823 1503 33 19 att
871 1498 75 23 förena

115 1531 43 27 mig
174 1537 35 15 om
225 1531 40 21 den
281 1531 124 21 återremiss
421 1530 93 22 friherre
530 1531 61 27 Boije
607 1530 118 28 föreslagit,
742 1530 55 22 dock
807 1530 50 21 med
868 1529 78 21 tvenne

115 1559 182 23 modifikationer:
322 1561 33 20 att
376 1559 148 27 uttryckligen
547 1559 23 28 $$
593 1561 20 25 7,
631 1562 11 19 8
659 1560 40 21 och
716 1560 26 20 12
758 1558 69 23 skulle
844 1558 8 21 i
866 1556 81 23 återre-
