1109 1739
445 123 40 18 Den
504 122 24 19 16
546 123 87 18 Oktober.
870 121 41 21 229

112 186 68 28 jemte
199 187 69 22 skulle
284 186 37 27 jag
338 185 113 22 framhålla
470 187 34 20 att
522 186 38 22 det
575 187 24 20 är
614 186 48 22 icke
678 186 79 21 endast
770 186 8 21 i
794 192 26 15 en
836 187 52 22 eller
904 193 36 15 an-

114 222 42 15 nan
171 216 104 25 landsort,
293 221 46 15 som
354 215 168 27 olägenheterna
537 214 24 23 af
574 215 37 21 det
623 215 134 21 närvarande
768 215 174 29 aflöningssättet

116 246 36 20 äro
168 245 87 28 mycket
269 245 60 20 stora
343 243 41 22 och
398 245 73 26 tunga.
495 243 33 22 En
539 243 23 22 af
570 244 52 21 våra
637 245 82 20 största
733 244 118 27 provinser,
866 245 74 22 Öster-

116 273 81 27 botten,
214 273 55 22 lider
284 272 23 21 af
321 273 60 21 detta
397 273 62 25 onda,
475 272 52 22 herr
536 273 149 26 Montgomery
697 272 98 27 nämnde,
811 273 41 22 och
861 274 29 27 på
900 273 42 22 alla

117 304 58 20 orter
195 303 7 20 i
223 302 48 22 vårt
292 301 50 22 land
365 303 36 20 äro
425 301 170 27 olägenheterna
614 301 33 22 för
667 301 27 22 de
710 301 168 28 skattdragande
893 302 49 21 vida

116 334 81 24 vägnar
219 332 70 20 större
312 333 26 18 än
356 329 33 22 för
407 330 135 27 löntagaren.
574 330 78 21 Satsen
671 331 32 20 att
722 336 27 15 en
763 329 126 28 församling
903 331 39 21 bör

116 360 71 22 aflöna
202 360 39 21 sitt
259 359 138 27 presterskap
414 358 55 23 efter
483 359 142 26 persontalet,
642 360 33 21 att
690 358 121 28 aflöningen
825 360 39 21 bör
879 359 63 22 bestå

118 389 22 21 af
153 388 122 28 personella
291 387 90 28 afgifter,
397 388 43 21 kan
455 394 52 15 vara
522 388 116 22 teoretiskt
653 388 71 27 rigtig,
741 388 36 21 det
795 388 36 22 vill
847 389 38 26 jag
895 388 47 22 icke

116 417 108 26 bestrida;
247 423 48 15 men
315 417 27 20 då
360 423 49 15 man
427 417 48 21 icke
491 417 40 21 har
548 417 71 27 någon
634 417 69 27 utsigt
719 418 32 20 att
766 416 22 22 få
803 417 70 21 denna
888 417 54 21 teori

118 445 125 27 genomförd
262 446 7 20 i
287 446 120 26 praktiken,
427 445 40 22 och
487 447 34 20 att
535 446 71 26 någon
622 446 66 21 sådan
704 445 69 27 utsigt
787 446 40 22 hos
844 452 35 16 oss
894 446 48 21 icke

118 474 121 27 förefinnes,
256 474 57 22 lärer
327 480 51 16 vara
392 474 49 21 fullt
456 474 58 22 klart
529 474 33 22 för
578 474 48 22 dem
642 480 45 16 som
703 474 50 28 vilja
764 475 70 21 erinra
844 475 33 27 sig
886 474 57 22 hvad

118 504 7 21 i
141 504 70 21 denna
226 503 61 27 fråga
303 503 90 27 tidigare
407 502 109 28 förelupit,
528 504 25 21 så
563 505 46 19 tror
621 503 38 27 jag
669 503 36 21 vid
719 503 78 21 sådant
809 503 133 23 förhållande

118 534 32 20 att
166 533 37 21 det
219 534 24 20 är
257 532 81 22 mindre
353 532 34 21 väl
402 532 92 21 betänkt
510 534 32 20 att
559 532 72 27 afböja
641 532 74 27 hvarje
725 532 74 22 försök
809 534 33 20 att
850 532 93 28 afhjelpa

118 562 26 21 de
167 562 97 21 svåraste
287 561 166 27 olägenheterna
475 561 41 21 och
542 561 77 21 endast
641 562 84 26 strängt
748 561 94 22 vidhålla
866 561 76 21 teorin.

117 590 68 22 Detta
206 590 217 27 författningsförslag
445 590 71 22 skulle
534 590 8 21 i
561 590 32 22 sin
612 590 50 21 mån
681 590 66 22 verka
765 590 34 21 till
817 591 33 21 att
872 589 71 28 afböja

118 619 40 21 och
180 619 101 27 borttaga
303 619 78 27 många
403 618 22 22 af
446 619 65 21 dessa
534 619 145 27 olägenheter,
700 618 110 22 äfvensom
829 619 37 21 det
881 619 61 21 torde

118 654 53 16 vara
187 648 36 21 det
239 648 55 21 enda
309 648 7 21 i
331 648 60 21 detta
405 650 68 23 ämne,
489 648 83 22 hvilket
587 648 100 27 möjligen
703 648 39 21 har
757 648 68 27 utsigt
840 649 32 20 att
882 649 60 20 anta-

118 683 38 21 gas
179 676 22 22 af
223 677 42 21 alla
287 676 52 22 våra
361 677 68 21 stånd.
460 677 43 27 Jag
521 683 108 21 upprepar
650 676 84 22 derföre
749 677 43 21 min
807 676 136 22 vördsamma

118 706 128 21 hemställan
262 707 33 19 att
309 706 159 26 Ridderskapet
483 706 42 21 och
540 706 69 21 Adeln
623 705 50 22 ville
688 705 86 22 besluta
789 707 33 20 att
837 705 106 23 behandla

116 734 105 27 förslaget
235 734 138 28 paragrafvis.

186 763 55 21 Herr
263 763 148 21 Molander:
434 763 42 27 Jag
495 763 40 21 ber
554 764 33 20 att
601 762 23 22 få
638 763 78 21 beröra
729 763 68 27 några
812 763 130 27 omständig-

116 792 69 26 heter,
202 798 46 16 som
263 792 67 22 redan
344 792 68 21 under
427 792 153 22 diskussionen
589 792 30 27 på
628 792 148 27 förmiddagen
786 792 69 22 blifvit
864 792 8 21 i
882 792 61 22 detta

118 821 79 21 ärende
213 820 22 22 af
249 821 108 27 åtskilliga
372 821 68 21 talare
456 820 134 22 framhållna.
614 821 58 21 Enär
687 820 167 28 olägenheterna
870 820 22 22 af
906 820 37 22 det

117 850 125 21 nuvarande
257 850 173 27 aflöningssättet
445 849 32 22 för
492 850 166 27 presterskapet
673 852 37 19 äro
722 850 88 21 allmänt
820 849 72 22 kända
902 849 40 22 och

116 878 8 22 i
139 878 43 28 hög
197 879 53 27 grad
265 879 56 27 gjort
337 878 32 27 sig
385 878 98 27 gällande
500 879 42 21 och
559 878 70 22 denna
643 878 80 27 vigtiga
736 878 61 28 fråga
813 878 49 22 icke
875 878 67 22 borde

117 907 82 22 lemnas
220 908 67 26 åsido,
308 908 63 21 innan
391 908 41 21 den
448 908 73 21 ernått
536 914 27 15 en
579 907 82 22 önskad
675 907 92 27 lösning,
783 907 84 22 beslöto
884 909 58 19 stän-

118 936 67 21 derna
200 936 35 21 vid
253 938 53 19 1872
323 936 34 21 års
372 936 104 27 landtdag
492 938 34 20 att
540 936 50 27 ingå
605 936 32 21 till
652 936 59 21 Hans
727 936 103 27 Majestät
845 936 49 21 med
903 942 39 15 un-

118 965 104 26 derdånig
239 965 91 27 petition
346 971 34 16 om
395 965 65 26 nådig
479 965 136 27 proposition
637 965 111 26 angående
770 964 116 27 lagförslag
908 971 34 15 om

118 993 107 28 reglering
240 993 22 22 af
275 993 187 28 prestaflöningen.
494 994 42 21 Till
555 993 54 28 följd
625 993 22 22 af
661 994 26 21 de
703 994 57 21 olika
775 995 72 20 sätten
861 992 33 23 för
909 999 33 16 re-

117 1022 94 22 formens
231 1022 173 27 genomförande,
421 1029 45 15 som
486 1023 37 21 vid
538 1023 107 21 särskilda
661 1022 99 22 tillfällen
775 1022 97 26 uttalats,
890 1029 52 20 upp-

118 1051 63 27 gåfvo
199 1051 49 22 icke
266 1052 117 21 ständerna
403 1052 35 21 det
457 1051 64 28 syfte,
538 1051 6 22 i
560 1051 81 22 hvilket
656 1051 103 27 förslaget
773 1051 67 22 borde
856 1051 86 22 utarbe-

118 1081 40 20 tas.
189 1080 60 21 Hans
269 1081 103 26 Majestät
390 1080 60 21 biföll
466 1080 33 21 till
516 1080 129 21 ständernas
659 1081 92 26 petition
766 1080 40 21 och
822 1086 26 15 en
864 1079 80 22 komité

118 1108 23 22 af
154 1109 135 27 sakkunniga
303 1115 103 21 personer
421 1108 46 22 blef
480 1109 157 26 tillförordnad,
653 1109 86 22 hvilken
749 1109 80 21 komité
841 1109 103 26 enhälligt

118 1137 60 28 afgaf
199 1139 32 20 ett
248 1137 79 28 förslag
345 1138 32 21 till
395 1138 109 27 reglering
523 1138 22 21 af
558 1138 174 27 presterskapets
749 1137 97 27 aflöning,
862 1137 82 22 hvilket

117 1166 82 27 förslag
214 1173 29 15 nu
258 1167 67 27 ligger
341 1167 31 21 till
388 1167 69 27 grund
472 1166 34 22 för
523 1167 41 21 den
579 1167 78 26 nådiga
671 1167 167 27 propositionen.
868 1167 75 21 Denna

118 1202 82 15 samma
222 1195 80 22 komité
325 1196 39 21 har
383 1196 7 21 i
409 1196 47 21 sina
478 1196 93 21 motiver
586 1195 121 27 framhållit,
724 1196 102 21 hurusom
842 1195 101 27 utgångs-

118 1224 97 27 punkten
234 1224 33 22 för
285 1225 113 26 lösningen
417 1224 23 22 af
458 1225 72 21 denna
548 1225 125 21 invecklade
688 1224 40 22 och
744 1225 27 26 på
786 1225 25 20 så
826 1223 58 22 olika
899 1225 45 20 sätt

118 1253 107 22 bedömda
239 1253 61 27 fråga
314 1253 47 22 icke
377 1259 50 16 vore
443 1255 32 20 att
491 1253 59 22 finna
565 1253 31 22 uti
611 1260 26 15 en
648 1253 123 22 omedelbar
786 1252 115 27 öfvergång
911 1253 33 20 till

119 1289 25 14 en
160 1281 160 28 prestaflöning,
336 1283 99 20 bestämd
451 1281 55 22 efter
522 1282 133 27 persontalet
669 1282 7 21 i
691 1281 183 28 församlingarna,
891 1283 53 20 utan

118 1311 32 21 uti
170 1311 161 22 bibehållandet
346 1311 22 21 af
382 1311 26 21 de
426 1310 174 28 hufvudsakliga,
617 1318 28 14 nu
661 1311 98 27 gällande
774 1309 122 28 grunderna
911 1310 32 22 för

119 1339 70 22 denna
204 1339 97 28 aflöning,
319 1342 51 19 enär
384 1340 7 21 i
406 1340 94 27 kyrkans
518 1340 60 21 såväl
597 1346 45 15 som
657 1340 7 21 i
680 1341 83 20 statens
778 1339 124 26 utveckling
916 1339 28 21 de

118 1368 149 27 förändringar
281 1369 56 21 visat
352 1369 32 26 sig
398 1375 51 15 vara
460 1369 26 20 de
498 1369 149 26 gagneligaste
658 1369 40 21 och
709 1368 152 27 varaktigaste,
872 1367 72 22 hvilka

118 1397 73 26 utgått
213 1404 26 14 ur
257 1397 114 22 historiskt
393 1397 58 27 gifna
470 1397 152 22 förhållanden
639 1397 40 22 och
700 1397 90 22 sträfvat
805 1396 33 22 till
854 1395 90 22 förbätt-

117 1426 72 26 ringar
211 1426 49 21 med
282 1426 120 21 bevarande
421 1426 23 21 af
463 1426 42 21 den
525 1426 118 21 historiska
660 1426 169 26 kontinuiteten;
845 1425 99 22 hvarföre

118 1454 96 21 komitén
229 1455 35 20 vid
280 1455 150 27 uppgörandet
441 1455 22 21 af
472 1455 40 20 sitt
523 1453 86 28 förslag,
619 1455 66 27 jemte
696 1454 136 22 vidhållande
844 1453 22 21 af
875 1453 70 22 denna

118 1483 169 27 utgångspunkt,
304 1484 50 21 sökt
368 1483 80 21 bereda
463 1482 142 27 möjligheten
619 1484 32 20 till
661 1490 42 20 nya
712 1482 108 27 reformer,
833 1480 54 23 efter
898 1488 46 16 som

119 1512 65 21 dessa
203 1512 71 21 hunne
293 1518 78 21 mogna
389 1512 32 21 för
437 1511 199 27 verkställigheten.
666 1512 61 21 Hans
742 1511 121 28 Kejserliga
878 1510 66 28 Maje-

118 1542 45 22 stät
177 1540 40 22 har
231 1540 8 22 i
253 1540 120 24 hufvudsak
388 1540 95 29 behagat
499 1540 116 28 godkänna
631 1541 26 22 de
676 1540 81 30 äsigter
779 1546 46 19 som
848 1538 7 22 i
877 1539 67 27 komi,
