1109 1739
403 135 39 17 Den
458 132 26 20 23
501 134 88 18 Oktober.
842 134 42 20 385

85 199 57 20 samt
164 199 34 20 att
219 197 50 22 med
288 196 151 28 upphäfvande
459 197 23 22 af
497 199 10 20 1
524 203 63 16 mom.
604 197 7 21 i
631 197 80 27 nådiga
727 197 145 27 kungörelsen
891 197 23 23 af

86 226 42 22 den
148 228 27 19 30
195 226 121 22 November
332 227 62 25 1871,
416 226 112 27 angående
548 226 257 27 undervisningsspråket
819 227 37 21 vid
870 227 42 22 lär-

86 255 78 26 doms-,
180 255 55 21 real-
251 255 41 21 och
307 253 147 23 folkskolorna
468 255 8 21 i
491 255 97 27 Finland,
605 255 62 22 äfven
678 255 38 21 det
726 255 67 22 andra
803 255 112 22 inhemska

86 283 91 28 språket
191 283 36 22 må
243 283 12 22 å
269 283 110 28 lyceernas
395 283 67 28 högre
477 283 86 23 klasser
577 284 73 21 kunna
665 284 110 22 användas
791 284 35 22 vid
836 284 79 22 under-

86 313 113 27 visningen
213 313 8 21 i
237 319 26 15 en
279 312 34 21 del
329 314 83 25 ämnen,
429 314 56 20 samt

156 341 51 22 herr
224 341 117 22 Mechelins
357 341 89 27 förslag:
470 343 34 20 att
518 342 60 21 Hans
593 341 122 28 Kejserliga
729 341 104 28 Majestät
848 342 67 22 måtte

86 370 34 22 för
134 370 148 27 befrämjande
297 370 23 21 af
333 369 156 23 ofvannämnda
506 371 98 21 ändamål
619 371 8 20 i
641 371 68 21 nåder
724 371 70 21 tillåta

158 401 21 26 a)
199 401 33 19 att
251 405 26 16 en
295 399 67 22 sådan
377 399 126 27 förändring
518 399 32 22 uti
565 406 29 15 nu
610 399 100 28 gällande
725 399 144 28 lektionsplan
884 399 33 22 för

88 428 86 22 landets
189 428 73 27 lyceer
277 428 34 21 må
325 427 66 23 blifva
405 428 103 27 vidtagen
524 430 33 20 att
571 429 33 21 ett
618 428 101 22 förökadt
734 429 59 21 antal
807 429 110 22 undervis-

88 457 150 27 ningstimmar
259 456 112 22 anvisades
392 457 23 21 åt
434 457 37 21 det
490 457 68 22 andra
576 457 113 21 inhemska
704 457 95 27 språket,
815 459 55 20 samt
885 459 33 20 att

90 486 97 21 studium
202 485 23 22 af
237 486 64 27 ryska
316 486 89 26 språket
419 485 64 27 finge,
500 486 7 21 i
523 486 69 22 likhet
606 486 50 22 med
671 486 56 22 hvad
740 486 58 22 förut
812 487 55 21 varit
878 486 39 22 fal-

90 514 37 27 let,
146 515 99 27 begynna
264 515 29 27 på
311 514 111 28 lyceernas
441 514 67 23 femte
527 515 60 21 klass
603 515 52 21 eller
671 515 40 21 ock
726 515 101 22 hänföras
843 516 33 21 till
891 515 27 22 de

89 544 88 22 valbara
193 546 82 24 ämnen,
292 545 56 20 samt

158 573 23 26 b)
199 574 32 20 att
245 572 50 22 med
309 572 151 28 upphäfvande
476 572 23 22 af
514 573 11 21 1
542 579 62 15 mom.
621 573 7 21 i
643 572 80 28 nådiga
737 572 143 28 kungörelsen
896 572 23 22 af

91 602 42 21 den
156 604 27 19 30
199 602 120 21 November
336 603 61 25 1871,
417 602 113 26 angående
549 602 257 27 undervisningsspråket
825 602 35 22 vid
875 602 42 21 lär-

91 631 78 26 doms-,
185 630 56 22 real-
257 630 40 22 och
312 630 148 22 folkskolorna
475 630 7 22 i
493 630 98 27 Finland,
603 630 180 28 undervisningen
793 631 29 27 på
832 631 27 21 de
869 630 49 22 full-

91 659 102 27 ständiga
207 660 109 27 lyceernas
332 659 67 27 högre
414 659 85 22 klasser
514 659 48 22 från
578 660 40 21 och
633 660 49 21 med
698 659 42 22 den
754 659 66 23 femte
833 659 85 22 måtte
908 655 14 36 i

92 694 26 16 en
142 688 35 22 del
200 690 82 25 ämnen,
305 688 72 22 hvilka
397 688 72 22 kunna
487 688 70 22 finnas
576 688 71 22 dertill
663 689 89 27 egnade,
769 688 151 28 obligatoriskt

92 717 110 22 meddelas
217 717 29 27 på
261 717 37 21 det
313 717 67 21 andra
395 717 113 21 inhemska
524 717 94 27 språket.

161 746 149 22 Förenämnda
331 746 134 27 proposition
487 746 134 22 besvarades
641 746 23 22 af
681 746 86 22 ståndet
785 747 49 21 med
850 746 69 22 öfver-

92 775 104 51 vägande.
203 775 29 27 ja.

224 804 65 27 »Den,
302 810 46 15 som
358 804 37 22 vill
403 804 32 21 till
443 804 214 27 kontraproposition
670 806 46 19 mot
725 804 120 22 utskottets
855 810 63 16 mom.

92 833 24 27 b)
132 806 81 60 äntaga
224 821 54 34 herr
285 821 128 33 Snellmans
429 832 134 28 detaljerade
578 832 145 28 formulering,
739 839 74 17 svarar
824 833 34 27 ja;

162 862 75 22 vinner
252 862 41 27 nej,
310 863 89 26 antages
415 862 37 21 det
467 861 23 22 af
504 862 50 22 herr
569 862 107 22 Mechelin
691 861 134 23 framställda
839 862 82 27 förslag

94 890 32 22 till
142 891 61 21 detta
218 891 115 21 moment".

162 920 43 21 Vid
220 926 35 15 om
271 919 70 22 denna
353 919 135 33 proposition
506 920 93 21 anställd
614 920 99 27 votering
728 919 76 23 utföllo
819 921 101 20 rösterna

94 948 50 22 med
160 950 27 20 28
201 948 23 27 ja
239 949 39 21 och
295 950 25 19 15
336 954 34 21 nej

163 977 51 22 Med
229 977 114 27 anledning
357 955 65 43 häraf
436 977 69 21 erhöll
522 977 41 22 den
579 976 108 23 definitiva
698 977 223 28 omröstningspropo-

96 1006 93 22 sitionen
203 1005 94 28 följande
312 1006 155 27 uppställning:

166 1035 67 27 »Den,
250 1041 45 16 som
311 1035 124 27 godkänner
450 1035 121 21 utskottets
586 1035 137 22 betänkande
738 1035 7 21 i
760 1041 63 16 mom.
839 1035 23 27 b)
874 1041 48 16 sva-

96 1071 36 15 rar
154 1071 23 20 ja;

144 1071 8 21 I
176 1093 63 22 inner
257 1093 42 27 nej,
320 1094 90 26 antages
429 1093 51 21 herr
501 1092 120 22 Snellmans
638 1092 131 28 detaljerade
785 1093 138 27 formulering

97 1122 23 22 af
128 1128 82 23 samma
224 1122 113 21 moment."

165 1146 69 26 Äfven
249 1157 34 15 om
299 1151 70 21 denna
384 1150 135 33 proposition
535 1150 118 22 anställdes
669 1151 103 26 votering,
789 1150 85 22 hvilken
889 1152 34 20 ut-

97 1180 37 23 föll
154 1180 49 21 med
225 1181 25 19 12
269 1179 23 28 ja
311 1179 40 22 och
367 1181 26 19 26
410 1179 41 27 nej,
474 1179 34 21 till
524 1179 53 27 följd
591 1179 76 22 hvaraf
681 1179 84 22 således
781 1179 42 22 den
839 1179 23 22 af
874 1179 51 22 herr

98 1209 109 22 Snellman
229 1208 122 27 föreslagna
372 1207 167 28 formuleringen
562 1207 22 22 af
604 1214 63 15 mom.
687 1207 24 29 b)
734 1215 37 15 var
794 1208 23 21 af
837 1207 88 22 ståndet

98 1238 107 27 godkänd.

166 1266 99 22 Friherre
280 1272 40 15 von
336 1265 86 27 Troil,
439 1265 22 22 S.
477 1265 41 26 W.,
534 1265 139 22 reserverade
689 1265 33 28 sig
736 1267 45 20 mot
797 1265 60 22 detta
865 1265 59 22 stån-

99 1296 48 21 dets
162 1295 80 26 beslut,
259 1296 56 20 samt
329 1293 142 28 tillkännagaf
487 1293 72 22 tillika
574 1296 33 19 att
621 1294 43 22 han
678 1294 8 21 i
702 1294 41 22 den
758 1295 74 21 senast
846 1293 78 28 försig-

99 1325 84 28 gångna
197 1324 126 27 voteringen
337 1323 48 22 icke
401 1323 96 26 deltagit.

167 1349 69 25 Äfven
256 1353 49 21 herr
325 1351 168 28 Godenhjelm
510 1351 143 33 tillkännagaf
667 1353 33 20 att
715 1351 42 22 han
772 1352 48 21 icke
836 1351 94 28 deltagit.

99 1382 7 21 i
122 1382 159 27 omröstningen
298 1381 40 22 och
353 1381 140 22 reserverade
510 1380 33 27 sig
558 1382 45 19 mot
617 1380 102 22 beslutet.

168 1411 57 21 Herr
239 1409 188 29 Björkenheim,
439 1409 89 26 Robert,
544 1409 139 22 reserverade
695 1409 33 27 sig
739 1409 61 22 äfven
810 1410 46 20 mot
866 1409 63 21 detta

100 1439 79 26 beslut,
198 1439 116 22 fruktande
332 1440 34 20 att
384 1427 122 32 detsamma
523 1426 85 33 komme
630 1440 33 19 att
684 1438 49 22 leda
755 1438 32 21 till
809 1437 71 22 förfall
893 1437 38 22 för

101 1469 42 21 den
158 1468 146 26 organisation
319 1473 50 15 man
384 1467 58 21 velat
458 1466 151 27 åvägabringa.

169 1497 65 21 Emot
257 1496 96 22 beslutet
374 1495 141 23 reserverade
539 1494 34 27 sig
595 1494 79 28 jemväl
699 1495 50 21 herr
773 1494 154 27 Schauman,

101 1525 92 27 August.

169 1553 36 22 Då
219 1553 94 22 derefter
328 1552 33 22 till
376 1552 126 22 diskussion
517 1550 112 29 föredrogs
645 1558 62 16 mom.
724 1551 28 28 c),
767 1552 99 27 yttrades
882 1550 24 22 af

837 1594 22 16 25
