1109 1739
215 144 42 21 324
505 145 39 18 Den
561 145 26 19 20
605 145 88 19 Oktober.

186 209 93 27 grafiska
294 209 107 27 kartorna,
418 208 55 23 efter
492 209 139 22 hemmanens
647 208 124 23 nuvarande
787 208 152 27 provisionella
954 215 58 15 man-

186 239 37 20 tal.
253 238 80 27 Hvarje
351 238 100 22 hemman
470 238 72 22 kunde
558 237 22 22 få
595 238 33 21 sin
644 245 54 20 egen
712 237 109 27 skogslott
837 238 39 21 och
892 237 69 22 skulle
976 244 36 15 an-

185 267 95 27 tagligen
303 267 63 21 sköta
388 267 41 22 den
448 267 86 28 mycket
553 267 73 22 bättre
645 269 26 19 än
687 274 35 20 nu,
739 266 40 22 och
795 268 32 20 ett
843 267 77 21 sådant
934 266 78 22 förhål-

185 296 65 21 lande
267 296 73 22 kunde
362 296 63 21 bestå
445 296 6 21 i
471 296 40 21 bra
525 296 78 27 många
618 296 62 21 tiotal
696 296 24 21 år
735 295 84 27 framåt,
836 299 52 18 utan
904 297 32 20 att
951 295 61 22 verk-

184 325 41 27 ligt
239 324 111 22 storskifte
365 325 92 22 behöfde
473 324 92 27 införas;
581 331 50 15 men
645 325 45 21 ifall
705 325 106 22 förbehåll
827 326 69 25 göres,
908 324 40 22 och
963 330 49 15 man

184 355 29 26 på
227 353 91 22 förhand
333 354 119 27 uppställer
471 353 82 22 sådana
569 354 68 21 vilkor
653 360 44 15 som
714 353 109 22 utskottet
838 353 117 28 föreslagit,
971 353 41 21 blir

185 383 69 21 denna
269 385 66 24 utväg
349 383 67 21 också
431 383 93 27 omöjlig.

252 411 57 22 Herr
328 411 120 27 Pipping,
464 411 101 21 Fredrik:
585 411 56 22 Herr
656 418 41 15 von
712 411 89 21 Alfthan
817 411 40 21 har
871 411 82 27 ganska
968 411 42 21 rik-

184 440 42 27 tigt
245 440 99 21 anmärkt
364 442 33 19 att
417 442 31 20 ett
466 440 112 22 storskifte
593 440 7 21 i
616 440 117 22 allmänhet
751 440 73 27 börjar
841 440 49 22 med
908 440 102 27 mätning,

184 469 83 27 refning
289 469 40 21 och
352 469 125 27 gradering;
499 475 49 15 men
568 469 40 21 här
626 469 39 21 har
679 470 110 20 utskottet
803 468 112 28 föreslagit
930 470 33 20 att
978 471 31 19 ut-

185 498 90 26 redning
290 498 69 21 skulle
374 497 136 22 införskaffas
526 504 34 15 om
576 498 42 21 alla
634 498 26 22 de
676 498 79 27 nödiga
771 498 66 26 delar,
854 504 46 15 som
915 498 53 21 höra
978 497 32 21 till

184 526 241 28 storskiftesberedning
447 527 7 21 i
478 526 123 22 allmänhet.
637 527 46 21 Och
710 526 300 27 storskiftesförfattningarne

183 556 64 27 lägga
262 556 48 21 icke
320 556 77 21 hinder
411 556 7 21 i
433 558 69 24 vägen
518 558 33 19 att
566 556 6 21 i
589 557 32 20 ett
637 556 104 21 särskildt
757 556 145 26 exceptionelt
916 555 43 27 fall,
976 556 33 20 sä-

183 591 47 15 som
253 585 66 26 detta,
339 584 96 22 anordna
454 585 130 27 vidtagande
605 584 23 22 af
645 585 42 21 alla
703 585 26 22 de
745 585 109 27 ätgärder,
870 590 46 16 som
932 590 77 16 annars

183 613 50 22 falla
255 614 69 21 under
346 613 123 22 storskiftes
489 614 152 27 beredningen.
671 614 63 22 Hvad
749 612 261 23 landtmäteriförfattnin-

184 648 67 21 garna
264 642 7 21 i
287 642 117 22 allmänhet
422 642 108 22 innehålla
552 649 35 15 om
609 642 118 27 storskifte,
743 642 76 28 lägger
833 642 115 28 ingalunda
963 642 46 21 hin-

183 672 39 20 der
235 672 8 20 i
258 673 68 25 vägen
341 671 33 22 för
389 673 33 20 att
436 671 41 21 här
492 672 25 21 sä
531 672 126 26 procedera,
674 678 47 15 som
737 672 109 21 utskottet
861 672 54 26 tagit
930 671 34 27 sig
973 670 35 22 fri-

182 700 65 22 heten
263 700 85 22 föreslä.

253 729 56 21 Herr
331 735 41 16 von
393 728 155 22 Bonsdorff:
569 729 42 27 Jag
633 729 38 22 ber
695 736 34 15 om
751 729 104 22 tillätelse
870 730 33 20 att
917 728 21 22 fä
953 728 57 22 fästa

183 758 218 27 uppmärksamheten
415 758 29 27 pä
459 764 26 16 en
502 758 167 27 omständighet,
686 764 47 16 som
745 758 39 27 jag
799 758 33 22 för
846 758 44 22 min
902 758 34 21 del
946 764 64 15 anser

182 793 51 15 vara
253 786 23 22 af
293 787 84 27 ganska
396 789 46 19 stor
457 787 45 26 vigt
517 787 6 21 i
540 787 70 21 denna
625 787 66 27 fråga.
721 788 44 20 Det
781 789 24 19 är
821 787 41 21 den
878 787 130 26 omständig-

181 816 71 26 heten,
269 818 33 19 att
316 816 126 27 regeringen
458 816 53 21 eller
526 816 83 21 kronan
625 816 72 21 säsom
710 816 133 22 kontrahent
853 816 69 27 ingätt
931 815 77 27 ifräga-

181 845 94 21 varande
294 844 184 22 knektekontrakt
497 844 49 22 med
563 845 172 22 socknemännen
759 845 7 21 i
788 845 117 26 Kuusamo,
928 845 80 21 Kuola-

179 874 55 26 järvi
254 873 40 22 och
313 874 130 21 Kemiträsk.
475 873 40 21 Om
530 880 36 18 nu,
582 874 72 21 säsom
669 873 92 23 friherre
776 880 41 15 von
833 874 57 21 Troil
904 874 40 21 och
960 874 49 20 herr

181 908 41 15 von
245 902 87 22 Alfthan
355 902 84 26 önskat,
460 902 23 22 åt
505 902 82 22 kronan
611 903 69 21 skulle
700 902 142 22 öfverlemnas
864 904 32 20 att
910 904 98 20 närmare

180 931 121 21 bestämma
316 938 26 14 en
357 930 36 22 del
407 931 69 22 vilkor
491 930 33 22 för
545 931 178 26 genomförandet
738 931 23 21 af
775 931 38 22 det
827 931 109 21 definitiva
952 933 54 19 stor-

181 959 80 27 skiftet,
279 966 49 15 vore
344 959 37 22 det
395 959 126 27 detsamma,
533 965 47 16 som
595 961 33 20 att
643 960 90 27 uppläta
749 959 23 22 ät
787 966 27 15 en
829 960 131 21 kontrahent
976 961 32 20 att

180 988 75 27 afgöra
270 988 59 22 öfver
345 989 41 21 den
402 989 67 21 andra
482 989 170 21 kontrahentens
667 991 50 19 rätt.
741 989 68 21 Detta
824 995 63 21 synes
902 989 44 26 mig
960 989 48 20 icke

179 1023 52 15 vara
252 1017 104 27 lämpligt.
386 1017 42 27 Jag
449 1019 46 20 tror
518 1017 67 22 ocksä
603 1017 49 22 icke
672 1020 33 19 att
720 1017 128 28 regeringen
865 1017 50 28 sjelf
928 1017 80 22 önskar

180 1046 85 26 sädant,
289 1045 102 22 eftersom
414 1046 41 21 den
478 1046 66 21 vändt
567 1046 33 27 sig
619 1046 31 21 till
667 1047 118 21 ständerna
803 1047 49 20 med
867 1046 140 27 proposition,

181 1075 46 21 deri
243 1075 128 21 ständernas
388 1075 111 21 uttalande
516 1075 64 21 äskas
601 1075 62 22 äfven
678 1075 7 22 i
701 1075 103 22 afseende
820 1075 13 21 &
848 1075 38 22 det
900 1074 108 23 blifvande

181 1103 110 26 definitiva
306 1103 122 22 storskiftet
443 1103 40 22 och
500 1103 37 22 det
552 1104 141 26 tunnlandtal,
711 1110 47 15 som
774 1104 75 21 dervid
858 1104 40 21 bör
908 1104 100 27 tilläggas

178 1132 129 22 hemmanen
328 1133 32 21 uti
382 1132 148 27 ifrägakomna
550 1133 98 21 socknar.
679 1133 77 22 Redan
777 1133 75 26 sjelfva
870 1133 78 21 skenet
962 1131 48 22 utaf

179 1163 32 20 att
233 1161 82 22 kronan
337 1161 8 21 i
367 1161 61 22 detta
447 1161 37 22 fall
504 1161 73 22 säsom
595 1162 132 21 kontrahent
748 1161 72 22 kunde
838 1161 122 22 missbruka
975 1161 33 21 sin

179 1190 66 26 makt,
268 1190 75 27 tycker
363 1190 38 27 jag
420 1189 93 28 afgjordt
531 1190 44 21 tala
594 1192 59 20 emot
667 1192 34 20 att
715 1190 115 27 uppdraga
845 1190 163 27 bestämningen

178 1219 75 22 härvid
277 1219 23 21 ät
322 1219 132 27 regeringen.
484 1219 42 26 Jag
547 1218 128 23 förutsätter
697 1219 129 26 visserligen
845 1219 54 26 icke,
916 1221 52 20 utan
984 1221 24 19 är

179 1249 94 20 tvärtom
288 1247 125 28 öfvertygad
429 1254 40 19 om,
485 1249 34 20 att
534 1248 106 27 styrelsen
655 1248 71 22 skulle
738 1248 55 21 söka
803 1247 79 22 handla
892 1248 114 27 opartiskt,

178 1283 49 15 men
251 1276 41 22 den
315 1276 39 22 har
377 1276 120 22 emellertid
519 1277 6 20 i
544 1276 61 22 detta
619 1276 37 22 fall
672 1277 78 22 skenet
765 1278 58 20 emot
839 1277 32 27 sig
886 1279 32 19 att
932 1277 75 21 kunna

179 1305 80 22 handla
281 1305 100 28 partiskt,
401 1305 28 22 dä
447 1306 83 21 kronan
547 1305 56 22 varit
617 1306 138 21 kontrahent.
787 1305 91 22 Säledes
894 1311 63 16 anser
969 1305 38 28 jag

179 1336 33 19 att
227 1334 119 21 ständerna
361 1335 53 20 böra
428 1334 84 27 ingripa
526 1334 33 21 uti
573 1334 166 28 bestämningen
755 1333 23 22 af
791 1334 43 21 alla
850 1334 26 22 de
886 1335 70 21 vilkor
966 1335 40 20 och

178 1362 112 27 förbehåll,
307 1369 46 15 som
368 1363 168 27 sammanhänga
550 1363 50 22 med
614 1363 75 27 frågan
705 1369 36 16 om
755 1363 161 27 upphäfvandet
926 1363 23 21 af
956 1363 50 21 ifrä-

179 1391 122 27 gavarande
322 1391 190 27 knektekontrakt,
533 1391 53 22 eller
605 1392 49 21 med
673 1392 41 22 den
730 1391 102 28 rättsliga
847 1392 62 21 sidan
924 1391 24 22 af
961 1394 43 19 äm-

179 1422 43 25 net,
243 1420 41 21 och
307 1422 33 19 att
361 1421 56 21 intet
437 1419 60 23 deraf
511 1420 39 22 bör
565 1421 82 21 lemnas
663 1421 96 26 ensidigt
775 1421 23 21 ät
813 1421 133 27 regeringen,
960 1421 46 27 just

178 1448 33 22 för
234 1449 41 22 den
299 1448 22 22 af
341 1449 43 27 mig
406 1449 93 21 nämnda
517 1449 200 27 omständighetens
736 1449 63 22 skull.
829 1449 119 22 Dessutom
962 1449 45 22 tala

178 1478 98 21 deremot
296 1476 61 23 äfven
377 1478 27 21 de
419 1477 157 27 förvecklingar
591 1478 40 21 och
645 1478 211 26 missförhällanden,
873 1478 27 21 de
916 1478 38 21 der
968 1484 38 21 yp-

177 1508 49 24 pats
245 1506 37 22 vid
301 1506 177 26 genomförandet
497 1506 23 22 af
537 1506 123 22 storskiftet
675 1507 31 21 uti
722 1506 86 28 Kajana
823 1506 41 22 och
880 1506 126 28 Pudasjärvi

177 1535 92 21 socknar
292 1535 40 21 och
353 1539 46 17 som
418 1534 69 22 finnas
506 1535 92 21 berörda
613 1535 13 21 å
640 1536 79 26 pagina
737 1537 12 19 5
765 1534 23 23 af
801 1535 147 23 betänkandet
964 1536 40 22 och

176 1569 35 15 om
233 1563 73 22 hvilka
325 1564 80 26 jemväl
427 1564 50 22 herr
495 1564 92 27 Pipping
607 1564 79 22 uttalat
705 1564 42 27 sig.
777 1564 44 22 Det
840 1566 24 20 är
879 1564 126 28 visserligen
