1109 1739
421 127 40 18 Den
477 125 27 19 23
521 126 88 19 Oktober.
862 125 40 20 395

103 189 76 28 ningar
202 195 34 16 om
259 190 37 21 det
316 189 48 27 mål,
382 196 45 15 som
443 195 50 16 man
510 189 101 28 möjligen
627 190 42 21 kan
685 189 119 22 förutsätta
819 191 33 20 att
866 189 65 22 finsk-

103 219 78 21 hetens
197 218 108 27 egentliga
320 220 79 20 vänner
415 218 70 22 skulle
500 217 71 28 hafva,
588 219 40 21 och
644 220 33 20 att
693 218 26 22 de
735 219 70 21 skulle
820 219 51 27 vilja
885 219 44 20 hin-

104 247 38 22 dra
163 247 26 21 de
209 247 93 22 svenska
317 247 98 22 talandes
434 247 53 21 barn
502 246 48 23 från
566 247 76 22 skolan
659 247 40 22 och
715 249 66 20 annat
797 247 83 26 sådant,
897 248 35 20 vet

102 276 37 27 jag
162 276 48 21 icke
232 275 57 22 hvad
311 276 115 27 anledning
449 275 73 22 dertill
545 276 70 21 skulle
635 275 122 25 förefinnas,
774 276 40 21 och
830 276 102 21 särskildt

103 305 57 21 hvad
176 305 70 21 denna
260 305 133 21 reservation
408 304 109 27 beträffar,
534 305 25 21 så
573 305 39 22 ber
625 305 37 27 jag
677 304 23 22 få
715 305 71 21 erinra
802 311 34 15 om
852 306 32 20 att
895 305 37 27 jag

104 334 48 21 icke
172 333 86 22 förenar
277 333 42 28 mig
341 334 8 21 i
371 334 67 27 något
461 335 67 20 annat
550 336 28 19 än
601 334 50 21 dess
667 333 173 28 slutpåstående,
856 335 22 26 ty
895 334 37 21 der

104 362 69 22 finnes
197 364 70 25 annat,
287 369 46 15 som
353 362 37 27 jag
410 362 117 27 ingalunda
542 363 43 21 kan
600 363 58 26 gilla.
691 362 105 27 Slutligen
811 363 75 26 gjorde
902 362 30 21 äf-

104 398 40 15 ven
153 391 50 22 herr
210 391 151 27 Björkenheim
369 398 26 15 en
404 391 147 27 anmärkning,
561 397 46 16 som
615 398 38 15 var
661 392 70 27 egnad
737 391 23 22 åt
766 391 48 27 mig.
823 391 49 22 Han
881 391 51 21 sade

105 422 33 20 att
146 420 38 22 det
191 420 48 22 icke
248 422 24 19 är
280 420 67 27 alltid,
357 426 46 15 som
411 427 49 14 man
468 420 58 21 varit
534 421 25 20 så
566 427 56 20 noga
630 427 34 15 om
673 422 84 20 statens
766 420 70 21 medel
844 426 46 16 som
895 426 36 15 nu.

104 449 44 21 Det
155 456 38 15 var
203 449 135 21 händelsevis
349 448 60 28 fråga
420 455 35 15 om
464 448 121 22 folkskolor
600 449 41 21 och
657 449 28 21 då
695 449 70 27 gällde
777 449 37 21 det
825 456 26 14 en
861 448 71 28 utgift,

105 484 47 15 som
169 478 66 26 enligt
251 478 100 27 drygaste
366 477 119 27 beräkning
500 478 48 21 icke
564 478 63 21 torde
643 478 134 22 öfverskrida
793 480 77 24 50,000
881 478 52 21 eller

106 508 77 25 60,000
200 506 67 22 mark.
297 507 42 26 Jag
355 506 106 22 erkänner
477 506 44 26 det,
538 508 33 20 att
583 507 38 27 jag
637 507 28 21 då
681 506 68 28 ansåg
764 507 37 21 det
811 513 51 15 vara
871 507 61 26 ringa

105 537 59 19 emot
183 535 116 27 utgifterna
317 535 33 22 för
367 535 126 21 folkskolan.
525 536 34 21 Nu
578 536 67 26 gäller
661 536 36 21 det
714 542 26 15 en
755 535 64 27 utgift
835 535 27 27 af,
878 535 54 21 efter

104 564 57 22 hvad
175 564 37 28 jag
225 564 42 22 kan
283 564 63 27 finna,
363 566 92 24 200,000
470 564 63 21 mark
549 570 34 16 om
599 564 54 22 året.
680 564 43 27 Jag
738 564 106 22 erkänner
859 564 73 25 också,

105 593 41 22 den
162 592 92 28 utgiften
269 599 64 15 anser
345 593 37 27 jag
401 599 52 15 vara
471 593 87 27 skadlig
574 593 27 21 då
617 594 37 20 det
669 593 68 27 gäller
752 594 32 20 ett
799 593 49 27 mål,
864 598 46 16 som
925 593 7 21 i

106 622 40 22 och
169 621 33 23 för
225 622 32 27 sig
279 622 69 22 måste
370 622 113 22 betraktas
507 622 73 21 såsom
598 622 48 22 icke
662 622 124 26 önskvärdt,
803 627 35 16 om
853 623 33 20 att
900 621 32 21 till

106 651 37 21 det
164 652 95 26 yttersta
280 651 83 21 utbilda
385 651 48 21 vårt
450 651 63 21 lärda
532 650 150 22 skolväsende.
713 650 90 22 Således
819 656 63 16 anser
895 650 38 28 jag

106 681 33 19 att
155 680 69 21 denna
239 680 146 26 anmärkning,
402 685 46 16 som
464 680 88 27 gjordes
569 681 58 20 emot
645 680 50 27 mig,
712 681 33 20 att
759 686 49 15 man
823 679 49 22 icke
887 681 45 25 tyc-

104 708 40 22 kes
167 715 52 15 vara
241 709 60 21 alltid
322 708 44 22 lika
388 708 126 27 nogräknad
538 715 33 15 om
591 710 84 20 statens
692 708 77 26 medel,
785 708 62 22 torde
862 708 70 27 precis

104 737 45 21 lika
172 743 66 21 gerna
259 738 73 21 kunna
355 737 81 22 drabba
452 737 74 21 andra.
558 737 107 27 Slutligen
685 738 35 20 må
732 737 37 28 jag
784 740 84 22 nämna,
884 737 49 21 med

106 766 115 27 anledning
243 766 22 21 af
287 766 64 22 dessa
365 766 100 26 farhågor
479 767 35 20 att
529 766 93 22 svenska
637 766 89 27 språket
741 766 70 22 skulle
827 765 105 22 definitivt

104 794 67 22 blifva
185 795 120 27 utträngdt,
321 801 34 15 om
370 795 71 27 någon
452 794 69 27 skola,
531 801 47 15 som
589 801 76 21 genom
676 795 91 27 misstag
778 795 102 21 inrättats
892 794 40 22 och

104 823 71 23 blifvit
190 824 85 26 svensk,
295 824 68 22 skulle
381 824 124 21 förvandlas
522 824 31 20 till
569 823 62 27 finsk,
650 824 37 22 det
703 824 70 26 precis
789 830 82 15 samma
886 823 46 21 skäl

104 853 74 21 kunna
188 852 85 22 anföras
285 852 41 22 och
336 852 92 28 troligen
437 852 71 22 blifvit
520 852 89 22 anförda
619 853 33 21 för
659 852 174 28 religionstvång,
843 854 33 19 att
883 852 49 21 reli-

106 882 78 26 gionen
200 881 69 22 skulle
285 881 50 22 falla
351 888 34 15 om
400 881 194 27 religionstvånget
609 882 70 21 skulle
695 881 114 22 försvinna.
833 882 42 26 Jag
888 882 45 20 tror

106 911 38 21 det
165 910 55 22 icke.
251 910 42 28 Jag
314 912 45 20 tror
381 912 32 20 att
434 910 104 22 kulturen
558 910 40 22 och
617 910 120 27 religionen
752 912 37 20 äro
805 910 81 21 sådana
902 911 32 19 att

106 940 27 21 de
149 939 48 21 icke
212 940 52 21 bero
280 939 22 21 af
316 939 119 27 tvångsmål
451 939 53 21 eller
521 938 107 27 tillfälliga
642 939 78 26 medel,
737 939 39 21 och
793 945 34 15 om
841 938 92 22 svenska

107 967 96 28 språket,
220 968 72 21 såsom
303 968 37 27 jag
355 967 86 22 tillfullo
457 967 114 27 erkänner,
587 969 162 26 representerar
764 968 41 21 den
816 967 116 22 väsendtli-

107 998 62 26 gaste
185 997 62 22 delen
261 996 23 22 af
297 997 47 21 vårt
358 997 62 21 lands
435 996 83 27 kultur,
534 997 27 21 då
575 997 96 21 kommer
682 997 61 21 detta
753 997 65 27 språk
829 997 33 20 att
872 1002 61 21 qvar-

108 1027 35 20 stå
158 1025 62 22 äfven
236 1032 35 15 om
285 1032 49 15 man
349 1025 112 22 förändrar
477 1025 34 22 S:t
526 1025 89 22 Michels
632 1025 61 22 skola
708 1025 33 22 till
751 1025 56 22 finsk
818 1025 40 22 och
868 1025 65 21 Uleå-

107 1055 66 27 borgs
190 1055 61 21 skola
266 1055 32 20 till
313 1054 61 22 finsk.

177 1083 98 22 Friherre
291 1090 40 15 von
346 1083 83 27 Troil,
447 1083 20 22 S.
483 1083 46 22 W.:
545 1083 35 22 Då
595 1085 32 20 ett
641 1083 121 27 förtigande
778 1083 23 22 af
810 1083 26 22 de
848 1082 86 27 åsigter,

109 1119 46 16 som
169 1119 49 15 man
234 1112 100 22 omfattar
349 1113 31 21 uti
397 1119 26 15 en
436 1111 62 28 fråga
514 1112 67 22 sådan
590 1119 46 15 som
652 1113 75 26 denna,
737 1112 71 22 kunde
817 1112 71 21 tolkas
904 1111 30 26 så,

108 1148 47 15 som
166 1147 34 16 om
223 1147 48 16 man
293 1141 48 22 icke
360 1141 82 27 vågade
457 1141 110 27 uppträda
582 1142 49 21 med
647 1143 67 25 öppet
728 1141 57 26 visir,
801 1141 37 21 vill
850 1141 39 27 jag
904 1139 32 22 för

108 1171 44 22 min
163 1170 34 22 del
212 1170 160 27 tillkännagifva
387 1172 33 19 att
433 1170 38 27 jag
478 1169 70 22 finner
560 1170 120 21 utskottets
688 1169 81 28 förslag
778 1170 8 21 i
796 1169 140 22 förevarande

108 1205 71 20 mom.,
203 1199 7 21 i
232 1198 101 23 afseende
352 1199 13 21 å
382 1199 166 27 bestämningen
566 1199 91 22 rörande
683 1197 254 28 undervisningsspråket

109 1229 31 21 uti
164 1228 107 27 skolorna,
291 1228 8 21 i
320 1228 116 21 allmänhet
451 1234 53 16 vara
524 1228 83 27 ganska
621 1228 89 27 lyckligt
725 1227 39 22 och
780 1227 35 22 väl
829 1226 107 27 affattadt,

110 1257 40 22 och
166 1259 33 20 att
214 1257 39 28 jag
276 1257 84 22 således
374 1257 68 28 hyllar
457 1257 123 22 utskottets
595 1257 56 27 åsigt
665 1257 7 21 i
688 1257 70 21 denna
773 1257 44 25 del;
834 1255 41 22 och
892 1261 46 15 som

107 1287 38 27 jag
160 1286 48 21 icke
223 1285 68 22 finner
307 1286 26 21 de
348 1286 133 21 närvarande
497 1285 165 22 förhållandena
677 1285 7 22 i
700 1285 60 22 detta
776 1284 102 23 afseende
888 1290 51 15 vara

110 1315 24 22 så
148 1315 137 28 synnerligen
300 1314 208 27 tillfredsställande,
525 1316 33 20 att
573 1315 47 21 icke
641 1321 26 15 en
683 1314 90 27 ändring
790 1313 62 22 äfven
867 1313 7 20 i
891 1313 47 21 dem

108 1350 52 16 vore
183 1343 114 27 önskvärd,
320 1344 25 21 så
367 1343 64 28 yrkar
450 1344 39 27 jag
513 1343 111 22 dessutom
639 1345 34 20 att
688 1343 66 22 orden
770 1343 21 24 ,i
807 1341 128 23 framtiden”

110 1373 69 22 måtte
194 1372 55 22 ifrån
264 1373 118 21 momentet
396 1373 142 21 utmönstras.

179 1401 56 22 Herr
250 1401 146 22 Järnefelt:
412 1401 42 27 Jag
468 1401 42 22 ber
520 1401 78 22 endast
614 1403 32 20 att
661 1401 22 22 få
698 1400 142 27 understödja
854 1399 86 22 utskot-

111 1432 43 20 tets
171 1430 87 27 förslag.

179 1459 56 21 Herr
256 1459 147 26 Snellman,
423 1458 20 21 J.
460 1459 36 21 V.:
522 1459 43 26 Jag
580 1458 98 22 anhåller
694 1460 33 20 att
742 1458 35 21 vid
793 1457 148 22 bedömandet

111 1488 60 22 öfver
194 1488 121 21 utskottets
337 1487 99 28 yttrande
451 1487 7 21 i
474 1488 72 21 denna
564 1487 70 26 punkt
651 1487 22 21 få
692 1487 73 22 förena
780 1486 44 27 mig
839 1485 50 21 med
904 1484 36 22 fri-

110 1517 64 21 herre
197 1522 41 16 von
261 1516 64 22 Troil.
355 1516 110 27 Derjemte
484 1515 98 23 önskade
595 1516 38 27 jag
649 1516 112 22 anmärka:
779 1515 40 21 Om
836 1514 40 21 ock
890 1513 51 22 herr

110 1545 155 29 Pippingsköld
280 1545 7 23 i
302 1544 128 23 förändrade
447 1544 91 28 ordalag
553 1545 84 28 antagit
651 1550 76 17 senare
743 1544 62 23 delen
821 1542 23 23 af
854 1542 86 23 utskot-
